4090 6350
1639 659 2577 790 ELENCHUS

501 1081 1058 1157 AUGTOBUM
1090 1084 1226 1154 ET
1251 1082 1675 1155 OPERUM
1726 1083 1903 1177 QUI
1932 1085 2048 1154 IN
2087 1082 2302 1156 HOG
2352 1081 2655 1155 TOMO
2685 1083 2941 1154 XXVI
2969 1081 3713 1154 GONTINENTUR

1161 1333 1266 1384 Qu:
1292 1335 1476 1380 uellula
1502 1340 1814 1390 praenotantur
1840 1348 1950 1381 nunc
1975 1337 2166 1393 primum
2196 1337 2318 1381 inter
2345 1335 2588 1380 Athanasii
2611 1346 2742 1390 opera
2771 1339 3038 1390 comparati.

1920 1589 2319 1615 ..ψ-

1135 1864 1197 1928 S.
1245 1863 1730 1930 ATHANASIUS
1770 1866 2375 1933 ALEXANDBINUS
2419 1866 3092 1933 ARCHIEPISCOPUS.

471 2075 668 2138 Opem
711 2091 1001 2139 msromcn
1043 2093 1112 2138 ET
1153 2093 1487 2140 noenum.

471 2171 782 2236 Orationes
823 2177 1109 2236 adversus
1152 2175 1427 2238 Arianos.
3338 2176 3452 2242 col.
3695 2177 3773 2240 12

471 2271 752 2349 Epistolas
792 2276 867 2334 ad
909 2273 1288 2351 Serapionem
1305 2319 1323 2336 .
3653 2272 3774 2335 325

472 2369 734 2446 Epistola
776 2373 849 2432 de
891 2374 1135 2449 synodis
1175 2372 1430 2433 Arimini
1475 2375 1534 2431 in
1581 2369 1747 2432 Italia
1789 2381 1847 2434 et
1890 2370 2171 2433 Seleuciae
2213 2375 2275 2433 in
2320 2372 2542 2436 Isauria
2584 2377 2909 2437 celebratis.
3655 2370 3769 2433 681

471 2466 693 2530 Tomus
733 2473 808 2530 ad
843 2469 1268 2531 Antiochenos.
3657 2468 3775 2532 793

471 2564 736 2643 Epistola
776 2569 850 2627 ad
893 2565 1206 2628 Iovianum
1250 2570 1395 2645 imp.
3656 2565 3776 2628 813

473 2663 607 2725 Vita
647 2664 710 2726 S.
757 2665 1025 2726 Antonii.
3659 2662 3777 2724 835

471 2759 754 2838 Epistola
795 2765 924 2824 duae
964 2767 1038 2823 ad
1082 2761 1403 2824 Orsisium.
3657 2759 3778 2824 978

471 2856 743 2922 Narratio
785 2861 1096 2922 Athanasii
1138 2863 1211 2920 ad
1255 2861 1643 2921 Ammonium
1685 2865 1868 2937 episc.
1915 2873 1971 2924 et
2013 2867 2164 2925 alios
2205 2867 2278 2926 de
2320 2866 2458 2942 fuga
2499 2883 2608 2929 sua
2649 2866 2760 2924 sub
2804 2861 3070 2924 Iuliano.
3659 2857 3779 2922 980

475 2955 648 3017 Liber
689 2961 761 3018 de
804 2961 1216 3019 incarnatione
1260 2957 1435 3020 Verbi
1481 2957 1585 3019 Dei
1630 2969 1687 3020 et
1728 2972 1936 3022 contra
1979 2963 2262 3024 Arianos.
3661 2955 3780 3016 984

473 3052 737 3130 Epistola
779 3059 854 3115 ad
897 3057 1095 3118 Afros.

3626 3051 3781 3116 1099

475 3150 741 3227 Epistola
784 3156 857 3213 ad
903 3152 1262 3230 Epictetum.
3625 3149 3783 3212 1049

474 3247 737 3326 Epistola
779 3254 856 3311 ad
898 3253 1281 3328 Adelphium.
3625 3247 3776 3309 1071

473 3343 739 3423 Epistola
779 3349 854 3406 ad
898 3346 1222 3410 Maximum
1266 3352 1711 3427 philosophum.
3626 3343 3784 3405 1085

474 3441 558 3504 De
599 3447 1007 3506 incarnatione
1050 3444 1288 3508 Domini
1332 3451 1519 3510 nostri
1563 3447 1702 3510 Jesu
1745 3448 1959 3512 Christi
2005 3461 2210 3513 contra
2252 3451 2720 3527 Apollinarium.
3627 3441 3783 3505 1093

475 3539 754 3618 Epistola
795 3544 926 3602 dua:
964 3546 1039 3602 ad
1081 3546 1378 3606 Amunem
1422 3550 1813 3609 monachum.
3627 3537 3784 3600 1169

475 3635 740 3714 Epistola
780 3641 856 3698 ad
897 3637 1286 3702 Ruﬁnianum
1301 3685 1318 3701 .
3629 3632 3784 3697 1179

475 3734 763 3812 Epistola:
806 3739 936 3797 dua:
975 3741 1050 3798 ad
1093 3736 1449 3800 Luciferum.
3629 3733 3779 3798 1181

477 3830 747 3909 Epistola
787 3837 864 3894 ad
907 3839 1252 3896 monachos.
3630 3833 3785 3895 1185

481 3927 655 3991 Liber
695 3933 769 3992 de
809 3931 1092 3994 Trinitate
1133 3943 1189 3995 et
1233 3932 1454 4008 Spiritu
1499 3945 1726 3998 sancto.
3629 3931 3778 3994 1191

481 4027 834 4106 Fragmenta
878 4034 1060 4091 varia.

3630 4027 3783 4090 1217

482 4125 691 4188 Sermo
735 4130 923 4205 major
963 4130 1035 4189 de
1077 4130 1214 4190 ﬁdo.

3630 4125 3785 4188 1262

481 4221 833 4302 Fragmenta
873 4235 931 4286 et
972 4245 1297 4288 sermones.
3627 4221 3784 4286 1993

486 4321 519 4356 *
559 4320 922 4398 Opnsculum
966 4326 1037 4384 de
1077 4328 1320 4402 azymis.

3630 4320 3784 4384 13°27

488 4421 511 4444 '
551 4419 828 4498 Epistola:
871 4424 1254 4484 heortasticaa.
3631 4419 3787 4483 1339
