4090 6356
1260 494 1647 509 “mo-‘-
1684 490 2588 508 War...
2606 494 2614 503 ο
3008 494 3041 500 .-

260 490 3687 555 w
1310 541 1966 551 -__..____.___.___
1987 541 2008 548 ..
2035 541 2074 548 ._
2098 538 2204 547 .___
2239 538 2294 547 _
2318 537 2347 547 ._

1500 692 2448 827 ADMONlTlO

716 964 830 1049 IN
890 960 1461 1075 QUATUOR
1522 957 2172 1048 ORATIONES
2235 955 2692 1045 CONTRA
2756 959 3238 1052 ABIANOS

321 1335 481 1391 818
515 1334 562 1391 Ι.
596 1334 848 1400 Historiae
876 1333 1212 1389 Arianorum
1240 1331 1312 1388 ad
1341 1331 1627 1388 monachos
1656 1347 1690 1387 a
1720 1327 2082 1387 S.Athanasio
2109 1330 2300 1386 missae
2326 1327 2657 1401 subjungere
2683 1330 2863 1386 uisum
2890 1338 2970 1387 est
2995 1336 3233 1405 quatuor
3258 1341 3528 1394 orationes
3545 1352 3680 1394 con-

247 1431 337 1481 tra
392 1427 657 1480 Arianos.
691 1423 936 1495 Namque
957 1439 1025 1490 si,
1056 1426 1116 1477 ut
1144 1422 1541 1478 nonnullorum
1569 1423 1649 1476 est
1675 1419 1970 1490 sententia,
1999 1419 2098 1475 hoc
2126 1419 2304 1491 ipsum
2334 1433 2468 1491 opus
2496 1426 2576 1474 est
2605 1417 2748 1490 quod
2775 1435 2888 1476 una
2917 1436 3045 1477 cum
3075 1423 3406 1480 Arianorum
3434 1426 3682 1483 Historia

243 1515 316 1568 ad
340 1513 647 1569 monachos
675 1514 829 1567 misit
856 1516 917 1569 S.
951 1510 1313 1582 Athanasius,
1344 1512 1599 1583 prOprius
1629 1511 1720 1566 hic
1747 1509 1869 1579 ejus
1899 1509 2049 1565 locus
2078 1516 2176 1565 est.
2208 1507 2315 1563 Sed
2344 1509 2395 1562 si
2420 1509 2525 1563 alii
2552 1508 2896 1580 probabilius
2917 1512 3234 1567 existiment
3254 1512 3383 1569 illas
3410 1516 3683 1573 orationes

243 1604 407 1658 alias
441 1604 615 1674 plane
642 1618 760 1657 esse
790 1601 858 1655 ab
890 1617 1059 1671 opere
1086 1600 1157 1655 ad
1184 1602 1474 1656 monachos
1502 1600 1665 1656 misso
1696 1615 1712 1654 :
1744 1614 1846 1655 nec
1874 1597 2078 1654 idcirco
2109 1596 2443 1654 incommode
2461 1598 2551 1653 hic
2576 1598 2936 1655 collocantur.
2971 1600 3102 1656 Cum
3135 1605 3282 1657 enim
3312 1609 3513 1661 constet
3568 1622 3679 1672 eas,

243 1702 368 1759 post
402 1694 696 1747 intrusum
730 1689 1038 1760 Georgium,
1069 1706 1102 1744 a
1132 1692 1186 1745 8.
1223 1689 1521 1745 Athanasio
1550 1691 1612 1743 in
1636 1687 1935 1745 solitudine
1964 1695 2081 1743 tum
2110 1688 2339 1756 (legente
2368 1702 2484 1742 esse
2509 1687 2869 1759 compositas:
2883 1693 3053 1760 potest
3082 1692 3272 1762 utique
3299 1692 3426 1761 ﬁeri
3452 1699 3517 1748 ut
3547 1694 3683 1751 illas

242 1782 486 1836 nonnisi
511 1786 638 1852 post
669 1780 956 1851 epistolam
984 1783 1299 1850 caeteraque
1327 1778 1397 1833 ad
1426 1777 1715 1833 monachos
1739 1778 1910 1832 missa
1935 1792 2102 1848 opera
2128 1777 2409 1847 scripserit
2424 1793 2444 1837 ;
2475 1792 2606 1831 nam
2635 1791 2742 1848 quo
2773 1776 3009 1845 deﬁnite
3036 1795 3181 1835 anno
3208 1783 3527 1852 conscriptae
3554 1785 3680 1854 fue-

244 1873 380 1936 rint,
414 1877 574 1927 certo
595 1869 712 1924 dici
737 1886 852 1923 non
880 1871 1071 1939 potest.
1105 1868 1205 1923 Sed
1231 1868 1297 1923 de
1325 1871 1411 1923 his
1440 1872 1619 1939 [usius
1648 1866 1707 1923 in
1737 1867 2073 1938 Prae/aliene
2099 1865 2354 1935 generali
2379 1882 2398 1918 :
2428 1868 2628 1922 cetera
2655 1881 2805 1920 nunc
2832 1880 2957 1938 qua
2983 1866 3054 1921 ad
3080 1868 3225 1940 ipsas
3272 1870 3509 1927 attinent
3553 1887 3679 1928 ora-

247 1961 451 2024 tiones,
481 1973 907 2029 prosequamur.

322 2065 391 2119 ιι.
428 2062 728 2121 Yolumine
754 2064 1038 2132 superiori
1068 2064 1167 2135 (a),
1201 2064 1261 2119 in
1287 2063 1670 2120 admonitione
1700 2064 1758 2118 in
1784 2062 2087 2135 Epistolam
2117 2059 2457 2133 encyclicam
2485 2061 2555 2116 ad
2574 2062 2850 2135 episcopos
2880 2063 3103 2135 zEgypti
3127 2070 3180 2119 et
3213 2063 3403 2136 Libyae
3434 2067 3559 2138 jam
3582 2068 3676 2123 ob-

252 2155 599 2209 servavimus
628 2162 867 2225 quatuor
893 2153 1166 2208 duntaxat
1193 2168 1309 2207 esse
1336 2155 1611 2208 orationes
1639 2155 1831 2208 contra
1858 2151 2111 2219 Am’anos,
2143 2166 2253 2206 non
2285 2151 2543 2223 quinque,
2577 2153 2636 2205 ut
2663 2150 2768 2206 alii
2794 2150 2932 2206 editi
2960 2150 3483 2226 habent,ipsamque
3508 2169 3677 2228 ency-

244 2244 445 2298 clicam
474 2243 785 2313 epistolam
816 2245 886 2297 ab
918 2241 1032 2297 illis
1056 2242 1398 2297 orationibus
1428 2243 1649 2311 penitus
1677 2257 1789 2297 esse
1817 2240 2357 2297 distinctamwerum
2384 2254 2565 2312 operae
2588 2241 2932 2316 pretium_est
2955 2241 3176 2312 plenius
3199 2240 3288 2298 hic
3310 2259 3380 2298 ea
3400 2242 3468 2299 de
3486 2261 3549 2300 re
3570 2244 3681 2301 dis-

241 2349 448 2388 serere.
521 2335 677 2388 lnter
739 2348 797 2387 se
860 2348 975 2387 non
1039 2333 1387 2387 consentiunt
1452 2332 1821 2403 manuscripli
1884 2330 2089 2385 codices
2158 2332 2214 2384 in
2246 2328 2576 2401 assignando
2603 2345 2828 2385 numero
2857 2332 3171 2386 orationum
3201 2340 3390 2388 contra
3420 2334 3678 2391 Arianos.

242 2424 611 2493 sequerimus
639 2422 859 2491 optima:
883 2427 1027 2476 notae
1057 2420 1222 2476 codex
1252 2421 1493 2490 quinque
1522 2424 1804 2487 numerat,
1837 2435 2079 2491 quorum
2106 2420 2293 2490 prima
2324 2427 2402 2474 est
2430 2418 2657 2490 epistola
2696 2419 2978 2490 eneycliea
3024 2421 3098 2475 ad
3143 2422 3415 2493 episcopos
3461 2424 3683 2496 (Egi/pq

237 2516 285 2566 et
312 2512 539 2581 Libyae,
576 2510 645 2564 ad
675 2511 830 2581 cujus
862 2509 1089 2563 initium
1118 2510 1177 2563 in
1205 2511 1465 2582 margine
1512 2510 1628 2565 hac
1674 2518 1803 2564 nota
1846 2529 1852 2562 Α

2061 2550 2068 2572 ,
2101 2524 2269 2579 quam
2314 2510 2591 2563 noluimus
2623 2509 2907 2563 omittere:
2943 2507 3115 2569 Οὗτος
3147 2508 3174 2561 ὁ
3207 2507 3429 2573 ἐνταῦθα
3458 2515 3676 2584 πρῶτος

241 2597 413 2671 λόγος
466 2600 574 2651 τοῦ
624 2595 783 2671 ἁγίου
840 2595 1152 2659 Ἀθανασίου
1209 2593 1261 2649 ἔν
1313 2617 1423 2650 τισι
1475 2600 1582 2650 τῶν
1631 2595 1976 2673 ἀντιγράφων
2023 2594 2278 2671 τέταρτος
2330 2596 2565 2673 φέρεται.
2623 2596 2726 2652 Καὶ
2780 2591 3023 2671 Σεϐῆρος
3072 2593 3130 2651 δὲ
3161 2598 3189 2652 ὁ
3222 2593 3487 2667 δυσσεϐὴς
3515 2598 3568 2653 ἓν
3599 2604 3679 2673 τῷ

242 2688 476 2757 εἰκοστῷ
495 2684 673 2759 τρίτῳ
702 2682 980 2761 κεφαλαίῳ
1024 2689 1120 2740 τοῦ
1162 2685 1348 2760 τρίτου
1392 2682 1561 2760 λόγου
1604 2690 1712 2740 τῶν
1765 2684 1901 2739 κατὰ
1941 2689 2039 2739 τοῦ
2092 2687 2360 2759 μακαρίου
2410 2686 2659 2742 Ἰωάννου
2710 2690 2808 2739 τοῦ
2856 2685 3154 2741 ἐπισκόπου
3203 2688 3520 2764 Καισαρείας
3563 2694 3675 2745 Πα-

240 2774 532 2845 λαιστίνης
580 2778 679 2829 τοῦ
728 2763 834 2827 ἀπὸ
885 2778 1282 2847 γραμματικῶν
1328 2773 1581 2847 τέταρτον
1631 2773 1720 2828 τὸν
1770 2772 2012 2849 παρόντα
2060 2771 2222 2849 λόγον
2273 2771 2549 2845 ὀνομάζει.
2583 2775 2644 2831 Ὁ
2677 2770 2734 2829 δὶ
2763 2773 2814 2828 ἐν
2866 2774 3037 2837 ὁσίοις
3068 2772 3348 2851 Θεόδωρος
3377 2763 3676 2841 γὶπίσκοπος

236 2871 330 2932 τῆς
364 2867 590 2935 Φαρᾶν,
624 2862 763 2935 ἀνὴρ
810 2860 1021 2935 λόγιος,
1051 2860 1139 2915 καὶ
1193 2862 1596 2936 συγγράμματα
1646 2858 2060 2923 καταλελοιπὼς
2111 2859 2419 2937 ἀξιάγαστα,
2453 2860 2503 2914 ἐν
2554 2866 2634 2934 τῷ
2681 2862 2818 2917 κατὰ
2864 2863 3172 2939 Ἀγνυητῶν
3220 2863 3383 2919 αὗτοῦ
3431 2861 3672 2942 διαλόγῳ

234 2954 500 3025 τέταρτον
530 2955 632 3005 τοῦ
663 2951 819 3025 ἁγίου
852 2949 1172 3005 Ἀθανασίου
1201 2950 1335 3004 κατᾶ
1384 2951 1668 3024 Ἀρειανῶν
1704 2948 1869 3025 λόγον
1902 2949 2158 3023 ὀνομάζει
2190 2950 2280 3004 τὸν
2331 2950 2419 3004 καὶ
2471 2949 2521 3005 ἐν
2554 2947 2692 3023 τῷδε
2742 2955 2820 3024 τῷ
2866 2951 3050 3028 τεύχει
3098 2952 3349 3027 τέταρτον
3397 2953 3669 3027 κείμενον,

234 3042 359 3109 τιὗή
393 3040 580 3114 ἀρχαῖ’
615 3039 685 3095 Οἱ
739 3039 1165 3114 ’Δρειομανῖται,
1218 3038 1294 3098 ὡς
1344 3034 1507 3105 ἔοικε,
1556 3037 1831 3113 κρίναντες

2065 3038 2359 3094 ἀποστάται
2408 3039 2675 3114 γενέσθαι.
2709 3042 2777 3097 Id
2804 3051 2883 3096 est
2906 3058 2919 3096 :
2946 3064 2972 3092 α
3008 3043 3154 3113 Ηᾶἓε,
3195 3059 3321 3114 quae
3348 3044 3439 3100 hic
3466 3045 3672 3101 inseri-

232 3131 384 3186 bztur
407 3132 599 3186 oratio
618 3131 807 3200 prima
845 3130 900 3185 S.
923 3129 1222 3185 Athanasii
1251 3130 1307 3184 in
1340 3130 1622 3201 aliquibus
1651 3129 2060 3201 exenzplaribus
2090 3134 2287 3201 quarta
2315 3120 2629 3186 diciturfEt
2658 3146 2780 3187 vero
2812 3133 3014 3203 impius
3036 3133 3265 3189 Severus
3289 3135 3350 3190 in
3406 3134 3669 3191 vicesimo

236 3225 408 3275 tertio
438 3220 629 3290 capite
660 3218 794 3273 libri
818 3219 975 3273 tertii
1000 3217 1261 3273 adversus
1284 3218 1549 3273 Joannem
1577 3235 1614 3274 a
1642 3220 2018 3287 grammaticis
2049 3218 2319 3275 σεῖσαι-θέε
2347 3220 2407 3273 τή
2437 3219 2749 3276 Pala'stina
2777 3221 3105 3292 episcopum,
3136 3231 3393 3293 quartum
3420 3223 3674 3295 appellat

234 3311 581 3377 praesentem
610 3307 944 3362 orationem.
978 3308 1041 3361 At
1067 3306 1122 3361 8.
1158 3304 1464 3362 Theodorus
1490 3308 1767 3378 episcopus
1799 3310 2055 3372 Pharan,
2086 3308 2173 3361 vir
2194 3306 2467 3375 eruditus,
2500 3310 2599 3380 qui
2627 3312 2679 3364 et
2706 3310 2933 3383 egregia
2963 3310 3188 3382 reliquit
3218 3326 3400 3383 Opera,
3460 3312 3520 3367 in
3569 3326 3670 3367 suo

228 3401 514 3454 adversus
542 3398 813 3465 Agnoelas
870 3395 1105 3466 dialogo,
1165 3398 1419 3467 quartam
1451 3395 1507 3449 8.
1553 3396 1842 3451 Athanasii
1870 3397 2179 3451 orationem
2206 3406 2397 3452 contra
2428 3398 2664 3453 Arianos
2693 3399 2959 3469 appellat,
2980 3415 3106 3471 quae
3135 3402 3265 3456 item
3298 3402 3400 3455 isto
3432 3401 3488 3455 in
3522 3400 3670 3456 volu-

226 3490 381 3542 mine
413 3494 622 3557 quarta
655 3488 755 3552 est,
788 3484 945 3555 cujus
974 3484 1224 3539 videlicet
1251 3486 1479 3538 initium
1507 3487 1586 3540 est
1612 3502 1631 3538 :
1664 3507 1691 3533 ‹‹
1718 3484 2176 3556 Quandoquidem
2204 3486 2371 3541 semel
2399 3486 2617 3550 Ariani,
2640 3499 2701 3541 ut
2732 3487 2968 3557 videtur,
2991 3491 3242 3544 animum
3273 3489 3613 3545 induxerunt
3633 3507 3668 3545 a

224 3602 248 3625 ε
282 3579 535 3633 veritate
565 3575 881 3631 desciscere.
918 3596 946 3623 η
977 3576 1103 3630 Haec
1132 3575 1231 3638 ibi,
1264 3589 1389 3644 quae
1417 3575 1545 3630 item
1575 3574 1849 3630 habentur
1878 3576 1938 3630 in
1969 3574 2150 3630 codice
2180 3575 2528 3642 Goblertano,
2559 3593 2729 3648 eaque
2756 3577 3111 3634 Felekmanus
3140 3581 3221 3635 ait
3240 3594 3352 3635 esse
3372 3580 3663 3647 cuiusdam

223 3668 454 3723 lectoris
506 3665 751 3721 Romani
798 3666 1022 3719 nomine
1068 3665 1165 3734 qui
1189 3663 1430 3718 codicem
1462 3664 1855 3720 Goblerianum
1885 3666 2120 3736 scripsit.
2152 3665 2306 3720 Editi
2337 3664 2514 3722 Graeci
2539 3665 2767 3735 codices,
2800 3675 2851 3723 et
2877 3684 2979 3723 ms.
3012 3669 3363 3725 Felckmanni
3387 3669 3663 3726 secundus

220 3757 347 3812 licet
408 3756 580 3810 illam
636 3752 935 3824 epistolam
972 3770 1084 3808 non
1106 3754 1409 3808 inscribant
1432 3756 1669 3823 primum
1697 3755 2000 3809 orationem
2015 3770 2035 3813 .·
2066 3758 2249 3809 tamen
2277 3770 2399 3810 eam
2428 3772 2591 3825 quam
2619 3757 2731 3821 iam
2760 3773 2861 3813 nos
2888 3760 3129 3828 primum
3159 3759 3537 3826 inscribimus,
3568 3776 3656 3814 se-

220 3845 476 3901 cundum
508 3843 818 3915 appellant.
857 3834 913 3897 In
949 3843 1248 3898 Basiliensi
1273 3843 1452 3897 codice
1482 3851 1590 3897 tres
1619 3844 1817 3907 prima:
1848 3844 2126 3898 orationes
2154 3844 2344 3899 eodem
2370 3844 2582 3914 ordine,
2642 3861 2747 3917 quo
2785 3847 2909 3917 jam
2955 3864 2990 3902 a
3037 3849 3213 3916 nobis,
3262 3854 3653 3915 numerantur,

214 3934 307 3990 sed
340 3949 525 4005 quam
555 3936 816 4004 quartam
846 3932 1218 4001 inscribimus,
1250 3930 1331 3985 ibi
1358 3934 1514 3985 sexta
1543 3930 1789 3995 dicitur;
1818 3933 1959 4001 forte
1986 3947 2184 4002 nempe
2211 3932 2350 4003 quod
2378 3933 2603 4004 epistola
2635 3937 2914 4005 encycliea
2943 3935 3029 3993 ad
3053 3938 3330 4007 episcopos
3365 3937 3589 4009 Aigypti
3606 3944 3657 3992 et

217 4024 435 4094 Libya,
471 4023 536 4076 in
569 4021 855 4091 aliquibus
884 4020 1156 4075 codicibus
1185 4021 1361 4074 oratio
1392 4028 1590 4091 quarta
1622 4021 1682 4075 in
1711 4021 1945 4075 Arianos
1975 4021 2319 4092 appellatur,
2372 4025 2423 4077 et
2475 4023 2649 4078 oratio
2704 4023 2767 4078 de
2822 4024 3208 4081 lncarnatione
3269 4027 3442 4096 Verbi,
3502 4026 3660 4097 cujus

218 4116 484 4180 mitium,
520 4110 590 4166 Ol
621 4108 989 4184 κακοτέχνως,
1022 4112 1219 4182 quinta
1250 4116 1604 4176 numeratur,
1636 4114 1697 4165 ut
1727 4112 1788 4166 in
1819 4110 2175 4166 Felckmanni
2198 4112 2385 4182 quinto
2416 4111 2598 4169 codice
2625 4129 2727 4168 ms.
2762 4114 2825 4169 In
2854 4115 3024 4187 Regio
3050 4116 3344 4171 ms.eodice
3375 4119 3661 4172 chartaceo

218 4212 323 4257 tres
346 4204 572 4274 prima:
597 4203 825 4255 exstant
847 4202 1132 4255 orationes
1161 4198 1349 4253 eadem
1379 4199 1542 4253 serie.
1572 4207 1635 4253 ut
1665 4198 1767 4253 hac
1797 4201 1854 4253 in
1888 4203 2075 4254 nostra
2104 4199 2360 4271 editione,
2392 4203 2722 4271 numeratae,
2755 4201 2850 4257 sed
2874 4208 3071 4273 quarta
3101 4204 3270 4259 deest.
3307 4205 3364 4259 In
3396 4205 3513 4260 alio
3556 4208 3659 4260 Re-

215 4296 301 4361 gio
330 4292 584 4360 optima:
610 4294 763 4345 nota:
790 4305 891 4343 ms.
922 4287 1120 4353 codice,
1151 4288 1249 4358 qui
1274 4285 1514 4342 mediam
1546 4286 1780 4359 Operam
1808 4287 1863 4343 S.
1897 4288 2188 4343 Athanasii
2215 4297 2430 4360 partem
2459 4292 2716 4357 continet,
2748 4290 2877 4347 duce
2901 4292 3138 4359 ultimae,
3174 4294 3342 4348 initio
3386 4293 3665 4349 habentur

220 4383 665 4449 orationes,quae
694 4380 825 4433 item
855 4377 1062 4433 ibidem
1090 4377 1258 4432 tertia
1288 4382 1339 4431 et
1369 4380 1568 4447 quarta
1597 4377 2122 4448 nuncupantur.8ed
2150 4394 2219 4433 ne
2243 4377 2455 4434 diutius
2485 4380 2544 4434 in
2572 4378 2930 4451 percurendis
2960 4383 3359 4454 manuscriptis
3386 4382 3664 4440 codicibus

222 4472 621 4533 immoremur,
654 4465 777 4521 vide
804 4466 1167 4537 discrepantes
1202 4465 1459 4521 lectiones
1488 4480 1623 4535 quas
1648 4466 1888 4522 studiose
1915 4467 2237 4535 collegimus
2261 4466 2332 4522 ad
2362 4468 2586 4523 initium
2620 4470 2972 4538 singularum
3028 4471 3365 4537 orationum,
3413 4487 3513 4527 nec
3555 4486 3663 4528 non

220 4560 477 4629 epistolae
544 4554 840 4627 encyclicte
895 4554 966 4609 ad
1020 4557 1295 4625 episcopos
1323 4555 1546 4625 Egypti
1574 4557 1626 4608 et
1656 4555 1865 4626 Libyae,
1898 4558 1947 4609 et
1977 4561 2251 4611 tractatus
2279 4557 2435 4611 modo
2464 4563 2755 4614 memorati
2783 4558 2849 4613 de
2878 4563 3287 4617 lncarnatione.
3320 4560 3487 4616 Multo
3513 4575 3663 4631 pree-

221 4652 376 4704 terea
409 4646 640 4717 antiqui
665 4647 955 4715 serpitores
979 4643 1161 4699 eodem
1192 4642 1386 4697 ordine
1417 4642 1543 4698 illas
1572 4643 1817 4697 citarunt
1846 4644 2123 4698 orationes
2153 4659 2218 4698 ac
2251 4660 2349 4700 nos
2375 4662 2756 4714 numeramus,
2805 4655 2868 4702 ut
2926 4648 3169 4719 Cyrillus
3219 4648 3661 4716 Alexandrinus,

220 4736 618 4801 Theodoretus,
655 4734 1005 4789 Justinianus
1033 4733 1356 4803 imperator,
1386 4730 1838 4802 quemadmodum
1870 4732 1987 4787 suis
2018 4734 2076 4787 in
2109 4734 2241 4788 locis
2270 4734 2637 4789 observamus.
2675 4739 2885 4791 Verum
2914 4738 3061 4792 nihil
3091 4753 3225 4809 opus
3256 4738 3499 4809 longiore
3545 4738 3664 4793 dis-

218 4828 545 4898 putatione,
593 4839 719 4878 cum
766 4822 985 4876 clarum
1014 4824 1085 4876 sit
1112 4838 1186 4876 ex
1212 4822 1357 4876 hisce
1388 4821 1526 4891 ipsis
1554 4829 1793 4890 quatuor
1822 4822 2164 4877 orationibus
2192 4821 2341 4878 nihil
2371 4839 2464 4878 eas
2494 4839 2782 4879 commune
2811 4841 2934 4880 cum
2964 4827 3079 4881 ullo
3116 4827 3231 4882 alio
3261 4842 3419 4897 opere
3446 4828 3662 4897 habere,

223 4916 315 4969 sed
347 4919 426 4968 ita
460 4915 616 4968 inter
643 4929 700 4967 se
737 4912 1029 4973 eohzrere,
1060 4920 1118 4965 ut
1147 4927 1321 4965 unum
1352 4912 1488 4981 ipsa
1511 4925 1645 4980 opus
1672 4912 1840 4965 simul
1867 4910 2185 4979 conﬁciant,
2219 4928 2453 4981 quarum
2481 4915 2665 4984 prima
2694 4917 2766 4969 sit
2822 4916 3183 4987 principium,
3233 4921 3437 4986 quarta
3482 4925 3667 4997 autem

226 5004 479 5058 omnium
514 5004 587 5056 sit
617 5001 944 5072 ﬁnis,quam
967 5015 1100 5054 sane
1127 4998 1192 5054 ob
1219 5015 1442 5054 causam
1472 4998 1587 5052 sola
1618 4997 1736 5055 hac
1765 5000 1961 5054 ultima
1988 5000 2155 5055 solita
2194 5004 2531 5056 terminatur
2558 5002 2921 5059 conclusione.
2952 5004 3113 5059 Ratio
3137 5012 3322 5060 autem
3349 5020 3448 5059 cur
3495 5006 3665 5076 quin-

226 5108 330 5161 que
378 5090 643 5145 adversus
688 5090 923 5145 Arianos
969 5088 1250 5143 orationes
1272 5088 1332 5141 in
1358 5085 1551 5141 multis
1598 5092 1963 5142 numerentur
1989 5089 2280 5154 codicibus,
2310 5090 2467 5144 nulla
2498 5088 2613 5144 alia
2644 5090 2876 5158 videtur,
2909 5108 3075 5163 quam
3103 5093 3246 5164 quod
3275 5095 3331 5148 in
3365 5093 3480 5149 illis
3511 5092 3667 5149 codi-

226 5180 384 5234 cibus
412 5178 651 5250 epislola
680 5178 958 5249 encyclica
989 5176 1063 5232 ad
1090 5179 1364 5249 episcopos
1392 5176 1617 5246 Aigypti
1645 5184 1695 5231 et
1728 5176 1911 5247 Libym
1938 5179 2192 5248 proxime
2221 5186 2337 5232 erat
2368 5186 2493 5233 ante
2521 5184 2757 5249 quatuor
2783 5183 3090 5248 orationes,
3126 5195 3252 5253 qua:
3275 5182 3495 5254 quidem
3540 5198 3665 5237 cum

226 5278 275 5324 et
308 5270 435 5339 ipsa
464 5269 544 5321 sit
573 5268 630 5321 in
664 5267 911 5321 Arianos
942 5266 1261 5337 composita,
1294 5265 1564 5336 inscripta
1596 5263 1802 5320 ideirco
1829 5273 1928 5332 est,
1962 5288 1990 5315 «
2028 5265 2213 5320 Oratio
2240 5267 2423 5336 prima
2452 5275 2638 5323 contra
2667 5268 2921 5325 Arianos.
2957 5291 2979 5318 ι

296 5376 398 5431 III.
423 5374 866 5445 Supersedemus
897 5373 986 5428 hic
1009 5389 1043 5426 a
1068 5371 1433 5444 proponendis
1460 5371 1814 5443 singularum
1846 5374 2170 5428 orationum
2198 5375 2567 5443 argumentis;
2585 5389 2671 5429 res
2701 5377 2847 5430 enim
2881 5392 2983 5432 nos
3014 5376 3232 5449 longius
3262 5376 3664 5434 deduceretsed

224 5466 488 5537 singula,
525 5478 651 5535 quae
676 5463 847 5534 digna
878 5461 1248 5517 observatione
1275 5462 1430 5516 nobis
1462 5461 1577 5515 visa
1607 5466 1741 5516 sunt
1772 5461 1831 5545 in
1862 5460 2044 5517 indice
2072 5461 2336 5518 adnotare
2365 5462 2520 5519 nobis
2547 5479 2693 5518 curae
2721 5464 2852 5536 fuit,
2886 5480 3031 5537 quae,
3063 5467 3155 5521 cui
3186 5466 3444 5536 lubuerit,
3494 5466 3667 5538 facile

290 5666 373 5737 (α)
407 5668 553 5737 P_a_g.
582 5662 711 5717 212.
736 5691 803 5701 -
837 5658 944 5737 H_ic
973 5661 1030 5714 et
1060 5658 1213 5737 intra
1242 5674 1355 5737 non
1390 5656 1597 5725 semel,
1628 5674 1763 5737 cu_m_
1796 5658 1865 5713 ad
1896 5657 2022 5737 loco
2053 5658 2328 5737 parallela
2362 5664 2665 5717 revocatur
2694 5661 2919 5734 Lector,
2944 5663 3190 5736 paginas
3221 5663 3513 5737 intelligat
3540 5663 3663 5721 edi-

228 5731 417 5794 tionis
445 5731 684 5791 Vincta:
713 5748 841 5805 qua
873 5731 934 5786 in
969 5735 1169 5787 nostro
1198 5734 1357 5786 textu
1389 5733 1865 5803 repraesentatur.
1904 5731 2063 5787 Earr.
2098 5731 2339 5787 Ps'rnon.

562 5862 826 5924 ΡΑτιιοι.
878 5858 987 5920 Gn.
1037 5857 1248 5920 XXVI.

3305 5864 3334 5927 1
