4090 6352
451 387 516 446 il
984 382 1050 443 S.
1097 380 1524 444 ATHANASII
1569 382 1742 444 OPP.
1791 385 1994 446 PARS
2037 385 2087 445 Ι.
2122 419 2198 430 -
2228 384 2647 447 HISTORIGA
2691 383 2788 446 ET
2830 384 3316 448 DOGMATICA.
3779 389 3853 448 12

443 521 617 592 possit
642 517 1003 589 perlustrare.
1037 513 1180 569 Satis
1208 513 1434 569 interim
1461 514 1534 570 sit
1561 519 1868 585 generatim
1899 518 2211 586 observare,
2243 519 2508 575 Arianam
2542 519 2881 590 impietatem
2904 519 3072 589 plene
3098 516 3189 573 hic
3229 518 3534 588 confutari,
3591 521 3854 591 variaque

447 611 785 666 Arianorum
838 607 1164 674 argumenta
1221 607 1275 658 et
1305 617 1562 675 responsa
1609 608 1811 676 referri
1857 611 1909 662 et
1937 607 2140 677 refelli.
2174 607 2278 663 Nec
2309 623 2435 663 vero
2463 609 2642 663 solum
2668 607 3002 662 Arianorum
3029 606 3290 664 haeresim
3317 609 3549 664 conterit
3578 608 3634 664 S.
3669 614 3851 678 Pater,

443 699 538 756 sed
563 698 803 754 aliorum
832 695 1000 750 etiam
1027 693 1432 764 hereticorum,
1460 695 1558 765 qui
1584 695 1728 751 circa
1761 694 2035 752 Christum
2063 697 2359 752 Dominum
2385 706 2734 764 erraverunt,
2765 705 3068 752 commenta
3096 699 3272 754 obiter
3293 696 3563 768 dissolvit,
3591 699 3706 755 sive
3757 715 3858 770 qui

449 787 728 846 Christum
752 799 960 857 purum
986 796 1102 837 esse
1131 781 1424 847 hominem,
1454 783 1569 838 sive
1597 785 1695 854 qui
1719 799 1847 840 eum
1877 786 2102 840 nonnisi
2122 784 2534 856 phantasticum
2562 785 2816 841 habuisse
2843 788 3174 858 corpus,sive
3201 788 3300 858 qui
3326 787 3458 859 quid
3486 787 3650 844 aliud
3678 788 3853 858 ﬁnxe-

446 887 597 935 runt.
630 875 775 944 Quin
801 874 970 928 etiam
997 872 1079 926 ita
1105 869 1278 926 nitide
1306 886 1494 926 verum
1520 872 1585 926 de
1614 871 1824 928 Christo
1852 875 2085 929 Domino
2118 873 2274 929 ﬁdem
2304 877 2547 946 exponit,
2581 877 2639 928 ut
2667 875 2911 946 ipsorum
2939 890 3168 946 quoque,
3192 877 3290 946 qui
3317 884 3434 947 post
3463 877 3647 948 ipsum
3673 877 3858 932 exorti

447 971 593 1036 sunt,
625 963 904 1035 confodiat
933 960 1204 1018 haeresim.
1246 961 1392 1018 Hinc
1417 959 1732 1017 Nestorium
1761 961 2030 1035 proﬂigat
2061 979 2186 1018 cum
2215 961 2366 1019 docet
2399 962 2696 1027 Christum,
2729 963 2896 1018 Deum
2931 961 3058 1018 licet
3103 963 3399 1032 hominem,
3447 981 3622 1020 unum
3671 974 3856 1020 tamen

447 1071 582 1124 esse,
613 1055 890 1124 uniusque
915 1065 1028 1106 esse
1059 1049 1176 1121 ejus
1202 1064 1329 1104 cum
1357 1048 1548 1105 divina
1581 1059 1696 1105 tum
1725 1049 1968 1106 humana
1997 1066 2194 1123 opera;
2227 1067 2350 1106 cum
2389 1051 2617 1108 Verbum
2643 1067 2756 1106 non
2783 1052 2844 1104 in
2868 1051 3148 1106 hominem
3173 1050 3528 1120 descendisse,
3545 1053 3647 1110 sed
3675 1053 3854 1108 homi-

447 1163 576 1201 nem
596 1148 802 1217 [actum
833 1155 948 1198 esse
974 1137 1208 1195 ostendit
1239 1156 1258 1194 :
1285 1155 1410 1194 cum
1437 1139 1673 1210 denique
1703 1139 1916 1195 beatam
1951 1140 2231 1210 Virginem
2259 1140 2513 1209 Mariam,
2543 1137 2830 1204 θεοτόκον,
2860 1138 3172 1212 Deiparam
3201 1143 3404 1214 saepius
3432 1143 3698 1214 appellat.
3731 1146 3854 1199 Non

444 1237 628 1291 minus
655 1233 828 1290 etiam
855 1227 1120 1300 Eutychis
1147 1229 1326 1283 errori
1352 1227 1708 1295 adversatur,
1739 1244 1862 1284 cum
1889 1231 2103 1301 passim
2131 1229 2466 1285 demonstrat
2495 1228 2781 1284 distinctas
2811 1227 3023 1284 Christi
3048 1233 3300 1298 naturas,
3357 1229 3622 1302 variaque
3666 1247 3857 1286 earum

443 1325 639 1381 munia
664 1321 866 1379 diserte
891 1317 1147 1388 explicat.
1185 1317 1333 1372 Hinc
1357 1319 1537 1373 sancti
1563 1318 1756 1373 Patres
1785 1320 1846 1374 in
1872 1317 2150 1388 conciliis,
2179 1319 2242 1373 in
2270 1319 2468 1390 quibus
2499 1318 2723 1374 illorum
2751 1321 3143 1375 haereticorum
3171 1319 3438 1376 damnata
3466 1321 3724 1392 impietas
3753 1322 3856 1394 est,

441 1415 593 1470 tanti
621 1410 859 1467 doctoris
888 1406 1196 1462 testimonia
1224 1405 1514 1472 adducere,
1544 1407 1814 1478 ﬁdemque
1840 1406 2166 1462 catholicam
2193 1407 2314 1477 ejus
2358 1408 2688 1477 conﬁrmare
2735 1408 3064 1462 auctoritate
3109 1423 3221 1464 non
3265 1408 3590 1475 omiserunt,
3640 1409 3726 1463 uti
3769 1405 3844 1463 ad

437 1503 671 1576 propria
695 1501 822 1556 loca
845 1499 1180 1553 monuimus.

511 1607 665 1665 819
698 1605 791 1662 ιν.
832 1603 1036 1668 Photii,
1069 1604 1167 1675 qui
1193 1600 1410 1673 quidem
1440 1603 1552 1672 ipse
1577 1602 1816 1674 quinque
1845 1601 1900 1658 S.
1933 1602 2224 1657 Athanasii
2249 1603 2526 1658 orationes
2555 1611 2743 1660 contra
2775 1605 3012 1660 Arianos
3037 1602 3404 1669 numerat,de
3429 1601 3626 1657 iisdem
3655 1603 3862 1657 oratio-

438 1699 606 1755 nibus
634 1693 906 1768 iudicium
934 1707 1046 1748 non
1077 1691 1168 1747 hic
1193 1691 1455 1746 duximus
1480 1690 2053 1762 prmternittendumﬁ

2244 1700 2324 1746 tur
2351 1690 2458 1746 ille
2489 1692 2861 1748 Bibliotheca:
2879 1692 3061 1749 codice
3081 1690 3266 1748 exm’A
3282 1687 3548 1764 ιεγνώσθη
3576 1692 3675 1742 τοῦ
3695 1688 3859 1743 αὐτοῦ

440 1784 600 1862 ἁγίου
629 1780 990 1856 (neque...)
1020 1780 1054 1849 ἡ
1104 1777 1240 1833 κατά
1297 1775 1514 1854 Ἀρείου
1571 1777 1658 1832 καὶ
1717 1783 1826 1832 τῶν
1877 1777 2041 1833 αὐτοῦ
2085 1775 2374 1852 δογμάτων
2421 1774 2806 1841 πεντάειϐλοςι
2855 1781 2968 1848 τὴν
3020 1779 3114 1852 μὲν
3157 1777 3246 1834 οὖν
3309 1777 3500 1856 φράσιν
3559 1779 3735 1855 σαφής
3796 1776 3860 1832 τέ

442 1868 606 1945 ἔστιν,
639 1872 714 1934 ὡς
745 1868 913 1925 καὶέν
945 1873 1097 1937 πᾶσι,
1129 1866 1219 1921 καὶ
1249 1865 1534 1940 ἀπέριττος
1564 1867 1653 1922 καὶ
1701 1865 1932 1944 ἀφελὴς,
1966 1863 2164 1942 δριμὺς
2201 1867 2292 1921 καὶ
2341 1865 2526 1942 βαθὺς,
2579 1868 2671 1922 καὶ
2719 1873 2834 1930 τοῖς
2881 1867 3302 1944 ἐπιχειρήμασιν
3355 1862 3592 1928 εὔτονος.
3644 1865 3750 1921 Καὶ
3797 1867 3861 1920 τὸ

441 1962 668 2038 γόνιμον
713 1956 772 2014 δὲ
822 1957 988 2013 αὐτοῦ
1035 1955 1088 2012 ἐν
1127 1954 1344 2018 τούτοις
1390 1954 1610 2025 ἡλίκον,
1655 1955 1778 2010 ὅσον
1828 1976 1916 2010 και
1971 1954 2287 2028 θαυμάσιον*
2322 1954 2573 2030 λυγικαῖς
2601 1977 2660 2012 τε
2693 1954 2943 2030 μεθόδοις
2991 1954 3114 2011 οὔτε
3141 1960 3361 2030 γυμνῶς
3389 1954 3478 2010 καὶ
3522 1955 3628 2010 ἀπὸ
3659 1953 3863 2019 ἐκεῖθεν

446 2051 670 2122 λοξεων,
703 2046 883 2124 ὥσπερ
935 2047 986 2101 οἱ
1032 2043 1220 2107 παῖδες
1275 2044 1364 2100 καὶ
1399 2045 1712 2120 ἀρτιμαθεῖς
1767 2041 2104 2119 μειρακιώδη
2153 2043 2472 2122 φιλοτιμίαν
2522 2043 2955 2119 ἐπιδεικνύμενοι
3004 2046 3358 2122 πράττουσιν,
3392 2041 3522 2100 ἀλλ’
3551 2042 3857 2122 ἐμφιλοσό·

444 2161 558 2220 φως
588 2159 648 2194 τε
678 2137 767 2193 καὶ
803 2135 1255 2212 μεγαλοπρεπῶς,
1305 2133 1393 2189 καὶ
1439 2139 1556 2196 ταῖς
1603 2133 1830 2196 ἐννοίαις
1885 2133 2076 2207 μόναις
2121 2133 2210 2188 καί
2257 2133 2473 2196 ταύταις
2519 2131 3076 2210 διεσχηματισμὲναις
3128 2135 3526 2209 ἀποκέχρηταν
3571 2137 3858 2211 γραφικαῖς

439 2217 499 2284 τε
528 2223 848 2302 μαρτυρίαις
877 2224 967 2279 καὶ
1000 2219 1331 2292 ἀποδείξεσιν
1361 2222 1437 2284 εἰς
1466 2222 1530 2276 τὸ
1576 2221 1834 2296 καρτερὸν
1877 2221 2295 2297 κατωχύρωται·
2327 2222 2416 2276 καὶ
2467 2221 2659 2284 ἁπλῶς
2712 2225 2866 2298 ἀρκεῖ
2911 2223 2974 2277 τὸ
3026 2217 3246 2298 βιϐλίον
3289 2225 3454 2276 τοῦτο
3501 2221 3637 2276 κατὰ
3681 2222 3858 2292 πάσης

441 2320 728 2394 Ἀρειανῆς
754 2313 1123 2386 παρατάξεως.
1159 2311 1255 2365 Καὶ
1288 2309 1340 2365 εἷ’
1359 2331 1443 2372 τις
1473 2311 1564 2365 τὸν
1594 2309 1851 2385 θεολόγον
1887 2311 2189 2387 Γρηγόριον
2241 2310 2329 2365 καὶ
2373 2311 2464 2365 τὸν
2518 2313 2660 2365 θεῖον
2715 2311 2991 2366 Βασίλειον
3041 2310 3103 2366 ἐκ
3146 2309 3372 2380 ταύτης,
3421 2309 3602 2384 ὥσπερ
3651 2316 3856 2384 πηγῆς,

444 2408 811 2484 ορυσαμένους
843 2403 974 2480 φαίη
1007 2409 1107 2472 τῆς
1144 2396 1344 2476 βίϐλου
1370 2400 1497 2462 τοὺς
1529 2400 1732 2462 καλοὺς
1765 2400 2000 2462 ἐκείνους
2043 2404 2132 2455 καί
2183 2398 2399 2462 διειδεῖς
2448 2406 2556 2456 τῶν
2607 2401 2822 2456 οἰκείων
2873 2400 3053 2477 λόγων
3103 2402 3241 2456 κατὰ
3286 2407 3385 2469 τῆς
3418 2397 3631 2470 πλάνης
3662 2399 3854 2476 ρεὖσας

437 2493 740 2569 ποταμοὺς⁹
774 2493 874 2548 οὐκ
898 2493 982 2562 ἂν,
1013 2493 1192 2564 οἴμαι,
1225 2487 1452 2568 σφαλείη
1485 2493 1580 2544 τοῦ
1611 2487 2052 2565 παραδείγματος

2237 2498 2308 2547 sl:
2335 2494 2482 2548 Lecti
2506 2503 2634 2548 sunt
2656 2493 2895 2565 ejusdem
2916 2495 3093 2549 sancti
3111 2492 3441 2564 (Athanasii)
3464 2491 3596 2546 libri
3614 2492 3852 2564 quinque

434 2592 624 2645 centra
654 2586 851 2642 Arium
878 2587 927 2638 et
957 2585 1074 2652 ejus
1104 2583 1380 2653 dogmata.
1411 2582 1469 2636 In
1505 2583 1588 2637 his
1617 2593 1676 2636 ut
1708 2584 1767 2636 in
1797 2583 2047 2637 omnibus
2072 2582 2191 2653 ejus
2217 2583 2488 2653 Operibus,
2519 2583 2688 2638 dictio
2717 2582 2897 2638 nitida
2925 2585 3026 2648 est,
3069 2582 3311 2652 simplex
3358 2580 3456 2636 nec
3501 2581 3848 2637 redundans.

436 2681 626 2734 Acrem
659 2678 752 2732 hic
779 2691 837 2732 se
861 2674 1070 2746 praebet
1097 2687 1145 2728 et
1171 2671 1532 2744 profundum,
1566 2671 2042 2743 vehementemque
2072 2674 2132 2728 in
2159 2673 2592 2742 argumentando
2621 2692 2640 2728 :
2673 2678 2936 2746 tantaque
2963 2675 3082 2742 eius
3108 2675 3330 2728 ubertas
3360 2675 3440 2727 est
3467 2688 3639 2744 quam
3667 2680 3718 2727 et
3744 2673 3850 2727 ad-

432 2765 712 2822 miranda.
769 2764 979 2827 Logicis
1035 2770 1222 2816 autem
1277 2760 1540 2814 methodis
1598 2762 1683 2814 ita
1742 2762 1941 2829 utitur,
1996 2763 2056 2815 ut
2084 2777 2194 2816 non
2222 2761 2367 2816 unde
2395 2779 2497 2818 nec
2526 2763 2586 2817 in
2617 2763 2746 2832 ipsis
2772 2763 2993 2817 vocibus
3020 2766 3291 2829 versetur,
3323 2762 3412 2816 uti
3441 2761 3606 2830 pueri
3632 2764 3683 2816 el
3713 2761 3848 2816 tiro-

434 2872 532 2910 nes
559 2854 923 2911 adolescentes
955 2851 1053 2924 qui
1080 2850 1230 2906 docti
1259 2848 1434 2904 videri
1460 2850 1706 2918 cupiunt,
1737 2849 1918 2903 solent
1945 2865 2132 2919 agere,
2162 2851 2259 2904 sed
2285 2850 2654 2922 philosophice
2679 2854 2728 2906 et
2759 2852 3074 2922 magniﬁce,
3104 2851 3348 2921 solisque
3387 2849 3675 2904 verborum
3721 2865 3850 2904 sen-

437 2944 622 3000 tentiis
666 2943 858 3014 hisque
903 2939 1110 2996 diverse
1157 2938 1398 2994 innitur.
1449 2936 1757 3007 Scriptura:
1783 2937 2052 2992 similiter
2076 2940 2408 2993 testimoniis
2437 2948 2489 2994 et
2517 2940 2933 3008 probationibus
2961 2941 3280 3009 ﬁrmissime
3309 2955 3366 2993 se
3394 2937 3712 2993 communit.
3751 2938 3852 2992 De-

435 3035 604 3105 nique
627 3032 774 3087 istud
801 3047 934 3102 opus
964 3028 1230 3084 adversus
1259 3027 1574 3081 universam
1605 3026 1936 3081 Arianorum
1964 3029 2137 3081 aciem
2164 3029 2335 3098 possit
2363 3027 2635 3098 sufﬁcere.
2672 3031 2844 3100 Atque
2871 3031 2924 3085 si
2943 3029 3064 3099 quis
3091 3044 3162 3084 ex
3189 3044 3252 3083 eo
3301 3027 3441 3082 libro
3489 3035 3752 3099 tanquam
3779 3044 3852 3082 ea:

435 3121 584 3192 fonte
609 3119 951 3189 Theologum.
966 3118 1284 3189 Gregorium
1311 3124 1360 3170 et
1383 3114 1651 3170 divimum
1683 3116 1955 3171 Busitium
1983 3115 2234 3171 hausisse
2257 3115 2470 3171 dixerit
2494 3116 2754 3188 pulchros
2785 3117 2917 3173 illos
2957 3121 3007 3173 et
3056 3115 3369 3190 perlucidos
3389 3132 3623 3171 suarum
3651 3125 3848 3173 contra

433 3225 678 3266 errorem
705 3211 1021 3265 orationum
1047 3208 1262 3278 ﬂuvios,
1295 3204 1440 3260 hunc
1465 3219 1565 3272 ego
1593 3220 1704 3260 non
1730 3209 1918 3276 putem
1947 3222 1981 3259 a
2011 3206 2130 3260 veri
2155 3203 2525 3262 similitudine
2553 3207 2964 3262 aberraturum.
3001 3229 3029 3256 ››
3061 3211 3190 3262 Htec
3217 3205 3463 3260 Photius.

1597 3521 1721 3570 ΤΟΥ
1759 3519 1842 3570 EN
1887 3518 2122 3573 ΔΓΙΟΙΣ
2165 3518 2432 3574 ΙΙΔΤΡΟΣ
2474 3522 2664 3572 ΙΙΜΩΝ

1347 3679 2933 3856 ΑΑΝΑΣΙΟΥ

1557 3955 2121 4012 ΑΡΧΙΕΠΙΣΚΟΠΟΥ
2159 3956 2694 4012 ΔΛΕΞΑΝΔΡΕΙΑΣ

943 4121 1280 4218 ΚΑΤΑ
1385 4122 2040 4219 ΑΡΕΙΑΝΩΝ
2136 4124 2537 4222 ΛΟΓΟΣ

1688 4123 2040 4219 ANQN
2136 4124 2537 4222 ΛΟΓΟΣ
2651 4101 3301 4221 HPQT02“%

1190 4451 1314 4574 S.
1437 4451 1582 4574 P.
1701 4451 1858 4574 N.
1988 4452 3053 4576 ATHANASII

1592 4651 2132 4712 ARCHIEPISCOPI
2178 4655 2658 4713 ALEXANDRUE

731 4802 1515 4898 ADVERSUS
1597 4803 2258 4899 ARIANOS
2353 4803 2907 4900 ORATIO
2990 4801 3505 4897 PRIMA.

488 5122 539 5178 1.
570 5125 783 5178 Omnes
813 5121 1049 5194 quidem
1081 5120 1349 5190 haereses,
1383 5126 1672 5195 quotquot
1717 5121 2000 5178 hactenus
2031 5139 2066 5178 α

2248 5123 2293 5177 1.
2330 5119 2396 5177 Αἰ
2433 5121 2525 5195 μὲν
2559 5119 2790 5196 αἱρέσεις
2819 5122 2897 5194 (2)
2929 5118 3048 5175 ὅσαι
3079 5124 3179 5188 τῆς
3205 5112 3466 5186 ἀληθείας
3496 5114 3819 5184 ἀπέστησαν,

413 5211 660 5269 veritate
690 5227 1003 5280 recessere,
1035 5210 1272 5267 evidens
1300 5217 1388 5265 est
1425 5212 1662 5268 insanas
1693 5211 1804 5268 sibi
1834 5212 2028 5284 excogi

2205 5213 2525 5282 πινοήσασαι
2578 5210 2764 5285 μανίαν
2815 5209 3028 5271 ἑαυταῖς
3079 5205 3302 5288 φανεραὶ
3347 5203 3700 5282 τυγχάνουσι,
3730 5200 3820 5256 καὶ

487 5356 564 5428 (ί.)
599 5356 677 5412 ita
706 5356 922 5429 Regius
965 5355 1162 5429 codex_
1193 5371 1306 5429 me.
1339 5359 1397 5410 et
1445 5354 1815 5429 Basiliensis1
1845 5359 2062 5429 Segue-
2173 5359 2230 5429 et
2261 5355 2442 5428 Libyae
2467 5357 2549 5412 sic
2574 5355 2863 5424 inscribit,
2898 5355 3192 5413 Athanasii
3222 5353 3364 5409 liber
3388 5353 3609 5425 primus
3635 5353 3827 5404 contra

414 5421 618 5500 ria'nus
678 5421 994 5500 τοῖιναῦτοῦ
1041 5425 1176 5500 κατὰ
1226 5425 1515 5500 ’ῥρειανῶν
1571 5424 1733 5500 λόγος
1793 5421 2061 5500 δεύτερος.
2175 5421 2481 5483 Ιιίεγειιὶοε.

412 5498 791 5571 Anglicanus,
822 5489 1716 5571 Goblerinnug,Felcjiniunni'1,
1747 5501 1782 5552 2
1811 5489 2063 5571 et_5'ha-
2243 5500 2321 5571 (2)
2351 5501 2609 5571 Seguer.,
2645 5495 2677 5549 ἃ
2708 5495 2802 5568 μὲν
2849 5495 3100 5571 αἱρέσεις.
3153 5497 3330 5571 Ideni
3362 5499 3420 5571 ei.
3459 5493 3608 5571 Reg:
3651 5489 3822 5571 [fasi].

414 5560 555 5644 Dedit
582 5570 718 5626 item
771 5560 903 5626 cum
950 5571 1146 5644 editis,
1179 5560 1343 5644 λόγος
1381 5565 1650 5644 δεύτερος.
1697 5560 2028 5644 Omnibonu

2210 5560 2399 5644 'o'bier.
2423 5560 2750 5644 ‘Felck'mfl
2960 5566 3080 5623 ὅσαι
3126 5573 3227 5644 τῆς
3259 5560 3825 5644 ,ἀληθείαςᾶπιὲστη-

412 5642 497 5698 ita.
527 5641 672 5698 hunc
700 5645 1020 5699 orationem
1055 5632 1346 5709 inscribit,
1385 5632 1578 5698 contra
1608 5642 1838 5697 Arianos
1883 5655 2027 5695 serm

2208 5660 2291 5710 αν,
2350 5639 2735 5710 ἐπινοήσασαι.
2787 5632 3084 5698 Alii—cum
3130 5632 3328 5710 editis,
3375 5632 3498 5690 30¢:
3544 5632 3679 5688 κατὰ
3723 5639 3823 5704 τῆς

405 5714 647 5790 primus.
681 5715 791 5770 Sed
825 5715 976 5771 idem
1033 5708 1340 5790 epistolam
1389 5713 1460 5772 ad
1493 5713 1802 5788 episcopos
1838 5711 2017 5784 [Egyp

1218 5708 1340 5770 iam
1389 5713 1460 5772 ad
1493 5713 1802 5788 episcopos
1838 5710 2062 5784 [Egypti
2173 5708 2429 5783 ἀληθείας
2461 5708 2833 5785 ἐπινοήσασαι.
