4090 6350
457 349 531 408 19
1003 348 1066 408 S.
1115 347 1540 410 ATHANASII
1583 351 1756 412 UPP.
1807 353 2028 412 PARS.
2078 351 2098 411 l

2227 387 2229 393 ι
2281 329 2696 417 ιιιετοιιιρςι
2744 357 2842 419 ET
2886 317 3358 421 DOGMATICA.
3781 355 3862 416 ρο

528 479 578 533 4.
611 477 760 534 Num
789 477 965 550 igitur
993 495 1222 551 aequum
1254 478 1431 535 fuerit
1451 495 1551 536 eos
1570 479 1928 538 Christianos
1949 482 2102 539 dice-

2288 485 2341 540 4.
2373 487 2499 547 Πῶς
2529 484 2708 541 τοίνυν
2753 487 3064 563 Χριστιανοὶ
3113 487 3164 541 οἱ
3213 487 3290 560 μὴ
3338 483 3674 562 Χριστιανοὶ,
3713 483 3862 541 ἀλλὰ

456 585 538 635 re,
573 567 672 640 qui
703 583 820 624 non
853 567 1190 638 Christiani,
1215 569 1316 624 sed
1347 569 1544 624 Ariani
1573 570 1757 626 sunt?
1783 572 1870 626 An
1904 572 1974 627 ad
2009 589 2100 627 ca-

453 656 730 713 tholicam
762 655 1080 712 Ecclesiam
1113 655 1197 712 illi
1243 657 1555 730 pertinent,
1588 659 1686 730 qui
1719 659 2100 732 apostolicam

454 747 630 802 ﬁdem
661 750 1066 818 excusserunt,
1099 750 1155 801 et
1183 763 1463 802 novorum
1517 747 1805 804 malorum
1837 754 2102 806 auctores

457 835 736 892 fuerunt?
766 835 866 906 qui
899 835 1228 890 divinarum
1250 835 1678 906 Scripturarum
1703 837 1957 894 oraculis
1978 839 2106 895 reli-

456 924 718 992 ctis,Arii
738 923 955 980 Thalias
984 940 1190 980 novam
1225 925 1575 997 sapientiam
1595 925 1889 998 appellant
1909 931 1931 983 ?
1950 927 2104 999 quod

457 1013 696 1085 quidem
729 1030 846 1069 non
880 1013 1172 1070 immerito
1205 1013 1372 1069 aiunt
1402 1030 1415 1069 :
1451 1030 1658 1070 novam
1693 1015 1907 1088 quippe
1923 1015 2104 1072 haere-

459 1103 570 1158 sim
605 1101 980 1158 annuntiant.
1009 1101 1290 1167 Quocirca
1321 1102 1520 1158 mirari
1551 1103 1731 1171 subit,
1785 1104 1936 1176 quod
1970 1122 2102 1160 cum

461 1191 631 1247 multi
663 1189 950 1264 plurimos
971 1191 1425 1246 commentarios
1447 1199 1496 1246 et
1526 1207 1826 1247 sermones
1855 1193 2105 1265 scripse-

461 1281 582 1336 rint
609 1281 668 1336 in
701 1285 869 1336 vetus
922 1284 981 1334 et
1027 1279 1249 1335 Novum
1293 1283 1754 1349 Testamentum,
1817 1297 1922 1336 nec
1951 1283 2103 1354 apud

462 1369 638 1437 ullos,
669 1367 756 1424 vel
813 1367 986 1424 etiam
1021 1367 1172 1440 apud
1235 1367 1389 1424 822
1447 1367 1742 1440 graviores
1797 1369 2104 1441 gentilium

463 1461 732 1515 auctores
758 1457 964 1513 Thalia
991 1455 1440 1528 reperiatur,sed
1473 1459 1546 1514 ab
1575 1457 1668 1512 his
1700 1458 1982 1514 duntaxat
2012 1477 2104 1515 so-

461 1547 580 1604 leat
609 1545 896 1618 adhiberi,
929 1545 1029 1617 qui
1060 1545 1216 1601 inter
1239 1545 1446 1616 pocula
1471 1563 1604 1602 cum
1628 1545 1838 1619 plausu
1869 1553 1928 1603 et
1955 1548 2106 1603 face-

460 1635 560 1691 tiis
589 1634 704 1692 ista
733 1634 792 1689 in
823 1632 981 1689 ludis
1010 1638 1249 1700 canunt,
1302 1637 1366 1688 ut
1413 1633 1484 1689 ab
1523 1633 1656 1692 aliis
1703 1635 2060 1692 irrideantur
2091 1655 2104 1692 :

461 1723 748 1780 miriﬁcus
779 1723 950 1778 Arius
981 1721 1125 1777 nihil
1157 1722 1472 1779 honestum
1501 1727 1776 1790 sectatus,
1809 1725 2106 1796 imoigna-

460 1829 564 1869 rus
595 1812 734 1886 quid
753 1811 964 1884 probos
992 1810 1264 1867 homines
1293 1811 1954 1885 deceat.maximamque
1977 1831 2106 1886 par-

459 1907 578 1958 tem
611 1899 859 1956 aliarum
891 1899 1182 1955 han-esum
1215 1899 1663 1968 furatus,solius
1691 1901 1914 1958 Sotades
1943 1917 2107 1958 scur-

461 1989 600 2046 riles
630 1988 870 2046 facetias
899 1988 1209 2044 aemulatus
1241 1987 1368 2044 fuit.
1401 1989 1549 2052 Quid
1580 1990 1738 2044 enim
1769 2005 1902 2045 eum
1937 2007 2109 2062 agere

460 2077 934 2142 conveniebat,cu
944 2077 1195 2148 pientem
1211 2081 1413 2132 contra
1429 2076 1743 2133 Dominum
1762 2078 2104 2150 tripudiare,

461 2183 638 2240 quam
673 2166 920 2222 miseras
951 2181 1070 2220 suae
1099 2163 1422 2236 impietatis
1451 2165 1688 2222 voculas
1719 2166 2023 2224 dissolutis
2053 2172 2111 2224 et

461 2253 782 2312 luxuriosis
803 2252 995 2310 modis
1021 2253 1386 2326 signiﬁcare?
1405 2256 1998 2328 ut,quemadmodum
2021 2274 2111 2313 sa-

462 2345 688 2419 pientia
717 2344 817 2416 ait,
847 2345 932 2400 Ea:
957 2343 1141 2401 verbis
1182 2345 1298 2401 suis
1325 2350 1672 2418 cognoscetur
1717 2348 1804 2402 vir
1831 2363 1853 2408 ,·
1883 2348 1968 2404 sic
1995 2347 2108 2404 bu-

455 2434 721 2508 jusmodi
765 2433 1047 2506 numeris,
1105 2434 1408 2506 scriptoris
1455 2435 1690 2492 animus
1737 2437 2112 2495 effeminatus

463 2525 711 2596 ejusque
741 2525 953 2580 mentis
1003 2523 1300 2596 corruptio
1348 2528 1590 2596 pateret.
1649 2527 1718 2582 Et
1755 2542 1886 2582 vero
1934 2527 2114 2584 latere

461 2629 575 2669 non
609 2611 800 2686 potuit
827 2612 1002 2668 homo
1031 2617 1303 2670 versutus
1337 2631 1352 2670 :
1382 2631 1586 2671 verum
1619 2617 1886 2688 quamvis
1917 2617 2114 2690 smpis’

460 2701 612 2757 sime
641 2717 770 2757 sese
801 2701 1094 2775 serpentis
1125 2717 1288 2757 more
1317 2719 1551 2758 sursum
1603 2705 1948 2760 deorsumve
1975 2721 2110 2760 con-

458 2790 696 2846 torserit
724 2794 782 2846 et
807 2789 1061 2857 verterit,
1094 2793 1287 2846 tamen
1321 2791 1380 2847 in
1430 2793 1858 2850 Pharisaeorum
1911 2793 2113 2866 lapsus

458 2893 717 2935 errorem
751 2882 859 2935 est.
891 2883 1039 2934 Nam
1072 2883 1138 2936 ut
1169 2879 1252 2934 illi
1282 2879 1341 2935 in
1372 2881 1570 2938 animo
1600 2881 1884 2938 habentes
1921 2882 2111 2956 legem

458 2965 699 3038 violare,
731 2983 795 3023 se
825 2965 970 3040 legis
1001 2967 1175 3024 verba
1205 2969 1485 3035 meditari
1511 2970 1831 3042 ﬁngebant,
1857 2988 2114 3043 cumque

463 3059 867 3128 exspectatum
892 3057 1138 3129 jamque
1167 3062 1512 3130 praesentem
1554 3059 1869 3116 Dominum
1900 3059 2115 3116 vellent

461 3160 700 3218 negare,
731 3143 1096 3201 simulabant
1123 3145 1310 3202 Deum
1343 3162 1476 3202 eum
1509 3147 1824 3220 appellare,
1879 3165 2109 3206 eorum-

2213 572 2658 646 Ἀρέιομανῖται;
2715 576 2790 632 ’Ἠ
2843 577 2960 638 πῶς
3017 581 3116 644 τῆς
3173 573 3473 644 καθολικῆς
3529 571 3858 644 Ἐκκλησίας

2211 659 2343 716 εἰσὶν
2375 662 2428 716 οἱ
2454 663 2554 731 τήν
2604 662 2973 734 ἀποπολικήν
3025 663 3477 737 ἆποτιναξάμενοι
3529 661 3734 732 πίστιν,
3769 662 3858 717 καὶ

2211 754 2406 805 καινῶν
2461 756 2640 807 κακῶν
2701 750 2976 829 έφευρεταὶ
3033 753 3339 828 γενόμενοι,
3397 753 3449 807 οἱ
3507 753 3574 807 τὰ
3625 753 3718 826 μὶν
3749 756 3858 808 τῶν

2215 839 2369 893 θείων
2447 845 2671 918 Γραφῶν
2750 840 2915 917 λόγια
2986 845 3096 916 (39)
3152 841 3589 916 καταλείψαντες,
3645 841 3740 903 τὰς
3801 837 3862 896 δὲ

2213 923 2440 990 Θαλείας
2474 927 2685 1003 Ἀρείου
2733 929 2924 1007 σοφίαν
2965 930 3152 998 καινὴν
3189 929 3544 1002 ὀνομάζοντες
3573 949 3586 997 ;
3619 927 3859 983 Εἰκότως

2210 1019 2374 1071 τοῦτο
2430 1015 2677 1092 λέγοντες
2736 1021 2872 1091 (4Ο)’
2924 1020 3114 1088 καινὴν
3171 1018 3272 1096 γὰρ
3328 1015 3530 1094 α’ίρεσιν
3593 1015 3863 1092 ἀπαγγέλ-

2215 1101 2392 1162 λουσι.
2447 1106 2540 1160 Διὸ
2582 1104 2672 1161 καὶ
2722 1107 3038 1180 θαυμάσειεν
3081 1111 3140 1162 ἂν
3171 1129 3277 1180 τις,
3304 1106 3388 1162 ὅτι
3418 1104 3604 1162 πολλὰ
3633 1104 3860 1162 πολλῶν

2213 1193 2559 1268 συντάγματα
2611 1195 2700 1250 καὶ
2748 1194 3006 1259 πλείστας
3053 1195 3276 1271 ὁμιλίας
3337 1193 3412 1258 ε’ίς
3477 1216 3537 1272 γε
3593 1197 3708 1269 (41)
3763 1193 3860 1264 τὴν

2217 1281 2454 1338 Παλαιὰν
2505 1283 2594 1338 καὶ
2635 1284 2734 1352 τὴν
2785 1285 2980 1354 Καινὴν
3031 1287 3376 1360 γραψάντων,
3423 1284 3513 1340 καὶ
3561 1283 3706 1362 παρὰ
3753 1305 3864 1357 μη-

2218 1367 2327 1426 δενῖ
2376 1370 2606 1433 Θαλείας
2657 1373 3064 1446 εὑρισκομένης,
3134 1373 3282 1430 ἀλλά
3354 1371 3494 1446 μηδέ
3553 1372 3699 1450 παρὰ
3744 1377 3860 1436 τοῖς

2215 1457 2533 1521 σπουδαίοις
2561 1465 2670 1514 τῶν
2703 1459 3010 1536 Ἑλλήνων,
3108 1462 3254 1539 παρὰ
3288 1461 3477 1536 μόνοις
3511 1467 3628 1524 τοῖς
3677 1458 3863 1532 ᾅδουσι

2214 1547 2283 1602 τὰ
2325 1553 2550 1604 τοιαῦτα
2595 1549 2742 1624 παρὰ
2787 1550 2953 1606 πότον
3003 1552 3138 1626 μετᾶ
3165 1551 3364 1626 κρότου
3393 1550 3485 1606 καὶ
3515 1549 3861 1624 σκωμμάτων

2217 1637 2270 1690 ἑν
2302 1633 2568 1702 παιδιαῖς,
2615 1635 2790 1694 ἕνεκεν
2839 1643 2936 1694 τοῦ
2983 1639 3242 1715 γελᾶσθαι
3273 1640 3400 1714 παρ’
3427 1640 3647 1716 ἑτέρων,
3677 1640 3706 1695 ὁ
3738 1650 3865 1703 θαυ-

2221 1745 2420 1798 μαστος
2465 1726 2681 1800 Ἄρειος
2733 1725 2884 1783 οὐδὲν
2917 1728 3110 1802 σεμνὸν
3147 1729 3548 1802 μιμησάμενος,
3606 1727 3748 1784 ἀλλὸ
3775 1727 3865 1783 καὶ

2215 1814 2282 1870 τὰ
2308 1819 2416 1870 τῶν
2466 1814 2770 1872 σπουδαίων
2817 1819 3104 1893 ἀγνοήσας,
3153 1818 3384 1875 πλεῖστά
3429 1839 3488 1874 τε
3536 1821 3644 1873 τῶν
3677 1819 3862 1873 ἄλλων

2217 1901 2472 1980 αἱρέσεων
2525 1903 2860 1980 ὑποκλέψας,
2917 1905 3017 1976 τὴν
3075 1912 3173 1962 τοῦ
3233 1904 3490 1963 Σωτάδου
3536 1908 3652 1981 (42)
3695 1906 3864 1980 μόνου

2215 1990 2598 2068 γελοιολογίαν
2644 1993 2910 2064 ἐζήλωσε.
2960 1995 3022 2050 Τί
3077 1996 3178 2072 γὰρ
3225 1993 3425 2072 ἔπρεπε
3471 2002 3646 2051 ποιεῖν
3678 1995 3860 2066 αὐτὸν,

2215 2081 2251 2150 ἢ
2285 2079 2509 2145 θέλοντα
2536 2083 2672 2138 κατᾶ
2698 2087 2796 2138 τοῦ
2829 2090 3090 2160 Σωτῆρος
3123 2084 3486 2162 ὀρχήσασθαι,
3515 2085 3584 2140 τὸ.
3627 2081 3864 2155 δύστηνα

2217 2170 2410 2224 ἑαυτοῦ
2459 2169 2702 2247 ῥημάτια
2746 2179 2845 2242 τῆς
2892 2167 3136 2236 ἀσεϐείας
3185 2173 3236 2228 έν
3277 2173 3524 2236 έκλύτοις
3553 2173 3642 2228 καὶ
3671 2193 3864 2248 παρει-

2223 2257 2404 2332 μένοις
2460 2258 2646 2332 μέλεσι
2707 2259 3040 2335 σημαίνειν;
3093 2259 3166 2316 ἵν’
3223 2261 3404 2338 ὥσπερ
3432 2265 3467 2333 ἡ
3500 2262 3659 2340 σοφία
3689 2263 3864 2341 φησὶν,

2218 2347 2354 2404 ’Δπὸ
2433 2345 2619 2419 ἐξόδου
2701 2347 2869 2426 λόγου
2953 2349 3412 2427 ἐπιγνωσθήσεται
3496 2353 3611 2424 (43)
3692 2351 3868 2426 ἀνὴρ,

2219 2436 2392 2500 οὕτως
2424 2435 2516 2492 ἀπ’
2567 2435 2784 2493 ἐκείνων
2841 2438 2906 2494 τὸ
2951 2446 3053 2510 τῆς
3101 2443 3288 2516 ψυχῆς
3341 2441 3417 2514 μή
3450 2437 3746 2516 ἀνδρῶδες,
3779 2438 3868 2494 καὶ

2219 2530 2318 2592 τῆς
2377 2522 2616 2588 διανοίας
2673 2529 2709 2597 ἡ
2771 2527 2948 2604 φθορᾶ
3000 2531 3098 2583 τοῦ
3155 2529 3461 2605 γράψαντος
3508 2529 3864 2604 γινώσκηται.

2219 2614 2319 2670 Καὶ
2348 2615 2452 2691 γὰρ
2482 2611 2608 2670 οὐδὲ
2654 2611 2842 2680 ἔλαθεν
2882 2617 2910 2672 ὁ
2960 2613 3147 2679 δόλιος
3182 2621 3313 2692 (44),
3348 2617 3490 2674 ἀλλᾶ
3517 2617 3694 2672 καίτοι
3727 2615 3867 2672 πολ-

2221 2701 2401 2776 λάκις,
2459 2703 2535 2766 ὡς
2596 2705 2624 2758 ὁ
2683 2700 2825 2784 ὄφις,
2884 2705 2995 2760 ἅνω
3050 2707 3140 2760 καὶ
3182 2706 3330 2761 κάτω
3380 2707 3620 2784 στρέφων
3659 2704 3866 2774 ἑαυτὸν,

2221 2789 2373 2865 ὅμως
2403 2790 2681 2848 πέπτωκεν
2715 2791 2792 2856 εἷς
2821 2794 2920 2863 τήν
2951 2792 3166 2865 πλάνην
3214 2799 3322 2849 τῶν
3371 2793 3681 2871 Φαρισαίων
3731 2795 3864 2868 (45)·

2221 2881 2309 2943 Ὠς
2337 2881 2440 2958 γὰρ
2471 2879 2685 2952 ἐκεῖνοι,
2737 2879 2984 2947 θέλοντες
3031 2889 3390 2958 παρανομεῖν,
3435 2881 3868 2960 έσχηματίζοντο

2217 2970 2286 3026 τὰ
2311 2974 2409 3026 τοῦ
2466 2971 2638 3045 νόμου
2686 2969 2914 3045 μελετᾷν
2967 2971 3204 3048 ῥήματα,
3254 2971 3344 3028 καὶ
3391 2970 3639 3035 θέλοντες
3687 2971 3868 3046 ἀρνεῖ-

2221 3071 2342 3126 σθαι
2397 3061 2490 3116 τὸν
2548 3057 2994 3138 προσδοκηθέντα
3047 3061 3140 3117 καὶ
3194 3060 3434 3139 παρόντα
3493 3061 3716 3132 Κύριον,
3775 3061 3868 3116 ὕπ-

2221 3149 2496 3227 εκρίνοντο
2531 3149 2626 3222 μὲν
2659 3149 2946 3224 ὀνομάζειν
2977 3149 3068 3206 τὸν
3101 3151 3254 3222 Θεὸν,
3286 3149 3590 3228 ἠλέγχοντο
3623 3147 3680 3205 δὲ
3735 3147 3865 3226 βλα-

465 3249 580 3306 que
609 3233 997 3290 nihilominus
1037 3235 1306 3292 convicta
1334 3235 1608 3310 impietas
1657 3241 1746 3293 est
1792 3254 1927 3294 cum
1959 3239 2112 3296 dice-

2227 3242 2564 3317 σφημοῦντες
2617 3237 2670 3294 έν
2726 3243 2808 3312 τῷ
2867 3236 3065 3318 λέγειν,
3122 3237 3212 3294 διὰ
3258 3239 3312 3294 τί
3368 3239 3452 3309 συ,
3485 3237 3764 3314 ἅνθρωπος
3794 3236 3866 3292 ὥν

467 3327 616 3392 rent,
645 3339 774 3391 cur,
807 3327 886 3390 tu,
922 3323 1086 3380 homo
1113 3340 1240 3380 cum
1265 3327 1361 3396 sis,
1393 3327 1536 3396 facis
1570 3327 1804 3396 teipsum
1834 3328 2026 3395 Deum,
2057 3332 2116 3383 et

469 3410 646 3484 dicis,
702 3413 815 3484 Ego
867 3419 919 3468 et
967 3418 1142 3469 Pater
1191 3429 1366 3468 unum
1421 3430 1609 3470 sumus
1639 3415 1716 3470 ‘7
1745 3414 1828 3472 ita
1882 3431 2117 3488 quoque

469 3500 702 3556 fucatus
738 3505 795 3557 et
822 3501 1108 3579 Sotadeus
1159 3501 1331 3558 Arius
1361 3501 1604 3559 simulat
1650 3504 1887 3576 quidem
1937 3521 1998 3561 se
2046 3505 2118 3561 de

473 3595 583 3646 Deo
604 3589 932 3664 loqui,cum
955 3590 1393 3664 Scripturarum
1414 3593 1658 3650 vocibus
1673 3593 1876 3661 utitur;
1896 3597 1956 3650 at
1972 3592 2118 3650 nihil

467 3678 525 3734 id
557 3678 803 3750 impedit
823 3680 1140 3752 quonimus
1163 3677 1370 3737 atheus
1389 3685 1448 3736 et
1476 3680 1694 3754 impius
1709 3699 1837 3738 esse
1861 3683 2120 3756 undique

349 3820 354 3826 .
467 3768 1096 3842 convincatur,quippe
1125 3769 1225 3842 qui
1259 3769 1362 3826 Dei
1390 3769 1602 3827 Filinm
1642 3771 1856 3828 audeat
1885 3787 2119 3844 negare,

466 3873 722 3930 eumque
754 3857 908 3914 inter
939 3874 1034 3915 res
1064 3863 1291 3914 creatas
1323 3865 1691 3918 annumeret.

539 3947 800 4019 5.lpsum
833 3947 1032 4018 itaque
1061 3947 1282 4002 Arianae
1316 3947 1532 4007 Thali}?
1559 3954 1616 4006 et
1644 3949 1936 4006 futililatis
1957 3967 2121 4007 exor-

469 4035 820 4108 dium,quod
856 4052 1048 4092 mores
1079 4037 1354 4094 modosve
1375 4037 1740 4095 effeminatos
1760 4056 1875 4112 pres
1905 4055 1966 4096 se
1989 4041 2120 4108 fert,

473 4123 818 4195 hujusmodi
849 4128 940 4180 est
972 4141 985 4180 :
1023 4143 1052 4178 ιι
1099 4124 1278 4181 Juxta
1327 4142 1528 4184 eorum
1578 4127 1753 4184 ﬁdem
1804 4128 1906 4200 qui
1954 4128 2122 4184 electi

2223 3328 2351 3384 Θεὸν
2411 3328 2629 3383 σεαυτὸν
2689 3332 2890 3398 ποιεῖς,
2945 3329 3036 3384 καὶ
3093 3326 3296 3404 λέγεις,
3355 3328 3498 3404 Ἐγὼ
3555 3327 3643 3384 καὶ
3700 3328 3870 3382 ὁΠα-

2220 3418 2326 3495 τήρ
2355 3413 2410 3472 ἓν
2439 3415 2620 3490 ἐσμεν,
2651 3415 2795 3472 οὕτω
2825 3417 2916 3473 καὶ
2947 3417 2974 3471 ὁ
3005 3411 3272 3488 κίϐδηλος
3303 3417 3394 3472 καὶ
3429 3413 3735 3478 Σωτάδειος
3760 3417 3870 3490 (46)

2225 3511 2420 3582 "Apto;
2481 3505 2822 3582 ὑποκρίνεται
2875 3507 2969 3582 μὶν
3031 3507 3106 3569 ὡς
3155 3505 3280 3582 περὶ
3333 3509 3472 3562 Θεοῦ
3510 3504 3706 3582 λέγων,
3736 3524 3872 3580 παρ-

2227 3593 2447 3658 εντιθεὶς
2508 3597 2619 3667 (47)
2675 3595 2772 3658 τὰς
2828 3599 2936 3651 τῶν
2996 3599 3222 3672 Γραφῶν
3283 3593 3478 3666 λέξεις,
3506 3592 3787 3670 ἑλεγχεται
3817 3589 3876 3648 δὶ

2227 3681 2564 3758 πανταχόθεν
2613 3685 2833 3758 ’Ἄρειος
2881 3684 3058 3752 ἄθεος,
3105 3682 3436 3759 ἀρνούμενος
3465 3683 3555 3738 τὸν
3585 3682 3732 3752 ne»,
3783 3680 3874 3736 καὶ

2225 3776 2345 3834 τοῖς
2374 3773 2678 3846 ποιήμασιν
2711 3771 2868 3828 αὐτὸν
2902 3776 3270 3847 συναριθμῶν.

2299 3949 2354 4006 5.
2385 3950 2446 4006 Ἣ
2485 3949 2580 4023 μὶν
2609 3947 2700 4005 οὖν
2735 3949 2884 4026 ἀρχὴ
2914 3955 3016 4020 τῆς
3045 3911 3331 4024 Ἀρειανῆς
3369 3947 3596 4012 Θαλείας
3625 3951 3738 4024 (48)
3783 3948 3872 4003 καὶ

2229 4037 2617 4117 κουφολογίας,
2649 4041 2782 4108 ἦθος
2811 4036 3016 4114 ἔχουσα
3044 4038 3133 4095 καὶ
3187 4038 3354 4113 μέλος
3407 4037 3669 4111 θηλυκὸν,
3715 4037 3872 4108 αὕτηο

2233 4152 2261 4181 ‹‹
2295 4127 2446 4184 Κατὰ
2473 4126 2652 4183 πίστιν
2681 4127 2948 4184 ἐκλεκτῶν
2981 4132 3136 4199 Θεοῦ,
3178 4131 3409 4184 συνετῶν
3462 4134 3618 4200 Θεου,
3666 4123 3875 4182 παίδων

474 4212 776 4285 Dei,periti
805 4213 932 4282 Dei,
962 4210 1064 4268 ﬁlii
1097 4214 1286 4270 sancti
1315 4219 1374 4270 et
1405 4215 1708 4272 orthodoxi
1739 4217 2112 4290 sunt,quique

2233 4215 2421 4293 ἁγίων,
2483 4215 2827 4293 ὀρθοτόμων,
2889 4219 3038 4294 ἅγιον
3093 4221 3226 4274 Θεοῦ
3298 4221 3513 4290 πνεῦμα
3575 4211 3876 4286 λαϐόντων,

473 4305 745 4358 sanctum
777 4300 878 4357 Dei
909 4301 1191 4375 Spiritum
1223 4309 1594 4376 acceperunt,
1613 4304 1734 4361 hac
1758 4321 1863 4378 ego
1894 4306 2068 4361 didici
2093 4323 2112 4362 ε

2232 4303 2360 4362 τάδε
2416 4301 2616 4379 ἔμαθον
2676 4303 2849 4382 ἔγωγε
2903 4306 3006 4362 ὑπὸ
3077 4311 3184 4362 τῶν
3261 4305 3452 4386 σοφίας
3516 4305 3878 4382 μετεχόντων,

471 4391 636 4460 viris,
668 4389 769 4462 qui
793 4389 1093 4464 sapientiae
1124 4391 1460 4465 participes,
1492 4409 1708 4462 comes,
1741 4411 1775 4450 a
1806 4395 1917 4452 Deo
1947 4395 2124 4465 docti,

542 4571 564 4607 ⁶
593 4570 763 4628 Joau.
793 4587 852 4638 x,
873 4570 962 4642 33,
995 4571 1085 4628 30.

2235 4393 2480 4464 ἀστείων,
2513 4392 2890 4467 θεοδιδάκτων,
2921 4395 3058 4452 κατᾶ
3083 4395 3258 4452 πάντα
3300 4399 3479 4475 σοφῶν
3527 4416 3607 4454 τε.
3663 4393 3877 4450 Τούτων

691 4759 953 4838 segnem,
983 4755 1051 4811 τὰ
1083 4759 1188 4838 ’μὲν
1235 4759 1469 4838 Χριστοῦ
1501 4755 1681 4838 λόγια.
1702 4759 1833 4838 M0;
1861 4760 2112 4834 Seguera

2232 4762 2526 4838 νώσκηται.
2558 4763 2704 4838 Ibid.
2738 4763 3072 4838 conjuncth
3099 4762 3191 4819 καί
3234 4766 3368 4838 post
3413 4762 3555 4838 ἀνήρ
3597 4763 3677 4838 in,
3705 4761 3880 4838 editis

473 4825 687 4902 σαλιαξ,
718 4825 878 4902 et'ad
902 4825 1235 4902 marginem
1269 4825 1385 4902 alia
1411 4825 1610 4899 manu,
1643 4828 1893 4900 Θαλείας,
1936 4825 2014 4889 iit
2070 4825 2130 4890 et

475 4901 654 4957 habet
682 4899 1070 4958 Goblerianus
1099 4906 1154 4958 ct
1206 4900 1458 4960 Felckm.
1513 4903 1564 4958 1.
1597 4903 1745 4959 Editi
1777 4899 1917 4961 vero
1943 4909 2000 4960 ct
2029 4905 2127 4962 alii

476 4968 946 5170 Θαᾷιῧςῗειοιςω.
977 5044 1032 5132 ξ,
1066 5039 1305 5118 λέγουσι.
1337 5044 1856 5130 Ιὺίάηξρευειχὶβη.
1889 5046 2120 5132 Gobler.

478 5119 548 5170 Fc
575 5115 728 5170 ckm.
763 5115 817 5173 1.
847 5133 1036 5173 καινην
1067 5114 1191 5173 γάρ.
1223 5121 1342 5172 etc.
1399 5117 1548 5172 Editi
1583 5123 1641 5173 et
1670 5117 1770 5173 alu
1798 5117 1899 5173 γάρ
1950 5125 2120 5173 omit-

478 5125 728 5170 Felckm.
763 5125 817 5180 1,
847 5125 1036 5182 καινήν
1067 5125 1191 5189 γάρ,
1223 5125 1342 5172 etc.
1399 5125 1548 5172 Editi
1583 5125 1641 5173 et
1670 5125 1770 5174 alii
1798 5125 1899 5192 γάρ
1950 5125 2122 5177 omit-

477 5185 1021 5264 tun}:_B_egius,_xai
1052 5191 1143 5264 νῦν
1176 5183 1377 5264 α’ίρεσιν
1407 5187 1860 5264 καταγγέλλουσα
2017 5261 2047 5264 ,Α

547 5257 659 5332 (41)
691 5255 1056 5332 Se'gugriana
1089 5255 1164 5319 εῒ’ς
1193 5255 1268 5313 τὲ.
1295 5259 1486 5332 ΔΡειιιιο
1517 5255 1650 5332 pb'st
1694 5262 1861 5332 idem,
1899 5281 1909 5307 ι
1939 5261 2120 5332 tuo-

475 5327 722 5385 biérian.
755 5327 812 5384 et
843 5328 1096 5386 Felckm.
1131 5332 1182 5397 1,
1216 5327 1461 5392 Θαλείας.
1494 5327 1606 5388 Alii
1637 5337 1694 5388 et
1725 5329 2120 5398 Θόὶῐὶ,Θαλίας.

547 5401 660 5472 (42)
690 5401 927 5472 Seguer.
961 5401 1192 5458 Gobler.
1226 5408 1282 5458 et
1310 5403 1560 5460 Felckm.
1595 5406 1648 5469 1,
1683 5409 1962 5471 Σωτατου,
2005 5407 2121 5460 An-

476 5471 900 5560 glic.mFelckm.
933 5475 968 5528 2
1014 5477 1070 5528 et
1123 5475 1178 5542 5,
1237 5473 1512 5532 Σωσάτου.
1575 5475 1760 5532 Editio
1815 5476 2118 5546 Commel.,

477 5548 928 5692 liii’tgiogéguer.
961 5614 1182 5692 Agglic.
1218 5617 1447 5692 Gobler.
1481 5618 1736 5692 Felckm.
1771 5618 1840 5692 l,
1855 5615 2116 5692 ἐπιγνωσ-

473 5683 714 5752 θήσεται.
751 5683 890 5756 Heg.
921 5689 979 5740 et
1008 5683 1266 5744 Folokm.
1299 5689 1354 5756 5,
1409 5691 1750 5764 γινώσκεται.
1802 5683 1976 5760 Εόἱῐὶ,
2033 5709 2117 5764 γι-

2274 4835 2426 4911 osita
2453 4836 2616 4911 deest
2642 4836 2703 4892 in
2729 4833 2969 4910 Seguer.
3002 4837 3144 4911 Reg.
3177 4833 3353 4894 Basil.
3386 4833 3614 4909 Anglic.
3646 4833 3876 4890 Gobler.

2251 4905 2808 5062 .Seguer.
2841 4978 3072 5036 Gobler.
3103 4977 3359 5037 Felckm'
3394 4979 3446 5033 1.
3476 4975 3630 5036 Editi
3658 4992 3794 5033 vero
3822 4979 3882 5033 et

2233 5049 2331 5106 alii
2363 5047 2624 5112 δείλαιος.
2646 5047 2677 5053 ⁷
3589 5115 3600 5126 ⁸

2233 5121 2417 5248 “$23).
2445 5124 2661 5198 Seguer
2691 5120 2921 5179 Gobler.
2966 5121 3220 5180 Felckm.
3274 5122 3326 5192 1,
3373 5122 3482 5175 τῶν
3540 5127 3664 5174 τότε
3705 5123 3878 5192 Φαρι-

2231 5212 2417 5250 σαιων.

2304 5267 2416 5340 (46)
2447 5266 2682 5340 Seguer.
2718 5267 2776 5320 et
2806 5265 2946 5338 Reg.
2981 5263 3278 5328 Σωτάτιος.
3309 5261 3874 5338 Anglican.Felckm.

2230 5337 2266 5391 2
2293 5336 2346 5394 ei
2377 5336 2432 5405 5,
2467 5336 2789 5396 Σώσάτειος.

2303 5403 2539 5480 (47)’8ἱο
2586 5407 3103 5480 Βοευειι.ροὺ1θι·.
3151 5412 3209 5464 et
3249 5407 3506 5480 Felckm.
3556 5405 3606 5461 1.
3635 5405 3706 5480 At
3730 5403 3876 5480 editi

2231 5486 2289 5536 et
2310 5475 2440 5553 alii,
2472 5475 2804 5553 παρατῶείς.
2839 5478 2968 5553 M0;
2989 5481 3241 5553 _Seguer.
3278 5477 3561 5553 πάντοθεν,
3594 5476 3695 5549 qui
3726 5475 3869 5532 ibid.

2231 5557 2296 5606 ut
2323 5558 2380 5608 et
2405 5549 2733 5608 Goblerian.
2767 5555 2828 5606 et
2860 5549 3110 5609 Felckm'.
3145 5553 3170 5606 1
3205 5551 3424 5608 omittit
3451 5549 3692 5609 ’Ἄρειος

2231 5566 2296 5606 ut
2323 5566 2380 5608 et
2405 5566 2733 5608 uoDlerian.
2767 5566 2828 5606 et
2860 5566 3110 5609 r‘elcxm.
3145 5566 3170 5606 1
3205 5566 3424 5608 omnm
3455 5566 3692 5676 Ἀρειοςο
3811 5616 3843 5630 η

2228 5623 2670 5748 Θαφέὲξοευρτ.
2701 5619 2930 5678 Gobler.
2963 5628 3022 5679 et
3052 5623 3305 5682 Felckm.
3339 5623 3395 5691 1,
3451 5627 3526 5676 Θα
3570 5619 3696 5682 είας.
3733 5617 3869 5689 A111,

2271 5711 2448 5755 αΑιας.
