  <div class='ocr_page' id='page_1' title='image "/cluster/home/n/w/nwhite01/storage/ocr_20150623/26/hvd.32044019208479/017.png"; bbox 0 0 4090 6348; ppageno 0'>
   <div class='ocr_carea' id='block_1_1' title="bbox 443 346 3848 414">
    <p class='ocr_par' dir='ltr' id='par_1_1' title="bbox 443 346 3848 414">
     <span class='ocr_line' id='line_1_1' title="bbox 443 346 3848 414; baseline -0.001 -4"><span class='ocrx_word' id='word_1_1' title='bbox 443 351 516 410; x_wconf 78' lang='grc'><strong>19</strong></span> <span class='ocrx_word' id='word_1_2' title='bbox 989 348 1052 408; x_wconf 91' lang='lat' dir='ltr'><strong>S.</strong></span> <span class='ocrx_word' id='word_1_3' title='bbox 1100 347 1526 408; x_wconf 79' lang='lat' dir='ltr'><strong>ATHANASII</strong></span> <span class='ocrx_word' id='word_1_4' title='bbox 1569 349 1741 410; x_wconf 82' lang='lat' dir='ltr'><strong>UPP.</strong></span> <span class='ocrx_word' id='word_1_5' title='bbox 1792 349 2014 408; x_wconf 77' lang='lat' dir='ltr'><strong>PARS.</strong></span> <span class='ocrx_word' id='word_1_6' title='bbox 2063 348 2112 409; x_wconf 87' lang='grc' dir='ltr'>Ι.</span> <span class='ocrx_word' id='word_1_7' title='bbox 2152 382 2214 392; x_wconf 81' lang='lat'><strong>-</strong></span> <span class='ocrx_word' id='word_1_8' title='bbox 2267 349 2682 412; x_wconf 61' lang='lat' dir='ltr'><strong>llISTORICA</strong></span> <span class='ocrx_word' id='word_1_9' title='bbox 2729 352 2828 414; x_wconf 85' lang='lat' dir='ltr'><strong>ET</strong></span> <span class='ocrx_word' id='word_1_10' title='bbox 2872 349 3344 414; x_wconf 80' lang='lat' dir='ltr'><strong>DOGMA&#39;l‘lCA.</strong></span> <span class='ocrx_word' id='word_1_11' title='bbox 3767 346 3848 406; x_wconf 78' lang='lat'><strong>20</strong></span> 
     </span>
    </p>
   </div>
   <div class='ocr_carea' id='block_1_2' title="bbox 515 475 2106 557">
    <p class='ocr_par' dir='ltr' id='par_1_2' title="bbox 515 477 2088 551">
     <span class='ocr_line' id='line_1_2' title="bbox 515 477 2088 551; baseline 0.001 -17"><span class='ocrx_word' id='word_1_12' title='bbox 515 481 565 535; x_wconf 78' lang='grc'><strong>4.</strong></span> <span class='ocrx_word' id='word_1_13' title='bbox 597 479 746 536; x_wconf 89' lang='lat' dir='ltr'><strong>Num</strong></span> <span class='ocrx_word' id='word_1_14' title='bbox 775 478 952 551; x_wconf 80' lang='lat' dir='ltr'><strong>igitur</strong></span> <span class='ocrx_word' id='word_1_15' title='bbox 979 494 1208 551; x_wconf 68' lang='lat' dir='ltr'><strong>mquum</strong></span> <span class='ocrx_word' id='word_1_16' title='bbox 1240 477 1417 534; x_wconf 84' lang='lat' dir='ltr'><strong>fuerit</strong></span> <span class='ocrx_word' id='word_1_17' title='bbox 1437 494 1536 534; x_wconf 90' lang='lat' dir='ltr'><strong>eos</strong></span> <span class='ocrx_word' id='word_1_18' title='bbox 1555 478 1914 536; x_wconf 87' lang='lat' dir='ltr'><strong>Christianos</strong></span> <span class='ocrx_word' id='word_1_19' title='bbox 1935 479 2088 535; x_wconf 91' lang='lat' dir='ltr'><strong>dice-</strong></span> 
     </span>
    </p>
   </div>
   <div class='ocr_carea' id='block_1_3' title="bbox 2220 475 3848 557">
    <p class='ocr_par' dir='ltr' id='par_1_3' title="bbox 2275 475 3848 557">
     <span class='ocr_line' id='line_1_3' title="bbox 2275 475 3848 557; baseline -0.002 -23"><span class='ocrx_word' id='word_1_20' title='bbox 2275 481 2326 535; x_wconf 79' lang='grc'>4.</span> <span class='ocrx_word' id='word_1_21' title='bbox 2360 483 2484 542; x_wconf 90' lang='grc' dir='ltr'>Πῶς</span> <span class='ocrx_word' id='word_1_22' title='bbox 2515 479 2695 535; x_wconf 87' lang='grc' dir='ltr'>τοίνυν</span> <span class='ocrx_word' id='word_1_23' title='bbox 2739 480 3050 557; x_wconf 79' lang='grc' dir='ltr'><strong>Χριστιανοὶ</strong></span> <span class='ocrx_word' id='word_1_24' title='bbox 3098 480 3150 533; x_wconf 75' lang='grc' dir='ltr'><strong>οἱ</strong></span> <span class='ocrx_word' id='word_1_25' title='bbox 3199 479 3275 551; x_wconf 83' lang='grc' dir='ltr'>μή</span> <span class='ocrx_word' id='word_1_26' title='bbox 3324 475 3660 554; x_wconf 74' lang='grc' dir='ltr'><strong>Χριστιανοὶ,</strong></span> <span class='ocrx_word' id='word_1_27' title='bbox 3699 475 3848 532; x_wconf 79' lang='grc' dir='ltr'>ἀλλὰ</span> 
     </span>
    </p>
   </div>
   <div class='ocr_carea' id='block_1_4' title="bbox 442 567 2088 641">
    <p class='ocr_par' dir='ltr' id='par_1_4' title="bbox 442 567 2088 641">
     <span class='ocr_line' id='line_1_4' title="bbox 442 567 2088 641; baseline -0.001 -15"><span class='ocrx_word' id='word_1_28' title='bbox 442 587 524 638; x_wconf 90' lang='lat' dir='ltr'><strong>re,</strong></span> <span class='ocrx_word' id='word_1_29' title='bbox 559 569 657 641; x_wconf 85' lang='lat' dir='ltr'><strong>qui</strong></span> <span class='ocrx_word' id='word_1_30' title='bbox 690 583 807 625; x_wconf 88' lang='lat' dir='ltr'><strong>non</strong></span> <span class='ocrx_word' id='word_1_31' title='bbox 837 567 1176 639; x_wconf 89' lang='lat' dir='ltr'><strong>Christiani,</strong></span> <span class='ocrx_word' id='word_1_32' title='bbox 1201 567 1303 623; x_wconf 86' lang='lat' dir='ltr'><strong>sed</strong></span> <span class='ocrx_word' id='word_1_33' title='bbox 1334 568 1530 624; x_wconf 89' lang='lat' dir='ltr'><strong>Ariani</strong></span> <span class='ocrx_word' id='word_1_34' title='bbox 1559 568 1743 624; x_wconf 86' lang='lat' dir='ltr'><strong>sunt?</strong></span> <span class='ocrx_word' id='word_1_35' title='bbox 1770 570 1857 624; x_wconf 86' lang='lat' dir='ltr'><strong>An</strong></span> <span class='ocrx_word' id='word_1_36' title='bbox 1890 569 1960 624; x_wconf 90' lang='lat' dir='ltr'><strong>ad</strong></span> <span class='ocrx_word' id='word_1_37' title='bbox 1995 586 2088 624; x_wconf 85' lang='lat' dir='ltr'><strong>ca-</strong></span> 
     </span>
    </p>
   </div>
   <div class='ocr_carea' id='block_1_5' title="bbox 440 655 2087 730">
    <p class='ocr_par' dir='ltr' id='par_1_5' title="bbox 440 655 2087 730">
     <span class='ocr_line' id='line_1_5' title="bbox 440 655 2087 730; baseline -0.001 -15"><span class='ocrx_word' id='word_1_38' title='bbox 440 659 716 716; x_wconf 87' lang='lat' dir='ltr'><strong>tholicam</strong></span> <span class='ocrx_word' id='word_1_39' title='bbox 749 657 1066 714; x_wconf 85' lang='lat' dir='ltr'><strong>Ecclesiam</strong></span> <span class='ocrx_word' id='word_1_40' title='bbox 1101 655 1183 712; x_wconf 90' lang='lat' dir='ltr'>illi</span> <span class='ocrx_word' id='word_1_41' title='bbox 1230 657 1542 729; x_wconf 82' lang='lat' dir='ltr'><strong>pertinent,</strong></span> <span class='ocrx_word' id='word_1_42' title='bbox 1574 657 1672 729; x_wconf 87' lang='lat' dir='ltr'><strong>qui</strong></span> <span class='ocrx_word' id='word_1_43' title='bbox 1707 655 2087 730; x_wconf 82' lang='lat' dir='ltr'><strong>apostolicam</strong></span> 
     </span>
    </p>
   </div>
   <div class='ocr_carea' id='block_1_6' title="bbox 442 745 2090 818">
    <p class='ocr_par' dir='ltr' id='par_1_6' title="bbox 442 745 2090 818">
     <span class='ocr_line' id='line_1_6' title="bbox 442 745 2090 818; baseline -0.001 -14"><span class='ocrx_word' id='word_1_44' title='bbox 442 749 618 804; x_wconf 79' lang='lat' dir='ltr'><strong>ﬁdem</strong></span> <span class='ocrx_word' id='word_1_45' title='bbox 648 751 1053 818; x_wconf 82' lang='lat' dir='ltr'><strong>excusserunt,</strong></span> <span class='ocrx_word' id='word_1_46' title='bbox 1085 750 1142 802; x_wconf 91' lang='lat' dir='ltr'><strong>et</strong></span> <span class='ocrx_word' id='word_1_47' title='bbox 1170 763 1450 802; x_wconf 91' lang='lat' dir='ltr'><strong>novorum</strong></span> <span class='ocrx_word' id='word_1_48' title='bbox 1503 745 1792 802; x_wconf 88' lang='lat' dir='ltr'><strong>malorum</strong></span> <span class='ocrx_word' id='word_1_49' title='bbox 1823 752 2090 802; x_wconf 83' lang='lat' dir='ltr'><strong>auctores</strong></span> 
     </span>
    </p>
   </div>
   <div class='ocr_carea' id='block_1_7' title="bbox 444 835 2093 908">
    <p class='ocr_par' dir='ltr' id='par_1_7' title="bbox 444 835 2093 908">
     <span class='ocr_line' id='line_1_7' title="bbox 444 835 2093 908; baseline -0.001 -16"><span class='ocrx_word' id='word_1_50' title='bbox 444 836 722 893; x_wconf 80' lang='lat' dir='ltr'><strong>fuerunt?</strong></span> <span class='ocrx_word' id='word_1_51' title='bbox 753 836 852 908; x_wconf 86' lang='lat' dir='ltr'><strong>qui</strong></span> <span class='ocrx_word' id='word_1_52' title='bbox 885 835 1214 891; x_wconf 87' lang='lat' dir='ltr'><strong>divinarum</strong></span> <span class='ocrx_word' id='word_1_53' title='bbox 1237 835 1666 906; x_wconf 89' lang='lat' dir='ltr'><strong>Scripturarum</strong></span> <span class='ocrx_word' id='word_1_54' title='bbox 1691 835 1944 891; x_wconf 81' lang='lat' dir='ltr'><strong>oraculis</strong></span> <span class='ocrx_word' id='word_1_55' title='bbox 1964 836 2093 892; x_wconf 88' lang='lat' dir='ltr'><strong>reli-</strong></span> 
     </span>
    </p>
   </div>
   <div class='ocr_carea' id='block_1_8' title="bbox 443 923 2090 997">
    <p class='ocr_par' dir='ltr' id='par_1_8' title="bbox 443 923 2090 997">
     <span class='ocr_line' id='line_1_8' title="bbox 443 923 2090 997; baseline -0.002 -15"><span class='ocrx_word' id='word_1_56' title='bbox 443 925 704 993; x_wconf 83' lang='lat' dir='ltr'><strong>ctis,Arii</strong></span> <span class='ocrx_word' id='word_1_57' title='bbox 725 924 942 980; x_wconf 67' lang='lat' dir='ltr'><strong>Thaliae</strong></span> <span class='ocrx_word' id='word_1_58' title='bbox 973 939 1178 980; x_wconf 89' lang='lat' dir='ltr'><strong>novam</strong></span> <span class='ocrx_word' id='word_1_59' title='bbox 1213 923 1563 997; x_wconf 79' lang='lat' dir='ltr'><strong>sapientiam</strong></span> <span class='ocrx_word' id='word_1_60' title='bbox 1581 923 1876 996; x_wconf 87' lang='lat' dir='ltr'><strong>appellant</strong></span> <span class='ocrx_word' id='word_1_61' title='bbox 1897 928 1919 980; x_wconf 76' lang='grc' dir='ltr'><strong><em>Ρ</em></strong></span> <span class='ocrx_word' id='word_1_62' title='bbox 1937 924 2090 996; x_wconf 88' lang='lat' dir='ltr'><strong>quod</strong></span> 
     </span>
    </p>
   </div>
   <div class='ocr_carea' id='block_1_9' title="bbox 445 1013 2092 1087">
    <p class='ocr_par' dir='ltr' id='par_1_9' title="bbox 445 1013 2092 1087">
     <span class='ocr_line' id='line_1_9' title="bbox 445 1013 2092 1087; baseline -0.001 -16"><span class='ocrx_word' id='word_1_63' title='bbox 445 1015 683 1087; x_wconf 87' lang='lat' dir='ltr'><strong>quidem</strong></span> <span class='ocrx_word' id='word_1_64' title='bbox 717 1031 832 1070; x_wconf 91' lang='lat' dir='ltr'><strong>non</strong></span> <span class='ocrx_word' id='word_1_65' title='bbox 867 1013 1160 1069; x_wconf 90' lang='lat' dir='ltr'><strong>immerito</strong></span> <span class='ocrx_word' id='word_1_66' title='bbox 1193 1013 1360 1069; x_wconf 88' lang='lat' dir='ltr'><strong>aiunt</strong></span> <span class='ocrx_word' id='word_1_67' title='bbox 1390 1029 1403 1068; x_wconf 91' lang='lat'><strong>:</strong></span> <span class='ocrx_word' id='word_1_68' title='bbox 1439 1030 1646 1069; x_wconf 86' lang='lat' dir='ltr'><strong>novam</strong></span> <span class='ocrx_word' id='word_1_69' title='bbox 1680 1013 1894 1086; x_wconf 86' lang='lat' dir='ltr'><strong>quippe</strong></span> <span class='ocrx_word' id='word_1_70' title='bbox 1911 1013 2092 1069; x_wconf 72' lang='lat' dir='ltr'><strong>haere-</strong></span> 
     </span>
    </p>
   </div>
   <div class='ocr_carea' id='block_1_10' title="bbox 447 1101 2091 1174">
    <p class='ocr_par' dir='ltr' id='par_1_10' title="bbox 447 1101 2091 1174">
     <span class='ocr_line' id='line_1_10' title="bbox 447 1101 2091 1174; baseline -0.001 -15"><span class='ocrx_word' id='word_1_71' title='bbox 447 1105 558 1160; x_wconf 90' lang='lat' dir='ltr'><strong>sim</strong></span> <span class='ocrx_word' id='word_1_72' title='bbox 593 1102 968 1159; x_wconf 87' lang='lat' dir='ltr'><strong>annuntiaut.</strong></span> <span class='ocrx_word' id='word_1_73' title='bbox 997 1101 1278 1167; x_wconf 81' lang='lat' dir='ltr'><strong>Quocirca</strong></span> <span class='ocrx_word' id='word_1_74' title='bbox 1309 1101 1508 1157; x_wconf 86' lang='lat' dir='ltr'><strong>mirari</strong></span> <span class='ocrx_word' id='word_1_75' title='bbox 1539 1101 1719 1169; x_wconf 89' lang='lat' dir='ltr'><strong>subit,</strong></span> <span class='ocrx_word' id='word_1_76' title='bbox 1772 1102 1924 1174; x_wconf 91' lang='lat' dir='ltr'><strong>quod</strong></span> <span class='ocrx_word' id='word_1_77' title='bbox 1958 1119 2091 1158; x_wconf 88' lang='lat' dir='ltr'><strong>cum</strong></span> 
     </span>
    </p>
   </div>
   <div class='ocr_carea' id='block_1_11' title="bbox 449 1190 2093 1266">
    <p class='ocr_par' dir='ltr' id='par_1_11' title="bbox 449 1190 2093 1266">
     <span class='ocr_line' id='line_1_11' title="bbox 449 1190 2093 1266; baseline -0.002 -17"><span class='ocrx_word' id='word_1_78' title='bbox 449 1192 618 1249; x_wconf 88' lang='lat' dir='ltr'><strong>multi</strong></span> <span class='ocrx_word' id='word_1_79' title='bbox 651 1190 937 1266; x_wconf 89' lang='lat' dir='ltr'><strong>plurimos</strong></span> <span class='ocrx_word' id='word_1_80' title='bbox 959 1190 1413 1246; x_wconf 86' lang='lat' dir='ltr'><strong>commentarios</strong></span> <span class='ocrx_word' id='word_1_81' title='bbox 1435 1199 1486 1246; x_wconf 84' lang='lat' dir='ltr'><strong>et</strong></span> <span class='ocrx_word' id='word_1_82' title='bbox 1515 1206 1814 1246; x_wconf 88' lang='lat' dir='ltr'><strong>sermones</strong></span> <span class='ocrx_word' id='word_1_83' title='bbox 1844 1190 2093 1262; x_wconf 86' lang='lat' dir='ltr'><strong>scripse-</strong></span> 
     </span>
    </p>
   </div>
   <div class='ocr_carea' id='block_1_12' title="bbox 449 1279 2092 1351">
    <p class='ocr_par' dir='ltr' id='par_1_12' title="bbox 449 1279 2092 1351">
     <span class='ocr_line' id='line_1_12' title="bbox 449 1279 2092 1351; baseline -0.002 -13"><span class='ocrx_word' id='word_1_84' title='bbox 449 1283 570 1338; x_wconf 87' lang='lat' dir='ltr'><strong>rint</strong></span> <span class='ocrx_word' id='word_1_85' title='bbox 597 1282 658 1338; x_wconf 91' lang='lat' dir='ltr'><strong>in</strong></span> <span class='ocrx_word' id='word_1_86' title='bbox 690 1286 857 1336; x_wconf 86' lang='lat' dir='ltr'><strong>vetus</strong></span> <span class='ocrx_word' id='word_1_87' title='bbox 910 1284 969 1334; x_wconf 88' lang='lat' dir='ltr'><strong>et</strong></span> <span class='ocrx_word' id='word_1_88' title='bbox 1016 1279 1238 1335; x_wconf 91' lang='lat' dir='ltr'><strong>Novum</strong></span> <span class='ocrx_word' id='word_1_89' title='bbox 1281 1283 1742 1346; x_wconf 83' lang='lat' dir='ltr'><strong>Testamentum,</strong></span> <span class='ocrx_word' id='word_1_90' title='bbox 1805 1294 1910 1335; x_wconf 87' lang='lat' dir='ltr'><strong>nec</strong></span> <span class='ocrx_word' id='word_1_91' title='bbox 1939 1279 2092 1351; x_wconf 89' lang='lat' dir='ltr'><strong>apud</strong></span> 
     </span>
    </p>
   </div>
   <div class='ocr_carea' id='block_1_13' title="bbox 452 1367 2092 1440">
    <p class='ocr_par' dir='ltr' id='par_1_13' title="bbox 452 1367 2092 1440">
     <span class='ocr_line' id='line_1_13' title="bbox 452 1367 2092 1440; baseline -0.004 -13"><span class='ocrx_word' id='word_1_92' title='bbox 452 1371 627 1439; x_wconf 90' lang='lat' dir='ltr'><strong>ullos,</strong></span> <span class='ocrx_word' id='word_1_93' title='bbox 658 1369 744 1425; x_wconf 88' lang='lat' dir='ltr'><strong>vel</strong></span> <span class='ocrx_word' id='word_1_94' title='bbox 801 1369 976 1424; x_wconf 87' lang='lat' dir='ltr'><strong>etiam</strong></span> <span class='ocrx_word' id='word_1_95' title='bbox 1009 1367 1160 1440; x_wconf 89' lang='lat' dir='ltr'><strong>apud</strong></span> <span class='ocrx_word' id='word_1_96' title='bbox 1225 1367 1378 1424; x_wconf 71' lang='lat'><strong>822</strong></span> <span class='ocrx_word' id='word_1_97' title='bbox 1436 1367 1730 1440; x_wconf 79' lang='lat' dir='ltr'><strong>graviores</strong></span> <span class='ocrx_word' id='word_1_98' title='bbox 1786 1367 2092 1440; x_wconf 83' lang='lat' dir='ltr'><strong>gentilium</strong></span> 
     </span>
    </p>
   </div>
   <div class='ocr_carea' id='block_1_14' title="bbox 453 1455 2094 1529">
    <p class='ocr_par' dir='ltr' id='par_1_14' title="bbox 453 1455 2094 1529">
     <span class='ocr_line' id='line_1_14' title="bbox 453 1455 2094 1529; baseline -0.002 -13"><span class='ocrx_word' id='word_1_99' title='bbox 453 1463 722 1517; x_wconf 86' lang='lat' dir='ltr'><strong>auctores</strong></span> <span class='ocrx_word' id='word_1_100' title='bbox 747 1457 953 1514; x_wconf 84' lang='lat' dir='ltr'><strong>Thalia</strong></span> <span class='ocrx_word' id='word_1_101' title='bbox 980 1455 1429 1529; x_wconf 84' lang='lat' dir='ltr'><strong>reperiatur,sed</strong></span> <span class='ocrx_word' id='word_1_102' title='bbox 1463 1458 1536 1512; x_wconf 91' lang='lat' dir='ltr'><strong>ab</strong></span> <span class='ocrx_word' id='word_1_103' title='bbox 1565 1456 1658 1511; x_wconf 88' lang='lat' dir='ltr'><strong>his</strong></span> <span class='ocrx_word' id='word_1_104' title='bbox 1689 1457 1970 1511; x_wconf 83' lang='lat' dir='ltr'><strong>duntaxat</strong></span> <span class='ocrx_word' id='word_1_105' title='bbox 2001 1474 2094 1512; x_wconf 88' lang='lat' dir='ltr'><strong>so-</strong></span> 
     </span>
    </p>
   </div>
   <div class='ocr_carea' id='block_1_15' title="bbox 451 1544 2096 1618">
    <p class='ocr_par' dir='ltr' id='par_1_15' title="bbox 451 1544 2096 1618">
     <span class='ocr_line' id='line_1_15' title="bbox 451 1544 2096 1618; baseline -0.002 -14"><span class='ocrx_word' id='word_1_106' title='bbox 451 1549 570 1606; x_wconf 90' lang='lat' dir='ltr'><strong>leat</strong></span> <span class='ocrx_word' id='word_1_107' title='bbox 599 1546 886 1618; x_wconf 86' lang='lat' dir='ltr'><strong>adhiberi,</strong></span> <span class='ocrx_word' id='word_1_108' title='bbox 919 1545 1019 1618; x_wconf 88' lang='lat' dir='ltr'><strong>qui</strong></span> <span class='ocrx_word' id='word_1_109' title='bbox 1048 1545 1206 1601; x_wconf 91' lang='lat' dir='ltr'><strong>inter</strong></span> <span class='ocrx_word' id='word_1_110' title='bbox 1228 1544 1436 1616; x_wconf 88' lang='lat' dir='ltr'><strong>pocula</strong></span> <span class='ocrx_word' id='word_1_111' title='bbox 1460 1561 1594 1600; x_wconf 92' lang='lat' dir='ltr'><strong>cum</strong></span> <span class='ocrx_word' id='word_1_112' title='bbox 1618 1544 1826 1618; x_wconf 90' lang='lat' dir='ltr'><strong>plausu</strong></span> <span class='ocrx_word' id='word_1_113' title='bbox 1858 1550 1917 1600; x_wconf 92' lang='lat' dir='ltr'><strong>et</strong></span> <span class='ocrx_word' id='word_1_114' title='bbox 1946 1545 2096 1600; x_wconf 85' lang='lat' dir='ltr'><strong>face-</strong></span> 
     </span>
    </p>
   </div>
   <div class='ocr_carea' id='block_1_16' title="bbox 451 1632 2094 1699">
    <p class='ocr_par' dir='ltr' id='par_1_16' title="bbox 451 1632 2094 1699">
     <span class='ocr_line' id='line_1_16' title="bbox 451 1632 2094 1699; baseline -0.002 -6"><span class='ocrx_word' id='word_1_115' title='bbox 451 1637 550 1694; x_wconf 87' lang='lat' dir='ltr'><strong>tiis</strong></span> <span class='ocrx_word' id='word_1_116' title='bbox 579 1636 694 1692; x_wconf 91' lang='lat' dir='ltr'><strong>ista</strong></span> <span class='ocrx_word' id='word_1_117' title='bbox 722 1635 781 1690; x_wconf 90' lang='lat' dir='ltr'><strong>in</strong></span> <span class='ocrx_word' id='word_1_118' title='bbox 813 1633 970 1690; x_wconf 88' lang='lat' dir='ltr'><strong>ludis</strong></span> <span class='ocrx_word' id='word_1_119' title='bbox 1000 1637 1239 1699; x_wconf 84' lang='lat' dir='ltr'><strong>canunt,</strong></span> <span class='ocrx_word' id='word_1_120' title='bbox 1291 1637 1356 1688; x_wconf 92' lang='lat' dir='ltr'><strong>ut</strong></span> <span class='ocrx_word' id='word_1_121' title='bbox 1402 1633 1474 1688; x_wconf 89' lang='lat' dir='ltr'><strong>ab</strong></span> <span class='ocrx_word' id='word_1_122' title='bbox 1513 1632 1646 1690; x_wconf 87' lang='lat' dir='ltr'><strong>aliis</strong></span> <span class='ocrx_word' id='word_1_123' title='bbox 1693 1632 2050 1690; x_wconf 84' lang='lat' dir='ltr'><strong>irrideantur</strong></span> <span class='ocrx_word' id='word_1_124' title='bbox 2081 1652 2094 1690; x_wconf 91' lang='lat'><strong>:</strong></span> 
     </span>
    </p>
   </div>
   <div class='ocr_carea' id='block_1_17' title="bbox 451 1721 2096 1793">
    <p class='ocr_par' dir='ltr' id='par_1_17' title="bbox 451 1721 2096 1793">
     <span class='ocr_line' id='line_1_17' title="bbox 451 1721 2096 1793; baseline -0.001 -12"><span class='ocrx_word' id='word_1_125' title='bbox 451 1725 738 1782; x_wconf 82' lang='lat' dir='ltr'><strong>miriﬁcus</strong></span> <span class='ocrx_word' id='word_1_126' title='bbox 768 1724 941 1778; x_wconf 81' lang='lat' dir='ltr'><strong>Arius</strong></span> <span class='ocrx_word' id='word_1_127' title='bbox 971 1722 1116 1778; x_wconf 89' lang='lat' dir='ltr'><strong>nihil</strong></span> <span class='ocrx_word' id='word_1_128' title='bbox 1148 1721 1460 1779; x_wconf 89' lang='lat' dir='ltr'><strong>honestum</strong></span> <span class='ocrx_word' id='word_1_129' title='bbox 1491 1726 1767 1788; x_wconf 86' lang='lat' dir='ltr'><strong>sectatus,</strong></span> <span class='ocrx_word' id='word_1_130' title='bbox 1799 1723 2096 1793; x_wconf 85' lang='lat' dir='ltr'><strong>imoigua-</strong></span> 
     </span>
    </p>
   </div>
   <div class='ocr_carea' id='block_1_18' title="bbox 451 1810 2097 1888">
    <p class='ocr_par' dir='ltr' id='par_1_18' title="bbox 451 1810 2097 1888">
     <span class='ocr_line' id='line_1_18' title="bbox 451 1810 2097 1888; baseline -0.003 -17"><span class='ocrx_word' id='word_1_131' title='bbox 451 1831 554 1871; x_wconf 88' lang='lat' dir='ltr'><strong>rus</strong></span> <span class='ocrx_word' id='word_1_132' title='bbox 586 1813 724 1888; x_wconf 91' lang='lat' dir='ltr'><strong>quid</strong></span> <span class='ocrx_word' id='word_1_133' title='bbox 743 1812 956 1885; x_wconf 88' lang='lat' dir='ltr'><strong>probos</strong></span> <span class='ocrx_word' id='word_1_134' title='bbox 983 1811 1254 1868; x_wconf 87' lang='lat' dir='ltr'><strong>homines</strong></span> <span class='ocrx_word' id='word_1_135' title='bbox 1284 1810 1944 1883; x_wconf 84' lang='lat' dir='ltr'><strong>deceat.maximamque</strong></span> <span class='ocrx_word' id='word_1_136' title='bbox 1967 1828 2097 1883; x_wconf 88' lang='lat' dir='ltr'><strong>par-</strong></span> 
     </span>
    </p>
   </div>
   <div class='ocr_carea' id='block_1_19' title="bbox 450 1899 2097 1966">
    <p class='ocr_par' dir='ltr' id='par_1_19' title="bbox 450 1899 2097 1966">
     <span class='ocr_line' id='line_1_19' title="bbox 450 1899 2097 1966; baseline -0.003 -7"><span class='ocrx_word' id='word_1_137' title='bbox 450 1909 567 1960; x_wconf 84' lang='lat' dir='ltr'><strong>tem</strong></span> <span class='ocrx_word' id='word_1_138' title='bbox 603 1901 850 1958; x_wconf 87' lang='lat' dir='ltr'><strong>aliarum</strong></span> <span class='ocrx_word' id='word_1_139' title='bbox 882 1901 1172 1956; x_wconf 72' lang='lat' dir='ltr'><strong>hazresum</strong></span> <span class='ocrx_word' id='word_1_140' title='bbox 1206 1899 1654 1966; x_wconf 85' lang='lat' dir='ltr'><strong>furatus,solius</strong></span> <span class='ocrx_word' id='word_1_141' title='bbox 1682 1899 1905 1956; x_wconf 81' lang='lat' dir='ltr'><strong>Sotades</strong></span> <span class='ocrx_word' id='word_1_142' title='bbox 1934 1915 2097 1955; x_wconf 91' lang='lat' dir='ltr'><strong>scur-</strong></span> 
     </span>
    </p>
   </div>
   <div class='ocr_carea' id='block_1_20' title="bbox 452 1987 2100 2060">
    <p class='ocr_par' dir='ltr' id='par_1_20' title="bbox 452 1987 2100 2060">
     <span class='ocr_line' id='line_1_20' title="bbox 452 1987 2100 2060; baseline -0.002 -12"><span class='ocrx_word' id='word_1_143' title='bbox 452 1991 591 2048; x_wconf 89' lang='lat' dir='ltr'><strong>riles</strong></span> <span class='ocrx_word' id='word_1_144' title='bbox 621 1989 862 2048; x_wconf 86' lang='lat' dir='ltr'><strong>facetias</strong></span> <span class='ocrx_word' id='word_1_145' title='bbox 890 1988 1200 2044; x_wconf 67' lang='lat' dir='ltr'><strong>mmulatus</strong></span> <span class='ocrx_word' id='word_1_146' title='bbox 1232 1987 1359 2043; x_wconf 84' lang='lat' dir='ltr'><strong>fuit.</strong></span> <span class='ocrx_word' id='word_1_147' title='bbox 1392 1987 1540 2052; x_wconf 87' lang='lat' dir='ltr'><strong>Quid</strong></span> <span class='ocrx_word' id='word_1_148' title='bbox 1571 1989 1729 2043; x_wconf 90' lang='lat' dir='ltr'><strong>enim</strong></span> <span class='ocrx_word' id='word_1_149' title='bbox 1759 2003 1892 2043; x_wconf 90' lang='lat' dir='ltr'><strong>eum</strong></span> <span class='ocrx_word' id='word_1_150' title='bbox 1927 2003 2100 2060; x_wconf 89' lang='lat' dir='ltr'><strong>agere</strong></span> 
     </span>
    </p>
   </div>
   <div class='ocr_carea' id='block_1_21' title="bbox 452 2075 2096 2150">
    <p class='ocr_par' dir='ltr' id='par_1_21' title="bbox 452 2075 2096 2150">
     <span class='ocr_line' id='line_1_21' title="bbox 452 2075 2096 2150; baseline -0.002 -13"><span class='ocrx_word' id='word_1_151' title='bbox 452 2077 1186 2150; x_wconf 88' lang='lat' dir='ltr'><strong>conveniebat,cupieutem</strong></span> <span class='ocrx_word' id='word_1_152' title='bbox 1203 2080 1404 2132; x_wconf 88' lang='lat' dir='ltr'><strong>contra</strong></span> <span class='ocrx_word' id='word_1_153' title='bbox 1419 2075 1734 2132; x_wconf 89' lang='lat' dir='ltr'><strong>Dominum</strong></span> <span class='ocrx_word' id='word_1_154' title='bbox 1753 2076 2096 2149; x_wconf 85' lang='lat' dir='ltr'><strong>tripudiare,</strong></span> 
     </span>
    </p>
   </div>
   <div class='ocr_carea' id='block_1_22' title="bbox 453 2163 2102 2242">
    <p class='ocr_par' dir='ltr' id='par_1_22' title="bbox 453 2163 2102 2242">
     <span class='ocr_line' id='line_1_22' title="bbox 453 2163 2102 2242; baseline -0.002 -18"><span class='ocrx_word' id='word_1_155' title='bbox 453 2185 630 2242; x_wconf 89' lang='lat' dir='ltr'><strong>quam</strong></span> <span class='ocrx_word' id='word_1_156' title='bbox 664 2168 912 2223; x_wconf 87' lang='lat' dir='ltr'><strong>miseras</strong></span> <span class='ocrx_word' id='word_1_157' title='bbox 943 2182 1062 2222; x_wconf 69' lang='lat' dir='ltr'><strong>suae</strong></span> <span class='ocrx_word' id='word_1_158' title='bbox 1091 2163 1413 2236; x_wconf 85' lang='lat' dir='ltr'><strong>impietatis</strong></span> <span class='ocrx_word' id='word_1_159' title='bbox 1443 2163 1678 2220; x_wconf 89' lang='lat' dir='ltr'><strong>voculas</strong></span> <span class='ocrx_word' id='word_1_160' title='bbox 1710 2164 2014 2222; x_wconf 88' lang='lat' dir='ltr'><strong>dissolutis</strong></span> <span class='ocrx_word' id='word_1_161' title='bbox 2045 2169 2102 2222; x_wconf 90' lang='lat' dir='ltr'><strong>et</strong></span> 
     </span>
    </p>
   </div>
   <div class='ocr_carea' id='block_1_23' title="bbox 454 2253 2103 2327">
    <p class='ocr_par' dir='ltr' id='par_1_23' title="bbox 454 2253 2103 2327">
     <span class='ocr_line' id='line_1_23' title="bbox 454 2253 2103 2327; baseline -0.002 -13"><span class='ocrx_word' id='word_1_162' title='bbox 454 2255 774 2314; x_wconf 81' lang='lat' dir='ltr'><strong>luxuriosis</strong></span> <span class='ocrx_word' id='word_1_163' title='bbox 795 2253 987 2311; x_wconf 75' lang='lat' dir='ltr'><strong>modis</strong></span> <span class='ocrx_word' id='word_1_164' title='bbox 1013 2253 1378 2327; x_wconf 82' lang='lat' dir='ltr'><strong>significare?</strong></span> <span class='ocrx_word' id='word_1_165' title='bbox 1397 2253 1990 2326; x_wconf 90' lang='lat' dir='ltr'><strong>ut,quemadmodum</strong></span> <span class='ocrx_word' id='word_1_166' title='bbox 2012 2271 2103 2311; x_wconf 89' lang='lat' dir='ltr'><strong>sa-</strong></span> 
     </span>
    </p>
   </div>
   <div class='ocr_carea' id='block_1_24' title="bbox 455 2344 2100 2421">
    <p class='ocr_par' dir='ltr' id='par_1_24' title="bbox 455 2344 2100 2421">
     <span class='ocr_line' id='line_1_24' title="bbox 455 2344 2100 2421; baseline -0.001 -18"><span class='ocrx_word' id='word_1_167' title='bbox 455 2347 681 2421; x_wconf 87' lang='lat' dir='ltr'><strong>pientia</strong></span> <span class='ocrx_word' id='word_1_168' title='bbox 709 2345 809 2416; x_wconf 90' lang='lat' dir='ltr'><strong>ait,</strong></span> <span class='ocrx_word' id='word_1_169' title='bbox 841 2347 925 2401; x_wconf 76' lang='lat' dir='ltr'><strong>Ex</strong></span> <span class='ocrx_word' id='word_1_170' title='bbox 950 2344 1134 2401; x_wconf 75' lang='lat' dir='ltr'><strong>verbis</strong></span> <span class='ocrx_word' id='word_1_171' title='bbox 1175 2345 1290 2400; x_wconf 70' lang='lat' dir='ltr'><strong>suis</strong></span> <span class='ocrx_word' id='word_1_172' title='bbox 1318 2349 1664 2417; x_wconf 71' lang='lat' dir='ltr'><strong>cognoscatur</strong></span> <span class='ocrx_word' id='word_1_173' title='bbox 1709 2346 1797 2400; x_wconf 85' lang='lat' dir='ltr'><strong>vir</strong></span> <span class='ocrx_word' id='word_1_174' title='bbox 1823 2361 1845 2406; x_wconf 87' lang='grc'>,·</span> <span class='ocrx_word' id='word_1_175' title='bbox 1874 2346 1959 2402; x_wconf 89' lang='lat' dir='ltr'><strong>sic</strong></span> <span class='ocrx_word' id='word_1_176' title='bbox 1987 2345 2100 2402; x_wconf 88' lang='lat' dir='ltr'><strong>hu-</strong></span> 
     </span>
    </p>
   </div>
   <div class='ocr_carea' id='block_1_25' title="bbox 447 2433 2104 2510">
    <p class='ocr_par' dir='ltr' id='par_1_25' title="bbox 447 2433 2104 2510">
     <span class='ocr_line' id='line_1_25' title="bbox 447 2433 2104 2510; baseline -0.001 -17"><span class='ocrx_word' id='word_1_177' title='bbox 447 2436 714 2510; x_wconf 88' lang='lat' dir='ltr'><strong>jusmodi</strong></span> <span class='ocrx_word' id='word_1_178' title='bbox 756 2433 1040 2506; x_wconf 82' lang='lat' dir='ltr'><strong>numeris,</strong></span> <span class='ocrx_word' id='word_1_179' title='bbox 1098 2434 1401 2506; x_wconf 88' lang='lat' dir='ltr'><strong>scriptoris</strong></span> <span class='ocrx_word' id='word_1_180' title='bbox 1448 2433 1683 2491; x_wconf 90' lang='lat' dir='ltr'><strong>animus</strong></span> <span class='ocrx_word' id='word_1_181' title='bbox 1729 2435 2104 2492; x_wconf 78' lang='lat' dir='ltr'><strong>effeminatus</strong></span> 
     </span>
    </p>
   </div>
   <div class='ocr_carea' id='block_1_26' title="bbox 457 2523 2106 2598">
    <p class='ocr_par' dir='ltr' id='par_1_26' title="bbox 457 2523 2106 2598">
     <span class='ocr_line' id='line_1_26' title="bbox 457 2523 2106 2598; baseline 0 -16"><span class='ocrx_word' id='word_1_182' title='bbox 457 2527 704 2598; x_wconf 87' lang='lat' dir='ltr'><strong>ejusque</strong></span> <span class='ocrx_word' id='word_1_183' title='bbox 735 2525 946 2580; x_wconf 89' lang='lat' dir='ltr'><strong>mentis</strong></span> <span class='ocrx_word' id='word_1_184' title='bbox 995 2523 1292 2596; x_wconf 85' lang='lat' dir='ltr'><strong>corruptio</strong></span> <span class='ocrx_word' id='word_1_185' title='bbox 1341 2527 1583 2596; x_wconf 85' lang='lat' dir='ltr'><strong>pateret.</strong></span> <span class='ocrx_word' id='word_1_186' title='bbox 1641 2525 1710 2580; x_wconf 87' lang='lat' dir='ltr'><strong>Et</strong></span> <span class='ocrx_word' id='word_1_187' title='bbox 1747 2540 1878 2580; x_wconf 87' lang='lat' dir='ltr'><strong>vero</strong></span> <span class='ocrx_word' id='word_1_188' title='bbox 1927 2525 2106 2582; x_wconf 87' lang='lat' dir='ltr'><strong>latere</strong></span> 
     </span>
    </p>
   </div>
   <div class='ocr_carea' id='block_1_27' title="bbox 455 2613 2107 2688">
    <p class='ocr_par' dir='ltr' id='par_1_27' title="bbox 455 2613 2107 2688">
     <span class='ocr_line' id='line_1_27' title="bbox 455 2613 2107 2688; baseline 0 -17"><span class='ocrx_word' id='word_1_189' title='bbox 455 2631 568 2672; x_wconf 91' lang='lat' dir='ltr'><strong>non</strong></span> <span class='ocrx_word' id='word_1_190' title='bbox 603 2613 794 2688; x_wconf 90' lang='lat' dir='ltr'><strong>potuit</strong></span> <span class='ocrx_word' id='word_1_191' title='bbox 820 2613 995 2669; x_wconf 85' lang='lat' dir='ltr'><strong>homo</strong></span> <span class='ocrx_word' id='word_1_192' title='bbox 1025 2617 1297 2670; x_wconf 86' lang='lat' dir='ltr'><strong>versutus</strong></span> <span class='ocrx_word' id='word_1_193' title='bbox 1330 2629 1344 2668; x_wconf 89' lang='lat'><strong>:</strong></span> <span class='ocrx_word' id='word_1_194' title='bbox 1376 2630 1580 2670; x_wconf 87' lang='lat' dir='ltr'><strong>verum</strong></span> <span class='ocrx_word' id='word_1_195' title='bbox 1611 2614 1880 2687; x_wconf 88' lang='lat' dir='ltr'><strong>quamvis</strong></span> <span class='ocrx_word' id='word_1_196' title='bbox 1909 2613 2107 2688; x_wconf 63' lang='lat' dir='ltr'><strong>sapis-</strong></span> 
     </span>
    </p>
   </div>
   <div class='ocr_carea' id='block_1_28' title="bbox 454 2701 2104 2776">
    <p class='ocr_par' dir='ltr' id='par_1_28' title="bbox 454 2701 2104 2776">
     <span class='ocr_line' id='line_1_28' title="bbox 454 2701 2104 2776; baseline -0.001 -17"><span class='ocrx_word' id='word_1_197' title='bbox 454 2703 606 2759; x_wconf 88' lang='lat' dir='ltr'><strong>sime</strong></span> <span class='ocrx_word' id='word_1_198' title='bbox 635 2718 764 2759; x_wconf 90' lang='lat' dir='ltr'><strong>sese</strong></span> <span class='ocrx_word' id='word_1_199' title='bbox 795 2701 1088 2776; x_wconf 85' lang='lat' dir='ltr'><strong>serpentis</strong></span> <span class='ocrx_word' id='word_1_200' title='bbox 1120 2717 1280 2757; x_wconf 91' lang='lat' dir='ltr'><strong>more</strong></span> <span class='ocrx_word' id='word_1_201' title='bbox 1311 2717 1545 2758; x_wconf 89' lang='lat' dir='ltr'><strong>sursum</strong></span> <span class='ocrx_word' id='word_1_202' title='bbox 1596 2703 1941 2758; x_wconf 89' lang='lat' dir='ltr'><strong>deorsumve</strong></span> <span class='ocrx_word' id='word_1_203' title='bbox 1968 2719 2104 2758; x_wconf 90' lang='lat' dir='ltr'><strong>con-</strong></span> 
     </span>
    </p>
   </div>
   <div class='ocr_carea' id='block_1_29' title="bbox 452 2789 2107 2864">
    <p class='ocr_par' dir='ltr' id='par_1_29' title="bbox 452 2789 2107 2864">
     <span class='ocr_line' id='line_1_29' title="bbox 452 2789 2107 2864; baseline 0 -16"><span class='ocrx_word' id='word_1_204' title='bbox 452 2793 690 2848; x_wconf 89' lang='lat' dir='ltr'><strong>torserit</strong></span> <span class='ocrx_word' id='word_1_205' title='bbox 718 2795 775 2848; x_wconf 89' lang='lat' dir='ltr'><strong>et</strong></span> <span class='ocrx_word' id='word_1_206' title='bbox 801 2789 1055 2858; x_wconf 86' lang='lat' dir='ltr'><strong>verterit,</strong></span> <span class='ocrx_word' id='word_1_207' title='bbox 1088 2794 1280 2846; x_wconf 83' lang='lat' dir='ltr'><strong>tamen</strong></span> <span class='ocrx_word' id='word_1_208' title='bbox 1314 2791 1374 2846; x_wconf 93' lang='lat' dir='ltr'><strong>in</strong></span> <span class='ocrx_word' id='word_1_209' title='bbox 1424 2791 1851 2848; x_wconf 65' lang='lat' dir='ltr'><strong>Pharismorum</strong></span> <span class='ocrx_word' id='word_1_210' title='bbox 1903 2791 2107 2864; x_wconf 87' lang='lat' dir='ltr'><strong>lapsus</strong></span> 
     </span>
    </p>
   </div>
   <div class='ocr_carea' id='block_1_30' title="bbox 452 2879 2105 2953">
    <p class='ocr_par' dir='ltr' id='par_1_30' title="bbox 452 2879 2105 2953">
     <span class='ocr_line' id='line_1_30' title="bbox 452 2879 2105 2953; baseline -0.001 -16"><span class='ocrx_word' id='word_1_211' title='bbox 452 2895 712 2937; x_wconf 89' lang='lat' dir='ltr'><strong>errorem</strong></span> <span class='ocrx_word' id='word_1_212' title='bbox 745 2883 854 2936; x_wconf 88' lang='lat' dir='ltr'><strong>est.</strong></span> <span class='ocrx_word' id='word_1_213' title='bbox 886 2883 1033 2935; x_wconf 86' lang='lat' dir='ltr'><strong>Nam</strong></span> <span class='ocrx_word' id='word_1_214' title='bbox 1066 2883 1133 2936; x_wconf 90' lang='lat' dir='ltr'><strong>ut</strong></span> <span class='ocrx_word' id='word_1_215' title='bbox 1163 2879 1246 2934; x_wconf 91' lang='lat' dir='ltr'><strong>illi</strong></span> <span class='ocrx_word' id='word_1_216' title='bbox 1276 2879 1335 2934; x_wconf 92' lang='lat' dir='ltr'><strong>in</strong></span> <span class='ocrx_word' id='word_1_217' title='bbox 1366 2880 1564 2936; x_wconf 88' lang='lat' dir='ltr'><strong>animo</strong></span> <span class='ocrx_word' id='word_1_218' title='bbox 1593 2879 1877 2936; x_wconf 89' lang='lat' dir='ltr'><strong>habentes</strong></span> <span class='ocrx_word' id='word_1_219' title='bbox 1916 2880 2105 2953; x_wconf 82' lang='lat' dir='ltr'><strong>legem</strong></span> 
     </span>
    </p>
   </div>
   <div class='ocr_carea' id='block_1_31' title="bbox 453 2966 2108 3041">
    <p class='ocr_par' dir='ltr' id='par_1_31' title="bbox 453 2966 2108 3041">
     <span class='ocr_line' id='line_1_31' title="bbox 453 2966 2108 3041; baseline 0.002 -19"><span class='ocrx_word' id='word_1_220' title='bbox 453 2968 694 3040; x_wconf 87' lang='lat' dir='ltr'><strong>violare,</strong></span> <span class='ocrx_word' id='word_1_221' title='bbox 726 2983 790 3025; x_wconf 89' lang='lat' dir='ltr'><strong>se</strong></span> <span class='ocrx_word' id='word_1_222' title='bbox 819 2966 966 3040; x_wconf 87' lang='lat' dir='ltr'><strong>legis</strong></span> <span class='ocrx_word' id='word_1_223' title='bbox 995 2968 1170 3024; x_wconf 88' lang='lat' dir='ltr'><strong>verba</strong></span> <span class='ocrx_word' id='word_1_224' title='bbox 1200 2968 1472 3024; x_wconf 84' lang='lat' dir='ltr'><strong>meditari</strong></span> <span class='ocrx_word' id='word_1_225' title='bbox 1506 2968 1826 3041; x_wconf 81' lang='lat' dir='ltr'><strong>ﬁngebant,</strong></span> <span class='ocrx_word' id='word_1_226' title='bbox 1852 2986 2108 3041; x_wconf 82' lang='lat' dir='ltr'><strong>cumque</strong></span> 
     </span>
    </p>
   </div>
   <div class='ocr_carea' id='block_1_32' title="bbox 457 3057 2110 3130">
    <p class='ocr_par' dir='ltr' id='par_1_32' title="bbox 457 3057 2110 3130">
     <span class='ocr_line' id='line_1_32' title="bbox 457 3057 2110 3130; baseline 0 -16"><span class='ocrx_word' id='word_1_227' title='bbox 457 3061 862 3130; x_wconf 82' lang='lat' dir='ltr'><strong>exspectatum</strong></span> <span class='ocrx_word' id='word_1_228' title='bbox 887 3057 1133 3130; x_wconf 88' lang='lat' dir='ltr'><strong>jamque</strong></span> <span class='ocrx_word' id='word_1_229' title='bbox 1163 3062 1507 3129; x_wconf 82' lang='lat' dir='ltr'><strong>praesentem</strong></span> <span class='ocrx_word' id='word_1_230' title='bbox 1549 3057 1863 3114; x_wconf 91' lang='lat' dir='ltr'><strong>Dominum</strong></span> <span class='ocrx_word' id='word_1_231' title='bbox 1895 3057 2110 3114; x_wconf 89' lang='lat' dir='ltr'><strong>vellent</strong></span> 
     </span>
    </p>
   </div>
   <div class='ocr_carea' id='block_1_33' title="bbox 457 3144 2104 3220">
    <p class='ocr_par' dir='ltr' id='par_1_33' title="bbox 457 3144 2104 3220">
     <span class='ocr_line' id='line_1_33' title="bbox 457 3144 2104 3220; baseline 0.001 -18"><span class='ocrx_word' id='word_1_232' title='bbox 457 3162 694 3220; x_wconf 86' lang='lat' dir='ltr'><strong>negare,</strong></span> <span class='ocrx_word' id='word_1_233' title='bbox 725 3144 1092 3202; x_wconf 88' lang='lat' dir='ltr'><strong>simulabant</strong></span> <span class='ocrx_word' id='word_1_234' title='bbox 1119 3145 1304 3202; x_wconf 89' lang='lat' dir='ltr'><strong>Deum</strong></span> <span class='ocrx_word' id='word_1_235' title='bbox 1337 3161 1471 3202; x_wconf 90' lang='lat' dir='ltr'><strong>eum</strong></span> <span class='ocrx_word' id='word_1_236' title='bbox 1504 3145 1819 3218; x_wconf 86' lang='lat' dir='ltr'><strong>appellare,</strong></span> <span class='ocrx_word' id='word_1_237' title='bbox 1873 3163 2104 3204; x_wconf 88' lang='lat' dir='ltr'><strong>eorum-</strong></span> 
     </span>
    </p>
   </div>
   <div class='ocr_carea' id='block_1_34' title="bbox 2199 563 3844 642">
    <p class='ocr_par' dir='ltr' id='par_1_34' title="bbox 2199 563 3844 642">
     <span class='ocr_line' id='line_1_34' title="bbox 2199 563 3844 642; baseline -0.004 -18"><span class='ocrx_word' id='word_1_238' title='bbox 2199 568 2644 642; x_wconf 78' lang='grc' dir='ltr'>Ἀρὲιομανῖται;</span> <span class='ocrx_word' id='word_1_239' title='bbox 2702 571 2776 627; x_wconf 73' lang='grc' dir='ltr'><strong>’Ἡ</strong></span> <span class='ocrx_word' id='word_1_240' title='bbox 2829 571 2946 632; x_wconf 89' lang='grc' dir='ltr'><strong>πῶς</strong></span> <span class='ocrx_word' id='word_1_241' title='bbox 3004 575 3103 638; x_wconf 80' lang='grc' dir='ltr'><strong>τῆς</strong></span> <span class='ocrx_word' id='word_1_242' title='bbox 3159 566 3459 636; x_wconf 83' lang='grc' dir='ltr'>καθολικῆς</span> <span class='ocrx_word' id='word_1_243' title='bbox 3515 563 3844 636; x_wconf 84' lang='grc' dir='ltr'>Ἐκκλησίας</span> 
     </span>
    </p>
   </div>
   <div class='ocr_carea' id='block_1_35' title="bbox 2198 653 3844 730">
    <p class='ocr_par' dir='ltr' id='par_1_35' title="bbox 2198 653 3844 730">
     <span class='ocr_line' id='line_1_35' title="bbox 2198 653 3844 730; baseline -0.003 -18"><span class='ocrx_word' id='word_1_244' title='bbox 2198 655 2330 712; x_wconf 71' lang='grc' dir='ltr'>εἰσὶν</span> <span class='ocrx_word' id='word_1_245' title='bbox 2361 657 2414 712; x_wconf 75' lang='grc' dir='ltr'>οἱ</span> <span class='ocrx_word' id='word_1_246' title='bbox 2441 659 2540 726; x_wconf 79' lang='grc' dir='ltr'><strong>τήν</strong></span> <span class='ocrx_word' id='word_1_247' title='bbox 2591 657 2960 728; x_wconf 74' lang='grc' dir='ltr'>ἀποστολικήν</span> <span class='ocrx_word' id='word_1_248' title='bbox 3012 655 3463 730; x_wconf 74' lang='grc' dir='ltr'>ἀποτιναξάμενοι</span> <span class='ocrx_word' id='word_1_249' title='bbox 3516 653 3722 722; x_wconf 85' lang='grc' dir='ltr'>πίστιν,</span> <span class='ocrx_word' id='word_1_250' title='bbox 3756 653 3844 708; x_wconf 69' lang='grc' dir='ltr'><strong>καὶ</strong></span> 
     </span>
    </p>
   </div>
   <div class='ocr_carea' id='block_1_36' title="bbox 2198 745 3845 824">
    <p class='ocr_par' dir='ltr' id='par_1_36' title="bbox 2198 745 3845 824">
     <span class='ocr_line' id='line_1_36' title="bbox 2198 745 3845 824; baseline -0.004 -22"><span class='ocrx_word' id='word_1_251' title='bbox 2198 750 2394 802; x_wconf 85' lang='grc' dir='ltr'>καινῶν</span> <span class='ocrx_word' id='word_1_252' title='bbox 2448 751 2626 802; x_wconf 81' lang='grc' dir='ltr'>κακῶν</span> <span class='ocrx_word' id='word_1_253' title='bbox 2689 745 2964 824; x_wconf 83' lang='grc' dir='ltr'>ἐφευρεταὶ</span> <span class='ocrx_word' id='word_1_254' title='bbox 3021 747 3327 821; x_wconf 85' lang='grc' dir='ltr'>γενόμενοι,</span> <span class='ocrx_word' id='word_1_255' title='bbox 3385 745 3436 800; x_wconf 79' lang='grc' dir='ltr'><strong>οἱ</strong></span> <span class='ocrx_word' id='word_1_256' title='bbox 3494 745 3562 798; x_wconf 80' lang='grc' dir='ltr'>τὰ</span> <span class='ocrx_word' id='word_1_257' title='bbox 3612 745 3706 818; x_wconf 79' lang='grc' dir='ltr'>μὶν</span> <span class='ocrx_word' id='word_1_258' title='bbox 3737 748 3845 800; x_wconf 85' lang='grc' dir='ltr'><strong>τῶν</strong></span> 
     </span>
    </p>
   </div>
   <div class='ocr_carea' id='block_1_37' title="bbox 2201 828 3849 914">
    <p class='ocr_par' dir='ltr' id='par_1_37' title="bbox 2201 828 3849 914">
     <span class='ocr_line' id='line_1_37' title="bbox 2201 828 3849 914; baseline -0.002 -25"><span class='ocrx_word' id='word_1_259' title='bbox 2201 834 2356 890; x_wconf 84' lang='grc' dir='ltr'>θείων</span> <span class='ocrx_word' id='word_1_260' title='bbox 2434 840 2658 914; x_wconf 89' lang='grc' dir='ltr'>Γραφῶν</span> <span class='ocrx_word' id='word_1_261' title='bbox 2737 835 2902 911; x_wconf 82' lang='grc' dir='ltr'>λόγια</span> <span class='ocrx_word' id='word_1_262' title='bbox 2974 839 3083 910; x_wconf 87' lang='lat'><strong>(39)</strong></span> <span class='ocrx_word' id='word_1_263' title='bbox 3139 833 3577 908; x_wconf 79' lang='grc' dir='ltr'>καταλείψαντες,</span> <span class='ocrx_word' id='word_1_264' title='bbox 3633 833 3728 894; x_wconf 74' lang='grc' dir='ltr'><strong>τὰς</strong></span> <span class='ocrx_word' id='word_1_265' title='bbox 3789 828 3849 886; x_wconf 69' lang='grc' dir='ltr'>δὲ</span> 
     </span>
    </p>
   </div>
   <div class='ocr_carea' id='block_1_38' title="bbox 2201 917 3846 1002">
    <p class='ocr_par' dir='ltr' id='par_1_38' title="bbox 2201 917 3846 1002">
     <span class='ocr_line' id='line_1_38' title="bbox 2201 917 3846 1002; baseline -0.002 -25"><span class='ocrx_word' id='word_1_266' title='bbox 2201 920 2428 985; x_wconf 82' lang='grc' dir='ltr'><strong>Θαλείας</strong></span> <span class='ocrx_word' id='word_1_267' title='bbox 2461 923 2672 998; x_wconf 82' lang='grc' dir='ltr'>Ἀρείου</span> <span class='ocrx_word' id='word_1_268' title='bbox 2721 923 2912 1002; x_wconf 78' lang='grc' dir='ltr'>σοφίαν</span> <span class='ocrx_word' id='word_1_269' title='bbox 2952 923 3139 992; x_wconf 66' lang='grc' dir='ltr'>καινήν</span> <span class='ocrx_word' id='word_1_270' title='bbox 3175 922 3533 995; x_wconf 82' lang='grc' dir='ltr'>ὀνομάζοντες</span> <span class='ocrx_word' id='word_1_271' title='bbox 3561 940 3574 988; x_wconf 87' lang='grc'><strong>;</strong></span> <span class='ocrx_word' id='word_1_272' title='bbox 3607 917 3846 974; x_wconf 76' lang='grc' dir='ltr'><strong>Εἰκότως</strong></span> 
     </span>
    </p>
   </div>
   <div class='ocr_carea' id='block_1_39' title="bbox 2198 1006 3851 1088">
    <p class='ocr_par' dir='ltr' id='par_1_39' title="bbox 2198 1006 3851 1088">
     <span class='ocr_line' id='line_1_39' title="bbox 2198 1006 3851 1088; baseline -0.001 -22"><span class='ocrx_word' id='word_1_273' title='bbox 2198 1016 2362 1067; x_wconf 81' lang='grc' dir='ltr'>τοῦτο</span> <span class='ocrx_word' id='word_1_274' title='bbox 2418 1010 2665 1088; x_wconf 78' lang='grc' dir='ltr'>λέγοντες</span> <span class='ocrx_word' id='word_1_275' title='bbox 2724 1015 2860 1085; x_wconf 81' lang='grc'>(40)·</span> <span class='ocrx_word' id='word_1_276' title='bbox 2911 1013 3102 1082; x_wconf 72' lang='grc' dir='ltr'>καινὴν</span> <span class='ocrx_word' id='word_1_277' title='bbox 3159 1011 3259 1088; x_wconf 85' lang='grc' dir='ltr'>γὰρ</span> <span class='ocrx_word' id='word_1_278' title='bbox 3316 1008 3518 1086; x_wconf 79' lang='grc' dir='ltr'>α’ίρεσιν</span> <span class='ocrx_word' id='word_1_279' title='bbox 3581 1006 3851 1083; x_wconf 76' lang='grc' dir='ltr'>ἀπαγγὲλο</span> 
     </span>
    </p>
   </div>
   <div class='ocr_carea' id='block_1_40' title="bbox 2203 1095 3848 1174">
    <p class='ocr_par' dir='ltr' id='par_1_40' title="bbox 2203 1095 3848 1174">
     <span class='ocr_line' id='line_1_40' title="bbox 2203 1095 3848 1174; baseline -0.002 -20"><span class='ocrx_word' id='word_1_280' title='bbox 2203 1098 2382 1158; x_wconf 89' lang='grc' dir='ltr'>λουσι.</span> <span class='ocrx_word' id='word_1_281' title='bbox 2435 1101 2528 1156; x_wconf 86' lang='grc' dir='ltr'>Διὸ</span> <span class='ocrx_word' id='word_1_282' title='bbox 2570 1100 2661 1156; x_wconf 82' lang='grc' dir='ltr'><strong>καὶ</strong></span> <span class='ocrx_word' id='word_1_283' title='bbox 2709 1101 3026 1174; x_wconf 80' lang='grc' dir='ltr'>θαυμάσειεν</span> <span class='ocrx_word' id='word_1_284' title='bbox 3070 1103 3128 1156; x_wconf 74' lang='grc' dir='ltr'>ἂν</span> <span class='ocrx_word' id='word_1_285' title='bbox 3159 1121 3265 1173; x_wconf 83' lang='grc' dir='ltr'>τις,</span> <span class='ocrx_word' id='word_1_286' title='bbox 3293 1098 3375 1155; x_wconf 82' lang='grc' dir='ltr'><strong>ὅτι</strong></span> <span class='ocrx_word' id='word_1_287' title='bbox 3406 1096 3593 1154; x_wconf 87' lang='grc' dir='ltr'>πολλὰ</span> <span class='ocrx_word' id='word_1_288' title='bbox 3622 1095 3848 1152; x_wconf 81' lang='grc' dir='ltr'>πολλῶν</span> 
     </span>
    </p>
   </div>
   <div class='ocr_carea' id='block_1_41' title="bbox 2202 1185 3850 1264">
    <p class='ocr_par' dir='ltr' id='par_1_41' title="bbox 2202 1185 3850 1264">
     <span class='ocr_line' id='line_1_41' title="bbox 2202 1185 3850 1264; baseline -0.002 -20"><span class='ocrx_word' id='word_1_289' title='bbox 2202 1189 2548 1264; x_wconf 82' lang='grc' dir='ltr'>συντάγματα</span> <span class='ocrx_word' id='word_1_290' title='bbox 2599 1191 2689 1245; x_wconf 88' lang='grc' dir='ltr'><strong>καὶ</strong></span> <span class='ocrx_word' id='word_1_291' title='bbox 2737 1188 2994 1252; x_wconf 84' lang='grc' dir='ltr'>πλείστας</span> <span class='ocrx_word' id='word_1_292' title='bbox 3041 1189 3264 1264; x_wconf 81' lang='grc' dir='ltr'>ὁμιλίας</span> <span class='ocrx_word' id='word_1_293' title='bbox 3326 1186 3400 1250; x_wconf 78' lang='grc' dir='ltr'>ε’ίς</span> <span class='ocrx_word' id='word_1_294' title='bbox 3466 1209 3526 1264; x_wconf 90' lang='grc' dir='ltr'><strong>γε</strong></span> <span class='ocrx_word' id='word_1_295' title='bbox 3581 1188 3696 1260; x_wconf 83' lang='grc'>(41)</span> <span class='ocrx_word' id='word_1_296' title='bbox 3751 1185 3850 1256; x_wconf 82' lang='grc' dir='ltr'>τήν</span> 
     </span>
    </p>
   </div>
   <div class='ocr_carea' id='block_1_42' title="bbox 2206 1275 3853 1354">
    <p class='ocr_par' dir='ltr' id='par_1_42' title="bbox 2206 1275 3853 1354">
     <span class='ocr_line' id='line_1_42' title="bbox 2206 1275 3853 1354; baseline -0.002 -21"><span class='ocrx_word' id='word_1_297' title='bbox 2206 1277 2443 1334; x_wconf 74' lang='grc' dir='ltr'>Παλαιὰν</span> <span class='ocrx_word' id='word_1_298' title='bbox 2493 1279 2583 1333; x_wconf 80' lang='grc' dir='ltr'><strong>καὶ</strong></span> <span class='ocrx_word' id='word_1_299' title='bbox 2625 1279 2724 1348; x_wconf 78' lang='grc' dir='ltr'><strong>τήν</strong></span> <span class='ocrx_word' id='word_1_300' title='bbox 2773 1280 2970 1348; x_wconf 69' lang='grc' dir='ltr'>Καινὴν</span> <span class='ocrx_word' id='word_1_301' title='bbox 3019 1279 3366 1354; x_wconf 78' lang='grc' dir='ltr'>γραψάντων,</span> <span class='ocrx_word' id='word_1_302' title='bbox 3413 1277 3502 1332; x_wconf 81' lang='grc' dir='ltr'><strong>καὶ</strong></span> <span class='ocrx_word' id='word_1_303' title='bbox 3550 1275 3696 1352; x_wconf 80' lang='grc' dir='ltr'>παρὰ</span> <span class='ocrx_word' id='word_1_304' title='bbox 3743 1297 3853 1348; x_wconf 87' lang='grc' dir='ltr'>μη-</span> 
     </span>
    </p>
   </div>
   <div class='ocr_carea' id='block_1_43' title="bbox 2206 1363 3850 1442">
    <p class='ocr_par' dir='ltr' id='par_1_43' title="bbox 2206 1363 3850 1442">
     <span class='ocr_line' id='line_1_43' title="bbox 2206 1363 3850 1442; baseline -0.002 -21"><span class='ocrx_word' id='word_1_305' title='bbox 2206 1363 2316 1422; x_wconf 80' lang='grc' dir='ltr'>δενὶ</span> <span class='ocrx_word' id='word_1_306' title='bbox 2365 1365 2594 1428; x_wconf 78' lang='grc' dir='ltr'>Θαλείας</span> <span class='ocrx_word' id='word_1_307' title='bbox 2646 1367 3053 1441; x_wconf 74' lang='grc' dir='ltr'>εὖρισκομὲνης,</span> <span class='ocrx_word' id='word_1_308' title='bbox 3123 1365 3271 1423; x_wconf 83' lang='grc' dir='ltr'><strong>ἀλλά</strong></span> <span class='ocrx_word' id='word_1_309' title='bbox 3343 1363 3484 1439; x_wconf 81' lang='grc' dir='ltr'>μηδέ</span> <span class='ocrx_word' id='word_1_310' title='bbox 3543 1363 3688 1442; x_wconf 87' lang='grc' dir='ltr'>παρᾶ</span> <span class='ocrx_word' id='word_1_311' title='bbox 3733 1368 3850 1426; x_wconf 87' lang='grc' dir='ltr'>τοῖς</span> 
     </span>
    </p>
   </div>
   <div class='ocr_carea' id='block_1_44' title="bbox 2205 1449 3853 1532">
    <p class='ocr_par' dir='ltr' id='par_1_44' title="bbox 2205 1449 3853 1532">
     <span class='ocr_line' id='line_1_44' title="bbox 2205 1449 3853 1532; baseline -0.002 -22"><span class='ocrx_word' id='word_1_312' title='bbox 2205 1452 2522 1516; x_wconf 77' lang='grc' dir='ltr'>σπουδαίοις</span> <span class='ocrx_word' id='word_1_313' title='bbox 2552 1460 2659 1509; x_wconf 88' lang='grc' dir='ltr'><strong>τῶν</strong></span> <span class='ocrx_word' id='word_1_314' title='bbox 2692 1453 3000 1529; x_wconf 74' lang='grc' dir='ltr'>Ἑλλήνων,</span> <span class='ocrx_word' id='word_1_315' title='bbox 3098 1455 3244 1532; x_wconf 80' lang='grc' dir='ltr'>παρὰ</span> <span class='ocrx_word' id='word_1_316' title='bbox 3277 1454 3466 1528; x_wconf 88' lang='grc' dir='ltr'>μόνοις</span> <span class='ocrx_word' id='word_1_317' title='bbox 3500 1458 3618 1516; x_wconf 89' lang='grc' dir='ltr'>τοῖς</span> <span class='ocrx_word' id='word_1_318' title='bbox 3667 1449 3853 1524; x_wconf 79' lang='grc' dir='ltr'>ᾅδουσι</span> 
     </span>
    </p>
   </div>
   <div class='ocr_carea' id='block_1_45' title="bbox 2203 1540 3851 1619">
    <p class='ocr_par' dir='ltr' id='par_1_45' title="bbox 2203 1540 3851 1619">
     <span class='ocr_line' id='line_1_45' title="bbox 2203 1540 3851 1619; baseline -0.002 -20"><span class='ocrx_word' id='word_1_319' title='bbox 2203 1544 2273 1599; x_wconf 74' lang='grc' dir='ltr'>τὰ</span> <span class='ocrx_word' id='word_1_320' title='bbox 2315 1549 2540 1599; x_wconf 88' lang='grc' dir='ltr'>τοιαῦτα</span> <span class='ocrx_word' id='word_1_321' title='bbox 2585 1544 2732 1618; x_wconf 81' lang='grc' dir='ltr'>παρὰ</span> <span class='ocrx_word' id='word_1_322' title='bbox 2776 1544 2942 1600; x_wconf 90' lang='grc' dir='ltr'>πότον</span> <span class='ocrx_word' id='word_1_323' title='bbox 2993 1545 3128 1619; x_wconf 81' lang='grc' dir='ltr'>μετᾶ</span> <span class='ocrx_word' id='word_1_324' title='bbox 3155 1544 3354 1618; x_wconf 80' lang='grc' dir='ltr'>κρότου</span> <span class='ocrx_word' id='word_1_325' title='bbox 3383 1542 3475 1599; x_wconf 83' lang='grc' dir='ltr'><strong>καὶ</strong></span> <span class='ocrx_word' id='word_1_326' title='bbox 3505 1540 3851 1616; x_wconf 77' lang='grc' dir='ltr'>σκωμμάτων</span> 
     </span>
    </p>
   </div>
   <div class='ocr_carea' id='block_1_46' title="bbox 2207 1629 3856 1709">
    <p class='ocr_par' dir='ltr' id='par_1_46' title="bbox 2207 1629 3856 1709">
     <span class='ocr_line' id='line_1_46' title="bbox 2207 1629 3856 1709; baseline -0.002 -21"><span class='ocrx_word' id='word_1_327' title='bbox 2207 1633 2260 1688; x_wconf 64' lang='grc' dir='ltr'>ἐν</span> <span class='ocrx_word' id='word_1_328' title='bbox 2292 1629 2558 1697; x_wconf 80' lang='grc' dir='ltr'>παιδιαῖς,</span> <span class='ocrx_word' id='word_1_329' title='bbox 2605 1631 2780 1689; x_wconf 71' lang='grc' dir='ltr'>ἕνεκεν</span> <span class='ocrx_word' id='word_1_330' title='bbox 2828 1637 2926 1688; x_wconf 87' lang='grc' dir='ltr'><strong>τοῦ</strong></span> <span class='ocrx_word' id='word_1_331' title='bbox 2973 1633 3232 1709; x_wconf 78' lang='grc' dir='ltr'>γελᾶσθαι</span> <span class='ocrx_word' id='word_1_332' title='bbox 3264 1633 3390 1708; x_wconf 88' lang='grc' dir='ltr'>παρ’</span> <span class='ocrx_word' id='word_1_333' title='bbox 3417 1633 3637 1708; x_wconf 76' lang='grc' dir='ltr'>ὲτὲρων,</span> <span class='ocrx_word' id='word_1_334' title='bbox 3667 1631 3695 1686; x_wconf 82' lang='grc' dir='ltr'>ὁ</span> <span class='ocrx_word' id='word_1_335' title='bbox 3728 1641 3856 1694; x_wconf 84' lang='grc' dir='ltr'>θαυ-</span> 
     </span>
    </p>
   </div>
   <div class='ocr_carea' id='block_1_47' title="bbox 2211 1718 3856 1796">
    <p class='ocr_par' dir='ltr' id='par_1_47' title="bbox 2211 1718 3856 1796">
     <span class='ocr_line' id='line_1_47' title="bbox 2211 1718 3856 1796; baseline -0.002 -20"><span class='ocrx_word' id='word_1_336' title='bbox 2211 1741 2410 1794; x_wconf 86' lang='grc' dir='ltr'>μαστος</span> <span class='ocrx_word' id='word_1_337' title='bbox 2455 1722 2671 1796; x_wconf 80' lang='grc' dir='ltr'>Ἄρειος</span> <span class='ocrx_word' id='word_1_338' title='bbox 2723 1721 2874 1777; x_wconf 70' lang='grc' dir='ltr'>οὐδὲν</span> <span class='ocrx_word' id='word_1_339' title='bbox 2907 1722 3100 1796; x_wconf 84' lang='grc' dir='ltr'>σεμνὸν</span> <span class='ocrx_word' id='word_1_340' title='bbox 3138 1723 3539 1795; x_wconf 80' lang='grc' dir='ltr'>μιμησάμενος,</span> <span class='ocrx_word' id='word_1_341' title='bbox 3597 1718 3739 1776; x_wconf 83' lang='grc' dir='ltr'>ἀλλὸ</span> <span class='ocrx_word' id='word_1_342' title='bbox 3766 1719 3856 1774; x_wconf 81' lang='grc' dir='ltr'><strong>καὶ</strong></span> 
     </span>
    </p>
   </div>
   <div class='ocr_carea' id='block_1_48' title="bbox 2205 1809 3852 1887">
    <p class='ocr_par' dir='ltr' id='par_1_48' title="bbox 2205 1809 3852 1887">
     <span class='ocr_line' id='line_1_48' title="bbox 2205 1809 3852 1887; baseline -0.002 -21"><span class='ocrx_word' id='word_1_343' title='bbox 2205 1811 2272 1866; x_wconf 76' lang='grc' dir='ltr'>τὰ</span> <span class='ocrx_word' id='word_1_344' title='bbox 2299 1815 2406 1866; x_wconf 91' lang='grc' dir='ltr'><strong>τῶν</strong></span> <span class='ocrx_word' id='word_1_345' title='bbox 2457 1809 2761 1866; x_wconf 71' lang='grc' dir='ltr'>σπουδαίων</span> <span class='ocrx_word' id='word_1_346' title='bbox 2808 1813 3094 1887; x_wconf 76' lang='grc' dir='ltr'>ἀγνοήσας,</span> <span class='ocrx_word' id='word_1_347' title='bbox 3143 1810 3375 1868; x_wconf 87' lang='grc' dir='ltr'>πλεῖστά</span> <span class='ocrx_word' id='word_1_348' title='bbox 3420 1832 3478 1866; x_wconf 91' lang='grc' dir='ltr'><strong>τε</strong></span> <span class='ocrx_word' id='word_1_349' title='bbox 3527 1814 3634 1865; x_wconf 86' lang='grc' dir='ltr'><strong>τῶν</strong></span> <span class='ocrx_word' id='word_1_350' title='bbox 3667 1811 3852 1864; x_wconf 68' lang='grc' dir='ltr'>ἄλλων</span> 
     </span>
    </p>
   </div>
   <div class='ocr_carea' id='block_1_49' title="bbox 2207 1897 3855 1978">
    <p class='ocr_par' dir='ltr' id='par_1_49' title="bbox 2207 1897 3855 1978">
     <span class='ocr_line' id='line_1_49' title="bbox 2207 1897 3855 1978; baseline -0.001 -24"><span class='ocrx_word' id='word_1_351' title='bbox 2207 1897 2462 1978; x_wconf 77' lang='grc' dir='ltr'>αἰρὲσεων</span> <span class='ocrx_word' id='word_1_352' title='bbox 2516 1899 2851 1974; x_wconf 74' lang='grc' dir='ltr'>ὑποκλέψας,</span> <span class='ocrx_word' id='word_1_353' title='bbox 2908 1901 3008 1970; x_wconf 77' lang='grc' dir='ltr'><strong>τήν</strong></span> <span class='ocrx_word' id='word_1_354' title='bbox 3065 1905 3164 1956; x_wconf 85' lang='grc' dir='ltr'><strong>τοῦ</strong></span> <span class='ocrx_word' id='word_1_355' title='bbox 3223 1897 3480 1956; x_wconf 80' lang='grc' dir='ltr'>Σωτάδου</span> <span class='ocrx_word' id='word_1_356' title='bbox 3527 1900 3642 1974; x_wconf 75' lang='grc'>(42)</span> <span class='ocrx_word' id='word_1_357' title='bbox 3687 1897 3855 1972; x_wconf 86' lang='grc' dir='ltr'>μόνου</span> 
     </span>
    </p>
   </div>
   <div class='ocr_carea' id='block_1_50' title="bbox 2205 1985 3852 2066">
    <p class='ocr_par' dir='ltr' id='par_1_50' title="bbox 2205 1985 3852 2066">
     <span class='ocr_line' id='line_1_50' title="bbox 2205 1985 3852 2066; baseline -0.002 -22"><span class='ocrx_word' id='word_1_358' title='bbox 2205 1986 2589 2064; x_wconf 88' lang='grc' dir='ltr'>γελοιολογίαν</span> <span class='ocrx_word' id='word_1_359' title='bbox 2636 1987 2902 2060; x_wconf 69' lang='grc' dir='ltr'>ἐζήλωσε.</span> <span class='ocrx_word' id='word_1_360' title='bbox 2951 1989 3014 2044; x_wconf 87' lang='grc' dir='ltr'>Τί</span> <span class='ocrx_word' id='word_1_361' title='bbox 3067 1990 3170 2066; x_wconf 71' lang='grc' dir='ltr'><strong>γὰρ</strong></span> <span class='ocrx_word' id='word_1_362' title='bbox 3217 1986 3416 2065; x_wconf 66' lang='grc' dir='ltr'>ἔπρεπε</span> <span class='ocrx_word' id='word_1_363' title='bbox 3464 1994 3638 2043; x_wconf 84' lang='grc' dir='ltr'>ποιεῖν</span> <span class='ocrx_word' id='word_1_364' title='bbox 3670 1985 3852 2056; x_wconf 83' lang='grc' dir='ltr'>αὐτὸν,</span> 
     </span>
    </p>
   </div>
   <div class='ocr_carea' id='block_1_51' title="bbox 2207 2073 3855 2156">
    <p class='ocr_par' dir='ltr' id='par_1_51' title="bbox 2207 2073 3855 2156">
     <span class='ocr_line' id='line_1_51' title="bbox 2207 2073 3855 2156; baseline -0.002 -23"><span class='ocrx_word' id='word_1_365' title='bbox 2207 2078 2242 2146; x_wconf 70' lang='grc' dir='ltr'><strong>ἢ</strong></span> <span class='ocrx_word' id='word_1_366' title='bbox 2276 2075 2501 2141; x_wconf 81' lang='grc' dir='ltr'>θέλοντα</span> <span class='ocrx_word' id='word_1_367' title='bbox 2527 2078 2664 2132; x_wconf 84' lang='grc' dir='ltr'>κατᾶ</span> <span class='ocrx_word' id='word_1_368' title='bbox 2689 2082 2787 2133; x_wconf 87' lang='grc' dir='ltr'><strong>τοῦ</strong></span> <span class='ocrx_word' id='word_1_369' title='bbox 2820 2084 3080 2155; x_wconf 79' lang='grc' dir='ltr'>Σωτῆρος</span> <span class='ocrx_word' id='word_1_370' title='bbox 3115 2078 3477 2156; x_wconf 75' lang='grc' dir='ltr'>ὀρχήσασθαι,</span> <span class='ocrx_word' id='word_1_371' title='bbox 3507 2077 3575 2133; x_wconf 77' lang='grc' dir='ltr'>τὰ</span> <span class='ocrx_word' id='word_1_372' title='bbox 3618 2073 3855 2146; x_wconf 76' lang='grc' dir='ltr'>δύστηνα</span> 
     </span>
    </p>
   </div>
   <div class='ocr_carea' id='block_1_52' title="bbox 2209 2161 3856 2243">
    <p class='ocr_par' dir='ltr' id='par_1_52' title="bbox 2209 2161 3856 2243">
     <span class='ocr_line' id='line_1_52' title="bbox 2209 2161 3856 2243; baseline -0.002 -21"><span class='ocrx_word' id='word_1_373' title='bbox 2209 2166 2401 2222; x_wconf 72' lang='grc' dir='ltr'>δαυτοῦ</span> <span class='ocrx_word' id='word_1_374' title='bbox 2450 2165 2693 2243; x_wconf 81' lang='grc' dir='ltr'>ῥημάτια</span> <span class='ocrx_word' id='word_1_375' title='bbox 2738 2173 2836 2237; x_wconf 86' lang='grc' dir='ltr'><strong>τῆς</strong></span> <span class='ocrx_word' id='word_1_376' title='bbox 2883 2161 3128 2230; x_wconf 78' lang='grc' dir='ltr'>ἀσεϐείας</span> <span class='ocrx_word' id='word_1_377' title='bbox 3177 2166 3228 2222; x_wconf 80' lang='grc' dir='ltr'>ἐν</span> <span class='ocrx_word' id='word_1_378' title='bbox 3269 2165 3516 2229; x_wconf 77' lang='grc' dir='ltr'>ἒκλότοις</span> <span class='ocrx_word' id='word_1_379' title='bbox 3544 2166 3634 2220; x_wconf 81' lang='grc' dir='ltr'><strong>καὶ</strong></span> <span class='ocrx_word' id='word_1_380' title='bbox 3663 2185 3856 2239; x_wconf 88' lang='grc' dir='ltr'>παρει-</span> 
     </span>
    </p>
   </div>
   <div class='ocr_carea' id='block_1_53' title="bbox 2214 2254 3857 2332">
    <p class='ocr_par' dir='ltr' id='par_1_53' title="bbox 2214 2254 3857 2332">
     <span class='ocr_line' id='line_1_53' title="bbox 2214 2254 3857 2332; baseline -0.002 -22"><span class='ocrx_word' id='word_1_381' title='bbox 2214 2254 2396 2328; x_wconf 80' lang='grc' dir='ltr'>μένοις</span> <span class='ocrx_word' id='word_1_382' title='bbox 2452 2254 2639 2328; x_wconf 71' lang='grc' dir='ltr'>μέλεσι</span> <span class='ocrx_word' id='word_1_383' title='bbox 2698 2277 2764 2327; x_wconf 89' lang='grc' dir='ltr'><strong>ση</strong></span> <span class='ocrx_word' id='word_1_384' title='bbox 2779 2255 3032 2330; x_wconf 63' lang='lat' dir='ltr'><strong>uatium;</strong></span> <span class='ocrx_word' id='word_1_385' title='bbox 3085 2254 3158 2310; x_wconf 78' lang='grc' dir='ltr'><strong>ἵν’</strong></span> <span class='ocrx_word' id='word_1_386' title='bbox 3215 2255 3397 2331; x_wconf 83' lang='grc' dir='ltr'>ὥσπερ</span> <span class='ocrx_word' id='word_1_387' title='bbox 3424 2257 3459 2326; x_wconf 77' lang='grc' dir='ltr'>ἡ</span> <span class='ocrx_word' id='word_1_388' title='bbox 3491 2254 3652 2332; x_wconf 81' lang='grc' dir='ltr'>σοφία</span> <span class='ocrx_word' id='word_1_389' title='bbox 3681 2255 3857 2332; x_wconf 63' lang='grc' dir='ltr'>φησὶν,</span> 
     </span>
    </p>
   </div>
   <div class='ocr_carea' id='block_1_54' title="bbox 2211 2341 3860 2422">
    <p class='ocr_par' dir='ltr' id='par_1_54' title="bbox 2211 2341 3860 2422">
     <span class='ocr_line' id='line_1_54' title="bbox 2211 2341 3860 2422; baseline -0.001 -23"><span class='ocrx_word' id='word_1_390' title='bbox 2211 2344 2347 2400; x_wconf 78' lang='grc' dir='ltr'><strong>’Δπὸ</strong></span> <span class='ocrx_word' id='word_1_391' title='bbox 2426 2341 2611 2415; x_wconf 81' lang='grc' dir='ltr'>ἐξόδου</span> <span class='ocrx_word' id='word_1_392' title='bbox 2693 2342 2862 2422; x_wconf 84' lang='grc' dir='ltr'>λόγου</span> <span class='ocrx_word' id='word_1_393' title='bbox 2945 2343 3404 2421; x_wconf 74' lang='grc' dir='ltr'>ἐπιγνωσθήσεται</span> <span class='ocrx_word' id='word_1_394' title='bbox 3488 2345 3603 2416; x_wconf 79' lang='grc'>(43)</span> <span class='ocrx_word' id='word_1_395' title='bbox 3685 2343 3860 2417; x_wconf 75' lang='grc' dir='ltr'>ἀνὴρ,</span> 
     </span>
    </p>
   </div>
   <div class='ocr_carea' id='block_1_55' title="bbox 2212 2429 3863 2510">
    <p class='ocr_par' dir='ltr' id='par_1_55' title="bbox 2212 2429 3863 2510">
     <span class='ocr_line' id='line_1_55' title="bbox 2212 2429 3863 2510; baseline -0.002 -22"><span class='ocrx_word' id='word_1_396' title='bbox 2212 2432 2384 2496; x_wconf 76' lang='grc' dir='ltr'>οὕτως</span> <span class='ocrx_word' id='word_1_397' title='bbox 2417 2432 2509 2488; x_wconf 82' lang='grc' dir='ltr'><strong>ἀπ’</strong></span> <span class='ocrx_word' id='word_1_398' title='bbox 2559 2431 2776 2489; x_wconf 81' lang='grc' dir='ltr'>ἐκείνων</span> <span class='ocrx_word' id='word_1_399' title='bbox 2834 2433 2900 2489; x_wconf 86' lang='grc' dir='ltr'>τὸ</span> <span class='ocrx_word' id='word_1_400' title='bbox 2944 2441 3046 2504; x_wconf 78' lang='grc' dir='ltr'><strong>τῆς</strong></span> <span class='ocrx_word' id='word_1_401' title='bbox 3094 2436 3280 2510; x_wconf 78' lang='grc' dir='ltr'>ψυχῆς</span> <span class='ocrx_word' id='word_1_402' title='bbox 3333 2433 3410 2506; x_wconf 75' lang='grc' dir='ltr'>μὴ</span> <span class='ocrx_word' id='word_1_403' title='bbox 3443 2429 3739 2508; x_wconf 81' lang='grc' dir='ltr'>ἀνδρῶδες,</span> <span class='ocrx_word' id='word_1_404' title='bbox 3772 2429 3863 2486; x_wconf 82' lang='grc' dir='ltr'><strong>καὶ</strong></span> 
     </span>
    </p>
   </div>
   <div class='ocr_carea' id='block_1_56' title="bbox 2211 2518 3857 2598">
    <p class='ocr_par' dir='ltr' id='par_1_56' title="bbox 2211 2518 3857 2598">
     <span class='ocr_line' id='line_1_56' title="bbox 2211 2518 3857 2598; baseline -0.002 -21"><span class='ocrx_word' id='word_1_405' title='bbox 2211 2527 2310 2588; x_wconf 80' lang='grc' dir='ltr'>τῆς</span> <span class='ocrx_word' id='word_1_406' title='bbox 2369 2518 2609 2585; x_wconf 84' lang='grc' dir='ltr'>διανοίας</span> <span class='ocrx_word' id='word_1_407' title='bbox 2667 2525 2702 2592; x_wconf 81' lang='grc' dir='ltr'>ἠ</span> <span class='ocrx_word' id='word_1_408' title='bbox 2763 2523 2940 2598; x_wconf 86' lang='grc' dir='ltr'>φθορὰ</span> <span class='ocrx_word' id='word_1_409' title='bbox 2993 2525 3092 2578; x_wconf 85' lang='grc' dir='ltr'><strong>τοῦ</strong></span> <span class='ocrx_word' id='word_1_410' title='bbox 3149 2523 3454 2598; x_wconf 82' lang='grc' dir='ltr'>γράψαντος</span> <span class='ocrx_word' id='word_1_411' title='bbox 3501 2521 3857 2596; x_wconf 86' lang='grc' dir='ltr'>γινώσκηται.</span> 
     </span>
    </p>
   </div>
   <div class='ocr_carea' id='block_1_57' title="bbox 2213 2606 3861 2687">
    <p class='ocr_par' dir='ltr' id='par_1_57' title="bbox 2213 2606 3861 2687">
     <span class='ocr_line' id='line_1_57' title="bbox 2213 2606 3861 2687; baseline -0.001 -21"><span class='ocrx_word' id='word_1_412' title='bbox 2213 2610 2312 2666; x_wconf 80' lang='grc' dir='ltr'>Καὶ</span> <span class='ocrx_word' id='word_1_413' title='bbox 2342 2611 2445 2687; x_wconf 80' lang='grc' dir='ltr'><strong>γὰρ</strong></span> <span class='ocrx_word' id='word_1_414' title='bbox 2475 2607 2600 2666; x_wconf 75' lang='grc' dir='ltr'>οὐδὲ</span> <span class='ocrx_word' id='word_1_415' title='bbox 2647 2606 2835 2676; x_wconf 81' lang='grc' dir='ltr'>ἔλαθεν</span> <span class='ocrx_word' id='word_1_416' title='bbox 2875 2611 2904 2666; x_wconf 84' lang='grc' dir='ltr'><strong>ὁ</strong></span> <span class='ocrx_word' id='word_1_417' title='bbox 2955 2607 3141 2673; x_wconf 88' lang='grc' dir='ltr'>δόλιος</span> <span class='ocrx_word' id='word_1_418' title='bbox 3175 2614 3307 2684; x_wconf 73' lang='grc'>(44),</span> <span class='ocrx_word' id='word_1_419' title='bbox 3341 2609 3484 2667; x_wconf 78' lang='grc' dir='ltr'>ἀλλὰ</span> <span class='ocrx_word' id='word_1_420' title='bbox 3511 2609 3687 2664; x_wconf 82' lang='grc' dir='ltr'>καίτοι</span> <span class='ocrx_word' id='word_1_421' title='bbox 3721 2606 3861 2664; x_wconf 84' lang='grc' dir='ltr'>πολ-</span> 
     </span>
    </p>
   </div>
   <div class='ocr_carea' id='block_1_58' title="bbox 2214 2695 3861 2779">
    <p class='ocr_par' dir='ltr' id='par_1_58' title="bbox 2214 2695 3861 2779">
     <span class='ocr_line' id='line_1_58' title="bbox 2214 2695 3861 2779; baseline -0.003 -23"><span class='ocrx_word' id='word_1_422' title='bbox 2214 2699 2394 2772; x_wconf 84' lang='grc' dir='ltr'>λάκις,</span> <span class='ocrx_word' id='word_1_423' title='bbox 2453 2699 2528 2762; x_wconf 85' lang='grc' dir='ltr'><strong>ὡς</strong></span> <span class='ocrx_word' id='word_1_424' title='bbox 2589 2700 2618 2754; x_wconf 83' lang='grc' dir='ltr'><strong>ὁ</strong></span> <span class='ocrx_word' id='word_1_425' title='bbox 2677 2695 2819 2779; x_wconf 69' lang='grc' dir='ltr'>ὄφις,</span> <span class='ocrx_word' id='word_1_426' title='bbox 2878 2700 2988 2754; x_wconf 83' lang='grc' dir='ltr'><strong>ἄνω</strong></span> <span class='ocrx_word' id='word_1_427' title='bbox 3043 2701 3133 2754; x_wconf 84' lang='grc' dir='ltr'><strong>καὶ</strong></span> <span class='ocrx_word' id='word_1_428' title='bbox 3176 2700 3324 2754; x_wconf 88' lang='grc' dir='ltr'>κάτω</span> <span class='ocrx_word' id='word_1_429' title='bbox 3374 2699 3614 2777; x_wconf 76' lang='grc' dir='ltr'>στρέφων</span> <span class='ocrx_word' id='word_1_430' title='bbox 3651 2696 3861 2766; x_wconf 71' lang='grc' dir='ltr'>ἑαυτὸν,</span> 
     </span>
    </p>
   </div>
   <div class='ocr_carea' id='block_1_59' title="bbox 2215 2786 3859 2863">
    <p class='ocr_par' dir='ltr' id='par_1_59' title="bbox 2215 2786 3859 2863">
     <span class='ocr_line' id='line_1_59' title="bbox 2215 2786 3859 2863; baseline -0.001 -20"><span class='ocrx_word' id='word_1_431' title='bbox 2215 2786 2366 2861; x_wconf 79' lang='grc' dir='ltr'>ὅμως</span> <span class='ocrx_word' id='word_1_432' title='bbox 2397 2786 2675 2844; x_wconf 82' lang='grc' dir='ltr'>πὲπτωκεν</span> <span class='ocrx_word' id='word_1_433' title='bbox 2709 2787 2786 2851; x_wconf 82' lang='grc' dir='ltr'>εἷς</span> <span class='ocrx_word' id='word_1_434' title='bbox 2815 2789 2914 2858; x_wconf 79' lang='grc' dir='ltr'><strong>τήν</strong></span> <span class='ocrx_word' id='word_1_435' title='bbox 2946 2786 3159 2858; x_wconf 85' lang='grc' dir='ltr'>πλάνην</span> <span class='ocrx_word' id='word_1_436' title='bbox 3208 2793 3316 2843; x_wconf 91' lang='grc' dir='ltr'><strong>τῶν</strong></span> <span class='ocrx_word' id='word_1_437' title='bbox 3364 2786 3675 2863; x_wconf 82' lang='grc' dir='ltr'>Φαρισαίων</span> <span class='ocrx_word' id='word_1_438' title='bbox 3725 2787 3859 2860; x_wconf 81' lang='grc'>(45)’</span> 
     </span>
    </p>
   </div>
   <div class='ocr_carea' id='block_1_60' title="bbox 2214 2874 3862 2955">
    <p class='ocr_par' dir='ltr' id='par_1_60' title="bbox 2214 2874 3862 2955">
     <span class='ocr_line' id='line_1_60' title="bbox 2214 2874 3862 2955; baseline -0.002 -23"><span class='ocrx_word' id='word_1_439' title='bbox 2214 2879 2303 2940; x_wconf 81' lang='grc' dir='ltr'>Ὠς</span> <span class='ocrx_word' id='word_1_440' title='bbox 2332 2877 2434 2955; x_wconf 81' lang='grc' dir='ltr'><strong>γὰρ</strong></span> <span class='ocrx_word' id='word_1_441' title='bbox 2465 2876 2680 2948; x_wconf 78' lang='grc' dir='ltr'>ἐκεῖνοι,</span> <span class='ocrx_word' id='word_1_442' title='bbox 2731 2875 2978 2942; x_wconf 73' lang='grc' dir='ltr'>θέλοντες</span> <span class='ocrx_word' id='word_1_443' title='bbox 3026 2882 3385 2952; x_wconf 86' lang='grc' dir='ltr'>παρανομεῖν,</span> <span class='ocrx_word' id='word_1_444' title='bbox 3430 2874 3862 2952; x_wconf 77' lang='grc' dir='ltr'>ἔσχηματίζοντο</span> 
     </span>
    </p>
   </div>
   <div class='ocr_carea' id='block_1_61' title="bbox 2213 2963 3862 3043">
    <p class='ocr_par' dir='ltr' id='par_1_61' title="bbox 2213 2963 3862 3043">
     <span class='ocr_line' id='line_1_61' title="bbox 2213 2963 3862 3043; baseline -0.002 -21"><span class='ocrx_word' id='word_1_445' title='bbox 2213 2967 2280 3023; x_wconf 71' lang='grc' dir='ltr'><strong>τὰ</strong></span> <span class='ocrx_word' id='word_1_446' title='bbox 2305 2971 2403 3022; x_wconf 88' lang='grc' dir='ltr'><strong>τοῦ</strong></span> <span class='ocrx_word' id='word_1_447' title='bbox 2461 2966 2634 3041; x_wconf 87' lang='grc' dir='ltr'>νόμου</span> <span class='ocrx_word' id='word_1_448' title='bbox 2681 2965 2908 3041; x_wconf 82' lang='grc' dir='ltr'>μελετᾷν</span> <span class='ocrx_word' id='word_1_449' title='bbox 2961 2965 3199 3043; x_wconf 79' lang='grc' dir='ltr'>ῥήματα,</span> <span class='ocrx_word' id='word_1_450' title='bbox 3249 2965 3339 3021; x_wconf 88' lang='grc' dir='ltr'>καὶ</span> <span class='ocrx_word' id='word_1_451' title='bbox 3385 2963 3633 3027; x_wconf 68' lang='grc' dir='ltr'>θέλοντες</span> <span class='ocrx_word' id='word_1_452' title='bbox 3681 2963 3862 3038; x_wconf 78' lang='grc' dir='ltr'>ἀρνεῖ-</span> 
     </span>
    </p>
   </div>
   <div class='ocr_carea' id='block_1_62' title="bbox 2215 3053 3863 3134">
    <p class='ocr_par' dir='ltr' id='par_1_62' title="bbox 2215 3053 3863 3134">
     <span class='ocr_line' id='line_1_62' title="bbox 2215 3053 3863 3134; baseline -0.004 -22"><span class='ocrx_word' id='word_1_453' title='bbox 2215 3068 2336 3122; x_wconf 89' lang='grc' dir='ltr'>σθαι</span> <span class='ocrx_word' id='word_1_454' title='bbox 2392 3057 2484 3112; x_wconf 86' lang='grc' dir='ltr'>τὸν</span> <span class='ocrx_word' id='word_1_455' title='bbox 2543 3053 2988 3134; x_wconf 69' lang='grc' dir='ltr'>προσδοκηθέντα</span> <span class='ocrx_word' id='word_1_456' title='bbox 3043 3055 3134 3111; x_wconf 79' lang='grc' dir='ltr'><strong>καί</strong></span> <span class='ocrx_word' id='word_1_457' title='bbox 3189 3053 3429 3132; x_wconf 85' lang='grc' dir='ltr'>παρόντα</span> <span class='ocrx_word' id='word_1_458' title='bbox 3489 3053 3711 3124; x_wconf 78' lang='grc' dir='ltr'>Κύριον,</span> <span class='ocrx_word' id='word_1_459' title='bbox 3771 3053 3863 3107; x_wconf 76' lang='grc' dir='ltr'><strong>ὑπο</strong></span> 
     </span>
    </p>
   </div>
   <div class='ocr_carea' id='block_1_63' title="bbox 2216 3139 3861 3224">
    <p class='ocr_par' dir='ltr' id='par_1_63' title="bbox 2216 3139 3861 3224">
     <span class='ocr_line' id='line_1_63' title="bbox 2216 3139 3861 3224; baseline -0.004 -21"><span class='ocrx_word' id='word_1_460' title='bbox 2216 3145 2490 3224; x_wconf 86' lang='grc' dir='ltr'>εκρίνοντο</span> <span class='ocrx_word' id='word_1_461' title='bbox 2526 3146 2621 3219; x_wconf 73' lang='grc' dir='ltr'>μὲν</span> <span class='ocrx_word' id='word_1_462' title='bbox 2655 3144 2941 3218; x_wconf 80' lang='grc' dir='ltr'>ὀνομάζειν</span> <span class='ocrx_word' id='word_1_463' title='bbox 2971 3144 3064 3200; x_wconf 83' lang='grc' dir='ltr'><strong>τὸν</strong></span> <span class='ocrx_word' id='word_1_464' title='bbox 3096 3144 3249 3216; x_wconf 87' lang='grc' dir='ltr'>Θεὸν,</span> <span class='ocrx_word' id='word_1_465' title='bbox 3281 3143 3586 3220; x_wconf 71' lang='grc' dir='ltr'>ἠλέγχοντο</span> <span class='ocrx_word' id='word_1_466' title='bbox 3618 3139 3675 3197; x_wconf 75' lang='grc' dir='ltr'>δὲ</span> <span class='ocrx_word' id='word_1_467' title='bbox 3729 3139 3861 3218; x_wconf 90' lang='grc' dir='ltr'>βλα-</span> 
     </span>
    </p>
   </div>
   <div class='ocr_carea' id='block_1_64' title="bbox 461 3219 2106 3314">
    <p class='ocr_par' dir='ltr' id='par_1_64' title="bbox 461 3219 2106 3309">
     <span class='ocr_line' id='line_1_64' title="bbox 461 3219 2106 3309; baseline 0 -17"><span class='ocrx_word' id='word_1_468' title='bbox 461 3219 576 3309; x_wconf 85' lang='lat' dir='ltr'><strong>que</strong></span> <span class='ocrx_word' id='word_1_469' title='bbox 605 3234 992 3292; x_wconf 87' lang='lat' dir='ltr'><strong>nihilominus</strong></span> <span class='ocrx_word' id='word_1_470' title='bbox 1032 3235 1301 3292; x_wconf 86' lang='lat' dir='ltr'><strong>convicta</strong></span> <span class='ocrx_word' id='word_1_471' title='bbox 1330 3234 1603 3309; x_wconf 87' lang='lat' dir='ltr'><strong>impietas</strong></span> <span class='ocrx_word' id='word_1_472' title='bbox 1652 3239 1742 3292; x_wconf 89' lang='lat' dir='ltr'><strong>est</strong></span> <span class='ocrx_word' id='word_1_473' title='bbox 1787 3252 1922 3292; x_wconf 89' lang='lat' dir='ltr'><strong>cum</strong></span> <span class='ocrx_word' id='word_1_474' title='bbox 1954 3237 2106 3293; x_wconf 86' lang='lat' dir='ltr'><strong>dice-</strong></span> 
     </span>
    </p>
   </div>
   <div class='ocr_carea' id='block_1_65' title="bbox 2220 3219 3862 3314">
    <p class='ocr_par' dir='ltr' id='par_1_65' title="bbox 2220 3219 3862 3314">
     <span class='ocr_line' id='line_1_65' title="bbox 2220 3219 3862 3314; baseline -0.004 -23"><span class='ocrx_word' id='word_1_475' title='bbox 2220 3219 2558 3314; x_wconf 79' lang='grc' dir='ltr'>σφημοῦντες</span> <span class='ocrx_word' id='word_1_476' title='bbox 2613 3233 2664 3290; x_wconf 78' lang='grc' dir='ltr'>ἐν</span> <span class='ocrx_word' id='word_1_477' title='bbox 2721 3237 2804 3306; x_wconf 78' lang='grc' dir='ltr'><strong>τῷ</strong></span> <span class='ocrx_word' id='word_1_478' title='bbox 2861 3231 3061 3312; x_wconf 73' lang='grc' dir='ltr'>λέγειν,</span> <span class='ocrx_word' id='word_1_479' title='bbox 3117 3230 3207 3288; x_wconf 75' lang='grc' dir='ltr'><strong>διὰ</strong></span> <span class='ocrx_word' id='word_1_480' title='bbox 3254 3233 3307 3287; x_wconf 87' lang='grc' dir='ltr'><strong>τί</strong></span> <span class='ocrx_word' id='word_1_481' title='bbox 3364 3219 3448 3302; x_wconf 66' lang='lat' dir='ltr'><strong>ei),</strong></span> <span class='ocrx_word' id='word_1_482' title='bbox 3481 3229 3760 3307; x_wconf 79' lang='grc' dir='ltr'>ἅνθρωπος</span> <span class='ocrx_word' id='word_1_483' title='bbox 3790 3228 3862 3284; x_wconf 80' lang='grc' dir='ltr'>ὥν</span> 
     </span>
    </p>
   </div>
   <div class='ocr_carea' id='block_1_66' title="bbox 463 3325 2111 3396">
    <p class='ocr_par' dir='ltr' id='par_1_66' title="bbox 463 3325 2111 3396">
     <span class='ocr_line' id='line_1_66' title="bbox 463 3325 2111 3396; baseline 0 -16"><span class='ocrx_word' id='word_1_484' title='bbox 463 3328 612 3394; x_wconf 90' lang='lat' dir='ltr'><strong>rent,</strong></span> <span class='ocrx_word' id='word_1_485' title='bbox 641 3341 769 3392; x_wconf 89' lang='lat' dir='ltr'><strong>cur,</strong></span> <span class='ocrx_word' id='word_1_486' title='bbox 803 3328 882 3390; x_wconf 81' lang='lat' dir='ltr'><strong>tu,</strong></span> <span class='ocrx_word' id='word_1_487' title='bbox 917 3325 1081 3380; x_wconf 86' lang='lat' dir='ltr'><strong>homo</strong></span> <span class='ocrx_word' id='word_1_488' title='bbox 1109 3340 1235 3380; x_wconf 87' lang='lat' dir='ltr'><strong>cum</strong></span> <span class='ocrx_word' id='word_1_489' title='bbox 1261 3327 1356 3395; x_wconf 78' lang='lat' dir='ltr'><strong>sis,</strong></span> <span class='ocrx_word' id='word_1_490' title='bbox 1388 3326 1531 3396; x_wconf 75' lang='lat' dir='ltr'><strong>facis</strong></span> <span class='ocrx_word' id='word_1_491' title='bbox 1565 3326 1800 3394; x_wconf 76' lang='lat' dir='ltr'><strong>teipsum</strong></span> <span class='ocrx_word' id='word_1_492' title='bbox 1829 3326 2021 3392; x_wconf 77' lang='lat' dir='ltr'><strong>Deum,</strong></span> <span class='ocrx_word' id='word_1_493' title='bbox 2052 3329 2111 3380; x_wconf 91' lang='lat' dir='ltr'><strong>et</strong></span> 
     </span>
    </p>
   </div>
   <div class='ocr_carea' id='block_1_67' title="bbox 465 3412 2113 3486">
    <p class='ocr_par' dir='ltr' id='par_1_67' title="bbox 465 3412 2113 3486">
     <span class='ocr_line' id='line_1_67' title="bbox 465 3412 2113 3486; baseline 0.001 -17"><span class='ocrx_word' id='word_1_494' title='bbox 465 3412 642 3485; x_wconf 89' lang='lat' dir='ltr'><strong>dicis,</strong></span> <span class='ocrx_word' id='word_1_495' title='bbox 699 3415 811 3485; x_wconf 86' lang='lat' dir='ltr'><strong>Ego</strong></span> <span class='ocrx_word' id='word_1_496' title='bbox 863 3421 915 3469; x_wconf 79' lang='lat' dir='ltr'><strong>et</strong></span> <span class='ocrx_word' id='word_1_497' title='bbox 963 3419 1138 3469; x_wconf 78' lang='lat' dir='ltr'><strong>Pater</strong></span> <span class='ocrx_word' id='word_1_498' title='bbox 1187 3429 1362 3468; x_wconf 81' lang='lat' dir='ltr'><strong>unum</strong></span> <span class='ocrx_word' id='word_1_499' title='bbox 1417 3429 1604 3469; x_wconf 78' lang='lat' dir='ltr'><strong>sumus</strong></span> <span class='ocrx_word' id='word_1_500' title='bbox 1634 3413 1712 3468; x_wconf 63' lang='lat'><strong>5?</strong></span> <span class='ocrx_word' id='word_1_501' title='bbox 1741 3413 1823 3470; x_wconf 91' lang='lat' dir='ltr'><strong>ita</strong></span> <span class='ocrx_word' id='word_1_502' title='bbox 1878 3429 2113 3486; x_wconf 90' lang='lat' dir='ltr'><strong>quoque</strong></span> 
     </span>
    </p>
   </div>
   <div class='ocr_carea' id='block_1_68' title="bbox 466 3501 2114 3578">
    <p class='ocr_par' dir='ltr' id='par_1_68' title="bbox 466 3501 2114 3578">
     <span class='ocr_line' id='line_1_68' title="bbox 466 3501 2114 3578; baseline 0 -20"><span class='ocrx_word' id='word_1_503' title='bbox 466 3503 698 3559; x_wconf 82' lang='lat' dir='ltr'><strong>fucatus</strong></span> <span class='ocrx_word' id='word_1_504' title='bbox 734 3506 792 3558; x_wconf 92' lang='lat' dir='ltr'><strong>et</strong></span> <span class='ocrx_word' id='word_1_505' title='bbox 817 3502 1104 3578; x_wconf 86' lang='lat' dir='ltr'><strong>Sotadeus</strong></span> <span class='ocrx_word' id='word_1_506' title='bbox 1155 3501 1327 3558; x_wconf 81' lang='lat' dir='ltr'><strong>Arius</strong></span> <span class='ocrx_word' id='word_1_507' title='bbox 1357 3501 1600 3558; x_wconf 89' lang='lat' dir='ltr'><strong>simulat</strong></span> <span class='ocrx_word' id='word_1_508' title='bbox 1647 3503 1883 3575; x_wconf 86' lang='lat' dir='ltr'><strong>quidem</strong></span> <span class='ocrx_word' id='word_1_509' title='bbox 1933 3519 1994 3559; x_wconf 89' lang='lat' dir='ltr'><strong>se</strong></span> <span class='ocrx_word' id='word_1_510' title='bbox 2041 3503 2114 3558; x_wconf 91' lang='lat' dir='ltr'><strong>de</strong></span> 
     </span>
    </p>
   </div>
   <div class='ocr_carea' id='block_1_69' title="bbox 469 3589 2114 3665">
    <p class='ocr_par' dir='ltr' id='par_1_69' title="bbox 469 3589 2114 3665">
     <span class='ocr_line' id='line_1_69' title="bbox 469 3589 2114 3665; baseline 0 -19"><span class='ocrx_word' id='word_1_511' title='bbox 469 3596 579 3648; x_wconf 89' lang='lat' dir='ltr'><strong>Deo</strong></span> <span class='ocrx_word' id='word_1_512' title='bbox 601 3589 928 3665; x_wconf 90' lang='lat' dir='ltr'><strong>loqui,cum</strong></span> <span class='ocrx_word' id='word_1_513' title='bbox 951 3591 1390 3664; x_wconf 88' lang='lat' dir='ltr'><strong>Scripturarum</strong></span> <span class='ocrx_word' id='word_1_514' title='bbox 1411 3592 1654 3648; x_wconf 87' lang='lat' dir='ltr'><strong>vocibus</strong></span> <span class='ocrx_word' id='word_1_515' title='bbox 1669 3591 1873 3658; x_wconf 87' lang='lat' dir='ltr'><strong>utitur;</strong></span> <span class='ocrx_word' id='word_1_516' title='bbox 1893 3595 1952 3648; x_wconf 88' lang='lat' dir='ltr'><strong>at</strong></span> <span class='ocrx_word' id='word_1_517' title='bbox 1968 3590 2114 3648; x_wconf 88' lang='lat' dir='ltr'><strong>nihil</strong></span> 
     </span>
    </p>
   </div>
   <div class='ocr_carea' id='block_1_70' title="bbox 464 3677 2116 3754">
    <p class='ocr_par' dir='ltr' id='par_1_70' title="bbox 464 3677 2116 3754">
     <span class='ocr_line' id='line_1_70' title="bbox 464 3677 2116 3754; baseline -0.001 -17"><span class='ocrx_word' id='word_1_518' title='bbox 464 3681 522 3737; x_wconf 91' lang='lat' dir='ltr'><strong>id</strong></span> <span class='ocrx_word' id='word_1_519' title='bbox 555 3679 800 3751; x_wconf 89' lang='lat' dir='ltr'><strong>impedit</strong></span> <span class='ocrx_word' id='word_1_520' title='bbox 820 3680 1136 3753; x_wconf 86' lang='lat' dir='ltr'><strong>quonimus</strong></span> <span class='ocrx_word' id='word_1_521' title='bbox 1159 3677 1366 3736; x_wconf 86' lang='lat' dir='ltr'><strong>atheus</strong></span> <span class='ocrx_word' id='word_1_522' title='bbox 1387 3684 1444 3736; x_wconf 89' lang='lat' dir='ltr'><strong>et</strong></span> <span class='ocrx_word' id='word_1_523' title='bbox 1472 3680 1690 3753; x_wconf 79' lang='lat' dir='ltr'><strong>impius</strong></span> <span class='ocrx_word' id='word_1_524' title='bbox 1705 3697 1834 3738; x_wconf 90' lang='lat' dir='ltr'><strong>esse</strong></span> <span class='ocrx_word' id='word_1_525' title='bbox 1858 3681 2116 3754; x_wconf 91' lang='lat' dir='ltr'><strong>undique</strong></span> 
     </span>
    </p>
   </div>
   <div class='ocr_carea' id='block_1_71' title="bbox 347 3768 2116 3843">
    <p class='ocr_par' dir='ltr' id='par_1_71' title="bbox 347 3768 2116 3843">
     <span class='ocr_line' id='line_1_71' title="bbox 347 3768 2116 3843; baseline -0.001 -15"><span class='ocrx_word' id='word_1_526' title='bbox 347 3823 352 3828; x_wconf 85' lang='lat'><strong>.</strong></span> <span class='ocrx_word' id='word_1_527' title='bbox 463 3769 1094 3842; x_wconf 88' lang='lat' dir='ltr'><strong>convincatur,quippe</strong></span> <span class='ocrx_word' id='word_1_528' title='bbox 1121 3769 1222 3841; x_wconf 90' lang='lat' dir='ltr'><strong>qui</strong></span> <span class='ocrx_word' id='word_1_529' title='bbox 1256 3768 1359 3825; x_wconf 88' lang='lat' dir='ltr'><strong>Dei</strong></span> <span class='ocrx_word' id='word_1_530' title='bbox 1388 3768 1600 3826; x_wconf 85' lang='lat' dir='ltr'><strong>Filium</strong></span> <span class='ocrx_word' id='word_1_531' title='bbox 1639 3770 1853 3826; x_wconf 87' lang='lat' dir='ltr'><strong>audeat</strong></span> <span class='ocrx_word' id='word_1_532' title='bbox 1882 3785 2116 3843; x_wconf 88' lang='lat' dir='ltr'><strong>negare,</strong></span> 
     </span>
    </p>
   </div>
   <div class='ocr_carea' id='block_1_72' title="bbox 464 3859 1688 3931">
    <p class='ocr_par' dir='ltr' id='par_1_72' title="bbox 464 3859 1688 3931">
     <span class='ocr_line' id='line_1_72' title="bbox 464 3859 1688 3931; baseline 0 -15"><span class='ocrx_word' id='word_1_533' title='bbox 464 3875 720 3931; x_wconf 87' lang='lat' dir='ltr'><strong>eumque</strong></span> <span class='ocrx_word' id='word_1_534' title='bbox 751 3859 906 3914; x_wconf 86' lang='lat' dir='ltr'><strong>inter</strong></span> <span class='ocrx_word' id='word_1_535' title='bbox 936 3875 1030 3914; x_wconf 89' lang='lat' dir='ltr'><strong>res</strong></span> <span class='ocrx_word' id='word_1_536' title='bbox 1061 3863 1288 3915; x_wconf 89' lang='lat' dir='ltr'><strong>creatas</strong></span> <span class='ocrx_word' id='word_1_537' title='bbox 1320 3863 1688 3916; x_wconf 89' lang='lat' dir='ltr'><strong>annumeret.</strong></span> 
     </span>
    </p>
   </div>
   <div class='ocr_carea' id='block_1_73' title="bbox 537 3947 2118 4020">
    <p class='ocr_par' dir='ltr' id='par_1_73' title="bbox 537 3947 2118 4020">
     <span class='ocr_line' id='line_1_73' title="bbox 537 3947 2118 4020; baseline 0.001 -17"><span class='ocrx_word' id='word_1_538' title='bbox 537 3949 798 4020; x_wconf 85' lang='lat' dir='ltr'><strong>5.lpsum</strong></span> <span class='ocrx_word' id='word_1_539' title='bbox 831 3947 1030 4018; x_wconf 88' lang='lat' dir='ltr'><strong>itaque</strong></span> <span class='ocrx_word' id='word_1_540' title='bbox 1059 3947 1279 4002; x_wconf 70' lang='lat' dir='ltr'><strong>Arianaa</strong></span> <span class='ocrx_word' id='word_1_541' title='bbox 1314 3947 1529 4006; x_wconf 65' lang='lat' dir='ltr'><strong>Thaliae</strong></span> <span class='ocrx_word' id='word_1_542' title='bbox 1557 3953 1615 4005; x_wconf 86' lang='lat' dir='ltr'><strong>et</strong></span> <span class='ocrx_word' id='word_1_543' title='bbox 1642 3947 1934 4005; x_wconf 81' lang='lat' dir='ltr'><strong>futilitatis</strong></span> <span class='ocrx_word' id='word_1_544' title='bbox 1955 3965 2118 4005; x_wconf 82' lang='lat' dir='ltr'><strong>exor-</strong></span> 
     </span>
    </p>
   </div>
   <div class='ocr_carea' id='block_1_74' title="bbox 469 4036 2117 4110">
    <p class='ocr_par' dir='ltr' id='par_1_74' title="bbox 469 4036 2117 4110">
     <span class='ocr_line' id='line_1_74' title="bbox 469 4036 2117 4110; baseline 0.001 -18"><span class='ocrx_word' id='word_1_545' title='bbox 469 4037 818 4108; x_wconf 90' lang='lat' dir='ltr'><strong>dium,quod</strong></span> <span class='ocrx_word' id='word_1_546' title='bbox 853 4052 1046 4093; x_wconf 89' lang='lat' dir='ltr'><strong>mores</strong></span> <span class='ocrx_word' id='word_1_547' title='bbox 1078 4036 1352 4094; x_wconf 89' lang='lat' dir='ltr'><strong>modosve</strong></span> <span class='ocrx_word' id='word_1_548' title='bbox 1373 4037 1737 4094; x_wconf 79' lang='lat' dir='ltr'><strong>eli&#39;eminatos</strong></span> <span class='ocrx_word' id='word_1_549' title='bbox 1757 4055 1872 4110; x_wconf 79' lang='lat' dir='ltr'><strong>prae</strong></span> <span class='ocrx_word' id='word_1_550' title='bbox 1903 4053 1965 4094; x_wconf 90' lang='lat' dir='ltr'><strong>se</strong></span> <span class='ocrx_word' id='word_1_551' title='bbox 1987 4039 2117 4106; x_wconf 81' lang='lat' dir='ltr'><strong>fert,</strong></span> 
     </span>
    </p>
   </div>
   <div class='ocr_carea' id='block_1_75' title="bbox 472 4123 2120 4199">
    <p class='ocr_par' dir='ltr' id='par_1_75' title="bbox 472 4123 2120 4199">
     <span class='ocr_line' id='line_1_75' title="bbox 472 4123 2120 4199; baseline 0.001 -19"><span class='ocrx_word' id='word_1_552' title='bbox 472 4123 817 4196; x_wconf 87' lang='lat' dir='ltr'><strong>hujusmodi</strong></span> <span class='ocrx_word' id='word_1_553' title='bbox 847 4128 938 4182; x_wconf 88' lang='lat' dir='ltr'><strong>est</strong></span> <span class='ocrx_word' id='word_1_554' title='bbox 970 4141 984 4180; x_wconf 91' lang='lat'>:</span> <span class='ocrx_word' id='word_1_555' title='bbox 1022 4143 1050 4178; x_wconf 77' lang='grc' dir='ltr'><strong>α</strong></span> <span class='ocrx_word' id='word_1_556' title='bbox 1097 4125 1276 4181; x_wconf 87' lang='lat' dir='ltr'><strong>Juxta</strong></span> <span class='ocrx_word' id='word_1_557' title='bbox 1325 4141 1527 4184; x_wconf 91' lang='lat' dir='ltr'><strong>eorum</strong></span> <span class='ocrx_word' id='word_1_558' title='bbox 1576 4126 1752 4182; x_wconf 81' lang='lat' dir='ltr'><strong>ﬁdem</strong></span> <span class='ocrx_word' id='word_1_559' title='bbox 1803 4126 1904 4199; x_wconf 91' lang='lat' dir='ltr'><strong>qui</strong></span> <span class='ocrx_word' id='word_1_560' title='bbox 1952 4127 2120 4183; x_wconf 86' lang='lat' dir='ltr'><strong>electi</strong></span> 
     </span>
    </p>
   </div>
   <div class='ocr_carea' id='block_1_76' title="bbox 473 4211 2124 4288">
    <p class='ocr_par' dir='ltr' id='par_1_76' title="bbox 473 4211 2124 4288">
     <span class='ocr_line' id='line_1_76' title="bbox 473 4211 2124 4288; baseline 0 -16"><span class='ocrx_word' id='word_1_561' title='bbox 473 4213 774 4286; x_wconf 87' lang='lat' dir='ltr'><strong>Dei,periti</strong></span> <span class='ocrx_word' id='word_1_562' title='bbox 804 4213 930 4283; x_wconf 91' lang='lat' dir='ltr'><strong>Dei,</strong></span> <span class='ocrx_word' id='word_1_563' title='bbox 961 4211 1063 4268; x_wconf 83' lang='lat' dir='ltr'><strong>filii</strong></span> <span class='ocrx_word' id='word_1_564' title='bbox 1095 4214 1284 4270; x_wconf 89' lang='lat' dir='ltr'><strong>sancti</strong></span> <span class='ocrx_word' id='word_1_565' title='bbox 1313 4219 1372 4270; x_wconf 90' lang='lat' dir='ltr'><strong>et</strong></span> <span class='ocrx_word' id='word_1_566' title='bbox 1403 4213 1706 4271; x_wconf 84' lang='lat' dir='ltr'><strong>orthodoxi</strong></span> <span class='ocrx_word' id='word_1_567' title='bbox 1737 4215 2124 4288; x_wconf 89' lang='lat' dir='ltr'><strong>sunt,quique</strong></span> 
     </span>
    </p>
   </div>
   <div class='ocr_carea' id='block_1_77' title="bbox 472 4301 2126 4376">
    <p class='ocr_par' dir='ltr' id='par_1_77' title="bbox 472 4301 2126 4376">
     <span class='ocr_line' id='line_1_77' title="bbox 472 4301 2126 4376; baseline 0.001 -17"><span class='ocrx_word' id='word_1_568' title='bbox 472 4306 744 4359; x_wconf 87' lang='lat' dir='ltr'><strong>sanctum</strong></span> <span class='ocrx_word' id='word_1_569' title='bbox 776 4301 876 4358; x_wconf 88' lang='lat' dir='ltr'><strong>Dei</strong></span> <span class='ocrx_word' id='word_1_570' title='bbox 907 4301 1190 4374; x_wconf 82' lang='lat' dir='ltr'><strong>Spiritum</strong></span> <span class='ocrx_word' id='word_1_571' title='bbox 1222 4307 1594 4375; x_wconf 87' lang='lat' dir='ltr'><strong>acceperunt,</strong></span> <span class='ocrx_word' id='word_1_572' title='bbox 1613 4303 1734 4360; x_wconf 75' lang='lat' dir='ltr'><strong>haec</strong></span> <span class='ocrx_word' id='word_1_573' title='bbox 1757 4319 1862 4376; x_wconf 82' lang='lat' dir='ltr'><strong>ego</strong></span> <span class='ocrx_word' id='word_1_574' title='bbox 1893 4304 2068 4359; x_wconf 92' lang='lat' dir='ltr'><strong>didici</strong></span> <span class='ocrx_word' id='word_1_575' title='bbox 2092 4321 2126 4360; x_wconf 88' lang='lat' dir='ltr'><strong>a</strong></span> 
     </span>
    </p>
   </div>
   <div class='ocr_carea' id='block_1_78' title="bbox 471 4390 2123 4465">
    <p class='ocr_par' dir='ltr' id='par_1_78' title="bbox 471 4390 2123 4465">
     <span class='ocr_line' id='line_1_78' title="bbox 471 4390 2123 4465; baseline 0.002 -18"><span class='ocrx_word' id='word_1_576' title='bbox 471 4391 635 4461; x_wconf 84' lang='lat' dir='ltr'><strong>viris,</strong></span> <span class='ocrx_word' id='word_1_577' title='bbox 668 4390 768 4462; x_wconf 90' lang='lat' dir='ltr'><strong>qui</strong></span> <span class='ocrx_word' id='word_1_578' title='bbox 793 4390 1092 4464; x_wconf 60' lang='lat' dir='ltr'><strong>sapientiae</strong></span> <span class='ocrx_word' id='word_1_579' title='bbox 1123 4391 1460 4465; x_wconf 85' lang='lat' dir='ltr'><strong>participes,</strong></span> <span class='ocrx_word' id='word_1_580' title='bbox 1491 4408 1707 4462; x_wconf 89' lang='lat' dir='ltr'><strong>comes,</strong></span> <span class='ocrx_word' id='word_1_581' title='bbox 1739 4410 1774 4450; x_wconf 91' lang='lat' dir='ltr'><strong>a</strong></span> <span class='ocrx_word' id='word_1_582' title='bbox 1807 4393 1917 4450; x_wconf 86' lang='lat' dir='ltr'><strong>Deo</strong></span> <span class='ocrx_word' id='word_1_583' title='bbox 1946 4393 2123 4464; x_wconf 90' lang='lat' dir='ltr'><strong>docti,</strong></span> 
     </span>
    </p>
   </div>
   <div class='ocr_carea' id='block_1_79' title="bbox 542 4570 1085 4642">
    <p class='ocr_par' dir='ltr' id='par_1_79' title="bbox 542 4570 1085 4642">
     <span class='ocr_line' id='line_1_79' title="bbox 542 4570 1085 4642; baseline -0.002 -13"><span class='ocrx_word' id='word_1_584' title='bbox 542 4573 564 4608; x_wconf 76' lang='grc'>⁸</span> <span class='ocrx_word' id='word_1_585' title='bbox 593 4571 763 4629; x_wconf 82' lang='lat' dir='ltr'><strong>Joan.</strong></span> <span class='ocrx_word' id='word_1_586' title='bbox 795 4587 852 4638; x_wconf 73' lang='grc' dir='ltr'><strong>κ,</strong></span> <span class='ocrx_word' id='word_1_587' title='bbox 873 4570 962 4642; x_wconf 87' lang='grc'><strong>33,</strong></span> <span class='ocrx_word' id='word_1_588' title='bbox 995 4571 1085 4628; x_wconf 90' lang='grc'><strong>30.</strong></span> 
     </span>
    </p>
   </div>
   <div class='ocr_carea' id='block_1_80' title="bbox 551 4755 2106 4833">
    <p class='ocr_par' dir='ltr' id='par_1_80' title="bbox 551 4755 2102 4833">
     <span class='ocr_line' id='line_1_80' title="bbox 551 4755 2102 4833; baseline 0.002 -20"><span class='ocrx_word' id='word_1_589' title='bbox 551 4756 662 4833; x_wconf 71' lang='grc'>(39)</span> <span class='ocrx_word' id='word_1_590' title='bbox 691 4759 954 4833; x_wconf 80' lang='lat' dir='ltr'><strong>Seguer.,</strong></span> <span class='ocrx_word' id='word_1_591' title='bbox 983 4757 1052 4812; x_wconf 78' lang='grc' dir='ltr'>τὰ</span> <span class='ocrx_word' id='word_1_592' title='bbox 1085 4758 1188 4833; x_wconf 80' lang='grc' dir='ltr'>μὲν</span> <span class='ocrx_word' id='word_1_593' title='bbox 1235 4759 1470 4833; x_wconf 76' lang='grc' dir='ltr'>Χριστοῦ</span> <span class='ocrx_word' id='word_1_594' title='bbox 1501 4755 1682 4833; x_wconf 85' lang='grc' dir='ltr'>λόγια.</span> <span class='ocrx_word' id='word_1_595' title='bbox 1702 4757 1834 4833; x_wconf 61' lang='lat' dir='ltr'><strong>Mn;</strong></span> <span class='ocrx_word' id='word_1_596' title='bbox 1862 4758 2102 4832; x_wconf 85' lang='lat' dir='ltr'><strong>Seguer.</strong></span> 
     </span>
    </p>
   </div>
   <div class='ocr_carea' id='block_1_81' title="bbox 2220 4755 3513 4833">
    <p class='ocr_par' dir='ltr' id='par_1_81' title="bbox 2233 4755 3513 4833">
     <span class='ocr_line' id='line_1_81' title="bbox 2233 4755 3513 4833; baseline -0.001 -20"><span class='ocrx_word' id='word_1_597' title='bbox 2233 4759 2526 4833; x_wconf 85' lang='grc' dir='ltr'>νώσκηται.</span> <span class='ocrx_word' id='word_1_598' title='bbox 2559 4759 2704 4833; x_wconf 86' lang='lat' dir='ltr'><strong>Ibid.</strong></span> <span class='ocrx_word' id='word_1_599' title='bbox 2737 4757 3072 4833; x_wconf 74' lang='lat' dir='ltr'><strong>conjunctio</strong></span> <span class='ocrx_word' id='word_1_600' title='bbox 3099 4757 3191 4833; x_wconf 86' lang='grc' dir='ltr'><strong>καί</strong></span> <span class='ocrx_word' id='word_1_601' title='bbox 3235 4759 3369 4833; x_wconf 84' lang='lat' dir='ltr'><strong>po__st</strong></span> <span class='ocrx_word' id='word_1_602' title='bbox 3414 4755 3513 4827; x_wconf 71' lang='grc' dir='ltr'>ἀνή</span> 
     </span>
    </p>
   </div>
   <div class='ocr_carea' id='block_1_82' title="bbox 474 4826 2131 4903">
    <p class='ocr_par' dir='ltr' id='par_1_82' title="bbox 474 4826 2131 4903">
     <span class='ocr_line' id='line_1_82' title="bbox 474 4826 2131 4903; baseline 0.002 -17"><span class='ocrx_word' id='word_1_603' title='bbox 474 4826 688 4897; x_wconf 82' lang='grc' dir='ltr'>σαλίας,</span> <span class='ocrx_word' id='word_1_604' title='bbox 719 4826 880 4903; x_wconf 62' lang='lat' dir='ltr'><strong>et&#39;ad</strong></span> <span class='ocrx_word' id='word_1_605' title='bbox 903 4826 1240 4903; x_wconf 82' lang='lat' dir='ltr'><strong>marginem</strong></span> <span class='ocrx_word' id='word_1_606' title='bbox 1270 4826 1385 4903; x_wconf 67' lang='lat' dir='ltr'><strong>alia</strong></span> <span class='ocrx_word' id='word_1_607' title='bbox 1411 4826 1612 4899; x_wconf 60' lang='lat' dir='ltr'><strong>manu,</strong></span> <span class='ocrx_word' id='word_1_608' title='bbox 1644 4827 1894 4903; x_wconf 76' lang='grc' dir='ltr'>Θαλείας,</span> <span class='ocrx_word' id='word_1_609' title='bbox 1937 4826 2014 4887; x_wconf 68' lang='lat' dir='ltr'><strong>iit</strong></span> <span class='ocrx_word' id='word_1_610' title='bbox 2071 4826 2131 4888; x_wconf 82' lang='lat' dir='ltr'><strong>et</strong></span> 
     </span>
    </p>
   </div>
   <div class='ocr_carea' id='block_1_83' title="bbox 477 4900 2128 5030">
    <p class='ocr_par' dir='ltr' id='par_1_83' title="bbox 477 4900 2128 5030">
     <span class='ocr_line' id='line_1_83' title="bbox 477 4900 2128 5030; baseline 0 -72"><span class='ocrx_word' id='word_1_611' title='bbox 477 4903 655 5030; x_wconf 51' lang='lat' dir='ltr'><strong>gappt</strong></span> <span class='ocrx_word' id='word_1_612' title='bbox 683 4900 1070 4958; x_wconf 77' lang='lat' dir='ltr'><strong>Gobleriunus</strong></span> <span class='ocrx_word' id='word_1_613' title='bbox 1101 4906 1155 4958; x_wconf 90' lang='lat' dir='ltr'><strong>ct</strong></span> <span class='ocrx_word' id='word_1_614' title='bbox 1206 4900 1459 4959; x_wconf 81' lang='lat' dir='ltr'><strong>Felckm.</strong></span> <span class='ocrx_word' id='word_1_615' title='bbox 1513 4903 1564 4957; x_wconf 92' lang='lat'><strong>1.</strong></span> <span class='ocrx_word' id='word_1_616' title='bbox 1599 4901 1746 4958; x_wconf 86' lang='lat' dir='ltr'><strong>Editi</strong></span> <span class='ocrx_word' id='word_1_617' title='bbox 1778 4917 1917 4960; x_wconf 87' lang='lat' dir='ltr'><strong>vero</strong></span> <span class='ocrx_word' id='word_1_618' title='bbox 1943 4907 2000 4957; x_wconf 89' lang='lat' dir='ltr'><strong>ct</strong></span> <span class='ocrx_word' id='word_1_619' title='bbox 2030 4903 2128 4958; x_wconf 75' lang='lat' dir='ltr'><strong>alii</strong></span> 
     </span>
     <span class='ocr_line' id='line_1_84' title="bbox 522 4991 703 5030; baseline 0 -2"><span class='ocrx_word' id='word_1_620' title='bbox 522 4993 554 5028; x_wconf 89' lang='grc' dir='ltr'><strong>α</strong></span> <span class='ocrx_word' id='word_1_621' title='bbox 619 4991 703 5030; x_wconf 84' lang='grc' dir='ltr'><strong>ας.</strong></span> 
     </span>
    </p>
   </div>
   <div class='ocr_carea' id='block_1_84' title="bbox 522 4991 703 5034">
    <p class='ocr_par' dir='ltr' id='par_1_84' title="bbox 522 4991 703 5034">
     <span class='ocr_line' id='line_1_85' title="bbox 522 4991 703 5034; baseline 0 -6"><span class='ocrx_word' id='word_1_622' title='bbox 522 4991 591 5028; x_wconf 80' lang='grc' dir='ltr'><strong>αΛ</strong></span> <span class='ocrx_word' id='word_1_623' title='bbox 601 4991 703 5034; x_wconf 89' lang='grc' dir='ltr'>ιας.</span> 
     </span>
    </p>
   </div>
   <div class='ocr_carea' id='block_1_85' title="bbox 479 5039 2124 5190">
    <p class='ocr_par' dir='ltr' id='par_1_85' title="bbox 479 5039 2124 5190">
     <span class='ocr_line' id='line_1_86' title="bbox 549 5039 2122 5172; baseline 0.001 -74"><span class='ocrx_word' id='word_1_624' title='bbox 549 5045 658 5172; x_wconf 58' lang='grc'>(40)</span> <span class='ocrx_word' id='word_1_625' title='bbox 695 5043 948 5100; x_wconf 87' lang='lat' dir='ltr'><strong>Felckm.</strong></span> <span class='ocrx_word' id='word_1_626' title='bbox 979 5045 1034 5133; x_wconf 62' lang='grc' dir='ltr'>ξ,</span> <span class='ocrx_word' id='word_1_627' title='bbox 1067 5039 1306 5118; x_wconf 69' lang='grc' dir='ltr'>λέγουσι.</span> <span class='ocrx_word' id='word_1_628' title='bbox 1338 5044 1856 5129; x_wconf 41' lang='grc' dir='ltr'>ῐδίἁηξμρευειχίρυ.</span> <span class='ocrx_word' id='word_1_629' title='bbox 1890 5043 2122 5130; x_wconf 76' lang='lat' dir='ltr'><strong>Gobler.</strong></span> 
     </span>
     <span class='ocr_line' id='line_1_87' title="bbox 479 5114 2124 5190; baseline 0.002 -20"><span class='ocrx_word' id='word_1_630' title='bbox 479 5120 550 5172; x_wconf 83' lang='lat' dir='ltr'><strong>Fe</strong></span> <span class='ocrx_word' id='word_1_631' title='bbox 577 5116 730 5190; x_wconf 80' lang='lat' dir='ltr'><strong>ckm.</strong></span> <span class='ocrx_word' id='word_1_632' title='bbox 765 5116 818 5190; x_wconf 15' lang='lat'><strong>17,</strong></span> <span class='ocrx_word' id='word_1_633' title='bbox 848 5134 1038 5190; x_wconf 68' lang='grc' dir='ltr'>καινην</span> <span class='ocrx_word' id='word_1_634' title='bbox 1069 5114 1343 5190; x_wconf 37' lang='grc' dir='ltr'>γάρηθίο.</span> <span class='ocrx_word' id='word_1_635' title='bbox 1399 5117 1550 5172; x_wconf 82' lang='lat' dir='ltr'><strong>Edltl</strong></span> <span class='ocrx_word' id='word_1_636' title='bbox 1583 5116 1770 5190; x_wconf 60' lang='lat' dir='ltr'><strong>etalt!</strong></span> <span class='ocrx_word' id='word_1_637' title='bbox 1799 5115 1900 5190; x_wconf 82' lang='grc' dir='ltr'><strong>γάρ</strong></span> <span class='ocrx_word' id='word_1_638' title='bbox 1952 5122 2124 5174; x_wconf 79' lang='lat' dir='ltr'><strong>omit-</strong></span> 
     </span>
    </p>
   </div>
   <div class='ocr_carea' id='block_1_86' title="bbox 478 5183 1862 5263">
    <p class='ocr_par' dir='ltr' id='par_1_86' title="bbox 478 5183 1862 5263">
     <span class='ocr_line' id='line_1_88' title="bbox 478 5183 1862 5263; baseline -0.001 -19"><span class='ocrx_word' id='word_1_639' title='bbox 478 5192 653 5263; x_wconf 38' lang='lat' dir='ltr'><strong>tunt,</strong></span> <span class='ocrx_word' id='word_1_640' title='bbox 672 5187 1024 5263; x_wconf 35' lang='grc' dir='ltr'>Ιξθςίυελκαὶ</span> <span class='ocrx_word' id='word_1_641' title='bbox 1054 5183 1150 5263; x_wconf 49' lang='grc' dir='ltr'><strong>νῦν</strong></span> <span class='ocrx_word' id='word_1_642' title='bbox 1179 5183 1378 5263; x_wconf 69' lang='grc' dir='ltr'>αἵρεσιν</span> <span class='ocrx_word' id='word_1_643' title='bbox 1409 5183 1862 5263; x_wconf 71' lang='grc' dir='ltr'>καταγγέλλουσι.</span> 
     </span>
    </p>
   </div>
   <div class='ocr_carea' id='block_1_87' title="bbox 549 5255 2123 5332">
    <p class='ocr_par' dir='ltr' id='par_1_87' title="bbox 549 5255 2123 5332">
     <span class='ocr_line' id='line_1_89' title="bbox 549 5255 2123 5332; baseline -0.015 0"><span class='ocrx_word' id='word_1_644' title='bbox 549 5259 660 5332; x_wconf 60' lang='grc'>(41)</span> <span class='ocrx_word' id='word_1_645' title='bbox 693 5255 1058 5332; x_wconf 50' lang='lat' dir='ltr'><strong>Sestlgrianq</strong></span> <span class='ocrx_word' id='word_1_646' title='bbox 1091 5255 1166 5319; x_wconf 39' lang='grc' dir='ltr'><strong>είς</strong></span> <span class='ocrx_word' id='word_1_647' title='bbox 1195 5255 1270 5312; x_wconf 71' lang='grc' dir='ltr'>τέ.</span> <span class='ocrx_word' id='word_1_648' title='bbox 1297 5259 1486 5332; x_wconf 68' lang='lat' dir='ltr'><strong>Paulo</strong></span> <span class='ocrx_word' id='word_1_649' title='bbox 1518 5255 1652 5332; x_wconf 77' lang='lat' dir='ltr'><strong>post</strong></span> <span class='ocrx_word' id='word_1_650' title='bbox 1696 5261 1865 5332; x_wconf 15' lang='lat' dir='ltr'><strong>idem,</strong></span> <span class='ocrx_word' id='word_1_651' title='bbox 1901 5279 1910 5305; x_wconf 82' lang='grc' dir='ltr'><strong>ι</strong></span> <span class='ocrx_word' id='word_1_652' title='bbox 1941 5259 2123 5332; x_wconf 69' lang='lat' dir='ltr'><strong>t_(_io-</strong></span> 
     </span>
    </p>
   </div>
   <div class='ocr_carea' id='block_1_88' title="bbox 477 5326 2122 5397">
    <p class='ocr_par' dir='ltr' id='par_1_88' title="bbox 477 5326 2122 5397">
     <span class='ocr_line' id='line_1_90' title="bbox 477 5326 2122 5397; baseline -0.002 -11"><span class='ocrx_word' id='word_1_653' title='bbox 477 5326 726 5386; x_wconf 73' lang='lat' dir='ltr'><strong>blérian.</strong></span> <span class='ocrx_word' id='word_1_654' title='bbox 758 5326 816 5385; x_wconf 70' lang='grc' dir='ltr'><strong>ει</strong></span> <span class='ocrx_word' id='word_1_655' title='bbox 848 5329 1098 5386; x_wconf 83' lang='lat' dir='ltr'><strong>Felckm.</strong></span> <span class='ocrx_word' id='word_1_656' title='bbox 1134 5332 1184 5397; x_wconf 88' lang='grc'><strong>1,</strong></span> <span class='ocrx_word' id='word_1_657' title='bbox 1218 5327 1462 5392; x_wconf 87' lang='grc' dir='ltr'>Θαλείας.</span> <span class='ocrx_word' id='word_1_658' title='bbox 1496 5326 1608 5388; x_wconf 60' lang='lat' dir='ltr'><strong>Alii</strong></span> <span class='ocrx_word' id='word_1_659' title='bbox 1639 5335 1697 5387; x_wconf 83' lang='lat' dir='ltr'><strong>et</strong></span> <span class='ocrx_word' id='word_1_660' title='bbox 1728 5326 2122 5396; x_wconf 71' lang='grc' dir='ltr'>εάὶΐί,Θαλίας.</span> 
     </span>
    </p>
   </div>
   <div class='ocr_carea' id='block_1_89' title="bbox 550 5401 2124 5474">
    <p class='ocr_par' dir='ltr' id='par_1_89' title="bbox 550 5401 2124 5474">
     <span class='ocr_line' id='line_1_91' title="bbox 550 5401 2124 5474; baseline 0.001 -18"><span class='ocrx_word' id='word_1_661' title='bbox 550 5403 662 5474; x_wconf 77' lang='grc'>(42)</span> <span class='ocrx_word' id='word_1_662' title='bbox 692 5402 930 5474; x_wconf 84' lang='lat' dir='ltr'><strong>Seguer.</strong></span> <span class='ocrx_word' id='word_1_663' title='bbox 964 5401 1194 5458; x_wconf 85' lang='lat' dir='ltr'><strong>Gobler.</strong></span> <span class='ocrx_word' id='word_1_664' title='bbox 1227 5408 1284 5458; x_wconf 87' lang='lat' dir='ltr'><strong>et</strong></span> <span class='ocrx_word' id='word_1_665' title='bbox 1312 5403 1562 5474; x_wconf 80' lang='lat' dir='ltr'><strong>Felckm.</strong></span> <span class='ocrx_word' id='word_1_666' title='bbox 1597 5405 1650 5468; x_wconf 95' lang='lat'><strong>1,</strong></span> <span class='ocrx_word' id='word_1_667' title='bbox 1685 5408 1964 5468; x_wconf 82' lang='grc' dir='ltr'>Σωτατου,</span> <span class='ocrx_word' id='word_1_668' title='bbox 2008 5405 2124 5458; x_wconf 83' lang='lat' dir='ltr'><strong>An-</strong></span> 
     </span>
    </p>
   </div>
   <div class='ocr_carea' id='block_1_90' title="bbox 478 5473 2120 5562">
    <p class='ocr_par' dir='ltr' id='par_1_90' title="bbox 478 5473 2120 5562">
     <span class='ocr_line' id='line_1_92' title="bbox 478 5473 2120 5562; baseline 0.001 -36"><span class='ocrx_word' id='word_1_669' title='bbox 478 5473 902 5562; x_wconf 41' lang='lat' dir='ltr'><strong>gli’c.ml&quot;clckm.</strong></span> <span class='ocrx_word' id='word_1_670' title='bbox 936 5476 971 5528; x_wconf 89' lang='lat'><strong>2</strong></span> <span class='ocrx_word' id='word_1_671' title='bbox 1017 5477 1072 5529; x_wconf 90' lang='lat' dir='ltr'><strong>et</strong></span> <span class='ocrx_word' id='word_1_672' title='bbox 1126 5475 1180 5542; x_wconf 86' lang='lat'><strong>5,</strong></span> <span class='ocrx_word' id='word_1_673' title='bbox 1239 5473 1514 5530; x_wconf 78' lang='grc' dir='ltr'>Σωσάτου.</span> <span class='ocrx_word' id='word_1_674' title='bbox 1577 5475 1763 5530; x_wconf 86' lang='lat' dir='ltr'><strong>Editio</strong></span> <span class='ocrx_word' id='word_1_675' title='bbox 1818 5473 2120 5542; x_wconf 86' lang='lat' dir='ltr'><strong>Commel.,</strong></span> 
     </span>
    </p>
   </div>
   <div class='ocr_carea' id='block_1_91' title="bbox 481 5551 2120 5690">
    <p class='ocr_par' dir='ltr' id='par_1_91' title="bbox 481 5551 2120 5690">
     <span class='ocr_line' id='line_1_93' title="bbox 481 5551 2120 5690; baseline -0.009 -6"><span class='ocrx_word' id='word_1_676' title='bbox 481 5551 932 5690; x_wconf 40' lang='grc' dir='ltr'>Δίῃέῖοέεευριι.</span> <span class='ocrx_word' id='word_1_677' title='bbox 965 5615 1186 5690; x_wconf 63' lang='lat' dir='ltr'><strong>Anglic.</strong></span> <span class='ocrx_word' id='word_1_678' title='bbox 1221 5617 1450 5690; x_wconf 85' lang='lat' dir='ltr'><strong>Gobler.</strong></span> <span class='ocrx_word' id='word_1_679' title='bbox 1485 5617 1738 5690; x_wconf 86' lang='lat' dir='ltr'><strong>Felckm.</strong></span> <span class='ocrx_word' id='word_1_680' title='bbox 1775 5616 1843 5690; x_wconf 85' lang='lat' dir='ltr'><strong>l,_</strong></span> <span class='ocrx_word' id='word_1_681' title='bbox 1859 5613 2120 5690; x_wconf 56' lang='grc' dir='ltr'>ἐπιγνωσ-</span> 
     </span>
    </p>
   </div>
   <div class='ocr_carea' id='block_1_92' title="bbox 477 5685 2120 5762">
    <p class='ocr_par' dir='ltr' id='par_1_92' title="bbox 477 5685 2120 5762">
     <span class='ocr_line' id='line_1_94' title="bbox 477 5685 2120 5762; baseline 0 -22"><span class='ocrx_word' id='word_1_682' title='bbox 477 5686 717 5754; x_wconf 63' lang='grc' dir='ltr'>θήσεται,</span> <span class='ocrx_word' id='word_1_683' title='bbox 754 5685 893 5758; x_wconf 76' lang='lat' dir='ltr'><strong>Reg.</strong></span> <span class='ocrx_word' id='word_1_684' title='bbox 925 5689 982 5740; x_wconf 88' lang='lat' dir='ltr'><strong>et</strong></span> <span class='ocrx_word' id='word_1_685' title='bbox 1011 5685 1269 5744; x_wconf 74' lang='lat' dir='ltr'><strong>Félokm.</strong></span> <span class='ocrx_word' id='word_1_686' title='bbox 1302 5689 1357 5755; x_wconf 85' lang='lat'><strong>5,</strong></span> <span class='ocrx_word' id='word_1_687' title='bbox 1412 5689 1753 5762; x_wconf 82' lang='grc' dir='ltr'>γινώσκεται.</span> <span class='ocrx_word' id='word_1_688' title='bbox 1805 5685 1980 5758; x_wconf 71' lang='lat' dir='ltr'><strong>Editi,</strong></span> <span class='ocrx_word' id='word_1_689' title='bbox 2037 5707 2120 5762; x_wconf 82' lang='grc' dir='ltr'>γι-</span> 
     </span>
    </p>
   </div>
   <div class='ocr_carea' id='block_1_93' title="bbox 2219 3319 3868 3398">
    <p class='ocr_par' dir='ltr' id='par_1_93' title="bbox 2219 3319 3868 3398">
     <span class='ocr_line' id='line_1_95' title="bbox 2219 3319 3868 3398; baseline -0.005 -17"><span class='ocrx_word' id='word_1_690' title='bbox 2219 3325 2346 3381; x_wconf 89' lang='grc' dir='ltr'>Θεὸν</span> <span class='ocrx_word' id='word_1_691' title='bbox 2407 3324 2624 3379; x_wconf 88' lang='grc' dir='ltr'>σεαυτὸν</span> <span class='ocrx_word' id='word_1_692' title='bbox 2685 3327 2886 3393; x_wconf 82' lang='grc' dir='ltr'>ποιεῖς,</span> <span class='ocrx_word' id='word_1_693' title='bbox 2941 3323 3032 3378; x_wconf 85' lang='grc' dir='ltr'><strong>καὶ</strong></span> <span class='ocrx_word' id='word_1_694' title='bbox 3089 3321 3291 3398; x_wconf 80' lang='grc' dir='ltr'>λέγεις,</span> <span class='ocrx_word' id='word_1_695' title='bbox 3351 3321 3495 3396; x_wconf 83' lang='grc' dir='ltr'><strong>Ἐγὼ</strong></span> <span class='ocrx_word' id='word_1_696' title='bbox 3551 3319 3639 3376; x_wconf 80' lang='grc' dir='ltr'><strong>καὶ</strong></span> <span class='ocrx_word' id='word_1_697' title='bbox 3696 3320 3724 3374; x_wconf 84' lang='grc' dir='ltr'>ὁ</span> <span class='ocrx_word' id='word_1_698' title='bbox 3756 3325 3868 3374; x_wconf 77' lang='lat' dir='ltr'><strong>lla-</strong></span> 
     </span>
    </p>
   </div>
   <div class='ocr_carea' id='block_1_94' title="bbox 2216 3405 3868 3491">
    <p class='ocr_par' dir='ltr' id='par_1_94' title="bbox 2216 3405 3868 3491">
     <span class='ocr_line' id='line_1_96' title="bbox 2216 3405 3868 3491; baseline -0.002 -23"><span class='ocrx_word' id='word_1_699' title='bbox 2216 3415 2322 3491; x_wconf 75' lang='grc' dir='ltr'>τὴρ</span> <span class='ocrx_word' id='word_1_700' title='bbox 2350 3410 2406 3468; x_wconf 75' lang='grc' dir='ltr'>ἓν</span> <span class='ocrx_word' id='word_1_701' title='bbox 2434 3411 2615 3486; x_wconf 84' lang='grc' dir='ltr'>ἐσμεν,</span> <span class='ocrx_word' id='word_1_702' title='bbox 2647 3411 2791 3468; x_wconf 74' lang='grc' dir='ltr'>οῧτω</span> <span class='ocrx_word' id='word_1_703' title='bbox 2821 3411 2911 3468; x_wconf 88' lang='grc' dir='ltr'><strong>καὶ</strong></span> <span class='ocrx_word' id='word_1_704' title='bbox 2942 3412 2971 3466; x_wconf 70' lang='grc' dir='ltr'><strong>ὃ</strong></span> <span class='ocrx_word' id='word_1_705' title='bbox 3001 3405 3268 3482; x_wconf 75' lang='grc' dir='ltr'>κίϐδηλος</span> <span class='ocrx_word' id='word_1_706' title='bbox 3299 3410 3390 3465; x_wconf 85' lang='grc' dir='ltr'><strong>καὶ</strong></span> <span class='ocrx_word' id='word_1_707' title='bbox 3425 3405 3730 3470; x_wconf 83' lang='grc' dir='ltr'>Σωτάδειος</span> <span class='ocrx_word' id='word_1_708' title='bbox 3755 3409 3868 3482; x_wconf 69' lang='grc'>(46)</span> 
     </span>
    </p>
   </div>
   <div class='ocr_carea' id='block_1_95' title="bbox 2220 3497 3870 3578">
    <p class='ocr_par' dir='ltr' id='par_1_95' title="bbox 2220 3497 3870 3578">
     <span class='ocr_line' id='line_1_97' title="bbox 2220 3497 3870 3578; baseline -0.004 -20"><span class='ocrx_word' id='word_1_709' title='bbox 2220 3509 2415 3578; x_wconf 68' lang='lat' dir='ltr'><strong>&quot;Apto:</strong></span> <span class='ocrx_word' id='word_1_710' title='bbox 2477 3501 2819 3578; x_wconf 83' lang='grc' dir='ltr'>ὑποκρίνεται</span> <span class='ocrx_word' id='word_1_711' title='bbox 2871 3501 2966 3576; x_wconf 73' lang='grc' dir='ltr'>μὶν</span> <span class='ocrx_word' id='word_1_712' title='bbox 3027 3500 3102 3563; x_wconf 83' lang='grc' dir='ltr'><strong>ὡς</strong></span> <span class='ocrx_word' id='word_1_713' title='bbox 3151 3499 3277 3576; x_wconf 87' lang='grc' dir='ltr'>περὶ</span> <span class='ocrx_word' id='word_1_714' title='bbox 3329 3503 3468 3555; x_wconf 74' lang='grc' dir='ltr'>Θεοῦ</span> <span class='ocrx_word' id='word_1_715' title='bbox 3506 3497 3702 3575; x_wconf 74' lang='grc' dir='ltr'>λέγων,</span> <span class='ocrx_word' id='word_1_716' title='bbox 3732 3516 3870 3572; x_wconf 84' lang='grc' dir='ltr'>παρ-</span> 
     </span>
    </p>
   </div>
   <div class='ocr_carea' id='block_1_96' title="bbox 2223 3581 3873 3666">
    <p class='ocr_par' dir='ltr' id='par_1_96' title="bbox 2223 3581 3873 3666">
     <span class='ocr_line' id='line_1_98' title="bbox 2223 3581 3873 3666; baseline -0.005 -18"><span class='ocrx_word' id='word_1_717' title='bbox 2223 3590 2443 3655; x_wconf 74' lang='grc' dir='ltr'>εντιθεὶς</span> <span class='ocrx_word' id='word_1_718' title='bbox 2505 3593 2615 3664; x_wconf 81' lang='grc'>(47)</span> <span class='ocrx_word' id='word_1_719' title='bbox 2672 3591 2769 3652; x_wconf 78' lang='grc' dir='ltr'><strong>τὰς</strong></span> <span class='ocrx_word' id='word_1_720' title='bbox 2825 3593 2933 3646; x_wconf 86' lang='grc' dir='ltr'><strong>τῶν</strong></span> <span class='ocrx_word' id='word_1_721' title='bbox 2993 3592 3218 3666; x_wconf 89' lang='grc' dir='ltr'>Γραφῶν</span> <span class='ocrx_word' id='word_1_722' title='bbox 3279 3587 3474 3659; x_wconf 75' lang='grc' dir='ltr'>λέξεις,</span> <span class='ocrx_word' id='word_1_723' title='bbox 3503 3585 3784 3662; x_wconf 80' lang='grc' dir='ltr'>ἐλεγχεται</span> <span class='ocrx_word' id='word_1_724' title='bbox 3814 3581 3873 3640; x_wconf 78' lang='grc' dir='ltr'>δὶ</span> 
     </span>
    </p>
   </div>
   <div class='ocr_carea' id='block_1_97' title="bbox 2223 3672 3872 3755">
    <p class='ocr_par' dir='ltr' id='par_1_97' title="bbox 2223 3672 3872 3755">
     <span class='ocr_line' id='line_1_99' title="bbox 2223 3672 3872 3755; baseline -0.004 -20"><span class='ocrx_word' id='word_1_725' title='bbox 2223 3677 2560 3755; x_wconf 86' lang='grc' dir='ltr'>πανταχόθεν</span> <span class='ocrx_word' id='word_1_726' title='bbox 2609 3681 2830 3754; x_wconf 74' lang='grc' dir='ltr'>’Ἄρειος</span> <span class='ocrx_word' id='word_1_727' title='bbox 2879 3679 3055 3747; x_wconf 77' lang='grc' dir='ltr'>ἄθεος,</span> <span class='ocrx_word' id='word_1_728' title='bbox 3103 3675 3433 3752; x_wconf 78' lang='grc' dir='ltr'>ἀρνούμενος</span> <span class='ocrx_word' id='word_1_729' title='bbox 3461 3676 3552 3732; x_wconf 88' lang='grc' dir='ltr'><strong>τὸν</strong></span> <span class='ocrx_word' id='word_1_730' title='bbox 3582 3675 3729 3745; x_wconf 69' lang='lat' dir='ltr'><strong>nev,</strong></span> <span class='ocrx_word' id='word_1_731' title='bbox 3781 3672 3872 3729; x_wconf 86' lang='grc' dir='ltr'>καὶ</span> 
     </span>
    </p>
   </div>
   <div class='ocr_carea' id='block_1_98' title="bbox 2221 3766 3268 3842">
    <p class='ocr_par' dir='ltr' id='par_1_98' title="bbox 2221 3766 3268 3842">
     <span class='ocr_line' id='line_1_100' title="bbox 2221 3766 3268 3842; baseline -0.005 -17"><span class='ocrx_word' id='word_1_732' title='bbox 2221 3773 2342 3832; x_wconf 88' lang='grc' dir='ltr'>τοῖς</span> <span class='ocrx_word' id='word_1_733' title='bbox 2371 3769 2676 3842; x_wconf 75' lang='grc' dir='ltr'>ποιήμασιν</span> <span class='ocrx_word' id='word_1_734' title='bbox 2707 3766 2866 3824; x_wconf 82' lang='grc' dir='ltr'>αὐτὸν</span> <span class='ocrx_word' id='word_1_735' title='bbox 2899 3771 3268 3842; x_wconf 87' lang='grc' dir='ltr'>συναριθμῶν,</span> 
     </span>
    </p>
   </div>
   <div class='ocr_carea' id='block_1_99' title="bbox 2295 3940 3870 4020">
    <p class='ocr_par' dir='ltr' id='par_1_99' title="bbox 2295 3940 3870 4020">
     <span class='ocr_line' id='line_1_101' title="bbox 2295 3940 3870 4020; baseline -0.006 -16"><span class='ocrx_word' id='word_1_736' title='bbox 2295 3947 2351 4004; x_wconf 89' lang='grc'><strong>5.</strong></span> <span class='ocrx_word' id='word_1_737' title='bbox 2382 3947 2442 4003; x_wconf 85' lang='grc' dir='ltr'><em>Ἦ</em></span> <span class='ocrx_word' id='word_1_738' title='bbox 2481 3946 2577 4020; x_wconf 75' lang='grc' dir='ltr'><strong>μὶν</strong></span> <span class='ocrx_word' id='word_1_739' title='bbox 2606 3943 2698 4000; x_wconf 82' lang='grc' dir='ltr'><strong>οῦν</strong></span> <span class='ocrx_word' id='word_1_740' title='bbox 2733 3944 2881 4020; x_wconf 78' lang='grc' dir='ltr'>ἀρχὴ</span> <span class='ocrx_word' id='word_1_741' title='bbox 2912 3951 3012 4014; x_wconf 82' lang='grc' dir='ltr'><strong>τῆς</strong></span> <span class='ocrx_word' id='word_1_742' title='bbox 3043 3945 3328 4019; x_wconf 84' lang='grc' dir='ltr'>Ἀρειανῆς</span> <span class='ocrx_word' id='word_1_743' title='bbox 3366 3941 3594 4004; x_wconf 87' lang='grc' dir='ltr'>Θαλείας</span> <span class='ocrx_word' id='word_1_744' title='bbox 3624 3944 3736 4016; x_wconf 81' lang='grc'>(48)</span> <span class='ocrx_word' id='word_1_745' title='bbox 3781 3940 3870 3996; x_wconf 87' lang='grc' dir='ltr'><strong>καὶ</strong></span> 
     </span>
    </p>
   </div>
   <div class='ocr_carea' id='block_1_100' title="bbox 2227 4029 3870 4114">
    <p class='ocr_par' dir='ltr' id='par_1_100' title="bbox 2227 4029 3870 4114">
     <span class='ocr_line' id='line_1_102' title="bbox 2227 4029 3870 4114; baseline -0.004 -23"><span class='ocrx_word' id='word_1_746' title='bbox 2227 4034 2615 4114; x_wconf 77' lang='grc' dir='ltr'>κουφολογίας,</span> <span class='ocrx_word' id='word_1_747' title='bbox 2646 4037 2780 4104; x_wconf 60' lang='grc' dir='ltr'><strong>⁵ἦθος</strong></span> <span class='ocrx_word' id='word_1_748' title='bbox 2809 4031 3013 4110; x_wconf 67' lang='grc' dir='ltr'>ἔχουσα</span> <span class='ocrx_word' id='word_1_749' title='bbox 3042 4033 3131 4089; x_wconf 88' lang='grc' dir='ltr'><strong>καὶ</strong></span> <span class='ocrx_word' id='word_1_750' title='bbox 3185 4033 3352 4107; x_wconf 82' lang='grc' dir='ltr'>μὲλος</span> <span class='ocrx_word' id='word_1_751' title='bbox 3405 4030 3668 4104; x_wconf 85' lang='grc' dir='ltr'>θηλυκὸν,</span> <span class='ocrx_word' id='word_1_752' title='bbox 3713 4029 3870 4100; x_wconf 73' lang='grc' dir='ltr'>αὕτη·</span> 
     </span>
    </p>
   </div>
   <div class='ocr_carea' id='block_1_101' title="bbox 2231 4116 3874 4194">
    <p class='ocr_par' dir='ltr' id='par_1_101' title="bbox 2231 4116 3874 4194">
     <span class='ocr_line' id='line_1_103' title="bbox 2231 4116 3874 4194; baseline -0.003 -16"><span class='ocrx_word' id='word_1_753' title='bbox 2231 4150 2259 4178; x_wconf 84' lang='grc'><strong>‹‹</strong></span> <span class='ocrx_word' id='word_1_754' title='bbox 2293 4124 2444 4181; x_wconf 80' lang='grc' dir='ltr'>Κατὰ</span> <span class='ocrx_word' id='word_1_755' title='bbox 2471 4123 2650 4179; x_wconf 88' lang='grc' dir='ltr'>πίστιν</span> <span class='ocrx_word' id='word_1_756' title='bbox 2679 4122 2946 4180; x_wconf 81' lang='grc' dir='ltr'>ἐκλεκτῶν</span> <span class='ocrx_word' id='word_1_757' title='bbox 2979 4127 3135 4194; x_wconf 88' lang='grc' dir='ltr'>Θεοῦ,</span> <span class='ocrx_word' id='word_1_758' title='bbox 3176 4125 3407 4178; x_wconf 84' lang='grc' dir='ltr'>συνετῶν</span> <span class='ocrx_word' id='word_1_759' title='bbox 3460 4128 3616 4192; x_wconf 90' lang='grc' dir='ltr'>Θεου,</span> <span class='ocrx_word' id='word_1_760' title='bbox 3665 4116 3874 4175; x_wconf 81' lang='grc' dir='ltr'>παίδων</span> 
     </span>
    </p>
   </div>
   <div class='ocr_carea' id='block_1_102' title="bbox 2231 4203 3876 4290">
    <p class='ocr_par' dir='ltr' id='par_1_102' title="bbox 2231 4203 3876 4290">
     <span class='ocr_line' id='line_1_104' title="bbox 2231 4203 3876 4290; baseline -0.005 -20"><span class='ocrx_word' id='word_1_761' title='bbox 2231 4213 2419 4290; x_wconf 79' lang='grc' dir='ltr'>ἁγίων,</span> <span class='ocrx_word' id='word_1_762' title='bbox 2481 4211 2826 4290; x_wconf 83' lang='grc' dir='ltr'>ὀρθοτόμων,</span> <span class='ocrx_word' id='word_1_763' title='bbox 2887 4213 3036 4290; x_wconf 78' lang='grc' dir='ltr'>ἅγιον</span> <span class='ocrx_word' id='word_1_764' title='bbox 3091 4215 3225 4268; x_wconf 90' lang='grc' dir='ltr'>Θεοῦ</span> <span class='ocrx_word' id='word_1_765' title='bbox 3297 4215 3512 4285; x_wconf 89' lang='grc' dir='ltr'>πνεῦμα</span> <span class='ocrx_word' id='word_1_766' title='bbox 3573 4203 3876 4278; x_wconf 73' lang='grc' dir='ltr'>λαϐόντων,</span> 
     </span>
    </p>
   </div>
   <div class='ocr_carea' id='block_1_103' title="bbox 2230 4297 3877 4380">
    <p class='ocr_par' dir='ltr' id='par_1_103' title="bbox 2230 4297 3877 4380">
     <span class='ocr_line' id='line_1_105' title="bbox 2230 4297 3877 4380; baseline -0.004 -22"><span class='ocrx_word' id='word_1_767' title='bbox 2230 4300 2359 4359; x_wconf 83' lang='grc' dir='ltr'>τάδε</span> <span class='ocrx_word' id='word_1_768' title='bbox 2413 4298 2614 4376; x_wconf 79' lang='grc' dir='ltr'>ἔμαθον</span> <span class='ocrx_word' id='word_1_769' title='bbox 2674 4300 2847 4378; x_wconf 78' lang='grc' dir='ltr'>ἔγωγε</span> <span class='ocrx_word' id='word_1_770' title='bbox 2902 4301 3006 4357; x_wconf 83' lang='grc' dir='ltr'>ὑπὸ</span> <span class='ocrx_word' id='word_1_771' title='bbox 3075 4305 3183 4357; x_wconf 90' lang='grc' dir='ltr'><strong>τῶν</strong></span> <span class='ocrx_word' id='word_1_772' title='bbox 3259 4299 3452 4380; x_wconf 89' lang='grc' dir='ltr'>σοφίας</span> <span class='ocrx_word' id='word_1_773' title='bbox 3514 4297 3877 4375; x_wconf 86' lang='grc' dir='ltr'>μετεχόντων,</span> 
     </span>
    </p>
   </div>
   <div class='ocr_carea' id='block_1_104' title="bbox 2234 4386 3876 4469">
    <p class='ocr_par' dir='ltr' id='par_1_104' title="bbox 2234 4386 3876 4469">
     <span class='ocr_line' id='line_1_106' title="bbox 2234 4386 3876 4469; baseline -0.004 -21"><span class='ocrx_word' id='word_1_774' title='bbox 2234 4391 2479 4461; x_wconf 83' lang='grc' dir='ltr'>ἀστείων,</span> <span class='ocrx_word' id='word_1_775' title='bbox 2511 4388 2889 4462; x_wconf 86' lang='grc' dir='ltr'>θεοδιδάκτων,</span> <span class='ocrx_word' id='word_1_776' title='bbox 2920 4389 3056 4447; x_wconf 86' lang='grc' dir='ltr'>κατὰ</span> <span class='ocrx_word' id='word_1_777' title='bbox 3083 4389 3257 4447; x_wconf 86' lang='grc' dir='ltr'>πάντα</span> <span class='ocrx_word' id='word_1_778' title='bbox 3299 4393 3478 4469; x_wconf 88' lang='grc' dir='ltr'>σοφῶν</span> <span class='ocrx_word' id='word_1_779' title='bbox 3526 4409 3606 4447; x_wconf 81' lang='grc' dir='ltr'><strong>τε.</strong></span> <span class='ocrx_word' id='word_1_780' title='bbox 3662 4386 3876 4444; x_wconf 77' lang='grc' dir='ltr'>Τούτων</span> 
     </span>
    </p>
   </div>
   <div class='ocr_carea' id='block_1_105' title="bbox 2274 4754 3880 4906">
    <p class='ocr_par' dir='ltr' id='par_1_105' title="bbox 2274 4754 3880 4906">
     <span class='ocr_line' id='line_1_107' title="bbox 2274 4754 3880 4884; baseline -0.001 -71"><span class='ocrx_word' id='word_1_781' title='bbox 2274 4759 2526 4843; x_wconf 69' lang='grc' dir='ltr'>ὑσκηται.</span> <span class='ocrx_word' id='word_1_782' title='bbox 2559 4759 2704 4844; x_wconf 78' lang='lat' dir='ltr'><strong>Ibid.</strong></span> <span class='ocrx_word' id='word_1_783' title='bbox 2737 4757 3072 4832; x_wconf 77' lang='lat' dir='ltr'><strong>conjunctio</strong></span> <span class='ocrx_word' id='word_1_784' title='bbox 3099 4757 3191 4813; x_wconf 86' lang='grc' dir='ltr'><strong>καί</strong></span> <span class='ocrx_word' id='word_1_785' title='bbox 3235 4759 3369 4844; x_wconf 72' lang='lat' dir='ltr'><strong>post</strong></span> <span class='ocrx_word' id='word_1_786' title='bbox 3414 4755 3556 4884; x_wconf 71' lang='grc' dir='ltr'>ἀνήρ</span> <span class='ocrx_word' id='word_1_787' title='bbox 3598 4757 3660 4812; x_wconf 90' lang='lat' dir='ltr'><strong>in</strong></span> <span class='ocrx_word' id='word_1_788' title='bbox 3705 4754 3880 4811; x_wconf 88' lang='lat' dir='ltr'><strong>editis</strong></span> 
     </span>
     <span class='ocr_line' id='line_1_108' title="bbox 2274 4825 3877 4906; baseline -0.005 -18"><span class='ocrx_word' id='word_1_789' title='bbox 2274 4837 2426 4906; x_wconf 77' lang='lat' dir='ltr'><strong>osita</strong></span> <span class='ocrx_word' id='word_1_790' title='bbox 2454 4833 2617 4888; x_wconf 89' lang='lat' dir='ltr'><strong>deest</strong></span> <span class='ocrx_word' id='word_1_791' title='bbox 2642 4848 2704 4888; x_wconf 81' lang='grc' dir='ltr'><strong>ιο</strong></span> <span class='ocrx_word' id='word_1_792' title='bbox 2729 4832 2969 4905; x_wconf 84' lang='lat' dir='ltr'><strong>Seguer.</strong></span> <span class='ocrx_word' id='word_1_793' title='bbox 3003 4831 3144 4906; x_wconf 79' lang='lat' dir='ltr'><strong>Reg.</strong></span> <span class='ocrx_word' id='word_1_794' title='bbox 3178 4829 3354 4888; x_wconf 80' lang='lat' dir='ltr'><strong>Basll.</strong></span> <span class='ocrx_word' id='word_1_795' title='bbox 3386 4833 3516 4902; x_wconf 80' lang='lat' dir='ltr'><strong>Aug</strong></span> <span class='ocrx_word' id='word_1_796' title='bbox 3543 4843 3614 4884; x_wconf 87' lang='grc' dir='ltr'><strong>ιο.</strong></span> <span class='ocrx_word' id='word_1_797' title='bbox 3647 4825 3877 4882; x_wconf 87' lang='lat' dir='ltr'><strong>Gobler.</strong></span> 
     </span>
    </p>
   </div>
   <div class='ocr_carea' id='block_1_106' title="bbox 2279 4902 3882 5059">
    <p class='ocr_par' dir='ltr' id='par_1_106' title="bbox 2279 4902 3882 5059">
     <span class='ocr_line' id='line_1_109' title="bbox 2279 4902 3882 5059; baseline -0.004 -29"><span class='ocrx_word' id='word_1_798' title='bbox 2279 4902 2808 5059; x_wconf 44' lang='lat' dir='ltr'><strong>.Seguer.</strong></span> <span class='ocrx_word' id='word_1_799' title='bbox 2842 4973 3073 5032; x_wconf 89' lang='lat' dir='ltr'><strong>Gobler.</strong></span> <span class='ocrx_word' id='word_1_800' title='bbox 3103 4972 3360 5032; x_wconf 79' lang='lat' dir='ltr'><strong>Felckm-</strong></span> <span class='ocrx_word' id='word_1_801' title='bbox 3394 4971 3446 5028; x_wconf 87' lang='lat'><strong>1.</strong></span> <span class='ocrx_word' id='word_1_802' title='bbox 3478 4969 3632 5028; x_wconf 85' lang='lat' dir='ltr'><strong>Editi</strong></span> <span class='ocrx_word' id='word_1_803' title='bbox 3659 4985 3796 5026; x_wconf 88' lang='lat' dir='ltr'><strong>vero</strong></span> <span class='ocrx_word' id='word_1_804' title='bbox 3823 4971 3882 5026; x_wconf 88' lang='lat' dir='ltr'><strong>et</strong></span> 
     </span>
    </p>
   </div>
   <div class='ocr_carea' id='block_1_107' title="bbox 2234 5043 3879 5193">
    <p class='ocr_par' dir='ltr' id='par_1_107' title="bbox 2234 5043 3879 5193">
     <span class='ocr_line' id='line_1_110' title="bbox 2234 5043 2677 5107; baseline 0 -5"><span class='ocrx_word' id='word_1_805' title='bbox 2234 5045 2333 5102; x_wconf 89' lang='lat' dir='ltr'><strong>alii</strong></span> <span class='ocrx_word' id='word_1_806' title='bbox 2365 5043 2625 5107; x_wconf 86' lang='grc' dir='ltr'>δείλαιος.</span> <span class='ocrx_word' id='word_1_807' title='bbox 2646 5043 2677 5049; x_wconf 51' lang='grc'>⁷</span> 
     </span>
     <span class='ocr_line' id='line_1_111' title="bbox 2303 5109 3879 5193; baseline -0.007 -19"><span class='ocrx_word' id='word_1_808' title='bbox 2303 5119 2662 5193; x_wconf 73' lang='lat' dir='ltr'><strong>(15)Seguer</strong></span> <span class='ocrx_word' id='word_1_809' title='bbox 2692 5115 2922 5174; x_wconf 87' lang='lat' dir='ltr'><strong>Gobler.</strong></span> <span class='ocrx_word' id='word_1_810' title='bbox 2967 5115 3222 5174; x_wconf 85' lang='lat' dir='ltr'><strong>Felckm.</strong></span> <span class='ocrx_word' id='word_1_811' title='bbox 3277 5117 3328 5185; x_wconf 89' lang='lat'><strong>1,</strong></span> <span class='ocrx_word' id='word_1_812' title='bbox 3375 5116 3484 5169; x_wconf 85' lang='grc' dir='ltr'><strong>τῶν</strong></span> <span class='ocrx_word' id='word_1_813' title='bbox 3541 5109 3665 5166; x_wconf 85' lang='grc' dir='ltr'>τότε</span> <span class='ocrx_word' id='word_1_814' title='bbox 3707 5115 3879 5185; x_wconf 81' lang='grc' dir='ltr'>Φαρι-</span> 
     </span>
    </p>
   </div>
   <div class='ocr_carea' id='block_1_108' title="bbox 2233 5209 3876 5336">
    <p class='ocr_par' dir='ltr' id='par_1_108' title="bbox 2233 5209 3876 5336">
     <span class='ocr_line' id='line_1_112' title="bbox 2233 5209 3876 5336; baseline -0.006 -17"><span class='ocrx_word' id='word_1_815' title='bbox 2233 5209 2418 5336; x_wconf 34' lang='lat' dir='ltr'><strong>fui/1’35</strong></span> <span class='ocrx_word' id='word_1_816' title='bbox 2449 5262 2684 5336; x_wconf 79' lang='lat' dir='ltr'><strong>Seguer.</strong></span> <span class='ocrx_word' id='word_1_817' title='bbox 2719 5263 2778 5315; x_wconf 89' lang='lat' dir='ltr'><strong>et</strong></span> <span class='ocrx_word' id='word_1_818' title='bbox 2808 5259 2948 5333; x_wconf 84' lang='lat' dir='ltr'><strong>Reg.</strong></span> <span class='ocrx_word' id='word_1_819' title='bbox 2983 5257 3280 5322; x_wconf 84' lang='grc' dir='ltr'>Σωτάτιος.</span> <span class='ocrx_word' id='word_1_820' title='bbox 3310 5253 3876 5331; x_wconf 83' lang='lat' dir='ltr'><strong>Auglican.Felckm.</strong></span> 
     </span>
    </p>
   </div>
   <div class='ocr_carea' id='block_1_109' title="bbox 2232 5331 2791 5401">
    <p class='ocr_par' dir='ltr' id='par_1_109' title="bbox 2232 5331 2791 5401">
     <span class='ocr_line' id='line_1_113' title="bbox 2232 5331 2791 5401; baseline -0.002 -13"><span class='ocrx_word' id='word_1_821' title='bbox 2232 5334 2268 5388; x_wconf 88' lang='lat'>2</span> <span class='ocrx_word' id='word_1_822' title='bbox 2295 5331 2348 5391; x_wconf 79' lang='lat' dir='ltr'><strong>ei</strong></span> <span class='ocrx_word' id='word_1_823' title='bbox 2380 5331 2433 5401; x_wconf 86' lang='lat'><strong>5,</strong></span> <span class='ocrx_word' id='word_1_824' title='bbox 2469 5331 2791 5391; x_wconf 78' lang='grc' dir='ltr'>Σῶσάτειος.</span> 
     </span>
    </p>
   </div>
   <div class='ocr_carea' id='block_1_110' title="bbox 2305 5395 3878 5475">
    <p class='ocr_par' dir='ltr' id='par_1_110' title="bbox 2305 5395 3878 5475">
     <span class='ocr_line' id='line_1_114' title="bbox 2305 5395 3878 5475; baseline -0.005 -15"><span class='ocrx_word' id='word_1_825' title='bbox 2305 5395 2541 5475; x_wconf 76' lang='grc' dir='ltr'><strong>(47)’8ἱο</strong></span> <span class='ocrx_word' id='word_1_826' title='bbox 2588 5401 3106 5475; x_wconf 41' lang='grc' dir='ltr'>εοευειιηςίοδιθιι.</span> <span class='ocrx_word' id='word_1_827' title='bbox 3154 5406 3211 5458; x_wconf 91' lang='lat' dir='ltr'><strong>et</strong></span> <span class='ocrx_word' id='word_1_828' title='bbox 3251 5401 3508 5475; x_wconf 85' lang='lat' dir='ltr'><strong>Felckm.</strong></span> <span class='ocrx_word' id='word_1_829' title='bbox 3558 5398 3608 5454; x_wconf 87' lang='lat'><strong>1.</strong></span> <span class='ocrx_word' id='word_1_830' title='bbox 3637 5398 3708 5475; x_wconf 74' lang='lat' dir='ltr'><strong>At</strong></span> <span class='ocrx_word' id='word_1_831' title='bbox 3732 5395 3878 5475; x_wconf 66' lang='lat' dir='ltr'><strong>editi</strong></span> 
     </span>
    </p>
   </div>
   <div class='ocr_carea' id='block_1_111' title="bbox 2233 5468 3872 5548">
    <p class='ocr_par' dir='ltr' id='par_1_111' title="bbox 2233 5468 3872 5548">
     <span class='ocr_line' id='line_1_115' title="bbox 2233 5468 3872 5548; baseline -0.005 -16"><span class='ocrx_word' id='word_1_832' title='bbox 2233 5468 2442 5544; x_wconf 53' lang='lat' dir='ltr'><strong>et&#39;alii,</strong></span> <span class='ocrx_word' id='word_1_833' title='bbox 2475 5468 2806 5548; x_wconf 44' lang='lat' dir='ltr'><strong>«ausast-08k.</strong></span> <span class='ocrx_word' id='word_1_834' title='bbox 2842 5473 2970 5548; x_wconf 52' lang='lat' dir='ltr'><strong>M0}</strong></span> <span class='ocrx_word' id='word_1_835' title='bbox 2993 5475 3243 5548; x_wconf 69' lang='lat' dir='ltr'><strong>Seguer.</strong></span> <span class='ocrx_word' id='word_1_836' title='bbox 3280 5471 3564 5548; x_wconf 73' lang='grc' dir='ltr'>πάντοθεν,</span> <span class='ocrx_word' id='word_1_837' title='bbox 3597 5469 3698 5542; x_wconf 85' lang='lat' dir='ltr'><strong>qui</strong></span> <span class='ocrx_word' id='word_1_838' title='bbox 3729 5468 3872 5524; x_wconf 84' lang='lat' dir='ltr'><strong>ibid.</strong></span> 
     </span>
    </p>
   </div>
   <div class='ocr_carea' id='block_1_112' title="bbox 2234 5543 3846 5622">
    <p class='ocr_par' dir='ltr' id='par_1_112' title="bbox 2234 5543 3846 5622">
     <span class='ocr_line' id='line_1_116' title="bbox 2234 5543 3846 5622; baseline -0.001 -19"><span class='ocrx_word' id='word_1_839' title='bbox 2234 5553 2385 5622; x_wconf 80' lang='lat' dir='ltr'><strong>utet</strong></span> <span class='ocrx_word' id='word_1_840' title='bbox 2408 5543 2736 5622; x_wconf 82' lang='lat' dir='ltr'><strong>Gobleriau.</strong></span> <span class='ocrx_word' id='word_1_841' title='bbox 2770 5543 3113 5622; x_wconf 53' lang='lat' dir='ltr'><strong>e_t_Felcknj.</strong></span> <span class='ocrx_word' id='word_1_842' title='bbox 3138 5544 3426 5622; x_wconf 81' lang='lat' dir='ltr'><strong>_1_omittit</strong></span> <span class='ocrx_word' id='word_1_843' title='bbox 3454 5543 3694 5622; x_wconf 54' lang='grc' dir='ltr'><strong>νξΔρειρρ</strong></span> 
     </span>
    </p>
   </div>
   <div class='ocr_carea' id='block_1_113' title="bbox 2231 5610 3872 5751">
    <p class='ocr_par' dir='ltr' id='par_1_113' title="bbox 2231 5610 3872 5751">
     <span class='ocr_line' id='line_1_117' title="bbox 2231 5610 3872 5745; baseline -0.007 -69"><span class='ocrx_word' id='word_1_844' title='bbox 2231 5693 2270 5744; x_wconf 72' lang='grc' dir='ltr'>Θ</span> <span class='ocrx_word' id='word_1_845' title='bbox 2435 5621 2674 5690; x_wconf 82' lang='lat' dir='ltr'><strong>Seguer.</strong></span> <span class='ocrx_word' id='word_1_846' title='bbox 2705 5614 2932 5674; x_wconf 82' lang='lat' dir='ltr'><strong>Goblor.</strong></span> <span class='ocrx_word' id='word_1_847' title='bbox 2967 5623 3026 5674; x_wconf 89' lang='lat' dir='ltr'><strong>et</strong></span> <span class='ocrx_word' id='word_1_848' title='bbox 3055 5618 3308 5676; x_wconf 82' lang='lat' dir='ltr'><strong>Felckm.</strong></span> <span class='ocrx_word' id='word_1_849' title='bbox 3343 5617 3398 5684; x_wconf 85' lang='lat'><strong>1,</strong></span> <span class='ocrx_word' id='word_1_850' title='bbox 3453 5610 3700 5674; x_wconf 84' lang='grc' dir='ltr'>Θαλείας.</span> <span class='ocrx_word' id='word_1_851' title='bbox 3736 5610 3872 5682; x_wconf 77' lang='lat' dir='ltr'><strong>Alii,</strong></span> 
     </span>
     <span class='ocr_line' id='line_1_118' title="bbox 2275 5708 2452 5751; baseline 0.011 -9"><span class='ocrx_word' id='word_1_852' title='bbox 2275 5708 2305 5742; x_wconf 91' lang='grc' dir='ltr'><strong>α</strong></span> <span class='ocrx_word' id='word_1_853' title='bbox 2369 5708 2452 5751; x_wconf 85' lang='grc' dir='ltr'><strong>ας.</strong></span> 
     </span>
    </p>
   </div>
  </div>
