4090 6394
373 363 450 423 23
923 357 986 420 S.
1034 357 1460 420 ATHANASII
1503 358 1674 420 OPP.
1721 358 1924 420 PAllS
1969 358 2016 419 I.
2055 391 2126 403 -
2161 360 2578 423 HISTORICA
2629 361 2731 425 ET
2775 361 3249 425 DOGMATICA.
3713 358 3792 417 24

379 511 582 554 verum
629 497 832 550 Deum.
864 491 1011 549 Nam
1062 488 1296 547 tametsi
1347 489 1564 547 dicitur
1608 489 1786 562 Deus,
1813 489 2026 563 inquit,

2162 489 2288 554 iwdc
2321 489 2461 546 ἐστιν
2491 492 2520 548 6
2552 491 2746 569 Λόγος.
2779 492 2844 550 Et
2877 489 2934 548 δὲ
2978 491 3068 547 καὶ
3100 489 3314 566 λὲγεται
3347 489 3502 558 Θεὸς,
3535 484 3662 544 ἀλλ’
3699 486 3801 555 οὐκ

379 602 492 642 non
529 588 720 640 tamen
753 599 927 638 verus
955 583 1047 636 est
1080 579 1275 648 Deus;
1311 580 1409 636 sed
1442 580 1642 652 gratias
1676 581 1868 636 factus
1900 597 2032 652 par-

2162 578 2403 650 ἱληθινός
2433 579 2596 635 ἐστιν·
2630 579 2776 636 ἀλλά
2825 583 3040 656 μετοχῇ
3090 580 3340 656 χάριτος,
3393 573 3574 654 ὥσπερ
3625 575 3716 632 καὶ
3747 578 3800 631 οἱ

379 675 563 747 ticeps
610 689 724 730 non
779 670 949 727 aliter
995 685 1172 742 quam
1219 667 1315 724 alii
1367 684 1596 736 omnes,
1625 669 1751 741 ipse
1799 685 2036 742 quoque

2162 665 2307 724 ίλλοι
2357 670 2573 742 πάντες,
2623 669 2765 725 οὕτω
2809 669 2900 725 καὶ
2947 669 3106 732 αὐτὸς
3155 666 3368 744 λέγεται
3418 665 3644 739 ὀνόματι
3701 664 3800 740 μό-

382 761 622 820 uomine
677 761 964 816 duntaxat
1020 757 1234 813 dicitur
1289 756 1465 812 Deus.
1527 757 2034 822 Quemadmodum

2162 777 2236 812 ιον
2269 759 2382 832 (59)
2415 758 2564 821 Θεός.
2597 760 2702 816 Καὶ
2732 759 2946 814 πάντων
2979 759 3138 830 ξένων
3185 757 3274 813 καὶ
3320 755 3596 830 ἀνομοίων
3629 751 3798 810 ὄντων

379 853 547 920 item,
589 849 779 922 pergit
825 847 946 915 ille,
995 862 1086 902 res
1136 861 1340 903 omnes
1389 847 1714 902 secundum
1765 851 2035 902 naturam

2162 851 2241 902 τοῦ
2289 851 2424 902 Θεοῦ
2474 849 2592 904 κατ’
2639 847 2841 921 οὐσίαν,
2893 847 3036 902 οὕτω
3085 846 3176 902 καὶ
3227 847 3256 902 ὁ
3288 844 3462 920 Λόγος
3505 841 3801 920 ἀλλότριος

383 941 626 998 diversae
674 942 731 994 et
781 935 1104 993 dissimiles
1157 933 1252 989 Dei
1301 938 1490 990 sunt:
1543 935 1626 990 ita
1675 939 1732 992 et
1778 935 2038 992 Verbum

2162 936 2246 1008 αὶν
2275 935 2364 991 καὶ
2413 937 2676 1010 ἀνόμοιος
2725 937 2860 992 κατὰ
2908 935 3079 992 πάντα
3126 941 3227 1005 τῆς
3276 938 3372 990 τοῦ
3423 932 3634 1009 Πατρὸς
3688 933 3803 1006 (60)

383 1029 625 1086 omnino
656 1026 912 1083 alienum
946 1029 1005 1081 et
1035 1022 1320 1080 dissimile
1349 1028 1442 1080 est
1467 1028 1691 1080 natura
1724 1024 2042 1097 proprieta-

387 1117 533 1174 tisve
561 1115 662 1171 Dei
694 1115 902 1184 Patris,
940 1113 1041 1168 sed
1075 1113 1145 1168 ad
1177 1127 1268 1168 res
1303 1113 1485 1168 factas
1517 1116 1574 1168 et
1605 1117 1831 1168 creatas
1864 1113 2039 1185 perti-

385 1211 761 1278 net,quarum
787 1221 903 1258 una
927 1203 1120 1274 ipsum
1146 1207 1253 1257 est.
1273 1203 1521 1274 Insuper
1542 1203 1890 1257 temeritatis
1913 1203 2045 1258 dia-

384 1294 502 1350 boli
535 1295 719 1349 haeres
752 1291 929 1348 veluti
986 1291 1174 1346 Iactus
1203 1289 1440 1363 scripsit
1481 1291 1538 1345 in
1574 1292 1783 1358 Thalia,
1821 1293 2043 1347 Patrem

382 1401 418 1441 ιι
450 1383 592 1440 Filio
622 1382 804 1438 videri
838 1398 952 1437 non
987 1396 1179 1453 posse,
1199 1396 1388 1452 neque
1417 1379 1674 1435 Verbum
1710 1380 1959 1452 perfecte
1991 1395 2050 1446 et

388 1473 560 1544 plane
588 1489 764 1527 suum
814 1470 1043 1525 Patrem
1077 1485 1250 1541 posse
1281 1469 1496 1524 intueri
1553 1467 1637 1524 vel
1673 1486 2044 1541 cognoscere,

387 1563 486 1620 sed
521 1560 808 1635 quidquid
839 1558 1144 1632 cognoscit
1171 1562 1231 1614 et
1261 1558 1470 1628 cernit,
1502 1557 1916 1616 convenienter
1945 1575 2048 1630 pro

391 1650 518 1710 suis
551 1649 775 1706 viribus
806 1663 1158 1722 cognoscere
1189 1651 1245 1703 et
1279 1648 2049 1718 cernere,quemadmodum

391 1746 449 1798 et
477 1757 584 1796 nos
615 1755 720 1812 pro
743 1743 946 1794 nostra
973 1735 1246 1792 facultate
1277 1735 2048 1808 cognoscimusEnimvero.

392 1829 610 1902 inquit,
641 1844 758 1884 non
791 1825 984 1883 solum
1013 1823 1194 1882 Filius
1224 1825 1450 1880 Patrem
1488 1842 1600 1880 non
1647 1829 1919 1881 accurate
1950 1842 2045 1882 co-

394 1917 644 1991 gnoscit,
671 1920 870 1988 utpote
899 1913 994 1970 cui
1024 1913 1554 1986 comprehendendi
1586 1913 1835 1970 facultas
1865 1914 2042 1983 desit,

391 2024 592 2063 verum
624 2021 728 2062 nec
753 2020 920 2061 suam
956 2004 1082 2074 ipse
1113 2007 1384 2058 naturam
1419 2007 1615 2058 notam
1657 2003 2042 2059 babet.Addit

391 2094 662 2154 similiter
709 2099 923 2150 natura
959 2091 1196 2159 divisas,
1229 2090 1508 2158 diversas,
1542 2091 1869 2162 disiunctas
1899 2091 2041 2148 alie-

391 2199 616 2256 nasque
647 2199 751 2238 nec
781 2181 1025 2236 invicem
1060 2179 1370 2251 participes
1399 2195 1530 2235 esse
1563 2179 1768 2251 Patris,
1802 2180 1952 2248 Filii,
1985 2184 2044 2236 et

389 2273 574 2330 sancti
595 2270 845 2343 Spiritus
877 2267 1244 2326 substantias
1267 2283 1280 2323 :
1302 2267 1444 2342 quin
1467 2268 1668 2338 etiam,
1700 2269 1797 2324 uti
1807 2285 1908 2342 pse
1937 2268 2038 2339 ait,

392 2361 630 2435 penitus
652 2359 808 2416 inter
829 2374 890 2414 se
913 2361 970 2413 et
989 2355 1321 2414 substantia
1344 2360 1402 2413 et
1429 2355 1617 2428 gloria
1647 2366 1786 2413 sunt
1815 2357 2042 2414 infinite

389 2447 736 2507 dissimiles.
764 2448 968 2520 Itaque
990 2445 1146 2519 quod
1185 2445 1258 2502 ad
1281 2449 1504 2501 naturae
1531 2449 1586 2502 et
1602 2446 1799 2520 gloriae
1829 2446 2040 2502 simili-

310 2591 312 2593 ,
389 2541 656 2596 tudinem
688 2535 916 2607 attinet,
946 2534 1206 2590 Verbum
1237 2535 1309 2590 ab
1353 2534 1639 2607 utrisque,
1676 2535 1847 2592 Patre
1874 2535 2040 2592 vide-

387 2629 525 2686 licet
543 2631 601 2684 et
621 2625 838 2700 Spiritu
862 2629 1087 2690 sancto,
1121 2622 1377 2680 alienum
1401 2623 1639 2680 omnino
1670 2641 1800 2680 esse
1828 2625 1992 2681 docet
2019 2641 2033 2680 :

389 2719 512 2775 haec
541 2716 699 2773 enim
731 2715 862 2788 ipsa
891 2718 1034 2770 sunt
1063 2712 1230 2785 impii
1262 2712 1424 2770 illius
1455 2713 1758 2786 verba,qui
1789 2713 1930 2769 item
1960 2714 2044 2770 ait

391 2805 602 2863 Filium
634 2821 703 2860 ex
730 2819 794 2860 se
823 2819 857 2858 a
887 2805 1056 2858 Patre
1098 2818 1227 2858 esse
1273 2801 1549 2868 divisum,
1583 2800 1860 2875 nullaque
1891 2803 1950 2858 in
1983 2820 2043 2859 re

395 2894 742 2970 participem
771 2893 901 2965 ejus
930 2907 1079 2948 esse.
1115 2913 1142 2941 ››
1175 2892 1241 2947 Et
1270 2891 1392 2947 haec
1421 2891 1659 2964 quidem
1690 2897 1830 2948 sunt
1857 2893 2043 2964 parti-

395 2983 538 3041 cula:
572 2980 920 3040 fabellarum
951 2997 1078 3053 quae
1110 2979 1168 3035 in
1203 2979 1450 3036 ridiculo
1483 2979 1598 3036 Arii
1632 2984 1862 3037 exstant
1886 2980 2046 3038 volu-

397 3071 576 3130 mine.

463 3164 520 3218 7.
571 3159 714 3226 Quis
769 3174 902 3230 ergo
960 3158 1055 3216 bis
1111 3163 1170 3215 et
1227 3157 1486 3214 carmine
1544 3157 1744 3214 Thaliae
1801 3159 2042 3232 auditis,

2149 1024 2332 1087 οὐσίας
2360 1027 2450 1080 καὶ
2501 1023 2777 1097 ἰδιότητάς
2829 1025 2938 1081 ἐστι
2988 1026 3095 1080 τῶν
3143 1021 3201 1079 δὲ
3248 1027 3491 1098 γενητῶν
3541 1021 3631 1076 καὶ
3687 1042 3803 1076 κτι-

2151 1113 2368 1187 σμάτων
2403 1113 2541 1178 ἴδιος
2572 1114 2662 1170 καὶ
2693 1115 2768 1177 εἷς
2801 1115 2976 1170 αὐτῶν
2999 1111 3276 1190 τυγχάνει.
3310 1111 3460 1170 Μετά
3509 1111 3718 1166 τούτων
3749 1107 3808 1164 δὲ

2155 1201 2334 1276 ὥσπερ
2365 1205 2453 1259 καὶ
2483 1201 2740 1280 διάδοχος
2769 1211 2870 1276 τῆς
2901 1202 3224 1280 προπετείας
3270 1205 3368 1257 τοῦ
3410 1195 3678 1256 διαϐόλου
3707 1219 3804 1274 γε-

2151 1292 2379 1364 νόμενος
2411 1296 2545 1364 (61),
2596 1289 2784 1364 ἔθηκεν
2837 1292 2896 1348 ἐκ
2942 1296 3012 1366 τῇ
3065 1289 3292 1362 Θαλείᾳ,
3344 1290 3418 1352 ὡς
3465 1287 3568 1365 ἄρα
3612 1287 3700 1342 καὶ
3729 1291 3810 1358 τῷ

2155 1382 2266 1453 Υἱῷ
2299 1383 2326 1435 6
2380 1383 2564 1458 Πατὴρ
2613 1380 2841 1457 ἀόρατος
2886 1380 3121 1456 ὑπάρχει
3167 1381 3302 1453 (62),
3351 1377 3441 1432 καὶ
3491 1374 3612 1432 οὔτε
3653 1377 3806 1450 ὁρᾷν,

2157 1471 2280 1526 οὕτε
2309 1473 2594 1547 γινώσκειν
2640 1471 2862 1534 τελείως
2904 1471 2994 1526 καὶ
3045 1465 3282 1546 ἀκριϐῶς
3325 1467 3544 1524 δύναται
3573 1469 3602 1522 ὂ
3635 1466 3806 1543 Λόγος

2155 1559 2246 1614 τὸν
2279 1560 2471 1616 ἑαυτοῦ
2514 1561 2738 1635 Πατέρα·
2786 1558 2932 1616 ἀλλά
2978 1559 3068 1614 καὶ
3118 1559 3147 1614 ’ὀ
3191 1559 3446 1634 γινώσκει
3491 1555 3582 1612 καὶ
3611 1557 3640 1611 ’ὁ
3685 1555 3812 1632 βλε-

2161 1669 2272 1721 πει,
2303 1648 2589 1725 ἀναλόγως
2619 1654 2735 1712 τοῖς
2788 1646 2947 1711 ῗδίοις
3005 1649 3222 1724 μέτροις
3272 1650 3386 1721 (63)
3416 1644 3528 1702 οἶδε
3555 1644 3647 1701 καὶ
3681 1643 3808 1720 βλὲ-

2162 1758 2272 1806 πει,
2305 1734 2483 1810 ὥσπερ
2514 1739 2602 1794 καὶ
2655 1741 2818 1810 ἡμεῖς
2865 1738 3204 1814 γινώσκομεν
3251 1737 3386 1792 κατά
3412 1737 3510 1805 τήν
3541 1731 3683 1789 ἰδίαν
3718 1731 3810 1788 δύ-

2159 1847 2340 1900 ναμιν.
2375 1827 2472 1881 Καὶ
2503 1829 2607 1904 γάρ
2638 1827 2782 1883 καὶὸ
2830 1826 2978 1899 Υἱὸς,
3024 1827 3209 1905 φησὶν,
3261 1824 3322 1880 οὗ
3375 1824 3538 1898 μόνον
3568 1824 3661 1879 τὸν
3695 1829 3808 1878 Παο

2159 1915 2282 1991 τὲρα
2329 1911 2568 1992 ἀκριϐῶς
2615 1916 2678 1972 ού
2726 1915 2999 1993 γινώσκει·
3053 1913 3228 1972 λείπει
3276 1915 3379 1990 γὰρ
3427 1913 3574 1986 αὐτῷ
3621 1911 3696 1974 εἰς
3741 1910 3808 1966 τὸ

2149 1999 2495 2062 καταλαϐεῖν·
2547 2003 2692 2062 ἀλλᾶ
2736 2005 2826 2060 καὶ
2875 2003 3035 2067 αὐτὸς
3085 2006 3197 2078 (64)
3227 2004 3255 2060 6
3295 2003 3420 2065 Υἱὸς
3460 2003 3558 2072 τήν
3606 2002 3800 2058 ἑαυτοῦ

2151 2093 2332 2147 οὐσίαν
2365 2092 2464 2149 οὐκ
2495 2090 2626 2148 οἶδε’
2677 2093 2767 2148 καὶ
2817 2092 2899 2148 ὅτι
2951 2093 3340 2166 μεμερισμέναι
3394 2095 3464 2166 τῇ
3495 2091 3672 2168 φύσει,
3705 2089 3794 2146 καί

2151 2181 2542 2256 ἀπεξενωμέναι
2599 2183 2690 2237 καὶ
2749 2182 3270 2258 ἀπεσχοινισμὲναι,
3319 2180 3408 2236 καὶ
3465 2177 3796 2256 ἀλλότριοι,

2149 2269 2238 2325 καὶ
2269 2269 2538 2347 ἀμίτοχοί
2566 2269 2698 2326 εἰσιν
2733 2267 3000 2342 ἀλλήλων
3028 2271 3084 2324 αἱ
3131 2268 3308 2324 οὐσίαι
3337 2273 3436 2325 τοῦ
3467 2269 3679 2344 Πατρὸς
3707 2266 3799 2322 καί

2147 2363 2244 2414 τοῦ
2300 2359 2430 2413 Υἲοῦ
2479 2359 2568 2414 καὶ
2623 2363 2726 2414 τοῦ
2779 2359 2930 2434 ἁγίου
2978 2357 3312 2432 Πνεύματος,
3369 2358 3482 2430 καὶ,
3532 2358 3606 2420 ὡς
3639 2355 3800 2420 αὐτὸς

2151 2445 2459 2526 ἐφθέγξατο,
2491 2449 2743 2522 ἀνόμοιοι
2791 2449 3017 2522 πάμπαν
3057 2445 3326 2518 ἀλλήλων
3355 2451 3474 2509 ταῖς
3504 2467 3560 2501 τε
3590 2445 3799 2508 οὐσίαις

2148 2536 2237 2591 καὶ
2270 2533 2447 2608 δόξαις
2497 2535 2628 2592 εῗσὶν
2678 2535 2760 2592 ἐπ’
2804 2533 3047 2613 ἄπειρον,
3077 2537 3175 2592 Τὸν
3221 2539 3348 2612 γοῦν
3403 2535 3579 2610 Λόγον
3635 2533 3798 2612 φησὶν

2151 2624 2226 2687 εἷς
2255 2624 2560 2698 ὁμοιότητα
2588 2623 2749 2696 δόξης
2800 2624 2891 2680 καὶ
2944 2623 3125 2687 οὐσίας
3159 2622 3451 2698 ἀλλότριον
3481 2623 3614 2679 εἶναι
3666 2644 3799 2678 παν-

2147 2711 2323 2776 τελῶς
2356 2714 2620 2790 ἑκατέρων
2667 2719 2765 2770 τοῦ
2811 2735 2870 2770 τε
2917 2713 3130 2790 Πατρὸς
3157 2707 3262 2769 ⁵καὶ
3307 2717 3406 2769 τοῦ
3449 2711 3603 2789 ἁγίου
3633 2709 3798 2768 Πνεύ-

2154 2820 2340 2876 ματος·
2398 2801 2615 2866 τούτοις
2657 2803 2760 2880 γάρ
2816 2802 3102 2881 ἐφθέγξατο
3157 2808 3273 2863 τοῖς
3330 2801 3564 2878 ῥήμασιν
3601 2801 3629 2856 ὁ
3678 2801 3798 2856 ἀσε-

2151 2887 2276 2964 ϐής·
2307 2891 2398 2947 καὶ
2430 2889 2763 2968 διῃρημένον
2816 2889 2874 2947 δὲ
2926 2891 3062 2948 εἶναι
3110 2893 3227 2956 καθ’
3273 2891 3484 2958 ἑαυτὸν,
3513 2887 3798 2962 καὶάμέτ-

2151 2999 2285 3056 οχον
2319 2979 2452 3036 κατᾶ
2482 2981 2654 3035 πάντα
2681 2984 2780 3036 τοῦ
2810 2980 3019 3056 Πατρὸς
3047 2981 3138 3035 τὸν
3170 2979 3294 3035 Υἱὸν
3341 2977 3528 3058 ἔφησε.
3567 3003 3587 3030 ι
3621 2981 3800 3034 Ταῦτα

2155 3068 2292 3144 μέρη
2368 3073 2476 3124 τῶν
2548 3068 2599 3124 ἐν
2677 3073 2758 3136 τῷ
2830 3067 3033 3146 γελοίῳ
3092 3069 3475 3146 συγγράμματι
3531 3068 3796 3140 κειμένων

2156 3155 2416 3232 μυΘιδίων
2444 3157 2584 3212 ἐστὶν
2619 3157 2853 3234 Ἀρείου.

397 3248 603 3306 Arium
635 3247 806 3322 quasi
836 3247 896 3302 in
943 3263 1116 3304 scena
1147 3247 1216 3302 de
1248 3245 1593 3319 hujusmodi
1640 3249 1816 3304 rebus
1838 3248 2043 3321 jocan-

2223 3249 2278 3302 7.
2308 3245 2401 3309 Τίς
2451 3245 2656 3316 τοίνυν,
2705 3250 2811 3302 τῶν
2856 3245 3120 3302 τοιούτων
3176 3245 3267 3300 καὶ
3317 3249 3414 3300 τοῦ
3465 3243 3666 3318 μέλους
3696 3248 3799 3312 τῆς

393 3347 512 3396 tem
535 3339 671 3410 jure
702 3353 816 3394 non
848 3335 1237 3402 oderit?Quis
1268 3352 1382 3392 non
1417 3337 1684 3410 agnoscit
1713 3336 2041 3407 illum,cum

397 3427 496 3484 Dei
528 3441 740 3483 nomen
772 3425 1028 3498 proferre
1058 3429 1115 3481 et
1142 3425 1210 3481 de
1247 3429 1355 3480 Deo
1387 3423 1547 3496 loqui
1581 3425 1826 3494 videtur,
1853 3425 2044 3482 simil-

393 3517 606 3574 limum
632 3531 762 3572 esse
783 3512 1072 3585 serpentis
1095 3512 1327 3569 mulieri
1350 3513 1548 3570 dantis
1569 3513 1880 3570 consilium
1900 3515 1930 3569 ?
1949 3515 2046 3570 Ec-

397 3605 532 3678 quis
553 3621 684 3660 vero
711 3602 843 3659 aliis
864 3618 989 3675 quis
1014 3602 1232 3658 ibidem
1261 3607 1594 3674 sequuntur
1613 3603 1905 3675 perlectis,
1926 3620 2043 3659 non

397 3700 520 3751 tam
552 3692 706 3754 clare
735 3691 865 3764 ejus
882 3689 1743 3764 perspicitimpietatem,quam
1779 3693 2041 3748 fraudem

399 3784 460 3840 in
492 3799 670 3855 quam
703 3798 944 3853 serpens
992 3779 1297 3836 mulierem
1351 3780 1550 3838 dolose
1580 3780 1856 3838 induxit?
1880 3781 2040 3850 Quis,

399 3888 618 3946 quaeso,
649 3871 733 3928 .ad
763 3869 872 3926 bas
902 3869 1234 3944 impietates
1263 3885 1376 3925 non
1406 3869 1750 3944 obtupescat
1770 3872 1798 3926 ?
1826 3869 2047 3927 leum

399 3962 662 4034 quidem,
697 3959 850 4016 824
883 3963 946 4015 ut
974 3959 1056 4015 ait
1085 3958 1368 4032 praphcta
1398 3959 1437 4027 ⁸,
1455 3959 1780 4032 obstupuit,
1807 3963 1865 4016 et
1894 3966 2050 4016 terra

399 4049 642 4108 tremuit
677 4049 751 4106 ob
799 4047 1072 4105 violatam
1107 4047 1314 4121 legem.
1347 4047 1440 4104 Sol
1489 4053 1683 4104 autem
1739 4048 2048 4104 vehemen-

398 4141 518 4197 tius
548 4137 1026 4212 indignatus,nec
1051 4137 1240 4194 ferens
1271 4137 1518 4208 injurias
1539 4154 1687 4210 quas
1717 4137 2050 4194 communis

399 4227 665 4286 omnium
713 4231 982 4284 nostrum
1021 4225 1300 4284 Dominus
1349 4232 1560 4300 sponte
1592 4244 1695 4300 pro
1724 4226 1890 4284 nobis
1923 4243 2048 4284 cor-

401 4334 538 4390 pore
569 4315 857 4382 toleravit,
889 4331 1016 4372 sese
1047 4315 1170 4387 ipse
1223 4315 1448 4383 avertit,
1481 4315 1914 4389 contractisque
1955 4333 2048 4373 ra-

402 4405 517 4462 diis
546 4403 702 4459 diem
755 4401 926 4458 illum
960 4403 1206 4475 privavit
1254 4402 1402 4460 luce.
1437 4403 1544 4470 Qui
1580 4419 1715 4460 vero
1747 4405 1815 4462 ad
1867 4403 2050 4478 impia

478 4506 500 4540 ³
528 4503 746 4560 Jerem.
777 4519 842 4570 ιι,
874 4503 964 4560 42.

478 4608 718 4683 (59)8ἰο
756 4613 1100 4683 Beguer._At
1143 4609 1241 4683 alii
1294 4613 1353 4667 et
1381 4610 1524 4667 editi
1553 4610 1838 4683 omittunt
1868 4609 2053 4683 μόνον.

409 4677 542 4739 Mox
574 4677 1103 4753 'SeguerfGobler.
1153 4681 1404 4738 Felckm.
1458 4684 1483 4737 1
1543 4686 1602 4738 et
1642 4683 1698 4753 5,
1747 4677 1915 4736 ὄντων
1953 4685 2050 4736 τοῦ

409 4755 562 4809 Θεοῦ.
595 4747 745 4809 Εᾶἷιὶ
782 4757 842 4809 et
869 4751 989 4825 alii,
1021 4747 1190 4806 ὄντων
1219 4755 1299 4825 τῷ
1330 4755 1467 4823 Θεῷ.

624 4829 760 4907 Reg.
773 4829 844 4907 __A
858 4822 1282 4907 ngiic.__B.a.sill._,
1305 4822 1426 4878 τοῦ
1451 4826 1599 4907 eset“:
1634 4822 1866 4907 Ιῐατρές..
1901 4825 2053 4881 Editi

409 4892 614 4968 eti-alii,
644 4892 746 4968 1:0";
762 4892 1008 4968 Πατρός.
1045 4895 1187 4950 lbid.
1221 4895 1458 4968 Seguer.
1485 4901 1536 4950 ei
1567 4899 1722 4967 Reg,
1751 4892 2048 4966 ίδιότητος,

411 4913 464 4950 et
495 4913 614 4960 am,
644 4915 742 4948 του
775 4913 883 4949 ιιατ
925 4913 1008 4954 ος.
1046 4913 1187 4950 ιοια.
1221 4913 1458 4968 δρειιον.
1485 4913 1536 4950 οι
1567 4913 1722 4967 ιςεεη
1754 4913 2048 4966 ιοιοτητος,

411 4966 648 5049 ξῖᾶίιίηρι
675 4966 796 5035 alii,
823 4913 1163 5049 ἀιδιότητος,
1195 4971 1273 5049 ιιι,
1297 4972 1364 5049 _et
1406 4966 1674 5049 legerunt
1702 4969 1970 5026 Nannius
1998 4973 2056 5024 et

407 5038 788 5113 Omnibonus.
823 5039 1163 5113 Felckm._5,
1195 5038 1334 5113 ibid.
1367 5038 1656 5113 γεννητῶν.

477 5110 590 5182 (61)
623 5109 865 5184 Gobler.
905 5117 960 5167 et
1012 5109 1723 5184 FelckmA.‘1,'7w6usvoc.
1779 5109 1961 5184 Iidem
2002 5117 2052 5166 et

409 5179 672 5254 Seguer.,
704 5179 921 5252 Θαλείᾳ.
978 5182 1109 5254 Alii,
1163 5179 1349 5254 Θαλία.
1386 5179 1512 5254 Mox
1543 5179 1790 5254 iSeguer.
1822 5181 2053 5254 Gobler.

409 5258 466 5309 et
488 5252 757 5330 _Felck!_n._
785 5255 834 5320 Ι,
869 5251 1113 5330 (Silari-rip
1161 5251 1396 5330 ἅῤῥητος
1453 5251 1706 5330 ὑπάρχει.
1753 5253 1922 5320 Ibid.,
1967 5271 2053 5306 τε-

415 5323 575 5386 Λείως
603 5324 693 5378 καί
726 5326 889 5381 det‘st
918 5327 974 5378 ‘n
1010 5323 1147 5396 Reg.

485 5397 596 5466 (62)
629 5397 768 5468 Vide
799 5397 858 5452 S.
887 5394 1196 5468 Alexandri
1228 5394 1946 5468 AlexandriniEpistalam
1983 5395 2055 5468 ad

414 5466 632 5523 clerum
672 5467 1148 5531 Alexandrinum,
1196 5473 1396 5523 contra
1445 5467 1561 5524 Arii
1604 5466 1878 5536 fautores,
1911 5483 1968 5522 η.
1999 5467 2054 5537 3,

417 5556 549 5611 qua:
579 5544 768 5595 exstat
796 5542 950 5596 Patr.
983 5538 1098 5611 Gr_.,
1129 5543 1170 5594 t.
1203 5538 1394 5594 XVIII.

492 5612 604 5684 ((53)
637 5612 886 5684 Seg‘uer.
925 5605 1160 5684 (ἓοιιιιέιι.Δ
1211 5615 1266 5665 et
1325 5610 1579 5668 Felckm.
1638 5611 1685 5680 1,
1717 5607 1806 5662 καὶ
1842 5605 2055 5684 βλέπει,

417 5677 698 5756 ἀναλόγως
713 5677 842 5744 Ττοῖς
873 5681 1065 5736 ἑαυτοῦ
1099 5677 1334 5752 μέτροις.

2153 3333 2381 3398 Θαλείας
2415 3336 2527 3410 (65)
2556 3333 2811 3404 ἀκούσας,
2854 3333 2914 3390 ού
2967 3335 3244 3408 μισήσειεν
3295 3333 3346 3388 ἐν
3391 3330 3513 3405 δίκῃ
3541 3331 3802 3401 παίζοντα

2150 3423 2242 3479 τὸν
2289 3424 2502 3499 ’Ἀρειον
2554 3423 2632 3486 ὡς
2679 3422 2766 3478 ἐπὶ
2816 3429 3021 3494 σκηνῆς
3069 3421 3194 3497 περὶ
3241 3419 3502 3476 τοιούτων
3539 3438 3552 3488 ;
3583 3418 3680 3481 Τίς
3737 3417 3800 3473 οὐ

2154 3516 2349 3590 θεωρεῖ
2369 3509 2560 3567 τοῦτον
2593 3508 2681 3566 διὰ
2708 3515 2805 3567 τοῦ
2855 3507 3031 3568 δοκεῖν
3081 3509 3362 3584 ὀνομάζειν
3392 3510 3518 3564 Θεὸν
3556 3507 3644 3564 καὶ
3675 3505 3800 3582 περὶ

2154 3605 2288 3658 Θεοῦ
2320 3599 2518 3676 λέγειν,
2553 3601 2629 3664 ὡς
2656 3601 2748 3656 τὸν
2797 3596 2920 3678 ὅφιν
2967 3594 3413 3674 συμϐουλεύοντα
3439 3597 3507 3673 τῇ
3535 3596 3748 3673 γυναικί
3784 3613 3798 3664 ;

2154 3690 2250 3753 Τίς
2307 3687 2384 3758 δὲ,
2415 3695 2531 3752 τοῖς
2585 3690 2705 3760 ἑξῆς
2759 3687 3104 3765 ἐντυγχάνων
3159 3689 3296 3762 (66),
3346 3687 3408 3743 οὐ
3461 3685 3651 3763 βλέπει
3698 3685 3798 3754 τήν

2155 3773 2400 3834 ἀσέϐειαν
2433 3777 2618 3850 αὐτοῦ,
2650 3773 2832 3854 ὥσπερ
2861 3778 2950 3834 καὶ
2979 3781 3077 3834 τοῦ
3125 3771 3302 3856 ὄφεως
3328 3777 3428 3846 τήν
3473 3776 3608 3849 μετᾶ
3633 3778 3802 3830 ταῦτα

2155 3867 2391 3938 πλάνην,
2426 3867 2500 3930 εἷς
2551 3869 2616 3938 ἣν
2666 3869 2946 3944 παρήγαγε
2991 3865 3352 3946 σοφισάμενος
3400 3865 3500 3934 τὴν
3548 3867 3658 3936 (67)
3701 3884 3798 3938 γυ·-

2154 3963 2316 4012 ναῖκα
2346 3976 2360 4027 ;
2389 3956 2478 4019 Τίς
2516 3955 2604 4012 ἐπὶ
2653 3961 2772 4019 ταῖς
2820 3955 3096 4021 τοιαύταις
3153 3953 3524 4033 βλασφημίαις
3572 3951 3672 4008 οὐκ
3717 3949 3798 4022 ἐξα

2163 4045 2366 4102 ίσταται
2401 4065 2414 4115 ;
2445 4046 2506 4103 Ὁ
2541 4045 2634 4119 μὲν
2665 4043 2756 4100 οὖν
2789 4043 3034 4120 οὐρανὸς,
3066 4044 3140 4106 ὡς
3175 4045 3202 4100 6
3233 4044 3522 4122 προφήτης
3555 4041 3665 4115 (68)
3697 4063 3802 4119 φη·

2159 4134 2264 4208 σὶν,
2296 4133 2501 4206 ἐξέστη,
2531 4133 2618 4188 καὶ
2668 4135 2703 4204 ἡ
2756 4141 2828 4209 γῆ
2879 4129 3086 4212 ἔφριξεν
3137 4131 3223 4189 ἐπὶ
3271 4135 3340 4207 τῇ
3379 4127 3676 4206 παραϐάσει
3707 4133 3804 4183 τοῦ

2157 4223 2350 4297 νόμου·
2385 4223 2412 4277 6
2463 4219 2522 4278 δὲ
2569 4220 2731 4292 ἥλιος
2778 4221 2944 4278 πλέον
2995 4223 3328 4298 ἀγανακτῶν,
3377 4219 3466 4276 καὶ
3517 4219 3594 4292 μὴ
3627 4219 3804 4296 φέρων

2156 4311 2279 4368 τότε
2305 4313 2400 4374 τὰς
2429 4310 2564 4366 κατὰ
2591 4314 2689 4364 τοῦ
2732 4313 2918 4365 κοινοῦ
2963 4311 3180 4366 πάντων
3225 4311 3386 4382 ἡμῶν
3419 4306 3690 4362 Δεσπότου
3719 4326 3807 4382 γε·

2157 4401 2382 4477 νομένας
2435 4403 2547 4476 (69)
2595 4399 2908 4474 σωματικὰς
2959 4393 3160 4475 ὕϐρεις,
3195 4397 3256 4463 ἃς
3283 4398 3421 4454 ἑκὼν
3474 4395 3632 4459 αὐτὸς
3673 4394 3807 4470 ὑπὲρ

2369 4610 2628 4684 Seguer.,
2837 4607 2941 4684 γὰρ
2971 4605 3273 4684 καζαύτ-ός,
3304 4610 3414 4684 etc.

2233 4672 2346 4755 (65)
2373 4672 2624 4755 segnem:
2651 4672 2922 4755 .Gobler‘f
2946 4685 3004 4736 et
3048 4672 3303 4755 Felckrn.
3325 4679 3400 4755 Δ4,
3429 4683 3530 4748 τῆς
3557 4672 3808 4736 Θαλείας.

2161 4748 2362 4818 Βιιέἱιξ,
2397 4748 2491 4820 τῆξ
2526 4749 2745 4824 Θαλίας.
2783 4751 2885 4824 Alii
2921 4757 2978 4806 et
3006 4752 3166 4824 editi,
3199 4748 3425 4812 Θαλίας.

2377 4819 2614 4896 Seguer.
2626 4863 2641 4890 ,
2675 4819 2937 4896 ἐντυχών,

2255 4827 2346 4894 66)
2377 4827 2641 4896 Seguer.,
2675 4827 2794 4876 ἐντυ
2841 4827 2937 4878 ών.

2233 4827 2345 4979 (67)
2377 4896 2755 4979 Ξῖοηδεευειι.
2779 4841 2964 4979 ἐπὶ(
3007 4893 3240 4952 Gobler.
3273 4897 3330 4950 et
3361 4891 3616 4948 Felckm.
3653 4891 3702 4945 1.
3737 4892 3812 4944 At

2161 4966 2257 5024 alii
2291 4972 2348 5020 ct
2377 4966 2512 5022 editi
2543 4966 2642 5036 τήν
2675 4967 2972 5022 omittunt.

2233 5039 2345 5112 (68)
2361 5031 2616 5112 Srguer.
2647 5037 2822 5112 Basil.
2834 5035 3084 5112 Anglic.
3099 5108 3113 5112 _
3126 5035 3356 5112 Gobler.
3406 5031 3740 5112 Felckm.__1_
3755 5034 3814 5112 et

2160 5112 2216 5191 ᾗ,
2239 5101 2380 5191 ’φςδ
2410 5101 2720 5191 πξο-Ῠήτης.
2771 5109 2926 5191 Ειάἱῇ
2948 5101 3030 5191 :et
3063 5108 3183 5191 alii,
3215 5106 3288 5191 ὡς
3314 5104 3626 5191 προέθητης.

2164 5129 2216 5176 D,
2251 5129 2323 5170 ως
2353 5129 2380 5163 ο
2410 5129 2720 5237 προὲητης.
2774 5129 2926 5166 Imm
2975 5129 3030 5164 et
3063 5129 3183 5174 ain,
3215 5129 3288 5168 ως
3314 5129 3626 5191 προεξητης.
3663 5129 3808 5157 mnu.

2164 5181 2401 5262 Gobler..
2425 5189 2480 5262 e_t
2539 5181 2917 5262 _elckm..l,li,
2951 5176 3008 5235 δὲ
3035 5185 3104 5262 γῆ
3139 5177 3366 5262 ἔφριξεν,
3414 5177 3593 5262 Iidem
3625 5179 3682 5262 et
3709 5173 3810 5259 Se:

2163 5269 2354 5326 guer..
2384 5249 2469 5306 ἐπὶ
2499 5255 2578 5323 τῷ
2609 5244 2968 5326 παραϐαθέντι
2998 5244 3360 5324 νόμιμ’Εᾶἱῇ
3393 5254 3447 5306 et
3479 5246 3599 5316 alii,
3632 5244 3720 5300 ἒπι
3740 5245 3810 5317 τῇ

2163 5320 2460 5378 παοαϐάσει
2489 5327 2587 5377 τοῦ
2615 5321 2814 5378 νόμου.

2162 5342 2460 5380 παοαοασει
2489 5343 2587 5377 του
2615 5342 2677 5376 νο
2687 5342 2814 5380 μου.

2257 5343 2460 5378 >αοασει
2489 5343 2587 5377 του
2615 5343 2814 5394 νομου.

2257 5398 2347 5466 69)
2377 5397 2641 5468 Stigmata,
2681 5393 2990 5468 γινομένας.
3051 5393 3216 5468 Re_g.,
3275 5386 3629 5468 γεινομένας.
3686 5391 3813 5468 mox

2163 5461 2426 5539 Seguer”
2453 5461 2540 5521 καὶ
2569 5466 2664 5539 τᾲς
2695 5461 2915 5539 ἀκτῖνας
2963 5461 3264 5539 συστείλας,
3289 5461 3394 5532 ’τὴν
3430 5461 3665 5539 ἡμέραν,
3699 5465 3808 5539 εἰ.οε

2162 5527 2314 5596 Εᾶἷῐὶ
2343 5527 2426 5594 δι’
2447 5539 2568 5610 alii,
2601 5533 2914 5615 ἀπεστράφη
2971 5536 3066 5599 τὰς
3123 5527 3363 5598 ἀκτῖνας
3386 5527 3690 5603 συστείλας,
3720 5527 3810 5584 καὶ

2162 5611 2260 5664 τήν
2287 5607 2519 5664 ἡμέραν.
3177 5618 3185 5626 ’

2161 5618 2260 5679 τήν
2287 5618 2519 5684 ἡμεραν.
3177 5618 3185 5626 ’
