4090 6394
369 361 446 422 28
918 355 981 418 S.
1029 355 1456 420 ATHANASII
1499 357 1670 419 OPP.
1718 357 1920 418 PAllS
1965 357 2011 418 Ι.
2050 390 2122 402 -
2157 358 2573 422 HlS'l‘UlthA
2626 361 2727 424 ET
2770 360 3246 424 DOGMATICA.
3708 357 3787 416 24

374 509 576 552 verum
625 496 827 550 Deum.
860 490 1005 548 Nam
1057 487 1292 545 tametsi
1342 489 1558 546 dicitur
1603 488 1781 560 Deus,
1809 488 2022 562 inquit,

2157 488 2284 553 θινός
2317 488 2456 545 ἐστιν
2486 492 2515 546 ὁ
2547 491 2741 568 Λόγος.
2773 491 2838 548 El
2871 488 2930 548 δὲ
2973 490 3062 547 καὶ
3095 488 3309 566 λέγεται
3342 487 3498 558 Θεὸς,
3531 483 3657 544 ἀλλ’
3693 486 3796 554 οὐκ

373 601 487 640 non
523 588 716 639 tamen
749 597 923 637 verus
951 583 1042 636 est
1075 578 1230 634 Deus
1257 596 1270 646 ;
1307 579 1405 634 sed
1437 579 1638 651 gratia:
1671 579 1863 634 factus
1896 595 2028 652 par-

2157 577 2398 649 ίληθινός
2428 579 2591 634 ἐστιν’
2624 579 2770 636 ἀλλὰ
2820 583 3034 656 μετοχῇ
3085 579 3336 655 χάριτος,
3388 572 3568 653 ὥσπερ
3621 574 3711 631 καὶ
3743 577 3794 630 ol

373 674 558 745 ticeps
605 688 720 728 non
774 669 944 726 aliter
989 684 1167 740 quam
1214 665 1310 722 alii
1361 683 1590 736 omnes,
1619 667 1746 740 ipse
1795 684 2031 740 quoque

2157 664 2303 723 ἱλλοι
2353 669 2569 742 πάντες,
2619 667 2760 724 οὕτω
2803 669 2894 724 καὶ
2941 669 3100 730 αὐτὸς
3150 665 3364 744 λέγεται
3413 665 3639 738 ὀνόματι
3695 663 3794 739 μό·-

377 760 616 818 nomine
671 759 959 815 duntaxat
1015 756 1229 812 dicitur
1284 755 1460 812 Deus.
1522 756 2028 822 Quemadmodum

2157 776 2232 811 ιον
2264 759 2378 832 (59)
2411 757 2559 820 Θεός.
2593 759 2696 815 Καὶ
2727 759 2940 814 πάντων
2975 758 3133 828 ξὲνων
3179 756 3269 812 καὶ
3315 753 3590 829 ἀνομοίων
3623 751 3792 810 ὄντων

375 851 542 919 item,
584 847 774 920 pergit
821 845 940 912 ille,
990 861 1081 900 res
1131 859 1336 901 omnes
1384 845 1709 900 secundum
1761 848 2031 901 naturam

2157 850 2236 901 τοῦ
2285 850 2418 901 Θεοῦ
2469 848 2586 902 κατ’
2635 846 2836 920 οὐσίαν,
2887 847 3032 902 οὕτω
3079 846 3171 901 καὶ
3223 846 3250 902 ὁ
3283 843 3457 920 Λόγος
3499 841 3796 919 ἀλλότριος

377 939 620 998 diversae
669 941 726 992 et
777 933 1098 991 dissimiles
1151 933 1247 988 Dei
1296 937 1485 989 sunt:
1537 933 1621 989 ita
1669 937 1727 990 et
1774 925 2034 990 Verbum

2157 935 2242 1007 μὲν
2270 935 2359 990 καὶ
2408 935 2672 1010 ἀνόμοιος
2719 936 2856 991 κατᾶ
2903 933 3073 990 πάντα
3121 941 3222 1004 τῆς
3271 938 3368 989 τοῦ
3418 931 3628 1009 Πατρός
3683 933 3798 1005 (60)

379 1027 620 1084 omnino
651 1025 908 1082 alienum
941 1027 1000 1080 et
1029 1021 1315 1079 dissimile
1345 1027 1436 1079 est
1463 1026 1686 1078 natura
1719 1023 2037 1096 proprieta-

383 1116 528 1172 tisve
556 1114 658 1170 Dei
689 1113 897 1183 Patris,
935 1112 1036 1167 sed
1069 1111 1140 1166 ad
1172 1126 1264 1166 res
1297 1112 1480 1167 factas
1512 1115 1570 1167 et
1599 1116 1827 1167 creatas
1858 1111 2034 1184 perti-

381 1210 756 1276 net,quarum
781 1219 898 1257 una
921 1201 1115 1273 ipsum
1141 1205 1248 1256 est.
1267 1201 1516 1272 Insuper
1537 1201 1884 1256 temeritatis
1908 1201 2042 1257 dia-

379 1293 498 1349 boli
529 1293 714 1348 haeres
746 1289 924 1346 veluti
982 1289 1169 1344 factus
1199 1288 1436 1360 scripsit
1477 1289 1532 1344 in
1569 1291 1778 1357 1halia,
1816 1291 2038 1346 Putrem

2145 1023 2328 1086 οὐσίας
2355 1025 2445 1079 καὶ
2497 1022 2772 1096 ίδιότητός
2823 1024 2932 1080 ἐστι
2983 1025 3090 1079 τῶν
3137 1021 3196 1078 δὲ
3243 1026 3486 1098 γενητῶν
3535 1021 3626 1076 καὶ
3681 1041 3798 1076 κτι-

2146 1113 2362 1186 σμάτων
2397 1111 2536 1176 ἴδιος
2567 1114 2656 1170 καὶ
2688 1114 2762 1176 εἷς
2795 1114 2971 1169 αὐτῶν
2993 1111 3270 1190 τυγχάνει.
3305 1111 3456 1169 Μετὰ
3503 1110 3712 1166 τούτων
3743 1106 3802 1164 δὲ

2150 1199 2328 1276 ὥσπερ
2360 1204 2448 1258 καὶ
2478 1200 2736 1279 διάδοχος
2764 1210 2865 1274 τῆς
2896 1201 3218 1280 προπετείας
3265 1205 3363 1256 τοῦ
3405 1195 3672 1256 διαϐόλου
3703 1219 3799 1274 γε-

2147 1291 2374 1364 νόμενος
2406 1295 2540 1363 (61),
2591 1288 2779 1363 ἔθηκεν
2831 1291 2891 1348 ἐκ
2937 1295 3006 1366 τῇ
3060 1288 3286 1361 Θαλείᾳ,
3339 1289 3412 1350 ὡς
3460 1286 3562 1364 ἄρα
3607 1287 3695 1342 καὶ
3724 1290 3806 1358 τῷ

377 1399 414 1440 a
445 1381 588 1438 Filio
617 1379 798 1437 videri
834 1396 946 1436 non
982 1394 1174 1452 posse,
1194 1394 1383 1451 neque
1411 1377 1668 1434 Verbum
1705 1379 1954 1450 perfecte
1986 1394 2040 1444 et

2157 1381 2260 1452 Γἱῷ
2293 1381 2322 1434 ὁ
2375 1382 2559 1457 Πατὴρ
2608 1380 2836 1456 ἀόρατος
2881 1379 3116 1456 ὑπάρχει
3162 1381 3297 1452 (62),
3345 1377 3435 1432 καὶ
3485 1373 3607 1431 οὔτε
3648 1377 3800 1450 ὁρᾷν,

383 1471 554 1544 plane
583 1487 758 1526 suum
809 1469 1037 1524 Patrem
1072 1484 1245 1540 posse
1275 1467 1490 1523 intueri
1547 1466 1633 1523 vel
1667 1484 2039 1540 cognoscere,

381 1561 481 1618 sed
515 1559 803 1632 quidquid
834 1557 1139 1630 cognoscit
1167 1561 1225 1612 et
1256 1556 1465 1627 cernit,
1497 1556 1912 1614 convenienter
1941 1574 2043 1630 pro

2153 1469 2275 1526 οῧτε
2304 1472 2589 1546 γινώσκειν
2635 1470 2857 1533 τελείως
2899 1471 2988 1526 καὶ
3039 1465 3276 1546 ἀκριϐῶς
3319 1467 3596 1524 δύναταιὸ
3629 1466 3802 1542 Λόγος

2151 1559 2242 1613 τὸν
2275 1559 2466 1614 ἑαυτοῦ
2509 1559 2734 1634 ῐιατέρα·
2781 1557 2926 1615 ἀλλὰ
2973 1558 3062 1613 καὶ
3113 1559 3142 1612 ὃ
3185 1559 3440 1634 γινώσκει
3487 1555 3576 1611 καὶ
3606 1555 3635 1610 ’ὀ
3679 1553 3806 1630 βλε-

385 1649 512 1708 suis
546 1648 770 1704 viribus
801 1660 1152 1720 cognoscere
1184 1651 1240 1701 et
1273 1647 2040 1716 cernere,quemadmodum

2157 1668 2268 1720 πει,
2299 1647 2584 1724 ἀναλόγως
2614 1653 2730 1710 τοῖς
2782 1645 2942 1710 ῗδίοις
2999 1649 3217 1724 μέτροις
3267 1649 3380 1721 (63)
3411 1643 3524 1702 οἶδε
3550 1643 3641 1700 καὶ
3676 1643 3802 1719 βλι-

385 1744 444 1796 et
471 1755 578 1794 nos
610 1754 714 1810 pro
738 1740 940 1792 nostra
968 1733 1241 1790 facultate
1272 1733 2042 1807 cognoscimus.Enimvero,

387 1827 604 1900 inquit,
636 1843 754 1882 non
787 1823 978 1882 solum
1008 1822 1188 1880 Filius
1219 1823 1444 1878 Patrem
1483 1841 1596 1878 non
1642 1827 1914 1880 accurate
1945 1841 2041 1880 co-

389 1915 640 1989 gnoscit,
664 1918 866 1986 utpote
895 1913 988 1970 cui
1019 1911 1550 1984 comprehendendi
1581 1911 1830 1968 facultas
1861 1913 2037 1981 desit,

387 2023 588 2062 verum
619 2019 722 2060 nec
747 2017 914 2059 suam
949 2002 1076 2073 ipse
1108 2007 1379 2057 naturam
1413 2005 1610 2057 notam
1651 2001 2038 2057 habet.Addit

385 2093 656 2152 similiter
703 2098 918 2149 natura
954 2089 1191 2158 divisas,
1223 2089 1503 2157 diversas,
1537 2089 1864 2162 disiunctas
1893 2090 2036 2147 alie-

386 2197 610 2254 nasque
641 2197 745 2237 nec
775 2179 1020 2236 invicem
1055 2178 1364 2250 participes
1395 2194 1525 2234 esse
1556 2177 1763 2250 Patris,
1797 2178 1948 2246 Filii,
1980 2183 2039 2235 et

384 2271 569 2329 sancti
591 2268 840 2342 Spiritus
871 2266 1238 2324 substantias
1261 2282 1274 2322 :
1297 2267 1438 2340 quin
1461 2267 1662 2337 etiam,
1695 2272 1758 2323 ut
1777 2268 1903 2341 ipse
1932 2267 2034 2338 ait,

387 2359 626 2434 penitus
647 2357 802 2414 inter
824 2373 884 2413 se
907 2360 964 2412 et
983 2354 1316 2413 substantia
1339 2359 1397 2411 et
1423 2354 1612 2427 gloria
1641 2365 1780 2412 sunt
1809 2357 2036 2413 inﬁnite

383 2445 730 2505 dissimiles.
759 2446 963 2518 Itaque
985 2444 1141 2518 quod
1179 2443 1252 2500 ad
1277 2448 1499 2500 naturas
1525 2447 1580 2502 et
1597 2445 1794 2518 glorise
1823 2445 2034 2501 simili-

383 2539 650 2594 tudinem
683 2534 912 2606 attinet,
941 2533 1201 2589 Verbum
1232 2533 1304 2589 ab
1347 2532 1634 2605 utrisque,
1671 2535 1842 2590 Patre
1869 2533 2036 2591 vide-

383 2628 520 2684 licet
537 2630 596 2682 et
617 2623 832 2698 Spiritu
857 2627 1082 2689 sancto,
1116 2621 1372 2679 alienum
1395 2623 1634 2678 omnino
1665 2639 1795 2679 esse
1823 2625 1987 2680 docet
2015 2641 2028 2680 :

384 2717 507 2772 haec
537 2714 694 2772 enim
727 2713 856 2786 ipsa
886 2717 1028 2768 sunt
1057 2711 1225 2784 impii
1257 2711 1419 2768 illius
1450 2712 1752 2785 verba,qui
1785 2712 1924 2768 item
1955 2713 2038 2769 ait

385 2803 598 2862 Filium
629 2819 698 2859 ex
725 2818 788 2858 se
818 2817 852 2856 a
881 2805 1051 2856 Patre
1092 2817 1222 2857 esse
1267 2799 1544 2867 divisum,
1579 2799 1855 2874 nullaque
1885 2802 1944 2858 in
1978 2819 2039 2858 re

389 2893 736 2968 participem
765 2891 896 2964 ejus
925 2905 1074 2946 esse.
1109 2913 1138 2939 »
1169 2890 1236 2946 Et
1265 2889 1386 2946 hanc
1417 2889 1654 2962 quidem
1685 2895 1826 2946 sunt
1853 2891 2037 2964 parti-

389 2981 533 3038 cula:
566 2978 915 3038 fabellarum
946 2995 1073 3052 quia
1104 2979 1162 3034 in
1198 2977 1445 3034 ridiculo
1478 2978 1593 3034 Arii
1627 2983 1858 3036 exstant
1879 2979 2041 3036 volu‘

392 3087 571 3128 mine.

459 3163 514 3216 7.
567 3157 708 3224 Quis
764 3173 897 3229 ergo
955 3156 1048 3214 his
1106 3161 1164 3212 et
1221 3155 1482 3212 carmine
1538 3155 1738 3213 Thaliae
1797 3158 2036 3230 auditis,

2157 1756 2268 1804 πει,
2300 1732 2478 1810 ὥσπερ
2509 1737 2597 1792 καὶ
2649 1739 2813 1810 ἡμεῖς
2860 1737 3198 1814 γινώσκομεν
3245 1736 3381 1792 κατᾶ
3407 1736 3505 1804 τήν
3537 1731 3678 1789 ἰδίαν
3713 1729 3804 1788 δύ-

2155 1845 2336 1898 ναμιν.
2370 1825 2467 1880 Καὶ
2499 1827 2602 1902 γὰρ
2633 1826 2722 1882 καὶ
2749 1826 2776 1880 ὁ
2826 1825 2972 1898 Υἱὸς,
3018 1825 3203 1904 φησὶν,
3255 1823 3317 1880 ού
3369 1823 3532 1897 μόνον
3563 1823 3656 1878 τὸν
3689 1828 3803 1878 Πα-

2155 1914 2276 1990 τέρα
2325 1911 2563 1990 ἀκριϐῶς
2609 1915 2674 1972 ού
2721 1914 2994 1992 γινώσκεισ
3047 1913 3222 1970 λείπει
3270 1915 3374 1990 γὰρ
3421 1912 3568 1986 αύτῷ
3615 1911 3690 1973 εἰς
3735 1909 3802 1966 τὸ

2145 1999 2490 2060 καταλαϐεῖν⁹
2542 2003 2687 2060 ἀλλᾶ
2731 2003 2820 2060 καὶ
2870 2002 3030 2066 αὐτὸς
3079 2006 3192 2077 (64)
3221 2003 3250 2058 ὁ
3289 2003 3414 2064 Υἱὸς
3455 2003 3553 2070 τὴν
3601 2001 3794 2058 ἑαυτοῦ

2147 2091 2328 2146 οὐσίαν
2361 2091 2460 2148 οὐκ
2491 2089 2622 2147 οἶδε·
2672 2092 2762 2147 καὶ
2811 2090 2894 2146 ὅτι
2946 2092 3334 2165 μεμερισμέναι
3389 2095 3458 2164 τῇ
3491 2089 3666 2168 φύσει,
3699 2089 3789 2145 καί

2146 2179 2537 2255 ἀπεξενωμὲναι
2594 2182 2685 2236 καὶ
2743 2181 3264 2256 ἀπεσχοινισμὲναι,
3314 2179 3402 2234 καὶ
3460 2177 3790 2255 ἀλλότριοι,

2144 2268 2234 2324 καὶ
2263 2268 2532 2346 ἀμίτοχοί
2562 2268 2694 2324 εἰσιν
2728 2267 2994 2340 ἀλλήλων
3023 2269 3078 2323 αἱ
3126 2267 3302 2324 οὐσίαι
3332 2272 3431 2324 τοῦ
3461 2267 3673 2344 Πατρὸς
3701 2265 3793 2322 καὶ

2142 2361 2239 2412 τοῦ
2297 2358 2424 2412 Υἱοῦ
2474 2357 2564 2413 καὶ
2618 2363 2720 2413 τοῦ
2774 2357 2924 2433 ἁγίου
2973 2357 3308 2431 Πνεύματος,
3363 2357 3476 2428 καὶ,
3526 2357 3600 2420 ὡς
3633 2355 3794 2418 αὐτὸς

2147 2443 2454 2525 ἐφθέγξατο,
2486 2447 2738 2520 ἀνόμοιοι
2787 2447 3012 2520 πάμπαν
3051 2443 3320 2518 ἀλλήλων
3349 2451 3468 2507 ταῖς
3499 2466 3554 2500 τε
3584 2444 3794 2507 οὐσίαις

2143 2535 2232 2590 καὶ
2265 2533 2442 2606 δόξαις
2491 2533 2622 2591 εῗσῖν
2673 2534 2755 2591 ἐπ’
2798 2532 3042 2612 ἄπειρον.
3071 2535 3170 2590 Τὸν
3215 2538 3343 2611 γοῦν
3397 2533 3573 2608 Λόγον
3629 2533 3793 2612 φησὶν

2145 2623 2221 2686 είς
2249 2623 2555 2697 ὁμοιότητα
2583 2621 2744 2696 δόξης
2795 2623 2886 2680 καὶ
2938 2622 3120 2686 οὐσίας
3153 2621 3446 2698 ἀλλότριον
3476 2622 3608 2678 εἶναι
3660 2643 3793 2676 παν-

2143 2710 2318 2776 τελῶς
2351 2713 2616 2788 ἑκατέρων
2661 2717 2760 2768 τοῦ
2805 2735 2864 2769 τε
2911 2712 3124 2790 Πατρὸς
3151 2707 3256 2768 ’καὶ
3302 2717 3400 2768 τοῦ
3444 2710 3597 2788 ἁγίου
3627 2709 3793 2768 Πνεύ-

2149 2819 2335 2874 ματος’
2393 2799 2611 2864 τούτοις
2653 2801 2754 2878 γὰρ
2811 2800 3096 2880 ἐφθέγξατο
3151 2807 3268 2862 τοῖς
3324 2800 3558 2877 ῥήμασιν
3595 2801 3624 2855 ὁ
3672 2799 3793 2854 ἀσε-

2147 2886 2270 2962 ϐήςο
2302 2889 2393 2946 καὶ
2425 2887 2758 2967 διῃρημένον
2811 2887 2869 2946 δὲ
2920 2891 3056 2946 εἶναι
3105 2891 3221 2955 καθ’
3267 2890 3479 2957 ἑαυτὸν,
3507 2888 3597 2944 καὶ
3627 2886 3793 2960 ἀμέτ-

2147 2999 2280 3055 οχον
2313 2978 2447 3034 κατὰ
2476 2980 2648 3034 πάντα
2677 2983 2774 3035 τοῦ
2805 2979 3014 3055 Πατρὸς
3041 2980 3133 3034 τὸν
3165 2978 3288 3034 Υἱὸν
3335 2976 3522 3056 ἔφησε.
3561 3001 3582 3029 ι
3615 2980 3796 3043 Ταῦτα

2150 3067 2286 3143 μέρη
2363 3072 2470 3122 τῶν
2543 3067 2594 3122 ἐν
2672 3072 2752 3136 τῷ
2825 3066 3028 3145 γελοίῳ
3086 3069 3469 3145 συγγράμματι
3525 3067 3791 3140 κειμένων

2151 3153 2410 3230 μυθιδίων
2439 3155 2578 3212 ἐστὶν
2614 3156 2848 3233 Ἀρείου.

391 3247 598 3304 Arium
631 3245 800 3319 quasi
831 3245 890 3301 in
937 3262 1110 3302 scena
1141 3245 1211 3301 de
1243 3244 1588 3317 hujusmodi
1635 3247 1810 3303 rebus
1833 3247 2038 3320 jocan-

2217 3247 2273 3301 7.
2303 3243 2396 3308 Τίς
2445 3244 2650 3314 τοίνυν,
2699 3249 2806 3300 τῶν
2851 3243 3114 3301 τοιούτων
3170 3244 3261 3298 καὶ
3311 3247 3408 3298 τοῦ
3460 3241 3660 3318 μέλους
3689 3247 3793 3312 τῆς

387 3343 507 3394 tem
529 3337 666 3408 jure
697 3352 811 3392 non
843 3333 1232 3401 oderit?Quis
1263 3351 1377 3390 non
1412 3335 1680 3408 agnoscit
1707 3335 2036 3405 illum,cum

391 3426 490 3484 Dei
523 3439 735 3481 nomen
766 3423 1023 3496 proferre
1052 3427 1110 3479 et
1136 3423 1204 3480 de
1241 3427 1350 3480 Deo
1382 3421 1542 3496 loqui
1575 3424 1822 3493 videtur,
1849 3423 2038 3482 simil:

389 3515 600 3571 limum
627 3529 756 3570 esse
778 3511 1066 3584 serpentis
1090 3511 1321 3568 mulieri
1345 3511 1543 3568 dantis
1564 3512 1876 3569 consilium
1895 3513 1924 3568 ’ἔ
1944 3514 2040 3569 Ec-

391 3603 526 3677 quis
547 3619 679 3658 vero
707 3601 838 3658 aliis
859 3617 984 3674 quae
1008 3601 1226 3657 ibidem
1255 3606 1588 3672 sequuntur
1608 3601 1899 3674 perlectis,
1920 3619 2037 3658 non

393 3699 513 3750 tam
546 3691 701 3752 clare
730 3690 859 3763 ejus
878 3688 1738 3762 perspicitimpietatem,quam
1774 3692 2036 3747 fraudem

393 3783 455 3838 in
487 3797 664 3853 quam
697 3796 938 3852 serpens
987 3777 1292 3835 mulierem
1345 3779 1545 3836 dolose
1575 3779 1850 3836 induxit?
1875 3781 2034 3848 Quis,

393 3887 612 3944 quaeso,
655 3869 727 3925 ad
759 3867 866 3924 bas
897 3867 1228 3942 impietates
1259 3884 1371 3924 non
1400 3869 1745 3942 obtupescat
1765 3870 1793 3925 ?
1821 3868 2041 3926 Caelum

393 3960 656 4032 quidem,
691 3957 845 4015 824
879 3961 941 4013 ut
969 3957 1052 4013 ait
1079 3957 1362 4031 prepheta
1393 3957 1774 4032 ',obstupuit,’
1801 3962 1860 4016 et
1889 3964 2044 4014 terra

393 4048 636 4106 tremuit
673 4048 746 4104 ob
795 4045 1067 4104 violatam
1101 4045 1308 4120 legem.
1341 4045 1435 4102 Sol
1483 4051 1678 4103 autem
1734 4047 2042 4104 vehemen-

392 4139 512 4196 tius
542 4137 1020 4210 indignatus,nec
1044 4135 1235 4192 ferens
1265 4134 1512 4208 injurias
1533 4153 1682 4209 quas
1711 4136 2044 4194 communis

393 4225 658 4283 omnium
708 4229 978 4283 nostrum
1015 4223 1296 4282 Dominus
1343 4230 1555 4296 sponte
1587 4242 1690 4298 pro
1719 4225 1885 4282 nobis
1917 4242 2042 4282 cor-

395 4331 533 4387 pore
563 4313 851 4380 toleravit,
883 4330 1010 4370 sese
1041 4313 1165 4386 ipse
1217 4314 1442 4381 avertit,
1475 4314 1908 4388 contractisque
1949 4331 2042 4371 ra-

396 4402 511 4460 diis
541 4401 696 4458 diem
749 4399 920 4457 illum
955 4401 1201 4473 privavit
1249 4400 1396 4458 luce.
1432 4401 1538 4468 Ουι
1576 4417 1710 4459 vero
1742 4403 1809 4459 ad
1861 4402 2044 4478 impia

473 4504 494 4538 ²
523 4502 740 4559 Jerem.
772 4517 836 4569 ιι,
869 4501 958 4558 42.

472 4607 714 4682 (59)ᾼ8ἰο
749 4612 1094 4682 Seguer._At
1137 4607 1237 4682 alii
1289 4613 1347 4665 et
1377 4609 1518 4666 editi
1547 4609 1831 4682 omittunt
1863 4608 2047 4681 μόνον.

404 4676 536 4737 Mox
568 4676 1097 4752 'SeguerfGobler.
1147 4679 1398 4736 Felckm.
1453 4683 1478 4736 1
1537 4684 1596 4737 et
1637 4681 1692 4752 5,
1741 4676 1908 4735 ὄντων
1947 4683 2044 4736 τοῦ

403 4754 556 4806 Θεοῦ.
589 4745 740 4808 Editi
776 4756 835 4808 et
863 4749 984 4823 alii,
1015 4745 1184 4804 ὄντων
1213 4754 1294 4823 τῷ
1325 4754 1462 4822 Θεῷ.

618 4821 1276 4914 Reg."Ang)ic.'P.ajsilc.‘,
1300 4821 1421 4876 τοῦ
1445 4825 1596 4914 Θερὶ
1628 4821 1860 4914 Πατρέςί
1895 4823 2047 4879 Editi

402 4891 608 4967 etalii,
639 4891 1002 4967 τοῦ-Πατρός.
1039 4893 1182 4948 ibid.
1216 4894 1453 4967 Seguer.
1479 4900 1530 4950 et
1561 4898 1716 4966 883.,
1745 4891 2042 4964 ίδιότητος,

404 4943 808 5038 misistis:
820 4943 1160 5038 sisset;
1172 4943 1274 5038 ὀἷ’
1290 4943 1364 5038 ξιξ
1377 4943 2049 5038 ⁷Ῐόέόινῦὸῗ’ἰνᾰιλὲιίὖέἑὶ

401 5036 782 5111 Omnibonus.
819 5036 1158 5111 Feleknlns,
1189 5037 1328 5092 ibid.
1362 5036 1650 5111 γεννητῶν.

471 5108 586 5180 (6i)
617 5108 861 5182 (ἶιοὶδιςιη.Δ
900 5115 955 5166 et
1006 5107 1717 5182 Felckm_._i,'yw6pevoc.
1773 5108 1955 5182 Iidem
1996 5115 2044 5164 et

402 5178 666 5253 Seguer.,
699 5178 916 5250 Θαλείᾳ.
973 5180 1104 5253 Alii,
1157 5178 1344 5253 Θαλία.
1381 5178 1506 5253 Mox
1538 5178 1784 5253 :Seguer,
1816 5179 2047 5253 Gobler.

403 5256 460 5307 et
482 5251 750 5328 .FelckI-n.
779 5253 828 5318 l,
863 5249 1107 5328 dila'y‘qp
1155 5249 1390 5328 ὀίρῥητος
1447 5249 1700 5328 ὑπάρχει.
1745 5251 1916 5319 Ibid.,
1961 5270 2047 5305 τε·

409 5319 568 5384 Λιίως
597 5322 688 5376 καί
720 5325 883 5380 deest
913 5325 968 5376 in
1004 5319 1142 5394 Reg.

479 5395 590 5463 (6'2)
623 5395 762 5449 Vide
793 5395 852 5451 S.
881 5393 1190 5450 Alexandri
1223 5393 1597 5450 Alexandrini
1623 5393 1940 5466 Epistolam
1976 5393 2050 5466 ad

407 5463 627 5520 clerum
666 5465 1144 5528 Alexandrinum,
1191 5471 1390 5522 contra
1439 5466 1555 5523 Arii
1597 5463 1872 5534 fautores,
1906 5482 1961 5519 n.
1993 5465 2048 5536 3,

412 5554 542 5610 quae
573 5542 763 5610 exstat
791 5541 944 5594 Patr.
978 5535 1092 5610 Gr_.,
1123 5542 1165 5592 t.
1198 5536 1389 5592 XVIII.

485 5610 598 5682 (63)
631 5609 880 5682 Seg‘uer,
919 5603 1154 5682 Gobler._
1205 5613 1262 5664 et
1319 5608 1572 5667 Felckm.
1631 5610 1679 5678 1,
1711 5607 1800 5662 καὶ
1835 5603 2048 5682 βλέπει,

411 5675 692 5754 ἀναλόγως
707 5675 836 5742 τοῖς
867 5679 1058 5735 ἑαυτοῦ
1093 5676 1328 5751 μέτροις.

2147 3332 2376 3396 Θαλείας
2409 3335 2522 3408 (65)
2550 3332 2806 3403 ἀκούσας,
2849 3333 2909 3389 ού
2962 3334 3238 3407 μισήσειεν
3289 3331 3340 3386 ἐν
3385 3329 3508 3404 δίκῃ
3535 3330 3797 3401 παίζοντα

2145 3422 2236 3478 τὸν
2283 3423 2498 3498 Ἄρειον
2548 3421 2626 3484 ὡς
2674 3421 2760 3477 ἐπὶ
2810 3427 3015 3492 σκηνῆς
3063 3420 3188 3496 περὶ
3235 3419 3497 3475 τοιούτων
3533 3437 3547 3488 ;
3578 3417 3674 3480 Τίς
3731 3415 3795 3472 ού

2149 3515 2344 3588 θεωρεῖ
2364 3507 2554 3565 τοῦτον
2587 3506 2676 3564 διὰ
2703 3514 2800 3565 τοῦ
2849 3505 3025 3566 δοκεῖν
3075 3509 3357 3583 ὀνομάζειν
3387 3509 3513 3564 Θεὸν
3550 3506 3639 3563 καὶ
3670 3505 3794 3582 περὶ

2149 3605 2282 3656 Θεοῦ
2314 3599 2512 3674 λέγειν,
2547 3599 2623 3662 ὡς
2650 3599 2743 3654 τὸν
2793 3595 2914 3678 ὅφιν
2962 3593 3408 3673 συμϐουλεύοντα
3433 3596 3502 3672 τῇ
3529 3595 3743 3672 γυναικί
3779 3611 3793 3663 ;

2148 3689 2244 3751 Τίς
2301 3685 2378 3756 δὲ,
2409 3693 2526 3750 τοῖς
2579 3688 2699 3759 ἑξῆς
2755 3686 3099 3764 ἐντυγχάνων
3154 3688 3290 3761 (66),
3340 3686 3402 3742 οὐ
3456 3685 3646 3762 βλέπει
3693 3684 3792 3753 τὴν

2149 3771 2394 3833 ἀσέϐειαν
2427 3775 2612 3849 αὐτοῦ,
2645 3771 2826 3854 ὥσπερ
2855 3777 2945 3832 καὶ
2974 3781 3072 3832 τοῦ
3119 3771 3296 3854 ὄφεως
3323 3776 3423 3845 τήν
3469 3775 3602 3848 μετὰ
3629 3777 3796 3829 ταῦτα

2149 3865 2386 3938 πλάνην,
2420 3866 2494 3928 είς
2545 3868 2610 3936 ἣν
2661 3867 2940 3942 παρήγαγε
2987 3864 3346 3944 σοφισάμενος
3394 3864 3494 3933 τήν
3543 3866 3652 3935 (67)
3696 3883 3792 3937 γυ-

2148 3961 2310 4011 ναῖκα
2339 3975 2353 4026 ;
2383 3955 2472 4018 Τίς
2510 3953 2598 4010 ἐπὶ
2647 3960 2766 4018 ταῖς
2813 3954 3090 4017 τοιαύταις
3147 3953 3518 4032 βλασφημίαις
3566 3950 3666 4007 οὐκ
3712 3948 3792 4020 ἐξ-

2157 4043 2360 4100 ίσταται
2395 4064 2408 4114 ;
2439 4045 2500 4102 Ὁ
2535 4044 2628 4118 μὶν
2659 4041 2751 4100 οῦν
2784 4042 3028 4118 οὐρανὸς,
3061 4043 3135 4105 ὡς
3169 4044 3198 4099 ὁ
3227 4043 3516 4120 προφήτης
3691 4061 3796 4118 φη-

2153 4133 2258 4207 civ,
2290 4133 2495 4204 ἐξέστη,
2525 4132 2612 4188 καὶ
2662 4135 2697 4203 ἡ
2751 4139 2822 4208 γῆ
2874 4128 3080 4210 ἔφριξεν
3131 4130 3217 4188 ἐπὶ
3265 4134 3334 4206 τῇ
3373 4125 3671 4204 παραϐάσει
3702 4131 3798 4182 τοῦ

2150 4222 2344 4296 νόμου·
2379 4222 2406 4276 ὁ
2457 4218 2516 4276 δὲ
2563 4219 2725 4291 ἥλιος
2773 4219 2938 4276 πλέον
2989 4221 3322 4298 ἀγανακτῶν,
3371 4218 3460 4274 καὶ
3512 4219 3588 4291 μή
3621 4217 3797 4294 φέρων

2150 4310 2273 4368 τότε
2299 4311 2393 4373 τὰς
2423 4309 2559 4364 κατᾶ
2585 4313 2683 4363 τοῦ
2727 4313 2912 4364 κοινοῦ
2958 4310 3174 4364 πάντων
3220 4310 3381 4381 ἡμῶν
3413 4304 3684 4362 Δεσπότου
3713 4325 3800 4381 γε·

2151 4400 2376 4476 νομένας
2429 4401 2541 4476 (69)
2589 4399 2902 4472 σωματικὰς
2953 4392 3154 4474 ὕϐρεις,
3189 4396 3250 4462 ἃς
3277 4397 3415 4452 ἑκὼν
3468 4394 3626 4458 αὐτὸς
3668 4393 3801 4470 ὑπὲρ

2229 4609 2342 4684 (64)
2363 4609 2622 4684 ξθευθνη
2655 4603 2800 4684 ille
2832 4606 2936 4684 γὰρ
2966 4605 3267 4684 καὶαρῖάςο
3298 4609 3408 4684 etc-

2226 4671 2339 4754 (65)
2367 4671 2619 4754 δοξυοιιζ
2645 4671 2916 4754 _Goblei-_.'
2940 4685 2998 4736 et
3042 4671 3296 4754 Eelckm‘.
3319 4678 3394 4754 _l,
3423 4682 3525 4747 τῆς
3551 4671 3801 4736 Θαλείας.

2155 4747 2356 4816 Βιιέἱιξ,
2390 4747 2485 4818 τῆς
2520 4747 2740 4824 Θαλίας.
2777 4750 2879 4824 Alii
2916 4756 2972 4806 et
3001 4751 3160 4824 editi,
3193 4747 3418 4810 Θαλίας.

2371 4825 2609 4896 Segnior.
2621 4863 2636 4888 ,
2669 4819 2909 4896 ἐντυχών
2919 4866 2932 4896 ,

2249 4885 2340 4966 67)
2370 4885 2480 4966 Ξὶξ
2498 4885 2750 4966 Βεευειι.
2783 4885 2958 4951 Εοείι.
3002 4893 3234 4951 Gobler.
3267 4896 3324 4949 et
3355 4889 3610 4947 Felckm.
3647 4890 3696 4945 1.
3731 4891 3806 4942 At

2155 4965 2251 5024 alii
2285 4971 2342 5019 et
2371 4965 2506 5020 editi
2537 4965 2636 5034 τήν
2669 4966 2966 5021 omittunt.

2227 5037 2339 5110 (68)
2356 5031 2610 5110 Seguer.
2643 5036 2816 5110 Basil.
2829 5035 3078 5110 Anglic.
3094 5107 3106 5110 _
3120 5034 3350 5110 Gobler.
3400 5031 3635 5110 Felckm
3644 5071 3672 5110 ._
3681 5031 3734 5110 _1_
3749 5033 3807 5110 et

2154 5111 2210 5190 ξ,
2233 5101 2374 5190 ’ᾡέὸ
2405 5101 2714 5190 προξρήπης.
2765 5107 2920 5190 Editi
2942 5101 3024 5190 Σοὶ
3057 5107 3177 5190 alii,
3209 5105 3282 5190 ὡς
3307 5103 3620 5190 προξρτξτης.

2157 5165 2395 5260 ϐοίδιον..
2419 5165 2475 5260 el
2506 5165 2911 5260 F_e'lclrm..l,_-h
2945 5175 3002 5234 δὲ
3029 5184 3098 5260 γῆ
3133 5165 3361 5260 ἕῲριξενς
3408 5165 3587 5260 [idem
3619 5177 3676 5260 et
3703 5172 3804 5258 Se:

2157 5267 2347 5324 guer..
2378 5248 2463 5304 ἐπὶ
2493 5254 2572 5322 τῷ
2603 5243 2962 5325 παραϐαθέντι
2992 5243 3353 5323 νόμῳ.Ἐᾶἱίἱ
3387 5253 3441 5304 et
3473 5245 3592 5314 alii,
3625 5243 3714 5298 ἒπι
3734 5245 3804 5316 τῇ

2157 5318 2455 5376 παραϐάσει
2484 5325 2582 5376 τοῦ
2610 5321 2808 5376 νόμου.

2155 5341 2455 5378 παοαοασει
2484 5343 2582 5376 του
2610 5341 2808 5378 νομου.

2235 5341 2455 5396 ραοασει
2484 5343 2582 5376 του
2610 5341 2808 5392 νομου.

2229 5397 2341 5465 (60)
2371 5395 2635 5467 Segu_er._,
2675 5391 2984 5467 γινομένας.
3045 5392 3210 5467 Reg,
3269 5385 3623 5467 γεινομέναις.
3680 5390 3807 5467 Mox

2157 5459 2420 5538 Segller.,
2447 5459 2534 5538 καὶ
2563 5464 2658 5538 τᾲς
2689 5459 2910 5538 ἀκτῖνας
2957 5459 3258 5538 συστείλας,
3283 5459 3388 5531 ’τὴν
3423 5459 3658 5538 ἡμέραν,
3692 5464 3802 5538 εἰειζ

2338 5527 2419 5615 et
2441 5537 2562 5608 alii,
2595 5532 2908 5615 ἀπεστράφη
2965 5535 3060 5598 τὰς
3117 5527 3356 5597 ἀκτῖνας
3380 5527 3683 5602 συστείλας,
3713 5527 3804 5584 καὶ

2155 5609 2254 5678 τὴν
2281 5605 2514 5683 ἡμέραν.
2547 5605 2555 5608 ⁷
2766 5605 2776 5612 ’
2847 5605 2856 5615 ”
2899 5605 2905 5607 ἡ
3171 5617 3178 5624 “
