4090 6394
370 365 447 426 23
919 360 981 422 S.
1030 361 1455 423 ATHANASII
1499 361 1670 424 OPP.
1717 361 1920 423 PAHS
1965 361 2012 422 Ι.
2051 395 2123 408 --
2157 364 2574 427 HlS'l‘UlthA
2625 365 2726 429 ET
2770 365 3244 429 DOGMATICA.
3707 363 3788 422 24

374 513 576 556 verum
625 500 827 554 Deum.
860 493 1006 551 Nam
1058 491 1292 550 tametsi
1343 493 1558 550 dicitur
1604 492 1782 565 Deus,
1809 493 2022 566 inquit,

2156 492 2283 558 twdc
2318 493 2456 550 ἐστιν
2486 497 2515 552 6
2547 495 2742 572 Λόγος.
2774 496 2838 554 El
2871 493 2929 555 δὲ
2973 495 3062 552 καὶ
3095 493 3308 571 λέγεται
3343 493 3497 563 Θεὸς,
3529 489 3657 551 ἀλλ’
3694 491 3796 560 οὐκ

374 604 488 642 non
524 591 716 642 tamen
749 601 922 640 verus
951 586 1042 640 est
1076 582 1270 650 Deus;
1306 583 1405 638 sed
1438 583 1638 654 gratim
1673 583 1863 638 factus
1896 599 2028 656 par-

2156 581 2398 654 ἱληθινός
2429 583 2591 639 ἐστιν·
2625 584 2771 641 ἀλλᾶ
2821 588 3034 661 μετοχῇ
3085 585 3336 660 χάριτος,
3389 577 3568 658 ὥσπερ
3620 580 3710 636 καὶ
3743 583 3793 636 οἱ

375 677 558 749 ticeps
605 691 720 732 non
773 673 944 729 aliter
990 689 1169 744 quam
1214 670 1309 726 alii
1361 687 1591 740 omnes,
1621 671 1747 744 ipse
1795 688 2030 745 quoque

2156 668 2302 727 ἱλλοι
2353 674 2568 747 πάντες,
2618 673 2760 728 οὕτω
2804 673 2894 729 καὶ
2942 673 3101 736 αὐτὸς
3150 670 3363 748 λέγεται
3413 670 3640 744 ὀνόματι
3695 669 3794 745 μό-

378 763 616 822 nomine
672 763 959 818 duntaxat
1015 760 1229 816 dicitur
1284 759 1460 816 Deus.
1521 761 2028 826 Quemadmodum

2156 781 2231 815 ιον
2263 763 2378 836 (59)
2411 761 2559 824 Θεός.
2593 763 2697 820 Καὶ
2727 763 2940 818 πάντων
2975 763 3134 834 ξένων
3179 761 3269 818 καὶ
3315 759 3590 834 ἀνομοίων
3624 756 3793 815 ὅντων

374 855 542 922 item,
583 850 774 924 pergit
820 849 940 916 ille,
990 865 1080 904 res
1131 863 1336 904 omnes
1385 849 1708 904 secundum
1761 853 2030 906 naturam

2156 854 2236 905 τοῦ
2285 854 2418 906 Θεοῦ
2469 853 2586 906 κατ’
2634 851 2836 925 οὐσίαν,
2887 851 3031 906 οὕτω
3081 851 3171 907 καὶ
3222 852 3250 907 6
3283 849 3457 925 Λόγος
3499 847 3796 926 ἀλλότριος

377 943 620 1000 diversae
669 945 726 996 et
776 937 1098 995 dissimiles
1151 937 1246 992 Dei
1297 941 1485 992 sunt:
1537 937 1622 993 ita
1669 941 1727 994 et
1774 937 2032 994 Verbum

2156 939 2240 1012 μὶν
2270 938 2359 994 καὶ
2409 939 2672 1014 ἀνόμοιος
2719 941 2855 996 κατᾶ
2903 939 3074 996 πάντα
3121 947 3222 1010 τῆς
3271 943 3368 995 τοῦ
3419 937 3629 1015 Πατρὸς
3683 939 3797 1010 (60)

379 1031 620 1088 omnino
651 1027 908 1086 alienum
941 1031 1000 1084 et
1030 1025 1316 1082 dissimile
1344 1031 1437 1082 est
1463 1030 1686 1083 natura:
1719 1026 2036 1100 proprieta-

2156 1027 2327 1091 >ύσίας
2355 1029 2444 1084 καὶ
2497 1027 2772 1101 ἶδιότητός
2823 1029 2932 1086 ἐστι
2983 1030 3090 1084 τῶν
3138 1026 3196 1084 δὲ
3243 1032 3486 1103 γενητῶν
3535 1027 3626 1081 καὶ
3681 1047 3797 1081 κτι-

383 1119 528 1176 tisve
556 1118 658 1174 Dei
689 1117 897 1186 Patris,
935 1116 1036 1171 sed
1069 1115 1140 1170 ad
1172 1130 1264 1170 res
1298 1115 1480 1171 factas
1512 1120 1570 1171 et
1599 1120 1826 1171 creatas
1859 1115 2034 1188 perti-

2156 1117 2362 1190 πμάτων
2398 1115 2536 1181 ἴδιος
2567 1118 2656 1174 καὶ
2688 1119 2762 1181 εἷς
2795 1119 2970 1174 αὐτῶν
2993 1116 3270 1195 τυγχάνει.
3304 1117 3454 1174 Μετᾶ
3503 1116 3712 1172 τούτων
3743 1111 3802 1170 δὲ

380 1213 756 1280 net,quarum
781 1223 898 1260 una
922 1205 1116 1276 ipsum
1141 1209 1248 1260 est.
1267 1205 1516 1276 Insuper
1537 1205 1884 1260 temeritatis
1908 1206 2038 1261 dia-

2156 1204 2328 1280 ὥσπερ
2359 1208 2448 1262 καὶ
2477 1205 2736 1284 διάδοχος
2763 1215 2865 1280 τῆς
2896 1207 3218 1284 προπετείας
3265 1209 3363 1262 τοῦ
3405 1201 3673 1261 διαϐόλου
3702 1223 3798 1279 γε-

378 1296 498 1352 boli
530 1297 714 1352 meres
745 1293 923 1349 veluti
981 1293 1169 1348 factus
1198 1292 1436 1365 scripsit
1476 1294 1532 1348 in
1569 1295 1778 1361 Thalia,
1816 1295 2038 1350 Patrem

2156 1295 2375 1368 νόμενος
2405 1299 2540 1368 (61),
2591 1293 2778 1368 ἔθηκεν
2831 1297 2891 1352 ἐκ
2937 1300 3006 1371 τῇ
3061 1293 3286 1366 Θαλείᾳ,
3339 1295 3412 1356 ὡς
3459 1292 3562 1370 ἄρα
3606 1292 3694 1348 καὶ
3723 1295 3804 1364 τῷ

377 1403 413 1443 a
445 1385 588 1442 Filio
617 1383 798 1441 videri
834 1401 946 1438 non
981 1399 1174 1454 posse,
1194 1399 1382 1455 neque
1411 1381 1668 1438 Verbum
1704 1383 1954 1454 perfecte
1985 1399 2038 1448 et

2156 1385 2260 1456 Γἱῷ
2293 1387 2321 1440 6
2375 1387 2558 1462 Πατὴρ
2608 1385 2836 1461 ἀόρατος
2881 1384 3115 1461 ὑπάρχει
3161 1386 3296 1457 (62),
3345 1382 3435 1437 καὶ
3485 1379 3606 1436 οὔτε
3647 1382 3799 1455 ὁρᾷν,

382 1475 556 1546 plane
583 1491 757 1530 suum
809 1473 1038 1528 Patrem
1071 1488 1244 1543 posse
1274 1471 1490 1527 intueri
1547 1470 1631 1526 vel
1667 1489 2038 1544 cognoscere,

2156 1474 2275 1530 οὕτε
2303 1477 2588 1550 γινώσκειν
2635 1475 2857 1538 τελείως
2899 1475 2988 1531 καὶ
3039 1470 3276 1550 ἀκριϐῶς
3319 1471 3538 1529 δύναται
3567 1474 3595 1527 6
3629 1471 3800 1548 Λόγος

381 1565 481 1620 sed
515 1562 803 1636 quidquid
834 1561 1138 1634 ιοεῐιοδοίι
1166 1565 1225 1616 et
1255 1560 1464 1630 cernit,
1497 1559 1910 1618 convenienter
1941 1579 2038 1634 pro

2156 1563 2241 1617 τὸν
2274 1563 2466 1619 ἑαυτοῦ
2509 1565 2733 1639 Πατέρα·
2781 1562 2926 1620 ἀλλά
2973 1564 3062 1618 καὶ
3112 1563 3141 1618 ’ὀ
3185 1563 3440 1639 γινώσκει
3485 1561 3576 1616 καὶ
3605 1562 3634 1616 ’ὀ
3679 1559 3806 1636 βλέ-

385 1653 512 1712 snis
545 1651 769 1708 viribus
800 1665 1152 1724 cognoscere
1183 1653 1239 1704 et
1273 1651 2038 1720 cernere,quemadmodum

2156 1673 2267 1725 πει,
2298 1652 2584 1728 ἀναλόγως
2613 1657 2729 1715 τοῖς
2783 1651 2942 1715 ῗδίοις
2999 1653 3216 1728 μέτροις
3266 1655 3380 1726 (63)
3410 1649 3522 1706 οἶδε
3550 1649 3640 1706 καὶ
3675 1648 3801 1724 βλέ-

385 1747 443 1800 et
471 1759 578 1798 nos
609 1757 713 1814 pro
738 1744 940 1796 nostra
967 1737 1240 1794 facultate
1271 1737 2038 1810 cognoscimus.Enimvero.

2157 1761 2267 1810 πει,
2299 1737 2477 1814 ὥσπερ
2509 1742 2597 1796 καὶ
2649 1745 2812 1814 ἡμεῖς
2859 1741 3198 1818 γινώσκομεν
3245 1741 3380 1796 κατᾶ
3406 1741 3504 1810 τὴν
3533 1735 3677 1794 ἰδίαν
3711 1735 3804 1793 δύ-

386 1831 604 1904 inquit,
635 1846 752 1886 non
785 1827 978 1885 solum
1007 1825 1188 1883 Filius
1218 1827 1444 1882 Patrem
1482 1845 1595 1883 non
1641 1832 1913 1884 accurate
1945 1845 2038 1885 co-

2156 1850 2335 1902 ναμιν.
2369 1830 2466 1885 Καὶ
2498 1831 2602 1907 γὰρ
2633 1831 2721 1886 καὶ
2748 1831 2776 1885 6
2825 1831 2972 1903 Υἱὸς,
3018 1831 3203 1909 φησὶν,
3255 1828 3316 1884 ού
3369 1829 3531 1902 μόνον
3562 1828 3655 1884 τὸν
3688 1833 3802 1883 Πα-

388 1919 639 1993 gnoscit,
663 1922 864 1990 utpote
893 1916 987 1972 cui
1018 1915 1550 1988 comprehendendi
1580 1915 1829 1972 facultas
1859 1917 2036 1986 desit,

386 2025 586 2066 verum
617 2023 722 2064 nec
746 2023 914 2063 suam
949 2005 1075 2076 ipse
1107 2011 1378 2061 naturam
1413 2009 1610 2061 notam
1651 2005 2037 2062 habet.Addit

384 2096 656 2155 similiter
703 2101 916 2153 natura
953 2093 1190 2162 divisas,
1222 2092 1502 2160 diversas,
1537 2094 1863 2166 disiunctas
1893 2095 2035 2152 alie-

385 2201 610 2258 nasque
641 2201 744 2240 nec
775 2183 1018 2239 invicem
1053 2181 1364 2254 participes
1393 2198 1524 2238 esse
1556 2181 1762 2254 Patris,
1796 2183 1946 2250 Filii,
1979 2187 2038 2240 et

383 2274 568 2332 sancti
589 2272 839 2345 Spiritus
871 2271 1237 2328 substantias
1261 2286 1274 2326 :
1295 2271 1436 2344 quin
1460 2271 1662 2342 etiam,
1693 2276 1757 2327 ut
1776 2272 1902 2346 ipse
1931 2271 2032 2343 ait,

386 2363 624 2437 penitus
645 2361 801 2418 inter
823 2376 884 2418 se
906 2363 964 2415 et
983 2358 1316 2418 substantia
1339 2362 1396 2416 et
1423 2359 1611 2432 gloria
1640 2369 1780 2416 sunt
1808 2361 2036 2418 inﬁnite

383 2449 729 2508 dissimiles.
758 2451 962 2522 Itaque
983 2448 1140 2521 quod
1177 2448 1250 2504 ad
1276 2452 1498 2504 natura;
1525 2452 1579 2506 et
1596 2449 1792 2523 gloriae
1823 2449 2034 2505 simili-

381 2543 649 2598 tudinem
682 2537 910 2610 attinet,
940 2537 1200 2593 Verbum
1231 2537 1302 2594 ab
1346 2537 1632 2610 utrisque,
1670 2539 1841 2595 Patre
1867 2537 2035 2596 vide-

381 2631 519 2688 licet
536 2634 595 2686 et
615 2627 830 2702 Spiritu
856 2631 1080 2693 sancto,
1115 2625 1370 2683 alienum
1394 2627 1633 2682 omnino
1665 2644 1793 2683 esse
1821 2629 1986 2684 docet
2014 2645 2027 2684 :

383 2720 506 2776 haec
535 2718 693 2775 enim
725 2717 856 2790 ipsa
884 2721 1027 2772 sunt
1055 2715 1224 2788 impii
1255 2715 1418 2772 illius
1450 2716 1751 2789 verba,qui
1783 2717 1923 2772 item
1954 2718 2038 2774 ait

385 2807 596 2864 Filium
627 2823 697 2862 ex
723 2821 786 2862 se
817 2822 850 2860 θ.
879 2807 1050 2860 Patre
1091 2821 1220 2860 esse
1266 2803 1543 2871 divisum,
1577 2803 1854 2878 nullaque
1884 2807 1943 2862 in
1977 2823 2038 2862 re

389 2895 734 2971 participem
764 2895 894 2967 ejus
923 2909 1072 2950 esse.
1108 2916 1136 2943 ››
1168 2895 1235 2950 Ει
1263 2893 1385 2949 haec
1415 2893 1652 2966 quidem
1684 2899 1825 2950 sunt
1851 2895 2036 2968 parti-

387 2985 532 3042 cula:
565 2982 914 3042 fabellarum
945 2999 1072 3055 quae
1103 2982 1161 3037 in
1197 2981 1444 3038 ridiculo
1476 2983 1592 3038 Arii
1625 2987 1856 3040 exstant
1879 2983 2040 3041 volu-

391 3089 569 3132 mine.

457 3165 513 3220 7.
565 3161 708 3227 Quis
763 3176 896 3232 ergo
953 3159 1048 3217 his
1105 3164 1162 3217 et
1219 3159 1480 3216 carmine
1537 3160 1738 3217 Thaliae
1795 3163 2035 3235 auditis,

2154 1918 2276 1994 1εέρα
2324 1915 2562 1996 ἀκριϐῶς
2610 1919 2673 1976 οὐ
2720 1919 2993 1996 γινώσκει·
3046 1917 3222 1976 λείπει
3269 1919 3373 1995 γὰρ
3421 1917 3568 1990 αὐτῷ
3615 1917 3690 1978 εἷς
3735 1915 3802 1971 τὸ

2143 2003 2489 2064 καταλαϐεῖν·
2541 2007 2686 2065 ἀλλᾶ
2730 2009 2820 2064 καὶ
2869 2007 3029 2071 αὐτὸς
3079 2011 3191 2082 (64)
3221 2009 3248 2064 ὁ
3289 2007 3414 2070 Υἱὸς
3454 2008 3552 2076 τήν
3600 2007 3793 2065 ἑαυτοῦ

2146 2095 2327 2150 οὐσίαν
2359 2095 2458 2152 ούκ
2489 2093 2621 2152 οἶδε·
2671 2097 2761 2152 καὶ
2811 2096 2893 2152 ὅτι
2945 2097 3334 2170 μεμερισμέναι
3388 2100 3458 2170 τῇ
3489 2095 3665 2173 φύσει,
3698 2094 3788 2150 καί

2145 2183 2537 2259 ἀπεξενωμέναι
2593 2187 2684 2241 καὶ
2743 2185 3264 2262 ἀπεσχοινισμέναι,
3313 2184 3402 2240 καὶ
3459 2181 3789 2260 ἀλλότριοι,

2143 2272 2233 2328 καὶ
2263 2273 2532 2350 ἀμέτοχοί
2561 2273 2692 2330 εἰσιν
2727 2271 2994 2346 ἀλλήλων
3022 2275 3078 2328 αἱ
3125 2272 3302 2328 οὐσίαι
3331 2277 3430 2330 τοῦ
3460 2273 3672 2349 Πατρὸς
3701 2271 3792 2328 καί

2142 2365 2238 2418 τοῦ
2296 2363 2424 2417 Υἱοῦ
2473 2363 2562 2418 καὶ
2617 2367 2719 2418 τοῦ
2773 2363 2923 2438 ἁγίου
2972 2361 3306 2436 Πνεύματος,
3363 2363 3476 2434 καὶ,
3525 2362 3600 2424 ὡς
3632 2360 3792 2424 αὐτὸς

2145 2448 2453 2530 ἐφθέγξατο,
2485 2452 2737 2526 ἀνόμοιοι
2785 2453 3010 2526 πάμπαν
3051 2449 3319 2522 ἀλλήλων
3348 2456 3467 2513 ταῖς
3497 2471 3553 2506 τε
3583 2449 3792 2513 οὐσίαις

2142 2539 2232 2595 καὶ
2265 2537 2441 2611 δόξαις
2490 2539 2621 2596 εῗσὶν
2671 2539 2754 2596 ἐπ’
2797 2537 3040 2618 ἄπειρον,
3070 2541 3168 2596 Τὸν
3214 2544 3342 2616 γοῦν
3396 2539 3572 2614 Λόγον
3629 2538 3792 2617 φησὶν

2144 2627 2220 2691 εἰς
2249 2627 2554 2702 ὁμοιότητα
2581 2626 2743 2700 δόξης
2794 2628 2884 2684 καὶ
2937 2627 3118 2691 οὐσίας
3152 2626 3444 2702 ἀλλότριον
3475 2627 3607 2683 εἶναι
3659 2649 3792 2685 πανξ

2141 2715 2316 2780 τελῶς
2349 2719 2614 2794 ἑκατέρων
2661 2722 2758 2774 τοῦ
2804 2739 2863 2774 τε
2910 2717 3123 2794 Πατρὸς
3150 2711 3255 2773 ἠκαὶ
3300 2721 3399 2773 τοῦ
3442 2715 3596 2793 ἁγίου
3627 2714 3792 2774 Πνεύ-

2148 2824 2334 2880 ματος·
2392 2805 2609 2869 τούτοις
2651 2806 2752 2883 γὰρ
2809 2805 3096 2885 ἐφθέγξατο
3151 2811 3266 2867 τοῖς
3323 2805 3556 2882 ῥήμασιν
3594 2805 3622 2860 6
3671 2805 3792 2860 ἀσε-

2145 2891 2269 2968 ϐής·
2301 2895 2391 2951 καὶ
2424 2892 2756 2972 διῃρημένον
2809 2893 2868 2951 δε
2919 2895 3056 2952 εἶναι
3103 2897 3220 2960 καθ’
3266 2895 3477 2962 ἑαυτὸν,
3506 2893 3596 2949 καὶ
3625 2891 3792 2966 ἀμέτ·

2146 3003 2278 3060 οχον
2312 2983 2446 3039 κατὰ
2475 2985 2646 3038 πάντα
2674 2987 2772 3040 τοῦ
2803 2984 3012 3060 Πατρός
3040 2985 3132 3039 τὸν
3163 2983 3286 3039 Υἱὸν
3334 2981 3520 3062 ἔφησε.
3560 3007 3580 3034 ι
3614 2985 3792 3038 Ταῦτα

2149 3071 2285 3148 μέρη
2361 3077 2468 3127 τῶν
2541 3071 2592 3127 ἐν
2671 3077 2750 3140 τῷ
2823 3071 3026 3150 γελοίῳ
3085 3073 3468 3150 συγγράμματι
3523 3072 3790 3144 κειμένων

2150 3158 2409 3235 μυθιδίων
2438 3160 2576 3216 ἐστὶν
2612 3161 2846 3237 Ἀρείου.

389 3250 596 3308 Arium
629 3249 799 3322 quasi
830 3248 888 3304 in
935 3265 1109 3306 scena
1141 3249 1210 3304 de
1241 3248 1586 3322 hujusmodi
1633 3251 1808 3307 rebus
1831 3251 2036 3324 jocan-

2216 3251 2271 3306 7.
2301 3247 2394 3312 Τίς
2443 3249 2648 3318 τοίνυν,
2697 3253 2804 3304 τῶν
2849 3249 3112 3306 τοιούτων
3169 3249 3260 3304 καὶ
3309 3252 3406 3304 τοῦ
3459 3247 3659 3322 μέλους
3689 3253 3792 3316 τῆς

387 3347 506 3398 tem
528 3340 664 3412 jure
695 3355 809 3395 non
841 3337 1230 3405 oderit?Quis
1261 3355 1376 3394 non
1411 3339 1678 3412 agnoscit
1705 3339 2034 3409 illum,cum

390 3429 489 3486 Dei
521 3443 733 3484 nomen
765 3426 1021 3500 proferre
1051 3430 1108 3483 et
1135 3427 1203 3483 de
1239 3431 1348 3484 Deo
1381 3425 1541 3500 loqui
1573 3428 1820 3497 videtur,
1847 3428 2036 3485 simil.

387 3519 598 3574 limum
625 3533 755 3574 esse
776 3514 1064 3587 serpentis
1088 3514 1320 3571 mulieri
1343 3515 1541 3572 dantis
1563 3516 1874 3572 consilium
1894 3517 1922 3572 τ
1943 3518 2038 3573 Ec-

390 3605 524 3680 quis
546 3623 678 3662 vero
705 3603 836 3661 aliis
857 3620 983 3677 quas
1006 3603 1225 3660 ibidem
1254 3610 1586 3676 sequuntur
1607 3605 1898 3678 perlectis,
1918 3623 2036 3662 non

391 3701 512 3752 tam
544 3693 700 3756 clare
729 3693 858 3766 ejus
876 3691 1736 3767 perspicitimpietatem,quam
1772 3695 2034 3751 fraudem

392 3785 453 3841 in
485 3800 663 3857 quam
695 3799 937 3854 serpens
985 3781 1290 3838 mulierem
1343 3783 1543 3840 dolose
1573 3783 1848 3840 induxit?
1873 3785 2033 3852 Quis,

392 3890 610 3948 quasso,
654 3873 726 3928 ad
757 3871 864 3928 has
895 3871 1226 3946 impietates
1257 3887 1368 3928 non
1399 3872 1743 3946 obtupescat
1763 3875 1792 3929 ?
1819 3872 2039 3930 Cwlum

392 3963 655 4035 quidem,
689 3961 844 4018 824
877 3965 939 4017 ut
967 3960 1050 4016 ait
1077 3960 1360 4034 prepheta
1391 3961 1772 4035 ',obstupuit,‘
1799 3966 1857 4019 et
1887 3968 2042 4018 terra

390 4051 634 4110 tremuit
671 4051 744 4107 ob
793 4049 1065 4107 violatam
1100 4048 1307 4122 legem.
1339 4049 1433 4106 Sol
1481 4055 1676 4106 autem
1732 4051 2041 4107 vehemen-

390 4141 510 4198 tius
541 4139 1018 4213 indignatus,nec
1043 4139 1233 4195 ferens
1263 4137 1511 4210 injurias
1531 4156 1680 4212 quas
1709 4140 2042 4198 communis

391 4228 656 4286 omnium
706 4232 975 4286 nostrum
1013 4227 1293 4285 Dominus
1341 4234 1554 4300 sponte
1585 4246 1688 4302 pro
1717 4229 1883 4286 nobis
1915 4246 2040 4286 cor-

393 4335 531 4390 pore
562 4316 849 4383 toleravit,
881 4333 1009 4374 sese
1039 4316 1163 4388 ipse
1215 4317 1440 4385 avertit,
1473 4318 1906 4392 contractisque
1947 4336 2040 4375 ra-

394 4405 509 4464 diis
539 4405 694 4460 diem
747 4402 918 4460 illum
953 4404 1199 4476 privavit
1247 4403 1394 4462 luce.
1430 4405 1536 4472 Qui
1574 4421 1708 4463 vero
1740 4407 1807 4463 ad
1859 4406 2042 4482 impia

470 4507 492 4541 ⁸
520 4505 738 4562 Jerem.
770 4521 834 4572 ιι,
867 4504 956 4561 l2.

469 4609 711 4686 (59)ASic
747 4615 1092 4686 Seguer._At
1135 4611 1235 4686 a_lii_
1282 4616 1345 4686 et
1374 4613 1516 4670 editi
1545 4613 1830 4686 omittunt
1861 4612 2044 4686 μόνον.

401 4680 533 4740 Mox
566 4680 1094 4756 'Sieguerfqobler.
1145 4683 1396 4740 Felckm.
1450 4686 1475 4740 1
1534 4689 1594 4741 et
1635 4685 1690 4756 5,
1739 4680 1906 4739 ὄντων
1945 4688 2042 4740 τοῦ

401 4757 554 4808 Θεοῦ.
587 4749 737 4810 Εάῖιί
773 4759 833 4810 et
861 4751 982 4827 alii,
1013 4749 1182 4808 ὄντων
1211 4757 1292 4827 τῷ
1322 4758 1459 4826 Θεῷ.

616 4824 1274 4908 Βεε.*Αυε]ἰο.-β·θβὶ1λζ
1299 4824 1420 4880 τοῦ
1443 4828 1590 4908 Θεοῦ
1626 4825 1858 4908 Πατρός..
1893 4827 2045 4883 Editi

399 4894 606 4970 etialii,
636 4894 1000 4970 minare—6;.
1036 4897 1179 4952 Ibid.
1215 4897 1451 4970 Seguer.
1477 4903 1527 4952 et
1558 4901 1713 4969 Reg,
1743 4894 2039 4968 ίδιότητος,

401 4915 456 4951 et
487 4915 606 4961 am,
636 4916 734 4950 του
769 4915 875 4951 ιιατ
916 4915 1000 4956 ος.
1038 4915 1179 4952 unm.
1215 4915 1451 4970 ἔδρεπον.
1477 4915 1527 4952 et
1558 4915 1713 4969 neg.,
1746 4915 2039 4968 ιοιοτητος,

401 4968 640 5050 Ιξᾱίιῑηρῐ
667 4967 788 5036 alii,
817 4915 1156 5050 άϊὲιότητοε,
1187 4973 1264 5050 ut
1290 4973 1356 5050 _et
1398 4968 1666 5050 legerunt
1694 4971 1961 5028 Nannius
1989 4975 2046 5026 et

399 5040 780 5114 Omnibonus.
817 5039 1156 5114 Felek:1_n._5,
1187 5040 1326 5096 ibid.
1360 5039 1647 5114 γεννητῶν.

469 5111 582 5183 (61)
614 5111 858 5185 Gobler.
897 5119 952 5168 et
1003 5110 1714 5185 Felckm_._l,'ywdpcvoc.
1770 5112 1951 5185 Iidem
1993 5119 2042 5168 et

399 5181 664 5256 Seguer.,
697 5181 913 5256 Θαλείᾳ.
970 5184 1102 5256 Alii,
1155 5181 1342 5256 Θαλία.
1379 5181 1504 5256 Mox
1535 5181 1782 5256 fSeguer.
1813 5183 2044 5240 Gobler.

401 5259 458 5310 et
479 5253 749 5332 .Felckm.
776 5257 826 5322 Ι,
861 5253 1104 5332 ὁΔΠαΞὴρ
1153 5253 1388 5332 ἅρῥητος
1444 5253 1698 5331 ὑπάρχει.
1743 5255 1913 5322 Ibid.,
1959 5274 2045 5308 τε-

407 5323 566 5387 Λείως
593 5325 684 5379 καί
717 5327 881 5382 deest
911 5328 965 5398 in
1002 5323 1139 5398 Reg.

475 5398 588 5468 (6'2)
619 5397 760 5470 Vide
791 5398 850 5454 S.
880 5396 1187 5470 Alexandri
1221 5396 1938 5470 AlexandriniEpistalam
1973 5397 2046 5470 ad

404 5467 624 5524 clerum
664 5468 1141 5533 Alexandrinum,
1188 5475 1388 5524 contra
1437 5469 1553 5526 Arii
1595 5467 1868 5538 fautores,
1903 5485 1958 5523 n.
1990 5469 2044 5539 3,

409 5557 540 5612 quae
570 5545 760 5596 exstat
788 5543 941 5596 Patr.
975 5539 1088 5612 δη,
1121 5545 1162 5596 ι.
1195 5539 1386 5596 XVIII.

482 5613 594 5686 (63)
627 5613 878 5686 Seg‘uer._
917 5607 1150 5686 Gobler..
1203 5617 1259 5666 et
1317 5612 1570 5670 Felckm.
1629 5613 1676 5681 1,
1707 5610 1796 5664 καὶ
1833 5607 2046 5686 βλέπει,

407 5678 689 5757 ἀναλόγως
704 5678 834 5746 ’τοῖς
865 5683 1056 5738 ἑαυτοῦ
1091 5679 1325 5755 μέτροις.

2145 3336 2374 3400 Θαλείας
2408 3339 2520 3412 (65)
2548 3337 2804 3408 ἀκούσας,
2847 3337 2908 3394 ού
2960 3339 3237 3412 μισήσειεν
3288 3337 3338 3392 έν
3383 3333 3506 3409 δίκῃ
3533 3335 3795 3406 παίζοντα

2143 3427 2235 3482 τὸν
2282 3427 2496 3502 Ἄρειον
2547 3426 2624 3489 ὡς
2672 3425 2758 3482 ἐπὶ
2809 3432 3014 3498 σκηνῆς
3061 3425 3186 3500 περὶ
3233 3423 3495 3480 τοιούτων
3531 3442 3545 3493 ;
3577 3422 3673 3485 Τίς
3730 3421 3793 3478 οὐ

2147 3519 2342 3592 θεωρεῖ
2362 3512 2552 3570 τοῦτον
2585 3511 2674 3570 διὰ
2701 3518 2798 3570 τοῦ
2847 3511 3023 3571 δοκεῖν
3073 3513 3355 3588 ὀνομάζειν
3385 3514 3511 3569 Θεὸν
3549 3511 3638 3568 καὶ
3668 3510 3792 3586 περὶ

2147 3609 2280 3660 Θεοῦ
2313 3603 2510 3679 λέγειν,
2545 3604 2623 3667 ὡς
2648 3604 2741 3659 τὸν
2790 3599 2912 3682 ὅφιν
2960 3597 3406 3678 συμϐουλεύοντα
3431 3601 3499 3677 τῇ
3528 3600 3741 3678 γυναικί
3777 3617 3791 3668 ;

2146 3693 2242 3755 Τίς
2299 3689 2376 3761 δὲ,
2407 3698 2524 3755 τοῖς
2577 3693 2697 3764 ἑξῆς
2753 3691 3097 3768 ἐντυγχάνων
3152 3693 3288 3766 (66),
3338 3691 3401 3747 οὐ
3454 3689 3644 3768 βλέπει
3690 3689 3790 3758 την

2147 3775 2392 3837 ἀσέϐειαν
2426 3779 2610 3853 αὐτοῦ,
2642 3776 2824 3856 ὥσπερ
2853 3781 2942 3837 καὶ
2972 3785 3070 3836 τοῦ
3117 3775 3294 3860 ὄφεως
3321 3781 3420 3850 τὴν
3466 3781 3600 3853 μετὰ
3627 3782 3794 3834 ταῦτα

2147 3869 2383 3941 πλάνην,
2417 3871 2492 3933 εἷς
2543 3872 2608 3940 ἣν
2659 3872 2938 3947 παρήγαγε
2985 3869 3345 3949 σοφισάμενος
3392 3869 3492 3938 τήν
3541 3871 3650 3940 (67)
3695 3888 3790 3942 γυ-

2146 3966 2308 4015 ναῖκα
2338 3979 2352 4031 ;
2381 3959 2470 4022 Τίς
2508 3958 2596 4014 ἐπὶ
2643 3964 2764 4022 ταῖς
2812 3959 3088 4022 τοιαύταις
3145 3957 3517 4036 βλασφημίαις
3565 3955 3664 4012 οὐκ
3710 3953 3790 4026 ἐξ-

2155 4047 2358 4104 ίσταται
2393 4069 2406 4118 ;
2437 4049 2498 4106 Ὁ
2533 4049 2626 4122 μὲν
2657 4046 2749 4104 οὖν
2782 4047 3026 4124 οὐρανὸς,
3059 4047 3132 4110 ὡς
3167 4049 3196 4104 6
3225 4048 3514 4126 προφήτης
3689 4067 3793 4123 φη·

2151 4137 2256 4212 σίν,
2287 4137 2493 4209 ἐξέστη,
2523 4136 2610 4192 καὶ
2660 4139 2694 4208 ἡ
2749 4144 2820 4213 γῆ
2872 4133 3078 4215 ἔφριξεν
3129 4135 3216 4193 ἐπὶ
3263 4139 3332 4210 τῇ
3371 4131 3669 4209 παραϐάσει
3699 4137 3796 4188 τοῦ

2148 4227 2342 4300 νόμου·
2377 4227 2404 4280 6
2455 4223 2514 4280 δὲ
2561 4223 2723 4295 ἥλιος
2770 4224 2936 4282 πλέον
2987 4227 3320 4303 ἀγανακτῶν,
3368 4223 3458 4279 καὶ
3509 4224 3586 4296 μή
3619 4222 3795 4300 φέρων

2148 4315 2271 4372 τότε
2297 4316 2391 4377 τὰς
2420 4313 2556 4370 κατᾶ
2583 4317 2681 4368 τοῦ
2725 4317 2910 4368 κοινοῦ
2956 4315 3172 4370 πάντων
3218 4315 3378 4386 ἡμῶν
3411 4309 3682 4366 Δεσπότου
3711 4331 3798 4386 γε·

2149 4404 2374 4480 νομένας
2427 4406 2538 4480 (69)
2587 4403 2900 4477 σωματικὰς
2951 4397 3152 4478 ὕϐρεις,
3187 4401 3248 4467 ἃς
3275 4401 3412 4458 ἑκὼν
3466 4399 3625 4463 αὐτὸς
3666 4398 3798 4474 ὑπὲρ

2227 4613 2339 4688 (64)
2361 4613 2620 4688 Seguer.,
2652 4607 2798 4688 ἀλλᾲ
2829 4611 2933 4688 γὰρ
2963 4609 3264 4688 καζαύτ-ός,
3295 4614 3405 4688 etc.

2224 4676 2336 4766 (66)
2365 4676 2615 4766 εθὲυριιέ
2641 4676 2914 4766 βοδζρῄί
2937 4689 2995 4766 et
3041 4676 3294 4766 Eelclrm:
3316 4683 3392 4766 ⁹4,
3421 4687 3522 4752 τῆς
3548 4676 3798 4740 Θαλείας.

2153 4751 2354 4820 Βιιεὶιξ,
2388 4751 2482 4822 τῆς
2518 4752 2737 4828 Θαλίας.
2775 4754 2876 4828 Alii
2913 4761 2970 4810 et
2998 4755 3158 4828 editi,
3191 4751 3416 4815 Θαλίας.

2246 4829 2338 4901 66)
2369 4829 2606 4901 Seguer.
2618 4867 2632 4892 ,
2666 4823 2928 4901 ἐντυχών,

2246 4829 2338 4896 66)
2369 4829 2632 4900 Seguer.,
2666 4829 2786 4880 ἐντυ
2832 4829 2928 4882 ών.

2224 4829 2337 4982 (67)
2367 4899 2747 4982 δῖοηὸεβυετ.
2769 4845 2956 4982 gssit.
2999 4897 3232 4956 Gobler.
3263 4901 3322 4954 et
3352 4895 3607 4952 Felckm.
3645 4895 3693 4950 1.
3729 4896 3804 4948 At

2152 4969 2248 5027 alii
2281 4974 2339 5023 et
2367 4969 2503 5025 editi
2535 4969 2634 5039 τήν
2667 4970 2964 5026 omittunt.

2224 5041 2336 5114 (68)
2353 5035 2608 5114 Seguer'.
2639 5041 2814 5114 Basil.
2827 5039 3076 5114 _Anglic.
3091 5111 3104 5114 Α
3118 5039 3347 5114 Gobler.
3397 5035 3805 5114 Felckm.__1_et

2151 5115 2206 5194 ξ,
2231 5106 2371 5194 ἰδ-ςίδ
2402 5106 2712 5194 προ-ςξητης.
2763 5112 2917 5194 E_dit_i
2940 5106 3022 5194 :et
3053 5111 3174 5194 alii,
3206 5109 3280 5194 ὡς
3305 5108 3618 5194 προφήτης.
3650 5106 3799 5194 ibid.

2155 5171 2379 5240 Gobler.
2416 5171 2472 5240 et
2503 5171 2756 5240 Fe'lcltm.
2794 5184 2842 5247 1,
2873 5184 2908 5252 ἡ
2942 5179 2999 5238 δὲ
3065 5189 3095 5200 “’
3131 5171 3192 5260 ἔρ
3235 5203 3249 5235 ι
3285 5171 3358 5239 sv:
3405 5171 3585 5259 [idem
3616 5183 3672 5235 et
3700 5177 3802 5234 Se-

2155 5271 2344 5310 2uer..
2375 5252 2460 5308 ἐπὶ
2490 5258 2570 5310 τῶ
2600 5247 2959 5310 παραϐαθέντι
2989 5203 3166 5310 vnto.
3199 5183 3350 5310 Egiti
3383 5257 3438 5310 et
3470 5250 3590 5310 alii.
3623 5248 3802 5310 ἑπιτῇ

2153 5252 2460 5329 ευθιχηέπὶ
2490 5258 2570 5326 τῷ
2600 5247 2959 5329 παραϐαθέντι
2989 5247 3350 5328 νόμῳίΕᾶἰιὶ
3383 5257 3438 5310 et
3470 5250 3590 5320 alii,
3623 5248 3802 5321 ὲπιτῇ

2152 5322 2452 5400 παραϐάσει
2481 5322 2579 5380 τοῦ
2607 5322 2806 5397 νόμου.

2227 5389 2338 5469 (69)
2369 5399 2632 5471 Seguer.,
2672 5389 2981 5471 γινομένας.
3042 5397 3207 5471 Reg,
3265 5389 3620 5471 γεινομένας.
3677 5395 3805 5471 Mox

2154 5465 2418 5541 Seguer.,
2443 5465 2532 5524 καὶ
2561 5469 2654 5541 τὰς
2687 5465 2907 5541 ἀκτῖνας
2954 5466 3254 5541 συστείλας,
3280 5465 3385 5536 ’τήν
3421 5465 3656 5541 ἡμέραν,
3690 5469 3798 5541 etc:

2335 5531 2416 5619 etv
2438 5541 2559 5612 alii,
2593 5536 2906 5619 ἀπεστράφη
2962 5539 3056 5602 τὰς
3115 5531 3353 5602 ἀκτῖνας
3377 5531 3680 5607 συστείλας,
3711 5531 3802 5588 καὶ

2152 5613 2251 5682 τήν
2278 5609 2510 5686 ἡμέραν.
2543 5609 2552 5612 ’
2763 5609 2772 5616 ’
2843 5609 2854 5619 ’
2896 5609 2901 5610 ί
3167 5621 3176 5628 ’
