4090 6328
217 369 296 429 25
1372 364 1665 425 ORATIO
1711 364 1731 423 l
1777 362 2087 423 CONTRA
2137 363 2508 430 ARIANOS.
3566 366 3643 428 26

214 503 381 573 ἡμων
444 497 759 573 ὑπέμεινεν,
809 498 1160 576 ἀπεστράφη,
1218 498 1306 552 καὶ
1361 498 1457 558 τὰς
1514 495 1731 556 ἀκτῖνας
1788 515 1879 549 συο

1998 498 2117 553 Arii
2148 499 2343 568 verba,
2378 500 2651 558 universa
2680 501 2989 559 hominum
3021 506 3232 559 natura
3258 507 3499 574 stupore
3528 518 3643 557 non

215 587 461 658 στείλας,
494 588 597 657 τήν
647 586 859 663 ἡμέραν
911 586 1121 656 ἐκείνην
1174 583 1402 657 ἀνήλιον
1435 582 1651 654 ἔδειξενο
1685 583 1770 639 ἐπὶ
1825 581 1882 638 δὲ

214 684 333 739 ταῖς
392 675 615 754 ’Δρείου
666 676 1045 755 βλασφημίαις
1092 680 1209 738 πῶς
1261 674 1324 730 οὐ
1372 680 1515 729 πᾶσα
1542 677 1649 727 τῶν
1676 672 1882 746 ἀνθρώ-

214 790 331 823 πων
388 770 426 837 ἡ
478 767 638 845 φύσις
693 770 810 841 (70)
859 766 1059 845 ἀφασίᾳ
1117 765 1481 842 πληγήσεται,
1539 763 1629 818 καὶ
1679 762 1882 819 κλείσει

217 858 315 930 μὲν
367 858 472 918 τὰς
531 856 718 924 ἀκοὰς,
763 854 1037 928 καμμύσει
1092 852 1150 910 δὲ
1195 853 1326 916 τοὺς
1394 851 1735 931 ὀφθαλμοὺς,
1791 848 1884 906 ’ίνα

219 949 362 1019 μήτε
425 946 659 1001 ἀκοῦσαι
710 944 977 1001 τοιούτων
1026 947 1163 1017 (71),
1221 944 1351 1017 μήτ’
1400 940 1529 999 ἰδεῖν
1578 946 1668 997 τὸν
1717 944 1884 996 ταῦτα

212 1037 505 1111 γράψαντα
534 1031 783 1109 δυνηθῇ;
817 1035 844 1089 ὁ
895 1031 952 1089 δὲ
1006 1032 1201 1109 Κύριος
1233 1030 1393 1094 αὐτὸς
1422 1036 1537 1093 πῶς
1569 1029 1632 1085 ού
1666 1027 1879 1102 μᾶλλον

218 1120 455 1185 δικαίως
510 1124 649 1178 κατά
706 1125 817 1196 (72)
873 1121 1105 1190 τούτων,
1162 1121 1236 1182 ὡς
1292 1114 1541 1192 ἀσεϐῶν,
1600 1116 1747 1174 ἀλλά
1792 1118 1881 1175 καὶ

212 1210 541 1287 ἀχαρίστων
610 1213 819 1285 βοήσει,
878 1212 910 1265 ἃ
966 1210 1055 1266 καὶ
1115 1206 1203 1265 διὰ
1259 1213 1355 1264 τοῦ
1407 1210 1693 1283 προφήτου
1724 1207 1884 1287 Ὠσηζ

212 1300 550 1375 προείρηκεν
590 1346 605 1372 ,
689 1299 826 1356 Οὐαὶ
908 1299 1127 1368 αὐτοῖς,
1211 1297 1292 1353 ὅτι
1378 1294 1733 1367 ἀπεπήδησαν
1792 1280 1886 1350 ἀπ⁹

214 1389 356 1461 ἐμοῦ
391 1407 405 1419 '
471 1386 706 1445 δείλαιοί
762 1389 876 1461 (73)
926 1387 1080 1457 εἰσιν,
1138 1386 1221 1441 ὅτι
1287 1381 1568 1457 ἠσέϐησαα
1624 1385 1699 1447 εἷς
1758 1382 1874 1457 ἐμὲ.

214 1479 365 1551 Ἐγὼ
444 1476 506 1531 δὲ
580 1475 973 1550 ἐλυτρωσάμην
1029 1475 1262 1538 αὐτούς’
1331 1474 1483 1529 αὐτοὶ
1545 1472 1602 1529 δὲ
1647 1472 1875 1528 κατελά-

215 1566 392 1636 λησαν
443 1567 566 1620 κατ’
625 1564 759 1637 ἐμοῦ
816 1562 1009 1638 ψευδῆ.
1072 1564 1166 1620 lia?
1231 1564 1348 1636 μετ’
1405 1561 1588 1635 ὀλίγα·
1648 1562 1744 1616 Καὶ
1802 1561 1878 1623 εἲς

213 1655 313 1727 ἐμὲ
397 1652 718 1730 ἐλογίσαντο
796 1656 908 1727 (74)
982 1644 1230 1728 πονηρὲ,
1313 1650 1725 1729 ἀπεστράφησαν
1802 1650 1878 1712 εἷς

212 1741 399 1798 οὐδέν.
454 1743 569 1801 Τὸν
621 1743 723 1819 γὰρ
768 1738 899 1797 ὄντα
944 1746 1041 1797 τοῦ
1102 1745 1235 1797 Θεοῦ
1282 1740 1456 1815 Λόγον
1507 1737 1880 1814 ἀποστραφέν-

1990 586 2379 658 exhorrescat,
2414 607 2587 647 aures
2616 608 2730 647 non
2776 591 3063 659 obstruat,
3105 591 3308 647 oculos
3341 607 3453 647 non
3485 592 3645 646 clau-

1990 674 2109 742 dat,
2147 682 2208 731 ut
2239 694 2342 733 nec
2372 678 2468 734 illa
2513 680 2735 750 audiat,
2773 696 2877 738 nec
2922 697 3055 736 eum
3091 681 3190 752 qui
3225 681 3337 736 ista
3383 678 3644 736 conscri-

1995 764 2110 831 psit
2140 767 2547 839 aspiciat?An
2601 786 2716 824 non
2763 770 2958 841 potius
3000 770 3137 841 jure
3185 769 3392 825 merito
3440 775 3644 824 contra

1989 854 2151 926 ipsos
2183 861 2461 928 tanquam
2494 857 2707 930 impios
2737 864 2794 914 et
2812 858 2988 914 valde
3017 859 3279 929 ingratos
3309 857 3646 913 clamaverit

1992 942 2118 1013 ipse
2151 945 2591 1018 Dominus,quas
2622 964 2723 1019 per
2742 948 3089 1019 prophetam
3111 946 3319 1003 Oscam
3348 946 3642 1018 praedixit:

1998 1033 2087 1089 Vw
2113 1035 2216 1104 eis,
2248 1036 2506 1105 quoniam
2554 1039 2894 1091 recesserunt
2920 1053 2960 1091 α
2993 1051 3095 1103 me,
3130 1037 3320 1091 miseri
3355 1039 3485 1091 sunt
3515 1035 3646 1106 quia

1991 1121 2156 1193 impii
2197 1124 2257 1177 in
2288 1140 2377 1179 me
2402 1126 2650 1195 fuerunt.
2701 1127 2812 1195 Ego
2858 1140 2983 1181 vero
3030 1126 3237 1180 redemi
3282 1139 3370 1180 eo:
3401 1140 3414 1177 :
3447 1127 3499 1179 et
3538 1124 3652 1193 ipsi

1993 1211 2168 1267 lucidi
2195 1215 2320 1267 sunt
2349 1216 2540 1269 contra
2591 1230 2681 1270 me
2728 1214 3017 1270 mendacia
3048 1214 3112 1270 ιθ.
3144 1214 3212 1269 Et
3243 1210 3415 1285 paulo
3470 1220 3600 1283 post
3632 1228 3646 1265 :

1994 1298 2199 1356 Contra
2239 1318 2326 1356 me
2371 1304 2746 1371 cogitaverunt
2796 1303 2971 1374 mala,
3005 1302 3066 1358 in
3110 1301 3355 1357 nihilum
3398 1300 3652 1356 conversi

1991 1393 2120 1445 sunt
2156 1391 2215 1445 ¹¹.
2249 1390 2394 1445 Nam
2444 1396 2756 1463 postquam
2788 1409 2823 1448 a
2852 1392 2952 1462 Dei
3000 1391 3202 1458 Verbo,
3236 1390 3391 1462 quod
3446 1390 3641 1461 ipsum

1993 1493 2121 1533 vere
2151 1484 2258 1544 est,
2294 1496 2420 1535 sese
2459 1487 2736 1546 avertere,
2767 1486 2825 1535 et
2872 1496 3030 1545 eum,
3064 1478 3166 1551 qui
3220 1495 3336 1534 non
3388 1483 3499 1546 est,
3533 1477 3647 1533 sibi

1991 1568 2408 1638 confinxere,in
2433 1568 2682 1624 nihilum
2707 1569 2906 1639 utique
2930 1573 3071 1624 sunt
3096 1567 3206 1641 ipsi
3225 1566 3460 1639 dilapsi.
3495 1567 3650 1622 Sane

1992 1655 2112 1712 hac
2143 1672 2321 1712 causa
2354 1657 2462 1712 fuit
2493 1674 2598 1712 cur
2644 1657 2937 1728 generalis
2992 1658 3253 1729 synodus
3299 1655 3502 1712 Arium
3536 1655 3650 1710 ista

1989 1745 2350 1802 effutientem
2384 1744 2665 1817 repulerit
2715 1762 2783 1801 ex
2815 1745 3110 1813 Ecclesia;
3143 1746 3316 1816 cujus
3370 1760 3505 1801 cum
3533 1744 3646 1799 im-

210 1854 325 1899 τες,
358 1833 671 1894 πλάσαντες
704 1828 763 1887 δὲ
791 1830 1005 1892 ἑαυτοῖς
1034 1830 1122 1884 τὸν
1154 1828 1253 1884 οὐκ
1302 1826 1448 1901 ὄντα,
1483 1828 1557 1891 εἷς
1593 1829 1656 1883 τὸ
1707 1825 1876 1901 μηδὲν

391 1923 402 1934 .
640 1929 648 1934 .
700 1921 714 1934 ι
838 1924 864 1934 ..
1010 1919 1024 1934 .
1163 1918 1178 1934 .
1222 1921 1235 1934 .
1314 1917 1328 1934 .
1609 1918 1622 1933 ι
1708 1917 1723 1934 ι
1795 1914 1819 1934 δ

1998 1835 2269 1907 pietatem
2318 1834 2466 1890 ferre
2496 1851 2611 1891 non
2657 1840 2876 1907 posset,
2909 1852 3043 1891 eum
3088 1834 3465 1890 anathemate
3513 1849 3646 1904 per-

215 1923 570 1978 πεπτώκασι.
627 1921 724 1975 Διὰ
770 1924 932 1976 τοῦτο
964 1919 1066 1994 γὰρ
1091 1918 1180 1973 καὶ
1212 1921 1246 1988 ἡ
1279 1917 1630 1990 οἶκουμενικὴ
1664 1914 1883 1978 σύνοδος

210 2016 391 2067 ταῦτα
436 2008 675 2086 λέγοντα
719 2010 812 2065 τὸν
863 2013 1076 2084 ’Ἄρειον
1126 2002 1343 2078 ἐξέϐαλε
1386 2014 1488 2076 τῆς
1531 2003 1882 2077 Ἐκκλησίας,

211 2101 306 2156 καὶ
362 2098 753 2171 ἀνεθεμάτισεν
810 2098 872 2154 οὐ
916 2099 1150 2176 φέρουσα
1197 2097 1298 2165 τήν
1343 2090 1607 2150 ἀσέϐειαν·
1640 2094 1728 2150 καὶ
1762 2093 1881 2150 λοι-

210 2191 318 2244 πὸν
354 2188 572 2264 αἵρεσις
604 2187 858 2263 ἐλογίσθη
891 2189 926 2255 ἡ
963 2185 1174 2262 Ἀρείου
1205 2184 1385 2255 πλάνη
1408 2182 1610 2259 ἔχουσά
1637 2204 1689 2238 τι
1711 2182 1877 2238 πλέον

206 2284 319 2334 πῶν
376 2276 576 2333 ἄλλων
626 2277 907 2351 αἱρέσεων,
959 2274 1042 2330 ὅτι
1093 2274 1182 2329 καὶ
1231 2272 1615 2350 χριστομάχος
1646 2271 1878 2345 ἐκλήθη,

204 2368 298 2423 καὶ
332 2365 670 2442 πρόδρομος
700 2364 957 2442 ἐλογίσθη
987 2368 1085 2419 τοῦ
1115 2362 1487 2439 Ἀντιχρίστου
1518 2365 1651 2435 (75).
1696 2361 1758 2418 Ei
1789 2361 1879 2416 καὶ

208 2459 273 2512 τὰ
309 2456 567 2529 μάλιστα
596 2454 806 2522 τοίνυν,
838 2453 912 2515 ὡς
944 2458 1228 2528 προεῖπον,
1261 2450 1529 2528 αὐτάρκης
1562 2453 1597 2520 ἡ
1640 2450 1876 2520 τοσαύτη

206 2546 389 2621 κρίσις
473 2544 616 2598 κατά
696 2547 791 2608 τῆς
849 2537 1074 2604 ἀσεϐοῦς
1134 2542 1389 2618 αἱρέσεως
1447 2545 1627 2595 πεῖσαι
1679 2539 1877 2602 πάντας

208 2634 435 2712 φεύγειν
486 2633 583 2687 ἀπ’
630 2630 821 2701 αὐτῆς
872 2630 1048 2704 ὅμως,
1094 2627 1279 2700 ἐπειδή
1331 2649 1470 2691 τινες
1499 2633 1607 2683 τῶν
1643 2627 1879 2704 λεγομὲ-

206 2745 314 2779 νων
373 2723 747 2795 Χριστιανῶν,
806 2721 840 2789 ἦ
905 2721 1017 2793 (76)
1069 2720 1403 2795 ἀγνοοῦντες,
1449 2718 1484 2787 ἢ
1520 2716 1876 2793 ὑποκρινόμε-

208 2834 317 2880 νοι,
360 2811 616 2882 καθάπερ
670 2807 882 2885 εέρηται
938 2807 1193 2883 πρόσθεν,
1250 2804 1543 2884 ἀδιάφορον
1585 2807 1720 2882 πρὸς
1773 2808 1874 2875 τὴν

210 2902 483 2971 ἀλήθειαν
539 2900 802 2973 ἡγοῦνται
844 2899 944 2966 την
996 2894 1221 2971 α’ίρεσιν,
1269 2896 1517 2958 καὶτοὺς
1548 2900 1714 2950 ταῦτα
1743 2915 1874 2973 φρο-

208 2996 435 3051 νοῦντας
489 2986 847 3064 Χριστιανοὺς
897 2986 1246 3059 ὀνομάζουσι,
1306 2985 1434 3063 φέρε
1481 2986 1615 3040 κατά
1646 2982 1872 3057 δύναμιν

209 3079 531 3153 ἐρωτῶντες
593 3074 810 3144 αὐτοὺς,
869 3073 1313 3148 ἀποκαλύψωμεν
1379 3074 1479 3142 τήν
1549 3071 1872 3149 πανουργίαν

207 3175 304 3235 τῆς
368 3166 663 3241 αἱρέσεως.
715 3167 879 3239 Τάχα
919 3162 1018 3218 κᾶν
1062 3161 1205 3218 οὕτω
1256 3159 1710 3235 συμποδισθέντες

208 3256 656 3328 ἐπιστομισθῶσι
687 3251 777 3307 καὶ
811 3250 1049 3329 φύγωσιν
1081 3252 1171 3306 ἀπ’
1218 3251 1385 3320 αὐτῆς
1418 3250 1491 3313 ὠς
1523 3251 1627 3306 ἀπὸ
1658 3251 1874 3327 προσώ.
1906 3234 1949 3302 C

206 3367 311 3400 που
342 3339 557 3421 ὄφεως.

269 3464 329 3519 8.
358 3460 431 3517 Εἰ
472 3460 575 3531 μὲν
625 3454 739 3523 οῦν,
794 3454 883 3511 διὰ
926 3457 991 3511 τὸ
1039 3454 1207 3527 λέξεις
1256 3458 1369 3529 (78)
1414 3456 1564 3519 τινὰς
1605 3459 1704 3525 τῆς
1738 3456 1880 3521 θείας

208 3549 437 3626 Γραφῆς
474 3546 528 3601 ἐν
562 3549 634 3619 τῇ
666 3543 870 3615 Θαλείᾳ
900 3545 1127 3618 γράψαι,
1161 3544 1443 3617 νομίζουσι
1474 3543 1563 3599 καὶ
1592 3545 1688 3607 τάς
1744 3543 1877 3620 βλα-

206 3635 467 3715 σφημίας
500 3633 779 3711 εὐφημίας
840 3634 996 3701 εἶναι,
1046 3631 1261 3695 παντως
1304 3653 1409 3687 που
1459 3634 1573 3708 (79)
1618 3633 1706 3687 καὶ
1749 3632 1878 3696 τοὺς

204 3731 291 3780 νῦν
351 3721 671 3784 Ἰουδαίους
732 3723 964 3795 ὁρῶντες
1028 3721 1497 3795 ἀναγινώσκοντας
1556 3722 1647 3775 τὸν
1708 3721 1876 3794 νόμον

203 3813 465 3874 καὶτοὺς
526 3812 841 3888 προφήτας,
894 3809 1213 3884 ἀρνήσονται
1264 3809 1352 3865 καὶ
1400 3809 1553 3864 αὐτοὶ
1604 3807 1693 3864 διὰ
1717 3815 1879 3865 τοῦτο

205 3906 293 3957 οὖν
327 3901 580 3961 ἐκείνοις
606 3900 701 3955 τὸν
733 3898 986 3975 Χριστόνο
1021 3898 1309 3960 ἀκούοντες
1339 3895 1396 3953 δὲ
1437 3897 1581 3973 τάχα
1627 3898 1715 3953 καὶ
1765 3905 1877 3954 Μα-

203 3991 453 4067 νιχαίων
504 3988 781 4063 λεγόντων
836 3986 975 4060 μὲρη
1022 3987 1144 4041 τινὰ
1169 3991 1277 4040 τῶν
1311 3985 1682 4062 Εύαγγελίων,
1708 3987 1880 4062 ἀρνή-

206 4102 396 4135 σονται
465 4078 562 4131 σὺν
617 4076 800 4137 αὐτοῖς
840 4076 931 4129 τὸν
966 4075 1132 4147 νόμον
1177 4074 1264 4129 καὶ
1295 4073 1423 4136 τοὺς
1476 4077 1781 4151 προφήτας.
1815 4075 1879 4132 Ei

205 4167 259 4224 ὂὶ
316 4171 661 4244 ἀγνοοῦντες
712 4164 855 4219 οὕτω
902 4165 1254 4238 χειμάζονται
1304 4164 1393 4218 καὶ
1422 4168 1644 4218 τοιαῦτα
1674 4165 1879 4220 Βαττο-

206 4256 470 4332 λογοῦσι,
531 4254 846 4327 μαθέτωσαν
897 4252 1003 4307 ἀπὸ
1052 4256 1159 4306 τῶν
1210 4256 1455 4329 Γραφῶν,
1498 4251 1580 4307 ὅτι
1610 4252 1698 4307 καὶ
1730 4254 1759 4307 ὁ
1788 4253 1881 4315 τάς

208 4348 450 4417 αἱρέσεις
501 4343 796 4412 ἐπινοήσας
844 4342 958 4414 (80)
1005 4336 1262 4402 διάϐολος
1312 4337 1402 4394 διὰ
1449 4341 1545 4409 τήν
1599 4338 1733 4396 ἷδίαν
1780 4348 1881 4411 τῆς

209 4436 399 4497 κακίας
438 4428 716 4488 δυσωδίαν
771 4435 1029 4505 κιχρᾶται
1086 4430 1179 4490 τὰς
1238 4426 1411 4499 λέξεις
1468 4433 1576 4484 τῶν
1634 4435 1879 4509 Γραφῶν,

201 4523 291 4578 ’ἱνα
342 4523 524 4584 αὐτὰς
588 4516 734 4595 ἔχων
796 4518 1175 4591 ἐπικάλυμμα,
1221 4519 1314 4573 τὸν
1351 4515 1489 4573 ἴδιον
1525 4517 1606 4573 ίὸν
1638 4519 1879 4575 ἐπισπεί-

1992 1922 2214 1979 cussit:
2249 1939 2318 1979 ex
2347 1934 2461 1996 quo
2483 1924 2611 1994 jam
2644 1928 2905 1995 tempore
2924 1923 3146 1979 credita
3173 1931 3260 1980 est
3290 1923 3404 1978 Arii
3432 1921 3647 1995 impie-

1992 2016 2082 2067 tas
2113 2012 2254 2084 quid
2285 2010 2544 2084 amplius
2573 2027 2754 2084 quam
2785 2017 3025 2067 ceteras
3056 2011 3307 2066 hasreses
3324 2010 3646 2077 continere,

1990 2099 2208 2173 quippe
2238 2117 2365 2173 qua:
2397 2105 2455 2155 et
2476 2100 2693 2158 Christi
2729 2100 2966 2156 inimica
2991 2100 3145 2156 dicta
3165 2100 3266 2168 sit,
3296 2105 3353 2154 et
3373 2115 3648 2171 praenun-

1989 2190 2072 2246 tia
2099 2188 2440 2246 Antichristi
2472 2191 2549 2245 sit
2578 2188 2798 2245 habita.
2837 2188 2955 2245 Etsi
3005 2188 3206 2261 igitur,
3238 2187 3321 2244 uti
3347 2189 3472 2257 jam
3504 2186 3649 2258 dixi,

1989 2283 2108 2335 tam
2146 2277 2409 2350 amplum
2440 2278 2984 2350 adversusimpiam
3019 2279 3169 2333 hanc
3199 2277 3469 2333 heresim
3493 2276 3650 2347 judi-

1989 2367 2147 2423 cium
2180 2367 2434 2423 maxime
2465 2366 2780 2433 sulﬁcit,ut
2807 2367 2937 2437 ejus
2967 2369 3176 2422 horror
3202 2366 3482 2421 omnibus
3508 2365 3646 2435 inji-

1988 2456 2181 2513 ciatur
2208 2473 2221 2512 :
2246 2460 2503 2512 attamen
2526 2455 2664 2528 quia
2687 2455 2953 2511 nonnulli
2979 2456 3075 2528 qui
3092 2453 3409 2511 Christiani
3436 2470 3646 2509 vocan-

1988 2550 2105 2613 tur,
2139 2544 2227 2600 vo'l
2259 2544 2594 2613 inscienter,
2630 2547 2713 2601 vel
2764 2543 3212 2601 dissimulanter
3259 2543 3432 2599 istam
3466 2542 3646 2598 here-

1987 2634 2099 2691 sim
2131 2634 2201 2689 ad
2234 2633 2409 2690 ﬁdem
2455 2632 2602 2689 nihil
2633 2633 2943 2707 pertinere,
2980 2638 3043 2688 ut
3069 2638 3243 2689 antea
3273 2632 3502 2688 dictum
3535 2634 3646 2696 est,

1986 2722 2340 2789 existimant,
2389 2738 2629 2795 eosque,
2680 2721 2780 2794 qui
2827 2721 2909 2778 ita
2953 2722 3236 2790 sentiunt,
3281 2718 3645 2776 Christianos

1987 2829 2102 2869 non
2133 2811 2403 2867 dubitant
2433 2811 2768 2884 appellare;
2798 2828 3046 2883 age,quo
3078 2815 3374 2882 retegatur
3403 2808 3643 2864 haeresis

1986 2899 2225 2970 astutia,
2276 2898 2405 2955 illos
2451 2917 2553 2972 pro
2615 2905 2817 2955 nostra
2867 2898 3139 2955 facultate
3185 2898 3639 2968 interrogemus.

1986 2989 2156 3045 Forte
2167 2987 2325 3045 enim
2349 2988 2456 3044 hoc
2479 2992 2649 3061 pacto
2671 2989 2937 3044 futurum
2955 2993 3046 3043 est
3068 2995 3133 3042 ut
3153 2985 3362 3042 irretiti
3385 2989 3637 3056 taceant,

1984 3082 2043 3135 et
2072 3079 2145 3134 ab
2190 3094 2260 3133 ea
2307 3095 2423 3134 non
2472 3095 2640 3134 secus
2688 3094 2866 3149 quam
2900 3094 2934 3132 a
2980 3080 3297 3148 conspectu
3349 3072 3642 3146 serpentis

1986 3167 2238 3241 fugiant.

2057 3461 2112 3515 8.
2147 3460 2350 3533 Itaque
2380 3460 2427 3514 si
2462 3458 2677 3514 idcirco
2708 3459 3070 3515 arbitrantur
3117 3457 3357 3527 impiam
3392 3456 3643 3512 Thaliam

1988 3564 2118 3604 esse
2171 3549 2350 3619 piam,
2391 3549 2531 3617 quia
2579 3546 2803 3619 aliquot
2849 3548 3056 3602 divinas
3106 3547 3419 3618 Scripturis
3473 3561 3645 3600 voces

1989 3636 2305 3704 contineat,
2339 3638 2595 3707 profecto
2628 3641 2907 3706 sequetur
2954 3641 3037 3699 ut,
3071 3651 3203 3689 cum
3237 3650 3395 3689 nunc
3441 3633 3646 3689 vident

1988 3726 2104 3799 legi
2135 3742 2169 3780 a
2196 3725 2418 3780 Judaais
2450 3725 2633 3795 legem
2659 3730 2715 3779 et
2746 3722 3385 3796 prophetas,Christum
3412 3737 3647 3793 quoque

1989 3814 2101 3886 ipsi
2135 3830 2269 3869 cum
2304 3813 2423 3868 illis
2470 3820 2702 3884 negent.
2735 3813 2883 3878 Quin
2933 3813 3108 3869 etiam
3161 3812 3210 3868 si
3258 3810 3531 3866 acciderit
3583 3814 3649 3865 ut

1990 3902 2340 3958 Manichaee
2370 3902 2658 3973 quaedam
2687 3901 3131 3973 Evangeliorum
3165 3899 3483 3972 particulas
3500 3899 3647 3955 reci-

1991 3996 2183 4046 tantes
2212 3992 2479 4057 audiant,
2506 3991 2689 4060 legem
2721 3997 2777 4046 et
2808 3990 3122 4062 prephetas
3153 4005 3284 4044 cum
3321 3988 3437 4044 illis
3469 4004 3647 4061 repu-

1990 4080 2151 4134 dient
2180 4094 2418 4134 necesse
2450 4079 2644 4133 luerit.
2674 4079 2836 4141 Quod
2889 4079 2936 4132 si
2986 4093 3090 4149 per
3138 4077 3531 4147 ignorantiam
3565 4076 3647 4131 ita

1989 4173 2244 4224 aestuant
2289 4173 2348 4222 et
2413 4167 2535 4223 haec
2584 4167 2878 4238 garriunt,
2929 4167 3158 4222 discant
3213 4183 3281 4221 ex
3327 4164 3645 4236 Scripturis

1990 4257 2185 4329 ipsum
2219 4255 2516 4312 diabolum
2550 4257 2836 4311 luerosum
2889 4260 3208 4320 auctorem,
3240 4255 3315 4310 ob
3343 4253 3642 4327 proprium

1990 4345 2391 4418 perversitatis
2421 4344 2684 4414 fetorem,
2704 4345 2878 4399 verba
2900 4344 3337 4416 Scripturarum
3362 4359 3645 4413 usurpare

1949 4449 1957 4456 '
1990 4432 2199 4501 solere,
2236 4440 2299 4488 ut
2331 4432 2448 4488 illis
2478 4434 2914 4505 quodammodo
2944 4433 3232 4498 obtectus,
3267 4449 3442 4488 suum
3473 4448 3642 4487 vens-

1991 4540 2133 4579 num
2169 4521 2355 4594 possit
2388 4522 2617 4578 facilius
2647 4538 2923 4596 spargere
2945 4522 3358 4594 sirrplicesque
3390 4522 3645 4577 circum-

212 4634 327 4687 ρας,
358 4612 631 4683 ἀπατήσῃ
694 4608 824 4670 τοὺς
872 4607 1170 4683 ἀκεραίους.
1225 4605 1384 4664 Οὕτω
1428 4608 1525 4676 τὴν
1570 4605 1710 4665 Εὕαν
1743 4609 1879 4678 ἠπά.

1998 4611 2203 4667 venire.
2237 4610 2331 4667 Sic
2362 4612 2537 4666 Evam
2570 4609 2771 4667 fefellit
2802 4610 2899 4667 ille
2933 4629 2947 4666 :
2979 4612 3065 4667 sic
3094 4610 3241 4668 alias
3270 4610 3497 4667 effluxit
3524 4608 3642 4666 ιω-

283 4758 327 4793 ”
359 4756 504 4812 Ose.
534 4768 643 4822 vn,
679 4754 766 4807 14.
844 4752 886 4787 ¹¹
924 4751 1075 4807 Ibid.

280 4899 398 4969 (70)
432 4901 707 4967 Seguer.,
739 4895 775 4961 ἡ
805 4892 984 4969 φύσις.
1016 4893 1177 4969 Editi
1200 4898 1258 4949 et
1287 4891 1405 4959 alii,
1442 4890 1618 4969 φύσις.

280 4963 399 5041 (71)
434 4963 690 5041 Seguer.
716 4963 892 5022 Basil.
925 4967 985 5021 et
1011 4963 1262 5037 Anglio.,
1306 4963 1595 5021 τοιούτων.
1647 4966 1796 5022 Editi
1830 4974 1886 5023 et

218 5041 338 5110 alii,
369 5038 614 5110 τούτων.

285 5105 401 5184 (72)
432 5112 530 5168 Sic
563 5109 807 5184 Seguer.
842 5105 1020 5184 lissi].
1055 5105 1281 5179 Anglic.
1307 5105 1573 5184 _Go_hler._
1596 5110 1655 5162 et
1677 5107 1880 5184 _lj‘el_ck.

220 5185 267 5237 l.
292 5177 466 5239 ‘At'in
507 5177 687 5237 editis
718 5185 778 5235 et
805 5178 936 5234 aliis
987 5177 1168 5234 deest'
1189 5177 1340 5232 κατά.
1380 5178 1523 5233 Ibid.
1561 5178 1733 5233 Basil.
1766 5182 1882 5236 An-

218 5256 344 5327 glic.
380 5260 441 5311 et
473 5252 742 5310 Felckm.
773 5252 830 5317 5,
839 5242 1078 5327 ἀσεβῶν
1104 5248 1217 5327 ςξμα
1244 5248 1335 5303 καὶ
1364 5247 1680 5327 ἀχαρίστον.

283 5328 399 5393 (73)
432 5327 535 5382 Sic
567 5330 806 5394 Seguer.
839 5321 1017 5394 Editi,
1051 5316 1297 5390 δήλαιοι,
1331 5316 1631 5394 mendose.

283 5401 399 5467 (74)
428 5400 528 5453 Sic
561 5392 801 5466 Seguer.
834 5399 892 5449 et
924 5392 1022 5467 alii
1057 5409 1199 5467 mss.
1233 5397 1443 5467 printer
1474 5393 1726 5467 Felckm.
1758 5392 1794 5445 2
1825 5396 1883 5467 et

223 5461 358 5539 flag.
382 5461 453 5524 'in
488 5461 732 5539 quibus,
764 5469 829 5539 ut
853 5469 916 5539 _et
948 5464 1003 5516 in
1036 5461 1347 5539 editisfita
1369 5463 1611 5539 legitur,
1630 5461 1740 5539 iugi
1766 5463 1882 5539 μετ’

220 5530 423 5615 ὀλίγον’
482 5530 578 5592 καὶ
607 5530 1034 5615 Δἐϐουλεύσαντο
1081 5533 1263 5615 κακάη
1292 5531 1384 5589 καί
1432 5530 1508 5615 εἰς
1560 5530 1657 5605 ἐμὲ
1683 5530 1881 5615 ⁸ξελογίς

224 5605 399 5678 sev-Eo,
431 5616 545 5667 etc.
606 5609 739 5665 Mox
786 5606 1153 5681 Seguerian.,
1211 5606 1302 5662 τὸν
1350 5605 1590 5681 παρόντα
1616 5609 1716 5661 τοῦ
1745 5605 1881 5662 Θεοῦ

223 5682 423 5757 Λάγον.

2069 4897 2447 4971 (75)_8egu‘er.
2483 4895 2723 4971 Gobler.
2748 4901 2805 4951 et
2832 4895 3087 4971 Felckm.
3124 4893 3290 4971 l._81n
3338 4894 3643 4971 χριστομά-

1994 4963 2095 5041 χος
2125 4963 2211 5042 καὶ
2244 4963 2562 5042 πρόδρομος
2589 4964 2801 5042 ἐκλήθη
2832 4963 3360 5042 τοῦλᾼντιχρίστουξ

2065 5036 2548 5177 (‘26)dSietSeguer
2574 5036 2802 5095 Gobler.
2836 5045 2892 5094 et
2934 5036 3187 5095 Felckiii.
3241 5041 3291 5095 1.
3324 5039 3402 5095 At
3430 5036 3488 5093 in
3520 5037 3641 5094 edi-

2019 5128 2070 5167 IS
2097 5131 2107 5139 ·
2208 5127 2303 5165 ess
2336 5152 2349 5165 .

2019 5116 2070 5167 is
2097 5116 2131 5167 ἥ
2166 5116 2349 5165 deest.

2062 5183 2179 5252 (77)
2205 5183 2298 5237 Sic
2330 5182 2565 5252 Seguer.
2621 5180 2844 5253 Anglic.
2877 5180 3125 5253 ‘Gobler.
3181 5185 3239 5236 et
3297 5179 3551 5237 Felckm.
3591 5182 3639 5235 l.

1993 5247 2141 5308 Editi
2162 5247 2369 5308 autem
2401 5247 2457 5308 et
2490 5254 2609 5315 alii,
2645 5247 2817 5312 οὕτως
2838 5247 3190 5313 αίδεσθέντες.

2063 5326 2178 5396 (78)
2214 5324 2466 5380 Felckm.
2494 5328 2530 5380 2
2559 5329 2614 5378 et.
2637 5324 2798 5393 editi,
2832 5322 2878 5377 εί
2914 5323 3008 5394 μὶν
3049 5319 3138 5377 διὰ
3182 5322 3244 5406 eo
3300 5319 3469 5446 λέξὶῗις
3524 5317 3638 5377 οῦν.

2063 5413 2121 5446 3x
2158 5396 2389 5446 Gobler.
2417 5401 2475 5446 et
2507 5396 2762 5446 Felckm.
2798 5397 2849 5446 1.
2882 5391 3103 5446 Θαλεία.
3134 5394 3268 5446 ΑΙιι.
3302 5398 3378 5446 Θα
3427 5389 3496 5446 ία.

1993 5389 2122 5451 de
2158 5389 2389 5452 Gobler.
2417 5401 2475 5451 et
2507 5396 2762 5451 Felckm.
2785 5389 2849 5459 ’1,
2882 5389 3103 5465 Θαλείᾳ.
3134 5393 3268 5460 Alii,
3302 5389 3496 5465 Θαλία.

2064 5468 2172 5540 (79)
2204 5472 2436 5540 Segucr.
2465 5466 2702 5540 ‘Goliler.
2738 5470 2793 5521 et
2845 5463 3099 5522 Feli-km.
3149 5468 3200 5534 1,
3251 5463 3464 5525 πάντως
3511 5482 3637 5518 που.

1992 5535 2228 5594 Εάἱῐῖθί
2254 5535 2372 5608 alii,
2406 5535 2622 5597 πάντως
2650 5540 2798 5610 γοῦν.

2196 5611 2296 5693 ,δίο
2325 5605 2562 5693 Βοειξθτ.
2582 5605 2831 5693 βοὺιοτ..
2862 5613 2919 5693 et
2968 5607 3222 5693 Felckm.
3277 5609 3325 5663 l.
3360 5610 3432 5662 At
3459 5605 3556 5662 alii
3586 5612 3643 5662 et

1994 5677 2168 5751 editi,
2191 5678 2276 5737 ὅτι
2306 5677 2518 5743 καΓτάς
2549 5679 2779 5757 αἱρίσεις
2811 5680 2840 5734 ὁ
2871 5677 3183 5751 ἐπινοήσας.
