4090 6346
447 369 523 428 27
996 374 1055 433 8.
1106 376 1522 440 ΑΤΗΑΝΑΞΙΙ
1570 382 1742 441 UPP.
1798 382 1993 442 l‘AItS
2042 386 2085 442 l.

2242 384 2653 447 HISTORICA
2696 387 2799 447 ET
2844 386 3321 447 DOGMATICA.
3772 380 3848 446 ‘28

452 516 611 590 roses
643 518 657 558 :
690 502 775 559 sic
804 506 978 561 etiam
1012 507 1122 563 hoc
1152 513 1412 582 tempore
1453 513 1588 569 Ario
1621 514 1905 584 persuasit
1940 513 2088 570 utin

2204 534 2387 585 τησεν·
2446 514 2589 571 οὕτω
2645 516 2735 571 καὶ
2789 516 2884 579 τὰς
2941 516 3113 579 ἄλλας
3170 516 3400 590 αἱρέσεις
3458 513 3659 571 ἔπλασε
3708 518 3843 589 (81)*

455 589 704 647 hereses
727 592 853 664 ipse
872 593 1261 670 inveheretur,
1280 598 1516 673 illisque
1537 603 1829 659 adversari
1851 602 2095 660 simula-

450 684 679 752 ret,quo
710 681 958 739 latenter
979 702 1147 757 suam
1177 693 1375 758 posset
1394 689 1661 747 heresim
1688 692 2096 748 inducere.Ve-

450 774 782 827 rumtamen
833 789 906 828 ne
937 774 1018 829 ita
1047 774 1284 847 quidem
1334 778 1512 835 latere
1544 780 1733 852 potuit
1788 784 2093 836 veterator.

446 856 517 914 Ut
548 858 704 916 enim
739 877 906 917 suam
939 868 1141 919 contra
1170 865 1270 921 Dei
1313 866 1567 923 Verbum
1600 869 1962 942 exprompsit
1983 869 2094 925 im-

444 947 740 1019 pietatem,
765 950 1041 1007 omnibus
1065 954 1265 1010 statim
1289 956 1463 1013 rebus
1484 958 1723 1026 excidit,
1748 958 2094 1030 cunctisque

446 1037 596 1094 825
635 1044 997 1111 compertum
1031 1046 1121 1097 est
1149 1058 1283 1099 eum
1318 1045 1375 1101 in
1408 1047 1634 1103 ceteris
1665 1064 1899 1119 quoque
1928 1047 2093 1120 igna-

437 1142 570 1181 rum
603 1128 1031 1201 esse,nibilque
1061 1132 1299 1189 omnino
1331 1136 1486 1206 quod
1517 1152 1718 1192 verum
1754 1136 1834 1192 sit
1853 1137 2090 1205 sentire,

434 1216 535 1271 sed
567 1220 800 1272 tantum
834 1218 1209 1277 simulatione
1239 1223 1344 1279 uti.
1380 1225 1486 1289 Qui
1533 1226 1690 1281 enim
1718 1242 1854 1281 vera
1882 1227 1953 1282 de
1983 1226 2090 1282 Pa-

429 1308 516 1359 tre
545 1304 598 1360 is
646 1306 925 1378 proferat,
957 1311 1056 1380 qui
1116 1311 1354 1380 Filium,
1383 1330 1417 1368 a
1446 1330 1562 1386 quo
1594 1316 1786 1370 Patris
1836 1314 2090 1387 cognitio

432 1394 627 1450 omnis
661 1394 1019 1469 impertitur,
1052 1402 1231 1457 audet
1261 1419 1474 1476 negare
1497 1405 1525 1459 ?
1553 1404 1655 1460 Vel
1703 1405 1803 1478 qui
1836 1410 1989 1461 recte
2016 1406 2089 1461 de

432 1481 652 1554 Spiritu
686 1490 889 1541 sancto
920 1486 1017 1543 ille
1047 1489 1409 1562 opinabitur,
1445 1493 1546 1565 qui
1579 1495 1650 1550 de
1704 1494 1870 1565 Filio,
1905 1511 1939 1549 a
1964 1510 2085 1567 quo

434 1571 562 1643 ipse
588 1573 968 1647 datur,impie
992 1594 1106 1634 non
1133 1582 1589 1655 vereturloqui?
1620 1582 1761 1648 Quis
1778 1582 1863 1639 illi
1886 1584 2088 1640 credat

431 1662 504 1718 de
535 1663 957 1720 resurrectione
1005 1666 1336 1741 disserenti,
1369 1672 1470 1743 qui
1518 1672 1817 1729 Christum
1851 1677 2087 1745 propter

430 1766 539 1806 nos
569 1751 788 1807 factum
811 1752 1266 1827 primogenitum
1295 1774 1363 1814 ex
1386 1761 1635 1816 mortuis
1659 1762 1705 1796 ¹²
1724 1761 1944 1832 negat?
1974 1762 2082 1827 Qui

2208 604 2351 660 οὕτω
2380 606 2468 660 καὶ
2497 610 2589 659 νῦν
2640 607 2857 682 Ἀρειον
2901 604 3106 661 ἔπεισεν
3153 606 3319 661 εἰπεῖν
3364 606 3453 660 καὶ
3503 605 3846 681 σχηματίσα-

2207 705 2325 757 σθαι
2358 692 2518 764 δῆθεν
2564 695 2698 751 κατά
2750 700 2857 751 τῶν
2906 695 3184 771 αἱρέσεων,
3239 693 3332 749 ’ίνα
3389 691 3530 769 λάθῃ
3576 695 3674 763 τὴν
3707 692 3845 749 ἰδίαν

2205 779 2520 839 ἐπιϐάλλων
2572 787 2685 858 (82)
2730 783 2956 861 α’ίρεσιν.
3009 784 3111 841 Καὶ
3162 784 3314 857 ὅμως
3364 784 3463 839 οὐκ
3506 778 3691 847 ἔλαθεν
3724 781 3849 840 οὐδὲ

2204 871 2381 935 οὕτως
2413 874 2443 928 6
2495 879 2815 951 πανοῦργος·
2862 874 2907 929 εί
2955 873 3058 949 γὰρ
3106 873 3197 928 τὸν
3225 878 3322 928 τοῦ
3356 877 3490 929 Θεοῦ
3519 872 3692 947 Λόγον
3725 872 3845 928 ἀσε-

2203 956 2395 1032 ϐήσας,
2453 962 2667 1018 πάντων
2719 962 2873 1027 εὐθὺς
2921 962 3149 1033 ἐξέπεσε,
3198 962 3286 1016 καὶ
3353 959 3617 1017 δέδεικται
3664 967 3846 1032 πᾶσιν,

2201 1048 2286 1105 ὅτι
2314 1051 2404 1105 καὶ
2433 1052 2556 1125 περὶ
2580 1056 2688 1106 τῶν
2718 1048 2903 1106 ἄλλων
2935 1052 3199 1125 ἠγνόησε,
3228 1051 3318 1106 καὶ
3352 1048 3520 1124 μηδὲν
3554 1049 3700 1113 ὅλως
3732 1053 3845 1121 (83)

2203 1137 2401 1209 ἀληθὲς
2448 1145 2663 1217 φρονῶν
2718 1140 3082 1217 ὑποκρίνεται⁹
3144 1144 3266 1201 Πῶς
3319 1139 3420 1215 γὰρ
3470 1137 3528 1193 ἃν
3579 1138 3851 1213 ἀληθεύσῃ

2199 1228 2320 1304 περὶ
2377 1233 2474 1283 τοῦ
2518 1230 2725 1305 Πατρὸς
2776 1231 2805 1285 6
2851 1230 2941 1284 τὸν
2988 1230 3113 1283 nev
3160 1227 3489 1305 ἀρνούμενος
3516 1229 3608 1283 τὸν
3639 1228 3847 1283 ἀποκα-

2200 1314 2472 1373 λύπτοντα
2526 1318 2650 1394 περὶ
2697 1317 2901 1388 αὐτοῦ;
2951 1319 3020 1373 Ἥ
3070 1323 3189 1380 πῶς
3238 1317 3361 1391 περὶ
3403 1321 3501 1372 τοῦ
3533 1316 3846 1390 Πνεύματος

2198 1405 2332 1481 ὁρθά
2360 1409 2638 1483 φρονήσει,
2672 1404 2970 1485 δυσφημῶν
3003 1406 3079 1469 είς
3130 1407 3222 1462 τὸν
3274 1408 3389 1480 (84)
3444 1410 3604 1462 τοῦτο
3664 1425 3843 1481 χορη-

2195 1499 2389 1570 γοῦντα
2437 1494 2640 1571 λόγον;
2690 1496 2782 1558 Τίς
2830 1494 2887 1550 δὲ
2934 1495 3208 1551 πιστεύσει
3261 1494 3477 1570 λέγοντι
3507 1493 3685 1566 τούτῳ
3715 1492 3841 1569 περὶ

2194 1582 2554 1656 ἀναστάσεως,
2586 1585 2903 1660 ἀρνουμένῳ
2929 1584 3021 1639 τὸν
3054 1583 3115 1639 ἐκ
3142 1588 3343 1661 νεκρῶν
3378 1581 3449 1638 δι’
3499 1585 3646 1656 ἡμᾶς
3691 1603 3839 1657 πρω·

2191 1671 2414 1728 τότοκον
2465 1672 2752 1749 γενόμενον
2805 1672 3035 1749 Χριστόν
3298 1677 3419 1735 Πῶς
3452 1669 3510 1727 δὲ
3540 1670 3658 1739 οὐκ,
3692 1671 3837 1725 ἄντι-

2191 1781 2320 1828 κρυς
2355 1761 2623 1836 ἀγνοήσας
2667 1762 2770 1831 τήν
2819 1761 2879 1818 ἐκ
2930 1763 3144 1836 Πατρὸς
3192 1766 3290 1817 τοῦ
3338 1762 3469 1816 Υίοῦ
3497 1759 3717 1836 γνησίαν
3749 1764 3839 1814 καὶ

426 1854 562 1894 vero
584 1839 707 1895 ﬁeri
733 1844 921 1913 potest
944 1847 1006 1899 ut
1026 1843 1099 1913 is,
1130 1846 1231 1917 qui
1252 1863 1596 1919 germanam
1637 1866 1704 1905 ac
1734 1865 1929 1906 veram
1953 1849 2082 1906 Filii

431 1941 495 1952 Α..
530 1927 692 1952 Π-ι..-
748 1932 1070 1952 ._-_-__n!_m
1096 1950 1107 1952 Α
1126 1950 1148 1952 α
1275 1936 1288 1952 I
1437 1937 1449 1949 ι
1649 1943 1688 1952 .-
1758 1938 1770 1950 ι
1962 1939 1976 1952 ο

2204 1848 2456 1920 ἰληθινὴν
2478 1851 2743 1926 γέννησιν,
2776 1849 3183 1921 πλανηθήσεται
3212 1848 3302 1904 καὶ
3332 1849 3456 1925 περὶ
3499 1856 3600 1917 τῆς
3653 1846 3838 1925 ἐνσάρο

429 1941 498 1983 ex
530 1927 695 1986 Patre
743 1932 1178 2002 generationem
1234 1936 1405 2007 plane
1434 1937 1688 2010 ignorat:
1720 1938 1877 1994 circa
1926 1939 2081 2011 ejus-

435 2017 567 2072 dem
601 2032 944 2091 corporeum
977 2023 1292 2080 adventum
1326 2043 1440 2082 non
1473 2028 1672 2084 erret?
1726 2029 1812 2083 lta
1841 2027 1999 2084 enim
2030 2031 2089 2084 et

435 2104 572 2162 olim
605 2107 812 2176 Judei,
845 2114 1160 2182 postquam
1214 2114 1461 2171 Verbum
1499 2121 1879 2189 negaverunt,
1912 2120 1971 2173 et
1996 2117 2086 2172 di-

428 2203 663 2262 xerunt,
692 2197 808 2253 Non
840 2198 1101 2255 habemus
1149 2202 1329 2274 regem
1355 2205 1471 2260 nisi
1517 2206 1785 2261 Caesarem
1812 2206 1878 2273 ¹³,
1910 2206 2088 2263 rebus

432 2282 710 2341 omnibus
757 2285 1035 2344 continuo
1066 2289 1300 2362 spoliati
1351 2297 1512 2364 sunt,
1544 2308 1610 2349 ac
1655 2292 1785 2351 luce
1814 2293 2084 2367 lucerne,

434 2374 719 2445 unguenti
751 2375 949 2442 odore,
981 2378 1298 2451 prophetie
1328 2382 1679 2455 cognitione,
1712 2384 1957 2455 ipsaque
1986 2400 2087 2440 ve-

432 2462 604 2518 ritate
635 2462 777 2518 nudi
810 2469 952 2521 sunt
982 2467 1269 2537 destituti,
1296 2471 1397 2541 qui
1423 2476 1479 2527 et
1504 2472 1677 2528 modo
1700 2471 1846 2527 nihil
1867 2472 2084 2528 intelli-

428 2554 631 2623 gentes
660 2555 945 2626 tanquam
996 2555 1056 2612 in
1089 2558 1346 2615 tenebris
1399 2560 1727 2617 ambulant.
1776 2560 2086 2618 Enimvero

431 2640 567 2711 quis
617 2640 755 2699 talia
785 2643 1013 2701 audivit
1064 2662 1326 2720 unquam
1356 2649 1385 2704 ‘t
1428 2654 1547 2704 Aut
1591 2650 1748 2706 unde
1788 2650 1942 2707 vela
1970 2666 2087 2723 quo

434 2728 683 2800 hujusce
704 2731 944 2789 heresis
964 2734 1297 2792 adulatores
1322 2739 1669 2804 muneribus
1691 2740 1951 2811 corrupti
1974 2739 2090 2796 ista

434 2818 746 2875 didicere?
803 2823 944 2887 Quis
992 2823 1146 2891 illos,
1197 2842 1326 2882 cum
1386 2827 1730 2884 Christiane
1788 2828 2089 2900 religionis

431 2907 741 2965 elementis
772 2909 1597 2988 informabantur,quidquam
1621 2916 1813 2973 simile
1844 2918 2043 2974 docuit
2070 2920 2092 2974 Ρ

344 3011 355 3021 '
434 2997 576 3061 Quis
625 2996 744 3053 illis
792 2999 957 3072 dixit,
990 3019 1185 3059 rerum
1238 3009 1567 3061 creatarum
1619 3005 1779 3063 cultu
1820 3006 2089 3078 dimisso,

434 3084 647 3142 iterum
681 3089 939 3145 accedite
970 3094 1034 3145 ut
1063 3109 1185 3150 rem
1216 3100 1469 3151 creatam
1503 3098 1562 3150 et
1590 3095 1805 3152 factam
1837 3093 2042 3151 colatis
2062 3095 2092 3151 ?

435 3175 597 3241 Quod
632 3175 679 3232 si
713 3175 825 3249 ipsi
857 3195 1015 3235 nunc
1043 3181 1301 3252 primum
1335 3182 1456 3239 hec
1487 3198 1550 3239 se
1587 3184 1790 3241 audire
1812 3184 2089 3251 fatentur,

2193 1959 2292 1993 κου
2321 1938 2620 2013 παρουσίας
2677 1939 2882 2008 αὐτοῦς
2936 1938 3096 1997 Οὕτω
3144 1939 3244 2015 γὰρ
3290 1939 3380 1995 καὶ
3434 1940 3485 1993 οἱ
3533 1937 3655 1993 τότε
3708 1938 3843 1994 Ἰου-

2196 2024 2365 2097 δαῖοι,
2410 2028 2775 2101 ἀρνησάμενοι
2841 2029 2932 2083 τὸν
2992 2028 3189 2103 Λόγον,
3246 2027 3335 2083 καὶ
3395 2026 3666 2103 λέγοντες,
3726 2025 3840 2084 Οὐκ

2194 2111 2395 2190 ἔχομεν
2472 2113 2698 2191 βασιλέα
2768 2114 2815 2171 εί
2895 2115 2972 2187 μή
3032 2113 3296 2190 Καίσαρα,
3349 2114 3564 2169 πάντων
3625 2112 3835 2189 ἀθρόως

2195 2203 2559 2281 ἀφῃρέθησαν,
2633 2204 2724 2258 καὶ
2781 2202 3067 2279 γεγόνασιν
3123 2199 3324 2277 ἔρημοι
3378 2202 3557 2281 φωτὸς
3606 2200 3836 2277 λυχνου,

2195 2293 2371 2365 ὀσμῆς
2424 2292 2620 2369 μύρου,
2679 2290 3013 2370 προφητείας
3068 2291 3340 2367 γνώσεως,
3387 2290 3478 2347 καὶ
3517 2288 3683 2361 αὐτῆς
3742 2298 3841 2360 τῆς

2195 2379 2476 2450 ἀληθείας,
2507 2381 2597 2436 καὶ
2626 2386 2717 2437 νῦν
2752 2378 2906 2436 οὐδὲν
2936 2382 3224 2453 συνιέντες,
3257 2380 3333 2443 ὠς
3362 2379 3415 2435 ἒν
3462 2376 3641 2454 σκότῳ
3689 2399 3843 2455 περι-

2194 2468 2486 2531 πατοῦντες
2534 2470 2655 2527 είσι.
2690 2465 2804 2533 ’Τίς
2850 2470 2954 2546 γὰρ
2999 2468 3202 2540 ἤκουσε
3230 2472 3453 2525 πώποτε
3479 2473 3702 2524 τοιαῦτα
3729 2487 3742 2538 ;
3774 2470 3844 2523 ’Ή

2195 2557 2357 2613 πόθεν
2384 2559 2419 2627 ἢ
2453 2558 2598 2633 παρὰ
2623 2559 2770 2621 τίνος
2801 2560 2853 2614 οἱ
2883 2557 3113 2621 κόλακες
3144 2557 3234 2614 καὶ
3276 2556 3577 2634 δωροδόκοι
3626 2564 3726 2627 τῆς
3759 2554 3841 2611 αἶς

2197 2648 2395 2723 ρὲσεως
2440 2645 2677 2717 ἤκουσαν
2726 2652 2988 2717 τοιαῦτα;
3038 2648 3151 2716 Τίς,
3203 2647 3294 2703 ὅτε
3331 2651 3702 2723 κατηχοῦντο,
3732 2664 3843 2701 τοι·

2195 2741 2331 2791 αῦτα
2362 2735 2665 2807 λελάληκεν
2693 2736 2916 2807 αὐτοῖς
2948 2736 3039 2799 Τίς
3087 2736 3272 2799 αὐτοῖς
3303 2734 3539 2813 εἴρηκεν,
3583 2734 3689 2804 ὅτι,
3739 2736 3839 2804 τὴν

2198 2826 2274 2888 εἷς
2331 2827 2430 2895 τὴν
2500 2826 2672 2880 κτίσιν
2931 2823 3181 2903 λατρείαν
3258 2824 3501 2905 ἀφὲιίτες,
3584 2825 3839 2897 κτίσματι

2196 2915 2286 2971 καὶ
2333 2917 2605 2989 ποιήματι
2662 2914 2827 2970 πάλιν
2885 2913 3253 2992 προσέρχεσθε
3309 2912 3630 2991 λατρεύειν;
3688 2912 3751 2970 Ei
3784 2910 3842 2967 δὲ

2197 3005 2287 3061 καὶ
2318 3003 2470 3059 αὐτοὶ
2499 3009 2715 3079 πρῶτον
2764 3002 2854 3058 νῦν
2898 3001 3267 3079 ὁμολογοῦσιν
3317 3002 3607 3074 ἀκηκοέναι
3632 3003 3699 3057 τὰ
3716 3023 3838 3057 τοι·

2200 3098 2333 3150 αῦτα
2362 3096 2500 3168 (87),
2535 3095 2609 3168 μή
2642 3092 2997 3170 ἀρνείσθωσαν
3030 3092 3328 3169 ἀλλοτρίαν
3360 3094 3450 3148 καὶ
3504 3093 3580 3165 μὴ
3631 3092 3692 3146 ὲκ
3738 3112 3838 3146 παι

2198 3182 2367 3260 τιρων
2420 3183 2553 3238 εἶναι
2609 3184 2709 3252 τήν
2767 3180 2968 3259 α’ίρεσιν
3011 3182 3234 3252 ταύτην.
3267 3182 3338 3237 Τὸ
3364 3179 3422 3237 δὲ
3454 3181 3530 3254 μή
3561 3180 3621 3236 lx
3675 3180 3841 3236 πατὲ-

435 3280 554 3320 non
587 3281 723 3337 ergo
754 3266 1090 3325 inficientur
1120 3270 1370 3328 alienam
1403 3288 1531 3329 esse
1560 3273 1779 3330 hancce
1818 3272 2087 3329 heresim

2204 3256 2333 3348 ρων,
2392 3271 2536 3327 ἀλλά
2580 3275 2672 3326 νῦν
2724 3256 3031 3348 ἐφευρεθὶν,
3086 3270 3138 3325 τί
3187 3271 3247 3325 ἂν
3307 3270 3390 3340 ε’ἰη
3453 3267 3771 3345 ἕτερον
3805 3270 3839 3338 ἢ

439 3368 628 3425 neque
658 3370 692 3409 a
720 3354 991 3414 Patribus
1020 3359 1495 3428 traditam.Quod
1528 3366 1725 3418 autem
1758 3379 1789 3418 a
1820 3363 2088 3419 Patribus

2204 3360 2321 3437 περὶ
2354 3358 2416 3416 οῦ
2471 3359 2794 3436 προείρηκεν
2844 3360 2872 3413 6
2930 3358 3192 3437 μακάριος
3246 3361 3485 3421 Παῦλος.
3551 3360 3637 3415 Ἐν
3701 3357 3844 3413 ὀστέ-

438 3442 726 3499 traditum
758 3461 875 3500 non
906 3451 1013 3516 est,
1048 3449 1150 3505 sed
1196 3450 1513 3507 novissime
1541 3456 1633 3507 est
1679 3452 2088 3525 excogitatum,

2204 3468 2316 3523 ροις
2372 3451 2585 3523 καιροῖς
2643 3445 3040 3517 ἀποστήσονταί
3114 3467 3249 3508 τινες
3320 3449 3417 3516 τῆς
3503 3445 3845 3521 ὑγιαινούσης

440 3532 636 3602 cujus,
669 3549 886 3605 queso,
919 3537 1150 3608 generis
1198 3555 1329 3596 esse
1376 3541 1734 3597 censendum
1767 3544 1876 3607 est,
1915 3557 2088 3610 quam

2204 3536 2431 3599 πίστεως
2462 3538 2598 3609 (89),
2642 3535 3006 3611 προσέχοντες
3055 3535 3323 3608 πνεύμασι
3369 3532 3582 3604 πλάνης
3623 3534 3713 3589 καὶ
3764 3531 3845 3587 δι-

442 3620 579 3692 ejus.
621 3622 691 3677 de
742 3639 859 3695 quo
902 3624 1049 3681 dixit
1094 3627 1298 3684 beatus
1368 3627 1585 3685 Paulus
1637 3646 1651 3685 :
1702 3631 1766 3685 In
1806 3630 2088 3701 postremis

2204 3623 2520 3687 δασκαλίαις
2554 3623 2867 3698 δαιμονίων,
2908 3623 2959 3679 ἐν
3012 3624 3289 3700 ὑποκρίσει
3335 3621 3712 3698 ψευδολόγων,
3755 3643 3843 3676 κε-

437 3710 779 3782 temporibus
804 3712 1079 3770 discedent
1107 3716 1334 3789 quidam
1361 3734 1397 3774 α
1422 3734 1561 3774 sana
1587 3717 1716 3788 ﬁde,
1746 3718 2088 3774 attendentes

2204 3710 2678 3789 καυτηριασμὲνων
2710 3713 2808 3781 τὴν
2838 3709 2975 3767 ἰδίαν
3007 3709 3336 3785 συνείδησιν,
3367 3712 3457 3767 καὶ
3505 3711 3841 3788 ἀποστρεφο-

434 3798 731 3866 spiritibus
760 3805 972 3858 erroris
992 3811 1044 3861 et
1069 3804 1331 3862 doctrinis
1376 3807 1805 3873 daemoniorum,
1840 3808 1900 3862 in
1928 3810 2088 3878 hypo-

2208 3804 2381 3877 μὲνων
2410 3803 2508 3871 τὴν
2540 3800 2821 3872 ἀλήθειαν.

436 3888 579 3944 crisi
606 3888 945 3961 loquentium
971 3895 1348 3966 mendacium,
1378 3900 1432 3953 et
1458 3897 1831 3953 cauteriatam
1860 3894 2177 3951 habentium
2204 3909 2366 3949 suam
2393 3894 2785 3949 conscientiam
2817 3891 2881 3960 η,
2913 3900 2963 3948 et
2990 3895 3356 3948 avertentium
3384 3907 3442 3947 se
3470 3908 3505 3946 a
3532 3892 3761 3948 veritate
3779 3891 3844 3945 ¹⁶.

513 3976 567 4032 9.
600 3978 743 4035 Ecce
774 3981 928 4037 enirn
962 3999 1068 4039 nos
1116 3985 1355 4056 quidem
1406 4002 1476 4041 ex
1516 3984 1731 4042 divinis
1777 3984 2097 4057 Scripturis

443 4063 628 4123 libere
648 4071 705 4123 et
725 4069 1084 4127 confidenter
1103 4072 1174 4128 de
1195 4072 1292 4143 pia
1329 4078 1605 4146 rectaque
1626 4074 1741 4130 ﬁde
1772 4073 2094 4146 loquimur,

446 4169 626 4225 quam
648 4160 707 4212 et
722 4161 1006 4231 tanquam
1028 4159 1324 4217 lucernam
1348 4178 1527 4234 super
1545 4162 1962 4219 candelabrum
1987 4160 2098 4218 col-

442 4241 731 4317 locamus,
756 4245 1048 4306 dicentes:
1077 4249 1257 4307 Filius
1278 4267 1448 4307 verus
1471 4254 1680 4307 natura
1702 4255 1762 4307 et
1798 4251 2098 4324 genuinus

443 4336 535 4387 est
566 4332 771 4407 Patris,
805 4337 1050 4409 ejusque
1075 4339 1423 4396 substantie
1470 4339 1769 4412 proprius,
1798 4339 2100 4413 Sapientia

444 4420 764 4494 unigenita,
799 4425 1049 4482 Verbum
1082 4443 1284 4483 verum
1316 4445 1383 4485 ac
1427 4428 1666 4486 unicum
1701 4429 1800 4485 Dei
1830 4430 1958 4502 ipse
1985 4433 2096 4498 est,

2276 3978 2415 4035 Ἰδοὺ
2456 3980 2557 4056 γὰρ
2614 3982 2779 4052 ἡμεῖς
2833 3980 2928 4053 μὶν
2975 3978 3035 4035 ἐκ
3073 3984 3180 4034 τῶν
3230 3978 3384 4034 θείων
3434 3983 3658 4056 Γραφῶν
3709 3977 3845 4054 παῤ·

2206 4069 2575 4146 ῥησιαζόμεθα
2602 4069 2848 4142 περὶτῆς
2889 4063 3139 4130 εὐσεϐοῦς
3186 4068 3440 4137 πίστεως,
3488 4068 3579 4122 καὶ
3619 4067 3692 4129 ὠς
3749 4064 3848 4123 λύ-

2205 4178 2337 4235 χνον
2385 4158 2473 4213 ἐπὶ
2518 4164 2619 4228 τῆς
2670 4157 2898 4233 λυχνίας
2943 4156 3192 4230 τιθέαμεν
3252 4159 3366 4231 (90)
3417 4154 3689 4232 λέγοντες*
3723 4156 3847 4218 Υἱὸς

2204 4246 2465 4318 ἀληθινὸς
2520 4245 2674 4326 φύσει
2727 4245 2816 4301 καὶ
2864 4247 3082 4321 γνήσιός
3143 4244 3254 4302 ἐστι
3305 4248 3402 4302 τοῦ
3454 4242 3851 4322 Ιιατρὸς,ἵδιος

2203 4343 2302 4407 τῆς
2334 4335 2517 4399 οὐσίας
2551 4335 2731 4399 ούσίας
2759 4334 2944 4405 αὐτοῦ,
2980 4334 3152 4414 Σοφία
3186 4335 3489 4410 μονογενὴς
3535 4333 3627 4389 καὶ
3674 4333 3849 4409 Λόγος

2205 4424 2463 4496 ἀληθινὸς
2493 4425 2583 4479 καὶ
2615 4424 2781 4498 μόνος
2809 4428 2907 4479 τοῦ
2928 4428 3061 4480 Θεοῦ
3086 4423 3243 4486 οὗτός
3272 4423 3436 4479 ἐστιν·
3472 4422 3572 4479 οὐκ
3598 4420 3712 4480 ἔστι
3739 4422 3851 4478 κτί-

445 4524 565 4565 non
598 4526 690 4567 res
719 4518 913 4569 creata
941 4515 1026 4572 vel
1080 4516 1253 4583 facta,
1288 4517 1388 4573 sed
1436 4518 1710 4591 proprius
1756 4517 2088 4575 substantia

2208 4534 2319 4589 σμα
2347 4512 2471 4570 οὔτε
2497 4514 2734 4588 ποίημα,
2784 4511 2913 4569 ἀλλ’
2956 4511 3099 4569 ’ίδιον
3147 4519 3250 4584 τῆς
3298 4517 3394 4569 τοῦ
3425 4514 3635 4588 Πατρὸς
3668 4511 3850 4573 οὐσίας

445 4599 634 4657 Patris
664 4601 838 4659 fetus.
869 4604 1149 4668 Quocirca
1171 4606 1325 4663 Deus
1356 4610 1446 4663 est
1471 4622 1666 4674 verus,
1696 4622 1949 4680 veroque
1977 4609 2091 4664 Pa-

2198 4605 2463 4681 γὲννημα.
2497 4604 2590 4659 Διὸ
2637 4602 2768 4666 Θεός
2815 4602 2957 4658 ἐστιν
3006 4602 3292 4674 ἀληθινὸς,
3341 4600 3609 4674 ἀληθινοῦ
3638 4601 3848 4678 Πατρὸς

526 4719 572 4756 ²²
602 4718 824 4777 Coloss.
859 4739 897 4793 ι,
931 4722 1017 4779 48.
1099 4724 1144 4760 ¹³
1164 4724 1333 4780 Joan.
1365 4741 1482 4796 xix,
1516 4726 1602 4781 15.
1676 4726 1721 4761 ¹⁴
1747 4726 1769 4782 Ι
1798 4726 1947 4783 Tim.
1983 4744 2061 4796 1v,

2225 4725 2269 4762 ιι
2299 4724 2414 4781 Tit.
2447 4741 2488 4795 ι,
2520 4725 2572 4779 4.

518 4843 905 4918 (81_)_Seguer.
937 4847 1166 4905 Gobler.
1202 4852 1258 4904 et
1289 4848 1537 4918 Felckm.
1577 4849 1625 4917 1,
1678 4847 1821 4904 οὕτω
1868 4851 1965 4912 τάς
1996 4846 2096 4904 ἅλ-

450 4911 570 4997 λᾳὲς.
604 4911 1022 4997 ΜοτῬοΙοιιω.
1052 4923 1176 4997 2Δοι
1202 4911 1667 4997 editi_€1t_)\ats_s,ut
1696 4926 1753 4977 et
1783 4921 1925 4997 legit
1940 4911 2095 4978 Nan-

449 4987 742 5062 niu_s,_qui
772 4992 943 5062 vertit
968 4990 1255 5062 conﬁnxir
1286 4991 1398 5047 Alii
1429 4987 1745 5062 ἐπλάνησεν.

517 5058 752 5134 (ξὲὶεὶο
810 5061 949 5134 Reg.
1009 5061 1239 5119 Gobler.
1300 5068 1359 5119 et
1401 5058 1655 5120 Felckm.
1704 5066 1755 5120 1.
1815 5063 1929 5120 Alii
1958 5079 2096 5121 vero

446 5123 750 5185 ἐπὶὄαλών.

518 5202 631 5275 (83)
690 5203 1029 5279 §eguerian.
1091 5203 1398 5279 Basilicus.
1440 5202 2091 5279 Ῠβζ-Αηείἱοεηημηδὲν

447 5269 840 5347 magna?»
866 5275 1029 5341 editi,
1067 5272 1207 5346 μηδὶ
1238 5272 1402 5337 ὅλως.
1439 5276 1582 5347 lbid.
1618 5269 1768 5333 Fé’lc.
1803 5280 1859 5345 5,
1890 5269 2094 5347 ἀληθὲς

447 5345 1347 5477 Μὲκςδρβυὲἱίαόιο¹1ἒῶς
1375 5346 1474 5424 γὰρ
1523 5346 1583 5403 ἃν
1634 5347 1928 5423 ἀληθεύσῃ.
1984 5345 2096 5408 Alii

684 5461 698 5477 ι
775 5438 818 5471 ω
874 5438 978 5477 γαρ
1083 5440 1114 5477 η
1157 5438 1250 5473 ευσ
1282 5438 1319 5473 ι.

684 5461 698 5483 ,
729 5441 847 5477 πως
874 5441 978 5483 γαρ
1008 5441 1319 5483 αΛησευσει.

535 5438 698 5483 θηιιι,
729 5438 847 5477 πως
1008 5438 1319 5488 αΛηῠευσει.

520 5488 761 5563 (84)(8ἰο
784 5491 1018 5563 ξθευοιι.
1052 5496 1111 5563 et
1141 5492 1278 5563 Reg.
1313 5492 1383 5545 At
1413 5489 1645 5563 Gobler.
1687 5494 1746 5563 et
1779 5491 1929 5546 Felc.
1963 5492 2016 5562 1,
2048 5489 2095 5545 εἲ

445 5556 537 5613 τὸν
567 5556 749 5616 τοῦτο.
784 5556 932 5619 ΡϐῘο.
964 5566 1019 5631 5,
1052 5560 1128 5624 είς
1157 5556 1337 5616 τοῦτο.
1372 5562 1522 5617 Editi
1552 5560 1628 5623 εἷς
1657 5562 1746 5616 τὸν
1772 5565 1986 5617 τοῦτον.

662 5632 1265 5733 goh)e_ﬁan.et!h‘ele.
1299 5633 1351 5703 l,
1386 5630 1605 5707 Κύριον.

519 5702 628 5775 (86)
660 5704 984 5777 Anglican.,
1016 5703 1258 5777 κτίστην.

2296 4848 2388 4920 87)
2420 4847 3133 4921 Seguerianqjg‘zjoiaB-ga
3166 4846 3401 4904 omittit.

2299 4914 2388 4988 88)
2420 4914 2854 4988 SeiusrianfTi
2883 4914 2931 4971 δ’
2962 4917 3020 4972 ἃν
3053 4916 3160 4988 ε’ίη.

2299 4936 2388 4988 ὄδ)
2420 4936 2486 4975 δε
2530 4936 2751 4974 uertan.
2785 4936 2853 4974 ϊι
2883 4936 2911 4971 ο
2962 4936 3020 4972 αν
3053 4938 3160 4988 ειη.

2299 4992 2390 5063 89)
2417 4936 2573 5065 Fuﬁi.
2598 4992 2634 5045 2
2662 4994 2720 5047 et
2749 4991 2916 5058 editi,
2946 4996 3050 5065 τῆς
3082 4986 3219 5050 ίδίας
3246 4987 3486 5065 πίστεως
3522 4994 3624 5056 τῆς
3675 4989 3849 5065 ὑγιαι-

2204 5058 2427 5131 νούσης.
2466 5063 2579 5119 Alii
2620 5078 2856 5135 omnes‘
2880 5067 2978 5135 τῆς
3004 5058 3375 5135 ἠὺγιαινούσης
3424 5058 3675 5135 πίστεως.
3719 5058 3853 5119 ’Μοχ

2206 5129 2469 5206 segnem,
2502 5131 2771 5206 πνεύμασι
2799 5129 3052 5206 πλάνοις,
3070 5129 3440 5206 fidemqueet
3482 5133 3707 5206 Anglic.
3740 5137 3853 5192 GO-

2206 5200 2344 5277 ble-r.
2385 5200 2536 5261 Felc.
2576 5200 2986 5277 4,’δαιμονίων,
3019 5204 3131 5277 Alii
3162 5209 3221 5261 et
3249 5200 3852 5277 ἐάἰῑὶβαιμόνωνρυω

2204 5276 2422 5349 ibidem
2457 5276 2769 5349 sequntur,
2800 5276 3123 5349 exstantia
3156 5293 3299 5349 mss.
3334 5276 3577 5349 Seguer:
3624 5282 3682 5333 et
3710 5286 3850 5349 _An-

2247 5348 2365 5413 lic.,
2398 5348 2457 5403 in
2484 5345 2617 5422 aliis
2643 5364 2778 5422 vero
2808 5354 2883 5422 e_t_
2911 5348 3085 5422 editis
3133 5348 3218 5404 sic
3268 5345 3495 5421 legitur,
3556 5345 3850 5422 δαιμόνων,

2247 5365 2365 5413 ΙΙΟ.,
2398 5365 2457 5403 In
2484 5365 2617 5403 ams
2643 5365 2778 5405 vero
2808 5365 2867 5404 θῐ
2911 5365 3085 5404 θαιιιε

2204 5365 2673 5495 ἐπα-στρεφόμενοι
2701 5418 2800 5495 τὴν
2833 5416 3112 5495 ἀλήθειαν.

2274 5492 2389 5561 (90)
2418 5492 2679 5616 segnem,
2710 5492 2796 5544 ἐπὶ
2827 5492 2926 5557 τήν
2976 5492 3187 5567 λύχνην
3218 5492 3457 5562 τίθεμεν.
3494 5492 3653 5548 Idem
3705 5492 3847 5548 ibid.

2205 5566 2264 5617 et
2282 5562 2484 5643 _Gobl..u
2534 5561 2641 5643 elo.
2676 5564 2701 5618 1
2736 5565 2793 5620 et
2820 5561 3072 5634 Anglic.,
3100 5559 3191 5616 καί
3218 5562 3458 5636 γνήσιος⁶
3494 5564 3644 5620 Editi
3675 5568 3733 5621 et
3753 5564 3850 5620 alii

2203 5631 2292 5688 καί
2322 5633 2619 5691 omittunt.

2536 5507 2695 5567 u_er.,_
2710 5489 2796 5567 ἐπὶ
2827 5490 2926 5557 τήν
2952 5488 3191 5567 ⁸λύχνην
3218 5488 3457 5567 τίθεμεν.
3494 5491 3653 5567 [ἀρφ
3705 5492 3847 5567 ibi_d_.
