4090 6342
450 349 527 408 27
1001 353 1059 412 ἐξ.
1110 354 1527 419 ATHANASII
1575 361 1747 420 OPP.
1801 360 1996 421 PAltS
2046 364 2089 420 Ι.
2129 393 2198 406 --
2245 362 2656 425 HISTORICA
2700 364 2802 425 ET
2849 363 3324 424 DOGMATICA.
3776 355 3852 421 ‘28

456 496 615 536 roses
647 498 661 538 :
694 481 779 538 sic
808 485 982 541 etiam
1017 485 1126 543 hoc
1156 492 1417 561 tempore
1457 492 1593 548 Ario
1626 493 1909 563 persuasit
1944 491 2095 548 utin

2210 512 2391 563 τησεν·
2450 492 2592 549 οὕτω
2649 494 2737 549 καὶ
2793 493 2887 556 τὰς
2944 493 3116 556 ἄλλας
3173 493 3404 567 αἱρέσεις
3462 490 3663 548 ἔπλασε
3712 493 3847 565 (81)’

459 569 708 626 haereses
731 571 857 643 ipse
876 572 1266 649 inveheretur,
1285 577 1520 652 illisque
1541 581 1833 638 adversari
1856 581 2099 638 simula-

455 663 683 731 ret,quo
714 661 963 719 latenter
984 681 1152 736 suam
1181 672 1380 737 posset
1398 667 1665 725 haeresim
1692 670 2100 726 inducere.Ve-

455 753 786 806 rumtamen
838 768 910 807 ne
942 753 1023 808 ita
1052 753 1288 826 quidem
1339 756 1517 814 latere
1548 759 1737 830 potuit
1792 763 2097 814 veterator.

451 836 522 893 Ut
553 838 708 895 enim
744 857 911 897 suam
945 847 1146 898 contra
1174 844 1275 900 Dei
1318 846 1573 902 Verbum
1605 847 1967 920 exprompsit
1988 847 2099 903 im-

449 927 746 998 pietatem,
771 930 1046 986 omnibus
1070 933 1271 988 statim
1295 934 1467 991 rebus
1490 936 1727 1004 excidit,
1753 936 2099 1008 cunctisque

451 1017 601 1073 825
640 1024 1003 1091 compertum
1037 1025 1126 1076 est
1154 1037 1288 1077 eum
1323 1024 1380 1079 in
1413 1026 1639 1081 caeteris
1670 1042 1904 1097 quoque
1933 1025 2098 1097 igna-

442 1121 575 1161 rum
609 1107 1036 1180 esse,nibilque
1066 1110 1305 1168 omnino
1337 1114 1492 1185 quod
1522 1130 1724 1170 verum
1759 1114 1839 1170 sit
1858 1114 2095 1183 sentire,

439 1195 541 1250 sed
572 1199 805 1252 tantum
840 1197 1215 1255 simulatione
1244 1202 1349 1258 uti.
1385 1203 1491 1267 Qui
1539 1204 1695 1258 enim
1723 1220 1859 1259 vera
1887 1204 1958 1260 de
1988 1204 2095 1259 Pa.

434 1288 521 1338 tre
550 1284 603 1340 is
651 1285 931 1357 proferat,
963 1290 1061 1359 qui
1121 1289 1360 1358 Filium,
1389 1309 1422 1347 a
1452 1309 1567 1365 quo
1600 1293 1791 1348 Patris
1841 1291 2095 1365 cognitio

437 1373 632 1429 omnis
666 1374 1025 1448 impertitur,
1057 1381 1236 1435 audet
1266 1398 1480 1454 negare
1502 1383 1531 1437 ?
1559 1382 1660 1438 Vel
1708 1383 1809 1456 qui
1840 1388 1993 1439 recte
2021 1383 2094 1439 de

436 1460 657 1533 Spiritu
692 1469 894 1521 sancto
925 1465 1022 1522 ille
1053 1468 1414 1541 Opinabitur,
1450 1471 1551 1543 qui
1585 1473 1656 1528 de
1708 1471 1876 1542 Filio,
1910 1489 1944 1527 a
1970 1488 2090 1545 quo

440 1550 568 1623 ipse
593 1553 973 1626 datur,impie
998 1573 1112 1612 non
1139 1564 1375 1615 veretur
1392 1560 1595 1634 loqui?
1626 1561 1766 1626 Quis
1783 1561 1869 1617 illi
1892 1562 2093 1617 credat

436 1641 509 1697 de
541 1642 963 1699 resurrectione
1011 1645 1342 1720 disserenti,
1374 1650 1476 1721 qui
1524 1650 1823 1707 Christum
1856 1655 2092 1722 propter

435 1746 545 1786 nos
574 1730 794 1787 factum
817 1732 1272 1806 primogenitum
1301 1753 1369 1792 ex
1391 1739 1641 1794 mortuis
1665 1740 1711 1774 ¹²
1729 1739 1950 1811 negat?
1979 1740 2087 1805 Qui

431 1834 567 1873 vero
589 1819 712 1874 ﬁeri
738 1823 926 1892 potest
950 1826 1012 1877 ut
1032 1822 1105 1891 is,
1136 1825 1237 1896 qui
1258 1842 1602 1898 germanam
1643 1844 1710 1883 ac
1740 1844 1935 1883 veram
1959 1827 2087 1884 Filii

435 1921 504 1963 ex
535 1907 701 1965 Patre
749 1911 1184 1981 generationem
1240 1914 1411 1986 plane
1440 1915 1694 1989 ignorat:
1727 1916 1883 1972 circa
1932 1917 2087 1988 ejus-

440 1996 573 2052 dem
607 2012 950 2070 corporeum
984 2002 1297 2058 adventum
1332 2022 1446 2061 non
1479 2006 1679 2062 erret?
1732 2007 1819 2061 lta
1847 2005 2004 2061 enim
2036 2009 2095 2061 et

441 2084 579 2141 olim
611 2086 817 2155 Judmi,
850 2093 1166 2161 postquam
1220 2092 1468 2149 Verbum
1505 2099 1886 2167 negaverunt,
1918 2097 1976 2150 et
2002 2094 2092 2150 di-

435 2182 670 2241 xerunt,
699 2176 814 2231 Non
847 2177 1107 2234 habemus
1155 2180 1335 2253 regem
1361 2184 1478 2238 nisi
1523 2183 1791 2239 Caesarem
1818 2184 1885 2251 ¹³,
1915 2184 2094 2240 rebus

438 2261 716 2320 omnibus
763 2264 1042 2323 continuo
1073 2267 1307 2340 spoliati
1357 2275 1517 2342 sunt,
1551 2286 1616 2327 ac
1660 2271 1791 2328 luce
1821 2271 2090 2345 lucerna,

440 2353 725 2424 unguenti
757 2354 955 2422 odore,
987 2357 1304 2429 prophetia:
1334 2360 1686 2433 cognitione,
1718 2361 1964 2433 ipsaque
1992 2377 2092 2418 ve-

438 2441 611 2497 ritate
640 2442 783 2498 nudi
816 2449 958 2499 sunt
989 2445 1276 2515 destituti,
1302 2449 1404 2520 qui
1430 2455 1486 2505 et
1510 2450 1683 2506 modo
1706 2449 1853 2505 nihil
1873 2449 2090 2506 intelli-

434 2534 638 2602 gentes
666 2535 953 2605 tanquam
1003 2534 1063 2591 in
1095 2537 1353 2593 tenebris
1406 2538 1733 2595 ambulant.
1782 2539 2092 2596 Enimvero

438 2619 574 2690 quis
623 2619 762 2678 talia
792 2622 1019 2679 audivit
1071 2641 1333 2699 unquam
1363 2627 1391 2682 ‘?
1434 2632 1553 2682 Aut
1597 2628 1755 2683 unde
1794 2628 1948 2685 vela
1977 2644 2093 2700 quo

441 2707 690 2779 hujusce
710 2710 951 2768 haeresis
971 2713 1304 2771 adulatores
1329 2717 1676 2781 muneribus
1698 2716 1957 2789 corrupti
1980 2717 2096 2773 ista

441 2797 753 2854 didicere?
810 2802 950 2866 Quis
999 2802 1152 2870 illos,
1204 2821 1333 2861 cum
1393 2805 1737 2862 Christianae
1796 2805 2096 2879 religionis

439 2886 748 2944 elementis
779 2888 1604 2967 informabantur,quidquam
1628 2894 1820 2951 simile
1851 2895 2051 2951 docuit
2076 2898 2099 2951 Ρ

350 2990 362 2999 ’
424 2976 583 3040 Quis
632 2975 751 3032 illis
799 2978 964 3051 dixit,
998 2997 1193 3037 rerum
1245 2987 1575 3039 creatarum
1627 2983 1786 3040 cultu
1827 2984 2096 3055 dimisso,

441 3063 655 3121 iterum
689 3067 946 3123 accedite
977 3073 1042 3124 ut
1070 3087 1193 3128 rem
1224 3079 1477 3129 creatam
1511 3076 1568 3127 et
1596 3073 1812 3129 factam
1844 3071 2050 3128 colatis
2069 3072 2099 3129 ?

442 3154 603 3220 Quod
639 3155 687 3211 si
719 3154 832 3228 ipsi
864 3173 1022 3213 nunc
1050 3159 1308 3231 primum
1342 3160 1463 3217 haec
1494 3177 1558 3217 se
1594 3162 1797 3218 audire
1820 3162 2096 3228 fatentur,

2212 581 2354 638 οὕτω
2384 583 2473 638 καὶ
2502 588 2593 638 νῦν
2643 585 2861 659 Ἀρειον
2905 581 3110 638 ἔπεισεν
3156 583 3322 638 εἰπεῖν
3367 582 3458 637 καί
3507 581 3850 657 σχηματίσα-

2211 683 2330 735 σθαι
2363 669 2521 741 δῆθεν
2567 672 2703 728 κατὰ
2754 676 2861 728 τῶν
2910 672 3188 748 αἱρέσεων,
3243 670 3336 726 ’ίνα
3392 667 3533 745 λάθῃ
3580 671 3678 738 τήν
3711 667 3849 725 ἰδίαν

2209 756 2524 817 ἐπιϐάλλων
2575 764 2688 835 (82)
2735 760 2960 838 α’ίρεσιν,
3012 761 3115 818 Καὶ
3166 760 3317 835 ὅμως
3367 760 3468 815 οὐκ
3510 755 3695 823 ἔλαθεν
3729 757 3853 815 οὐδὲ

2208 849 2385 913 οὕτως
2417 852 2446 905 6
2499 856 2819 928 πανοῦργος·
2866 851 2911 905 εί
2959 851 3062 926 γὰρ
3109 850 3201 905 τὸν
3229 854 3326 905 τοῦ
3360 853 3494 905 Θεοῦ
3521 848 3697 924 Λόγον
3729 848 3850 903 ἀσε-

2207 934 2400 1010 δήσας,
2458 940 2671 995 πάντων
2723 939 2877 1004 εὐθὺς
2925 939 3153 1010 ἐξέπεσε,
3202 938 3291 993 καὶ
3357 935 3621 993 δέδεικται
3669 943 3851 1007 πᾶσιν,

2206 1026 2290 1082 ὅτι
2319 1029 2408 1083 καὶ
2438 1030 2561 1104 περὶ
2585 1034 2693 1084 τῶν
2723 1026 2907 1083 ἄλλων
2939 1028 3203 1102 ἠγνόησε,
3232 1028 3322 1082 καὶ
3356 1024 3524 1101 μηδὲν
3558 1025 3704 1089 ὅλως
3736 1028 3850 1098 (83)

2207 1115 2405 1187 ἀληθὲς
2452 1122 2667 1195 φρονῶν
2723 1116 3086 1193 ὑποκρίνεται·
3149 1121 3270 1177 Πῶς
3324 1116 3424 1191 γὰρ
3475 1113 3532 1169 ἂν
3583 1113 3856 1188 ἀληθεύσῃ

2204 1205 2325 1281 περῖ
2382 1210 2480 1261 τοῦ
2522 1207 2730 1282 [ἰατρὸς
2780 1208 2810 1261 ὁ
2856 1207 2945 1261 τὸν
2992 1206 3117 1261 nev
3165 1204 3494 1281 ἀρνούμενος
3520 1205 3612 1259 τὸν
3643 1204 3852 1258 ἀποκα-

2205 1292 2476 1351 λύπτοντα
2530 1296 2655 1371 περὶ
2702 1294 2906 1365 αύτοῦ;
2955 1295 3025 1349 Ἤ
3074 1298 3194 1356 πῶς
3242 1293 3366 1367 περί
3407 1297 3506 1349 τοῦ
3538 1292 3852 1367 Πνεύματος

2203 1383 2337 1458 ὁρθά
2365 1386 2643 1460 φρονήσει,
2676 1381 2974 1462 δυσφημῶν
3009 1383 3084 1445 είς
3136 1383 3227 1438 τὸν
3279 1385 3393 1455 (84)
3448 1386 3609 1437 τοῦτο
3668 1401 3849 1457 χορηο

2200 1477 2395 1547 γοῦντα
2442 1471 2645 1547 λόγον;
2696 1472 2786 1534 Τίς
2835 1470 2893 1527 δὲ
2938 1471 3212 1527 πιστεύσει
3266 1470 3482 1546 λέγοντι
3511 1469 3690 1542 τούτῳ
3719 1468 3845 1544 περὶ

2200 1560 2559 1633 ἀναστάσεως,
2591 1562 2907 1637 ἀρνουμένῳ
2934 1560 3025 1616 τὸν
3059 1560 3120 1616 ἐκ
3148 1564 3349 1637 νεκρῶν
3383 1557 3454 1614 δι’
3504 1560 3651 1632 ἡμᾶς
3695 1578 3844 1633 πρωο

2196 1649 2419 1705 τότοκον
2470 1650 2757 1726 γενόμενον
2811 1649 3040 1725 Χριστόν
3302 1653 3424 1711 Πῶς
3457 1645 3515 1703 δὲ
3546 1646 3663 1715 οὐκ,
3697 1648 3844 1701 ἄντι-

2196 1758 2326 1806 κρυς
2360 1739 2628 1813 ἀγνοήσας
2672 1739 2775 1808 τήν
2824 1738 2883 1794 ἐκ
2934 1739 3148 1813 Πατρὸς
3197 1742 3294 1792 τοῦ
3343 1738 3474 1792 Υίοῦ
3502 1734 3722 1812 γνησίαν
3755 1738 3847 1789 καὶ

2197 1825 2460 1897 ἀληθινὴν
2484 1827 2748 1903 γέννησιν,
2781 1825 3188 1897 πλανηθήσεται
3217 1825 3306 1881 καὶ
3337 1825 3461 1901 περὶ
3504 1832 3605 1893 τῆς
3659 1822 3845 1901 ἐνσάρ-

2199 1937 2298 1971 κου
2327 1916 2625 1991 παρουσίας
2682 1916 2886 1985 αὐτοῦ;
2942 1914 3102 1973 Οὕτω
3149 1915 3249 1991 γὰρ
3295 1915 3385 1971 καὶ
3439 1916 3491 1968 οἱ
3538 1913 3661 1968 τότε
3713 1914 3851 1970 Ἰου-

2202 2001 2371 2074 δαῖοι,
2415 2006 2779 2078 ἀρνησάμενοι
2847 2006 2938 2060 τὸν
2998 2004 3195 2080 Λόγον,
3251 2003 3339 2059 καὶ
3399 2002 3672 2078 λέγοντες,
3732 2001 3849 2059 Ούκ

2173 2089 2401 2167 ’ἔχομεν
2478 2089 2704 2168 βασιλέα
2774 2091 2820 2148 εί
2901 2092 2977 2164 μή
3037 2089 3301 2166 Καίσαρα,
3355 2091 3569 2144 πάντων
3630 2087 3843 2164 ἀθρόως

2201 2180 2565 2258 ἀφῃρέθησαν,
2639 2180 2730 2234 καὶ
2788 2179 3072 2256 γεγόνασιν
3128 2175 3330 2253 ἔρημοι
3383 2177 3563 2256 φωτὸς
3612 2176 3843 2253 λυχνου,

2201 2270 2377 2343 ὀσμῆς
2430 2268 2626 2346 μύρου,
2685 2266 3018 2346 προφητείας
3073 2267 3345 2343 γνώσεως,
3392 2266 3484 2322 καὶ
3523 2265 3689 2336 αὐτῆς
3748 2273 3847 2336 τῆς

2201 2356 2482 2428 ἀληθείας,
2513 2358 2603 2413 καὶ
2632 2363 2723 2413 νῦν
2758 2354 2912 2413 οὐδὲν
2942 2358 3229 2429 συνιέντες,
3263 2356 3339 2420 ὠς
3368 2355 3420 2411 ἒν
3468 2352 3647 2429 σκότῳ
3695 2375 3850 2430 περι-

2200 2445 2492 2508 πατοῦντές
2540 2446 2662 2504 εἰσι.
2696 2442 2810 2509 ’Τίς
2857 2447 2960 2522 γὰρ
3004 2444 3207 2515 ἤκουσε
3236 2448 3459 2501 πώποτε
3485 2449 3708 2499 τοιαῦτα
3735 2463 3748 2513 ;
3781 2444 3851 2498 ’Ἥ

2201 2535 2363 2590 πόθεν
2390 2536 2425 2605 ἢ
2459 2535 2604 2610 παρὰ
2630 2536 2776 2598 τίνος
2807 2536 2859 2590 οἱ
2889 2533 3119 2598 κόλακες
3149 2533 3240 2590 καὶ
3282 2532 3583 2610 δωροδόκοι
3632 2539 3732 2603 τῆς
3765 2530 3847 2587 αἶ-

2204 2626 2401 2701 ρέσεως
2446 2622 2683 2694 ἤκουσαν
2732 2628 2994 2693 τοιαῦτα;
3044 2623 3158 2693 Τίς,
3209 2623 3300 2679 ὅτε
3338 2627 3708 2699 κατηχοῦντο,
3738 2640 3850 2676 τοι·

2202 2718 2337 2769 αῦτα
2368 2712 2671 2784 λελάληκεν
2700 2713 2883 2775 αὑτοῖς
2908 2733 2923 2784 ;
2954 2712 3044 2776 Τίς
3092 2711 3278 2775 αὐτοῖς
3309 2710 3545 2788 εἴρηκεν,
3591 2710 3696 2779 ὅτι,
3745 2711 3846 2779 τὴν

2205 2803 2281 2865 εἰς
2338 2804 2437 2872 τὴν
2506 2803 2679 2858 κτίσιν
2937 2799 3187 2879 λατρείαν
3264 2800 3508 2880 ἀφέιίτες,
3591 2800 3847 2873 κτίσματι

2203 2893 2293 2948 καὶ
2340 2893 2610 2965 ποιήματι
2669 2891 2834 2947 πάλιν
2891 2890 3259 2968 προσέρχεσθε
3316 2889 3636 2967 λατρεύειν;
3694 2888 3758 2946 Ei
3791 2886 3851 2943 δὲ

2204 2982 2294 3038 καὶ
2325 2980 2476 3037 αὐτοὶ
2506 2985 2721 3056 πρῶτον
2770 2978 2860 3035 νῦν
2904 2978 3273 3055 ὁμολογοῦσιν
3324 2978 3613 3050 ἀκηκοέναι
3638 2979 3706 3032 τὰ
3728 2998 3847 3033 τοι·

2206 3076 2341 3127 αῦτα
2370 3072 2506 3144 (87),
2541 3071 2616 3144 μή
2649 3069 3003 3146 ἀρνείσθωσαν
3036 3068 3335 3145 ἀλλοτρίαν
3366 3069 3457 3123 καὶ
3510 3069 3587 3140 μή
3638 3067 3698 3122 ἐκ
3744 3088 3847 3122 πα-

2205 3159 2374 3237 τέρων
2426 3159 2560 3214 εἶναι
2615 3160 2715 3228 τὴν
2773 3156 2974 3236 α’ίρεσιν
3017 3157 3241 3228 ταύτην.
3273 3158 3345 3213 Τὸ
3371 3155 3429 3212 δὲ
3461 3157 3537 3231 μή
3568 3156 3628 3212 lx
3682 3156 3850 3211 πατέ-

442 3259 561 3298 non
594 3259 731 3316 ergo
761 3244 1097 3303 inﬁcientur
1127 3248 1378 3306 alienam
1410 3266 1538 3306 esse
1568 3250 1786 3307 hancce
1826 3249 2094 3306 haaresim

2210 3232 2340 3325 ρων,
2399 3247 2543 3304 ἀλλά
2587 3251 2679 3302 νῦν
2732 3232 3038 3324 ἐφευρεθέν,
3092 3246 3145 3301 τί
3194 3247 3254 3301 ἂν
3314 3247 3397 3315 ε’ίη
3460 3242 3777 3321 ἓτερον
3812 3246 3849 3314 ἢ

445 3347 635 3405 neque
665 3349 699 3388 a
727 3333 999 3392 Patribus
1026 3338 1503 3406 traditam.Quod
1536 3344 1732 3396 autem
1765 3356 1797 3395 a
1828 3340 2097 3396 Patribus

445 3421 733 3477 traditum
766 3439 883 3479 non
914 3429 1021 3494 est,
1055 3427 1157 3483 sed
1204 3428 1521 3485 novissime
1549 3433 1640 3485 est
1686 3429 2095 3502 excogilatum,

447 3511 643 3581 cujus,
676 3528 894 3584 quaeso,
927 3515 1158 3587 generis
1206 3533 1336 3574 esse
1383 3518 1742 3574 censendum
1775 3521 1884 3585 est,
1922 3534 2099 3587 quam

449 3599 583 3671 ejus
629 3600 699 3655 de
750 3617 866 3673 quo
910 3603 1056 3659 dixit
1101 3605 1306 3662 beatus
1374 3604 1592 3663 Paulus
1645 3623 1658 3661 :
1710 3609 1773 3663 In
1814 3608 2101 3678 postremis

445 3689 786 3760 temporibus
812 3690 1086 3748 discedent
1115 3694 1342 3767 quidam
1369 3712 1404 3751 a
1430 3712 1569 3751 sana
1595 3695 1724 3765 ﬁde,
1753 3695 2102 3751 attendente:

443 3776 739 3845 spiritibus
767 3783 980 3837 erroris
1000 3789 1052 3838 et
1077 3783 1339 3840 doctrinis
1384 3785 1813 3851 daemoniorum,
1848 3786 1907 3839 in
1935 3787 2104 3855 hypo-

2204 3337 2328 3414 περὶ
2361 3335 2423 3393 οῦ
2478 3335 2800 3413 προείρηκεν
2851 3336 2879 3390 ὁ
2937 3334 3199 3413 μακάριος
3252 3337 3493 3397 Παῦλος.
3558 3336 3644 3391 Ἑν
3708 3332 3852 3388 ὑστέ-

2208 3445 2323 3500 ροις
2380 3427 2592 3499 καιροῖς
2651 3421 3046 3493 ἀποστήσονταί
3121 3443 3257 3484 τινες
3327 3425 3424 3492 τῆς
3510 3420 3853 3497 ὑγιαινούσης

2206 3512 2438 3575 πίστεως
2469 3514 2605 3586 (89),
2648 3511 3014 3587 προσέχοντες
3063 3511 3330 3584 πνεύμασι
3376 3508 3589 3580 πλάνης
3631 3510 3720 3565 καὶ
3771 3507 3854 3564 δι-

2209 3599 2528 3664 δασκαλίαις
2562 3599 2874 3675 δαιμονίων,
2915 3599 2967 3654 ἐν
3019 3599 3297 3676 ὑποκρίσει
3342 3597 3720 3674 ψευδολόγων,
3763 3619 3851 3653 κε-

2208 3686 2686 3765 καυτηριασμένων
2717 3690 2815 3757 τὴν
2845 3686 2982 3743 ἰδίαν
3014 3685 3344 3760 συνείδησιν,
3374 3689 3464 3743 καὶ
3512 3687 3850 3765 ἀποστρεφο-

2215 3781 2389 3854 μένων
2418 3778 2516 3848 τήν
2548 3776 2829 3849 ἀλήθέιαν.

444 3867 587 3923 οι·ὺί
614 3867 953 3939 loquentium
979 3873 1355 3944 mendacium,
1387 3878 1439 3930 et
1467 3874 1839 3930 cauteriatam
1868 3871 2185 3929 habentium
2211 3886 2373 3927 suam
2400 3870 2793 3925 conscientiam
2825 3867 2889 3936 1‘,
2921 3876 2971 3924 ei
2998 3871 3365 3924 avertentium
3391 3884 3450 3923 se
3479 3883 3513 3922 α
3540 3868 3770 3925 veritate
3787 3867 3853 3921 ⁸⁵.

521 3954 575 4010 9.
609 3956 751 4013 Ecce
782 3959 935 4014 enim
970 3976 1076 4017 nos
1124 3963 1363 4034 quidem
1415 3980 1484 4019 ex
1524 3962 1739 4019 divinis
1785 3961 2105 4035 Scripturis

451 4042 636 4101 libere
656 4050 714 4101 et
733 4047 1092 4105 conﬁdenter
1111 4049 1182 4106 de
1202 4050 1300 4121 pia
1338 4055 1613 4123 rectaque
1634 4051 1748 4107 ﬁde
1780 4051 2101 4123 loquimur,

454 4149 634 4204 quam
656 4138 715 4191 et
731 4139 1014 4209 tanquam
1036 4137 1333 4195 lucernam
1357 4155 1534 4212 super
1553 4139 1970 4197 candelabrum
1995 4137 2106 4196 col-

450 4220 739 4295 locamus,
764 4224 1056 4283 dicentes:
1085 4228 1265 4285 Filius
1285 4245 1456 4285 verus
1480 4231 1689 4285 natura
1711 4232 1770 4284 et
1806 4228 2106 4301 genuinus

452 4315 543 4366 est
573 4312 780 4385 Patris,
814 4315 1058 4388 ejusque
1083 4317 1432 4374 substantiae
1479 4317 1777 4389 proprius,
1806 4317 2108 4390 Sapientia

453 4399 773 4472 unigenita,
807 4403 1058 4460 Verbum
1090 4421 1292 4462 verum
1325 4422 1391 4463 ac
1436 4405 1675 4463 unicum
1709 4406 1809 4462 Dei
1838 4407 1966 4478 ipse
1993 4409 2105 4475 est,

2283 3955 2423 4012 Ἰδοὺ
2463 3956 2565 4032 γὰρ
2622 3958 2787 4029 ἡμεῖς
2841 3956 2935 4029 μὶν
2982 3954 3043 4011 έκ
3081 3960 3188 4010 τῶν
3238 3955 3391 4010 θείων
3442 3958 3666 4032 Γραφῶν
3717 3953 3854 4030 παῤ-

2214 4045 2583 4123 ῥησιαζόμεθα
2609 4044 2856 4119 περὶτῆς
2898 4039 3148 4106 εὐσεϐοῦς
3194 4043 3448 4112 πίστεως,
3497 4043 3587 4098 καὶ
3627 4042 3700 4105 ὠς
3758 4040 3856 4098 λύ-

2212 4155 2345 4212 χνον
2393 4134 2481 4189 ἐπὶ
2526 4140 2627 4205 τῆς
2678 4133 2907 4210 λυχνίας
2951 4132 3200 4205 τιθέαμεν
3425 4130 3697 4207 λέγοντες·
3730 4131 3855 4194 Υἱὸς

2212 4223 2473 4295 ἀληθινὸς
2527 4222 2683 4302 φύσει
2734 4222 2824 4278 καὶ
2872 4222 3091 4297 γνήσιός
3150 4220 3262 4277 ἔστι
3313 4223 3411 4277 τοῦ
3462 4217 3859 4297 ΙΙατρὸς,“ίδιος

2211 4320 2310 4383 τῆς
2342 4312 2525 4375 οὐσίας
2559 4312 2739 4375 οὑσίας
2767 4311 2952 4381 αὑτοῦ,
2988 4309 3160 4389 Σοφία
3194 4310 3497 4385 μονογενὴς
3543 4309 3635 4365 καὶ
3683 4308 3857 4385 Λόγος

2213 4401 2471 4473 ἀληθινὸς
2501 4402 2591 4456 καὶ
2624 4400 2789 4475 μόνος
2817 4404 2915 4456 τοῦ
2936 4404 3069 4456 Θεοῦ
3095 4398 3252 4461 οὗτός
3281 4398 3445 4455 ἐστιν·
3481 4397 3581 4455 οὑκ
3607 4395 3720 4455 ἔστι
3748 4398 3859 4454 κτί-

454 4503 574 4544 non
606 4505 699 4546 res
728 4496 921 4548 creata
950 4493 1035 4550 vel
1089 4494 1262 4562 facta,
1296 4496 1397 4551 sed
1444 4495 1719 4569 proprius
1765 4495 2095 4552 substantia

2216 4512 2327 4566 σμα
2355 4489 2479 4547 οὔτε
2506 4491 2743 4564 ποίημα,
2793 4487 2921 4545 ἀλλ’
2964 4487 3108 4545 ’ίδιον
3156 4495 3259 4560 τῆς
3306 4492 3404 4544 τοῦ
3434 4489 3644 4562 Πατρὸς
3677 4487 3859 4549 οὐσίας

453 4578 643 4635 Patris
673 4579 847 4637 fetus.
879 4582 1158 4646 Quocirca
1179 4584 1334 4641 Deus
1364 4587 1455 4641 est
1479 4601 1675 4652 verus,
1704 4600 1958 4657 veroque
1986 4586 2100 4641 Pa-

2207 4581 2472 4657 γέννημα.
2506 4580 2599 4636 Διὸ
2646 4578 2777 4643 Θεός
2823 4578 2965 4634 ἐστιν
3014 4578 3301 4650 ἀληθινὸς,
3350 4574 3618 4649 ἀληθινοῦ
3646 4577 3857 4653 Πατρὸς

534 4698 581 4734 ⁸⁸
611 4697 833 4756 Coloss.
867 4718 906 4772 ι,
940 4700 1027 4758 18.
1107 4702 1153 4738 ¹³
1173 4702 1342 4758 Joan.
1374 4719 1490 4774 xix,
1525 4703 1611 4758 15.
1686 4704 1730 4739 ιδ
1756 4704 1778 4760 Ι
1807 4703 1956 4760 Tim.
1991 4721 2069 4773 ιν,

2233 4702 2278 4738 ιι
2308 4700 2424 4757 Tit.
2455 4718 2497 4772 ι,
2528 4702 2581 4755 4.

527 4823 914 4897 (81)_Seguer.
946 4825 1175 4883 Gobler.
1210 4831 1267 4883 et
1297 4826 1545 4897 Felckm.
1586 4827 1634 4895 1,
1686 4825 1831 4881 οὕτω
1876 4828 1974 4889 τὰς
2004 4823 2105 4881 ἄλ·

460 4890 579 4977 λᾳξ.
613 4890 1031 4981 ΜοξῬοΙοξςω.
1061 4902 1184 4981 2net
1211 4890 1676 4981 οᾶὶεζοξπλασεώι
1706 4904 1762 4955 et
1790 4898 1935 4974 legit
1948 4899 2104 4956 Nan-

457 4966 631 5039 nius,
650 4968 751 5039 qui
780 4971 952 5024 vertit
977 4969 1264 5027 confinxir
1296 4969 1407 5025 Alii
1438 4966 1753 5039 ἐπλάνησεν.

526 5037 761 5113 (§2)S_ic
820 5040 958 5113 Reg.
1018 5040 1249 5097 Gobler.
1310 5045 1369 5098 et
1410 5037 1663 5098 Felckm.
1713 5044 1764 5098 1.
1824 5040 1938 5097 Alii
1967 5057 2105 5097 vero

456 5102 734 5164 ἐπιϐαλών
747 5151 759 5164 .

527 5181 641 5254 (83)
700 5182 1039 5256 Seguerian.
1100 5180 1408 5256 Basilicus.
1455 5179 2101 5256 ret_Anglican.‘p.n8_év

456 5248 850 5309 ὅλωςίΑιίίὶει
875 5254 1037 5320 editi,
1076 5250 1217 5325 μηδι
1247 5250 1591 5325 ὅλωςμῐδίᾀ.
1628 5248 1778 5310 Felc.
1812 5256 1868 5322 5,
1899 5248 2103 5324 ἀληθὲς

456 5325 830 5451 Μοξ
858 5325 1356 5451 Ξοβυὲἓίιιὲι·ΙΠῶς
1385 5324 1484 5401 γὰρ
1533 5324 1593 5380 ἂν
1644 5324 1938 5399 ἀληθεύσῃ.
1994 5325 2106 5384 Alii

668 5414 708 5451 Ι.
739 5415 856 5451 πως
884 5416 987 5451 γαρ
1092 5419 1124 5451 η
1166 5416 1329 5451 ευσει.

458 5410 517 5451 et
544 5410 708 5462 eum,
739 5415 856 5456 πως
884 5410 987 5472 γὰρ
1017 5410 1329 5467 άΑηοευσει.

494 5536 508 5550 γ
530 5467 771 5550 (84)_Sic
793 5469 1028 5550 §egue§
1062 5474 1120 5550 e_t
1150 5470 1288 5550 Reg.
1322 5466 1655 5550 At_qobler.
1697 5471 1756 5550 et
1788 5468 1939 5550 Fe_lc.
1973 5468 2026 5538 1,
2058 5465 2105 5521 εί

454 5536 546 5591 τὸν
576 5536 759 5594 τοῦτο.
793 5536 942 5597 ΡοῘο.
973 5544 1029 5609 5,
1061 5539 1137 5602 είς
1166 5536 1347 5594 τοῦτο.
1381 5539 1531 5595 Editi
1562 5538 1638 5600 εἰς
1667 5538 1756 5593 τὸν
1782 5542 1996 5594 τοῦτον.

526 5610 649 5679 (85)
672 5610 1005 5671 Goblerian.
1039 5617 1097 5669 et
1124 5610 1274 5670 Fele.
1308 5610 1361 5679 4,
1395 5608 1614 5679 Κύριον.

992 5656 1005 5671 .
1039 5630 1097 5669 οι
1124 5630 1274 5670 ιεόιο.
1308 5630 1361 5671 1,
1396 5630 1614 5671 ιιυριον.

526 5612 649 5754 (85)
672 5612 1005 5671 Goblerian.
1039 5617 1097 5669 et
1124 5612 1274 5670 Fele.
1308 5612 1361 5681 4,
1395 5612 1506 5685 Κύρ

551 5682 638 5753 86)
669 5683 994 5756 Anglicum,
1025 5682 1268 5755 κτίστην.

2306 4825 2398 4897 87)
2429 4823 3142 4897 δοευθτίαῑιηητᾶμτοιαῦτα
3174 4821 3411 4880 omittit.

2309 4890 2397 4965 88)
2429 4890 2863 4965 δοξυοιιὶεηξτί
2892 4890 2940 4947 δ’
2971 4893 3029 4948 ἂν
3061 4892 3169 4965 ε’ίῃ,

2308 4962 2399 5041 89)
2426 4962 2583 5041 Feic.
2607 4969 2643 5022 2
2671 4971 2728 5023 et
2758 4967 2925 5034 editi,
2954 4972 3059 5041 τῆς
3091 4962 3228 5025 ἰδίας
3255 4962 3496 5041 πίστεως.
3532 4969 3633 5032 τῆς
3684 4965 3857 5040 ὑγιαι-

2213 5033 2436 5107 νούσης.
2476 5039 2589 5094 Alii
2629 5042 2987 5111 omnes‘rﬁc
3012 5033 3385 5111 ’ὑγιαινούσης
3433 5033 3685 5111 πίστεως.
3728 5033 3862 5094 Mox

2215 5105 2478 5182 segnem,
2511 5108 2780 5182 πνεύμασι
2809 5105 3061 5182 πλάνοις,
3079 5105 3449 5182 :idemqueet
3491 5108 3716 5182 Anglic,
3750 5112 3861 5167 ϐο.

2216 5176 2353 5237 διὰ.
2394 5176 2545 5237 Ροίο.
2585 5176 2995 5253 4,’δαιμονίων,
3028 5179 3141 5253 Alii
3172 5184 3230 5236 et
3258 5176 3860 5252 ὀάἱίίβαιμόνωνρυω

2214 5253 2432 5309 ibidem
2466 5251 2778 5324 sequntur,
2810 5251 3132 5324 exstantia
3165 5268 3309 5324 mss.
3344 5251 3586 5324 Seguer:
3634 5256 3692 5309 et
3720 5261 3859 5324 An-

2215 5325 2374 5415 glic.,
2406 5324 2466 5379 in
2493 5320 2627 5415 aliis
2652 5339 2788 5413 vero
2818 5329 2900 5415 e’t‘
2920 5323 3095 5415 editis
3142 5324 3228 5379 sic
3278 5320 3505 5395 legitur,
3567 5320 3859 5397 δαιμόνων,

2215 5391 2683 5471 ἀποστρεφόμενοι
2711 5394 2810 5471 τήν
2842 5391 3122 5471 ἀλήθειαν.

2284 5463 2402 5542 (90)
2427 5463 2806 5542 βεευβΐηέπὶ
2837 5465 2936 5533 τήν
2962 5463 3200 5542 ,λύχνην
3228 5463 3467 5542 τίθεμεν.
3504 5466 3662 5542 idem
3716 5467 3857 5542 ibid.

2215 5542 2274 5593 et
2296 5535 2465 5593 ‘Go'bl.
2504 5535 2651 5594 Felc.
2686 5539 2711 5593 1
2746 5541 2802 5596 et
2830 5535 3200 5609 Anglicfjxat
3228 5535 3469 5611 γνήσιος·
3504 5538 3655 5595 Editi
3684 5542 3744 5596 et
3764 5538 3860 5594 alii

2215 5607 2303 5664 καί
2333 5609 2629 5665 omittunt.

2214 5609 2303 5664 καί
2333 5609 2629 5667 omittunt.
