  <div class='ocr_page' id='page_1' title='image "/cluster/home/n/w/nwhite01/storage/ocr_20150623/26/hvd.32044019208479/037.png"; bbox 0 0 4090 6372; ppageno 0'>
   <div class='ocr_carea' id='block_1_1' title="bbox 438 354 3839 430">
    <p class='ocr_par' dir='ltr' id='par_1_1' title="bbox 438 354 3839 430">
     <span class='ocr_line' id='line_1_1' title="bbox 438 354 3839 430; baseline 0.003 -16"><span class='ocrx_word' id='word_1_1' title='bbox 438 354 514 414; x_wconf 77' lang='grc'>27</span> <span class='ocrx_word' id='word_1_2' title='bbox 988 358 1047 418; x_wconf 59' lang='grc' dir='ltr'><strong>Ξ.</strong></span> <span class='ocrx_word' id='word_1_3' title='bbox 1097 360 1514 425; x_wconf 75' lang='lat' dir='ltr'><strong>ATHANASH</strong></span> <span class='ocrx_word' id='word_1_4' title='bbox 1562 366 1734 425; x_wconf 85' lang='lat' dir='ltr'><strong>OPP.</strong></span> <span class='ocrx_word' id='word_1_5' title='bbox 1789 366 1984 427; x_wconf 81' lang='lat' dir='ltr'><strong>PAItS</strong></span> <span class='ocrx_word' id='word_1_6' title='bbox 2034 370 2076 425; x_wconf 90' lang='lat' dir='ltr'><strong>l.</strong></span> <span class='ocrx_word' id='word_1_7' title='bbox 2116 397 2185 411; x_wconf 86' lang='lat'><strong>--</strong></span> <span class='ocrx_word' id='word_1_8' title='bbox 2233 367 2645 429; x_wconf 83' lang='lat' dir='ltr'><strong>HlSTORlCA</strong></span> <span class='ocrx_word' id='word_1_9' title='bbox 2687 369 2790 429; x_wconf 84' lang='lat' dir='ltr'><strong>ET</strong></span> <span class='ocrx_word' id='word_1_10' title='bbox 2836 368 3312 430; x_wconf 81' lang='lat' dir='ltr'><strong>DOGMATICA.</strong></span> <span class='ocrx_word' id='word_1_11' title='bbox 3764 362 3839 426; x_wconf 76' lang='lat'><strong>‘28</strong></span> 
     </span>
    </p>
   </div>
   <div class='ocr_carea' id='block_1_2' title="bbox 443 487 2084 572">
    <p class='ocr_par' dir='ltr' id='par_1_2' title="bbox 443 487 2084 568">
     <span class='ocr_line' id='line_1_2' title="bbox 443 487 2084 568; baseline 0.007 -27"><span class='ocrx_word' id='word_1_12' title='bbox 443 502 603 542; x_wconf 86' lang='lat' dir='ltr'><strong>roses</strong></span> <span class='ocrx_word' id='word_1_13' title='bbox 634 504 649 544; x_wconf 87' lang='lat'><strong>:</strong></span> <span class='ocrx_word' id='word_1_14' title='bbox 682 487 766 544; x_wconf 82' lang='lat' dir='ltr'><strong>sic</strong></span> <span class='ocrx_word' id='word_1_15' title='bbox 795 491 970 547; x_wconf 88' lang='lat' dir='ltr'><strong>etiam</strong></span> <span class='ocrx_word' id='word_1_16' title='bbox 1004 491 1114 548; x_wconf 90' lang='lat' dir='ltr'><strong>hoc</strong></span> <span class='ocrx_word' id='word_1_17' title='bbox 1143 498 1404 567; x_wconf 85' lang='lat' dir='ltr'><strong>tempore</strong></span> <span class='ocrx_word' id='word_1_18' title='bbox 1445 497 1580 553; x_wconf 83' lang='lat' dir='ltr'><strong>Ario</strong></span> <span class='ocrx_word' id='word_1_19' title='bbox 1613 498 1896 568; x_wconf 85' lang='lat' dir='ltr'><strong>persuasit</strong></span> <span class='ocrx_word' id='word_1_20' title='bbox 1931 501 1998 553; x_wconf 83' lang='lat' dir='ltr'><strong>ut</strong></span> <span class='ocrx_word' id='word_1_21' title='bbox 2023 497 2084 553; x_wconf 91' lang='lat' dir='ltr'><strong>in</strong></span> 
     </span>
    </p>
   </div>
   <div class='ocr_carea' id='block_1_3' title="bbox 2199 487 3834 572">
    <p class='ocr_par' dir='ltr' id='par_1_3' title="bbox 2199 494 3834 572">
     <span class='ocr_line' id='line_1_3' title="bbox 2199 494 3834 572; baseline 0 -20"><span class='ocrx_word' id='word_1_22' title='bbox 2199 517 2378 568; x_wconf 85' lang='grc' dir='ltr'>τησεν·</span> <span class='ocrx_word' id='word_1_23' title='bbox 2438 497 2580 554; x_wconf 76' lang='grc' dir='ltr'>οὕτω</span> <span class='ocrx_word' id='word_1_24' title='bbox 2636 499 2726 554; x_wconf 85' lang='grc' dir='ltr'>καὶ</span> <span class='ocrx_word' id='word_1_25' title='bbox 2780 498 2876 561; x_wconf 77' lang='grc' dir='ltr'><strong>τὰς</strong></span> <span class='ocrx_word' id='word_1_26' title='bbox 2931 498 3104 561; x_wconf 81' lang='grc' dir='ltr'>ἄλλας</span> <span class='ocrx_word' id='word_1_27' title='bbox 3162 497 3392 572; x_wconf 83' lang='grc' dir='ltr'>αἱρέσεις</span> <span class='ocrx_word' id='word_1_28' title='bbox 3450 494 3651 553; x_wconf 78' lang='grc' dir='ltr'>ἔπλασε</span> <span class='ocrx_word' id='word_1_29' title='bbox 3700 497 3834 570; x_wconf 87' lang='grc'>(81)’</span> 
     </span>
    </p>
   </div>
   <div class='ocr_carea' id='block_1_4' title="bbox 447 575 2086 657">
    <p class='ocr_par' dir='ltr' id='par_1_4' title="bbox 447 575 2086 657">
     <span class='ocr_line' id='line_1_4' title="bbox 447 575 2086 657; baseline 0.009 -28"><span class='ocrx_word' id='word_1_30' title='bbox 447 575 696 633; x_wconf 65' lang='lat' dir='ltr'><strong>haereses</strong></span> <span class='ocrx_word' id='word_1_31' title='bbox 719 577 845 650; x_wconf 90' lang='lat' dir='ltr'><strong>ipse</strong></span> <span class='ocrx_word' id='word_1_32' title='bbox 864 579 1253 654; x_wconf 88' lang='lat' dir='ltr'><strong>inveheretur,</strong></span> <span class='ocrx_word' id='word_1_33' title='bbox 1272 582 1508 657; x_wconf 78' lang='lat' dir='ltr'><strong>illisque</strong></span> <span class='ocrx_word' id='word_1_34' title='bbox 1529 587 1821 643; x_wconf 85' lang='lat' dir='ltr'><strong>adversari</strong></span> <span class='ocrx_word' id='word_1_35' title='bbox 1843 586 2086 643; x_wconf 87' lang='lat' dir='ltr'><strong>simula-</strong></span> 
     </span>
    </p>
   </div>
   <div class='ocr_carea' id='block_1_5' title="bbox 442 667 2088 743">
    <p class='ocr_par' dir='ltr' id='par_1_5' title="bbox 442 667 2088 743">
     <span class='ocr_line' id='line_1_5' title="bbox 442 667 2088 743; baseline 0.007 -23"><span class='ocrx_word' id='word_1_36' title='bbox 442 669 671 738; x_wconf 89' lang='lat' dir='ltr'><strong>ret,quo</strong></span> <span class='ocrx_word' id='word_1_37' title='bbox 701 667 950 724; x_wconf 80' lang='lat' dir='ltr'><strong>latenter</strong></span> <span class='ocrx_word' id='word_1_38' title='bbox 971 687 1138 742; x_wconf 80' lang='lat' dir='ltr'><strong>suam</strong></span> <span class='ocrx_word' id='word_1_39' title='bbox 1168 677 1367 743; x_wconf 89' lang='lat' dir='ltr'><strong>posset</strong></span> <span class='ocrx_word' id='word_1_40' title='bbox 1386 673 1652 731; x_wconf 61' lang='lat' dir='ltr'><strong>haeresim</strong></span> <span class='ocrx_word' id='word_1_41' title='bbox 1680 676 2088 732; x_wconf 88' lang='lat' dir='ltr'><strong>inducere.Ve-</strong></span> 
     </span>
    </p>
   </div>
   <div class='ocr_carea' id='block_1_6' title="bbox 442 759 2085 836">
    <p class='ocr_par' dir='ltr' id='par_1_6' title="bbox 442 759 2085 836">
     <span class='ocr_line' id='line_1_6' title="bbox 442 759 2085 836; baseline 0.006 -27"><span class='ocrx_word' id='word_1_42' title='bbox 442 760 774 812; x_wconf 87' lang='lat' dir='ltr'><strong>rumtamen</strong></span> <span class='ocrx_word' id='word_1_43' title='bbox 825 774 898 813; x_wconf 90' lang='lat' dir='ltr'><strong>ne</strong></span> <span class='ocrx_word' id='word_1_44' title='bbox 929 759 1010 814; x_wconf 88' lang='lat' dir='ltr'><strong>ita</strong></span> <span class='ocrx_word' id='word_1_45' title='bbox 1039 759 1276 831; x_wconf 87' lang='lat' dir='ltr'><strong>quidem</strong></span> <span class='ocrx_word' id='word_1_46' title='bbox 1326 762 1505 820; x_wconf 89' lang='lat' dir='ltr'><strong>latere</strong></span> <span class='ocrx_word' id='word_1_47' title='bbox 1535 764 1725 836; x_wconf 88' lang='lat' dir='ltr'><strong>potuit</strong></span> <span class='ocrx_word' id='word_1_48' title='bbox 1780 768 2085 820; x_wconf 78' lang='lat' dir='ltr'><strong>veterator.</strong></span> 
     </span>
    </p>
   </div>
   <div class='ocr_carea' id='block_1_7' title="bbox 438 843 2086 926">
    <p class='ocr_par' dir='ltr' id='par_1_7' title="bbox 438 843 2086 926">
     <span class='ocr_line' id='line_1_7' title="bbox 438 843 2086 926; baseline 0.006 -27"><span class='ocrx_word' id='word_1_49' title='bbox 438 843 510 899; x_wconf 88' lang='lat' dir='ltr'><strong>Ut</strong></span> <span class='ocrx_word' id='word_1_50' title='bbox 540 844 696 901; x_wconf 90' lang='lat' dir='ltr'><strong>enim</strong></span> <span class='ocrx_word' id='word_1_51' title='bbox 731 863 898 903; x_wconf 86' lang='lat' dir='ltr'><strong>suam</strong></span> <span class='ocrx_word' id='word_1_52' title='bbox 932 853 1134 904; x_wconf 89' lang='lat' dir='ltr'><strong>contra</strong></span> <span class='ocrx_word' id='word_1_53' title='bbox 1161 850 1263 905; x_wconf 91' lang='lat' dir='ltr'><strong>Dei</strong></span> <span class='ocrx_word' id='word_1_54' title='bbox 1306 852 1560 908; x_wconf 86' lang='lat' dir='ltr'><strong>Verbum</strong></span> <span class='ocrx_word' id='word_1_55' title='bbox 1593 852 2086 926; x_wconf 76' lang='lat' dir='ltr'><strong>exprompsitim-</strong></span> 
     </span>
    </p>
   </div>
   <div class='ocr_carea' id='block_1_8' title="bbox 437 933 2087 1014">
    <p class='ocr_par' dir='ltr' id='par_1_8' title="bbox 437 933 2087 1014">
     <span class='ocr_line' id='line_1_8' title="bbox 437 933 2087 1014; baseline 0.005 -27"><span class='ocrx_word' id='word_1_56' title='bbox 437 933 733 1005; x_wconf 75' lang='lat' dir='ltr'><strong>pietatem,</strong></span> <span class='ocrx_word' id='word_1_57' title='bbox 759 935 1034 991; x_wconf 86' lang='lat' dir='ltr'><strong>omnibus</strong></span> <span class='ocrx_word' id='word_1_58' title='bbox 1057 939 1258 995; x_wconf 80' lang='lat' dir='ltr'><strong>statim</strong></span> <span class='ocrx_word' id='word_1_59' title='bbox 1281 940 1454 997; x_wconf 83' lang='lat' dir='ltr'><strong>rebus</strong></span> <span class='ocrx_word' id='word_1_60' title='bbox 1477 942 1715 1009; x_wconf 83' lang='lat' dir='ltr'><strong>excidit,</strong></span> <span class='ocrx_word' id='word_1_61' title='bbox 1740 941 2087 1014; x_wconf 81' lang='lat' dir='ltr'><strong>cunctisque</strong></span> 
     </span>
    </p>
   </div>
   <div class='ocr_carea' id='block_1_9' title="bbox 438 1023 2086 1103">
    <p class='ocr_par' dir='ltr' id='par_1_9' title="bbox 438 1023 2086 1103">
     <span class='ocr_line' id='line_1_9' title="bbox 438 1023 2086 1103; baseline 0.005 -24"><span class='ocrx_word' id='word_1_62' title='bbox 438 1023 589 1080; x_wconf 69' lang='lat'><strong>825</strong></span> <span class='ocrx_word' id='word_1_63' title='bbox 628 1030 990 1097; x_wconf 81' lang='lat' dir='ltr'><strong>compertum</strong></span> <span class='ocrx_word' id='word_1_64' title='bbox 1024 1031 1113 1082; x_wconf 90' lang='lat' dir='ltr'><strong>est</strong></span> <span class='ocrx_word' id='word_1_65' title='bbox 1142 1043 1275 1084; x_wconf 87' lang='lat' dir='ltr'><strong>eum</strong></span> <span class='ocrx_word' id='word_1_66' title='bbox 1310 1029 1368 1085; x_wconf 90' lang='lat' dir='ltr'><strong>in</strong></span> <span class='ocrx_word' id='word_1_67' title='bbox 1400 1031 1627 1087; x_wconf 81' lang='lat' dir='ltr'><strong>caeteris</strong></span> <span class='ocrx_word' id='word_1_68' title='bbox 1658 1047 1892 1103; x_wconf 89' lang='lat' dir='ltr'><strong>quoque</strong></span> <span class='ocrx_word' id='word_1_69' title='bbox 1920 1030 2086 1103; x_wconf 90' lang='lat' dir='ltr'><strong>igna-</strong></span> 
     </span>
    </p>
   </div>
   <div class='ocr_carea' id='block_1_10' title="bbox 430 1113 2083 1190">
    <p class='ocr_par' dir='ltr' id='par_1_10' title="bbox 430 1113 2083 1190">
     <span class='ocr_line' id='line_1_10' title="bbox 430 1113 2083 1190; baseline 0.005 -24"><span class='ocrx_word' id='word_1_70' title='bbox 430 1127 563 1167; x_wconf 90' lang='lat' dir='ltr'><strong>rum</strong></span> <span class='ocrx_word' id='word_1_71' title='bbox 596 1113 1025 1186; x_wconf 88' lang='lat' dir='ltr'><strong>esse,nibilque</strong></span> <span class='ocrx_word' id='word_1_72' title='bbox 1054 1117 1292 1174; x_wconf 89' lang='lat' dir='ltr'><strong>omnino</strong></span> <span class='ocrx_word' id='word_1_73' title='bbox 1324 1120 1479 1190; x_wconf 89' lang='lat' dir='ltr'><strong>quod</strong></span> <span class='ocrx_word' id='word_1_74' title='bbox 1510 1136 1711 1176; x_wconf 90' lang='lat' dir='ltr'><strong>verum</strong></span> <span class='ocrx_word' id='word_1_75' title='bbox 1747 1119 1827 1175; x_wconf 87' lang='lat' dir='ltr'><strong>sit</strong></span> <span class='ocrx_word' id='word_1_76' title='bbox 1845 1120 2083 1189; x_wconf 89' lang='lat' dir='ltr'><strong>sentire,</strong></span> 
     </span>
    </p>
   </div>
   <div class='ocr_carea' id='block_1_11' title="bbox 427 1202 2082 1273">
    <p class='ocr_par' dir='ltr' id='par_1_11' title="bbox 427 1202 2082 1273">
     <span class='ocr_line' id='line_1_11' title="bbox 427 1202 2082 1273; baseline 0.007 -18"><span class='ocrx_word' id='word_1_77' title='bbox 427 1202 528 1256; x_wconf 89' lang='lat' dir='ltr'><strong>sed</strong></span> <span class='ocrx_word' id='word_1_78' title='bbox 559 1206 794 1258; x_wconf 89' lang='lat' dir='ltr'><strong>tantum</strong></span> <span class='ocrx_word' id='word_1_79' title='bbox 827 1203 1202 1261; x_wconf 84' lang='lat' dir='ltr'><strong>simulatione</strong></span> <span class='ocrx_word' id='word_1_80' title='bbox 1232 1208 1336 1264; x_wconf 91' lang='lat' dir='ltr'><strong>uti.</strong></span> <span class='ocrx_word' id='word_1_81' title='bbox 1372 1209 1480 1273; x_wconf 86' lang='lat' dir='ltr'><strong>Qui</strong></span> <span class='ocrx_word' id='word_1_82' title='bbox 1526 1210 1683 1264; x_wconf 87' lang='lat' dir='ltr'><strong>enim</strong></span> <span class='ocrx_word' id='word_1_83' title='bbox 1711 1225 1847 1265; x_wconf 89' lang='lat' dir='ltr'><strong>vera</strong></span> <span class='ocrx_word' id='word_1_84' title='bbox 1875 1210 1946 1265; x_wconf 92' lang='lat' dir='ltr'><strong>de</strong></span> <span class='ocrx_word' id='word_1_85' title='bbox 1976 1209 2082 1265; x_wconf 82' lang='lat' dir='ltr'><strong>Pa-</strong></span> 
     </span>
    </p>
   </div>
   <div class='ocr_carea' id='block_1_12' title="bbox 422 1290 2082 1371">
    <p class='ocr_par' dir='ltr' id='par_1_12' title="bbox 422 1290 2082 1371">
     <span class='ocr_line' id='line_1_12' title="bbox 422 1290 2082 1371; baseline 0.007 -27"><span class='ocrx_word' id='word_1_86' title='bbox 422 1294 509 1345; x_wconf 87' lang='lat' dir='ltr'><strong>tre</strong></span> <span class='ocrx_word' id='word_1_87' title='bbox 538 1290 591 1346; x_wconf 92' lang='lat' dir='ltr'><strong>is</strong></span> <span class='ocrx_word' id='word_1_88' title='bbox 639 1291 918 1363; x_wconf 85' lang='lat' dir='ltr'><strong>proferat,</strong></span> <span class='ocrx_word' id='word_1_89' title='bbox 951 1296 1049 1365; x_wconf 88' lang='lat' dir='ltr'><strong>qui</strong></span> <span class='ocrx_word' id='word_1_90' title='bbox 1108 1296 1347 1364; x_wconf 87' lang='lat' dir='ltr'><strong>Filium,</strong></span> <span class='ocrx_word' id='word_1_91' title='bbox 1376 1315 1410 1353; x_wconf 93' lang='lat' dir='ltr'><strong>a</strong></span> <span class='ocrx_word' id='word_1_92' title='bbox 1439 1315 1554 1370; x_wconf 92' lang='lat' dir='ltr'><strong>quo</strong></span> <span class='ocrx_word' id='word_1_93' title='bbox 1587 1299 1779 1354; x_wconf 88' lang='lat' dir='ltr'><strong>Patris</strong></span> <span class='ocrx_word' id='word_1_94' title='bbox 1829 1297 2082 1371; x_wconf 84' lang='lat' dir='ltr'><strong>cognitio</strong></span> 
     </span>
    </p>
   </div>
   <div class='ocr_carea' id='block_1_13' title="bbox 425 1379 2082 1462">
    <p class='ocr_par' dir='ltr' id='par_1_13' title="bbox 425 1379 2082 1462">
     <span class='ocr_line' id='line_1_13' title="bbox 425 1379 2082 1462; baseline 0.005 -27"><span class='ocrx_word' id='word_1_95' title='bbox 425 1379 620 1435; x_wconf 90' lang='lat' dir='ltr'><strong>omnis</strong></span> <span class='ocrx_word' id='word_1_96' title='bbox 654 1379 1013 1454; x_wconf 90' lang='lat' dir='ltr'><strong>impertitur,</strong></span> <span class='ocrx_word' id='word_1_97' title='bbox 1045 1387 1224 1441; x_wconf 84' lang='lat' dir='ltr'><strong>audet</strong></span> <span class='ocrx_word' id='word_1_98' title='bbox 1253 1404 1467 1460; x_wconf 90' lang='lat' dir='ltr'><strong>negare</strong></span> <span class='ocrx_word' id='word_1_99' title='bbox 1490 1389 1518 1443; x_wconf 78' lang='lat' dir='ltr'><strong><em>‘I</em></strong></span> <span class='ocrx_word' id='word_1_100' title='bbox 1546 1388 1647 1444; x_wconf 90' lang='lat' dir='ltr'><strong>Vel</strong></span> <span class='ocrx_word' id='word_1_101' title='bbox 1696 1388 1796 1462; x_wconf 86' lang='lat' dir='ltr'><strong>qui</strong></span> <span class='ocrx_word' id='word_1_102' title='bbox 1829 1394 1981 1444; x_wconf 85' lang='lat' dir='ltr'><strong>recte</strong></span> <span class='ocrx_word' id='word_1_103' title='bbox 2009 1389 2082 1444; x_wconf 88' lang='lat' dir='ltr'><strong>de</strong></span> 
     </span>
    </p>
   </div>
   <div class='ocr_carea' id='block_1_14' title="bbox 425 1466 2078 1550">
    <p class='ocr_par' dir='ltr' id='par_1_14' title="bbox 425 1466 2078 1550">
     <span class='ocr_line' id='line_1_14' title="bbox 425 1466 2078 1550; baseline 0.008 -28"><span class='ocrx_word' id='word_1_104' title='bbox 425 1466 645 1539; x_wconf 85' lang='lat' dir='ltr'><strong>Spiritu</strong></span> <span class='ocrx_word' id='word_1_105' title='bbox 680 1476 882 1527; x_wconf 87' lang='lat' dir='ltr'><strong>sancto</strong></span> <span class='ocrx_word' id='word_1_106' title='bbox 914 1471 1010 1527; x_wconf 92' lang='lat' dir='ltr'><strong>ille</strong></span> <span class='ocrx_word' id='word_1_107' title='bbox 1041 1474 1402 1547; x_wconf 85' lang='lat' dir='ltr'><strong>opinabitur,</strong></span> <span class='ocrx_word' id='word_1_108' title='bbox 1438 1477 1539 1549; x_wconf 90' lang='lat' dir='ltr'><strong>qui</strong></span> <span class='ocrx_word' id='word_1_109' title='bbox 1572 1479 1643 1534; x_wconf 91' lang='lat' dir='ltr'><strong>de</strong></span> <span class='ocrx_word' id='word_1_110' title='bbox 1696 1477 1864 1548; x_wconf 90' lang='lat' dir='ltr'><strong>Filio,</strong></span> <span class='ocrx_word' id='word_1_111' title='bbox 1898 1494 1932 1533; x_wconf 90' lang='lat' dir='ltr'><strong>a</strong></span> <span class='ocrx_word' id='word_1_112' title='bbox 1958 1493 2078 1550; x_wconf 89' lang='lat' dir='ltr'><strong>quo</strong></span> 
     </span>
    </p>
   </div>
   <div class='ocr_carea' id='block_1_15' title="bbox 428 1556 2081 1639">
    <p class='ocr_par' dir='ltr' id='par_1_15' title="bbox 428 1556 2081 1639">
     <span class='ocr_line' id='line_1_15' title="bbox 428 1556 2081 1639; baseline 0.006 -26"><span class='ocrx_word' id='word_1_113' title='bbox 428 1556 556 1629; x_wconf 84' lang='lat' dir='ltr'><strong>ipse</strong></span> <span class='ocrx_word' id='word_1_114' title='bbox 581 1558 961 1632; x_wconf 88' lang='lat' dir='ltr'><strong>datur,impie</strong></span> <span class='ocrx_word' id='word_1_115' title='bbox 986 1578 1099 1619; x_wconf 93' lang='lat' dir='ltr'><strong>non</strong></span> <span class='ocrx_word' id='word_1_116' title='bbox 1126 1569 1362 1621; x_wconf 90' lang='lat' dir='ltr'><strong>veretur</strong></span> <span class='ocrx_word' id='word_1_117' title='bbox 1379 1566 1582 1639; x_wconf 84' lang='lat' dir='ltr'><strong>loqui?</strong></span> <span class='ocrx_word' id='word_1_118' title='bbox 1613 1566 1754 1632; x_wconf 91' lang='lat' dir='ltr'><strong>Quis</strong></span> <span class='ocrx_word' id='word_1_119' title='bbox 1771 1566 1857 1622; x_wconf 86' lang='lat' dir='ltr'><strong>illi</strong></span> <span class='ocrx_word' id='word_1_120' title='bbox 1879 1567 2081 1623; x_wconf 87' lang='lat' dir='ltr'><strong>credat</strong></span> 
     </span>
    </p>
   </div>
   <div class='ocr_carea' id='block_1_16' title="bbox 424 1647 2081 1728">
    <p class='ocr_par' dir='ltr' id='par_1_16' title="bbox 424 1647 2081 1728">
     <span class='ocr_line' id='line_1_16' title="bbox 424 1647 2081 1728; baseline 0.005 -26"><span class='ocrx_word' id='word_1_121' title='bbox 424 1647 497 1703; x_wconf 91' lang='lat' dir='ltr'><strong>de</strong></span> <span class='ocrx_word' id='word_1_122' title='bbox 528 1648 951 1705; x_wconf 86' lang='lat' dir='ltr'><strong>resurrectione</strong></span> <span class='ocrx_word' id='word_1_123' title='bbox 999 1650 1329 1726; x_wconf 85' lang='lat' dir='ltr'><strong>disserenti,</strong></span> <span class='ocrx_word' id='word_1_124' title='bbox 1363 1656 1463 1727; x_wconf 91' lang='lat' dir='ltr'><strong>qui</strong></span> <span class='ocrx_word' id='word_1_125' title='bbox 1511 1655 1810 1713; x_wconf 90' lang='lat' dir='ltr'><strong>Christum</strong></span> <span class='ocrx_word' id='word_1_126' title='bbox 1844 1660 2081 1728; x_wconf 86' lang='lat' dir='ltr'><strong>propter</strong></span> 
     </span>
    </p>
   </div>
   <div class='ocr_carea' id='block_1_17' title="bbox 423 1736 2075 1816">
    <p class='ocr_par' dir='ltr' id='par_1_17' title="bbox 423 1736 2075 1816">
     <span class='ocr_line' id='line_1_17' title="bbox 423 1736 2075 1816; baseline 0.006 -26"><span class='ocrx_word' id='word_1_127' title='bbox 423 1751 532 1792; x_wconf 90' lang='lat' dir='ltr'><strong>nos</strong></span> <span class='ocrx_word' id='word_1_128' title='bbox 562 1736 781 1792; x_wconf 86' lang='lat' dir='ltr'><strong>factum</strong></span> <span class='ocrx_word' id='word_1_129' title='bbox 805 1737 1259 1812; x_wconf 80' lang='lat' dir='ltr'><strong>primogenitum</strong></span> <span class='ocrx_word' id='word_1_130' title='bbox 1289 1759 1357 1798; x_wconf 82' lang='lat' dir='ltr'><strong>ex</strong></span> <span class='ocrx_word' id='word_1_131' title='bbox 1379 1745 1629 1800; x_wconf 88' lang='lat' dir='ltr'><strong>mortuis</strong></span> <span class='ocrx_word' id='word_1_132' title='bbox 1653 1746 1699 1780; x_wconf 79' lang='grc'>¹²</span> <span class='ocrx_word' id='word_1_133' title='bbox 1717 1745 1937 1816; x_wconf 81' lang='lat' dir='ltr'><strong>negat?</strong></span> <span class='ocrx_word' id='word_1_134' title='bbox 1967 1746 2075 1811; x_wconf 87' lang='lat' dir='ltr'><strong>Qui</strong></span> 
     </span>
    </p>
   </div>
   <div class='ocr_carea' id='block_1_18' title="bbox 420 1825 2156 1935">
    <p class='ocr_par' dir='ltr' id='par_1_18' title="bbox 420 1825 2156 1935">
     <span class='ocr_line' id='line_1_18' title="bbox 420 1825 2156 1935; baseline 0.007 -57"><span class='ocrx_word' id='word_1_135' title='bbox 420 1840 555 1880; x_wconf 87' lang='lat' dir='ltr'><strong>vero</strong></span> <span class='ocrx_word' id='word_1_136' title='bbox 576 1825 701 1880; x_wconf 80' lang='lat' dir='ltr'><strong>fieri</strong></span> <span class='ocrx_word' id='word_1_137' title='bbox 726 1829 914 1898; x_wconf 87' lang='lat' dir='ltr'><strong>potest</strong></span> <span class='ocrx_word' id='word_1_138' title='bbox 938 1832 1000 1883; x_wconf 92' lang='lat' dir='ltr'><strong>ut</strong></span> <span class='ocrx_word' id='word_1_139' title='bbox 1019 1828 1092 1898; x_wconf 90' lang='lat' dir='ltr'><strong>is,</strong></span> <span class='ocrx_word' id='word_1_140' title='bbox 1124 1830 1225 1901; x_wconf 89' lang='lat' dir='ltr'><strong>qui</strong></span> <span class='ocrx_word' id='word_1_141' title='bbox 1246 1847 1589 1904; x_wconf 86' lang='lat' dir='ltr'><strong>germanam</strong></span> <span class='ocrx_word' id='word_1_142' title='bbox 1631 1850 1698 1889; x_wconf 88' lang='lat' dir='ltr'><strong>ac</strong></span> <span class='ocrx_word' id='word_1_143' title='bbox 1727 1849 1922 1889; x_wconf 88' lang='lat' dir='ltr'><strong>veram</strong></span> <span class='ocrx_word' id='word_1_144' title='bbox 1946 1832 2077 1889; x_wconf 86' lang='lat' dir='ltr'><strong>Filii</strong></span> <span class='ocrx_word' id='word_1_145' title='bbox 2107 1870 2156 1935; x_wconf 79' lang='grc' dir='ltr'><strong>Β</strong></span> 
     </span>
     <span class='ocr_line' id='line_1_19' title="bbox 426 1914 1970 1935; baseline 0.007 -9"><span class='ocrx_word' id='word_1_146' title='bbox 426 1927 489 1935; x_wconf 83' lang='lat'><strong>__</strong></span> <span class='ocrx_word' id='word_1_147' title='bbox 523 1914 685 1935; x_wconf 50' lang='lat' dir='ltr'><strong>m,“</strong></span> <span class='ocrx_word' id='word_1_148' title='bbox 1269 1920 1281 1935; x_wconf 89' lang='lat'><strong>.</strong></span> <span class='ocrx_word' id='word_1_149' title='bbox 1431 1921 1443 1933; x_wconf 94' lang='lat'><strong>.</strong></span> <span class='ocrx_word' id='word_1_150' title='bbox 1643 1927 1681 1935; x_wconf 82' lang='lat'><strong>.-</strong></span> <span class='ocrx_word' id='word_1_151' title='bbox 1752 1922 1764 1933; x_wconf 92' lang='lat'><strong>.</strong></span> <span class='ocrx_word' id='word_1_152' title='bbox 1957 1923 1970 1935; x_wconf 95' lang='lat'><strong>.</strong></span> 
     </span>
    </p>
   </div>
   <div class='ocr_carea' id='block_1_19' title="bbox 422 1914 2075 1995">
    <p class='ocr_par' dir='ltr' id='par_1_19' title="bbox 422 1914 2075 1995">
     <span class='ocr_line' id='line_1_20' title="bbox 422 1914 2075 1995; baseline 0.006 -26"><span class='ocrx_word' id='word_1_153' title='bbox 422 1927 493 1969; x_wconf 80' lang='lat' dir='ltr'><strong>ex</strong></span> <span class='ocrx_word' id='word_1_154' title='bbox 523 1914 688 1971; x_wconf 86' lang='lat' dir='ltr'><strong>Patre</strong></span> <span class='ocrx_word' id='word_1_155' title='bbox 736 1917 1171 1988; x_wconf 84' lang='lat' dir='ltr'><strong>generationem</strong></span> <span class='ocrx_word' id='word_1_156' title='bbox 1228 1920 1399 1992; x_wconf 86' lang='lat' dir='ltr'><strong>plane</strong></span> <span class='ocrx_word' id='word_1_157' title='bbox 1428 1921 1682 1995; x_wconf 71' lang='lat' dir='ltr'><strong>ignorat:</strong></span> <span class='ocrx_word' id='word_1_158' title='bbox 1714 1922 1870 1978; x_wconf 88' lang='lat' dir='ltr'><strong>circa</strong></span> <span class='ocrx_word' id='word_1_159' title='bbox 1920 1923 2075 1994; x_wconf 89' lang='lat' dir='ltr'><strong>ejus-</strong></span> 
     </span>
    </p>
   </div>
   <div class='ocr_carea' id='block_1_20' title="bbox 428 2002 2083 2076">
    <p class='ocr_par' dir='ltr' id='par_1_20' title="bbox 428 2002 2083 2076">
     <span class='ocr_line' id='line_1_21' title="bbox 428 2002 2083 2076; baseline 0.006 -18"><span class='ocrx_word' id='word_1_160' title='bbox 428 2002 561 2058; x_wconf 90' lang='lat' dir='ltr'><strong>dem</strong></span> <span class='ocrx_word' id='word_1_161' title='bbox 595 2018 939 2076; x_wconf 89' lang='lat' dir='ltr'><strong>corporeum</strong></span> <span class='ocrx_word' id='word_1_162' title='bbox 971 2007 1285 2064; x_wconf 78' lang='lat' dir='ltr'><strong>adventum</strong></span> <span class='ocrx_word' id='word_1_163' title='bbox 1321 2027 1435 2066; x_wconf 91' lang='lat' dir='ltr'><strong>non</strong></span> <span class='ocrx_word' id='word_1_164' title='bbox 1466 2012 1667 2067; x_wconf 82' lang='lat' dir='ltr'><strong>erret?</strong></span> <span class='ocrx_word' id='word_1_165' title='bbox 1720 2013 1806 2067; x_wconf 84' lang='lat' dir='ltr'><strong>lta</strong></span> <span class='ocrx_word' id='word_1_166' title='bbox 1835 2011 1993 2067; x_wconf 90' lang='lat' dir='ltr'><strong>enim</strong></span> <span class='ocrx_word' id='word_1_167' title='bbox 2024 2015 2083 2067; x_wconf 88' lang='lat' dir='ltr'><strong>et</strong></span> 
     </span>
    </p>
   </div>
   <div class='ocr_carea' id='block_1_21' title="bbox 429 2090 2080 2173">
    <p class='ocr_par' dir='ltr' id='par_1_21' title="bbox 429 2090 2080 2173">
     <span class='ocr_line' id='line_1_22' title="bbox 429 2090 2080 2173; baseline 0.005 -27"><span class='ocrx_word' id='word_1_168' title='bbox 429 2090 566 2147; x_wconf 88' lang='lat' dir='ltr'><strong>olim</strong></span> <span class='ocrx_word' id='word_1_169' title='bbox 599 2091 806 2161; x_wconf 76' lang='lat' dir='ltr'><strong>Judmi,</strong></span> <span class='ocrx_word' id='word_1_170' title='bbox 839 2098 1154 2167; x_wconf 87' lang='lat' dir='ltr'><strong>postquam</strong></span> <span class='ocrx_word' id='word_1_171' title='bbox 1208 2098 1455 2155; x_wconf 83' lang='lat' dir='ltr'><strong>Verbum</strong></span> <span class='ocrx_word' id='word_1_172' title='bbox 1493 2104 1874 2173; x_wconf 88' lang='lat' dir='ltr'><strong>negaverunt,</strong></span> <span class='ocrx_word' id='word_1_173' title='bbox 1906 2104 1964 2156; x_wconf 89' lang='lat' dir='ltr'><strong>et</strong></span> <span class='ocrx_word' id='word_1_174' title='bbox 1990 2100 2080 2155; x_wconf 89' lang='lat' dir='ltr'><strong>di-</strong></span> 
     </span>
    </p>
   </div>
   <div class='ocr_carea' id='block_1_22' title="bbox 422 2182 2082 2259">
    <p class='ocr_par' dir='ltr' id='par_1_22' title="bbox 422 2182 2082 2259">
     <span class='ocr_line' id='line_1_23' title="bbox 422 2182 2082 2259; baseline 0.005 -23"><span class='ocrx_word' id='word_1_175' title='bbox 422 2188 658 2247; x_wconf 82' lang='lat' dir='ltr'><strong>xerunt,</strong></span> <span class='ocrx_word' id='word_1_176' title='bbox 687 2182 803 2237; x_wconf 84' lang='lat' dir='ltr'><strong>Non</strong></span> <span class='ocrx_word' id='word_1_177' title='bbox 834 2183 1095 2240; x_wconf 77' lang='lat' dir='ltr'><strong>habemus</strong></span> <span class='ocrx_word' id='word_1_178' title='bbox 1142 2186 1322 2259; x_wconf 78' lang='lat' dir='ltr'><strong>regem</strong></span> <span class='ocrx_word' id='word_1_179' title='bbox 1350 2189 1466 2244; x_wconf 77' lang='lat' dir='ltr'><strong>nisi</strong></span> <span class='ocrx_word' id='word_1_180' title='bbox 1511 2189 1780 2245; x_wconf 75' lang='lat' dir='ltr'><strong>Caesarem</strong></span> <span class='ocrx_word' id='word_1_181' title='bbox 1806 2190 1873 2257; x_wconf 69' lang='lat'><strong>‘3,</strong></span> <span class='ocrx_word' id='word_1_182' title='bbox 1904 2189 2082 2245; x_wconf 88' lang='lat' dir='ltr'><strong>rebus</strong></span> 
     </span>
    </p>
   </div>
   <div class='ocr_carea' id='block_1_23' title="bbox 427 2267 2079 2350">
    <p class='ocr_par' dir='ltr' id='par_1_23' title="bbox 427 2267 2079 2350">
     <span class='ocr_line' id='line_1_24' title="bbox 427 2267 2079 2350; baseline 0.005 -26"><span class='ocrx_word' id='word_1_183' title='bbox 427 2267 704 2326; x_wconf 87' lang='lat' dir='ltr'><strong>omnibus</strong></span> <span class='ocrx_word' id='word_1_184' title='bbox 752 2270 1029 2329; x_wconf 88' lang='lat' dir='ltr'><strong>continuo</strong></span> <span class='ocrx_word' id='word_1_185' title='bbox 1060 2273 1295 2346; x_wconf 89' lang='lat' dir='ltr'><strong>spoliati</strong></span> <span class='ocrx_word' id='word_1_186' title='bbox 1345 2281 1506 2348; x_wconf 90' lang='lat' dir='ltr'><strong>sunt,</strong></span> <span class='ocrx_word' id='word_1_187' title='bbox 1539 2292 1605 2332; x_wconf 89' lang='lat' dir='ltr'><strong>ac</strong></span> <span class='ocrx_word' id='word_1_188' title='bbox 1649 2276 1779 2334; x_wconf 92' lang='lat' dir='ltr'><strong>luce</strong></span> <span class='ocrx_word' id='word_1_189' title='bbox 1809 2277 2079 2350; x_wconf 65' lang='lat' dir='ltr'><strong>lucerna,</strong></span> 
     </span>
    </p>
   </div>
   <div class='ocr_carea' id='block_1_24' title="bbox 428 2359 2081 2439">
    <p class='ocr_par' dir='ltr' id='par_1_24' title="bbox 428 2359 2081 2439">
     <span class='ocr_line' id='line_1_25' title="bbox 428 2359 2081 2439; baseline 0.007 -27"><span class='ocrx_word' id='word_1_190' title='bbox 428 2359 713 2431; x_wconf 88' lang='lat' dir='ltr'><strong>unguenti</strong></span> <span class='ocrx_word' id='word_1_191' title='bbox 745 2360 942 2427; x_wconf 90' lang='lat' dir='ltr'><strong>odore,</strong></span> <span class='ocrx_word' id='word_1_192' title='bbox 975 2362 1292 2436; x_wconf 73' lang='lat' dir='ltr'><strong>prophetiae</strong></span> <span class='ocrx_word' id='word_1_193' title='bbox 1322 2366 1674 2439; x_wconf 88' lang='lat' dir='ltr'><strong>cognitione,</strong></span> <span class='ocrx_word' id='word_1_194' title='bbox 1706 2367 1952 2439; x_wconf 86' lang='lat' dir='ltr'><strong>ipsaque</strong></span> <span class='ocrx_word' id='word_1_195' title='bbox 1980 2382 2081 2424; x_wconf 90' lang='lat' dir='ltr'><strong>ve-</strong></span> 
     </span>
    </p>
   </div>
   <div class='ocr_carea' id='block_1_25' title="bbox 426 2447 2079 2526">
    <p class='ocr_par' dir='ltr' id='par_1_25' title="bbox 426 2447 2079 2526">
     <span class='ocr_line' id='line_1_26' title="bbox 426 2447 2079 2526; baseline 0.005 -24"><span class='ocrx_word' id='word_1_196' title='bbox 426 2447 599 2503; x_wconf 81' lang='lat' dir='ltr'><strong>ritate</strong></span> <span class='ocrx_word' id='word_1_197' title='bbox 629 2448 772 2504; x_wconf 90' lang='lat' dir='ltr'><strong>nudi</strong></span> <span class='ocrx_word' id='word_1_198' title='bbox 805 2454 947 2505; x_wconf 90' lang='lat' dir='ltr'><strong>sunt</strong></span> <span class='ocrx_word' id='word_1_199' title='bbox 977 2451 1264 2521; x_wconf 83' lang='lat' dir='ltr'><strong>destituti,</strong></span> <span class='ocrx_word' id='word_1_200' title='bbox 1290 2455 1393 2526; x_wconf 90' lang='lat' dir='ltr'><strong>qui</strong></span> <span class='ocrx_word' id='word_1_201' title='bbox 1418 2461 1474 2511; x_wconf 92' lang='lat' dir='ltr'><strong>et</strong></span> <span class='ocrx_word' id='word_1_202' title='bbox 1499 2456 1671 2512; x_wconf 90' lang='lat' dir='ltr'><strong>modo</strong></span> <span class='ocrx_word' id='word_1_203' title='bbox 1695 2455 1841 2511; x_wconf 91' lang='lat' dir='ltr'><strong>nihil</strong></span> <span class='ocrx_word' id='word_1_204' title='bbox 1861 2455 2079 2512; x_wconf 80' lang='lat' dir='ltr'><strong>intelli-</strong></span> 
     </span>
    </p>
   </div>
   <div class='ocr_carea' id='block_1_26' title="bbox 423 2540 2081 2611">
    <p class='ocr_par' dir='ltr' id='par_1_26' title="bbox 423 2540 2081 2611">
     <span class='ocr_line' id='line_1_27' title="bbox 423 2540 2081 2611; baseline 0.006 -20"><span class='ocrx_word' id='word_1_205' title='bbox 423 2540 626 2608; x_wconf 90' lang='lat' dir='ltr'><strong>gentes</strong></span> <span class='ocrx_word' id='word_1_206' title='bbox 655 2540 942 2611; x_wconf 85' lang='lat' dir='ltr'><strong>tanquam</strong></span> <span class='ocrx_word' id='word_1_207' title='bbox 990 2541 1052 2597; x_wconf 92' lang='lat' dir='ltr'><strong>in</strong></span> <span class='ocrx_word' id='word_1_208' title='bbox 1083 2543 1342 2599; x_wconf 89' lang='lat' dir='ltr'><strong>tenebris</strong></span> <span class='ocrx_word' id='word_1_209' title='bbox 1394 2544 1722 2601; x_wconf 71' lang='lat' dir='ltr'><strong>ambulant.</strong></span> <span class='ocrx_word' id='word_1_210' title='bbox 1772 2544 2081 2602; x_wconf 82' lang='lat' dir='ltr'><strong>Enimvero</strong></span> 
     </span>
    </p>
   </div>
   <div class='ocr_carea' id='block_1_27' title="bbox 426 2625 2082 2706">
    <p class='ocr_par' dir='ltr' id='par_1_27' title="bbox 426 2625 2082 2706">
     <span class='ocr_line' id='line_1_28' title="bbox 426 2625 2082 2706; baseline 0.005 -26"><span class='ocrx_word' id='word_1_211' title='bbox 426 2625 562 2697; x_wconf 89' lang='lat' dir='ltr'><strong>quis</strong></span> <span class='ocrx_word' id='word_1_212' title='bbox 612 2625 751 2684; x_wconf 89' lang='lat' dir='ltr'><strong>talia</strong></span> <span class='ocrx_word' id='word_1_213' title='bbox 780 2628 1008 2686; x_wconf 85' lang='lat' dir='ltr'><strong>audivit</strong></span> <span class='ocrx_word' id='word_1_214' title='bbox 1058 2647 1322 2705; x_wconf 89' lang='lat' dir='ltr'><strong>unquam</strong></span> <span class='ocrx_word' id='word_1_215' title='bbox 1351 2633 1379 2688; x_wconf 70' lang='grc' dir='ltr'>ἰ’</span> <span class='ocrx_word' id='word_1_216' title='bbox 1423 2638 1542 2688; x_wconf 78' lang='lat' dir='ltr'><strong>Aut</strong></span> <span class='ocrx_word' id='word_1_217' title='bbox 1586 2634 1743 2690; x_wconf 92' lang='lat' dir='ltr'><strong>unde</strong></span> <span class='ocrx_word' id='word_1_218' title='bbox 1783 2634 1937 2691; x_wconf 89' lang='lat' dir='ltr'><strong>vela</strong></span> <span class='ocrx_word' id='word_1_219' title='bbox 1965 2650 2082 2706; x_wconf 90' lang='lat' dir='ltr'><strong>quo</strong></span> 
     </span>
    </p>
   </div>
   <div class='ocr_carea' id='block_1_28' title="bbox 430 2713 2084 2795">
    <p class='ocr_par' dir='ltr' id='par_1_28' title="bbox 430 2713 2084 2795">
     <span class='ocr_line' id='line_1_29' title="bbox 430 2713 2084 2795; baseline 0.005 -25"><span class='ocrx_word' id='word_1_220' title='bbox 430 2713 679 2786; x_wconf 86' lang='lat' dir='ltr'><strong>hujusce</strong></span> <span class='ocrx_word' id='word_1_221' title='bbox 699 2716 939 2774; x_wconf 67' lang='lat' dir='ltr'><strong>haeresis</strong></span> <span class='ocrx_word' id='word_1_222' title='bbox 960 2720 1292 2777; x_wconf 87' lang='lat' dir='ltr'><strong>adulatores</strong></span> <span class='ocrx_word' id='word_1_223' title='bbox 1317 2723 1664 2787; x_wconf 87' lang='lat' dir='ltr'><strong>muneribus</strong></span> <span class='ocrx_word' id='word_1_224' title='bbox 1686 2723 1945 2795; x_wconf 89' lang='lat' dir='ltr'><strong>corrupti</strong></span> <span class='ocrx_word' id='word_1_225' title='bbox 1969 2723 2084 2779; x_wconf 88' lang='lat' dir='ltr'><strong>ista</strong></span> 
     </span>
    </p>
   </div>
   <div class='ocr_carea' id='block_1_29' title="bbox 429 2803 2084 2884">
    <p class='ocr_par' dir='ltr' id='par_1_29' title="bbox 429 2803 2084 2884">
     <span class='ocr_line' id='line_1_30' title="bbox 429 2803 2084 2884; baseline 0.005 -25"><span class='ocrx_word' id='word_1_226' title='bbox 429 2803 742 2861; x_wconf 82' lang='lat' dir='ltr'><strong>didicere?</strong></span> <span class='ocrx_word' id='word_1_227' title='bbox 798 2808 939 2872; x_wconf 88' lang='lat' dir='ltr'><strong>Quis</strong></span> <span class='ocrx_word' id='word_1_228' title='bbox 987 2807 1141 2876; x_wconf 91' lang='lat' dir='ltr'><strong>illos,</strong></span> <span class='ocrx_word' id='word_1_229' title='bbox 1193 2827 1321 2867; x_wconf 90' lang='lat' dir='ltr'><strong>cum</strong></span> <span class='ocrx_word' id='word_1_230' title='bbox 1381 2811 1725 2869; x_wconf 84' lang='lat' dir='ltr'><strong>Christianas</strong></span> <span class='ocrx_word' id='word_1_231' title='bbox 1784 2812 2084 2884; x_wconf 90' lang='lat' dir='ltr'><strong>religionis</strong></span> 
     </span>
    </p>
   </div>
   <div class='ocr_carea' id='block_1_30' title="bbox 427 2893 2087 2973">
    <p class='ocr_par' dir='ltr' id='par_1_30' title="bbox 427 2893 2087 2973">
     <span class='ocr_line' id='line_1_31' title="bbox 427 2893 2087 2973; baseline 0.005 -25"><span class='ocrx_word' id='word_1_232' title='bbox 427 2893 736 2950; x_wconf 89' lang='lat' dir='ltr'><strong>elementis</strong></span> <span class='ocrx_word' id='word_1_233' title='bbox 768 2894 1592 2973; x_wconf 80' lang='lat' dir='ltr'><strong>informabantur,quidquam</strong></span> <span class='ocrx_word' id='word_1_234' title='bbox 1616 2900 1809 2958; x_wconf 90' lang='lat' dir='ltr'><strong>simile</strong></span> <span class='ocrx_word' id='word_1_235' title='bbox 1839 2902 2039 2957; x_wconf 89' lang='lat' dir='ltr'><strong>docuit</strong></span> <span class='ocrx_word' id='word_1_236' title='bbox 2065 2903 2087 2957; x_wconf 75' lang='grc' dir='ltr'><strong><em>Ρ</em></strong></span> 
     </span>
    </p>
   </div>
   <div class='ocr_carea' id='block_1_31' title="bbox 340 2981 2084 3061">
    <p class='ocr_par' dir='ltr' id='par_1_31' title="bbox 340 2981 2084 3061">
     <span class='ocr_line' id='line_1_32' title="bbox 340 2981 2084 3061; baseline 0.006 -26"><span class='ocrx_word' id='word_1_237' title='bbox 340 2996 351 3005; x_wconf 92' lang='grc'><strong>·</strong></span> <span class='ocrx_word' id='word_1_238' title='bbox 429 2982 571 3046; x_wconf 86' lang='lat' dir='ltr'><strong>Quis</strong></span> <span class='ocrx_word' id='word_1_239' title='bbox 621 2981 740 3039; x_wconf 91' lang='lat' dir='ltr'><strong>illis</strong></span> <span class='ocrx_word' id='word_1_240' title='bbox 788 2984 953 3057; x_wconf 84' lang='lat' dir='ltr'><strong>dixit,</strong></span> <span class='ocrx_word' id='word_1_241' title='bbox 987 3004 1181 3043; x_wconf 88' lang='lat' dir='ltr'><strong>rerum</strong></span> <span class='ocrx_word' id='word_1_242' title='bbox 1233 2994 1563 3045; x_wconf 89' lang='lat' dir='ltr'><strong>creatarum</strong></span> <span class='ocrx_word' id='word_1_243' title='bbox 1615 2989 1775 3046; x_wconf 85' lang='lat' dir='ltr'><strong>cultu</strong></span> <span class='ocrx_word' id='word_1_244' title='bbox 1815 2989 2084 3061; x_wconf 89' lang='lat' dir='ltr'><strong>dimisso,</strong></span> 
     </span>
    </p>
   </div>
   <div class='ocr_carea' id='block_1_32' title="bbox 430 3069 2087 3135">
    <p class='ocr_par' dir='ltr' id='par_1_32' title="bbox 430 3069 2087 3135">
     <span class='ocr_line' id='line_1_33' title="bbox 430 3069 2087 3135; baseline 0.005 -10"><span class='ocrx_word' id='word_1_245' title='bbox 430 3069 644 3127; x_wconf 84' lang='lat' dir='ltr'><strong>iterum</strong></span> <span class='ocrx_word' id='word_1_246' title='bbox 677 3073 935 3130; x_wconf 90' lang='lat' dir='ltr'><strong>accedite</strong></span> <span class='ocrx_word' id='word_1_247' title='bbox 966 3079 1031 3131; x_wconf 91' lang='lat' dir='ltr'><strong>ut</strong></span> <span class='ocrx_word' id='word_1_248' title='bbox 1059 3093 1181 3135; x_wconf 89' lang='lat' dir='ltr'><strong>rem</strong></span> <span class='ocrx_word' id='word_1_249' title='bbox 1212 3085 1465 3135; x_wconf 88' lang='lat' dir='ltr'><strong>creatam</strong></span> <span class='ocrx_word' id='word_1_250' title='bbox 1498 3082 1557 3134; x_wconf 90' lang='lat' dir='ltr'><strong>et</strong></span> <span class='ocrx_word' id='word_1_251' title='bbox 1585 3079 1800 3135; x_wconf 83' lang='lat' dir='ltr'><strong>factam</strong></span> <span class='ocrx_word' id='word_1_252' title='bbox 1833 3077 2038 3135; x_wconf 88' lang='lat' dir='ltr'><strong>colatis</strong></span> <span class='ocrx_word' id='word_1_253' title='bbox 2058 3078 2087 3134; x_wconf 73' lang='lat' dir='ltr'><strong>‘I</strong></span> 
     </span>
    </p>
   </div>
   <div class='ocr_carea' id='block_1_33' title="bbox 431 3160 2085 3237">
    <p class='ocr_par' dir='ltr' id='par_1_33' title="bbox 431 3160 2085 3237">
     <span class='ocr_line' id='line_1_34' title="bbox 431 3160 2085 3237; baseline 0.004 -22"><span class='ocrx_word' id='word_1_254' title='bbox 431 3160 592 3226; x_wconf 86' lang='lat' dir='ltr'><strong>Quod</strong></span> <span class='ocrx_word' id='word_1_255' title='bbox 628 3161 676 3217; x_wconf 89' lang='lat' dir='ltr'><strong>si</strong></span> <span class='ocrx_word' id='word_1_256' title='bbox 708 3160 821 3234; x_wconf 92' lang='lat' dir='ltr'><strong>ipsi</strong></span> <span class='ocrx_word' id='word_1_257' title='bbox 853 3180 1011 3220; x_wconf 91' lang='lat' dir='ltr'><strong>nunc</strong></span> <span class='ocrx_word' id='word_1_258' title='bbox 1039 3165 1296 3237; x_wconf 89' lang='lat' dir='ltr'><strong>primum</strong></span> <span class='ocrx_word' id='word_1_259' title='bbox 1330 3166 1452 3223; x_wconf 66' lang='lat' dir='ltr'><strong>hinc</strong></span> <span class='ocrx_word' id='word_1_260' title='bbox 1483 3183 1546 3223; x_wconf 89' lang='lat' dir='ltr'><strong>se</strong></span> <span class='ocrx_word' id='word_1_261' title='bbox 1582 3168 1786 3224; x_wconf 90' lang='lat' dir='ltr'><strong>audire</strong></span> <span class='ocrx_word' id='word_1_262' title='bbox 1808 3168 2085 3234; x_wconf 79' lang='lat' dir='ltr'><strong>fatentur,</strong></span> 
     </span>
    </p>
   </div>
   <div class='ocr_carea' id='block_1_34' title="bbox 2199 585 3838 665">
    <p class='ocr_par' dir='ltr' id='par_1_34' title="bbox 2199 585 3838 665">
     <span class='ocr_line' id='line_1_35' title="bbox 2199 585 3838 665; baseline -0.002 -23"><span class='ocrx_word' id='word_1_263' title='bbox 2199 586 2342 643; x_wconf 77' lang='grc' dir='ltr'>οὕτω</span> <span class='ocrx_word' id='word_1_264' title='bbox 2371 588 2460 643; x_wconf 82' lang='grc' dir='ltr'><strong>καὶ</strong></span> <span class='ocrx_word' id='word_1_265' title='bbox 2490 593 2580 643; x_wconf 90' lang='grc' dir='ltr'><strong>νῦν</strong></span> <span class='ocrx_word' id='word_1_266' title='bbox 2631 590 2849 665; x_wconf 81' lang='grc' dir='ltr'>Ἀρειον</span> <span class='ocrx_word' id='word_1_267' title='bbox 2893 586 3098 643; x_wconf 78' lang='grc' dir='ltr'>ἔπεισεν</span> <span class='ocrx_word' id='word_1_268' title='bbox 3145 588 3311 643; x_wconf 76' lang='grc' dir='ltr'>εἰπεῖν</span> <span class='ocrx_word' id='word_1_269' title='bbox 3355 587 3445 642; x_wconf 76' lang='grc' dir='ltr'><strong>καὶ</strong></span> <span class='ocrx_word' id='word_1_270' title='bbox 3494 585 3838 662; x_wconf 82' lang='grc' dir='ltr'>σχηματίσα-</span> 
     </span>
    </p>
   </div>
   <div class='ocr_carea' id='block_1_35' title="bbox 2198 672 3836 753">
    <p class='ocr_par' dir='ltr' id='par_1_35' title="bbox 2198 672 3836 753">
     <span class='ocr_line' id='line_1_36' title="bbox 2198 672 3836 753; baseline -0.002 -21"><span class='ocrx_word' id='word_1_271' title='bbox 2198 688 2317 740; x_wconf 86' lang='grc' dir='ltr'>σθαι</span> <span class='ocrx_word' id='word_1_272' title='bbox 2350 675 2509 747; x_wconf 80' lang='grc' dir='ltr'><strong>δῆθεν</strong></span> <span class='ocrx_word' id='word_1_273' title='bbox 2555 677 2690 733; x_wconf 81' lang='grc' dir='ltr'><strong>κατᾶ</strong></span> <span class='ocrx_word' id='word_1_274' title='bbox 2742 682 2848 732; x_wconf 84' lang='grc' dir='ltr'><strong>τῶν</strong></span> <span class='ocrx_word' id='word_1_275' title='bbox 2896 677 3175 753; x_wconf 75' lang='grc' dir='ltr'>αἱρέσεων,</span> <span class='ocrx_word' id='word_1_276' title='bbox 3231 675 3324 731; x_wconf 72' lang='grc' dir='ltr'>’ίνα</span> <span class='ocrx_word' id='word_1_277' title='bbox 3381 672 3521 751; x_wconf 79' lang='grc' dir='ltr'>λάθῃ</span> <span class='ocrx_word' id='word_1_278' title='bbox 3568 676 3666 743; x_wconf 84' lang='grc' dir='ltr'><strong>τήν</strong></span> <span class='ocrx_word' id='word_1_279' title='bbox 3700 672 3836 730; x_wconf 77' lang='grc' dir='ltr'>ἰδίαν</span> 
     </span>
    </p>
   </div>
   <div class='ocr_carea' id='block_1_36' title="bbox 2197 759 3841 843">
    <p class='ocr_par' dir='ltr' id='par_1_36' title="bbox 2197 759 3841 843">
     <span class='ocr_line' id='line_1_37' title="bbox 2197 759 3841 843; baseline -0.001 -22"><span class='ocrx_word' id='word_1_280' title='bbox 2197 762 2511 822; x_wconf 80' lang='grc' dir='ltr'>ἐπιϐάλλων</span> <span class='ocrx_word' id='word_1_281' title='bbox 2563 769 2676 840; x_wconf 83' lang='grc'>(82)</span> <span class='ocrx_word' id='word_1_282' title='bbox 2722 766 2948 843; x_wconf 70' lang='grc' dir='ltr'>α’ίρεσιν.</span> <span class='ocrx_word' id='word_1_283' title='bbox 3001 766 3103 823; x_wconf 86' lang='grc' dir='ltr'>Καὶ</span> <span class='ocrx_word' id='word_1_284' title='bbox 3154 765 3305 839; x_wconf 81' lang='grc' dir='ltr'>ὅμως</span> <span class='ocrx_word' id='word_1_285' title='bbox 3356 765 3455 820; x_wconf 84' lang='grc' dir='ltr'><strong>οὐκ</strong></span> <span class='ocrx_word' id='word_1_286' title='bbox 3498 759 3683 828; x_wconf 79' lang='grc' dir='ltr'>ἔλαθεν</span> <span class='ocrx_word' id='word_1_287' title='bbox 3717 762 3841 820; x_wconf 77' lang='grc' dir='ltr'>οὐδὲ</span> 
     </span>
    </p>
   </div>
   <div class='ocr_carea' id='block_1_37' title="bbox 2196 852 3837 933">
    <p class='ocr_par' dir='ltr' id='par_1_37' title="bbox 2196 852 3837 933">
     <span class='ocr_line' id='line_1_38' title="bbox 2196 852 3837 933; baseline -0.001 -24"><span class='ocrx_word' id='word_1_288' title='bbox 2196 854 2373 918; x_wconf 68' lang='grc' dir='ltr'>οὕτως</span> <span class='ocrx_word' id='word_1_289' title='bbox 2405 857 2434 911; x_wconf 85' lang='grc' dir='ltr'>ὁ</span> <span class='ocrx_word' id='word_1_290' title='bbox 2487 861 2806 933; x_wconf 87' lang='grc' dir='ltr'>πανοῦργος·</span> <span class='ocrx_word' id='word_1_291' title='bbox 2854 856 2899 911; x_wconf 91' lang='grc' dir='ltr'>εί</span> <span class='ocrx_word' id='word_1_292' title='bbox 2947 856 3051 931; x_wconf 83' lang='grc' dir='ltr'><strong>γὰρ</strong></span> <span class='ocrx_word' id='word_1_293' title='bbox 3097 855 3189 910; x_wconf 87' lang='grc' dir='ltr'><strong>τὸν</strong></span> <span class='ocrx_word' id='word_1_294' title='bbox 3217 859 3315 909; x_wconf 87' lang='grc' dir='ltr'><strong>τοῦ</strong></span> <span class='ocrx_word' id='word_1_295' title='bbox 3348 858 3482 910; x_wconf 90' lang='grc' dir='ltr'>Θεοῦ</span> <span class='ocrx_word' id='word_1_296' title='bbox 3511 852 3685 928; x_wconf 83' lang='grc' dir='ltr'>Λόγον</span> <span class='ocrx_word' id='word_1_297' title='bbox 3717 852 3837 908; x_wconf 87' lang='grc' dir='ltr'>ἀσε-</span> 
     </span>
    </p>
   </div>
   <div class='ocr_carea' id='block_1_38' title="bbox 2195 939 3838 1015">
    <p class='ocr_par' dir='ltr' id='par_1_38' title="bbox 2195 939 3838 1015">
     <span class='ocr_line' id='line_1_39' title="bbox 2195 939 3838 1015; baseline -0.001 -17"><span class='ocrx_word' id='word_1_298' title='bbox 2195 939 2388 1015; x_wconf 82' lang='grc' dir='ltr'>ϐήσας,</span> <span class='ocrx_word' id='word_1_299' title='bbox 2445 945 2659 1000; x_wconf 86' lang='grc' dir='ltr'>πάντων</span> <span class='ocrx_word' id='word_1_300' title='bbox 2711 944 2865 1009; x_wconf 73' lang='grc' dir='ltr'>εὐθὺς</span> <span class='ocrx_word' id='word_1_301' title='bbox 2913 944 3141 1015; x_wconf 79' lang='grc' dir='ltr'>ἐξέπεσε,</span> <span class='ocrx_word' id='word_1_302' title='bbox 3191 943 3278 998; x_wconf 83' lang='grc' dir='ltr'><strong>καὶ</strong></span> <span class='ocrx_word' id='word_1_303' title='bbox 3345 940 3610 998; x_wconf 76' lang='grc' dir='ltr'><strong>δέδεικται</strong></span> <span class='ocrx_word' id='word_1_304' title='bbox 3657 948 3838 1013; x_wconf 82' lang='grc' dir='ltr'>πᾶσιν,</span> 
     </span>
    </p>
   </div>
   <div class='ocr_carea' id='block_1_39' title="bbox 2194 1029 3837 1108">
    <p class='ocr_par' dir='ltr' id='par_1_39' title="bbox 2194 1029 3837 1108">
     <span class='ocr_line' id='line_1_40' title="bbox 2194 1029 3837 1108; baseline 0 -21"><span class='ocrx_word' id='word_1_305' title='bbox 2194 1031 2279 1087; x_wconf 78' lang='grc' dir='ltr'><strong>ὅτι</strong></span> <span class='ocrx_word' id='word_1_306' title='bbox 2307 1034 2396 1088; x_wconf 86' lang='grc' dir='ltr'><strong>καὶ</strong></span> <span class='ocrx_word' id='word_1_307' title='bbox 2426 1035 2549 1108; x_wconf 82' lang='grc' dir='ltr'>περὶ</span> <span class='ocrx_word' id='word_1_308' title='bbox 2572 1039 2681 1089; x_wconf 80' lang='grc' dir='ltr'><strong>τῶν</strong></span> <span class='ocrx_word' id='word_1_309' title='bbox 2710 1031 2896 1088; x_wconf 77' lang='grc' dir='ltr'>ἄλλων</span> <span class='ocrx_word' id='word_1_310' title='bbox 2927 1033 3191 1107; x_wconf 79' lang='grc' dir='ltr'>ἠγνόησε,</span> <span class='ocrx_word' id='word_1_311' title='bbox 3221 1032 3309 1087; x_wconf 87' lang='grc' dir='ltr'><strong>καὶ</strong></span> <span class='ocrx_word' id='word_1_312' title='bbox 3344 1029 3513 1105; x_wconf 75' lang='grc' dir='ltr'>μηδὲν</span> <span class='ocrx_word' id='word_1_313' title='bbox 3546 1030 3692 1094; x_wconf 81' lang='grc' dir='ltr'>ὅλως</span> <span class='ocrx_word' id='word_1_314' title='bbox 3725 1033 3837 1102; x_wconf 87' lang='grc'><strong>(83)</strong></span> 
     </span>
    </p>
   </div>
   <div class='ocr_carea' id='block_1_40' title="bbox 2196 1118 3843 1200">
    <p class='ocr_par' dir='ltr' id='par_1_40' title="bbox 2196 1118 3843 1200">
     <span class='ocr_line' id='line_1_41' title="bbox 2196 1118 3843 1200; baseline -0.001 -25"><span class='ocrx_word' id='word_1_315' title='bbox 2196 1119 2393 1192; x_wconf 70' lang='grc' dir='ltr'>ἀληθὲς</span> <span class='ocrx_word' id='word_1_316' title='bbox 2440 1127 2655 1200; x_wconf 82' lang='grc' dir='ltr'>φρονῶν</span> <span class='ocrx_word' id='word_1_317' title='bbox 2710 1121 3074 1198; x_wconf 78' lang='grc' dir='ltr'><strong>ὑποκρίνεται·</strong></span> <span class='ocrx_word' id='word_1_318' title='bbox 3136 1125 3258 1183; x_wconf 82' lang='grc' dir='ltr'><strong>Πῶς</strong></span> <span class='ocrx_word' id='word_1_319' title='bbox 3311 1120 3412 1196; x_wconf 75' lang='grc' dir='ltr'><strong>γὰρ</strong></span> <span class='ocrx_word' id='word_1_320' title='bbox 3463 1118 3521 1174; x_wconf 75' lang='grc' dir='ltr'>ἂν</span> <span class='ocrx_word' id='word_1_321' title='bbox 3572 1118 3843 1193; x_wconf 79' lang='grc' dir='ltr'>ἀληθεὺσῃ</span> 
     </span>
    </p>
   </div>
   <div class='ocr_carea' id='block_1_41' title="bbox 2192 1208 3839 1288">
    <p class='ocr_par' dir='ltr' id='par_1_41' title="bbox 2192 1208 3839 1288">
     <span class='ocr_line' id='line_1_42' title="bbox 2192 1208 3839 1288; baseline -0.001 -24"><span class='ocrx_word' id='word_1_322' title='bbox 2192 1211 2313 1287; x_wconf 83' lang='grc' dir='ltr'>περὶ</span> <span class='ocrx_word' id='word_1_323' title='bbox 2369 1215 2467 1266; x_wconf 86' lang='grc' dir='ltr'><strong>τοῦ</strong></span> <span class='ocrx_word' id='word_1_324' title='bbox 2509 1213 2718 1288; x_wconf 77' lang='grc' dir='ltr'>[ἰατρὸς</span> <span class='ocrx_word' id='word_1_325' title='bbox 2768 1213 2798 1267; x_wconf 85' lang='grc' dir='ltr'><strong>ὁ</strong></span> <span class='ocrx_word' id='word_1_326' title='bbox 2844 1212 2933 1266; x_wconf 87' lang='grc' dir='ltr'><strong>τὸν</strong></span> <span class='ocrx_word' id='word_1_327' title='bbox 2980 1211 3105 1265; x_wconf 78' lang='grc' dir='ltr'><strong>Υἱὸν</strong></span> <span class='ocrx_word' id='word_1_328' title='bbox 3152 1208 3481 1286; x_wconf 75' lang='grc' dir='ltr'>ἀρνούμενος</span> <span class='ocrx_word' id='word_1_329' title='bbox 3508 1209 3599 1264; x_wconf 89' lang='grc' dir='ltr'><strong>τὸν</strong></span> <span class='ocrx_word' id='word_1_330' title='bbox 3632 1209 3839 1263; x_wconf 84' lang='grc' dir='ltr'>ἀποκα-</span> 
     </span>
    </p>
   </div>
   <div class='ocr_carea' id='block_1_42' title="bbox 2193 1297 3840 1377">
    <p class='ocr_par' dir='ltr' id='par_1_42' title="bbox 2193 1297 3840 1377">
     <span class='ocr_line' id='line_1_43' title="bbox 2193 1297 3840 1377; baseline -0.002 -21"><span class='ocrx_word' id='word_1_331' title='bbox 2193 1298 2464 1356; x_wconf 76' lang='grc' dir='ltr'>λύπτοντα</span> <span class='ocrx_word' id='word_1_332' title='bbox 2519 1301 2643 1377; x_wconf 85' lang='grc' dir='ltr'>περὶ</span> <span class='ocrx_word' id='word_1_333' title='bbox 2690 1299 2894 1370; x_wconf 84' lang='grc' dir='ltr'>αὐτοῦ;</span> <span class='ocrx_word' id='word_1_334' title='bbox 2943 1300 3013 1355; x_wconf 85' lang='grc' dir='ltr'>Ἤ</span> <span class='ocrx_word' id='word_1_335' title='bbox 3063 1304 3182 1361; x_wconf 82' lang='grc' dir='ltr'><strong>πῶς</strong></span> <span class='ocrx_word' id='word_1_336' title='bbox 3230 1298 3353 1372; x_wconf 85' lang='grc' dir='ltr'>περὶ</span> <span class='ocrx_word' id='word_1_337' title='bbox 3396 1301 3494 1353; x_wconf 87' lang='grc' dir='ltr'><strong>τοῦ</strong></span> <span class='ocrx_word' id='word_1_338' title='bbox 3526 1297 3840 1371; x_wconf 80' lang='grc' dir='ltr'>Πνεόματος</span> 
     </span>
    </p>
   </div>
   <div class='ocr_carea' id='block_1_43' title="bbox 2191 1386 3837 1467">
    <p class='ocr_par' dir='ltr' id='par_1_43' title="bbox 2191 1386 3837 1467">
     <span class='ocr_line' id='line_1_44' title="bbox 2191 1386 3837 1467; baseline -0.002 -23"><span class='ocrx_word' id='word_1_339' title='bbox 2191 1388 2325 1464; x_wconf 78' lang='grc' dir='ltr'>ὀρθὰ</span> <span class='ocrx_word' id='word_1_340' title='bbox 2352 1391 2631 1466; x_wconf 77' lang='grc' dir='ltr'>φρονήσει,</span> <span class='ocrx_word' id='word_1_341' title='bbox 2664 1386 2963 1467; x_wconf 83' lang='grc' dir='ltr'>δυσφημῶν</span> <span class='ocrx_word' id='word_1_342' title='bbox 2996 1388 3072 1450; x_wconf 75' lang='grc' dir='ltr'><strong>εἰς</strong></span> <span class='ocrx_word' id='word_1_343' title='bbox 3123 1388 3215 1443; x_wconf 89' lang='grc' dir='ltr'><strong>τὸν</strong></span> <span class='ocrx_word' id='word_1_344' title='bbox 3266 1389 3381 1460; x_wconf 75' lang='grc'>(84)</span> <span class='ocrx_word' id='word_1_345' title='bbox 3436 1391 3597 1442; x_wconf 83' lang='grc' dir='ltr'>τοῦτο</span> <span class='ocrx_word' id='word_1_346' title='bbox 3657 1406 3837 1462; x_wconf 83' lang='grc' dir='ltr'>χορη-</span> 
     </span>
    </p>
   </div>
   <div class='ocr_carea' id='block_1_44' title="bbox 2188 1473 3834 1553">
    <p class='ocr_par' dir='ltr' id='par_1_44' title="bbox 2188 1473 3834 1553">
     <span class='ocr_line' id='line_1_45' title="bbox 2188 1473 3834 1553; baseline -0.003 -21"><span class='ocrx_word' id='word_1_347' title='bbox 2188 1482 2382 1552; x_wconf 88' lang='grc' dir='ltr'>γοῦντα</span> <span class='ocrx_word' id='word_1_348' title='bbox 2430 1477 2633 1553; x_wconf 87' lang='grc' dir='ltr'>λόγον;</span> <span class='ocrx_word' id='word_1_349' title='bbox 2684 1478 2775 1540; x_wconf 88' lang='grc' dir='ltr'>Τίς</span> <span class='ocrx_word' id='word_1_350' title='bbox 2823 1475 2880 1532; x_wconf 74' lang='grc' dir='ltr'><strong>δὲ</strong></span> <span class='ocrx_word' id='word_1_351' title='bbox 2927 1476 3201 1532; x_wconf 77' lang='grc' dir='ltr'>πιστεύσει</span> <span class='ocrx_word' id='word_1_352' title='bbox 3254 1475 3470 1551; x_wconf 82' lang='grc' dir='ltr'>λέγοντι</span> <span class='ocrx_word' id='word_1_353' title='bbox 3500 1474 3679 1547; x_wconf 70' lang='grc' dir='ltr'>τούτῳ</span> <span class='ocrx_word' id='word_1_354' title='bbox 3708 1473 3834 1549; x_wconf 83' lang='grc' dir='ltr'>περὶ</span> 
     </span>
    </p>
   </div>
   <div class='ocr_carea' id='block_1_45' title="bbox 2187 1563 3832 1643">
    <p class='ocr_par' dir='ltr' id='par_1_45' title="bbox 2187 1563 3832 1643">
     <span class='ocr_line' id='line_1_46' title="bbox 2187 1563 3832 1643; baseline -0.003 -22"><span class='ocrx_word' id='word_1_355' title='bbox 2187 1565 2547 1639; x_wconf 80' lang='grc' dir='ltr'><strong>ἀναστάσεως,</strong></span> <span class='ocrx_word' id='word_1_356' title='bbox 2579 1567 2896 1643; x_wconf 70' lang='grc' dir='ltr'>ἀρνουμένῳ</span> <span class='ocrx_word' id='word_1_357' title='bbox 2922 1566 3014 1621; x_wconf 85' lang='grc' dir='ltr'>τὸν</span> <span class='ocrx_word' id='word_1_358' title='bbox 3047 1565 3107 1621; x_wconf 81' lang='grc' dir='ltr'>ἐκ</span> <span class='ocrx_word' id='word_1_359' title='bbox 3135 1569 3337 1642; x_wconf 83' lang='grc' dir='ltr'>νεκρῶν</span> <span class='ocrx_word' id='word_1_360' title='bbox 3371 1563 3442 1619; x_wconf 83' lang='grc' dir='ltr'>δι’</span> <span class='ocrx_word' id='word_1_361' title='bbox 3492 1565 3639 1637; x_wconf 80' lang='grc' dir='ltr'>ἡμᾶς</span> <span class='ocrx_word' id='word_1_362' title='bbox 3684 1582 3832 1638; x_wconf 85' lang='grc' dir='ltr'>πρω·</span> 
     </span>
    </p>
   </div>
   <div class='ocr_carea' id='block_1_46' title="bbox 2184 1650 3832 1732">
    <p class='ocr_par' dir='ltr' id='par_1_46' title="bbox 2184 1650 3832 1732">
     <span class='ocr_line' id='line_1_47' title="bbox 2184 1650 3832 1732; baseline -0.003 -22"><span class='ocrx_word' id='word_1_363' title='bbox 2184 1654 2407 1711; x_wconf 87' lang='grc' dir='ltr'>τότοκον</span> <span class='ocrx_word' id='word_1_364' title='bbox 2458 1655 2745 1732; x_wconf 87' lang='grc' dir='ltr'>γενόμενον</span> <span class='ocrx_word' id='word_1_365' title='bbox 2799 1654 3028 1730; x_wconf 86' lang='grc' dir='ltr'>Χριστόν</span> <span class='ocrx_word' id='word_1_366' title='bbox 3290 1658 3413 1716; x_wconf 79' lang='grc' dir='ltr'><strong>Πῶς</strong></span> <span class='ocrx_word' id='word_1_367' title='bbox 3446 1650 3504 1708; x_wconf 70' lang='grc' dir='ltr'>δέ</span> <span class='ocrx_word' id='word_1_368' title='bbox 3534 1652 3651 1720; x_wconf 79' lang='grc' dir='ltr'>οὐκ,</span> <span class='ocrx_word' id='word_1_369' title='bbox 3686 1652 3832 1706; x_wconf 80' lang='grc' dir='ltr'>ἄντι-</span> 
     </span>
    </p>
   </div>
   <div class='ocr_carea' id='block_1_47' title="bbox 2184 1740 3834 1819">
    <p class='ocr_par' dir='ltr' id='par_1_47' title="bbox 2184 1740 3834 1819">
     <span class='ocr_line' id='line_1_48' title="bbox 2184 1740 3834 1819; baseline -0.003 -21"><span class='ocrx_word' id='word_1_370' title='bbox 2184 1764 2314 1811; x_wconf 70' lang='grc' dir='ltr'>κρυς</span> <span class='ocrx_word' id='word_1_371' title='bbox 2348 1744 2616 1819; x_wconf 76' lang='grc' dir='ltr'>ἀγνοήσας</span> <span class='ocrx_word' id='word_1_372' title='bbox 2661 1745 2763 1812; x_wconf 82' lang='grc' dir='ltr'><strong>τήν</strong></span> <span class='ocrx_word' id='word_1_373' title='bbox 2812 1743 2872 1800; x_wconf 75' lang='grc' dir='ltr'>ἐκ</span> <span class='ocrx_word' id='word_1_374' title='bbox 2923 1744 3137 1819; x_wconf 84' lang='grc' dir='ltr'>Πατρὸς</span> <span class='ocrx_word' id='word_1_375' title='bbox 3185 1747 3283 1798; x_wconf 90' lang='grc' dir='ltr'><strong>τοῦ</strong></span> <span class='ocrx_word' id='word_1_376' title='bbox 3332 1742 3462 1797; x_wconf 72' lang='grc' dir='ltr'>Υἱοῦ</span> <span class='ocrx_word' id='word_1_377' title='bbox 3490 1740 3710 1817; x_wconf 81' lang='grc' dir='ltr'>γνησίαν</span> <span class='ocrx_word' id='word_1_378' title='bbox 3743 1745 3834 1795; x_wconf 80' lang='grc' dir='ltr'>καὶ</span> 
     </span>
    </p>
   </div>
   <div class='ocr_carea' id='block_1_48' title="bbox 2185 1827 3833 1909">
    <p class='ocr_par' dir='ltr' id='par_1_48' title="bbox 2185 1827 3833 1909">
     <span class='ocr_line' id='line_1_49' title="bbox 2185 1827 3833 1909; baseline -0.002 -22"><span class='ocrx_word' id='word_1_379' title='bbox 2185 1831 2449 1903; x_wconf 76' lang='grc' dir='ltr'>ἀληθινὴν</span> <span class='ocrx_word' id='word_1_380' title='bbox 2471 1833 2737 1909; x_wconf 89' lang='grc' dir='ltr'>γέννησιν,</span> <span class='ocrx_word' id='word_1_381' title='bbox 2768 1830 3177 1903; x_wconf 84' lang='grc' dir='ltr'>πλανηθήσεται</span> <span class='ocrx_word' id='word_1_382' title='bbox 3206 1830 3295 1886; x_wconf 84' lang='grc' dir='ltr'><strong>καὶ</strong></span> <span class='ocrx_word' id='word_1_383' title='bbox 3326 1830 3450 1906; x_wconf 82' lang='grc' dir='ltr'>περὶ</span> <span class='ocrx_word' id='word_1_384' title='bbox 3493 1836 3594 1899; x_wconf 85' lang='grc' dir='ltr'><strong>τῆς</strong></span> <span class='ocrx_word' id='word_1_385' title='bbox 3647 1827 3833 1906; x_wconf 77' lang='grc' dir='ltr'>ἐνσάρ-</span> 
     </span>
    </p>
   </div>
   <div class='ocr_carea' id='block_1_49' title="bbox 2187 1918 3839 1997">
    <p class='ocr_par' dir='ltr' id='par_1_49' title="bbox 2187 1918 3839 1997">
     <span class='ocr_line' id='line_1_50' title="bbox 2187 1918 3839 1997; baseline -0.002 -21"><span class='ocrx_word' id='word_1_386' title='bbox 2187 1942 2286 1976; x_wconf 89' lang='grc' dir='ltr'><strong>κου</strong></span> <span class='ocrx_word' id='word_1_387' title='bbox 2315 1921 2613 1996; x_wconf 73' lang='grc' dir='ltr'>παρουσίας</span> <span class='ocrx_word' id='word_1_388' title='bbox 2670 1921 2875 1990; x_wconf 84' lang='grc' dir='ltr'>αὐτοῦ;</span> <span class='ocrx_word' id='word_1_389' title='bbox 2930 1919 3090 1978; x_wconf 72' lang='grc' dir='ltr'>Οὕτω</span> <span class='ocrx_word' id='word_1_390' title='bbox 3137 1920 3237 1997; x_wconf 69' lang='grc' dir='ltr'><strong>γὰρ</strong></span> <span class='ocrx_word' id='word_1_391' title='bbox 3284 1920 3374 1975; x_wconf 87' lang='grc' dir='ltr'><strong>καὶ</strong></span> <span class='ocrx_word' id='word_1_392' title='bbox 3427 1921 3479 1974; x_wconf 71' lang='grc' dir='ltr'>οἱ</span> <span class='ocrx_word' id='word_1_393' title='bbox 3527 1918 3649 1974; x_wconf 84' lang='grc' dir='ltr'>τότε</span> <span class='ocrx_word' id='word_1_394' title='bbox 3701 1920 3839 1974; x_wconf 85' lang='grc' dir='ltr'>Ἰου-</span> 
     </span>
    </p>
   </div>
   <div class='ocr_carea' id='block_1_50' title="bbox 2190 2006 3837 2085">
    <p class='ocr_par' dir='ltr' id='par_1_50' title="bbox 2190 2006 3837 2085">
     <span class='ocr_line' id='line_1_51' title="bbox 2190 2006 3837 2085; baseline -0.001 -21"><span class='ocrx_word' id='word_1_395' title='bbox 2190 2007 2359 2080; x_wconf 83' lang='grc' dir='ltr'>δαῖοι,</span> <span class='ocrx_word' id='word_1_396' title='bbox 2403 2011 2768 2084; x_wconf 79' lang='grc' dir='ltr'>ἀρνησάμενοι</span> <span class='ocrx_word' id='word_1_397' title='bbox 2835 2011 2926 2065; x_wconf 79' lang='grc' dir='ltr'>τὸν</span> <span class='ocrx_word' id='word_1_398' title='bbox 2986 2009 3183 2085; x_wconf 84' lang='grc' dir='ltr'>Λόγον,</span> <span class='ocrx_word' id='word_1_399' title='bbox 3240 2009 3328 2065; x_wconf 87' lang='grc' dir='ltr'><strong>καὶ</strong></span> <span class='ocrx_word' id='word_1_400' title='bbox 3388 2007 3660 2084; x_wconf 81' lang='grc' dir='ltr'>λέγοντες,</span> <span class='ocrx_word' id='word_1_401' title='bbox 3720 2006 3837 2065; x_wconf 79' lang='grc' dir='ltr'><strong>Οὐκ</strong></span> 
     </span>
    </p>
   </div>
   <div class='ocr_carea' id='block_1_51' title="bbox 2164 2093 3831 2174">
    <p class='ocr_par' dir='ltr' id='par_1_51' title="bbox 2164 2093 3831 2174">
     <span class='ocr_line' id='line_1_52' title="bbox 2164 2093 3831 2174; baseline -0.003 -22"><span class='ocrx_word' id='word_1_402' title='bbox 2164 2094 2389 2173; x_wconf 75' lang='grc' dir='ltr'>’ἔχομεν</span> <span class='ocrx_word' id='word_1_403' title='bbox 2466 2094 2692 2174; x_wconf 75' lang='grc' dir='ltr'>βασιλέα</span> <span class='ocrx_word' id='word_1_404' title='bbox 2762 2097 2808 2153; x_wconf 83' lang='grc' dir='ltr'><strong>εί</strong></span> <span class='ocrx_word' id='word_1_405' title='bbox 2890 2097 2966 2169; x_wconf 83' lang='grc' dir='ltr'>μὴ</span> <span class='ocrx_word' id='word_1_406' title='bbox 3025 2095 3289 2172; x_wconf 83' lang='grc' dir='ltr'>Καίσαρα,</span> <span class='ocrx_word' id='word_1_407' title='bbox 3343 2096 3558 2150; x_wconf 85' lang='grc' dir='ltr'>πάντων</span> <span class='ocrx_word' id='word_1_408' title='bbox 3619 2093 3831 2169; x_wconf 86' lang='grc' dir='ltr'>ἀθρόως</span> 
     </span>
    </p>
   </div>
   <div class='ocr_carea' id='block_1_52' title="bbox 2190 2180 3830 2264">
    <p class='ocr_par' dir='ltr' id='par_1_52' title="bbox 2190 2180 3830 2264">
     <span class='ocr_line' id='line_1_53' title="bbox 2190 2180 3830 2264; baseline -0.003 -23"><span class='ocrx_word' id='word_1_409' title='bbox 2190 2186 2553 2264; x_wconf 70' lang='grc' dir='ltr'>ἀφῃρέθησαν,</span> <span class='ocrx_word' id='word_1_410' title='bbox 2627 2186 2717 2240; x_wconf 84' lang='grc' dir='ltr'><strong>καὶ</strong></span> <span class='ocrx_word' id='word_1_411' title='bbox 2775 2184 3061 2261; x_wconf 90' lang='grc' dir='ltr'>γεγόνασιν</span> <span class='ocrx_word' id='word_1_412' title='bbox 3116 2180 3318 2259; x_wconf 80' lang='grc' dir='ltr'>ἔρημοι</span> <span class='ocrx_word' id='word_1_413' title='bbox 3372 2183 3551 2261; x_wconf 84' lang='grc' dir='ltr'>φωτὸς</span> <span class='ocrx_word' id='word_1_414' title='bbox 3600 2181 3830 2258; x_wconf 81' lang='grc' dir='ltr'>λυχνου,</span> 
     </span>
    </p>
   </div>
   <div class='ocr_carea' id='block_1_53' title="bbox 2189 2270 3835 2352">
    <p class='ocr_par' dir='ltr' id='par_1_53' title="bbox 2189 2270 3835 2352">
     <span class='ocr_line' id='line_1_54' title="bbox 2189 2270 3835 2352; baseline -0.003 -21"><span class='ocrx_word' id='word_1_415' title='bbox 2189 2276 2366 2348; x_wconf 75' lang='grc' dir='ltr'>ὀσμῆς</span> <span class='ocrx_word' id='word_1_416' title='bbox 2418 2275 2613 2351; x_wconf 79' lang='grc' dir='ltr'>μόρου,</span> <span class='ocrx_word' id='word_1_417' title='bbox 2673 2272 3007 2352; x_wconf 80' lang='grc' dir='ltr'>προφητείας</span> <span class='ocrx_word' id='word_1_418' title='bbox 3062 2272 3334 2349; x_wconf 82' lang='grc' dir='ltr'>γνώσεως,</span> <span class='ocrx_word' id='word_1_419' title='bbox 3381 2271 3472 2328; x_wconf 85' lang='grc' dir='ltr'><strong>καὶ</strong></span> <span class='ocrx_word' id='word_1_420' title='bbox 3511 2270 3677 2342; x_wconf 84' lang='grc' dir='ltr'>αὑτῆς</span> <span class='ocrx_word' id='word_1_421' title='bbox 3736 2278 3835 2341; x_wconf 77' lang='grc' dir='ltr'><strong>τῆς</strong></span> 
     </span>
    </p>
   </div>
   <div class='ocr_carea' id='block_1_54' title="bbox 2189 2358 3837 2436">
    <p class='ocr_par' dir='ltr' id='par_1_54' title="bbox 2189 2358 3837 2436">
     <span class='ocr_line' id='line_1_55' title="bbox 2189 2358 3837 2436; baseline -0.003 -17"><span class='ocrx_word' id='word_1_422' title='bbox 2189 2362 2470 2434; x_wconf 79' lang='grc' dir='ltr'>ἀληθείας,</span> <span class='ocrx_word' id='word_1_423' title='bbox 2501 2364 2591 2419; x_wconf 80' lang='grc' dir='ltr'><strong>καὶ</strong></span> <span class='ocrx_word' id='word_1_424' title='bbox 2620 2368 2711 2419; x_wconf 91' lang='grc' dir='ltr'><strong>νῦν</strong></span> <span class='ocrx_word' id='word_1_425' title='bbox 2746 2360 2900 2418; x_wconf 70' lang='grc' dir='ltr'>οὐδὲν</span> <span class='ocrx_word' id='word_1_426' title='bbox 2930 2363 3218 2435; x_wconf 71' lang='grc' dir='ltr'>συνιέντες,</span> <span class='ocrx_word' id='word_1_427' title='bbox 3251 2361 3327 2425; x_wconf 89' lang='grc' dir='ltr'>ὠς</span> <span class='ocrx_word' id='word_1_428' title='bbox 3356 2360 3409 2416; x_wconf 81' lang='grc' dir='ltr'><strong>έν</strong></span> <span class='ocrx_word' id='word_1_429' title='bbox 3456 2358 3635 2434; x_wconf 74' lang='grc' dir='ltr'>σκότῳ</span> <span class='ocrx_word' id='word_1_430' title='bbox 3684 2380 3837 2436; x_wconf 88' lang='grc' dir='ltr'>περι-</span> 
     </span>
    </p>
   </div>
   <div class='ocr_carea' id='block_1_55' title="bbox 2188 2450 3839 2528">
    <p class='ocr_par' dir='ltr' id='par_1_55' title="bbox 2188 2450 3839 2528">
     <span class='ocr_line' id='line_1_56' title="bbox 2188 2450 3839 2528; baseline -0.002 -21"><span class='ocrx_word' id='word_1_431' title='bbox 2188 2451 2480 2514; x_wconf 85' lang='grc' dir='ltr'>πατοῦντές</span> <span class='ocrx_word' id='word_1_432' title='bbox 2528 2451 2650 2510; x_wconf 77' lang='grc' dir='ltr'>εἱσι.</span> <span class='ocrx_word' id='word_1_433' title='bbox 2684 2450 2798 2515; x_wconf 16' lang='grc' dir='ltr'>νΤίς</span> <span class='ocrx_word' id='word_1_434' title='bbox 2845 2452 2948 2528; x_wconf 73' lang='grc' dir='ltr'>γὰρ</span> <span class='ocrx_word' id='word_1_435' title='bbox 2993 2450 3196 2522; x_wconf 77' lang='grc' dir='ltr'>ἤκουσε</span> <span class='ocrx_word' id='word_1_436' title='bbox 3224 2453 3448 2506; x_wconf 86' lang='grc' dir='ltr'>πώποτε</span> <span class='ocrx_word' id='word_1_437' title='bbox 3474 2454 3736 2519; x_wconf 85' lang='grc' dir='ltr'>τοιαῦτα;</span> <span class='ocrx_word' id='word_1_438' title='bbox 3769 2450 3839 2503; x_wconf 87' lang='grc' dir='ltr'><em>’Ἠ</em></span> 
     </span>
    </p>
   </div>
   <div class='ocr_carea' id='block_1_56' title="bbox 2189 2534 3835 2616">
    <p class='ocr_par' dir='ltr' id='par_1_56' title="bbox 2189 2534 3835 2616">
     <span class='ocr_line' id='line_1_57' title="bbox 2189 2534 3835 2616; baseline -0.004 -20"><span class='ocrx_word' id='word_1_439' title='bbox 2189 2540 2351 2596; x_wconf 87' lang='grc' dir='ltr'>πόθεν</span> <span class='ocrx_word' id='word_1_440' title='bbox 2378 2542 2414 2610; x_wconf 79' lang='grc' dir='ltr'><strong>ἢ</strong></span> <span class='ocrx_word' id='word_1_441' title='bbox 2447 2540 2592 2616; x_wconf 78' lang='grc' dir='ltr'>παρὰ</span> <span class='ocrx_word' id='word_1_442' title='bbox 2618 2541 2764 2604; x_wconf 87' lang='grc' dir='ltr'>τίνος</span> <span class='ocrx_word' id='word_1_443' title='bbox 2796 2542 2848 2597; x_wconf 76' lang='grc' dir='ltr'>οἱ</span> <span class='ocrx_word' id='word_1_444' title='bbox 2877 2538 3108 2603; x_wconf 89' lang='grc' dir='ltr'>κόλακες</span> <span class='ocrx_word' id='word_1_445' title='bbox 3138 2539 3229 2595; x_wconf 80' lang='grc' dir='ltr'><strong>καὶ</strong></span> <span class='ocrx_word' id='word_1_446' title='bbox 3270 2538 3572 2616; x_wconf 79' lang='grc' dir='ltr'>δωροδόκοι</span> <span class='ocrx_word' id='word_1_447' title='bbox 3620 2544 3720 2608; x_wconf 78' lang='grc' dir='ltr'><strong>τῆς</strong></span> <span class='ocrx_word' id='word_1_448' title='bbox 3754 2534 3835 2591; x_wconf 74' lang='lat' dir='ltr'><strong>al-</strong></span> 
     </span>
    </p>
   </div>
   <div class='ocr_carea' id='block_1_57' title="bbox 2192 2628 3837 2706">
    <p class='ocr_par' dir='ltr' id='par_1_57' title="bbox 2192 2628 3837 2706">
     <span class='ocr_line' id='line_1_58' title="bbox 2192 2628 3837 2706; baseline -0.004 -20"><span class='ocrx_word' id='word_1_449' title='bbox 2192 2631 2390 2706; x_wconf 86' lang='grc' dir='ltr'>ρέσεως</span> <span class='ocrx_word' id='word_1_450' title='bbox 2435 2628 2672 2700; x_wconf 78' lang='grc' dir='ltr'>ἤκουσαν</span> <span class='ocrx_word' id='word_1_451' title='bbox 2721 2634 2982 2699; x_wconf 86' lang='grc' dir='ltr'>τοιαῦτα;</span> <span class='ocrx_word' id='word_1_452' title='bbox 3032 2629 3146 2698; x_wconf 86' lang='grc' dir='ltr'>Τίς,</span> <span class='ocrx_word' id='word_1_453' title='bbox 3198 2628 3288 2684; x_wconf 78' lang='grc' dir='ltr'>ὅτε</span> <span class='ocrx_word' id='word_1_454' title='bbox 3326 2632 3696 2704; x_wconf 82' lang='grc' dir='ltr'>κατηχοῦντο,</span> <span class='ocrx_word' id='word_1_455' title='bbox 3727 2646 3837 2681; x_wconf 77' lang='grc' dir='ltr'>τοι-</span> 
     </span>
    </p>
   </div>
   <div class='ocr_carea' id='block_1_58' title="bbox 2190 2715 3834 2794">
    <p class='ocr_par' dir='ltr' id='par_1_58' title="bbox 2190 2715 3834 2794">
     <span class='ocr_line' id='line_1_59' title="bbox 2190 2715 3834 2794; baseline -0.004 -19"><span class='ocrx_word' id='word_1_456' title='bbox 2190 2724 2326 2775; x_wconf 83' lang='grc' dir='ltr'>αῦτα</span> <span class='ocrx_word' id='word_1_457' title='bbox 2357 2717 2660 2789; x_wconf 82' lang='grc' dir='ltr'>λελάληκεν</span> <span class='ocrx_word' id='word_1_458' title='bbox 2688 2719 2910 2789; x_wconf 81' lang='grc' dir='ltr'>αὑτοῖς;</span> <span class='ocrx_word' id='word_1_459' title='bbox 2943 2718 3033 2781; x_wconf 89' lang='grc' dir='ltr'>Τίς</span> <span class='ocrx_word' id='word_1_460' title='bbox 3081 2717 3266 2781; x_wconf 80' lang='grc' dir='ltr'>αὐτοῖς</span> <span class='ocrx_word' id='word_1_461' title='bbox 3297 2715 3533 2794; x_wconf 70' lang='grc' dir='ltr'>εἴρηκεν,</span> <span class='ocrx_word' id='word_1_462' title='bbox 3579 2715 3684 2784; x_wconf 78' lang='grc' dir='ltr'>ὅτι,</span> <span class='ocrx_word' id='word_1_463' title='bbox 3733 2716 3834 2784; x_wconf 76' lang='grc' dir='ltr'>τὴν</span> 
     </span>
    </p>
   </div>
   <div class='ocr_carea' id='block_1_59' title="bbox 2194 2805 3835 2885">
    <p class='ocr_par' dir='ltr' id='par_1_59' title="bbox 2194 2805 3835 2885">
     <span class='ocr_line' id='line_1_60' title="bbox 2194 2805 3835 2885; baseline -0.003 -22"><span class='ocrx_word' id='word_1_464' title='bbox 2194 2808 2269 2871; x_wconf 82' lang='grc' dir='ltr'><strong>είς</strong></span> <span class='ocrx_word' id='word_1_465' title='bbox 2326 2810 2425 2878; x_wconf 74' lang='grc' dir='ltr'>τὴν</span> <span class='ocrx_word' id='word_1_466' title='bbox 2495 2808 2667 2864; x_wconf 87' lang='grc' dir='ltr'>κτίσιν</span> <span class='ocrx_word' id='word_1_467' title='bbox 2925 2805 3175 2884; x_wconf 85' lang='grc' dir='ltr'>λατρείαν</span> <span class='ocrx_word' id='word_1_468' title='bbox 3253 2806 3497 2885; x_wconf 59' lang='grc' dir='ltr'>ἀφένίτες,</span> <span class='ocrx_word' id='word_1_469' title='bbox 3579 2805 3835 2878; x_wconf 86' lang='grc' dir='ltr'>κτίσματι</span> 
     </span>
    </p>
   </div>
   <div class='ocr_carea' id='block_1_60' title="bbox 2192 2891 3839 2974">
    <p class='ocr_par' dir='ltr' id='par_1_60' title="bbox 2192 2891 3839 2974">
     <span class='ocr_line' id='line_1_61' title="bbox 2192 2891 3839 2974; baseline -0.004 -20"><span class='ocrx_word' id='word_1_470' title='bbox 2192 2898 2281 2954; x_wconf 83' lang='grc' dir='ltr'><strong>καὶ</strong></span> <span class='ocrx_word' id='word_1_471' title='bbox 2329 2899 2599 2972; x_wconf 80' lang='grc' dir='ltr'>ποιήματι</span> <span class='ocrx_word' id='word_1_472' title='bbox 2658 2896 2823 2953; x_wconf 87' lang='grc' dir='ltr'>πάλιν</span> <span class='ocrx_word' id='word_1_473' title='bbox 2880 2895 3247 2974; x_wconf 84' lang='grc' dir='ltr'>προσέρχεσθε</span> <span class='ocrx_word' id='word_1_474' title='bbox 3304 2894 3625 2972; x_wconf 75' lang='grc' dir='ltr'>λατρεύειν;</span> <span class='ocrx_word' id='word_1_475' title='bbox 3684 2893 3746 2951; x_wconf 72' lang='lat' dir='ltr'><strong>Et</strong></span> <span class='ocrx_word' id='word_1_476' title='bbox 3780 2891 3839 2948; x_wconf 74' lang='grc' dir='ltr'><strong>δὲ</strong></span> 
     </span>
    </p>
   </div>
   <div class='ocr_carea' id='block_1_61' title="bbox 2192 2983 3835 3063">
    <p class='ocr_par' dir='ltr' id='par_1_61' title="bbox 2192 2983 3835 3063">
     <span class='ocr_line' id='line_1_62' title="bbox 2192 2983 3835 3063; baseline -0.004 -19"><span class='ocrx_word' id='word_1_477' title='bbox 2192 2988 2283 3044; x_wconf 86' lang='grc' dir='ltr'><strong>καὶ</strong></span> <span class='ocrx_word' id='word_1_478' title='bbox 2313 2986 2465 3042; x_wconf 79' lang='grc' dir='ltr'>αὐτοὶ</span> <span class='ocrx_word' id='word_1_479' title='bbox 2494 2991 2709 3063; x_wconf 81' lang='grc' dir='ltr'>πρῶτον</span> <span class='ocrx_word' id='word_1_480' title='bbox 2759 2984 2849 3042; x_wconf 82' lang='grc' dir='ltr'><strong>νῦν</strong></span> <span class='ocrx_word' id='word_1_481' title='bbox 2893 2983 3261 3061; x_wconf 81' lang='grc' dir='ltr'>ὁμολογοῦσιν</span> <span class='ocrx_word' id='word_1_482' title='bbox 3312 2984 3602 3055; x_wconf 70' lang='grc' dir='ltr'>ἀκηκοέναι</span> <span class='ocrx_word' id='word_1_483' title='bbox 3627 2984 3835 3038; x_wconf 70' lang='grc' dir='ltr'>τὰτοι-</span> 
     </span>
    </p>
   </div>
   <div class='ocr_carea' id='block_1_62' title="bbox 2195 3072 3835 3152">
    <p class='ocr_par' dir='ltr' id='par_1_62' title="bbox 2195 3072 3835 3152">
     <span class='ocr_line' id='line_1_63' title="bbox 2195 3072 3835 3152; baseline -0.004 -19"><span class='ocrx_word' id='word_1_484' title='bbox 2195 3082 2329 3133; x_wconf 89' lang='grc' dir='ltr'>αῦτα</span> <span class='ocrx_word' id='word_1_485' title='bbox 2358 3079 2495 3150; x_wconf 84' lang='lat'><strong>(87),</strong></span> <span class='ocrx_word' id='word_1_486' title='bbox 2530 3077 2604 3150; x_wconf 81' lang='grc' dir='ltr'><strong>μή</strong></span> <span class='ocrx_word' id='word_1_487' title='bbox 2637 3074 2992 3152; x_wconf 87' lang='grc' dir='ltr'>ἀρνείσθωσαν</span> <span class='ocrx_word' id='word_1_488' title='bbox 3025 3074 3323 3151; x_wconf 86' lang='grc' dir='ltr'>ἀλλοτρίαν</span> <span class='ocrx_word' id='word_1_489' title='bbox 3355 3075 3445 3129; x_wconf 77' lang='grc' dir='ltr'><strong>καὶ</strong></span> <span class='ocrx_word' id='word_1_490' title='bbox 3499 3075 3575 3146; x_wconf 74' lang='grc' dir='ltr'>μὴ</span> <span class='ocrx_word' id='word_1_491' title='bbox 3626 3072 3687 3127; x_wconf 82' lang='grc' dir='ltr'>ἐκ</span> <span class='ocrx_word' id='word_1_492' title='bbox 3733 3093 3835 3127; x_wconf 65' lang='grc' dir='ltr'>παι</span> 
     </span>
    </p>
   </div>
   <div class='ocr_carea' id='block_1_63' title="bbox 2193 3160 3838 3242">
    <p class='ocr_par' dir='ltr' id='par_1_63' title="bbox 2193 3160 3838 3242">
     <span class='ocr_line' id='line_1_64' title="bbox 2193 3160 3838 3242; baseline -0.003 -21"><span class='ocrx_word' id='word_1_493' title='bbox 2193 3165 2362 3242; x_wconf 79' lang='grc' dir='ltr'>τέρων</span> <span class='ocrx_word' id='word_1_494' title='bbox 2415 3165 2548 3220; x_wconf 77' lang='grc' dir='ltr'>εἶναι</span> <span class='ocrx_word' id='word_1_495' title='bbox 2604 3166 2704 3234; x_wconf 72' lang='grc' dir='ltr'>τὴν</span> <span class='ocrx_word' id='word_1_496' title='bbox 2763 3162 2963 3241; x_wconf 78' lang='grc' dir='ltr'>α’ίρεσιν</span> <span class='ocrx_word' id='word_1_497' title='bbox 3006 3163 3230 3234; x_wconf 84' lang='grc' dir='ltr'>ταύτην.</span> <span class='ocrx_word' id='word_1_498' title='bbox 3262 3163 3333 3218; x_wconf 82' lang='grc' dir='ltr'><strong>Τὸ</strong></span> <span class='ocrx_word' id='word_1_499' title='bbox 3359 3160 3418 3218; x_wconf 71' lang='grc' dir='ltr'><strong>δὲ</strong></span> <span class='ocrx_word' id='word_1_500' title='bbox 3449 3163 3525 3235; x_wconf 83' lang='grc' dir='ltr'>μὴ</span> <span class='ocrx_word' id='word_1_501' title='bbox 3557 3161 3616 3217; x_wconf 69' lang='grc' dir='ltr'>ἐκ</span> <span class='ocrx_word' id='word_1_502' title='bbox 3671 3161 3838 3217; x_wconf 84' lang='grc' dir='ltr'>πατέ-</span> 
     </span>
    </p>
   </div>
   <div class='ocr_carea' id='block_1_64' title="bbox 431 3238 2084 3331">
    <p class='ocr_par' dir='ltr' id='par_1_64' title="bbox 431 3251 2082 3323">
     <span class='ocr_line' id='line_1_65' title="bbox 431 3251 2082 3323; baseline 0.004 -18"><span class='ocrx_word' id='word_1_503' title='bbox 431 3265 549 3305; x_wconf 90' lang='lat' dir='ltr'><strong>non</strong></span> <span class='ocrx_word' id='word_1_504' title='bbox 584 3265 719 3323; x_wconf 91' lang='lat' dir='ltr'><strong>ergo</strong></span> <span class='ocrx_word' id='word_1_505' title='bbox 750 3251 1086 3309; x_wconf 84' lang='lat' dir='ltr'><strong>inﬁcientur</strong></span> <span class='ocrx_word' id='word_1_506' title='bbox 1116 3254 1366 3312; x_wconf 87' lang='lat' dir='ltr'><strong>alienam</strong></span> <span class='ocrx_word' id='word_1_507' title='bbox 1399 3273 1527 3313; x_wconf 90' lang='lat' dir='ltr'><strong>esse</strong></span> <span class='ocrx_word' id='word_1_508' title='bbox 1556 3257 1775 3313; x_wconf 91' lang='lat' dir='ltr'><strong>hancce</strong></span> <span class='ocrx_word' id='word_1_509' title='bbox 1815 3256 2082 3313; x_wconf 66' lang='lat' dir='ltr'><strong>haeresim</strong></span> 
     </span>
    </p>
   </div>
   <div class='ocr_carea' id='block_1_65' title="bbox 2199 3238 3836 3331">
    <p class='ocr_par' dir='ltr' id='par_1_65' title="bbox 2199 3238 3836 3331">
     <span class='ocr_line' id='line_1_66' title="bbox 2199 3238 3836 3331; baseline -0.005 -21"><span class='ocrx_word' id='word_1_510' title='bbox 2199 3238 2328 3331; x_wconf 80' lang='grc' dir='ltr'>ρων,</span> <span class='ocrx_word' id='word_1_511' title='bbox 2388 3252 2532 3311; x_wconf 82' lang='grc' dir='ltr'><strong>ἀλλά</strong></span> <span class='ocrx_word' id='word_1_512' title='bbox 2576 3258 2667 3308; x_wconf 87' lang='grc' dir='ltr'><strong>νῦν</strong></span> <span class='ocrx_word' id='word_1_513' title='bbox 2720 3238 3026 3330; x_wconf 75' lang='grc' dir='ltr'>ἐφευρεθὲν,</span> <span class='ocrx_word' id='word_1_514' title='bbox 3080 3252 3134 3307; x_wconf 87' lang='grc' dir='ltr'><strong>τί</strong></span> <span class='ocrx_word' id='word_1_515' title='bbox 3183 3252 3242 3307; x_wconf 76' lang='grc' dir='ltr'><strong>ἃν</strong></span> <span class='ocrx_word' id='word_1_516' title='bbox 3303 3252 3386 3321; x_wconf 82' lang='grc' dir='ltr'>εἳη</span> <span class='ocrx_word' id='word_1_517' title='bbox 3449 3248 3766 3326; x_wconf 70' lang='grc' dir='ltr'>ἕτερον</span> <span class='ocrx_word' id='word_1_518' title='bbox 3801 3251 3836 3319; x_wconf 76' lang='grc' dir='ltr'><strong>ἢ</strong></span> 
     </span>
    </p>
   </div>
   <div class='ocr_carea' id='block_1_66' title="bbox 435 3339 2086 3412">
    <p class='ocr_par' dir='ltr' id='par_1_66' title="bbox 435 3339 2086 3412">
     <span class='ocr_line' id='line_1_67' title="bbox 435 3339 2086 3412; baseline 0.005 -19"><span class='ocrx_word' id='word_1_519' title='bbox 435 3353 624 3411; x_wconf 92' lang='lat' dir='ltr'><strong>neque</strong></span> <span class='ocrx_word' id='word_1_520' title='bbox 655 3356 688 3395; x_wconf 88' lang='lat' dir='ltr'><strong>a</strong></span> <span class='ocrx_word' id='word_1_521' title='bbox 716 3339 987 3399; x_wconf 90' lang='lat' dir='ltr'><strong>Patribus</strong></span> <span class='ocrx_word' id='word_1_522' title='bbox 1015 3344 1491 3412; x_wconf 89' lang='lat' dir='ltr'><strong>traditam.Quod</strong></span> <span class='ocrx_word' id='word_1_523' title='bbox 1524 3350 1721 3403; x_wconf 87' lang='lat' dir='ltr'><strong>autem</strong></span> <span class='ocrx_word' id='word_1_524' title='bbox 1754 3362 1785 3402; x_wconf 84' lang='lat' dir='ltr'><strong>a</strong></span> <span class='ocrx_word' id='word_1_525' title='bbox 1816 3346 2086 3402; x_wconf 89' lang='lat' dir='ltr'><strong>Patribus</strong></span> 
     </span>
    </p>
   </div>
   <div class='ocr_carea' id='block_1_67' title="bbox 434 3427 2084 3508">
    <p class='ocr_par' dir='ltr' id='par_1_67' title="bbox 434 3427 2084 3508">
     <span class='ocr_line' id='line_1_68' title="bbox 434 3427 2084 3508; baseline 0.004 -26"><span class='ocrx_word' id='word_1_526' title='bbox 434 3427 722 3484; x_wconf 85' lang='lat' dir='ltr'><strong>traditum</strong></span> <span class='ocrx_word' id='word_1_527' title='bbox 754 3446 871 3485; x_wconf 91' lang='lat' dir='ltr'><strong>non</strong></span> <span class='ocrx_word' id='word_1_528' title='bbox 902 3436 1009 3500; x_wconf 86' lang='lat' dir='ltr'><strong>est,</strong></span> <span class='ocrx_word' id='word_1_529' title='bbox 1044 3434 1147 3489; x_wconf 87' lang='lat' dir='ltr'><strong>sed</strong></span> <span class='ocrx_word' id='word_1_530' title='bbox 1193 3434 1510 3491; x_wconf 89' lang='lat' dir='ltr'><strong>novissime</strong></span> <span class='ocrx_word' id='word_1_531' title='bbox 1538 3439 1629 3491; x_wconf 89' lang='lat' dir='ltr'><strong>est</strong></span> <span class='ocrx_word' id='word_1_532' title='bbox 1675 3435 2084 3508; x_wconf 84' lang='lat' dir='ltr'><strong>excogitatum,</strong></span> 
     </span>
    </p>
   </div>
   <div class='ocr_carea' id='block_1_68' title="bbox 436 3517 2087 3593">
    <p class='ocr_par' dir='ltr' id='par_1_68' title="bbox 436 3517 2087 3593">
     <span class='ocr_line' id='line_1_69' title="bbox 436 3517 2087 3593; baseline 0.005 -22"><span class='ocrx_word' id='word_1_533' title='bbox 436 3517 632 3587; x_wconf 87' lang='lat' dir='ltr'><strong>cujus,</strong></span> <span class='ocrx_word' id='word_1_534' title='bbox 666 3534 882 3590; x_wconf 66' lang='lat' dir='ltr'><strong>quaeso,</strong></span> <span class='ocrx_word' id='word_1_535' title='bbox 916 3521 1147 3593; x_wconf 88' lang='lat' dir='ltr'><strong>generis</strong></span> <span class='ocrx_word' id='word_1_536' title='bbox 1194 3539 1325 3580; x_wconf 82' lang='lat' dir='ltr'><strong>esse</strong></span> <span class='ocrx_word' id='word_1_537' title='bbox 1372 3524 1731 3581; x_wconf 86' lang='lat' dir='ltr'><strong>censendum</strong></span> <span class='ocrx_word' id='word_1_538' title='bbox 1763 3527 1873 3590; x_wconf 89' lang='lat' dir='ltr'><strong>est,</strong></span> <span class='ocrx_word' id='word_1_539' title='bbox 1910 3540 2087 3593; x_wconf 87' lang='lat' dir='ltr'><strong>quam</strong></span> 
     </span>
    </p>
   </div>
   <div class='ocr_carea' id='block_1_69' title="bbox 438 3606 2090 3684">
    <p class='ocr_par' dir='ltr' id='par_1_69' title="bbox 438 3606 2090 3684">
     <span class='ocr_line' id='line_1_70' title="bbox 438 3606 2090 3684; baseline 0.004 -24"><span class='ocrx_word' id='word_1_540' title='bbox 438 3606 575 3677; x_wconf 85' lang='lat' dir='ltr'><strong>ejus</strong></span> <span class='ocrx_word' id='word_1_541' title='bbox 618 3606 688 3662; x_wconf 88' lang='lat' dir='ltr'><strong>de</strong></span> <span class='ocrx_word' id='word_1_542' title='bbox 739 3623 855 3680; x_wconf 93' lang='lat' dir='ltr'><strong>quo</strong></span> <span class='ocrx_word' id='word_1_543' title='bbox 899 3609 1045 3665; x_wconf 87' lang='lat' dir='ltr'><strong>dixit</strong></span> <span class='ocrx_word' id='word_1_544' title='bbox 1090 3612 1295 3668; x_wconf 88' lang='lat' dir='ltr'><strong>beatus</strong></span> <span class='ocrx_word' id='word_1_545' title='bbox 1364 3611 1581 3669; x_wconf 86' lang='lat' dir='ltr'><strong>Paulus</strong></span> <span class='ocrx_word' id='word_1_546' title='bbox 1634 3629 1647 3668; x_wconf 92' lang='lat'>:</span> <span class='ocrx_word' id='word_1_547' title='bbox 1698 3615 1762 3670; x_wconf 89' lang='lat' dir='ltr'><strong>In</strong></span> <span class='ocrx_word' id='word_1_548' title='bbox 1802 3613 2090 3684; x_wconf 75' lang='lat' dir='ltr'><strong>postremis</strong></span> 
     </span>
    </p>
   </div>
   <div class='ocr_carea' id='block_1_70' title="bbox 434 3696 2091 3773">
    <p class='ocr_par' dir='ltr' id='par_1_70' title="bbox 434 3696 2091 3773">
     <span class='ocr_line' id='line_1_71' title="bbox 434 3696 2091 3773; baseline 0.004 -23"><span class='ocrx_word' id='word_1_549' title='bbox 434 3696 775 3767; x_wconf 72' lang='lat' dir='ltr'><strong>temporibus</strong></span> <span class='ocrx_word' id='word_1_550' title='bbox 800 3696 1074 3754; x_wconf 75' lang='lat' dir='ltr'><strong>discedent</strong></span> <span class='ocrx_word' id='word_1_551' title='bbox 1103 3700 1331 3773; x_wconf 82' lang='lat' dir='ltr'><strong>quidam</strong></span> <span class='ocrx_word' id='word_1_552' title='bbox 1358 3718 1393 3758; x_wconf 84' lang='grc' dir='ltr'><strong>α</strong></span> <span class='ocrx_word' id='word_1_553' title='bbox 1419 3718 1558 3757; x_wconf 83' lang='lat' dir='ltr'><strong>sana</strong></span> <span class='ocrx_word' id='word_1_554' title='bbox 1584 3701 1712 3771; x_wconf 80' lang='lat' dir='ltr'><strong>ﬁde,</strong></span> <span class='ocrx_word' id='word_1_555' title='bbox 1742 3701 2091 3758; x_wconf 73' lang='lat' dir='ltr'><strong>attendentes</strong></span> 
     </span>
    </p>
   </div>
   <div class='ocr_carea' id='block_1_71' title="bbox 431 3783 2093 3861">
    <p class='ocr_par' dir='ltr' id='par_1_71' title="bbox 431 3783 2093 3861">
     <span class='ocr_line' id='line_1_72' title="bbox 431 3783 2093 3861; baseline 0.004 -23"><span class='ocrx_word' id='word_1_556' title='bbox 431 3783 728 3852; x_wconf 69' lang='lat' dir='ltr'><strong>spiritibus</strong></span> <span class='ocrx_word' id='word_1_557' title='bbox 756 3789 969 3843; x_wconf 80' lang='lat' dir='ltr'><strong>erroris</strong></span> <span class='ocrx_word' id='word_1_558' title='bbox 988 3795 1041 3845; x_wconf 76' lang='lat' dir='ltr'><strong>et</strong></span> <span class='ocrx_word' id='word_1_559' title='bbox 1066 3789 1328 3846; x_wconf 77' lang='lat' dir='ltr'><strong>doctrinis</strong></span> <span class='ocrx_word' id='word_1_560' title='bbox 1373 3791 1802 3856; x_wconf 68' lang='lat' dir='ltr'><strong>daemoniorum,</strong></span> <span class='ocrx_word' id='word_1_561' title='bbox 1836 3791 1896 3846; x_wconf 87' lang='lat' dir='ltr'><strong>in</strong></span> <span class='ocrx_word' id='word_1_562' title='bbox 1925 3793 2093 3861; x_wconf 81' lang='lat' dir='ltr'><strong>hypo-</strong></span> 
     </span>
    </p>
   </div>
   <div class='ocr_carea' id='block_1_72' title="bbox 2193 3337 3840 3420">
    <p class='ocr_par' dir='ltr' id='par_1_72' title="bbox 2193 3337 3840 3420">
     <span class='ocr_line' id='line_1_73' title="bbox 2193 3337 3840 3420; baseline -0.005 -20"><span class='ocrx_word' id='word_1_563' title='bbox 2193 3343 2317 3420; x_wconf 86' lang='grc' dir='ltr'>περὶ</span> <span class='ocrx_word' id='word_1_564' title='bbox 2350 3341 2412 3399; x_wconf 76' lang='grc' dir='ltr'><strong>οὗ</strong></span> <span class='ocrx_word' id='word_1_565' title='bbox 2466 3341 2789 3419; x_wconf 85' lang='grc' dir='ltr'>προείρηκεν</span> <span class='ocrx_word' id='word_1_566' title='bbox 2839 3341 2867 3396; x_wconf 86' lang='grc' dir='ltr'>ὁ</span> <span class='ocrx_word' id='word_1_567' title='bbox 2926 3340 3187 3419; x_wconf 87' lang='grc' dir='ltr'>μακάριος</span> <span class='ocrx_word' id='word_1_568' title='bbox 3242 3343 3481 3403; x_wconf 76' lang='grc' dir='ltr'>Παῦλος.</span> <span class='ocrx_word' id='word_1_569' title='bbox 3547 3340 3632 3396; x_wconf 82' lang='grc' dir='ltr'>Ἐν</span> <span class='ocrx_word' id='word_1_570' title='bbox 3696 3337 3840 3393; x_wconf 79' lang='grc' dir='ltr'>ὀστέ-</span> 
     </span>
    </p>
   </div>
   <div class='ocr_carea' id='block_1_73' title="bbox 2197 3425 3842 3507">
    <p class='ocr_par' dir='ltr' id='par_1_73' title="bbox 2197 3425 3842 3507">
     <span class='ocr_line' id='line_1_74' title="bbox 2197 3425 3842 3507; baseline -0.003 -22"><span class='ocrx_word' id='word_1_571' title='bbox 2197 3451 2312 3507; x_wconf 90' lang='grc' dir='ltr'>ροις</span> <span class='ocrx_word' id='word_1_572' title='bbox 2368 3433 2580 3505; x_wconf 88' lang='grc' dir='ltr'>καιροῖς</span> <span class='ocrx_word' id='word_1_573' title='bbox 2639 3427 3035 3499; x_wconf 83' lang='grc' dir='ltr'>ἀποστήσονταί</span> <span class='ocrx_word' id='word_1_574' title='bbox 3110 3448 3245 3490; x_wconf 86' lang='grc' dir='ltr'>τινες</span> <span class='ocrx_word' id='word_1_575' title='bbox 3316 3430 3413 3497; x_wconf 76' lang='grc' dir='ltr'><strong>τῆς</strong></span> <span class='ocrx_word' id='word_1_576' title='bbox 3499 3425 3842 3503; x_wconf 69' lang='grc' dir='ltr'>ὑγιαινούσης</span> 
     </span>
    </p>
   </div>
   <div class='ocr_carea' id='block_1_74' title="bbox 2195 3512 3842 3593">
    <p class='ocr_par' dir='ltr' id='par_1_74' title="bbox 2195 3512 3842 3593">
     <span class='ocr_line' id='line_1_75' title="bbox 2195 3512 3842 3593; baseline -0.004 -19"><span class='ocrx_word' id='word_1_577' title='bbox 2195 3518 2427 3580; x_wconf 75' lang='grc' dir='ltr'>πίστεως</span> <span class='ocrx_word' id='word_1_578' title='bbox 2458 3520 2594 3592; x_wconf 89' lang='grc'>(89),</span> <span class='ocrx_word' id='word_1_579' title='bbox 2637 3517 3002 3593; x_wconf 70' lang='grc' dir='ltr'>προσέχοντες</span> <span class='ocrx_word' id='word_1_580' title='bbox 3051 3516 3319 3589; x_wconf 79' lang='grc' dir='ltr'>πνεύμασι</span> <span class='ocrx_word' id='word_1_581' title='bbox 3365 3513 3577 3585; x_wconf 76' lang='grc' dir='ltr'>πλάνης</span> <span class='ocrx_word' id='word_1_582' title='bbox 3619 3514 3708 3569; x_wconf 83' lang='grc' dir='ltr'><strong>καὶ</strong></span> <span class='ocrx_word' id='word_1_583' title='bbox 3759 3512 3842 3568; x_wconf 83' lang='grc' dir='ltr'>δι-</span> 
     </span>
    </p>
   </div>
   <div class='ocr_carea' id='block_1_75' title="bbox 2198 3602 3840 3681">
    <p class='ocr_par' dir='ltr' id='par_1_75' title="bbox 2198 3602 3840 3681">
     <span class='ocr_line' id='line_1_76' title="bbox 2198 3602 3840 3681; baseline -0.004 -18"><span class='ocrx_word' id='word_1_584' title='bbox 2198 3605 2516 3670; x_wconf 81' lang='grc' dir='ltr'>δασκαλίαις</span> <span class='ocrx_word' id='word_1_585' title='bbox 2550 3605 2862 3680; x_wconf 61' lang='grc' dir='ltr'>δαιμονίων,</span> <span class='ocrx_word' id='word_1_586' title='bbox 2903 3605 2955 3661; x_wconf 76' lang='grc' dir='ltr'>ἐν</span> <span class='ocrx_word' id='word_1_587' title='bbox 3007 3605 3285 3681; x_wconf 83' lang='grc' dir='ltr'>ὑποκρίσει</span> <span class='ocrx_word' id='word_1_588' title='bbox 3331 3602 3708 3679; x_wconf 81' lang='grc' dir='ltr'>ψευδολόγων,</span> <span class='ocrx_word' id='word_1_589' title='bbox 3751 3624 3840 3657; x_wconf 86' lang='grc' dir='ltr'>κε-</span> 
     </span>
    </p>
   </div>
   <div class='ocr_carea' id='block_1_76' title="bbox 2197 3691 3838 3771">
    <p class='ocr_par' dir='ltr' id='par_1_76' title="bbox 2197 3691 3838 3771">
     <span class='ocr_line' id='line_1_77' title="bbox 2197 3691 3838 3771; baseline -0.004 -19"><span class='ocrx_word' id='word_1_590' title='bbox 2197 3692 2675 3771; x_wconf 83' lang='grc' dir='ltr'>καυτηριασμένων</span> <span class='ocrx_word' id='word_1_591' title='bbox 2706 3695 2804 3763; x_wconf 77' lang='grc' dir='ltr'>τὴν</span> <span class='ocrx_word' id='word_1_592' title='bbox 2834 3692 2971 3749; x_wconf 74' lang='grc' dir='ltr'>ἰδίαν</span> <span class='ocrx_word' id='word_1_593' title='bbox 3003 3691 3333 3766; x_wconf 81' lang='grc' dir='ltr'>συνείδησιν,</span> <span class='ocrx_word' id='word_1_594' title='bbox 3363 3693 3453 3748; x_wconf 83' lang='grc' dir='ltr'><strong>καὶ</strong></span> <span class='ocrx_word' id='word_1_595' title='bbox 3501 3692 3838 3769; x_wconf 83' lang='grc' dir='ltr'>ἀποστρεφο-</span> 
     </span>
    </p>
   </div>
   <div class='ocr_carea' id='block_1_77' title="bbox 2205 3782 2817 3860">
    <p class='ocr_par' dir='ltr' id='par_1_77' title="bbox 2205 3782 2817 3860">
     <span class='ocr_line' id='line_1_78' title="bbox 2205 3782 2817 3860; baseline 0.002 -21"><span class='ocrx_word' id='word_1_596' title='bbox 2205 3786 2377 3860; x_wconf 85' lang='grc' dir='ltr'>μένων</span> <span class='ocrx_word' id='word_1_597' title='bbox 2407 3785 2504 3853; x_wconf 83' lang='grc' dir='ltr'>τὴν</span> <span class='ocrx_word' id='word_1_598' title='bbox 2536 3782 2794 3855; x_wconf 82' lang='grc' dir='ltr'>ἀλήθέιαν</span> <span class='ocrx_word' id='word_1_599' title='bbox 2805 3826 2817 3840; x_wconf 94' lang='grc'><em>.</em></span> 
     </span>
    </p>
   </div>
   <div class='ocr_carea' id='block_1_78' title="bbox 433 3871 3841 3950">
    <p class='ocr_par' dir='ltr' id='par_1_78' title="bbox 433 3871 3841 3950">
     <span class='ocr_line' id='line_1_79' title="bbox 433 3871 3841 3950; baseline -0.001 -22"><span class='ocrx_word' id='word_1_600' title='bbox 433 3873 576 3929; x_wconf 74' lang='lat' dir='ltr'><strong>crisi</strong></span> <span class='ocrx_word' id='word_1_601' title='bbox 603 3873 941 3945; x_wconf 78' lang='lat' dir='ltr'><strong>loquentium</strong></span> <span class='ocrx_word' id='word_1_602' title='bbox 968 3879 1343 3950; x_wconf 81' lang='lat' dir='ltr'><strong>mendacium,</strong></span> <span class='ocrx_word' id='word_1_603' title='bbox 1375 3884 1429 3936; x_wconf 82' lang='lat' dir='ltr'><strong>et</strong></span> <span class='ocrx_word' id='word_1_604' title='bbox 1455 3880 1828 3937; x_wconf 79' lang='lat' dir='ltr'><strong>cauteriatam</strong></span> <span class='ocrx_word' id='word_1_605' title='bbox 1857 3877 2174 3935; x_wconf 79' lang='lat' dir='ltr'><strong>habentium</strong></span> <span class='ocrx_word' id='word_1_606' title='bbox 2201 3892 2362 3933; x_wconf 76' lang='lat' dir='ltr'><strong>suam</strong></span> <span class='ocrx_word' id='word_1_607' title='bbox 2389 3876 2781 3932; x_wconf 75' lang='lat' dir='ltr'><strong>conscientiam</strong></span> <span class='ocrx_word' id='word_1_608' title='bbox 2813 3873 2877 3943; x_wconf 76' lang='lat'><strong>“,</strong></span> <span class='ocrx_word' id='word_1_609' title='bbox 2909 3882 2960 3930; x_wconf 77' lang='lat' dir='ltr'><strong>et</strong></span> <span class='ocrx_word' id='word_1_610' title='bbox 2986 3876 3353 3929; x_wconf 82' lang='lat' dir='ltr'><strong>avertentium</strong></span> <span class='ocrx_word' id='word_1_611' title='bbox 3380 3889 3439 3928; x_wconf 78' lang='lat' dir='ltr'><strong>se</strong></span> <span class='ocrx_word' id='word_1_612' title='bbox 3467 3889 3503 3927; x_wconf 89' lang='lat' dir='ltr'><strong>a</strong></span> <span class='ocrx_word' id='word_1_613' title='bbox 3529 3873 3758 3929; x_wconf 77' lang='lat' dir='ltr'><strong>veritate</strong></span> <span class='ocrx_word' id='word_1_614' title='bbox 3775 3871 3841 3926; x_wconf 82' lang='grc'><strong>¹⁶.</strong></span> 
     </span>
    </p>
   </div>
   <div class='ocr_carea' id='block_1_79' title="bbox 510 3961 2093 4040">
    <p class='ocr_par' dir='ltr' id='par_1_79' title="bbox 510 3961 2093 4040">
     <span class='ocr_line' id='line_1_80' title="bbox 510 3961 2093 4040; baseline 0.004 -24"><span class='ocrx_word' id='word_1_615' title='bbox 510 3961 564 4017; x_wconf 89' lang='lat'><strong>9.</strong></span> <span class='ocrx_word' id='word_1_616' title='bbox 598 3963 740 4019; x_wconf 91' lang='lat' dir='ltr'><strong>Ecce</strong></span> <span class='ocrx_word' id='word_1_617' title='bbox 771 3966 923 4021; x_wconf 89' lang='lat' dir='ltr'><strong>enim</strong></span> <span class='ocrx_word' id='word_1_618' title='bbox 959 3983 1065 4023; x_wconf 91' lang='lat' dir='ltr'><strong>nos</strong></span> <span class='ocrx_word' id='word_1_619' title='bbox 1113 3969 1351 4040; x_wconf 89' lang='lat' dir='ltr'><strong>quidem</strong></span> <span class='ocrx_word' id='word_1_620' title='bbox 1403 3986 1473 4025; x_wconf 84' lang='lat' dir='ltr'><strong>ex</strong></span> <span class='ocrx_word' id='word_1_621' title='bbox 1513 3968 1727 4025; x_wconf 91' lang='lat' dir='ltr'><strong>divinis</strong></span> <span class='ocrx_word' id='word_1_622' title='bbox 1774 3966 2093 4040; x_wconf 87' lang='lat' dir='ltr'><strong>Scripturis</strong></span> 
     </span>
    </p>
   </div>
   <div class='ocr_carea' id='block_1_80' title="bbox 440 4049 2090 4130">
    <p class='ocr_par' dir='ltr' id='par_1_80' title="bbox 440 4049 2090 4130">
     <span class='ocr_line' id='line_1_81' title="bbox 440 4049 2090 4130; baseline 0.004 -25"><span class='ocrx_word' id='word_1_623' title='bbox 440 4049 626 4108; x_wconf 89' lang='lat' dir='ltr'><strong>libere</strong></span> <span class='ocrx_word' id='word_1_624' title='bbox 645 4055 703 4108; x_wconf 88' lang='lat' dir='ltr'><strong>et</strong></span> <span class='ocrx_word' id='word_1_625' title='bbox 722 4054 1081 4112; x_wconf 84' lang='lat' dir='ltr'><strong>conﬁdenter</strong></span> <span class='ocrx_word' id='word_1_626' title='bbox 1100 4056 1171 4112; x_wconf 89' lang='lat' dir='ltr'><strong>de</strong></span> <span class='ocrx_word' id='word_1_627' title='bbox 1192 4056 1289 4127; x_wconf 90' lang='lat' dir='ltr'><strong>pia</strong></span> <span class='ocrx_word' id='word_1_628' title='bbox 1326 4062 1602 4130; x_wconf 92' lang='lat' dir='ltr'><strong>rectaque</strong></span> <span class='ocrx_word' id='word_1_629' title='bbox 1623 4057 1737 4113; x_wconf 84' lang='lat' dir='ltr'><strong>fide</strong></span> <span class='ocrx_word' id='word_1_630' title='bbox 1769 4056 2090 4129; x_wconf 86' lang='lat' dir='ltr'><strong>loquimur,</strong></span> 
     </span>
    </p>
   </div>
   <div class='ocr_carea' id='block_1_81' title="bbox 443 4143 2095 4218">
    <p class='ocr_par' dir='ltr' id='par_1_81' title="bbox 443 4143 2095 4218">
     <span class='ocr_line' id='line_1_82' title="bbox 443 4143 2095 4218; baseline 0.003 -23"><span class='ocrx_word' id='word_1_631' title='bbox 443 4155 623 4211; x_wconf 91' lang='lat' dir='ltr'><strong>quam</strong></span> <span class='ocrx_word' id='word_1_632' title='bbox 646 4145 704 4197; x_wconf 88' lang='lat' dir='ltr'><strong>et</strong></span> <span class='ocrx_word' id='word_1_633' title='bbox 720 4146 1003 4215; x_wconf 88' lang='lat' dir='ltr'><strong>tanquam</strong></span> <span class='ocrx_word' id='word_1_634' title='bbox 1025 4144 1321 4202; x_wconf 87' lang='lat' dir='ltr'><strong>lucernam</strong></span> <span class='ocrx_word' id='word_1_635' title='bbox 1346 4162 1524 4218; x_wconf 90' lang='lat' dir='ltr'><strong>super</strong></span> <span class='ocrx_word' id='word_1_636' title='bbox 1542 4145 1959 4202; x_wconf 88' lang='lat' dir='ltr'><strong>candelabrum</strong></span> <span class='ocrx_word' id='word_1_637' title='bbox 1984 4143 2095 4201; x_wconf 85' lang='lat' dir='ltr'><strong>col-</strong></span> 
     </span>
    </p>
   </div>
   <div class='ocr_carea' id='block_1_82' title="bbox 439 4226 2095 4307">
    <p class='ocr_par' dir='ltr' id='par_1_82' title="bbox 439 4226 2095 4307">
     <span class='ocr_line' id='line_1_83' title="bbox 439 4226 2095 4307; baseline 0.005 -24"><span class='ocrx_word' id='word_1_638' title='bbox 439 4226 729 4301; x_wconf 88' lang='lat' dir='ltr'><strong>locamus,</strong></span> <span class='ocrx_word' id='word_1_639' title='bbox 753 4230 1045 4290; x_wconf 83' lang='lat' dir='ltr'><strong>dicentes:</strong></span> <span class='ocrx_word' id='word_1_640' title='bbox 1074 4234 1254 4291; x_wconf 85' lang='lat' dir='ltr'><strong>Filius</strong></span> <span class='ocrx_word' id='word_1_641' title='bbox 1275 4251 1445 4291; x_wconf 90' lang='lat' dir='ltr'><strong>verus</strong></span> <span class='ocrx_word' id='word_1_642' title='bbox 1469 4238 1678 4290; x_wconf 87' lang='lat' dir='ltr'><strong>natura</strong></span> <span class='ocrx_word' id='word_1_643' title='bbox 1699 4238 1759 4290; x_wconf 86' lang='lat' dir='ltr'><strong>et</strong></span> <span class='ocrx_word' id='word_1_644' title='bbox 1795 4234 2095 4307; x_wconf 87' lang='lat' dir='ltr'><strong>genuinus</strong></span> 
     </span>
    </p>
   </div>
   <div class='ocr_carea' id='block_1_83' title="bbox 441 4318 2097 4396">
    <p class='ocr_par' dir='ltr' id='par_1_83' title="bbox 441 4318 2097 4396">
     <span class='ocr_line' id='line_1_84' title="bbox 441 4318 2097 4396; baseline 0.004 -24"><span class='ocrx_word' id='word_1_645' title='bbox 441 4322 532 4372; x_wconf 91' lang='lat' dir='ltr'><strong>est</strong></span> <span class='ocrx_word' id='word_1_646' title='bbox 564 4318 769 4392; x_wconf 87' lang='lat' dir='ltr'><strong>Patris,</strong></span> <span class='ocrx_word' id='word_1_647' title='bbox 803 4322 1047 4394; x_wconf 88' lang='lat' dir='ltr'><strong>ejusque</strong></span> <span class='ocrx_word' id='word_1_648' title='bbox 1073 4323 1421 4380; x_wconf 66' lang='lat' dir='ltr'><strong>substantiis</strong></span> <span class='ocrx_word' id='word_1_649' title='bbox 1468 4323 1766 4396; x_wconf 85' lang='lat' dir='ltr'><strong>proprius,</strong></span> <span class='ocrx_word' id='word_1_650' title='bbox 1795 4323 2097 4396; x_wconf 86' lang='lat' dir='ltr'><strong>Sapientia</strong></span> 
     </span>
    </p>
   </div>
   <div class='ocr_carea' id='block_1_84' title="bbox 441 4405 2094 4485">
    <p class='ocr_par' dir='ltr' id='par_1_84' title="bbox 441 4405 2094 4485">
     <span class='ocr_line' id='line_1_85' title="bbox 441 4405 2094 4485; baseline 0.005 -25"><span class='ocrx_word' id='word_1_651' title='bbox 441 4405 762 4478; x_wconf 90' lang='lat' dir='ltr'><strong>unigenita,</strong></span> <span class='ocrx_word' id='word_1_652' title='bbox 796 4409 1047 4466; x_wconf 89' lang='lat' dir='ltr'><strong>Verbum</strong></span> <span class='ocrx_word' id='word_1_653' title='bbox 1080 4428 1281 4467; x_wconf 88' lang='lat' dir='ltr'><strong>verum</strong></span> <span class='ocrx_word' id='word_1_654' title='bbox 1314 4428 1380 4469; x_wconf 88' lang='lat' dir='ltr'><strong>ac</strong></span> <span class='ocrx_word' id='word_1_655' title='bbox 1424 4412 1664 4469; x_wconf 88' lang='lat' dir='ltr'><strong>unicum</strong></span> <span class='ocrx_word' id='word_1_656' title='bbox 1699 4413 1798 4469; x_wconf 92' lang='lat' dir='ltr'><strong>Dei</strong></span> <span class='ocrx_word' id='word_1_657' title='bbox 1827 4413 1955 4485; x_wconf 90' lang='lat' dir='ltr'><strong>ipse</strong></span> <span class='ocrx_word' id='word_1_658' title='bbox 1983 4415 2094 4481; x_wconf 88' lang='lat' dir='ltr'><strong>est,</strong></span> 
     </span>
    </p>
   </div>
   <div class='ocr_carea' id='block_1_85' title="bbox 2272 3957 3842 4038">
    <p class='ocr_par' dir='ltr' id='par_1_85' title="bbox 2272 3957 3842 4038">
     <span class='ocr_line' id='line_1_86' title="bbox 2272 3957 3842 4038; baseline -0.004 -20"><span class='ocrx_word' id='word_1_659' title='bbox 2272 3961 2412 4018; x_wconf 82' lang='grc' dir='ltr'><strong>Ἰδοὺ</strong></span> <span class='ocrx_word' id='word_1_660' title='bbox 2452 3962 2553 4038; x_wconf 82' lang='grc' dir='ltr'><strong>γὰρ</strong></span> <span class='ocrx_word' id='word_1_661' title='bbox 2610 3964 2775 4035; x_wconf 77' lang='grc' dir='ltr'>ἡμεῖς</span> <span class='ocrx_word' id='word_1_662' title='bbox 2830 3962 2924 4035; x_wconf 79' lang='grc' dir='ltr'>μὶν</span> <span class='ocrx_word' id='word_1_663' title='bbox 2971 3960 3031 4017; x_wconf 77' lang='grc' dir='ltr'>ἐκ</span> <span class='ocrx_word' id='word_1_664' title='bbox 3069 3965 3177 4016; x_wconf 83' lang='grc' dir='ltr'><strong>τῶν</strong></span> <span class='ocrx_word' id='word_1_665' title='bbox 3227 3960 3380 4015; x_wconf 88' lang='grc' dir='ltr'>θείων</span> <span class='ocrx_word' id='word_1_666' title='bbox 3430 3964 3655 4036; x_wconf 84' lang='grc' dir='ltr'>Γραφῶν</span> <span class='ocrx_word' id='word_1_667' title='bbox 3706 3957 3842 4035; x_wconf 75' lang='grc' dir='ltr'>παῤ-</span> 
     </span>
    </p>
   </div>
   <div class='ocr_carea' id='block_1_86' title="bbox 2203 4045 3844 4129">
    <p class='ocr_par' dir='ltr' id='par_1_86' title="bbox 2203 4045 3844 4129">
     <span class='ocr_line' id='line_1_87' title="bbox 2203 4045 3844 4129; baseline -0.004 -22"><span class='ocrx_word' id='word_1_668' title='bbox 2203 4051 2573 4129; x_wconf 75' lang='grc' dir='ltr'>ῥησιαζόμεθα</span> <span class='ocrx_word' id='word_1_669' title='bbox 2598 4051 2845 4124; x_wconf 75' lang='grc' dir='ltr'>περὶτῆς</span> <span class='ocrx_word' id='word_1_670' title='bbox 2886 4045 3136 4111; x_wconf 74' lang='grc' dir='ltr'>εὐσεϐοῦς</span> <span class='ocrx_word' id='word_1_671' title='bbox 3182 4049 3437 4118; x_wconf 86' lang='grc' dir='ltr'>πίστεως,</span> <span class='ocrx_word' id='word_1_672' title='bbox 3484 4049 3576 4103; x_wconf 83' lang='grc' dir='ltr'><strong>καὶ</strong></span> <span class='ocrx_word' id='word_1_673' title='bbox 3616 4047 3689 4110; x_wconf 86' lang='grc' dir='ltr'>ὠς</span> <span class='ocrx_word' id='word_1_674' title='bbox 3745 4045 3844 4103; x_wconf 82' lang='grc' dir='ltr'><strong>λύ-</strong></span> 
     </span>
    </p>
   </div>
   <div class='ocr_carea' id='block_1_87' title="bbox 2202 4136 3843 4218">
    <p class='ocr_par' dir='ltr' id='par_1_87' title="bbox 2202 4136 3843 4218">
     <span class='ocr_line' id='line_1_88' title="bbox 2202 4136 3843 4218; baseline -0.004 -22"><span class='ocrx_word' id='word_1_675' title='bbox 2202 4161 2334 4218; x_wconf 86' lang='grc' dir='ltr'>χνον</span> <span class='ocrx_word' id='word_1_676' title='bbox 2383 4140 2469 4195; x_wconf 74' lang='grc' dir='ltr'><strong>ἐπὶ</strong></span> <span class='ocrx_word' id='word_1_677' title='bbox 2515 4146 2615 4210; x_wconf 87' lang='grc' dir='ltr'><strong>τῆς</strong></span> <span class='ocrx_word' id='word_1_678' title='bbox 2667 4138 2894 4215; x_wconf 85' lang='grc' dir='ltr'>λυχνίας</span> <span class='ocrx_word' id='word_1_679' title='bbox 2940 4138 3188 4212; x_wconf 84' lang='grc' dir='ltr'>τιθέαμεν</span> <span class='ocrx_word' id='word_1_680' title='bbox 3248 4140 3362 4212; x_wconf 88' lang='grc'>(90)</span> <span class='ocrx_word' id='word_1_681' title='bbox 3414 4136 3685 4213; x_wconf 85' lang='grc' dir='ltr'>λέγοντες·</span> <span class='ocrx_word' id='word_1_682' title='bbox 3719 4136 3843 4199; x_wconf 75' lang='grc' dir='ltr'><strong>Υἱὸς</strong></span> 
     </span>
    </p>
   </div>
   <div class='ocr_carea' id='block_1_88' title="bbox 2201 4222 3847 4308">
    <p class='ocr_par' dir='ltr' id='par_1_88' title="bbox 2201 4222 3847 4308">
     <span class='ocr_line' id='line_1_89' title="bbox 2201 4222 3847 4308; baseline -0.004 -23"><span class='ocrx_word' id='word_1_683' title='bbox 2201 4228 2462 4301; x_wconf 83' lang='grc' dir='ltr'>ἀληθινὸς</span> <span class='ocrx_word' id='word_1_684' title='bbox 2516 4228 2672 4308; x_wconf 80' lang='grc' dir='ltr'>φύσει</span> <span class='ocrx_word' id='word_1_685' title='bbox 2723 4227 2813 4283; x_wconf 82' lang='grc' dir='ltr'><strong>καὶ</strong></span> <span class='ocrx_word' id='word_1_686' title='bbox 2860 4228 3080 4303; x_wconf 87' lang='grc' dir='ltr'>γνήσιός</span> <span class='ocrx_word' id='word_1_687' title='bbox 3139 4226 3251 4283; x_wconf 78' lang='grc' dir='ltr'>ἐστι</span> <span class='ocrx_word' id='word_1_688' title='bbox 3302 4229 3400 4283; x_wconf 87' lang='grc' dir='ltr'><strong>τοῦ</strong></span> <span class='ocrx_word' id='word_1_689' title='bbox 3450 4222 3847 4302; x_wconf 70' lang='grc' dir='ltr'>11ατρὸς,⁹ίδιος</span> 
     </span>
    </p>
   </div>
   <div class='ocr_carea' id='block_1_89' title="bbox 2200 4313 3846 4396">
    <p class='ocr_par' dir='ltr' id='par_1_89' title="bbox 2200 4313 3846 4396">
     <span class='ocr_line' id='line_1_90' title="bbox 2200 4313 3846 4396; baseline -0.003 -22"><span class='ocrx_word' id='word_1_690' title='bbox 2200 4326 2299 4389; x_wconf 80' lang='grc' dir='ltr'><strong>τῆς</strong></span> <span class='ocrx_word' id='word_1_691' title='bbox 2332 4317 2514 4381; x_wconf 74' lang='grc' dir='ltr'>οὐσίας</span> <span class='ocrx_word' id='word_1_692' title='bbox 2548 4317 2729 4381; x_wconf 79' lang='grc' dir='ltr'>οὑσίας</span> <span class='ocrx_word' id='word_1_693' title='bbox 2756 4316 2941 4387; x_wconf 83' lang='grc' dir='ltr'>αὐτοῦ,</span> <span class='ocrx_word' id='word_1_694' title='bbox 2976 4316 3149 4396; x_wconf 86' lang='grc' dir='ltr'>Σοφία</span> <span class='ocrx_word' id='word_1_695' title='bbox 3183 4316 3486 4391; x_wconf 77' lang='grc' dir='ltr'>μονογενὴς</span> <span class='ocrx_word' id='word_1_696' title='bbox 3532 4314 3623 4370; x_wconf 81' lang='grc' dir='ltr'><strong>καὶ</strong></span> <span class='ocrx_word' id='word_1_697' title='bbox 3671 4313 3846 4389; x_wconf 85' lang='grc' dir='ltr'>Λόγος</span> 
     </span>
    </p>
   </div>
   <div class='ocr_carea' id='block_1_90' title="bbox 2203 4400 3847 4480">
    <p class='ocr_par' dir='ltr' id='par_1_90' title="bbox 2203 4400 3847 4480">
     <span class='ocr_line' id='line_1_91' title="bbox 2203 4400 3847 4480; baseline -0.005 -16"><span class='ocrx_word' id='word_1_698' title='bbox 2203 4407 2461 4478; x_wconf 86' lang='grc' dir='ltr'>ἀληθινὸς</span> <span class='ocrx_word' id='word_1_699' title='bbox 2490 4407 2581 4462; x_wconf 86' lang='grc' dir='ltr'>καὶ</span> <span class='ocrx_word' id='word_1_700' title='bbox 2613 4405 2778 4480; x_wconf 85' lang='grc' dir='ltr'>μόνος</span> <span class='ocrx_word' id='word_1_701' title='bbox 2806 4410 2904 4461; x_wconf 88' lang='grc' dir='ltr'><strong>τοῦ</strong></span> <span class='ocrx_word' id='word_1_702' title='bbox 2925 4410 3058 4462; x_wconf 85' lang='grc' dir='ltr'>Θεοῦ</span> <span class='ocrx_word' id='word_1_703' title='bbox 3083 4403 3240 4467; x_wconf 79' lang='grc' dir='ltr'>οὗτός</span> <span class='ocrx_word' id='word_1_704' title='bbox 3270 4404 3433 4460; x_wconf 76' lang='grc' dir='ltr'>ἐστιν·</span> <span class='ocrx_word' id='word_1_705' title='bbox 3470 4402 3570 4460; x_wconf 83' lang='grc' dir='ltr'>οὐκ</span> <span class='ocrx_word' id='word_1_706' title='bbox 3595 4400 3708 4460; x_wconf 71' lang='grc' dir='ltr'>ἔστι</span> <span class='ocrx_word' id='word_1_707' title='bbox 3736 4403 3847 4458; x_wconf 81' lang='grc' dir='ltr'>κτί-</span> 
     </span>
    </p>
   </div>
   <div class='ocr_carea' id='block_1_91' title="bbox 443 4491 2084 4574">
    <p class='ocr_par' dir='ltr' id='par_1_91' title="bbox 443 4500 2084 4574">
     <span class='ocr_line' id='line_1_92' title="bbox 443 4500 2084 4574; baseline 0.005 -25"><span class='ocrx_word' id='word_1_708' title='bbox 443 4509 563 4550; x_wconf 89' lang='lat' dir='ltr'><strong>non</strong></span> <span class='ocrx_word' id='word_1_709' title='bbox 596 4511 688 4552; x_wconf 89' lang='lat' dir='ltr'><strong>res</strong></span> <span class='ocrx_word' id='word_1_710' title='bbox 717 4502 911 4554; x_wconf 88' lang='lat' dir='ltr'><strong>creata</strong></span> <span class='ocrx_word' id='word_1_711' title='bbox 939 4500 1024 4556; x_wconf 92' lang='lat' dir='ltr'><strong>vel</strong></span> <span class='ocrx_word' id='word_1_712' title='bbox 1078 4500 1251 4568; x_wconf 86' lang='lat' dir='ltr'><strong>facta,</strong></span> <span class='ocrx_word' id='word_1_713' title='bbox 1286 4501 1386 4557; x_wconf 86' lang='lat' dir='ltr'><strong>sed</strong></span> <span class='ocrx_word' id='word_1_714' title='bbox 1433 4501 1708 4574; x_wconf 88' lang='lat' dir='ltr'><strong>proprius</strong></span> <span class='ocrx_word' id='word_1_715' title='bbox 1754 4500 2084 4558; x_wconf 76' lang='lat' dir='ltr'><strong>substantia</strong></span> 
     </span>
    </p>
   </div>
   <div class='ocr_carea' id='block_1_92' title="bbox 2199 4491 3847 4574">
    <p class='ocr_par' dir='ltr' id='par_1_92' title="bbox 2206 4491 3847 4571">
     <span class='ocr_line' id='line_1_93' title="bbox 2206 4491 3847 4571; baseline -0.003 -19"><span class='ocrx_word' id='word_1_716' title='bbox 2206 4517 2317 4571; x_wconf 90' lang='grc' dir='ltr'><strong>σμα</strong></span> <span class='ocrx_word' id='word_1_717' title='bbox 2345 4494 2468 4552; x_wconf 74' lang='grc' dir='ltr'>οὔτε</span> <span class='ocrx_word' id='word_1_718' title='bbox 2494 4495 2731 4569; x_wconf 87' lang='grc' dir='ltr'>ποίημα,</span> <span class='ocrx_word' id='word_1_719' title='bbox 2782 4493 2910 4551; x_wconf 91' lang='grc' dir='ltr'>ἀλλ’</span> <span class='ocrx_word' id='word_1_720' title='bbox 2953 4492 3097 4550; x_wconf 76' lang='grc' dir='ltr'>’ίδιον</span> <span class='ocrx_word' id='word_1_721' title='bbox 3144 4501 3247 4565; x_wconf 84' lang='grc' dir='ltr'><strong>τῆς</strong></span> <span class='ocrx_word' id='word_1_722' title='bbox 3295 4497 3392 4550; x_wconf 89' lang='grc' dir='ltr'><strong>τοῦ</strong></span> <span class='ocrx_word' id='word_1_723' title='bbox 3422 4494 3633 4568; x_wconf 79' lang='grc' dir='ltr'>Πατρὸς</span> <span class='ocrx_word' id='word_1_724' title='bbox 3665 4491 3847 4554; x_wconf 87' lang='grc' dir='ltr'>οὑσίας</span> 
     </span>
    </p>
   </div>
   <div class='ocr_carea' id='block_1_93' title="bbox 442 4584 2089 4663">
    <p class='ocr_par' dir='ltr' id='par_1_93' title="bbox 442 4584 2089 4663">
     <span class='ocr_line' id='line_1_94' title="bbox 442 4584 2089 4663; baseline 0.005 -24"><span class='ocrx_word' id='word_1_725' title='bbox 442 4584 632 4641; x_wconf 87' lang='lat' dir='ltr'><strong>Patris</strong></span> <span class='ocrx_word' id='word_1_726' title='bbox 663 4585 836 4644; x_wconf 86' lang='lat' dir='ltr'><strong>fetus.</strong></span> <span class='ocrx_word' id='word_1_727' title='bbox 867 4588 1147 4652; x_wconf 89' lang='lat' dir='ltr'><strong>Quocirca</strong></span> <span class='ocrx_word' id='word_1_728' title='bbox 1168 4590 1323 4647; x_wconf 85' lang='lat' dir='ltr'><strong>Deus</strong></span> <span class='ocrx_word' id='word_1_729' title='bbox 1354 4593 1445 4647; x_wconf 91' lang='lat' dir='ltr'><strong>est</strong></span> <span class='ocrx_word' id='word_1_730' title='bbox 1468 4606 1664 4658; x_wconf 90' lang='lat' dir='ltr'><strong>verus,</strong></span> <span class='ocrx_word' id='word_1_731' title='bbox 1694 4606 1947 4663; x_wconf 88' lang='lat' dir='ltr'><strong>veroque</strong></span> <span class='ocrx_word' id='word_1_732' title='bbox 1975 4592 2089 4647; x_wconf 71' lang='lat' dir='ltr'><strong>Pa-</strong></span> 
     </span>
    </p>
   </div>
   <div class='ocr_carea' id='block_1_94' title="bbox 2196 4580 3845 4662">
    <p class='ocr_par' dir='ltr' id='par_1_94' title="bbox 2196 4580 3845 4662">
     <span class='ocr_line' id='line_1_95' title="bbox 2196 4580 3845 4662; baseline -0.003 -21"><span class='ocrx_word' id='word_1_733' title='bbox 2196 4586 2461 4662; x_wconf 76' lang='grc' dir='ltr'>γέννημα.</span> <span class='ocrx_word' id='word_1_734' title='bbox 2495 4586 2587 4640; x_wconf 87' lang='grc' dir='ltr'><strong>Διὸ</strong></span> <span class='ocrx_word' id='word_1_735' title='bbox 2635 4583 2766 4648; x_wconf 87' lang='grc' dir='ltr'>Θεός</span> <span class='ocrx_word' id='word_1_736' title='bbox 2812 4583 2954 4639; x_wconf 80' lang='grc' dir='ltr'>ἐστιν</span> <span class='ocrx_word' id='word_1_737' title='bbox 3003 4583 3290 4655; x_wconf 82' lang='grc' dir='ltr'>ἀληθινὸς,</span> <span class='ocrx_word' id='word_1_738' title='bbox 3338 4580 3606 4655; x_wconf 88' lang='grc' dir='ltr'>ἀληθινοῦ</span> <span class='ocrx_word' id='word_1_739' title='bbox 3635 4582 3845 4658; x_wconf 86' lang='grc' dir='ltr'>Πατρὸς</span> 
     </span>
    </p>
   </div>
   <div class='ocr_carea' id='block_1_95' title="bbox 524 4703 2084 4779">
    <p class='ocr_par' dir='ltr' id='par_1_95' title="bbox 524 4703 2058 4779">
     <span class='ocr_line' id='line_1_96' title="bbox 524 4703 2058 4779; baseline 0.005 -19"><span class='ocrx_word' id='word_1_740' title='bbox 524 4704 570 4740; x_wconf 75' lang='grc'>³³</span> <span class='ocrx_word' id='word_1_741' title='bbox 601 4703 822 4762; x_wconf 88' lang='lat' dir='ltr'><strong>Coloss.</strong></span> <span class='ocrx_word' id='word_1_742' title='bbox 857 4724 895 4778; x_wconf 80' lang='grc' dir='ltr'><strong>ι,</strong></span> <span class='ocrx_word' id='word_1_743' title='bbox 929 4706 1016 4764; x_wconf 77' lang='lat' dir='ltr'><strong>l8.</strong></span> <span class='ocrx_word' id='word_1_744' title='bbox 1097 4708 1142 4744; x_wconf 80' lang='grc'>¹³</span> <span class='ocrx_word' id='word_1_745' title='bbox 1162 4707 1332 4764; x_wconf 84' lang='lat' dir='ltr'><strong>Joan.</strong></span> <span class='ocrx_word' id='word_1_746' title='bbox 1363 4725 1480 4779; x_wconf 72' lang='lat' dir='ltr'><strong>xxx,</strong></span> <span class='ocrx_word' id='word_1_747' title='bbox 1514 4708 1601 4764; x_wconf 86' lang='grc'><strong>15.</strong></span> <span class='ocrx_word' id='word_1_748' title='bbox 1675 4709 1719 4744; x_wconf 73' lang='grc'>¹⁴</span> <span class='ocrx_word' id='word_1_749' title='bbox 1745 4710 1767 4765; x_wconf 93' lang='grc' dir='ltr'><strong>Ι</strong></span> <span class='ocrx_word' id='word_1_750' title='bbox 1795 4709 1945 4766; x_wconf 89' lang='lat' dir='ltr'><strong>Tim.</strong></span> <span class='ocrx_word' id='word_1_751' title='bbox 1980 4726 2058 4779; x_wconf 82' lang='lat' dir='ltr'><strong>IV,</strong></span> 
     </span>
    </p>
   </div>
   <div class='ocr_carea' id='block_1_96' title="bbox 2199 4703 2569 4779">
    <p class='ocr_par' dir='ltr' id='par_1_96' title="bbox 2222 4705 2569 4777">
     <span class='ocr_line' id='line_1_97' title="bbox 2222 4705 2569 4777; baseline -0.006 -15"><span class='ocrx_word' id='word_1_752' title='bbox 2222 4706 2268 4744; x_wconf 78' lang='lat'>&quot;</span> <span class='ocrx_word' id='word_1_753' title='bbox 2297 4705 2413 4763; x_wconf 85' lang='lat' dir='ltr'><strong>&#39;l‘it.</strong></span> <span class='ocrx_word' id='word_1_754' title='bbox 2444 4722 2486 4777; x_wconf 83' lang='lat'><strong>1,</strong></span> <span class='ocrx_word' id='word_1_755' title='bbox 2518 4706 2569 4760; x_wconf 87' lang='grc'><strong>4.</strong></span> 
     </span>
    </p>
   </div>
   <div class='ocr_carea' id='block_1_97' title="bbox 516 4828 2094 4902">
    <p class='ocr_par' dir='ltr' id='par_1_97' title="bbox 516 4828 2094 4902">
     <span class='ocr_line' id='line_1_98' title="bbox 516 4828 2094 4902; baseline 0.003 -19"><span class='ocrx_word' id='word_1_756' title='bbox 516 4828 903 4902; x_wconf 63' lang='grc' dir='ltr'>(Βυβεευετ.</span> <span class='ocrx_word' id='word_1_757' title='bbox 935 4830 1165 4889; x_wconf 91' lang='lat' dir='ltr'><strong>Gobler.</strong></span> <span class='ocrx_word' id='word_1_758' title='bbox 1200 4836 1256 4888; x_wconf 91' lang='lat' dir='ltr'><strong>et</strong></span> <span class='ocrx_word' id='word_1_759' title='bbox 1286 4831 1534 4902; x_wconf 81' lang='lat' dir='ltr'><strong>Felckm.</strong></span> <span class='ocrx_word' id='word_1_760' title='bbox 1575 4832 1624 4900; x_wconf 90' lang='grc'>1,</span> <span class='ocrx_word' id='word_1_761' title='bbox 1675 4831 1819 4886; x_wconf 78' lang='grc' dir='ltr'>οὕτω</span> <span class='ocrx_word' id='word_1_762' title='bbox 1866 4834 1963 4895; x_wconf 83' lang='grc' dir='ltr'><strong>τὰς</strong></span> <span class='ocrx_word' id='word_1_763' title='bbox 1994 4828 2094 4887; x_wconf 79' lang='grc' dir='ltr'>ἅλ-</span> 
     </span>
    </p>
   </div>
   <div class='ocr_carea' id='block_1_98' title="bbox 449 4896 2093 4984">
    <p class='ocr_par' dir='ltr' id='par_1_98' title="bbox 449 4896 2093 4984">
     <span class='ocr_line' id='line_1_99' title="bbox 449 4896 2093 4984; baseline 0.005 -31"><span class='ocrx_word' id='word_1_764' title='bbox 449 4896 569 4983; x_wconf 68' lang='grc' dir='ltr'>λᾳξ.</span> <span class='ocrx_word' id='word_1_765' title='bbox 603 4896 1020 4984; x_wconf 54' lang='lat' dir='ltr'><strong>Mon&#39;Felclam.</strong></span> <span class='ocrx_word' id='word_1_766' title='bbox 1050 4907 1174 4984; x_wconf 79' lang='lat' dir='ltr'><strong>2_et</strong></span> <span class='ocrx_word' id='word_1_767' title='bbox 1201 4903 1348 4984; x_wconf 74' lang='lat' dir='ltr'><strong>editi</strong></span> <span class='ocrx_word' id='word_1_768' title='bbox 1361 4896 1665 4984; x_wconf 51' lang='grc' dir='ltr'>ἔπλασφι</span> <span class='ocrx_word' id='word_1_769' title='bbox 1695 4910 1752 4960; x_wconf 90' lang='lat' dir='ltr'><strong>et</strong></span> <span class='ocrx_word' id='word_1_770' title='bbox 1780 4904 1924 4980; x_wconf 90' lang='lat' dir='ltr'><strong>legit</strong></span> <span class='ocrx_word' id='word_1_771' title='bbox 1937 4905 2093 4961; x_wconf 89' lang='lat' dir='ltr'><strong>Nan-</strong></span> 
     </span>
    </p>
   </div>
   <div class='ocr_carea' id='block_1_99' title="bbox 447 4971 1743 5044">
    <p class='ocr_par' dir='ltr' id='par_1_99' title="bbox 447 4971 1743 5044">
     <span class='ocr_line' id='line_1_100' title="bbox 447 4971 1743 5044; baseline 0.004 -18"><span class='ocrx_word' id='word_1_772' title='bbox 447 4971 740 5044; x_wconf 89' lang='lat' dir='ltr'><strong>nius,_qui</strong></span> <span class='ocrx_word' id='word_1_773' title='bbox 770 4977 941 5030; x_wconf 88' lang='lat' dir='ltr'><strong>vertit</strong></span> <span class='ocrx_word' id='word_1_774' title='bbox 966 4975 1253 5033; x_wconf 73' lang='lat' dir='ltr'><strong>conﬁnxit-</strong></span> <span class='ocrx_word' id='word_1_775' title='bbox 1285 4974 1396 5031; x_wconf 79' lang='lat' dir='ltr'><strong>Alii</strong></span> <span class='ocrx_word' id='word_1_776' title='bbox 1427 4971 1743 5044; x_wconf 79' lang='grc' dir='ltr'>ἐπλάνησεν.</span> 
     </span>
    </p>
   </div>
   <div class='ocr_carea' id='block_1_100' title="bbox 515 5043 2094 5119">
    <p class='ocr_par' dir='ltr' id='par_1_100' title="bbox 515 5043 2094 5119">
     <span class='ocr_line' id='line_1_101' title="bbox 515 5043 2094 5119; baseline 0.003 -22"><span class='ocrx_word' id='word_1_777' title='bbox 515 5043 630 5119; x_wconf 73' lang='grc'>(82)</span> <span class='ocrx_word' id='word_1_778' title='bbox 657 5043 751 5119; x_wconf 81' lang='lat' dir='ltr'><strong>Sic</strong></span> <span class='ocrx_word' id='word_1_779' title='bbox 810 5045 947 5119; x_wconf 82' lang='lat' dir='ltr'><strong>Reg.</strong></span> <span class='ocrx_word' id='word_1_780' title='bbox 1007 5045 1237 5103; x_wconf 88' lang='lat' dir='ltr'><strong>Gobler.</strong></span> <span class='ocrx_word' id='word_1_781' title='bbox 1299 5051 1357 5103; x_wconf 90' lang='lat' dir='ltr'><strong>et</strong></span> <span class='ocrx_word' id='word_1_782' title='bbox 1399 5043 1653 5103; x_wconf 86' lang='lat' dir='ltr'><strong>Felckm.</strong></span> <span class='ocrx_word' id='word_1_783' title='bbox 1703 5049 1754 5104; x_wconf 90' lang='grc'><strong>1.</strong></span> <span class='ocrx_word' id='word_1_784' title='bbox 1814 5046 1926 5103; x_wconf 88' lang='lat' dir='ltr'><strong>Alii</strong></span> <span class='ocrx_word' id='word_1_785' title='bbox 1957 5062 2094 5103; x_wconf 90' lang='lat' dir='ltr'><strong>vero</strong></span> 
     </span>
    </p>
   </div>
   <div class='ocr_carea' id='block_1_101' title="bbox 445 5108 748 5170">
    <p class='ocr_par' dir='ltr' id='par_1_101' title="bbox 445 5108 748 5170">
     <span class='ocr_line' id='line_1_102' title="bbox 445 5108 748 5170; baseline 0.01 -3"><span class='ocrx_word' id='word_1_786' title='bbox 445 5108 724 5170; x_wconf 69' lang='grc' dir='ltr'>ἐπίϐαλών</span> <span class='ocrx_word' id='word_1_787' title='bbox 736 5157 748 5170; x_wconf 91' lang='grc'><strong>.</strong></span> 
     </span>
    </p>
   </div>
   <div class='ocr_carea' id='block_1_102' title="bbox 517 5185 2090 5262">
    <p class='ocr_par' dir='ltr' id='par_1_102' title="bbox 517 5185 2090 5262">
     <span class='ocr_line' id='line_1_103' title="bbox 517 5185 2090 5262; baseline 0.001 -21"><span class='ocrx_word' id='word_1_788' title='bbox 517 5187 629 5260; x_wconf 89' lang='grc'>(83)</span> <span class='ocrx_word' id='word_1_789' title='bbox 689 5187 1028 5262; x_wconf 78' lang='lat' dir='ltr'><strong>Seguerian.</strong></span> <span class='ocrx_word' id='word_1_790' title='bbox 1089 5186 1397 5262; x_wconf 75' lang='lat' dir='ltr'><strong>Basilicus.</strong></span> <span class='ocrx_word' id='word_1_791' title='bbox 1443 5185 2090 5262; x_wconf 16' lang='grc' dir='ltr'>νει-Αηειὶοεηημηδὲν</span> 
     </span>
    </p>
   </div>
   <div class='ocr_carea' id='block_1_103' title="bbox 445 5254 2092 5330">
    <p class='ocr_par' dir='ltr' id='par_1_103' title="bbox 445 5254 2092 5330">
     <span class='ocr_line' id='line_1_104' title="bbox 445 5254 2092 5330; baseline 0.007 -20"><span class='ocrx_word' id='word_1_792' title='bbox 445 5254 839 5315; x_wconf 61' lang='grc' dir='ltr'><strong>ὅλωςζΑΙὶἱῖξῑ</strong></span> <span class='ocrx_word' id='word_1_793' title='bbox 864 5259 1027 5326; x_wconf 89' lang='lat' dir='ltr'><strong>editi,</strong></span> <span class='ocrx_word' id='word_1_794' title='bbox 1065 5256 1206 5330; x_wconf 74' lang='grc' dir='ltr'>μηὸὶ</span> <span class='ocrx_word' id='word_1_795' title='bbox 1236 5257 1400 5321; x_wconf 79' lang='grc' dir='ltr'>ὅλως.</span> <span class='ocrx_word' id='word_1_796' title='bbox 1437 5260 1580 5316; x_wconf 88' lang='lat' dir='ltr'><strong>Ibid.</strong></span> <span class='ocrx_word' id='word_1_797' title='bbox 1617 5254 1767 5317; x_wconf 73' lang='lat' dir='ltr'><strong>Félc.</strong></span> <span class='ocrx_word' id='word_1_798' title='bbox 1801 5263 1857 5328; x_wconf 88' lang='lat'><strong>5,</strong></span> <span class='ocrx_word' id='word_1_799' title='bbox 1889 5254 2092 5330; x_wconf 71' lang='grc' dir='ltr'>ἀληθὲς</span> 
     </span>
    </p>
   </div>
   <div class='ocr_carea' id='block_1_104' title="bbox 446 5330 2095 5462">
    <p class='ocr_par' dir='ltr' id='par_1_104' title="bbox 446 5330 2095 5462">
     <span class='ocr_line' id='line_1_105' title="bbox 446 5330 2095 5462; baseline 0.005 -80"><span class='ocrx_word' id='word_1_800' title='bbox 446 5331 1345 5462; x_wconf 51' lang='lat' dir='ltr'><strong>M:§CSe‘gu2;iaon&quot;Il(Bc</strong></span> <span class='ocrx_word' id='word_1_801' title='bbox 1374 5330 1473 5407; x_wconf 76' lang='grc' dir='ltr'><strong>γάρ</strong></span> <span class='ocrx_word' id='word_1_802' title='bbox 1522 5330 1583 5387; x_wconf 80' lang='grc' dir='ltr'><strong>ἃν</strong></span> <span class='ocrx_word' id='word_1_803' title='bbox 1633 5330 1927 5406; x_wconf 70' lang='grc' dir='ltr'>ἀληθεύω-ῃ.</span> <span class='ocrx_word' id='word_1_804' title='bbox 1983 5331 2095 5390; x_wconf 82' lang='lat' dir='ltr'><strong>Alii</strong></span> 
     </span>
     <span class='ocr_line' id='line_1_106' title="bbox 683 5422 1318 5462; baseline 0.002 -5"><span class='ocrx_word' id='word_1_805' title='bbox 683 5446 698 5462; x_wconf 84' lang='lat'><strong>,</strong></span> <span class='ocrx_word' id='word_1_806' title='bbox 773 5422 817 5456; x_wconf 90' lang='grc' dir='ltr'><strong>ω</strong></span> <span class='ocrx_word' id='word_1_807' title='bbox 874 5423 977 5462; x_wconf 78' lang='grc' dir='ltr'><strong>γαρ</strong></span> <span class='ocrx_word' id='word_1_808' title='bbox 1081 5425 1113 5462; x_wconf 85' lang='grc' dir='ltr'><strong>η</strong></span> <span class='ocrx_word' id='word_1_809' title='bbox 1156 5422 1318 5458; x_wconf 85' lang='grc' dir='ltr'>ευσει.</span> 
     </span>
    </p>
   </div>
   <div class='ocr_carea' id='block_1_105' title="bbox 683 5424 1318 5468">
    <p class='ocr_par' dir='ltr' id='par_1_105' title="bbox 683 5424 1318 5468">
     <span class='ocr_line' id='line_1_107' title="bbox 683 5424 1318 5468; baseline 0.003 -12"><span class='ocrx_word' id='word_1_810' title='bbox 683 5446 698 5468; x_wconf 87' lang='grc'><strong>,</strong></span> <span class='ocrx_word' id='word_1_811' title='bbox 728 5424 846 5462; x_wconf 86' lang='grc' dir='ltr'><strong>πως</strong></span> <span class='ocrx_word' id='word_1_812' title='bbox 874 5424 977 5468; x_wconf 86' lang='grc' dir='ltr'><strong>γαρ</strong></span> <span class='ocrx_word' id='word_1_813' title='bbox 1007 5424 1318 5468; x_wconf 83' lang='grc' dir='ltr'>αΛηῠευσει.</span> 
     </span>
    </p>
   </div>
   <div class='ocr_carea' id='block_1_106' title="bbox 520 5423 2094 5546">
    <p class='ocr_par' dir='ltr' id='par_1_106' title="bbox 520 5423 2094 5546">
     <span class='ocr_line' id='line_1_108' title="bbox 534 5423 1318 5477; baseline 0.001 -20"><span class='ocrx_word' id='word_1_814' title='bbox 534 5423 698 5468; x_wconf 78' lang='grc' dir='ltr'>ϐίιιιι,</span> <span class='ocrx_word' id='word_1_815' title='bbox 728 5423 846 5462; x_wconf 86' lang='grc' dir='ltr'><strong>πως</strong></span> <span class='ocrx_word' id='word_1_816' title='bbox 874 5423 977 5477; x_wconf 88' lang='grc' dir='ltr'><strong>γαρ</strong></span> <span class='ocrx_word' id='word_1_817' title='bbox 1007 5423 1318 5472; x_wconf 80' lang='grc' dir='ltr'>αΛηυευσει.</span> 
     </span>
     <span class='ocr_line' id='line_1_109' title="bbox 520 5471 2094 5546; baseline -0.001 -18"><span class='ocrx_word' id='word_1_818' title='bbox 520 5474 634 5545; x_wconf 85' lang='grc'>(84)</span> <span class='ocrx_word' id='word_1_819' title='bbox 667 5473 761 5530; x_wconf 92' lang='lat' dir='ltr'><strong>Sic</strong></span> <span class='ocrx_word' id='word_1_820' title='bbox 783 5475 1017 5546; x_wconf 85' lang='lat' dir='ltr'><strong>Seguer.</strong></span> <span class='ocrx_word' id='word_1_821' title='bbox 1051 5481 1110 5546; x_wconf 86' lang='lat' dir='ltr'><strong>et</strong></span> <span class='ocrx_word' id='word_1_822' title='bbox 1139 5476 1277 5546; x_wconf 86' lang='lat' dir='ltr'><strong>Reg.</strong></span> <span class='ocrx_word' id='word_1_823' title='bbox 1312 5476 1382 5529; x_wconf 88' lang='lat' dir='ltr'><strong>At</strong></span> <span class='ocrx_word' id='word_1_824' title='bbox 1412 5473 1644 5546; x_wconf 84' lang='lat' dir='ltr'><strong>Gobler.</strong></span> <span class='ocrx_word' id='word_1_825' title='bbox 1686 5477 1745 5546; x_wconf 87' lang='lat' dir='ltr'><strong>et</strong></span> <span class='ocrx_word' id='word_1_826' title='bbox 1778 5473 1928 5529; x_wconf 82' lang='lat' dir='ltr'><strong>Felc.</strong></span> <span class='ocrx_word' id='word_1_827' title='bbox 1963 5474 2014 5544; x_wconf 88' lang='grc'>1,</span> <span class='ocrx_word' id='word_1_828' title='bbox 2047 5471 2094 5528; x_wconf 75' lang='grc' dir='ltr'>εἲ</span> 
     </span>
    </p>
   </div>
   <div class='ocr_carea' id='block_1_107' title="bbox 444 5492 1985 5615">
    <p class='ocr_par' dir='ltr' id='par_1_107' title="bbox 444 5492 1985 5615">
     <span class='ocr_line' id='line_1_110' title="bbox 520 5492 1985 5546; baseline 0 -18"><span class='ocrx_word' id='word_1_829' title='bbox 520 5492 634 5545; x_wconf 68' lang='grc' dir='ltr'>(διε)</span> <span class='ocrx_word' id='word_1_830' title='bbox 667 5492 761 5530; x_wconf 73' lang='lat' dir='ltr'><strong>Sic</strong></span> <span class='ocrx_word' id='word_1_831' title='bbox 783 5492 853 5530; x_wconf 67' lang='lat' dir='ltr'><strong>Se</strong></span> <span class='ocrx_word' id='word_1_832' title='bbox 899 5493 1017 5533; x_wconf 89' lang='lat' dir='ltr'><strong>uer.</strong></span> <span class='ocrx_word' id='word_1_833' title='bbox 1051 5492 1110 5531; x_wconf 84' lang='lat' dir='ltr'><strong>et</strong></span> <span class='ocrx_word' id='word_1_834' title='bbox 1139 5492 1277 5546; x_wconf 72' lang='lat' dir='ltr'><strong>neg.</strong></span> <span class='ocrx_word' id='word_1_835' title='bbox 1312 5492 1382 5529; x_wconf 74' lang='lat' dir='ltr'><strong>At</strong></span> <span class='ocrx_word' id='word_1_836' title='bbox 1412 5492 1644 5531; x_wconf 81' lang='lat' dir='ltr'><strong>uomer.</strong></span> <span class='ocrx_word' id='word_1_837' title='bbox 1686 5492 1745 5529; x_wconf 81' lang='lat' dir='ltr'><strong>et</strong></span> <span class='ocrx_word' id='word_1_838' title='bbox 1779 5492 1928 5529; x_wconf 81' lang='lat' dir='ltr'><strong>relc.</strong></span> <span class='ocrx_word' id='word_1_839' title='bbox 1963 5492 1985 5528; x_wconf 83' lang='lat'><strong>1</strong></span> 
     </span>
     <span class='ocr_line' id='line_1_111' title="bbox 444 5492 1985 5615; baseline 0.002 -18"><span class='ocrx_word' id='word_1_840' title='bbox 444 5542 535 5598; x_wconf 86' lang='grc' dir='ltr'><strong>τὸν</strong></span> <span class='ocrx_word' id='word_1_841' title='bbox 566 5546 749 5601; x_wconf 84' lang='grc' dir='ltr'>τοῦτο.</span> <span class='ocrx_word' id='word_1_842' title='bbox 783 5492 931 5603; x_wconf 48' lang='lat' dir='ltr'><strong>Feige.</strong></span> <span class='ocrx_word' id='word_1_843' title='bbox 963 5550 1018 5615; x_wconf 90' lang='lat'><strong>5,</strong></span> <span class='ocrx_word' id='word_1_844' title='bbox 1050 5545 1127 5608; x_wconf 79' lang='grc' dir='ltr'>εἷς</span> <span class='ocrx_word' id='word_1_845' title='bbox 1156 5549 1336 5600; x_wconf 85' lang='grc' dir='ltr'>τοῦτο.</span> <span class='ocrx_word' id='word_1_846' title='bbox 1370 5545 1521 5601; x_wconf 87' lang='lat' dir='ltr'><strong>Editi</strong></span> <span class='ocrx_word' id='word_1_847' title='bbox 1552 5544 1627 5606; x_wconf 81' lang='grc' dir='ltr'><strong>είς</strong></span> <span class='ocrx_word' id='word_1_848' title='bbox 1656 5545 1746 5599; x_wconf 80' lang='grc' dir='ltr'>τὸν</span> <span class='ocrx_word' id='word_1_849' title='bbox 1771 5548 1985 5600; x_wconf 88' lang='grc' dir='ltr'>τοῦτον.</span> 
     </span>
    </p>
   </div>
   <div class='ocr_carea' id='block_1_108' title="bbox 540 5614 1604 5691">
    <p class='ocr_par' dir='ltr' id='par_1_108' title="bbox 540 5614 1604 5691">
     <span class='ocr_line' id='line_1_112' title="bbox 540 5614 1604 5691; baseline 0.001 -18"><span class='ocrx_word' id='word_1_850' title='bbox 540 5616 638 5691; x_wconf 64' lang='grc'>85)</span> <span class='ocrx_word' id='word_1_851' title='bbox 661 5614 1264 5691; x_wconf 84' lang='lat' dir='ltr'><strong>Gob_lerian.et_Felc.</strong></span> <span class='ocrx_word' id='word_1_852' title='bbox 1297 5617 1350 5688; x_wconf 78' lang='grc'>4,</span> <span class='ocrx_word' id='word_1_853' title='bbox 1385 5614 1604 5691; x_wconf 82' lang='grc' dir='ltr'>Κύριον.</span> 
     </span>
    </p>
   </div>
   <div class='ocr_carea' id='block_1_109' title="bbox 541 5688 1257 5762">
    <p class='ocr_par' dir='ltr' id='par_1_109' title="bbox 541 5688 1257 5762">
     <span class='ocr_line' id='line_1_113' title="bbox 541 5688 1257 5762; baseline 0.008 -22"><span class='ocrx_word' id='word_1_854' title='bbox 541 5688 627 5760; x_wconf 84' lang='lat'><strong>86)</strong></span> <span class='ocrx_word' id='word_1_855' title='bbox 659 5689 984 5762; x_wconf 80' lang='lat' dir='ltr'><strong>Anglican.,</strong></span> <span class='ocrx_word' id='word_1_856' title='bbox 1015 5688 1257 5761; x_wconf 84' lang='grc' dir='ltr'>κτίστην.</span> 
     </span>
    </p>
   </div>
   <div class='ocr_carea' id='block_1_110' title="bbox 2295 4826 3399 4903">
    <p class='ocr_par' dir='ltr' id='par_1_110' title="bbox 2295 4826 3399 4903">
     <span class='ocr_line' id='line_1_114' title="bbox 2295 4826 3399 4903; baseline -0.003 -18"><span class='ocrx_word' id='word_1_857' title='bbox 2295 4830 2387 4902; x_wconf 86' lang='grc'>87)</span> <span class='ocrx_word' id='word_1_858' title='bbox 2418 4828 3132 4903; x_wconf 22' lang='grc' dir='ltr'>δεευθι-ᾷεηη-τῼὰλτοιαῢῖα</span> <span class='ocrx_word' id='word_1_859' title='bbox 3164 4826 3399 4885; x_wconf 88' lang='lat' dir='ltr'><strong>omittit.</strong></span> 
     </span>
    </p>
   </div>
   <div class='ocr_carea' id='block_1_111' title="bbox 2298 4895 3158 4969">
    <p class='ocr_par' dir='ltr' id='par_1_111' title="bbox 2298 4895 3158 4969">
     <span class='ocr_line' id='line_1_115' title="bbox 2298 4895 3158 4969; baseline -0.006 -11"><span class='ocrx_word' id='word_1_860' title='bbox 2298 4895 2386 4969; x_wconf 76' lang='grc'><strong>88)</strong></span> <span class='ocrx_word' id='word_1_861' title='bbox 2418 4895 2852 4969; x_wconf 62' lang='grc' dir='ltr'>δεξυειιίαη.“Τί</span> <span class='ocrx_word' id='word_1_862' title='bbox 2881 4895 2930 4952; x_wconf 83' lang='grc' dir='ltr'><strong>δ’</strong></span> <span class='ocrx_word' id='word_1_863' title='bbox 2959 4897 3018 4953; x_wconf 80' lang='grc' dir='ltr'>ἂν</span> <span class='ocrx_word' id='word_1_864' title='bbox 3050 4896 3158 4969; x_wconf 69' lang='grc' dir='ltr'>ε’ίη.</span> 
     </span>
    </p>
   </div>
   <div class='ocr_carea' id='block_1_112' title="bbox 2298 4967 3847 5045">
    <p class='ocr_par' dir='ltr' id='par_1_112' title="bbox 2298 4967 3847 5045">
     <span class='ocr_line' id='line_1_116' title="bbox 2298 4967 3847 5045; baseline -0.003 -17"><span class='ocrx_word' id='word_1_865' title='bbox 2298 4967 2388 5045; x_wconf 91' lang='grc'><strong>89)</strong></span> <span class='ocrx_word' id='word_1_866' title='bbox 2415 4967 2569 5045; x_wconf 70' lang='lat' dir='ltr'><strong>Feic.</strong></span> <span class='ocrx_word' id='word_1_867' title='bbox 2596 4974 2631 5027; x_wconf 88' lang='lat'>2</span> <span class='ocrx_word' id='word_1_868' title='bbox 2660 4976 2718 5028; x_wconf 92' lang='lat' dir='ltr'><strong>et</strong></span> <span class='ocrx_word' id='word_1_869' title='bbox 2747 4972 2914 5039; x_wconf 83' lang='lat' dir='ltr'><strong>editi,</strong></span> <span class='ocrx_word' id='word_1_870' title='bbox 2944 4977 3049 5045; x_wconf 81' lang='grc' dir='ltr'><strong>τῆς</strong></span> <span class='ocrx_word' id='word_1_871' title='bbox 3080 4967 3218 5031; x_wconf 74' lang='grc' dir='ltr'>ἰδίας</span> <span class='ocrx_word' id='word_1_872' title='bbox 3244 4967 3484 5045; x_wconf 40' lang='grc' dir='ltr'>πίστεως.</span> <span class='ocrx_word' id='word_1_873' title='bbox 3520 4973 3622 5037; x_wconf 82' lang='grc' dir='ltr'><strong>τῆς</strong></span> <span class='ocrx_word' id='word_1_874' title='bbox 3673 4969 3847 5045; x_wconf 85' lang='grc' dir='ltr'>ὑγιαι-</span> 
     </span>
    </p>
   </div>
   <div class='ocr_carea' id='block_1_113' title="bbox 2202 5038 3850 5117">
    <p class='ocr_par' dir='ltr' id='par_1_113' title="bbox 2202 5038 3850 5117">
     <span class='ocr_line' id='line_1_117' title="bbox 2202 5038 3850 5117; baseline 0.001 -20"><span class='ocrx_word' id='word_1_875' title='bbox 2202 5038 2425 5113; x_wconf 70' lang='grc' dir='ltr'>νοὺσης.</span> <span class='ocrx_word' id='word_1_876' title='bbox 2464 5044 2577 5100; x_wconf 86' lang='lat' dir='ltr'><strong>Alii</strong></span> <span class='ocrx_word' id='word_1_877' title='bbox 2618 5038 2976 5117; x_wconf 29' lang='lat' dir='ltr'><strong>omnese-71¢</strong></span> <span class='ocrx_word' id='word_1_878' title='bbox 3002 5038 3373 5117; x_wconf 69' lang='grc' dir='ltr'><strong>⁷ὑγιαινούσης</strong></span> <span class='ocrx_word' id='word_1_879' title='bbox 3422 5038 3674 5117; x_wconf 81' lang='grc' dir='ltr'>πίστεως.</span> <span class='ocrx_word' id='word_1_880' title='bbox 3717 5038 3850 5117; x_wconf 71' lang='lat' dir='ltr'><strong>Mox</strong></span> 
     </span>
    </p>
   </div>
   <div class='ocr_carea' id='block_1_114' title="bbox 2204 5111 3850 5188">
    <p class='ocr_par' dir='ltr' id='par_1_114' title="bbox 2204 5111 3850 5188">
     <span class='ocr_line' id='line_1_118' title="bbox 2204 5111 3850 5188; baseline 0 -16"><span class='ocrx_word' id='word_1_881' title='bbox 2204 5111 2467 5188; x_wconf 79' lang='lat' dir='ltr'><strong>Seguer.,</strong></span> <span class='ocrx_word' id='word_1_882' title='bbox 2500 5113 2769 5188; x_wconf 69' lang='grc' dir='ltr'>πνεύμασι</span> <span class='ocrx_word' id='word_1_883' title='bbox 2797 5111 3438 5188; x_wconf 18' lang='grc' dir='ltr'>πλῇάνοιςίίᾼάθωᾳῃβὲθί</span> <span class='ocrx_word' id='word_1_884' title='bbox 3480 5112 3705 5188; x_wconf 76' lang='lat' dir='ltr'><strong>Anglic.</strong></span> <span class='ocrx_word' id='word_1_885' title='bbox 3738 5116 3850 5172; x_wconf 87' lang='lat' dir='ltr'><strong>GO-</strong></span> 
     </span>
    </p>
   </div>
   <div class='ocr_carea' id='block_1_115' title="bbox 2204 5181 3849 5259">
    <p class='ocr_par' dir='ltr' id='par_1_115' title="bbox 2204 5181 3849 5259">
     <span class='ocr_line' id='line_1_119' title="bbox 2204 5181 3849 5259; baseline -0.002 -16"><span class='ocrx_word' id='word_1_886' title='bbox 2204 5181 2343 5243; x_wconf 49' lang='lat' dir='ltr'><strong>blei.</strong></span> <span class='ocrx_word' id='word_1_887' title='bbox 2384 5181 2535 5244; x_wconf 73' lang='lat' dir='ltr'><strong>Felc.</strong></span> <span class='ocrx_word' id='word_1_888' title='bbox 2574 5181 2985 5259; x_wconf 70' lang='grc' dir='ltr'>4,’δαιμονίων,</span> <span class='ocrx_word' id='word_1_889' title='bbox 3017 5185 3131 5259; x_wconf 79' lang='lat' dir='ltr'><strong>Alii</strong></span> <span class='ocrx_word' id='word_1_890' title='bbox 3161 5190 3219 5242; x_wconf 84' lang='lat' dir='ltr'><strong>et</strong></span> <span class='ocrx_word' id='word_1_891' title='bbox 3246 5181 3849 5259; x_wconf 49' lang='grc' dir='ltr'>ἑὰίεἱβαιμῶωψρυεε</span> 
     </span>
    </p>
   </div>
   <div class='ocr_carea' id='block_1_116' title="bbox 2203 5257 3847 5331">
    <p class='ocr_par' dir='ltr' id='par_1_116' title="bbox 2203 5257 3847 5331">
     <span class='ocr_line' id='line_1_120' title="bbox 2203 5257 3847 5331; baseline 0.001 -18"><span class='ocrx_word' id='word_1_892' title='bbox 2203 5259 2421 5331; x_wconf 89' lang='lat' dir='ltr'><strong>ibidem</strong></span> <span class='ocrx_word' id='word_1_893' title='bbox 2456 5257 2767 5331; x_wconf 85' lang='lat' dir='ltr'><strong>sequntur,</strong></span> <span class='ocrx_word' id='word_1_894' title='bbox 2799 5257 3120 5331; x_wconf 29' lang='lat' dir='ltr'><strong>exstant‘in</strong></span> <span class='ocrx_word' id='word_1_895' title='bbox 3154 5273 3298 5331; x_wconf 79' lang='lat' dir='ltr'><strong>mss.</strong></span> <span class='ocrx_word' id='word_1_896' title='bbox 3332 5258 3576 5331; x_wconf 64' lang='lat' dir='ltr'><strong>Seguer:</strong></span> <span class='ocrx_word' id='word_1_897' title='bbox 3622 5261 3680 5314; x_wconf 91' lang='lat' dir='ltr'><strong>et</strong></span> <span class='ocrx_word' id='word_1_898' title='bbox 3707 5266 3847 5331; x_wconf 85' lang='lat' dir='ltr'><strong>_An-</strong></span> 
     </span>
    </p>
   </div>
   <div class='ocr_carea' id='block_1_117' title="bbox 2204 5325 3848 5403">
    <p class='ocr_par' dir='ltr' id='par_1_117' title="bbox 2204 5325 3848 5403">
     <span class='ocr_line' id='line_1_121' title="bbox 2204 5325 3848 5403; baseline -0.001 -19"><span class='ocrx_word' id='word_1_899' title='bbox 2204 5331 2363 5403; x_wconf 86' lang='lat' dir='ltr'><strong>glic.,</strong></span> <span class='ocrx_word' id='word_1_900' title='bbox 2397 5330 2455 5385; x_wconf 92' lang='lat' dir='ltr'><strong>in</strong></span> <span class='ocrx_word' id='word_1_901' title='bbox 2483 5325 2616 5403; x_wconf 82' lang='lat' dir='ltr'><strong>aliis</strong></span> <span class='ocrx_word' id='word_1_902' title='bbox 2641 5346 2777 5403; x_wconf 88' lang='lat' dir='ltr'><strong>vero</strong></span> <span class='ocrx_word' id='word_1_903' title='bbox 2807 5334 2882 5403; x_wconf 85' lang='lat' dir='ltr'><strong>e_t_</strong></span> <span class='ocrx_word' id='word_1_904' title='bbox 2910 5328 3084 5403; x_wconf 87' lang='lat' dir='ltr'><strong>editis</strong></span> <span class='ocrx_word' id='word_1_905' title='bbox 3132 5329 3217 5385; x_wconf 89' lang='lat' dir='ltr'><strong>sic</strong></span> <span class='ocrx_word' id='word_1_906' title='bbox 3266 5325 3493 5401; x_wconf 71' lang='lat' dir='ltr'><strong>legitur,</strong></span> <span class='ocrx_word' id='word_1_907' title='bbox 3555 5325 3848 5403; x_wconf 81' lang='grc' dir='ltr'>δαιμόνων,</span> 
     </span>
    </p>
   </div>
   <div class='ocr_carea' id='block_1_118' title="bbox 2203 5398 3111 5477">
    <p class='ocr_par' dir='ltr' id='par_1_118' title="bbox 2203 5398 3111 5477">
     <span class='ocr_line' id='line_1_122' title="bbox 2203 5398 3111 5477; baseline -0.001 -22"><span class='ocrx_word' id='word_1_908' title='bbox 2203 5398 2671 5477; x_wconf 70' lang='grc' dir='ltr'>ἀποστρεφόμενοι</span> <span class='ocrx_word' id='word_1_909' title='bbox 2700 5400 2799 5477; x_wconf 70' lang='grc' dir='ltr'><strong>τήν</strong></span> <span class='ocrx_word' id='word_1_910' title='bbox 2831 5398 3111 5477; x_wconf 73' lang='grc' dir='ltr'>ἀλήθειαν.</span> 
     </span>
    </p>
   </div>
   <div class='ocr_carea' id='block_1_119' title="bbox 2273 5469 3845 5548">
    <p class='ocr_par' dir='ltr' id='par_1_119' title="bbox 2273 5469 3845 5548">
     <span class='ocr_line' id='line_1_123' title="bbox 2273 5469 3845 5548; baseline -0.001 -20"><span class='ocrx_word' id='word_1_911' title='bbox 2273 5469 2391 5548; x_wconf 80' lang='grc'>(90)</span> <span class='ocrx_word' id='word_1_912' title='bbox 2417 5469 2795 5548; x_wconf 22' lang='grc' dir='ltr'>βὸευρινημέπὶ</span> <span class='ocrx_word' id='word_1_913' title='bbox 2825 5471 2925 5538; x_wconf 76' lang='grc' dir='ltr'><strong>τήν</strong></span> <span class='ocrx_word' id='word_1_914' title='bbox 2951 5469 3189 5548; x_wconf 39' lang='grc' dir='ltr'>,λύχνην</span> <span class='ocrx_word' id='word_1_915' title='bbox 3217 5469 3456 5548; x_wconf 77' lang='grc' dir='ltr'>τίθεμεν.</span> <span class='ocrx_word' id='word_1_916' title='bbox 3492 5471 3651 5548; x_wconf 50' lang='lat' dir='ltr'><strong>idem</strong></span> <span class='ocrx_word' id='word_1_917' title='bbox 3705 5472 3845 5548; x_wconf 62' lang='lat' dir='ltr'><strong>ibidt</strong></span> 
     </span>
    </p>
   </div>
   <div class='ocr_carea' id='block_1_120' title="bbox 2204 5540 3848 5670">
    <p class='ocr_par' dir='ltr' id='par_1_120' title="bbox 2204 5540 3848 5670">
     <span class='ocr_line' id='line_1_124' title="bbox 2204 5540 3848 5617; baseline -0.001 -18"><span class='ocrx_word' id='word_1_918' title='bbox 2204 5548 2263 5599; x_wconf 88' lang='lat' dir='ltr'><strong>et</strong></span> <span class='ocrx_word' id='word_1_919' title='bbox 2284 5540 2455 5599; x_wconf 22' lang='lat' dir='ltr'><strong>VGo&#39;bl.</strong></span> <span class='ocrx_word' id='word_1_920' title='bbox 2493 5540 2639 5600; x_wconf 68' lang='lat' dir='ltr'><strong>Felc.</strong></span> <span class='ocrx_word' id='word_1_921' title='bbox 2675 5545 2700 5599; x_wconf 94' lang='grc'>1</span> <span class='ocrx_word' id='word_1_922' title='bbox 2735 5547 2792 5601; x_wconf 86' lang='lat' dir='ltr'><strong>et</strong></span> <span class='ocrx_word' id='word_1_923' title='bbox 2820 5540 3189 5616; x_wconf 51' lang='grc' dir='ltr'><strong>ΑΠςΙὶοξκαί</strong></span> <span class='ocrx_word' id='word_1_924' title='bbox 3217 5540 3457 5617; x_wconf 58' lang='grc' dir='ltr'>γνήσιος</span> <span class='ocrx_word' id='word_1_925' title='bbox 3492 5544 3643 5600; x_wconf 83' lang='lat' dir='ltr'><strong>Editi</strong></span> <span class='ocrx_word' id='word_1_926' title='bbox 3674 5548 3732 5601; x_wconf 90' lang='lat' dir='ltr'><strong>et</strong></span> <span class='ocrx_word' id='word_1_927' title='bbox 3752 5543 3848 5599; x_wconf 80' lang='lat' dir='ltr'><strong>alii</strong></span> 
     </span>
     <span class='ocr_line' id='line_1_125' title="bbox 2204 5613 2618 5670; baseline 0 0"><span class='ocrx_word' id='word_1_928' title='bbox 2204 5613 2292 5670; x_wconf 86' lang='grc' dir='ltr'><strong>καί</strong></span> <span class='ocrx_word' id='word_1_929' title='bbox 2322 5615 2618 5670; x_wconf 88' lang='lat' dir='ltr'><strong>omittunt.</strong></span> 
     </span>
    </p>
   </div>
   <div class='ocr_carea' id='block_1_121' title="bbox 2203 5622 2618 5672">
    <p class='ocr_par' dir='ltr' id='par_1_121' title="bbox 2203 5622 2618 5672">
     <span class='ocr_line' id='line_1_126' title="bbox 2203 5622 2618 5672; baseline 0 -2"><span class='ocrx_word' id='word_1_930' title='bbox 2203 5622 2291 5670; x_wconf 81' lang='grc' dir='ltr'><strong>καί</strong></span> <span class='ocrx_word' id='word_1_931' title='bbox 2322 5622 2618 5672; x_wconf 88' lang='lat' dir='ltr'><strong>omittunt.</strong></span> 
     </span>
    </p>
   </div>
  </div>
