4090 6324
270 378 354 445 33
1427 377 1718 447 nemo
1763 386 1783 446 ι
1829 378 2136 448 CONTIH
2188 379 2546 448 ARIANOS.
2938 338 2941 339 ί
3619 395 3698 454 ειι

268 516 418 571 ιστιν
450 519 479 572 6
510 517 639 580 Υἱός
675 538 780 590 μου
810 518 840 572 6
890 517 1192 593 ἀγαπητὸς,

274 604 427 659 ἔστιν
466 607 602 680 οἷὸς,
634 604 782 661 ἀλλὰ
827 606 1082 677 ποίημα;
1142 604 1313 661 Πλέον
1362 606 1462 682 γὰρ
1504 607 1936 681 ἀγανακτησουσι

267 694 475 757 πάντες
526 697 643 750 κατ’
698 694 871 750 αὐτῶν
923 694 1145 750 τοιαῦτα
1195 696 1558 768 μαινομένων.
1623 693 1779 751 Ἀλλ’
1811 693 1935 751 οὐδὲ

269 783 332 838 ἐκ
379 788 495 839 τῶν
549 788 777 862 Γραφῶν
824 779 1014 860 ἔχουσι
1064 784 1157 846 τὰς
1188 784 1484 860 προφάσεις
1542 780 1796 859 Ἐδείχθη
1832 785 1934 859 γὰρ

269 871 583 941 πολλάκις,
616 870 965 948 δειχθήσεται
999 869 1056 927 δὲ
1084 873 1174 927 καὶ
1206 877 1298 927 νῦν
1329 871 1595 945 ἀλλότρια
1627 877 1739 946 (12)
1769 878 1938 927 ταῦτα

262 966 380 1017 τῶν
414 962 579 1025 θείων
627 959 853 1036 λογίων.
905 960 1112 1019 Οὐκοῦν
1165 957 1353 1030 ἐπειδὴ
1407 959 1582 1017 λείπει
1633 960 1828 1016 λοιπὸν
1861 961 1934 1017 εί-

265 1055 421 1118 πεῖν,
484 1049 574 1105 ὅτι
633 1050 780 1127 παρὰ
855 1054 954 1105 τοῦ
1003 1044 1266 1105 διαϐόλου
1326 1045 1585 1111 λαϐόντες
1639 1048 1933 1123 ἐμάνησαν·

266 1138 517 1211 (τοῦτων
593 1139 694 1215 γὰρ
770 1139 974 1200 ἐκεῖνος
1052 1138 1216 1212 μόνος
1284 1138 1395 1193 ἐστί
1448 1139 1724 1214 σπορεός·)
1786 1141 1934 1217 φέρε,

268 1229 416 1302 πρὸς
449 1228 613 1283 αὐτὸν
669 1229 1025 1301 ἀντιστῶμεν·
1074 1229 1208 1304 πρὸς
1254 1227 1457 1284 ἐκεῖνον
1506 1226 1604 1305 γάρ
1653 1228 1792 1283 ἐστιν
1828 1231 1936 1303 (13)

268 1319 413 1391 ἡμῖν
451 1315 543 1372 διὰ
590 1316 797 1373 τούτων
848 1319 882 1387 ἡ
917 1315 1089 1388 πάλη⁵
1126 1315 1236 1385 ἵνα,
1284 1322 1382 1372 τοῦ
1416 1317 1615 1392 Κυρίου
1672 1318 1936 1393 βοηθοῦν-

263 1429 385 1477 τος,
419 1405 678 1462 κάκείνου
708 1408 956 1477 συνήθως
986 1406 1277 1468 πίπτοντος
1325 1411 1440 1468 τοῖς
1488 1405 1766 1481 ἐλέγχοις,
1818 1406 1935 1461 αἱσ-

265 1497 557 1572 χυνθῶσιν
590 1492 763 1563 οὗτοι,
801 1494 1091 1569 βλέποντες
1124 1496 1429 1571 ἀποροῦντα
1478 1495 1564 1550 τὸν
1621 1499 1729 1568 (14)
1784 1494 1935 1549 ἐπισ-

259 1585 537 1661 πείραντα
566 1585 667 1654 τὴν
699 1581 904 1659 α’ίρεσιν
937 1584 1144 1650 αὐτοῖς,
1171 1584 1261 1638 καὶ
1298 1587 1516 1658 μάθωσι
1548 1582 1643 1638 κᾶν
1676 1583 1933 1658 ὀψέποτε,

268 1674 380 1743 ὅτι,
417 1673 692 1747 Ἀρειανοὶ
723 1671 894 1745 ὅντες,
929 1672 1028 1728 οὐκ
1056 1672 1158 1727 εἶσὶ
1190 1674 1516 1750 Χριστιανοί.

341 1854 437 1908 11.
493 1851 763 1925 Εἰρήκατε
835 1851 926 1905 καὶ
1004 1857 1270 1929 φρονεῖτε,
1335 1847 1747 1916 ὑποϐάλλοντας
1804 1853 1931 1926 ὑμῖν

266 1939 516 2012 ἐκείνου,
548 1939 633 1994 δτι
690 1943 757 2009 ἧν
804 1961 955 2008 ποτε,
1008 1940 1097 1995 ὅτε
1149 1939 1247 1995 οὐκ
1297 1944 1362 2010 ἦν
1397 1944 1423 1996 ὁ
1465 1942 1606 2004 fit}:
1638 1946 1799 1997 τοῦτο
1829 1943 1931 2017 γὰρ

265 2035 506 2106 πρῶτον
542 2028 698 2101 ὑμῶν
726 2035 828 2098 τῆς
883 2028 1120 2090 ἐπινοίας
1164 2028 1590 2111 (15)..ἀποδῦσαι
1639 2033 1703 2086 τὸ
1733 2027 1936 2104 ἔνδυμα

267 2116 378 2174 δεῖ.
413 2117 479 2172 Τί
506 2116 691 2172 τοίνυν
746 2119 813 2186 ἦν
862 2137 993 2172 ποτε
1045 2116 1135 2173 ὅτε
1184 2119 1213 2173 6
1244 2118 1366 2180 Υἱὸς
1400 2119 1499 2174 οὐκ
1527 2122 1616 2191 ἦν,
1652 2117 1856 2189 εἶ’πατε,
1890 2119 1935 2174 ὧ

268 2204 569 2278 δύσφημοι
596 2205 687 2260 καὶ
748 2200 1044 2267 δυσσεϐεῖς.
1089 2205 1153 2260 Εἰ
1209 2208 1303 2279 μὲν
1349 2205 1443 2262 οὗν
1480 2208 1571 2263 τὸν
1608 2206 1817 2284 Πατέρα
1846 2207 1934 2264 λέ-

263 2317 416 2372 γετε,
477 2295 679 2367 μείζων
733 2294 884 2366 ὑμῶν
931 2295 965 2364 ἡ
1019 2294 1343 2372 βλασφημία
1390 2300 1520 2368 (16)·
1557 2296 1620 2351 οὐ
1651 2295 1754 2373 γὰρ
1782 2297 1937 2370 θέμις

196 2406 231 2450 o
264 2385 474 2451 εἰπεῖν,
524 2383 613 2438 ὅτι
640 2381 769 2467 πᾴτὶ
814 2386 904 2455 ἦν,
950 2384 985 2452 ἢ
1038 2382 1089 2438 ἐν
1135 2389 1217 2456 τῷ
1262 2385 1394 2440 ποτε
1438 2384 1723 2458 σημαίνειν
1752 2385 1932 2440 αὐτόν·

266 2472 385 2528 ἔστι
418 2472 531 2547 γὰρ
568 2471 672 2539 ἀεὶ,
706 2472 793 2526 καῖ
825 2471 916 2525 νῦν
976 2470 1138 2543 ἐστιν,
1197 2472 1352 2534 ὅντος
1406 2494 1464 2528 τε
1521 2474 1610 2529 καὶ
1660 2479 1758 2529 τοῦ
1809 2475 1938 2530 Υἱοῦ

265 2561 407 2630 ἐστι,
446 2560 541 2615 καὶ
580 2559 737 2622 αὐτός
770 2559 911 2614 ἐστίν
944 2562 973 2614 6
1001 2555 1076 2616 ὥν
1107 2564 1222 2635 (17)
1268 2562 1357 2616 καὶ
1403 2567 1501 2617 τοῦ
1549 2564 1677 2617 ficii
1726 2566 1936 2639 Πατήρ.

267 2651 332 2706 Εἰ
362 2649 427 2705 δὲ
461 2648 658 2724 λέγετε
687 2649 769 2704 ὅτι
801 2651 830 2703 6
889 2650 1013 2712 Υἱὸς
1062 2653 1126 2720 ἦν
1172 2672 1324 2720 ποτε,
1377 2651 1466 2706 ὅτε
1515 2650 1674 2715 αὐτὸς
1720 2653 1820 2708 οὐκ
1847 2655 1940 2723 ἦν·

270 2740 443 2817 μωρᾶ
471 2740 570 2793 καὶ
602 2737 835 2808 ἀνόητός
867 2736 1006 2793 ἐστιν
1041 2741 1151 2812 (18)
1200 2742 1234 2808 ἡ
1288 2739 1597 2815 ἀπόκρισις.
1659 2746 1784 2804 Πῶς
1837 2743 1938 2819 γὰρ

267 2832 334 2894 ἦν
371 2827 572 2898 αὐτὸς,
604 2826 693 2880 καὶ
724 2825 822 2881 οὐκ
863 2830 927 2896 ἦν
985 2827 1183 2897 αὖτός;
1234 2828 1441 2885 Οὐκοῦν
1480 2828 1533 2883 ἐν
1561 2830 1776 2893 τούτοις
1810 2831 1941 2885 ἀπο-

266 2922 511 2992 ροῦντας
548 2916 689 2987 ὑμᾶς
723 2914 930 2990 ἀνάγκη
985 2914 1177 2971 λοιπὸν
1230 2915 1424 2991 λέγειν,
1474 2920 1575 2975 Ἦν
1624 2939 1756 2974 ποτε
1799 2918 1939 2995 χρό-

262 3028 381 3075 νος,
418 3004 516 3059 ὅτε
569 3003 668 3058 οὐκ
712 3006 778 3072 ἦν
826 3006 858 3071 6
908 3004 1099 3079 Λόγος·
1149 3010 1312 3060 τοῦτο
1359 3007 1460 3082 γὰρ
1509 3006 1662 3085 φύσει
1694 3010 1805 3080 (19)
1837 3029 1939 3079 ση-

270 3095 463 3169 μαίνει
496 3093 592 3147 καὶ
639 3092 770 3147 αὐτό
819 3093 884 3147 τὸ
929 3092 1062 3147 ποτέ
1110 3094 1261 3166 ὑμῶν
1314 3093 1612 3171 ἐπίρρημα.
1648 3096 1745 3151 Καὶ
1805 3097 1937 3173 ὅπερ

265 3182 322 3239 δὲ
347 3181 528 3237 πάλιν
590 3183 891 3259 γράσοντες
947 3181 1217 3254 εἰρήκατε,
1274 3182 1389 3240 Οὐκ
1438 3186 1505 3253 ἦν
1560 3186 1588 3239 6
1638 3186 1760 3248 Υἱὸς
1808 3188 1934 3259 πρὶν

1251 516 1469 595 φάσκων
1522 517 1606 573 ὅτι
1669 520 1776 589 (11)
1834 517 1934 575 οὐκ

2053 536 2212 576 meus
2259 520 2509 577 dilectus
2529 522 2626 592 ³,»
2659 538 2911 594 euntque
2960 541 3076 579 non
3135 524 3370 593 Filium,
3418 528 3521 584 sed
3572 547 3694 586 rem

2046 610 2258 665 factam
2290 624 2418 665 esse
2442 609 2616 666 velit?
2637 610 2856 683 Nempe
2878 612 3003 668 ﬁeri
3034 630 3147 669 non
3176 620 3365 686 potest
3386 615 3527 688 quin
3561 635 3691 675 om-

2048 715 2151 755 nes
2172 698 2454 755 adversus
2476 698 2608 755 illos
2629 700 2773 756 adeo
2797 700 3159 759 insanientes
3180 704 3372 761 acrius
3394 706 3697 778 indignen-

2044 790 2161 842 tur.
2188 788 2397 844 Verum
2429 805 2534 845 nec
2564 789 2740 844 etiam
2772 790 2844 845 ad
2874 792 3207 863 Scripturas
3235 795 3548 867 confugere
3578 796 3697 853 illis

2043 875 2340 948 integrum
2395 877 2605 933 fuerit:
2636 880 2755 947 jam
2807 879 2961 934 enim
3013 882 3227 952 saepius
3272 892 3576 942 ostensum
3606 892 3697 942 est

2047 982 2300 1037 moxque
2328 967 2671 1021 ostendetur
2691 984 2857 1024 voces
2887 967 3227 1039 bujusmoui
3261 989 3295 1026 a
3326 972 3537 1030 divinis
3567 992 3695 1032 ora-

2045 1053 2194 1110 culis
2223 1071 2352 1109 esse
2399 1056 2632 1126 penitus
2662 1055 2900 1112 alienas.
2935 1057 3135 1129 Itaque
3164 1062 3396 1132 quando
3424 1061 3541 1119 illis
3572 1081 3692 1121 res-

2044 1147 2132 1199 tat
2160 1142 2472 1199 dicendum
2504 1160 2567 1200 se
2598 1144 2691 1200 bis
2714 1162 2744 1200 a
2767 1146 2997 1202 diabolo
3027 1149 3278 1220 acceptis
3307 1149 3600 1209 insanisse
3625 1153 3696 1227 (si

2045 1232 2283 1304 quidem
2310 1237 2601 1289 tantorum
2627 1234 2912 1290 malorum
2938 1236 3099 1293 solus
3121 1237 3217 1293 ille
3239 1248 3397 1295 sator
3416 1244 3695 1315 est),age,

2044 1320 2094 1376 ei
2127 1322 2488 1376 obsistamns
2509 1322 2787 1394 (namque
2807 1341 2940 1379 cum
2974 1325 3072 1380 illo
3097 1328 3265 1384 nobis
3294 1346 3397 1401 per
3429 1330 3556 1387 illos
3577 1349 3697 1389 cer-

2045 1414 2245 1464 tamen
2268 1412 2379 1481 est)
2404 1418 2487 1476 ut,
2513 1409 2760 1466 Domino
2785 1413 3118 1482 adjuvante.
3144 1423 3201 1469 et
3221 1416 3338 1485 illo,
3364 1423 3429 1473 ut
3448 1419 3614 1490 solet,
3640 1421 3694 1476 vi

2045 1504 2528 1569 argumentorum
2567 1506 2875 1570 prostrato,
2912 1503 3018 1573 ipsi
3056 1506 3291 1561 tandem
3323 1509 3694 1580 erubescant,

2045 1584 2357 1642 haerentem
2395 1588 2649 1643 videntes
2679 1589 2779 1659 qui
2820 1590 3085 1646 haeresim
3121 1593 3265 1664 ipsis
3298 1596 3694 1669 inseminavit,

2045 1674 2373 1745 saltemque
2400 1675 2487 1730 vel
2534 1692 2663 1732 sero
2693 1677 2923 1734 discant
2970 1698 3091 1751 eos,
3124 1683 3263 1754 quia
3311 1686 3509 1742 Ariani
3549 1689 3694 1758 sint,

2045 1763 2409 1820 Christianos
2437 1781 2550 1820 non
2583 1782 2728 1821 esse.

2120 1854 2204 1909 11.
2236 1853 2473 1909 Dixistis
2520 1855 2701 1926 igitur
2746 1862 2803 1911 et
2848 1858 3102 1927 sentitis,
3136 1859 3234 1916 illo
3274 1863 3436 1918 vobis
3483 1882 3693 1940 sugge-

2047 1948 2229 2009 rente,
2280 1942 2463 1998 l‘uisse
2521 1943 2856 2015 aliquando,
2905 1964 3037 2001 cum
3089 1966 3203 2004 non
3252 1958 3407 2006 esset
3456 1952 3637 2009 Filius
3680 1971 3694 2012 :

2045 2048 2180 2085 nam
2212 2029 2321 2086 hoc
2352 2032 2607 2103 primum
2632 2034 2806 2087 vestri
2834 2038 3149 2091 commenti
3170 2038 3365 2095 velum
3392 2042 3699 2099 detrahen-

2045 2119 2185 2175 dum
2221 2124 2330 2175 est.
2354 2120 2501 2185 Quid
2535 2137 2674 2192 ergo
2708 2121 2815 2176 fuit
2846 2122 3183 2193 aliquando,
3207 2144 3340 2183 cum
3369 2130 3550 2186 Filius
3580 2148 3694 2188 non

2045 2212 2241 2264 esset?
2280 2226 2414 2263 nam
2446 2208 2568 2263 hazc
2599 2221 2788 2265 vestra
2836 2217 2975 2266 sunt
3020 2214 3217 2282 verba,
3250 2232 3281 2270 ο
3313 2218 3606 2274 maledicti
3639 2226 3701 2277 et

2048 2297 2238 2368 impii.
2264 2297 2322 2352 Si
2358 2298 2585 2353 Patrem
2611 2314 2741 2354 esse
2773 2302 3157 2371 respondetis,
3182 2306 3370 2374 maior
3390 2312 3582 2364 vestra
3608 2315 3700 2365 est

2049 2386 2322 2457 impietas
2346 2403 2359 2441 :
2387 2387 2549 2442 nefas
2576 2388 2793 2460 quippe
2816 2394 2905 2444 est
2925 2389 2995 2445 de
3022 2390 3119 2446 illo
3141 2393 3352 2465 dicere,
3377 2397 3697 2468 aliquando

2048 2476 2180 2541 fuit,
2199 2475 2285 2530 vel
2310 2477 2581 2532 eumdem
2606 2492 2761 2547 voce,
2786 2477 3123 2550 aliquando,
3144 2482 3495 2554 signiﬁcare.
3521 2486 3695 2543 Nam-

2048 2581 2160 2635 que
2190 2568 2247 2619 et
2275 2580 2507 2636 semper
2537 2569 2591 2620 et
2624 2582 2778 2621 nunc
2810 2571 2919 2630 est,
2951 2572 3009 2622 et
3040 2568 3183 2625 Filio
3212 2573 3527 2630 exsistente
3558 2581 3649 2631 est
3680 2593 3694 2631 :

2048 2654 2173 2724 ipse
2202 2658 2292 2709 est
2320 2653 2421 2724 qui
2461 2660 2570 2719 est,
2602 2659 2658 2709 et
2689 2654 2817 2709 Filii
2848 2660 3035 2712 Pater.
3070 2659 3125 2713 Si
3158 2677 3290 2716 vero
3330 2665 3699 2735 respondetis

2048 2742 2255 2798 Filium
2290 2741 2470 2797 fuisse
2500 2741 2816 2813 aliquando
2847 2761 2980 2800 cum
3017 2747 3138 2818 ipse
3170 2766 3282 2804 non
3316 2758 3489 2821 esset,
3518 2753 3700 2809 stulta

2049 2832 2307 2903 profecto
2336 2837 2393 2886 et
2423 2831 2582 2887 fatua
2611 2839 2700 2886 est
2750 2834 3073 2905 responsio.
3105 2836 3251 2892 Nam
3284 2841 3381 2910 qui
3418 2842 3540 2896 tieri
3592 2859 3699 2913 po-

2048 2924 2167 2975 test
2194 2926 2258 2975 ut
2287 2927 2342 2975 et
2370 2921 2493 2992 ipse
2514 2927 2691 2986 esset,
2712 2928 2769 2975 et
2790 2923 2944 2977 idem
2980 2925 3102 2995 ipse
3133 2943 3244 2981 non
3270 2929 3465 2984 esset?
3498 2930 3700 3003 Itaque

2048 3010 2379 3064 necessario
2426 3014 2611 3064 restat
2662 3016 2723 3064 ut
2771 3010 2863 3065 bic
2909 3010 3245 3070 bassitantes
3295 3020 3701 3088 respondeatis

2048 3096 2229 3152 fuisse
2260 3096 2576 3169 aliquando
2610 3103 2845 3170 tempus
2884 3115 3016 3155 cum
3068 3118 3181 3157 non
3233 3111 3389 3160 esset
3424 3108 3702 3166 Verbum.

2050 3186 2169 3242 Hoc
2200 3186 2355 3241 enim
2395 3189 2651 3242 vestrum
2703 3187 3064 3257 adverbium,
3096 3191 3420 3264 aliquando,
3452 3196 3511 3252 id
3543 3213 3611 3254 ex
3641 3216 3706 3255 se

263 3274 524 3346 γεννηθῇ
777 3252 1140 3325 ταυτόνήέστι
1198 3269 1377 3346 λέγειν
1436 3273 1597 3345 ὑμᾶς,
1654 3276 1753 3331 Ἠν
1806 3252 1940 3330 ποτε

2053 3274 2359 3344 signiﬁcat.
2393 3275 2553 3338 Quod
2596 3276 2734 3331 item
2782 3295 2989 3334 rursus
3020 3252 3339 3353 scripsistis
3372 3252 3544 3341 z'Non
3576 3252 3706 3344 erat

270 3362 367 3415 ὅτε
402 3359 514 3414 οὑκ
542 3360 632 3426 ἦν’
668 3357 869 3434 χρόνον
904 3359 1005 3433 γὰρ
1051 3360 1183 3413 εἶναι
1232 3361 1449 3416 κάκεῖνο
1497 3361 1586 3416 καὶ
1636 3366 1796 3417 τοῦτο
1837 3362 1945 3438 πρὸ

267 3454 374 3503 τοῦ
413 3448 603 3522 Λόγου
635 3447 911 3519 σημαίνει.
944 3447 1108 3510 Πόθεν
1157 3446 1249 3503 οὖν
1309 3449 1437 3522 ὑμῖν
1498 3449 1776 3523 ἐξεύρηται
1833 3455 1946 3525 (21)

268 3542 493 3604 ter-317a;
556 3539 669 3592 Ἵνα
722 3535 775 3590 τί
831 3535 920 3589 καὶ
970 3536 1145 3608 ὑμεῖς,
1200 3536 1276 3598 ὠς
1321 3538 1387 3593 τὰ
1434 3536 1584 3609 ἔθνη,
1635 3538 1945 3617 ἐφρυάξατε,

273 3627 366 3681 καὶ
442 3623 710 3697 μελετᾶτε
780 3627 907 3679 κενᾶ
976 3622 1208 3695 λεξείδια
1265 3628 1400 3681 κατὰ
1449 3632 1545 3682 τοῦ
1604 3629 1800 3704 Κυρίου
1856 3629 1945 3683 καὶ

271 3715 421 3770 κατᾶ
451 3718 556 3768 τοῦ
614 3714 846 3782 Χριστοῦ
896 3714 1098 3783 αὑτοῦ;
1160 3712 1404 3787 Οὐδεμία
1456 3717 1557 3793 γὰρ
1613 3721 1720 3771 τῶν
1775 3717 1945 3793 ἁγίων

277 3807 526 3880 Γραφῶν
559 3800 808 3857 τοιοῦτόν
841 3824 893 3857 τι
925 3803 1045 3877 περὶ
1075 3808 1172 3858 τοῦ
1204 3808 1463 3874 Σωτῆρος
1519 3802 1753 3881 ε”ρηκεν,
1802 3805 1949 3862 ἀλλὰ

278 3891 516 3965 μᾶλλον
548 3892 613 3946 τὸ
647 3891 750 3959 ἀεὶ,
778 3893 841 3946 τὸ
873 3889 1044 3946 ἆῒὸιον
1078 3894 1209 3963 (22),
1256 3894 1349 3949 καὶ
1391 3894 1454 3948 τὸ
1503 3900 1735 3949 συνεῖναι
1764 3895 1846 3950 ἀεὶ
1870 3901 1949 3969 τῷ

278 3983 492 4052 Πατρί,
551 3981 640 4036 Ἐν
707 3981 854 4056 ἀρχῇ
917 3982 1021 4055 γὰρ
1076 3982 1143 4051 ἧν
1203 3982 1231 4036 6
1288 3982 1485 4058 Λόγος,
1544 3983 1633 4038 καὶ
1690 3985 1718 4039 6
1775 3985 1947 4058 Λόγος

272 4074 343 4140 ἦν
406 4070 558 4145 πρὸς
606 4069 700 4123 τὸν
749 4070 901 4135 Θεὸν,
963 4070 1051 4124 καὶ
1100 4071 1230 4133 Θεὸς
1278 4073 1344 4140 ἦν
1391 4072 1420 4126 6
1486 4073 1686 4148 Λόγος.
1747 4073 1844 4128 Καὶ
1898 4073 1950 4129 ἐν

271 4165 345 4233 τῇ
396 4155 784 4231 ’Δποκαλύψει
831 4155 959 4213 τάδε
1008 4157 1173 4234 λέγει·
1220 4161 1283 4216 Ὁ
1332 4159 1406 4214 ὥν
1451 4160 1541 4215 καὶ
1590 4163 1619 4216 6
1667 4165 1732 4231 ἦν
1789 4162 1879 4218 καὶ
1920 4164 1948 4219 ὁ

273 4248 623 4324 ἐργόμενος.
677 4244 786 4303 Τοῦ
838 4243 896 4301 δὲ
933 4248 962 4301 6
994 4242 1066 4301 ὤν
1098 4248 1187 4302 καὶ
1216 4253 1314 4303 τοῦ
1337 4250 1364 4303 ὁ
1394 4252 1460 4318 ἦν
1487 4250 1569 4312 τίς
1600 4248 1658 4305 ἂν
1688 4250 1947 4329 ἀφέλοιτο

268 4340 363 4393 τὸν
400 4334 592 4392 αῒδιον
626 4337 780 4407 (23);
811 4340 977 4391 Τοῦτο
1008 4336 1110 4411 γὰρ
1140 4337 1230 4391 καὶ
1262 4338 1291 4391 6
1337 4337 1551 4401 Παῦλος
1597 4338 1648 4393 ἐν
1696 4344 1766 4414 τῇ
1814 4341 1949 4417 πρὸς

266 4426 603 4500 Ῥωμαίους
662 4420 957 4478 Ἰουδαίους
1020 4426 1113 4496 μὲν
1171 4424 1386 4501 ἤλεγχε
1441 4427 1683 4504 γράφων·
1737 4429 1821 4501 Ἐξ
1871 4430 1945 4483 ὧν

273 4518 301 4570 6
365 4514 618 4590 Χριστὸς
677 4513 738 4567 τὸ
794 4514 930 4567 κατὰ
978 4512 1164 4590 σάρκα,
1215 4516 1243 4570 6
1294 4512 1368 4569 ὥν
1416 4515 1503 4570 ἐπὶ
1534 4517 1758 4572 πάντων
1818 4516 1946 4580 Θεὸς

2056 3364 2235 3419 Filius
2283 3364 2624 3435 priusquam
2659 3374 3013 3437 nasceretur,
3046 3370 3201 3426 idem
3249 3375 3489 3431 omnino
3518 3382 3607 3432 est
3636 3396 3704 3433 ac

2055 3452 2196 3508 illud
2228 3453 2384 3523 quod
2417 3452 2615 3509 dicitis
2644 3470 2655 3509 :
2684 3454 2813 3509 Fuit
2844 3457 3183 3530 aliquando,
3210 3478 3342 3517 cum
3368 3481 3481 3519 non
3509 3472 3702 3524 esset:

2054 3541 2345 3613 siquidem
2374 3547 2615 3613 uterque
2636 3542 2907 3613 loquendi
2935 3547 3144 3602 modus
3164 3554 3398 3623 tempus
3416 3559 3549 3609 ante
3565 3554 3703 3610 Ver-

2057 3632 2195 3685 bum
2222 3646 2351 3685 esse
2373 3630 2608 3685 indicat.
2631 3630 2931 3688 Undenam
2963 3634 3140 3705 igitur
3166 3637 3284 3693 hinc
3315 3657 3348 3694 a
3378 3642 3541 3698 vobis
3566 3650 3709 3699 sunt

2057 3719 2421 3789 excogitata?
2466 3718 2536 3773 Ut
2565 3721 2703 3790 quid
2758 3726 2814 3775 et
2856 3739 2976 3790 vos,
3009 3730 3286 3796 tanquam
3334 3735 3557 3800 gentes,
3589 3733 3706 3787 fre-

2061 3809 2292 3862 muistis
2346 3813 2403 3861 et
2450 3808 2652 3863 inanes
2691 3809 2926 3866 voculas
2975 3812 3256 3871 adversus
3304 3816 3618 3876 Dominum
3653 3826 3711 3876 et

2058 3899 2366 3953 adversum
2391 3896 2688 3952 Christum
2712 3898 2841 3968 ejus
2866 3901 3229 3958 meditamini
3248 3906 3335 3959 '3?
3358 3906 3528 3962 Nulla
3550 3910 3707 3965 enim

2057 3986 2115 4040 in
2151 3990 2315 4056 parte
2364 3989 2701 4040 sanctarum
2736 3987 3169 4058 Scripturarum
3201 3993 3316 4049 tale
3365 3996 3585 4067 aliquid
3637 3999 3709 4055 de

2058 4075 2354 4130 Selvatore
2382 4078 2592 4143 exstat,
2616 4075 2715 4129 sed
2752 4075 2946 4147 potius
2968 4094 3036 4133 ex
3064 4079 3180 4135 illis
3212 4083 3588 4155 perspicuum
3620 4092 3711 4141 est

2058 4163 2480 4235 sempiternum
2504 4179 2636 4217 eum
2662 4170 2718 4217 et
2737 4170 2911 4220 aztern
2923 4183 3018 4221 um
3042 4184 3189 4232 esse,
3206 4186 3553 4245 semperque
3574 4192 3706 4231 cum

2057 4253 2225 4308 Patre
2255 4251 2569 4306 exstitisse.
2604 4251 2748 4307 Nam
2803 4253 2862 4306 In
2908 4258 3190 4325 principio
3238 4269 3363 4316 erat
3399 4262 3630 4319 Verbum
3658 4274 3711 4321 el

2064 4342 2291 4397 Verbum
2340 4344 2460 4395 erat
2516 4341 2673 4409 apud
2722 4347 2895 4397 Deum
2930 4353 2978 4397 el
3022 4349 3167 4401 Deus
3222 4358 3339 4405 erat
3391 4351 3618 4408 Verbum
3639 4354 3707 4411 ³⁸.

2056 4431 2126 4486 Et
2149 4430 2204 4483 in
2235 4428 2579 4501 Apocalypsi
2604 4428 2723 4484 haec
2746 4430 3043 4488 habentur
3066 4451 3079 4488 :
3106 4436 3236 4504 Quis
3253 4442 3353 4510 est,
3376 4442 3633 4512 quierat,
3655 4451 3711 4499 et

2054 4522 2152 4589 qui
2187 4522 2447 4573 venturus
2475 4525 2554 4573 est
2573 4517 2639 4572 ³⁵.
2665 4517 2805 4581 Quis
2837 4524 3032 4576 autem
3083 4526 3466 4584 mternitatem
3498 4530 3571 4597 ei,
3606 4532 3708 4602 qui

273 4603 596 4679 εόλογητὸς
647 4601 725 4662 εἷς
766 4601 892 4663 τοὺς
939 4602 1156 4665 αἰῶνας
1223 4601 1506 4675 ’Έλληνας
1566 4602 1623 4660 δὲ
1679 4606 1940 4681 ἐντρέπων

2056 4612 2166 4673 est,
2198 4612 2254 4661 et
2285 4605 2380 4677 qui
2414 4611 2558 4669 erat,
2594 4607 2776 4675 possit
2806 4609 3152 4666 detrahere?
3183 4614 3277 4669 Sic
3308 4617 3461 4672 enim
3497 4624 3553 4673 et
3582 4601 3709 4690 ipse

272 4692 471 4769 ἔλεγεσ
529 4698 574 4745 Τ
577 4692 609 4745 ὰ
666 4691 771 4765 γὰρ
820 4689 1020 4766 ἀόρατα
1067 4691 1231 4746 αὐτοῦ
1288 4693 1394 4747 ἀπὸ
1452 4692 1681 4757 κτίσεως
1739 4695 1948 4770 κόσμου

265 4790 393 4845 τοῖς
472 4782 762 4851 ποιήμασι
836 4779 1107 4852 νοούμενα
1176 4787 1496 4858 καθορᾶται,
1564 4783 1601 4853 ἢ
1656 4804 1716 4839 τε
1771 4782 1946 4848 ἀΐδιος

344 4928 393 4962 ²²
423 4924 644 4981 Matth.
680 4940 819 4995 xm,
849 4925 904 4978 5.
1003 4923 1025 4960 ³
1058 4924 1207 4980 Psal.
1240 4942 1304 4991 II,
1337 4927 1388 4981 1.
1464 4927 1510 4962 ²⁴
1538 4926 1706 4983 Joan.
1739 4945 1778 4998 ι,
1814 4930 1863 4982 1.

350 5073 469 5142 (tl)
503 5068 638 5125 "On
670 5070 834 5142 deest
868 5070 924 5142 in
960 5071 1196 5142 Seguer.
1230 5071 1461 5127 Gobler.
1497 5077 1553 5128 et
1582 5073 1836 5129 Felckm.

346 5139 465 5213 (12)
500 5141 851 5215 Segnerian.
886 5140 960 5215 ᾡς
989 5139 1274 5215 ἀλλότρια.

343 5212 465 5285 (13)
496 5214 599 5268 sic
630 5213 870 5285 Seguer.
909 5213 971 5268 In
993 5215 1135 5285 aliis
1166 5212 1326 5270 deest
1357 5212 1518 5270 ἐστιν.

329 5279 471 5373 ρΪΙιί)
505 5279 738 5357 Segne?
789 5282 1190 5360 ἐπισπείροντα,
1220 5295 1271 5342 cl
1303 5286 1477 5357 paulo
1528 5291 1680 5356 post,
1744 5279 1945 5340 ὑποϐα-

277 5354 684 5511 λῗῖἶὲῗοῐίαεὶι.
717 5424 1001 5494 ἀπονοίας,
1034 5431 1098 5483 ut
1128 5432 1185 5483 et
1232 5427 1406 5484 habet
1434 5427 1664 5501 Anglic.
1698 5429 1756 5484 in
1790 5445 1944 5485 mar-

273 5517 465 5647 8|?fti_)
500 5570 746 5638 Seguer.
781 5569 1018 5647 Gobler.
1045 5574 1102 5647 et
1123 5570 1313 5647 Felck.
1349 5571 1401 5647 l,
1502 5566 1798 5647 δυσφημία.

346 5639 463 5714 (17)
494 5648 739 5714 Segner.
799 5641 956 5714 Ἐστι
1002 5640 1103 5714 γὰρ
1150 5640 1252 5714 ἀεὶ,
1279 5642 1369 5695 καὶ
1420 5645 1511 5695 νῦν
1564 5639 1696 5714 ἐᾱτι,
1726 5640 1815 5696 καὶ
1846 5639 1944 5714 ati-

272 5710 366 5777 τός
397 5710 552 5770 ἔστιν
578 5710 612 5768 6
642 5711 745 5770 ὥν.
808 5710 1043 5772 Gobler.
1075 5710 1136 5770 et
1165 5712 1356 5771 Felck.
1411 5716 1465 5785 1,
1509 5713 1794 5789 σημαίνειν
1848 5710 1943 5769 αὗ-

2063 4694 2630 4757 l’aulns,utJu.'ltB0£
2654 4696 3037 4764 convinceret,
3054 4701 3110 4753 in
3134 4701 3386 4773 Epistola
3407 4707 3477 4762 ad
3500 4706 3711 4764 Roma-

2060 4802 2166 4842 nos
2207 4785 2445 4854 scripsit
2471 4800 2483 4838 :
2518 4785 2601 4837 Ex
2628 4785 2823 4855 quibus
2857 4787 3105 4844 Christus
3134 4793 3426 4848 secundum
3456 4812 3705 4868 carnem,

1946 4929 1991 4964 ³⁸
2017 4932 2194 5000 Apoc.
2229 4944 2266 4996 ι,
2302 4929 2353 4982 4.

2055 5073 2145 5127 τὸν
2185 5071 2276 5125 καὶ
2305 5074 2395 5124 νῦν
2430 5069 2592 5139 ἐστιν,
2625 5071 2714 5126 καὶ
2746 5072 2904 5136 αὐτός
2936 5073 3075 5130 ἐστιν
3104 5076 3132 5130 ὸ
3166 5074 3260 5134 ὤν.

2154 5146 2242 5215 18)
2274 5144 2363 5217 Sic
2393 5144 2628 5217 Seguer.
2667 5146 2725 5217 In
2756 5148 2929 5202 editis
2960 5156 3016 5203 et
3046 5149 3200 5217 aliis,
3231 5154 3396 5209 deest
3424 5150 3586 5210 ἐστιν.

2154 5214 2241 5284 19)
2271 5214 2511 5290 _Seguer.
2546 5214 2774 5290 Gobler.
2811 5224 2865 5273 et
2900 5219 3150 5275 Felckm.
3183 5214 3237 5290 ⁷1,
3271 5222 3450 5290 φύσιν.

2444 5289 2686 5364 γενηοῇ,⁵
2707 5281 3316 5364 διξςιιρεηέγενηθῆναί.

2274 5358 2515 5435 Segger.
2546 5358 2774 5414 Gobler.
2798 5358 3089 5435 ietAFelék.
3119 5358 3544 5435 ’1,-ἐξεῦρηνταμ

2271 5422 2630 5498 ὃὶὄερεζιιοιυ.
2663 5437 2721 5487 et
2752 5432 2964 5506 Regius
2993 5422 3193 5493 codei.
3223 5422 3296 5493 Ᾱι
3332 5422 3504 5513 ⁸οὸἰιὶ,
3532 5422 3704 5514 ’μᾶλ-

2057 5498 2153 5554 λον
2186 5499 2266 5555 ἀεὶ
2295 5499 2358 5554 τὸ
2389 5497 2583 5555 ἀῒδιον.

2126 5574 2702 5654 (23)§e_g_ucrian.net
2735 5574 2873 5654 Reg.
2901 5574 3099 5654 statim:
3130 5578 3192 5633 τὸ
3224 5576 3418 5654 autem.
3440 5583 3572 5640 Mox
3603 5583 3702 5643 Se-

2056 5660 2218 5716 guor.
2253 5644 2482 5700 Gobler.
2515 5649 2571 5700 et
2602 5644 2857 5704 Felckm'.
2893 5644 3198 5723 1,’Τοότοις
3230 5652 3333 5730 γὰρ
3362 5654 3474 5713 καί.
