4090 6350
442 379 522 437 43
671 434 676 444 ,
983 382 1048 442 S.
1095 384 1520 446 ATHANASII
1565 384 1738 448 OPP.
1784 383 1982 445 PARS
2030 379 2078 442 Ι.
2113 416 2190 426 -—
2220 376 2634 444 HISTORICA
2678 382 2778 442 ΕΤ
2823 377 3304 444 DOGMATIGA.
3769 384 3849 446 44

519 509 608 566 15.
641 509 805 575 Quod
853 510 907 566 si
953 511 1081 570 Filii
1111 530 1324 571 nomen
1371 521 1429 572 et
1473 516 1585 588 ipsi
1633 517 1975 586 admittunt,
2019 533 2087 570 ne

2275 515 2361 570 15.
2395 512 2459 566 Εἴ
2505 509 2562 566 δὲ
2612 511 2702 566 καὶ
2750 511 2812 566 τὸ
2853 507 3025 584 ὄνομα
3052 515 3149 567 τοῦ
3180 511 3306 567 Υἱοῦ
3337 511 3500 570 πάλιν
3534 514 3847 588 συνομολο-

445 597 635 672 palam
667 599 740 656 ab
769 600 1046 658 omnibus
1077 605 1564 674 condemnentur,
1595 607 1697 662 sed
1725 610 1918 662 tamen
1957 620 2092 659 eum

442 688 744 761 proprium
795 696 1015 747 naturai
1061 691 1250 748 Patris
1309 695 1490 750 fetum
1550 713 1680 752 esse
1728 694 2092 777 inﬁciantur,

444 780 613 852 quasi
647 780 795 836 ³81
851 779 1072 838 scilicet
1099 787 1278 854 atque
1325 785 1581 856 partium
1628 789 1686 842 et
1731 784 2090 840 divisionum

442 869 776 942 suspicione
819 869 874 924 id
914 869 1037 926 ﬁeri
1088 887 1205 926 non
1255 878 1465 944 queat;
1498 891 1640 930 sane
1688 889 1822 929 eum
1877 875 2093 944 negant

443 957 852 1026 nihilominus,
875 959 1092 1032 quippe
1123 960 1225 1032 qui
1257 961 1427 1018 illum
1460 979 1576 1018 non
1606 963 1934 1032 verum,sed
1965 960 2090 1017 solo

443 1047 682 1104 nomine
732 1047 944 1104 Filium
993 1065 1122 1105 esse
1170 1049 1368 1107 velint.
1403 1051 1684 1108 Cisterum
1735 1069 1928 1108 annon
1957 1067 2088 1124 gra-

441 1137 589 1192 viter
635 1141 852 1208 errant,
885 1137 984 1209 qui
1016 1139 1220 1194 eodem
1252 1140 1424 1196 modo
1471 1141 1542 1198 de
1575 1157 1632 1197 re
1664 1157 1780 1196 non
1813 1157 2090 1212 corporea

441 1242 506 1282 ac
536 1226 607 1281 de
649 1241 928 1298 corporea
979 1227 1423 1298 ratiocinantur,
1454 1231 1671 1302 quippe
1719 1230 1794 1285 ob
1842 1228 2088 1302 prepriae

441 1318 664 1371 natura:
694 1313 1176 1385 imbecillitatem,
1209 1319 1364 1388 quod
1397 1319 1698 1390 proprium
1729 1322 1787 1375 et
1825 1319 2090 1376 naturale

440 1406 532 1460 est
551 1403 740 1460 Patris
762 1420 877 1460 non
899 1411 1172 1462 verentur
1201 1422 1414 1479 negare
1431 1407 1460 1462 ?
1485 1407 1743 1464 Profecto
1791 1406 1839 1464 si
1866 1407 1948 1462 ita
1977 1411 2086 1474 est,

441 1497 712 1565 superest
739 1497 804 1550 ut
834 1509 968 1549 cum
1019 1494 1260 1552 minime
1305 1495 1633 1569 intelligant
1678 1495 1970 1569 quomodo
2014 1497 2092 1552 sit

439 1585 594 1638 Deus
623 1581 711 1638 vel
760 1581 954 1655 qualis
984 1583 1061 1640 sit
1103 1585 1289 1651 Pater,
1321 1587 1592 1641 eumdem
1645 1602 1876 1658 quoque
1919 1583 2090 1657 plane

440 1675 676 1744 negent,
729 1672 1205 1745 quandoquidem
1255 1675 1439 1732 fetum
1491 1675 1679 1731 Patris
1731 1673 1967 1732 nonnisi
2021 1690 2090 1730 cx

439 1760 651 1832 seipsis
681 1760 875 1817 insani
922 1763 1268 1819 metiuntur.
1300 1763 1517 1837 verum
1548 1763 1680 1819 illos
1709 1764 1792 1820 ita
1829 1763 2087 1833 affectos,

441 1849 926 1950 arbitrantes-que.
945 1867 1076 1908 esse
1097 1869 1209 1908 non
1236 1869 1407 1926 posse
1431 1853 1528 1910 Dei
1552 1853 1787 1920 Filium,
1820 1852 2087 1950 miserari
2117 1885 2166 1950 Β

443 1955 676 2012 ωᾳυιιω
700 1938 847 1996 mihi
875 1939 1141 1997 videtur:
1166 1941 1322 1998 haud
1345 1947 1541 2000 tamen
1566 1943 1637 1998 ab
1663 1960 1722 1999 re
1750 1942 1923 1999 fuerit
1955 1941 2089 2000 illos

439 2027 798 2100 interrogare
819 2032 878 2084 et
913 2029 1274 2098 convincere,
1305 2031 1356 2086 si
1383 2031 1528 2088 forte
1566 2030 1654 2086 vel
1677 2031 1786 2088 hoc
1815 2036 1982 2102 pacto
2013 2031 2087 2087 ad

445 2133 688 2172 sensum
717 2121 776 2174 et
803 2118 1086 2175 rationem
1117 2124 1336 2191 queant
1365 2121 1638 2176 revocari.
1671 2120 1730 2176 Si
1761 2120 2090 2175 secundum

442 2221 546 2262 vos
575 2205 756 2262 Filius
801 2211 891 2263 est
918 2224 988 2263 ex
1018 2207 1220 2276 nihilo,
1253 2224 1358 2264 nec
1409 2208 1520 2265 fuit
1547 2212 1864 2280 antequam
1912 2213 2090 2264 natus

443 2297 552 2361 est,
586 2310 829 2366 prorsus
857 2296 1125 2367 sequitur
1155 2303 1220 2352 ut
1247 2297 1370 2368 ipse
1401 2314 1632 2370 quoque
1669 2297 1904 2354 nonnisi
1954 2314 2088 2370 par-

441 2383 781 2456 ticipatione
811 2383 1012 2456 Filius,
1039 2391 1187 2442 Deus
1217 2391 1275 2442 et
1304 2385 1603 2460 Sapientia
1632 2385 1710 2442 sit
1742 2385 2086 2459 appellatus.

439 2471 587 2527 Nam
616 2472 698 2528 ita
725 2473 900 2528 etiam
933 2490 1026 2530 res
1047 2473 1172 2530 aliis
1203 2491 1408 2531 omnes
1440 2479 1582 2531 sunt
1598 2476 2088 2548 constitutisque

437 2564 495 2614 et
522 2559 896 2616 sanctiﬁcata;
915 2561 1334 2631 gloriﬁcantur.
1369 2565 1549 2635 Cujus
1569 2580 1706 2636 ergo
1726 2564 1823 2621 ille
1853 2563 1930 2620 sit
1960 2581 2088 2636 par-

436 2647 643 2721 ticeps,
675 2665 778 2706 vos
825 2650 1017 2707 dicere
1049 2668 1283 2709 necesse
1327 2656 1565 2710 omnino
1612 2657 1721 2710 est.
1771 2653 1882 2709 Res
1928 2656 2087 2708 enim

439 2737 565 2792 alia:
595 2754 801 2795 omnes
832 2739 1088 2812 Spiritus
1118 2745 1258 2797 sunt
1289 2741 1634 2816 participes:
1667 2743 1863 2815 ipsum
1887 2747 2086 2798 autem

438 2827 750 2899 cujusnam
784 2828 864 2884 rei
913 2829 1255 2902 participem
1287 2830 1492 2886 dicetis
1512 2832 1540 2886 ?
1570 2831 1823 2904 Spiritus
1850 2834 1872 2886 Ρ
1909 2832 2090 2903 Atqui

439 2916 565 2988 ipse
592 2916 845 2989 Spiritus
867 2935 900 2973 a
940 2917 1085 2974 Filio
1130 2919 1324 2990 potius
1354 2920 1584 2993 accipit,
1621 2925 1684 2976 ut
1718 2920 1871 2976 idem
1907 2920 2089 2978 Filius

440 3009 691 3061 testatur
718 3006 783 3076 ⁸⁸,
816 3007 1258 3080 absurdumque
1307 3009 1466 3065 dictu
1519 3015 1609 3066 est
1663 3010 1820 3065 hunc
1868 3011 1940 3065 ab
1989 3009 2088 3065 illo

443 3093 821 3150 sanctiﬁcari.
890 3095 1074 3169 Igitur
1104 3097 1292 3152 Patris
1337 3098 1402 3152 ﬁt
1455 3099 1788 3170 particeps:
1822 3099 1880 3154 id
1931 3099 2088 3155 enim

441 3187 730 3255 superest,
763 3188 820 3239 et
871 3185 1200 3242 necessario
1243 3185 1577 3242 dicendum.
1623 3189 1732 3244 Sed
1783 3187 1923 3260 quid
1957 3193 2085 3244 tan-

2202 605 2378 677 γοῦσι,
2420 599 2508 656 διὰ
2552 602 2614 656 τὸ
2666 603 2742 674 μή
2798 599 3085 677 βούλεσθαι
3136 607 3378 679 φανερῶς
3433 604 3578 679 παρὰ
3633 607 3843 661 πάντων

2201 691 2719 765 καταγινώσκεσθαι,
2746 690 2807 746 τὸ
2841 687 2900 744 δὲ
2929 690 3060 745 εἶναι
3104 695 3295 747 τοῦτον
3347 699 3445 763 τῆς
3503 693 3692 758 οὐσίας
3743 700 3846 751 τοῦ

2202 779 2410 856 Πατρὸς
2462 777 2598 834 ἴδιον
2656 781 2896 856 γέννημα
2944 781 3246 854 ἀρνοῦνται,
3275 782 3349 844 ὡς
3403 783 3478 855 μὴ
3528 786 3642 858 (64)
3687 783 3818 840 δυνα

2205 872 2368 942 μένου
2398 869 2592 923 τούτου
2629 869 2756 924 εἶναι
2787 869 2963 944 χωρὶς
3001 872 3100 939 τῆς
3149 869 3209 924 ἐκ
3269 876 3448 948 μερῶν
3503 872 3595 928 καὶ
3655 874 3849 947 διαιρέ-

2200 979 2334 1014 σεων
2364 957 2632 1020 έπονοίας·
2666 955 2820 1012 οὐδὲν
2850 961 3012 1027 ἧττον
3044 957 3208 1014 πάλιν
3249 959 3533 1036 ἀρνοῦνται
3582 964 3658 1034 μή
3711 963 3844 1017 εἶναι

2201 1047 2296 1120 μὲν
2325 1046 2585 1118 ἀληθινὸν
2621 1047 2769 1115 Υἱὸν,
2799 1047 3026 1120 ὀνόματι
3075 1045 3132 1102 δὲ
3182 1048 3345 1121 μόνον
3399 1047 3650 1125 λέγοντες
3697 1051 3843 1112 Υἱόν,

2199 1141 2322 1198 Πῶς
2353 1133 2410 1190 δὲ
2449 1134 2510 1190 οὐ
2542 1134 2876 1214 σφάλλονται
2923 1133 3176 1212 μεγάλως
3221 1137 3344 1210 περὶ
3401 1143 3498 1194 τοῦ
3555 1139 3848 1212 άσώμάτου

2195 1225 2262 1280 τά
2319 1225 2585 1298 σωμάτων
2643 1223 3057 1297 ἐνθυμούμενοι,
3113 1225 3203 1280 καὶ
3259 1223 3348 1281 διὰ
3415 1233 3514 1296 τὴν
3573 1227 3844 1292 ἀσθένειαν

2195 1321 2298 1383 τῆς
2330 1311 2467 1376 ἰδίας
2497 1314 2706 1391 φύσεως
2737 1312 3062 1388 ἀρνούμενοι
3093 1313 3157 1370 τὸ
3205 1315 3357 1393 φύσει
3416 1315 3504 1370 καὶ
3565 1313 3700 1372 ἴδιον

2195 1407 2293 1457 τοῦ
2324 1401 2731 1478 ΙΙατρός;”Ωρα
2762 1402 2866 1478 γὰρ
2898 1401 3093 1465 αὐτοὺς
3143 1404 3219 1476 μή
3269 1408 3526 1468 νοοῦντας
3581 1406 3670 1460 καὶ
3726 1410 3846 1469 πῶς

2197 1489 2335 1546 ἐστιν
2391 1491 2420 1545 ὁ
2465 1491 2618 1559 Θεὸς,
2649 1492 2684 1559 ἢ
2733 1490 2976 1552 ποταπός
3023 1489 3162 1546 ἐστιν
3223 1493 3251 1546 6
3307 1493 3514 1570 Πατὴρ,
3574 1494 3846 1571 ἀρνεῖσθαι

2197 1581 2286 1635 καὶ
2343 1579 2526 1653 αὐτὸν,
2558 1578 2672 1634 ἐπεὶ
2705 1581 2792 1635 καὶ
2844 1580 2907 1635 τὸ
2953 1579 3192 1657 γέννημα
3231 1585 3326 1636 τοῦ
3376 1583 3582 1658 Πατρὸς
3632 1583 3684 1654 ἐξ
3733 1584 3850 1638 sau-

2195 1673 2302 1724 τῶν
2336 1673 2620 1743 μετροῦσιν
2653 1669 2704 1724 οἱ
2736 1667 2984 1746 ἄφρονες.
3019 1669 3175 1726 Ἀλλ’
3205 1669 3378 1731 οὕτως
3405 1670 3602 1734 αὐτοὺς
3651 1668 3848 1727 διακει-

2201 1759 2416 1832 μένους.
2447 1759 2537 1812 καὶ
2593 1758 2915 1831 νομίζοντας
2967 1759 3044 1831 μή
3093 1755 3346 1813 δύνασθαι
3397 1761 3531 1815 εἶναι
3581 1761 3702 1816 Υἱὸν
3750 1766 3847 1816 τοῦ

2197 1852 2331 1903 Θεοῦ
2379 1850 2512 1922 (66),
2547 1847 2827 1921 οἰκτείρειν
2883 1849 2977 1921 μὲν
3027 1848 3206 1918 ἄξιον·
3259 1847 3460 1924 ἐρωτᾷν
3519 1847 3577 1905 δὲ
3627 1850 3716 1906 καὶ
3765 1847 3846 1905 δι-

2199 1935 2447 2012 ελέγχειν
2479 1935 2673 1999 αὐτοὺς
2705 1935 3005 2002 ἀκόλουθόν
3055 1935 3188 2005 ἐστι,
3219 1937 3360 2014 τάχα
3402 1939 3497 1993 κᾶν
3547 1939 3720 2003 οὕτως
3767 1939 3843 2002 είς

2196 2024 2442 2096 αἴσθησιν
2470 2021 2721 2082 ἔλθωσιν.
2745 2026 2806 2083 Εἰ
2837 2027 2952 2081 καθ’
2986 2027 3124 2100 ὑμᾶς
3155 2025 3208 2098 ἐξ
3239 2027 3338 2082 οὐκ
3367 2023 3536 2083 ὄντων
3570 2027 3710 2083 ἐστὶν
3730 2031 3843 2102 (67)

2197 2116 2226 2170 6
2252 2116 2398 2183 Υἱὸς,
2429 2115 2518 2170 καὶ
2568 2114 2668 2170 οὐχ
2711 2118 2775 2184 ἦν
2835 2118 2960 2190 πρὶν
2989 2118 3243 2191 γεννηθῇ,
3274 2118 3489 2180 πάντως
3547 2139 3654 2173 που
3708 2118 3844 2174 κατὰ

2202 2205 2486 2279 μετουσίαν
2514 2204 2602 2259 καὶ
2629 2203 2790 2266 αὐτὸς
2820 2205 2968 2273 Υἱὸς,
3001 2205 3091 2262 καὶ
3123 2207 3278 2274 Θεὸς,
3307 2205 3396 2261 καὶ
3447 2206 3622 2284 Σοφία
3674 2206 3839 2278 έκλήο

2197 2298 2286 2368 οη·
2323 2297 2466 2351 οὕτω
2512 2298 2616 2372 γὰρ
2663 2295 2758 2352 καὶ
2797 2298 2866 2352 τὰ
2911 2295 3058 2352 ἄλλα
3092 2297 3267 2354 πάντα
3295 2298 3584 2370 συνέστηκέ
3638 2321 3698 2355 τε
3751 2299 3842 2356 καὶ

2198 2384 2527 2461 ἀγιαζὸμενα
2583 2381 2887 2455 δοξάζεται.
2953 2383 3110 2448 Τίνος
3177 2385 3356 2441 τοίνυν
3410 2385 3520 2441 ἐστὶ
3579 2387 3842 2462 μέτοχος,

2199 2474 2366 2530 εἶπείν
2424 2474 2562 2546 ὑμᾶς
2621 2472 2849 2548 ἀνάγκη.
2881 2474 2955 2528 Τὰ
3015 2473 3110 2546 μὶν
3169 2474 3272 2550 γὰρ
3330 2473 3476 2530 ἄλλα
3519 2474 3692 2530 πάντα
3749 2479 3844 2530 τοῦ

2201 2562 2508 2635 Πνεύματος
2569 2563 2808 2637 μετέχει,
2865 2560 3027 2624 αὐτὸς
3087 2559 3145 2617 δὲ
3203 2559 3304 2638 ἄρα
3351 2565 3469 2627 γαθ⁹
3502 2563 3640 2636 ὑμᾶς
3699 2563 3844 2625 τίνος

2199 2652 2258 2708 ἂν
2310 2651 2394 2722 εἴη
2445 2652 2718 2727 μέτοχος;
2749 2655 2852 2706 Τοῦ
2901 2651 3252 2726 Πνεύματος;
3286 2652 3384 2707 Καὶ
3446 2653 3553 2726 μὴν
3611 2651 3740 2708 αὐτὸ
3784 2653 3847 2708 τὸ

2199 2745 2420 2815 Πνεῦμα
2468 2737 2680 2813 μᾶλλον
2731 2739 2877 2815 παρᾶ
2911 2744 3010 2794 τοῦ
3058 2741 3186 2795 Υἱοῦ
3236 2735 3528 2814 λαμϐάνει,
3561 2741 3635 2804 ὡς
3689 2740 3848 2804 αὐτὸς

2199 2829 2405 2904 εἴρηκε,
2455 2829 2544 2884 καὶ
2608 2826 2805 2904 ἄλογόν
2864 2827 3005 2884 ἔστιν
3065 2829 3233 2884 εἰπεῖν
3289 2834 3476 2885 τοῦτον
3540 2829 3846 2906 ἀγιάζεσθαι

2198 2921 2324 2996 παρ’
2356 2917 2580 2974 ἐκείνου.
2613 2915 2820 2974 Οὐκοῦν
2857 2921 2956 2972 τοῦ
2995 2919 3205 2993 Πατρὸς
3241 2919 3480 2994 μετέχει·
3532 2916 3693 2974 τοῦτο
3742 2920 3844 2994 γάρ

2199 3008 2463 3079 λείπεται,
2496 3007 2584 3062 καὶ
2618 3005 2821 3082 ἀνάγκη
2857 3005 3054 3082 λέγειν.
3085 3007 3184 3061 Καὶ
3214 3005 3266 3060 τί
3295 3011 3457 3062 τοῦτο
3517 3005 3618 3083 ἄρα
3663 3009 3698 3076 ἢ
3745 3009 3845 3063 πό-

2199 3110 2284 3163 θεν
2323 3095 2465 3152 ἐστίν
2493 3123 2507 3164 ς
2539 3095 2583 3151 εί
2640 3096 2733 3168 μὲν
2785 3095 2876 3150 οὗν
2925 3093 3112 3168 ἔξωθέν
3163 3095 3302 3150 ἐστιν
3359 3095 3642 3167 ἐπινοηθὶν
3699 3097 3844 3172 παρὰ

2195 3191 2294 3241 τοῦ
2334 3185 2562 3260 Πατρὸς,
2597 3183 2774 3238 οὐκέτι
2823 3183 2985 3240 πάλιν
3034 3188 3132 3240 τοῦ
3180 3185 3390 3262 Πατρὸς
3454 3185 3698 3262 μετέχων
3729 3189 3843 3260 (68)

439 3252 595 3341 dem,
647 3275 732 3331 vel
786 3277 941 3332 unde
988 3276 1132 3333 illud
1181 3277 1314 3334 est?
1343 3279 1402 3334 Si
1451 3278 1674 3352 aliquid
1723 3252 2087 3336 extrinsecus

2201 3275 2259 3330 ἃν
2295 3272 2401 3344 εἷή,
2433 3273 2577 3328 ἀλλὰ
2603 3277 2700 3328 τοῦ
2733 3271 2922 3342 ἔξωθεν
2954 3271 3272 3348 γενομένου,
3301 3274 3391 3329 καὶ
3445 3274 3624 3330 οὐκέτι
3685 3273 3842 3338 αὐτὸς

436 3364 828 3436 excogitatum
859 3381 894 3421 a
922 3365 1110 3437 Patre,
1144 3383 1256 3422 non
1273 3367 1400 3438 jam
1423 3369 1614 3424 Patris
1635 3367 1745 3424 erit
1774 3368 2086 3440 particeps,

437 3452 541 3508 sed
571 3453 700 3524 ejus
731 3454 886 3525 quod
919 3455 1283 3512 extrinsecus
1313 3460 1422 3525 est,
1457 3472 1564 3512 nec
1595 3457 1838 3530 proinde
1877 3473 2084 3514 secun-

435 3539 577 3596 dum
610 3546 743 3614 post
772 3543 1000 3599 Patrem
1031 3542 1226 3600 locum
1259 3543 1566 3614 obtinebit,
1599 3562 1731 3602 cum
1764 3562 1883 3602 rem
1923 3545 2087 3602 illam

437 3633 572 3686 ante
603 3645 666 3687 se
696 3630 907 3688 habeat
940 3649 952 3688 :
989 3649 1094 3690 nec
1125 3632 1266 3689 item
1299 3634 1492 3690 Patris
1521 3634 1631 3690 erit
1679 3634 1963 3691 dicendus
1995 3635 2088 3689 Fi-

430 3716 572 3790 lius,
605 3719 704 3776 sed
740 3717 920 3786 illius,
955 3721 1128 3792 cujus
1161 3722 1350 3778 factus
1383 3722 1695 3795 particeps,
1741 3727 1798 3778 et
1831 3723 2010 3778 Filius
2031 3727 2090 3779 et

436 3808 592 3865 Deus
622 3813 712 3865 est
755 3816 1149 3882 nuncupatus.
1183 3813 1344 3876 Quod
1379 3811 1612 3882 quidem
1642 3811 1721 3866 sit
1761 3813 2088 3868 absurdum

435 3901 493 3955 et
523 3897 772 3970 impium
805 3899 1012 3954 merito
1039 3899 1468 3967 videatur,cum
1502 3901 1659 3956 dicat
1690 3901 1986 3963 Pater.Hz'c
2012 3908 2091 3958 est

438 3988 610 4044 Filius
661 4003 814 4044 meus
867 3987 1100 4044 dilectus
1128 3989 1194 4059 ⁵³,
1248 3989 1492 4062 ipseque
1546 3990 1728 4046 Filius
1783 3991 2086 4064 proprium

435 4093 612 4134 suum
644 4077 872 4134 Patrem
922 4077 1107 4134 Deum
1139 4095 1268 4135 esse
1315 4079 1568 4135 afﬁrmet
1598 4096 1612 4134 :
1648 4079 1836 4152 liquet
1885 4081 2088 4152 utique

435 4166 584 4223 nihil
616 4167 999 4236 extrinsecus,
1033 4167 1135 4224 sed
1165 4185 1233 4224 ex
1274 4167 1605 4224 substantia
1649 4170 1839 4224 Patris
1869 4185 1997 4224 esse
2028 4170 2086 4224 id

435 4257 606 4328 cujus
637 4257 702 4312 ﬁt
731 4255 1042 4328 particeps.
1075 4256 1136 4312 Si
1167 4273 1336 4329 porro
1367 4257 1526 4313 istud
1549 4257 1722 4313 fuerit
1755 4256 1913 4314 aliud
1946 4275 2088 4328 pre-

2199 3361 2324 3419 οὐδὶ
2354 3360 2600 3437 δεύτερος
2635 3359 2780 3416 ἔσται
2815 3361 2949 3434 μετά
2989 3362 3080 3416 τὸν
3131 3361 3342 3438 Πατέρα
3373 3366 3505 3437 (69),
3538 3360 3682 3440 ἔχων
3739 3363 3844 3440 πρὸ

2198 3453 2390 3507 ἑαυτοῦ
2421 3450 2613 3506 ἐκεῖνο·
2647 3447 2772 3504 οὐδὲ
2800 3453 2896 3504 τοῦ
2930 3450 3137 3522 Πατρὸς
3169 3451 3292 3513 Υἱὸς
3341 3450 3400 3506 ἃν
3437 3449 3686 3528 λεχθείη,
3718 3451 3844 3508 ἀλλ’

2197 3540 2426 3613 ἐκείνου,
2459 3541 2520 3594 οὗ
2551 3539 2640 3595 καὶ
2677 3539 2922 3616 μετέχων
2955 3539 3079 3602 Υἱὸς
3109 3539 3198 3594 καὶ
3243 3539 3376 3602 Θεὸς
3422 3539 3654 3612 ἐκλήθη
3693 3541 3740 3596 εἱ
3789 3538 3846 3596 δὲ

2196 3634 2356 3685 τοῦτο
2388 3627 2593 3684 ἄτοπον
2621 3628 2710 3683 καὶ
2744 3621 2952 3700 ἀσεϐὲς,
2987 3626 3252 3704 λέγοντος
3311 3629 3406 3702 μὲν
3455 3633 3552 3685 τοῦ
3612 3631 3842 3706 Πατρὸς,

2198 3714 2370 3781 Οὗτός
2414 3718 2552 3773 ἐστιν
2612 3718 2640 3772 ὁ
2697 3716 2818 3779 Υἱός
2881 3737 2986 3789 μου
3045 3717 3074 3770 6
3121 3716 3420 3792 ἀγαπητὸς,
3468 3717 3726 3794 λέγοντος
3787 3715 3845 3775 δὲ

2195 3807 2284 3863 καὶ
2341 3811 2440 3862 τοῦ
2497 3807 2646 3876 Υἱοῦ,
2680 3803 2888 3880 Πατέρα
2941 3801 3075 3859 ἴδιον
3121 3806 3258 3860 εἷναι
3312 3806 3404 3860 τὸν
3463 3806 3613 3862 Θεόν·
3649 3803 3841 3876 δῆλον,

2197 3897 2279 3952 ὅτι
2311 3898 2424 3970 (70)
2457 3894 2558 3950 οὐκ
2585 3893 2796 3964 ἔξωθεν,
2830 3891 2956 3948 ἀλλ’
3002 3892 3061 3948 ἐκ
3102 3900 3202 3964 τῆς
3250 3894 3432 3957 οὐσίας
3479 3899 3576 3950 τοῦ
3635 3895 3843 3970 Πατρός

2197 3986 2306 4042 ἐστι
2348 3985 2411 4040 τὸ
2447 3979 2836 4060 μετεχόμενον.
2867 3985 3042 4040 Τοῦτο
3088 3979 3148 4038 δὲ
3202 3981 3366 4039 πάλιν
3425 3982 3512 4039 ἐὰν
3571 3981 3750 4060 ἕτερον
3803 3984 3840 4060 ᾖ

2197 4075 2341 4151 παρὰ
2367 4075 2465 4144 τὴν
2499 4072 2681 4128 οὐσίαν
2708 4077 2806 4128 τοῦ
2836 4073 2986 4142 Υἱοῦ,
3018 4073 3079 4128 τὸ
3109 4071 3222 4130 ἴσον
3275 4071 3475 4128 ἄτοπον
3524 4075 3840 4144 ἀπαντήσει,

2201 4166 2367 4238 μέσου
2396 4161 2560 4219 πάλιν
2591 4161 2972 4235 εὑρισκομένου
3002 4160 3200 4218 τούτου
3229 4165 3342 4236 (71)
3375 4161 3434 4218 ἐκ
3477 4167 3576 4218 τοῦ
3637 4164 3841 4240 Πατρὸς

2195 4255 2285 4310 καὶ
2315 4261 2415 4322 τῆς
2444 4251 2627 4314 οὐσίας
2658 4255 2755 4306 τοῦ
2787 4251 2937 4322 Υἱοῦ,
2965 4250 3090 4320 ἥτις
3120 4251 3253 4306 ποτέ
3283 4250 3445 4310 ἐστιν.

431 4347 523 4400 ter
553 4343 680 4399 Filii
713 4349 1008 4416 naturam,
1043 4361 1204 4416 asque
1237 4345 1562 4402 absurdum
1591 4345 1720 4414 erit,
1753 4363 1885 4402 cum
1915 4346 2024 4403 hoc
2054 4347 2209 4402 idem
2260 4343 2518 4402 medium
2549 4341 2689 4414 quid
2741 4342 3064 4414 reperiatur
3090 4357 3221 4400 esse
3249 4358 3318 4399 ex
3365 4342 3533 4400 Patre
3561 4347 3618 4400 et
3644 4359 3713 4400 ex
3741 4359 3842 4400 na-

431 4437 568 4490 tura
597 4432 726 4489 Filii
754 4449 1120 4506 quaacunque
1153 4435 1389 4491 tandem
1423 4434 1521 4491 illa
1552 4433 1648 4490 sit.

505 4523 593 4578 16.
613 4521 900 4586 Quoniam
931 4539 1069 4595 ergo
1101 4523 1208 4578 has
1240 4524 1564 4580 sententias
1594 4525 1884 4581 absurdae
1915 4529 2087 4597 atque

2271 4524 2356 4578 16.
2387 4519 2660 4576 Τοιούτων
2690 4515 2757 4587 δὴ
2793 4516 2885 4574 οὖν
2935 4517 3152 4573 ἀτόπων
3209 4519 3300 4575 καὶ
3357 4521 3503 4596 παρᾶ
3555 4521 3646 4576 τὸν
3704 4517 3844 4591 ἀλή-

434 4628 468 4668 a
497 4611 739 4668 veritate
762 4609 984 4668 alienas
1015 4627 1144 4668 esse
1171 4612 1408 4668 evidens
1438 4613 1867 4684 est,diccndum
1893 4622 2091 4669 estne-

435 4701 688 4758 cessario
717 4699 775 4756 id
803 4701 958 4772 quod
991 4704 1082 4758 est
1108 4717 1177 4756 ex
1207 4700 1542 4788 substantia
1571 4700 2088 4774 Patris,proprium

501 4881 548 4916 "
572 4879 742 4936 Joan.
773 4895 887 4949 xvx,
919 4878 1008 4936 14.
1085 4879 1130 4914 ⁸³
1160 4878 1369 4938 Matth.
1407 4895 1543 4950 xvn,
1575 4881 1648 4948 5;
1680 4879 1850 4937 Joan.
1882 4897 2006 4948 vm,
2035 4881 2127 4936 54.

500 5065 730 5150 φῇβὶο
759 5065 1124 5150 seguerian.,
1153 5067 1321 5150 .lteg.‘
1347 5065 1580 5124 Gobler.
1632 5072 1688 5124 et
1735 5067 1986 5124 Felckm.
2024 5069 2075 5124 1.

428 5143 503 5193 At
534 5137 642 5192 Alii
673 5141 732 5192 et
761 5137 898 5193 editi
939 5138 1014 5208 μή
1049 5139 1351 5194 omittunt.

647 5208 1132 5293 SigﬂSeg'iieriap.
1165 5213 1237 5264 At
1291 5210 1528 5282 Regius,
1561 5203 1700 5262 "610v
1752 5209 1842 5263 καὶ
1900 5208 2075 5283 φύσει.

429 5276 539 5336 Alii
571 5276 628 5337 et
655 5279 818 5351 editi,
851 5276 1004 5357 ᾀύσει
1038 5276 1199 5336 ἴδιον.
1377 5276 1407 5282 ⁷
1517 5276 1520 5277 ⁷
1909 5276 1920 5283 ⁷

429 5421 463 5424 _7
497 5353 611 5424 (66)
667 5352 1079 5424 Seguerianus,
1141 5351 1265 5424 Υἱὸν
1321 5353 1476 5424 Θεοῦ.
1539 5352 1671 5408 Mox
1728 5353 1959 5409 Gobler.
2020 5357 2080 5409 et

497 5356 611 5477 (66)
667 5356 1079 5424 Seguerianus,
1141 5356 1265 5405 Υἱὸν
1321 5356 1476 5406 Θεοῦ.
1539 5356 1671 5408 Mox
1728 5356 1959 5409 Gobler.

426 5421 682 5498 Felckm.
719 5422 882 5498 1,)ιαὶ
914 5419 1160 5498 ἐλέγχειν
1192 5421 1415 5498 αὐτούς.Δ
1525 5495 1563 5498 _
1602 5494 1612 5498 _
1655 5495 1669 5498 _

496 5495 611 5566 (67)
642 5497 704 5552 In
762 5493 1247 5568 Seguer."deest,
1305 5493 1463 5550 ἐστίν.
1523 5494 1778 5550 Felckm.
1829 5499 1864 5551 2
1917 5500 1974 5552 et
2017 5497 2071 5562 5,

429 5561 576 5620 ἐστὶν
609 5565 637 5620 6
667 5561 820 5628 Θεός.
1325 5607 1331 5613 ο

503 5609 1258 5728 (ὸξΞῘΒνενῷἶέἼορῥεειίιοιιηΊ
1291 5609 1544 5728 μὲετέὶχονῖ.
1569 5640 1698 5693 Mox
1727 5635 1930 5728 Basil,
1963 5637 2072 5692 Go-

431 5706 677 5769 blérian.
709 5714 769 5767 et
799 5706 1052 5766 Felckm'.
1086 5711 1137 5780 1,
1167 5713 1264 5764 τοῦ
1293 5706 1482 5783 ἔξωθεν
1515 5707 1929 5787 ἐπιγενομένου.

2199 4612 2343 4665 θειαν
2371 4605 2816 4688 ἀναφαινομένων
2861 4606 3164 4683 λογισμῶν,
3197 4606 3404 4683 ἀνάγκη
3455 4606 3628 4684 λέγειν
3676 4609 3738 4664 τὸ
3785 4605 3845 4664 ἐκ

2196 4706 2298 4769 τῆς
2330 4697 2511 4760 οὐσίας
2541 4701 2638 4752 τοῦ
2669 4697 2877 4772 Πατρὸς
2922 4693 3058 4752 ἴδιον
3091 4696 3260 4752 αὐτοῦ
3291 4695 3506 4771 σύμπαν
3557 4699 3693 4752 εἶναι
3749 4699 3840 4752 τὸν

2189 5062 2337 5152 Ibid.
2373 5063 2639 5136 Seguer.,
2673 5059 2905 5119 Gobler.
2951 5066 3008 5119 et
3056 5061 3308 5120 Felckm.
3351 5064 3398 5133 ι,
3428 5061 3518 5118 καὶ
3573 5060 3750 5119 οὐκέτι
3781 5059 3839 5118 δὶ

2188 5135 2374 5278 αυῖίξᾷ)
2403 5206 2670 5278 Saguer.,
2703 5205 2933 5262 Gobler.
2967 5210 3020 5262 et
3049 5204 3309 5264 Felckm.
3345 5207 3398 5276 1,
3439 5205 3572 5279 μετὰ
3598 5209 3694 5260 τοῦ
3727 5206 3836 5263 Ila-

2185 5278 2499 5477 Ziii’msiz
2558 5347 3372 5477 ῗθιιεθέέῖευδέίξῖὲξῖηῖςί.
3394 5349 3842 5477 “sissis?

2188 5422 2522 5478 Felckman.
2558 5422 2610 5474 1.
2642 5423 2708 5475 At
2739 5422 2901 5485 editi,
2934 5422 3216 5488 δηλονότι.
3249 5422 3398 5476 Ibid.
3431 5422 3782 5494 Seguer.,du\

2186 5491 2246 5547 ἐκ
2272 5499 2372 5561 τῆς
2404 5488 2794 5561 οὐσίαςαΕᾶὶιί
2825 5495 2882 5545 et
2905 5489 3030 5561 alii,
3058 5487 3206 5544 ἀλλὰ
3232 5497 3332 5560 τῆς
3361 5489 3567 5554 οὐσίας.

2276 5559 2370 5633 71)
2400 5560 2762 5636 δορυ-ετὶαῃη
2792 5559 3122 5636 Anglican.,
3155 5559 3488 5622 Goblerian.
3511 5570 3569 5622 et
3600 5563 3750 5622 Felc.
3783 5565 3836 5636 1,

2181 5633 2399 5692 τούτου.
2434 5633 2630 5705 Basil.,
2660 5635 2848 5690 τοῦτο.
