4090 6342
246 400 338 459 45

1403 392 1700 457 ORATIO
1746 395 1765 456 1
1812 394 2121 458 CONTRA
2172 395 2539 457 AltlANOS.
3603 398 3679 458 46

244 525 407 583 Υἱόν·
438 530 503 583 τὸ
533 529 636 605 γὰρ
666 527 812 591 ’ὸλως
843 528 1161 604 μετέχεσθαι
1192 529 1285 582 τὸν
1315 528 1468 599 Θεὸν,
1493 526 1613 582 ’ίσον
1654 527 1766 582 ἐστὶ
1819 525 1901 582 λέ·

2024 529 2263 585 omnino
2295 531 2423 601 ejus
2469 544 2598 586 esse
2630 529 2863 585 Filium.
2902 530 3083 585 Deum
3127 530 3285 585 enim
3335 532 3673 602 participari

242 641 398 695 γειν,
460 619 546 675 ὅτι
601 620 692 675 καὶ
744 624 917 697 γεννᾷ·
969 620 1032 674 τὸ
1085 616 1143 674 δὲ
1189 623 1378 694 γεννᾷν
1577 615 1914 690 τίσημαίνει

239 710 282 778 ἢ
325 709 498 777 Υἰόνς
550 709 722 767 Αὐτοῦ
767 714 895 785 γοῦν
938 712 1037 764 τοῦ
1078 709 1206 762 Υίοῦ
1241 707 1553 783 μετέχειτᾶ
1581 706 1753 761 πάντα
1781 706 1917 761 κατὰ

234 800 354 867 τήν
386 804 490 853 τοῦ
520 798 835 872 Πνεύματος
861 798 1153 874 γινομένην
1178 800 1296 870 (73)
1343 797 1469 871 παρ’
1518 793 1681 850 αὐτοῦ
1727 796 1911 871 χάρινο

232 888 341 942 καὶ
377 888 611 965 φανερὸν
645 887 695 943 έν
727 886 925 943 τούτου
953 885 1184 961 γίνεται,
1234 885 1316 941 ὅτι
1364 883 1522 947 αὐτὸς
1577 887 1669 959 μὲν
1719 885 1748 939 6
1791 884 1913 947 Υἱὸς

234 974 483 1039 οὐδενὸς
547 975 787 1053 μετέχει,
831 978 892 1031 τὸ
940 973 997 1031 δὶ
1041 975 1100 1030 ἐκ
1149 974 1248 1030 τοῦ
1281 974 1490 1050 ΙΙατρὸς
1525 972 1913 1049 μετεχόμινον,

228 1066 417 1121 τοῦτό
477 1066 621 1121 ἐστιν
680 1067 709 1121 6
768 1064 915 1127 Υἱός.
974 1063 1147 1122 Αὐτοῦ
1195 1064 1299 1139 γὰρ
1344 1068 1442 1119 τοῦ
1491 1064 1619 1118 Υἱθῦ
1652 1062 1912 1137 μετέχον-

225 1177 330 1217 τες
394 1158 538 1228 (74),
595 1160 694 1210 1:06
746 1158 881 1209 Θεοῦ
941 1152 1187 1229 μετέχειν
1250 1152 1554 1229 λεγόμεθαο
1614 1151 1703 1207 καὶ
1753 1152 1914 1207 τοῦτό

227 1242 422 1309 ἐστιν,
483 1242 514 1297 6'
560 1240 746 1318 ἔλεγεν
796 1243 825 1296 6
886 1242 1110 1317 Πέτρος,
1160 1242 1277 1297 Ἵνα
1322 1242 1552 1315 γένησθε
1599 1238 1745 1304 θείας
1793 1260 1913 1295 κοι-

228 1332 421 1386 νωνοὶ
475 1330 709 1410 φύσεως,
757 1331 832 1393 ὥς
883 1352 1014 1408 φησι
1061 1332 1152 1385 καὶ
1193 1331 1222 1384 6
1254 1328 1591 1391 ’Δπόστολος
1623 1332 1757 1402 (75),
1800 1328 1915 1387 Οὐκ

226 1418 459 1489 οἷ’δατε,
521 1419 607 1476 ὅτι
663 1420 790 1482 ναὸς
849 1424 985 1475 Θεοῦ
1042 1418 1196 1489 tam;
1255 1419 1366 1488 καὶ,
1408 1420 1600 1492 Ἡμεῖς
1628 1417 1730 1494 γὰρ
1786 1418 1911 1481 ναὸς

225 1514 380 1565 Θεοῦ
439 1508 602 1583 ἐσμεν
660 1514 883 1579 ζῶντος.
944 1508 1042 1563 Καὶ
1091 1507 1250 1563 αὐτὸν
1306 1505 1363 1562 δὲ
1392 1508 1484 1562 τὸν
1518 1508 1639 1562 Υἱὸν
1677 1505 1913 1583 βλέπον-

224 1619 352 1669 τες,
405 1600 628 1673 ὁρῶμεν
676 1598 768 1651 τὸν
823 1595 1048 1671 Πατέρα.
1101 1598 1162 1653 Ἡ
1201 1595 1301 1671 γὰρ
1331 1600 1428 1650 τοῦ
1459 1596 1586 1650 Υίοῦ
1616 1592 1794 1651 ἔννοια
1820 1595 1911 1652 καὶ

229 1684 569 1759 κατάληψις
617 1686 813 1760 γνῶσίς
864 1684 976 1739 ἐστι
1025 1686 1148 1758 περὶ
1199 1690 1295 1739 τοῦ
1343 1685 1572 1760 Πατρὸς,
1625 1680 1714 1738 διὰ
1756 1685 1821 1740 τὸ
1853 1683 1913 1741 ἐκ

222 1782 334 1845 τῆς
373 1774 573 1836 οόσίας
629 1774 792 1829 αὐτοῦ
843 1771 982 1828 ἴδιον
1034 1775 1168 1829 εἶναι
1218 1774 1480 1849 γέννημα.
1526 1776 1731 1849 ’Ὠσπερ
1763 1772 1910 1829 δὲτὸ

2023 616 2179 674 idem
2203 635 2444 690 prorsus
2465 622 2553 674 est
2574 636 2640 674 ac
2662 618 2843 674 Deum
2867 633 3165 692 generare.
3182 617 3331 684 Quid
3353 634 3524 692 porro
3547 636 3676 688 vox,

2021 722 2310 777 generare,
2337 706 2494 763 aliud
2534 706 2824 779 significat
2854 723 3030 781 quam
3060 707 3319 763 Filium?
3349 707 3552 780 Itaque
3582 724 3676 764 res

2025 811 2231 852 omnes
2259 797 2387 852 Filii
2410 797 2559 852 ﬁunt
2579 795 2895 869 participes
2917 798 3242 853 secundum
3267 795 3523 868 Spiritus
3542 813 3674 870 gra-

2024 885 2188 950 tiam,
2216 901 2344 957 quaa
2376 886 2448 941 ab
2475 902 2542 941 eo
2575 887 2785 941 datur:
2808 885 2986 958 idque
3016 886 3153 942 inde
3184 887 3248 942 fit
3270 886 3674 953 manifestum,

2026 976 2181 1047 quod
2204 974 2330 1047 ipse
2353 975 2590 1046 quidem
2617 974 2793 1031 Filius
2818 976 3037 1032 nullius
3058 981 3147 1032 est
3168 977 3493 1049 particeps;
3519 976 3674 1049 quod

2025 1068 2223 1120 autem
2247 1081 2316 1121 ex
2336 1064 2505 1120 Patre
2537 1063 2683 1120 alios
2707 1065 2797 1120 sui
2816 1065 3132 1138 participes
3155 1065 3315 1135 facit,
3351 1064 3457 1122 hoc
3478 1065 3677 1138 ipsum

2024 1156 2114 1209 est
2146 1151 2345 1209 Filius.
2378 1151 2493 1208 Nos
2516 1152 2672 1209 enim
2697 1169 2833 1209 cum
2879 1152 3062 1224 ipsius
3097 1152 3225 1209 Filii
3248 1153 3565 1226 participes
3593 1152 3675 1209 ef-

2024 1241 2278 1309 ﬁcimur,
2314 1241 2415 1298 Dei
2448 1242 2765 1314 participes
2792 1259 2919 1299 esse
2950 1243 3224 1311 dicimur,
3257 1242 3437 1315 idque
3478 1242 3673 1315 ipsum

2022 1336 2113 1387 est
2140 1331 2295 1402 quod
2327 1330 2520 1387 aiebat
2549 1332 2850 1398 Petrus,Ut
2874 1332 3209 1403 efﬁciamini
3230 1332 3440 1389 divine
3457 1347 3676 1388 consor-

2021 1424 2100 1475 tes
2144 1430 2369 1477 naturae
2395 1421 2460 1491 “,
2492 1421 2994 1492 quemadmodum
3043 1426 3100 1477 et
3144 1420 3459 1494 Apostolus
3508 1420 3671 1489 dicit,

2020 1510 2254 1565 Nescitis
2311 1511 2444 1582 quia
2498 1510 2768 1581 templum
2823 1511 2919 1566 De:
2976 1511 3106 1565 estis
3145 1513 3173 1564 ?
3227 1514 3304 1579 et,
3357 1515 3467 1568 No:
3523 1512 3674 1567 enim

2019 1599 2286 1670 templum
2313 1599 2416 1654 Dei
2461 1600 2691 1654 viventis
2720 1614 2912 1654 sumus
2941 1600 3005 1655 ⁸⁵.
3040 1600 3236 1672 Ipsum
3279 1598 3553 1655 similiter
3583 1598 3670 1655 Fi-

2020 1686 2166 1743 lium
2195 1686 2512 1756 intuentes,
2531 1688 2760 1743 Patrem
2790 1687 3108 1745 intuemur.
3133 1687 3398 1761 Cognitio
3429 1688 3586 1744 enim
3618 1692 3676 1744 et

2021 1776 2467 1849 comprehensio
2515 1775 2665 1843 Filii,
2699 1774 2888 1832 Patris
2935 1781 3026 1832 est
3074 1777 3319 1849 agnitio,
3350 1777 3489 1848 quia
3537 1794 3670 1849 pro-

228 1866 582 1939 μετέχεσθαι
632 1863 734 1918 οὐκ
784 1864 843 1917 ἂν
891 1884 974 1924 τις
1022 1863 1171 1935 ὑμῶν
1202 1859 1277 1917 ἔτι
1308 1863 1477 1924 πάθος
1511 1860 1656 1918 εἷ’ποι
1685 1863 1775 1918 καὶ
1810 1884 1901 1936 με·

384 1954 397 1966 .
546 1959 573 1966 -
736 1956 757 1966 -
836 1960 862 1966 -_
933 1956 958 1965 -
1067 1950 1078 1966 .
1133 1950 1143 1966 .
1298 1948 1344 1966 ,λ
1381 1948 1471 1966 ..κ
1715 1952 1728 1966 ι
1891 1952 1901 1966 .

2023 1866 2187 1938 prius
2216 1869 2306 1921 est
2350 1881 2420 1921 ex
2447 1866 2713 1937 ejusdem
2744 1871 2956 1921 natura
2986 1866 3158 1921 fetus.
3193 1865 3367 1921 Porro
3397 1870 3462 1921 ut
3498 1881 3671 1922 nemo

226 1954 442 2028 ρισμὸν
503 1959 608 2023 τῆς
664 1956 762 2007 τοῦ
829 1956 963 2006 Θεοῦ
1025 1950 1231 2013 οὐσίας·
1293 1948 1623 2024 (δεδήλωται
1669 1952 1773 2028 γὰρ
1819 1952 1901 2007 καί

2019 1959 2281 2011 vestrum
2322 1956 2449 2025 jam
2480 1954 2689 2010 dixerit
2722 1954 2818 2010 Dei
2868 1953 3208 2026 participem
3243 1953 3391 2022 fieri,
3422 1971 3551 2011 esse
3580 1954 3668 2009 di-

227 2040 619 2116 ὡμολόγηται
651 2044 763 2113 (76)
798 2040 1116 2116 μετέχεσθαι
1147 2041 1239 2094 τὸν
1281 2040 1429 2110 Θεὸν,
1479 2040 1569 2094 καὶ
1616 2040 1781 2096 ταύτὸ
1835 2042 1907 2096 εἷο

227 2151 313 2184 ναι
355 2130 691 2204 μετέχεσθαι
716 2128 803 2182 καὶ
833 2132 1065 2204 γεννᾷν·)
1097 2125 1270 2189 οὕτως
1302 2129 1364 2183 τὸ
1395 2127 1642 2203 γέννημα
1694 2128 1755 2183 06
1801 2130 1905 2184 πάι

226 2231 350 2289 θος,
387 2215 524 2272 οὐδὲ
561 2216 826 2293 μερισμός
874 2214 983 2271 ἐστι
1036 2219 1135 2284 τῆς
1171 2216 1435 2293 μακαρίας
1467 2216 1673 2287 ἐκείνης
1704 2218 1904 2280 οὐσίας.

225 2308 346 2365 Οὐκ
410 2305 647 2361 ἅπιστὸν
703 2303 805 2381 ἄρα
860 2305 1002 2360 ἐστὶν
1062 2305 1184 2359 Υίὸν
1245 2301 1392 2381 ἔχειν
1439 2306 1530 2361 τὸν
1587 2306 1748 2379 Θεὸν,
1803 2313 1904 2376 τῆς

228 2394 375 2459 ἰδίας
410 2395 607 2458 οὐσίας
635 2394 699 2450 τὸ
729 2394 991 2471 γέννημα·
1026 2391 1138 2449 οὐδ’
1170 2395 1274 2470 ἄρα
1302 2393 1473 2457 πάθας
1503 2394 1593 2450 καὶ
1641 2394 1904 2469 μερισμὸν

225 2490 327 2551 τῆς
372 2484 577 2546 οὐσίας
626 2488 724 2538 τοῦ
772 2487 905 2539 Θεοῦ
957 2481 1318 2556 σημαίνομεν,
1363 2485 1608 2559 Αέγοντες
1638 2484 1759 2538 Υἱὸν
1813 2485 1905 2539 καὶ

229 2575 397 2648 γέννη
413 2593 516 2646 μα’
556 2571 701 2628 ἀλλὰ
730 2570 944 2645 μᾶλλον
975 2572 1036 2626 τὸ
1066 2574 1291 2647 γνήσιον
1314 2572 1403 2627 καὶ
1432 2573 1496 2628 τὸ
1523 2570 1784 2642 ἀληθινὸν
1814 2573 1903 2628 καὶ

228 2666 290 2718 τὸ
336 2657 645 2736 μονογενὲς
692 2666 789 2716 τοῦ
846 2666 978 2716 Θεοῦ
1035 2663 1149 2734 (77)
1197 2662 1575 2737 γινώσκοντες,
1621 2661 1764 2717 οὕτω
1812 2683 1902 2717 πι-

233 2753 528 2826 στεύομεν.
586 2749 800 2808 Τούτου
858 2747 915 2805 δὲ
955 2750 1099 2805 οὕτω
1128 2751 1475 2828 πεφασμένου
1501 2750 1590 2806 καὶ
1622 2748 1902 2825 δεικνυμέ-

232 2864 349 2909 νου,
382 2841 474 2895 ὅτι
506 2840 576 2896 τὸ
608 2839 670 2894 ἐκ
715 2845 816 2909 τῆς
864 2843 962 2897 τοῦ
1010 2838 1216 2913 ΙΙατρὸς
1256 2838 1440 2902 οὐσίας
1471 2838 1715 2915 γέννημα
1740 2840 1902 2896 τοῦτό

234 2932 374 2985 ἐστιν
409 2931 441 2985 6
475 2929 627 2997 Υἱὸς,
660 2924 836 2983 οὐδενὶ
871 2926 1066 2983 λοιπὸν
1115 2923 1447 3006 ἀμφίϐολον,
1481 2927 1627 2984 ἀλλὰ
1654 2929 1744 2983 καὶ
1772 2930 1904 3004 πρό-

235 3018 410 3088 δηλον
450 3019 514 3073 ἂν
570 3015 681 3087 εἴη,
731 3016 814 3071 ὅτι
860 3016 1021 3071 τοῦτὸ
1069 3017 1210 3072 ἐστιν
1243 3020 1279 3087 ἡ
1332 3017 1505 3094 Σοφία
1543 3017 1630 3072 καὶ
1663 3018 1692 3072 ὁ
1724 3017 1900 3093 Λόγος

234 3114 328 3165 τοῦ
360 3108 613 3184 Πατρὸς,
647 3105 699 3160 ἐν
732 3106 779 3178 ᾦ
807 3105 896 3161 καὶ
929 3104 999 3159 δι’
1031 3103 1092 3160 06
1124 3106 1188 3160 ti
1217 3106 1386 3161 πάντα
1413 3106 1579 3176 κτίζει
1611 3106 1699 3161 καὶ
1732 3113 1900 3162 ποιεῖ’

224 3201 312 3253 καὶ
371 3196 553 3254 τοῦτό
612 3196 755 3251 ἐστιν
821 3195 986 3251 αὐτοῦ
1059 3195 1122 3251 τὰ
1201 3196 1553 3272 ἀπαύγασμα,
1620 3197 1670 3252 ἐν
1728 3199 1774 3269 ᾧ
1831 3199 1899 3253 τὰ

2016 2044 2163 2099 vina
2193 2044 2347 2101 882
2378 2047 2596 2101 natura:
2648 2043 2985 2117 passionem
3017 2048 3074 2098 et
3121 2041 3465 2100 divisionem
3506 2044 3666 2116 (nam

2015 2138 2324 2190 ostensum
2353 2136 2412 2189 et
2428 2149 2772 2189 concessum
2790 2137 2881 2188 est
2898 2132 3079 2188 Deum
3112 2131 3657 2205 participari,idem-

2016 2238 2129 2294 que
2158 2238 2287 2279 esse
2317 2221 2484 2277 illurn
2532 2220 2889 2293 participari,
2922 2238 2988 2276 ac
3017 2221 3319 2294 generare)
3350 2236 3364 2278 :
3398 2220 3479 2277 ita
3516 2239 3659 2294 quo-

2014 2328 2125 2382 que
2153 2328 2288 2367 cum
2319 2311 2583 2383 genitum
2614 2328 2649 2367 a
2679 2314 2791 2366 Deo
2842 2308 3050 2366 Filium
3080 2310 3354 2382 dicimus,
3389 2326 3493 2367 nec
3524 2328 3658 2385 pas-

2014 2401 2241 2456 sionem
2272 2399 2453 2455 ullam
2502 2416 2610 2456 nec
2640 2398 2985 2456 divisionem
3039 2399 3217 2455 beata:
3248 2398 3407 2456 illius
3438 2407 3659 2457 natura

2014 2488 2440 2561 signiﬁcamus.
2472 2488 2596 2545 Non
2647 2486 2844 2560 itaque
2873 2487 3215 2544 incredibile
3261 2493 3351 2545 est
3381 2493 3492 2545 Deo
3532 2507 3662 2547 esse

2014 2576 2253 2646 Filium,
2283 2576 2381 2649 qui
2416 2576 2661 2649 proprias
2693 2579 2822 2648 ejus
2855 2581 3077 2632 natura:
3109 2576 3186 2632 sit
3235 2577 3390 2634 fetus
3424 2595 3436 2633 :
3472 2594 3664 2651 neque

2013 2665 2347 2738 passionem
2372 2670 2472 2721 aut
2490 2664 2834 2721 divisionem
2858 2664 3063 2721 divina:
3087 2670 3306 2722 naturas
3330 2667 3659 2737 innuimus,

2013 2771 2147 2810 cum
2196 2753 2408 2810 Filium
2436 2759 2492 2810 et
2526 2755 2707 2810 fetum
2738 2753 3031 2824 dicimus;
3065 2757 3166 2811 sed
3198 2754 3393 2828 potius
3424 2756 3505 2813 ita
3534 2774 3661 2814 cre-

2012 2844 2232 2913 dimus,
2255 2843 2395 2915 quia
2425 2843 2480 2897 id
2515 2843 2670 2915 quod
2702 2841 3047 2915 genuinum,
3070 2860 3272 2900 verum
3302 2850 3359 2901 et
3388 2846 3661 2917 unigeni-

2012 2941 2137 2988 tum
2188 2932 2288 2988 Dei
2332 2936 2441 3001 est,
2488 2933 2919 3003 cognoscimus.
2949 2934 3111 2999 Quod
3148 2949 3282 2990 cum
3330 2933 3439 2990 hoc
3487 2938 3659 2992 modo

2010 3020 2340 3094 expositum
2372 3019 2801 3093 probatumque
2835 3021 3026 3089 fuerit,
3061 3038 3272 3095 nempe
3302 3023 3383 3094 id,
3406 3025 3561 3095 quod
3592 3042 3662 3081 ex

2012 3110 2198 3167 Patris
2230 3114 2437 3165 natura
2485 3115 2575 3165 est
2600 3108 2887 3181 genitum,
2919 3110 3184 3182 ejusdem
3232 3127 3362 3168 esse
3408 3111 3659 3184 Filium;

2011 3199 2232 3255 nemini
2255 3200 2383 3270 jam
2416 3198 2666 3254 dubium
2697 3215 2827 3254 esse
2856 3199 3155 3265 debet,sed
3179 3202 3297 3257 imo
3328 3199 3570 3275 planum
3604 3208 3662 3259 et

227 3290 390 3343 πάντα
421 3289 551 3361 (78)
584 3285 829 3364 φωτίζει,
877 3285 969 3339 καὶ
1021 3283 1461 3342 ἀποκαλύπτεται
1491 3286 1572 3348 οἷς
1606 3286 1693 3341 ἐὰν
1737 3283 1892 3361 θέλῃ.

2014 3289 2407 3361 perspicuum,
2437 3287 2596 3344 hunc
2625 3290 2824 3360 ipsum
2853 3303 2981 3344 esse
3033 3272 3395 3361 Sapientiam
3430 3297 3487 3347 et
3514 3292 3656 3348 Ver-

223 3378 378 3432 τοῦτό
407 3376 564 3431 ἐστιν
618 3374 785 3430 αὐτοῦ
832 3376 1115 3451 χαρακτὴρ
1166 3374 1255 3430 καὶ
1286 3374 1468 3444 εἷ’κὼν,
1501 3374 1553 3430 ἐν
1586 3377 1633 3448 ᾧ
1664 3378 1889 3452 Θεωρεῖ-

222 3486 301 3520 ται
359 3466 455 3521 καὶ
509 3464 864 3540 γινώσκεται,
916 3460 1001 3518 διὸ
1058 3464 1145 3518 καὶ
1190 3464 1350 3525 αὐτὸς
1407 3463 1494 3520 καί
1545 3466 1573 3519 6
1615 3466 1801 3539 Πατὴρ
1830 3462 1885 3519 ἓν

222 3555 336 3609 εἰσι·
388 3555 489 3609 καὶ
543 3555 648 3629 γὰρ
702 3552 731 3607 6
778 3556 968 3607 τοῦτον
1016 3550 1234 3629 βλέπων
1268 3552 1456 3628 βλέπει
1512 3553 1601 3608 καὶ
1657 3554 1749 3609 τὸν
1782 3556 1886 3611 Ila-

223 3644 367 3720 τέρα·
400 3642 579 3698 τοῦτό
611 3640 753 3696 ἐστιν
781 3642 810 3695 6
842 3641 1096 3716 Χριστὸς,
1129 3642 1181 3696 ἐν
1221 3642 1267 3715 ᾧ
1296 3642 1362 3696 τὰ
1390 3641 1561 3697 πάντα
1605 3639 1884 3714 Αελύτρω-

226 3754 328 3802 ται,
377 3733 476 3788 καὶ
532 3729 704 3786 πάλιν
750 3731 851 3799 τὴν
891 3731 1080 3798 καινὴν
1131 3729 1411 3807 εἰργάσατο
1454 3731 1650 3787 κτίσιν.
1693 3735 1799 3785 T06
1830 3728 1887 3785 66

226 3822 345 3876 T106
375 3823 500 3895 (79)
535 3818 704 3874 πάλιν
738 3819 912 3880 οὕτως
946 3814 1114 3881 ὄντος.
1161 3820 1269 3895 οὐχ
1306 3820 1555 3895 ἁρμόζει,
1605 3817 1752 3875 ἀλλὰ
1796 3818 1884 3874 καὶ

230 3910 340 3965 Aiax
397 3905 753 3965 ἐπικίνδυνόν
814 3907 959 3962 ἐστιν
1008 3908 1174 3963 ιῗπεῖν
1225 3913 1415 3963 τοῦτον
1466 3908 1518 3979 ἐξ
1566 3908 1670 3965 οὐκ
1715 3906 1883 3964 ὅντων

230 4000 465 4072 ποίημα,
501 3998 567 4069 ἢ,
601 3997 713 4052 Οὐκ
740 4000 806 4066 ἦν
829 3998 956 4072 πρὶν
986 4002 1235 4072 γεννηθῇ.
1291 3999 1351 4055 Ὀ
1377 3998 1477 4072 γὰρ
1506 3999 1569 4053 τὸ
1602 3996 1737 4053 ξ’διον
1786 4002 1886 4063 τῆς

233 4088 409 4150 οὐσίας
454 4091 564 4142 τοῦ
614 4086 827 4160 Πατρὸς
858 4085 1002 4141 οὕτω
1044 4085 1221 4161 λέγων
1252 4086 1342 4141 καὶ
1374 4086 1448 4148 εἷς
1477 4086 1636 4142 αὐτὸν
1661 4087 1752 4142 τὸν
1787 4093 1890 4141 Πα-

231 4177 349 4251 τέρα
408 4177 610 4255 φθάνει
689 4172 1052 4253 βλασφημῶν,
1099 4176 1166 4230 τὰ
1214 4180 1438 4230 τοιαῦτα
1493 4180 1705 4253 φρονῶν
1764 4175 1888 4252 περὶ

236 4266 409 4337 αὐτοῦ,
445 4265 548 4321 οἶα
574 4263 668 4319 καὶ
697 4264 821 4339 περὶ
851 4268 950 4319 τοῦ
979 4263 1031 4335 ἐξ
1063 4263 1225 4320 αὐτοῦ
1253 4266 1591 4341 γεννήματος
1623 4264 1890 4342 φανταζό-

238 4376 385 4427 μενος
416 4349 846 4426 καταψεύδεται.

1999 3377 2138 3433 bum
2173 3377 2451 3445 Patris,in
2484 3393 2599 3450 quo
2630 3381 2688 3432 et
2718 3394 2821 3449 per
2850 3377 3002 3449 quod
3034 3377 3235 3434 omnia
3264 3385 3425 3435 creat
3454 3385 3511 3437 et
3539 3382 3661 3437 etii-

1998 3466 2097 3520 cit.
2130 3465 2236 3521 Hic
2289 3464 2439 3537 ipse,
2490 3464 2754 3537 inquam,
2785 3465 2916 3535 ejus
2963 3464 3241 3537 splendor
3290 3472 3380 3524 est
3427 3468 3486 3523 in
3541 3485 3656 3541 quo

1996 3554 2196 3610 omnia
2244 3553 2560 3623 illuminat,
2593 3558 2652 3609 et
2697 3553 2914 3626 quibus
2945 3553 3193 3610 voluerit
3241 3572 3304 3612 se
3333 3558 3610 3629 patefacit
3642 3589 3659 3632 ε

1996 3644 2091 3699 hic
2122 3645 2248 3716 ipse
2278 3643 2468 3716 ﬁgura
2498 3659 2563 3698 ac
2593 3642 2787 3714 imago
2817 3643 2948 3714 ejus
2977 3649 3086 3712 est,
3120 3644 3179 3699 in
3211 3661 3326 3717 quo
3361 3646 3658 3718 conspici-

1998 3738 2094 3788 tur
2124 3738 2181 3788 st
2210 3732 2602 3805 cognoscitur,
2637 3748 2813 3804 quam
2848 3733 2919 3789 ob
2952 3749 3193 3789 causam
3224 3738 3282 3790 et
3312 3735 3436 3807 ipse
3464 3740 3521 3791 et
3550 3735 3652 3791 Pa-

1999 3829 2087 3878 ter
2119 3838 2303 3877 unum
2352 3827 2492 3877 sunt
2523 3837 2536 3877 :
2571 3820 2667 3876 hic
2699 3821 2823 3893 ipse
2871 3822 3124 3893 denique
3154 3828 3243 3879 est
3272 3823 3563 3893 Christus,
3598 3825 3657 3881 in

1999 3928 2116 3985 quo
2148 3911 2348 3967 omnia
2378 3911 2683 3981 redempta
2704 3915 2843 3966 sunt
2871 3911 2936 3979 ⁸⁸,
2958 3920 3012 3966 et
3045 3927 3252 3967 novam
3286 3930 3495 3969 rursus
3526 3931 3657 3986 per-

2001 3999 2136 4055 fecit
2162 4003 2511 4056 creaturam.
2557 3998 2702 4054 Cum
2734 3999 2915 4071 igitur
2958 4000 3298 4071 hujusmodi
3331 4002 3411 4058 sit
3452 4002 3657 4071 Filius,

2000 4105 2115 4145 non
2166 4087 2455 4155 convenit,
2487 4088 2607 4143 imo
2650 4086 2815 4143 valde
2865 4088 3262 4160 periculosum
3292 4097 3383 4146 est
3430 4106 3655 4147 asseve-

2001 4193 2128 4233 rare
2159 4194 2290 4233 eum
2321 4193 2389 4232 ex
2416 4176 2598 4232 nihilo
2630 4191 2760 4232 esse
2791 4176 3031 4245 factum,
3064 4177 3152 4233 vel
3185 4195 3300 4233 non
3333 4179 3517 4235 fuisse
3548 4197 3659 4236 an-

1999 4271 2241 4339 tequam
2273 4271 2449 4322 natus
2480 4270 2592 4321 est.
2624 4264 2731 4331 Qui
2780 4263 2936 4320 enim
2970 4265 3051 4322 ita
3080 4266 3152 4322 de
3180 4283 3247 4322 eo
3281 4268 3436 4340 quod
3470 4267 3658 4327 Patris

2001 4360 2223 4411 natura:
2254 4354 2555 4426 proprium
2585 4357 2677 4410 est
2705 4351 2985 4425 loquitur,
3020 4354 3079 4410 in
3108 4354 3308 4427 ipsum
3341 4356 3519 4413 etiam
3549 4361 3658 4414 Pa-

2001 4449 2148 4500 trem
2182 4443 2403 4515 profert
2432 4441 3109 4515 blasphemiam,eadem
3142 4445 3214 4500 de
3244 4444 3344 4501 illo
3376 4446 3662 4517 sentiens,

2001 4550 2130 4605 quas
2163 4532 2233 4587 de
2264 4532 2393 4601 ejus
2428 4532 2543 4587 fetu
2585 4530 2729 4587 false
2759 4532 3251 4588 comminiscitur.

302 4625 383 4681 17.
418 4625 592 4680 "Eat:
628 4620 723 4693 μὲν
772 4618 862 4676 06v
912 4621 1001 4676 καὶ
1050 4624 1210 4677 τοῦτο
1267 4618 1430 4694 μόνον
1459 4621 1639 4676 ἱκανὸν
1669 4621 1892 4695 ἀνατρέ-

2075 4622 2163 4676 17.
2197 4621 2258 4677 Id
2291 4636 2433 4677 sane
2464 4636 2650 4675 unum
2684 4619 2829 4676 satis
2861 4620 3038 4677 fuerit
3067 4622 3138 4677 ad
3168 4622 3447 4680 Arianam
3480 4623 3663 4681 heare-

242 4732 344 4766 πειν
386 4714 494 4781 τὴν
552 4710 838 4786 Ἀρειανὴν
893 4708 1118 4785 α’ίρεσιν⁸
1166 4709 1318 4784 ὅμως
1368 4707 1425 4765 δὲ
1470 4711 1559 4765 καὶ
1611 4709 1670 4766 ἐκ
1696 4710 1893 4766 τούτου

2014 4710 2115 4769 sim
2140 4709 2377 4783 penitus
2398 4709 2767 4766 evertendam
2786 4728 2799 4766 :
2822 4713 3225 4768 verumtamen
3248 4727 3427 4785 quam
3449 4729 3484 4769 a
3506 4717 3666 4770 recta

246 4798 295 4853 ἄν
320 4822 400 4864 τις
425 4798 556 4855 ἴδοι
608 4799 676 4853 τὸ
721 4796 1021 4870 ἀλλόδοξον
1066 4798 1253 4869 αὐτῆς.
1303 4798 1364 4857 Εἰ
1395 4802 1634 4871 ποιητὴς
1664 4800 1753 4855 καὶ
1783 4800 1895 4855 κτί-

314 4946 403 5001 ⁸⁸Ι
437 4947 601 5002 Petr.
638 4958 680 5010 l,
710 4945 765 4999 4.
841 4945 886 4979 ⁸⁵
914 4948 937 4999 Ι
967 4948 1092 5002 Cor.
1128 4962 1215 5015 ιιι,
1249 4945 1336 5001 16.
1412 4945 1457 4982 ⁸⁸
1487 4946 1536 5001 ΙΙ
1566 4947 1694 5002 Cor.
1726 4963 1780 5016 v,
1816 4947 1902 5001 17.

326 5091 414 5160 72)
448 5089 558 5144 Sic
588 5092 856 5159 Seguer.,
887 5087 988 5161 alii
1018 5104 1168 5154 vero,
1198 5086 1262 5161 τὸ
1294 5084 1352 5141 δὲ
1382 5091 1556 5161 γεννᾷ.

326 5162 411 5231 73)
440 5162 545 5215 Sic
575 5161 815 5230 Seguer.
849 5159 1079 5231 Gobler.
1114 5168 1171 5215 et
1202 5160 1351 5215 Felc.
1397 5159 1458 5226 ’1,
1496 5166 1673 5231 atque
1700 5159 1784 5216 ita
1816 5159 1898 5216 le-

281 5230 648 5306 it_l_€annius_.
673 5231 885 5306 _Edi_ti,_
902 5230 1111 5306 [ἰατρὸς
1142 5230 1637 5306 γεν-ομὲνηνᾈᾈᾷῥι
1655 5232 1895 5306 Seguer.

249 5246 321 5357 Et;
348 5246 648 5287 mannlus.
694 5246 867 5297 nam,
902 5246 1111 5305 Πατρος
1142 5246 1465 5306 γενομενην.
1507 5246 1637 5287 mox
1655 5246 1895 5304 seguer.

324 5302 468 5378 δίδη.
504 5307 566 5358 et
595 5302 749 5358 Felc.
784 5304 836 5371 1,
867 5300 928 5357 ἐκ
954 5301 1151 5358 τούτου
1181 5301 1407 5378 γίνεται.
1453 5302 1624 5373 Editi,
1659 5300 1718 5357 ἐκ
1768 5300 1899 5356 τού-

252 5391 335 5426 του
364 5371 668 5429 δείκνυται.

310 5447 419 5571 [lg
450 5447 727 5531 §eguer.,
761 5443 965 5510 Basil.,
995 5444 1243 5529 apglicﬂ
1277 5443 1508 5529 quler.
1543 5448 1602 5499 et
1624 5443 1815 5500 Felck.
1846 5443 1897 5515 Ι,

310 5538 333 5568 υ
424 5539 493 5571 ου
535 5515 878 5571 μετέγοντες.
911 5516 1082 5571 Edltl.
1112 5535 1212 5570 του
1244 5516 1372 5569 Υἳου
1408 5513 1755 5571 μετέγοντος.

253 5513 333 5568 :06
361 5513 493 5571 Γίθῦ
535 5513 878 5590 μετέχοντες.
897 5513 1212 5590 _Editi,'_to6
1244 5516 1372 5590 F106
1407 5513 1755 5590 μετέχοντος.

2003 4801 2119 4856 fide
2165 4799 2359 4856 aliena
2408 4797 2511 4856 illa
2540 4799 2641 4869 sit,
2671 4798 2807 4857 licet
2853 4800 3029 4857 etiam
3079 4817 3147 4857 ex
3196 4801 3306 4857 hoc
3358 4802 3664 4859 ratiocinio

2010 5093 2068 5143 et
2092 5087 2248 5159 Felc.
2284 5088 2333 5150 1,
2365 5085 2557 5159 Ἡμεῖς
2582 5082 2686 5159 γὰρ
2716 5083 2837 5138 votui
2869 5084 3025 5158 ἐσμεν
3055 5088 3189 5141 Θεοῦ
3222 5091 3445 5156 ζῶντος.
3480 5088 3659 5159 Editi,

2010 5157 2106 5212 Καὶ
2138 5159 2300 5230 ἡμεῖς
2332 5154 2452 5210 ναοί
2483 5154 2666 5229 ἔσμεν,
2699 5162 2809 5230 etc.

2080 5228 2192 5301 (76)
2223 5228 2864 5301 S_ic_Seguer.7Gobler.,
2894 5234 2951 5301 et
2971 5228 3162 5285 Felck.
3198 5232 3246 5286 1.
3281 5230 3431 5287 Editi
3462 5237 3660 5289 autem

2007 5306 2064 5358 et
2088 5296 2214 5375 alii,
2248 5296 2517 5354 δεδώκατε
2541 5300 2642 5375 γαρ
2672 5300 2762 5375 καί
2793 5296 3213 5375 ὡμολογήκατε.

2083 5374 2194 5444 (77)
2223 5378 2454 5444 Seguer.
2491 5370 2708 5444 et'R'eg.
2743 5370 2803 5426 ἐκ
2827 5370 2925 5425 τοῦ
2952 5370 3114 5429 Θεοῦ.

2081 5443 2194 5517 (78)
2227 5443 2317 5517 Sic
2374 5446 2612 5517 Sieguer.
2662 5443 2729 5499 et
2785 5445 3059 5517 ᾖδε-,Δὶ
3106 5445 3271 5517 editi,
3320 5443 3443 5517 ἐνῷ
3474 5445 3666 5517 πάντα.

2012 5519 2137 5591 M0;
2168 5513 2369 5591 Basil.,_
2400 5513 2538 5591 Reg.
2559 5518 2631 5591 et
2659 5513 2906 5588 Anglici,
2938 5513 3024 5570 ἐὰν
3074 5514 3225 5590 Θέλῃ.
3257 5513 3545 5591 Βρειίθιιη
3578 5516 3666 5573 ἰὰν

262 5550 333 5568 υυυ
367 5550 493 5571 uua
536 5550 878 5590 {LaboLVH-Gso
913 5550 1082 5589 ωυιω,
1122 5550 1212 5570 ιυυ
1249 5550 1372 5569 ιιυυ
1407 5550 1755 5590 μιιῡιυνιυεη

264 5662 273 5663 7
314 5590 424 5663 (75)
453 5588 697 5663 Gobler.
730 5598 787 5644 et
819 5587 968 5663 F610.
996 5590 1057 5663 _i,
1086 5586 1161 5649 ὡς
1315 5585 1530 5649 Ηαῦλός
1563 5606 1747 5663 φησιν.
1771 5586 1901 5644 Mox

2014 5550 2538 5663 iiii,ﬁ’“§'&ii%,‘23§'
2554 5550 2719 5663 διιεῖ

256 5656 485 5733 βεςυὼκ
516 5677 533 5718 :
564 5660 757 5733 Ἡμεῖς
788 5656 893 5733 γαρ
925 5658 1050 5719 ναὸς
1081 5662 1214 5713 Θεοῦ
1261 5657 1419 5733 ᾖσμεν
1466 5656 1699 5733 ζῶντος,
1738 5664 1808 5733 οι
1847 5664 1906 5715 et

257 5713 678 5809 hﬁntialiqdi
705 5713 940 5791 abdices
973 5713 1114 5790 mss.
1137 5730 1282 5789 Novi
1304 5713 1900 5790 Testa‘mentliiobler.

2230 5640 2459 5732 Reg.'et
2488 5657 2677 5715 Felck.
2710 5640 2764 5733 δ,
2791 5661 2888 5714 τοῦ
2915 5678 2975 5714 τε
3003 5657 3151 5719 Υὶοῦ.
