4090 6346
441 375 520 434 43
669 431 674 440 ,
981 378 1046 438 S.
1093 379 1517 442 ATHANASll
1563 381 1736 444 OPP.
1781 381 1981 442 PARS
2027 376 2076 440 Ι.
2111 413 2187 422 -
2218 373 2632 441 HISTORlCA
2675 379 2776 440 ET
2821 373 3300 441 DOGMATIGA.
3767 383 3846 442 44

518 506 606 564 15.
639 505 802 572 Quod
851 506 904 563 si
951 507 1080 564 Filii
1108 526 1322 567 nomen
1369 517 1426 569 et
1471 512 1583 584 ipsi
1631 514 1972 582 admittunt,
2017 529 2084 567 ne

2273 512 2358 566 15.
2393 509 2456 564 Ei
2503 506 2560 564 δὲ
2610 509 2699 564 καὶ
2748 508 2810 564 τὸ
2850 503 3022 581 ὄνομα
3050 513 3146 564 τοῦ
3179 508 3304 564 Υἱοῦ
3335 509 3497 566 πάλιν
3532 512 3844 586 συνομολο-

443 594 634 668 palam
665 596 738 652 ab
767 596 1044 654 omnibus
1074 601 1562 670 condemnentur,
1593 603 1695 658 sed
1723 607 1915 659 tamen
1955 617 2090 656 eum

440 684 740 757 proprium
793 692 1012 743 naturae
1058 687 1247 744 Patris
1306 691 1488 747 fetum
1547 709 1678 749 esse
1727 691 2089 774 inﬁciantur’

441 776 609 848 quasi
643 775 792 832 881
848 775 1069 834 scilicet
1097 783 1275 851 atque
1323 781 1579 852 partium
1625 787 1684 838 et
1729 781 2088 837 divisionum

439 864 772 938 suspicione
817 865 872 920 id
911 866 1035 923 ﬁeri
1085 883 1204 922 non
1253 875 1462 941 queat;
1495 887 1637 926 sane
1685 886 1820 926 eum
1875 873 2090 941 negant

441 953 850 1023 nihilominus,
873 955 1090 1028 quippe
1121 957 1222 1028 qui
1255 957 1424 1014 illum
1458 975 1572 1015 non
1604 960 1932 1030 verum,sed
1962 957 2088 1014 solo

441 1043 680 1099 nomine
729 1043 942 1099 Filium
991 1061 1120 1101 esse
1168 1045 1366 1102 velint.
1399 1047 1682 1104 Caeterum
1733 1065 1926 1104 annon
1955 1065 2087 1120 gra-

438 1133 586 1188 viter
632 1137 849 1204 errant,
881 1133 981 1205 qui
1013 1135 1217 1190 eodem
1249 1136 1421 1192 modo
1469 1137 1540 1194 de
1572 1153 1630 1193 re
1661 1153 1777 1192 non
1811 1153 2088 1208 corporea

437 1237 504 1278 ac
533 1222 604 1277 de
647 1237 925 1294 corporea
976 1223 1420 1294 ratiocinantur,
1451 1227 1669 1298 quippe
1717 1226 1792 1282 ob
1839 1225 2086 1298 propria“:

437 1314 662 1366 natura;
692 1309 1173 1380 imbecillitatem,
1207 1315 1361 1385 quod
1395 1315 1696 1387 proprium
1727 1319 1784 1371 et
1823 1315 2088 1370 naturale

437 1402 528 1456 est
548 1399 738 1456 Patris
759 1416 873 1456 non
896 1407 1170 1458 verentur
1199 1418 1411 1475 negare
1429 1404 1458 1458 ?
1482 1403 1740 1461 Profecto
1788 1403 1837 1460 si
1864 1403 1945 1458 ita
1975 1407 2084 1470 est,

438 1493 708 1560 superest
735 1493 802 1546 ut
831 1506 965 1545 cum
1016 1490 1257 1548 minime
1302 1491 1631 1565 intelligant
1676 1492 1967 1566 quomodo
2012 1493 2090 1549 sit

437 1581 591 1634 Deus
621 1577 708 1634 vel
756 1577 951 1650 qualis
981 1579 1058 1636 sit
1100 1580 1287 1647 Pater,
1319 1583 1590 1638 eumdem
1643 1598 1873 1654 quoque
1917 1580 2088 1654 plane

437 1671 673 1740 negent,
725 1669 1202 1742 quandoquidem
1253 1671 1436 1728 letum
1487 1671 1676 1727 Patris
1727 1671 1964 1728 nonnisi
2019 1686 2088 1726 ex

436 1756 648 1829 seipsis
677 1756 872 1813 insani
919 1759 1264 1815 metiuntur.
1297 1759 1515 1833 verum
1545 1759 1678 1816 illos
1708 1760 1790 1817 ita
1827 1759 2084 1829 affectos,

438 1844 924 1947 arbitrantes-que.
943 1863 1072 1904 esse
1093 1865 1206 1905 non
1233 1865 1404 1922 posse
1428 1850 1525 1906 Dei
1549 1849 1784 1916 Filium,
1817 1848 2085 1906 miserari
2113 1881 2164 1947 B

439 1951 673 2008 aaquum
697 1934 844 1992 mihi
871 1935 1103 1993 videtur
1125 1955 1138 1992 :
1163 1937 1320 1996 haud
1341 1944 1537 1995 tamen
1563 1940 1635 1994 ab
1661 1957 1720 1995 re
1747 1938 1920 1996 fuerit
1952 1938 2087 1996 illos

435 2023 795 2096 interrogare
817 2028 874 2081 et
909 2025 1270 2094 convincere,
1303 2027 1353 2082 si
1380 2027 1526 2086 forte
1564 2026 1650 2083 vel
1674 2027 1782 2084 hoc
1813 2033 1980 2098 pecto
2011 2028 2085 2084 ad

442 2129 685 2168 sensum
714 2117 772 2170 et
801 2114 1083 2171 rationem
1113 2120 1332 2188 queant
1361 2117 1634 2172 revocari.
1668 2117 1726 2172 Si
1758 2116 2086 2172 secundum

439 2217 542 2258 vos
572 2201 754 2258 Filius
797 2207 888 2258 est
915 2219 984 2258 ex
1015 2203 1217 2273 nihilo,
1249 2221 1354 2261 nec
1406 2205 1518 2261 fuit
1543 2208 1860 2277 antequam
1910 2209 2086 2261 natus

439 2293 548 2358 est,
583 2307 826 2363 prorsus
854 2292 1122 2363 sequitur
1153 2299 1216 2348 ut
1245 2293 1367 2364 ipse
1397 2311 1630 2366 quoque
1666 2293 1900 2350 nonnisi
1951 2311 2086 2366 par-

437 2377 778 2452 ticipatione
807 2380 1009 2452 Filius,
1035 2387 1184 2438 Deus
1213 2386 1272 2438 et
1301 2382 1600 2456 Sapientia
1629 2382 1708 2438 sit
1739 2381 2083 2456 appellatus.

435 2467 583 2524 Nam
613 2468 695 2524 ita
721 2468 896 2524 etiam
930 2485 1023 2526 res
1044 2469 1169 2526 alia
1199 2487 1405 2528 omnes
1437 2476 1579 2528 sunt
1595 2472 2085 2544 constitutisque:

433 2561 492 2610 et
519 2555 893 2613 sanctificata
912 2556 1332 2627 gloriﬁcantur.
1365 2561 1546 2631 Cujus
1566 2577 1704 2633 ergo
1722 2560 1820 2618 ille
1850 2560 1927 2616 sit
1957 2577 2086 2632 par-

432 2643 640 2717 ticeps,
672 2662 774 2702 vos
821 2646 1013 2703 dicere
1046 2664 1280 2704 necesse
1323 2653 1562 2706 omnino
1609 2654 1718 2705 est.
1769 2650 1878 2706 Res
1925 2653 2084 2706 enim

435 2733 562 2788 alia:
591 2750 798 2790 omnes
829 2735 1084 2808 Spiritus
1114 2742 1255 2794 sunt
1286 2737 1630 2812 participes:
1665 2739 1860 2812 ipsum
1883 2743 2084 2795 autem

435 2823 747 2894 cujusnam
780 2823 860 2880 rei
911 2825 1252 2898 participem
1283 2826 1488 2882 dicetis
1509 2828 1537 2882 ?
1567 2827 1819 2900 Spiritus
1846 2831 1868 2883 Ρ
1906 2829 2087 2900 Atqui

437 2911 562 2983 ipse
588 2912 897 2985 Spiritusa
937 2913 1081 2970 Filio
1127 2914 1320 2986 potius
1350 2916 1580 2990 accipit,
1617 2921 1680 2972 ut
1715 2916 1868 2973 idem
1903 2915 2086 2973 Filius

435 3004 687 3057 testatur
715 3002 780 3070 ⁸³,
813 3003 1255 3076 absurdumque
1303 3006 1463 3061 dictu
1515 3011 1606 3062 est
1660 3006 1818 3062 hunc
1865 3007 1937 3061 ab
1986 3006 2085 3062 illo

439 3089 818 3148 sanctiﬁcari.
888 3091 1070 3164 Igitur
1101 3093 1288 3148 Patris
1333 3095 1398 3148 fit
1452 3095 1784 3167 particeps:
1819 3095 1876 3150 id
1928 3095 2085 3152 enim

437 3183 726 3251 superest,
760 3185 817 3236 et
868 3181 1197 3238 necessario
1240 3182 1574 3239 dicendum.
1619 3185 1728 3240 Sed
1779 3183 1920 3256 quid
1953 3190 2082 3240 tan-

2200 603 2375 674 γοῦσι,
2417 595 2506 653 διὰ
2549 599 2612 653 τὸ
2663 599 2740 671 μὴ
2795 597 3083 674 βούλεσθαι
3134 604 3376 676 φανερῶς
3430 601 3576 676 παρᾶ
3631 604 3841 659 πάντων

2199 688 2716 762 καταγινώσκεσθαι,
2743 688 2804 743 τὸ
2839 684 2896 742 δὲ
2927 687 3058 742 εἶναι
3101 693 3292 744 τοῦτον
3345 697 3443 760 τῆς
3499 689 3690 755 οὐσίας
3741 698 3844 748 τοῦ

2199 777 2407 852 Πατρὸς
2459 774 2595 831 ἴδιον
2653 778 2894 853 γέννημα
2941 778 3244 852 ἀρνοῦνται,
3273 779 3347 841 ὡς
3400 780 3476 852 μή
3525 784 3640 856 (64)
3685 780 3816 838 δυνα

2203 868 2366 939 μένου
2396 865 2590 920 τούτου
2625 867 2753 921 εἶναι
2785 867 2960 942 χωρὶς
2999 869 3096 936 τῆς
3147 866 3206 922 ἐκ
3266 873 3445 945 μερῶν
3501 870 3593 926 καὶ
3652 871 3846 944 διαιρέ-

2198 976 2331 1010 σεων
2362 954 2630 1017 έπονοίας·
2663 951 2818 1010 οὐδὲν
2847 958 3010 1024 ἧττον
3041 955 3205 1012 πάλιν
3245 956 3531 1033 ἀρνοῦνται
3579 961 3656 1032 μὴ
3709 961 3841 1015 εἶναι

2198 1044 2294 1116 μέν
2322 1043 2582 1115 ἀληθινὸν
2617 1044 2766 1111 Υἱὸν,
2797 1044 3023 1117 ὀνόματι
3073 1042 3130 1100 δέ
3179 1045 3343 1119 μόνον
3396 1044 3648 1122 λέγοντες
3695 1049 3840 1110 Υἱόν.

2197 1138 2320 1194 Πῶς
2350 1130 2408 1187 δὲ
2445 1131 2508 1187 οὐ
2539 1131 2872 1210 σφάλλονται
2920 1131 3174 1208 μεγάλως
3218 1135 3343 1208 περὶ
3399 1141 3496 1190 τοῦ
3554 1136 3844 1210 ἀσώμάτου

2193 1221 2260 1276 τὰ
2317 1223 2583 1294 σωμάτων
2640 1220 3054 1295 ἐνθυμούμενοι,
3111 1221 3200 1277 καὶ
3256 1220 3345 1278 διὰ
3413 1231 3511 1294 τήν
3570 1225 3841 1290 ἀσθένειαν

2192 1317 2294 1380 τῆς
2327 1307 2464 1372 ἰδίας
2494 1311 2703 1388 φύσεως
2734 1309 3059 1385 ἀρνούμενοι
3090 1311 3154 1366 τὸ
3202 1313 3355 1390 φύσει
3413 1313 3501 1368 καὶ
3562 1311 3697 1369 ἴδιον

2193 1403 2290 1453 τοῦ
2321 1398 2729 1476 ΙΙατρός;’Ώρα
2759 1399 2863 1476 γὰρ
2895 1398 3090 1462 αὐτοὺς
3139 1402 3216 1474 μή
3266 1405 3524 1466 νοοῦντας
3579 1403 3669 1458 καὶ
3724 1408 3843 1466 πῶς

2195 1485 2332 1543 ἐστιν
2389 1488 2417 1542 6
2463 1487 2615 1556 Θεὸς,
2647 1489 2681 1556 ἢ
2731 1487 2974 1550 ποταπός
3021 1487 3159 1543 έστιν
3219 1490 3248 1544 6
3304 1491 3512 1567 Πατὴρ,
3571 1491 3844 1568 ἀρνεῖσθαι

2194 1577 2284 1632 καὶ
2341 1576 2523 1650 αὐτὸν,
2556 1575 2670 1632 ἐπεὶ
2702 1578 2790 1632 καὶ
2842 1577 2904 1632 τὸ
2949 1576 3189 1654 γέννημα
3228 1583 3324 1634 τοῦ
3372 1581 3580 1656 Πατρὸς
3631 1580 3682 1652 έξ
3731 1581 3848 1636 έαυ-

2192 1669 2299 1721 τῶν
2333 1670 2617 1740 μετροῦσιν
2650 1666 2701 1720 οἱ
2733 1664 2981 1744 ἄφρονες.
3016 1666 3172 1723 Ἀλλ’
3203 1666 3375 1729 οὕτως
3402 1667 3599 1731 αὐτοὺς
3647 1665 3844 1724 διακειο

2197 1755 2413 1829 μένους.
2445 1755 2534 1810 καὶ
2591 1755 2912 1828 νομίζοντας
2965 1756 3040 1828 μή
3090 1753 3342 1811 δύνασθαι
3394 1758 3528 1813 εἶναι
3578 1757 3698 1813 Υἱὸν
3747 1763 3844 1814 τοῦ

2195 1849 2328 1900 Θεοῦ
2376 1847 2509 1918 (66),
2545 1844 2824 1918 οἰκτείρειν
2880 1846 2974 1918 μὲν
3025 1845 3204 1916 ἄξιον
3256 1845 3456 1922 ἐρωτᾷν
3516 1844 3573 1902 δὲ
3623 1847 3712 1903 καὶ
3761 1845 3843 1903 δι-

2195 1932 2445 2008 ελέγχειν
2476 1932 2670 1996 αὐτοὺς
2703 1933 3002 1998 ἀκόλουθόν
3051 1933 3184 2003 ἐστι,
3215 1934 3357 2012 τάχα
3398 1935 3494 1990 κᾶν
3543 1935 3717 2001 οὕτως
3765 1936 3840 2000 εἷς

2193 2021 2439 2092 αἶ’σθησιν
2468 2019 2718 2079 ἔλθωσιν.
2741 2023 2804 2080 Ei
2835 2024 2950 2078 καθ’
2983 2024 3122 2097 ὑμᾶς
3153 2022 3206 2094 ἐξ
3237 2024 3335 2080 οὐκ
3365 2021 3534 2080 ὄντων
3567 2024 3708 2081 ἐστὶν
3727 2029 3840 2100 (67)

2194 2113 2396 2180 ὁΥἱὸς,
2426 2111 2516 2166 καὶ
2565 2111 2664 2166 οὐκ
2708 2114 2772 2181 ἦν
2832 2115 2957 2187 πρὶν
2986 2115 3240 2188 γεννηθῇ,
3271 2115 3486 2177 πάντως
3544 2136 3650 2170 που
3705 2115 3842 2171 κατὰ

2199 2202 2483 2275 μετουσίαν
2511 2201 2600 2256 καὶ
2627 2200 2786 2264 αὐτὸς
2818 2201 2964 2270 Υἱὸς,
2998 2202 3087 2258 καὶ
3120 2203 3274 2272 Θεὸς,
3303 2203 3394 2258 καὶ
3444 2203 3619 2281 Σοφία
3671 2203 3836 2276 ἐκλή-

2195 2295 2283 2364 Θη·
2319 2293 2463 2348 οὕτω
2509 2295 2614 2368 γὰρ
2660 2292 2755 2349 καὶ
2794 2295 2862 2348 τὰ
2909 2292 3055 2350 ἄλλα
3089 2293 3264 2350 πάντα
3292 2295 3581 2366 συνέστηκέ
3634 2318 3695 2352 τε
3749 2296 3838 2353 καὶ

2195 2381 2524 2457 ἀγιαζόμενα
2580 2378 2884 2452 δοξάζεται.
2951 2380 3106 2444 Τίνος
3174 2381 3353 2438 τοίνυν
3407 2381 3517 2438 ἐστὶ
3575 2383 3839 2460 μέτοχος,

2196 2471 2364 2526 εἰπείν
2421 2471 2558 2543 ὑμᾶς
2617 2469 2846 2544 ἀνάγκη.
2877 2471 2952 2524 Τὰ
3011 2470 3106 2543 μὶν
3165 2471 3269 2546 γὰρ
3327 2470 3472 2527 ἄλλα
3516 2471 3689 2528 πάντα
3745 2477 3841 2527 τοῦ

2198 2559 2505 2632 Πνεύματος
2567 2559 2805 2634 μετέχει,
2861 2557 3024 2621 αὐτὸς
3083 2556 3142 2614 δὲ
3199 2556 3301 2635 ἄρα
3348 2561 3466 2624 vae’
3499 2561 3637 2634 ὑμὰς
3697 2561 3842 2623 τίνος

2197 2649 2254 2704 ἂν
2307 2648 2391 2718 εἴη
2443 2648 2714 2723 μέτοχος;
2745 2651 2849 2702 Τοῦ
2899 2649 3248 2722 Ιῐνεύματοςς
3283 2649 3380 2704 Καὶ
3443 2651 3550 2724 μὴν
3607 2648 3737 2706 αὐτὸ
3781 2650 3844 2706 τὸ

2194 2742 2416 2811 Πνεῦμα
2465 2733 2678 2810 μᾶλλον
2728 2737 2874 2811 παρὰ
2909 2741 3006 2791 τοῦ
3055 2737 3183 2792 Υἱοῦ
3233 2732 3524 2811 λαμϐάνει,
3557 2737 3632 2801 ὡς
3687 2737 3845 2802 αὐτὸς

2196 2825 2402 2901 εἷ’ρηκε,
2453 2825 2540 2880 καὶ
2605 2823 2802 2902 ἄλογόν
2861 2824 3002 2880 ἔστιν
3062 2825 3229 2881 εἰπεῖν
3285 2831 3474 2882 τοῦτον
3537 2826 3844 2904 ἀγιάζεσθαι

2195 2918 2320 2992 παρ’
2352 2913 2577 2970 ἐκείνου.
2611 2912 2816 2971 Οὐκοῦν
2853 2918 2952 2968 τοῦ
2993 2916 3202 2990 Πατρὸς
3237 2917 3476 2991 μετέχεν
3529 2913 3690 2971 τοῦτο
3739 2917 3842 2991 γὰρ

2195 3004 2460 3075 λείπεται,
2493 3003 2582 3058 καὶ
2614 3002 2818 3078 ἀνάγκη
2853 3001 3050 3078 λέγειν.
3082 3003 3180 3058 Καὶ
3211 3002 3263 3057 τί
3292 3008 3454 3059 τοῦτο
3513 3002 3616 3080 ἄρα
3661 3006 3694 3074 ἢ
3743 3006 3842 3060 πό-

2197 3107 2281 3160 θεν
2320 3092 2462 3149 έστίν
2490 3119 2504 3160 ;
2536 3091 2580 3147 ei
2637 3092 2730 3165 μὲν
2781 3091 2872 3146 οὗν
2921 3090 3109 3164 ἔξωθέν
3158 3091 3298 3148 ἐστιν
3355 3092 3638 3164 έπινοηθὶν
3696 3094 3841 3170 παρά

2193 3187 2290 3238 τοῦ
2331 3182 2558 3256 Πατρὸς,
2593 3179 2770 3235 οὐκέτι
2819 3179 2981 3236 πάλιν
3031 3185 3128 3236 τοῦ
3177 3181 3386 3258 Πατρὸς
3450 3181 3696 3259 μετέχων
3727 3186 3840 3257 (68)

435 3249 591 3337 dem,
643 3271 729 3328 vel
782 3273 938 3328 unde
984 3272 1128 3329 illud
1177 3273 1310 3330 est?
1339 3275 1398 3330 Si
1447 3275 1671 3348 aliquid
1719 3249 2084 3332 extrinsecus

2197 3271 2256 3327 ἂν
2291 3268 2398 3341 εἶή,
2429 3269 2574 3325 ἀλλὰ
2600 3273 2697 3324 τοῦ
2729 3267 2918 3340 ἔξωθεν
2950 3268 3268 3345 γενομένου,
3297 3271 3387 3326 καὶ
3441 3271 3621 3327 οὐκέτι
3682 3271 3840 3335 αὐτὸς

431 3361 825 3433 excogitatum
855 3377 890 3417 a
919 3361 1107 3433 Patre,
1141 3379 1253 3418 non
1269 3363 1396 3434 jam
1419 3365 1610 3420 Patris
1632 3363 1742 3420 erit
1770 3365 2082 3437 particeps.

433 3449 536 3504 sed
567 3449 696 3522 ejus
727 3450 883 3522 quod
915 3451 1279 3508 extrinsecus
1309 3457 1418 3521 est,
1453 3468 1560 3508 nec
1591 3453 1835 3526 proinde
1873 3470 2081 3510 secun-

431 3535 573 3592 dum
605 3542 739 3610 post
769 3538 997 3595 Patrem
1027 3538 1222 3596 locum
1255 3539 1562 3610 obtinebit,
1595 3558 1728 3598 cum
1761 3558 1880 3598 rem
1920 3541 2084 3598 illam

433 3629 568 3683 ante
599 3641 662 3683 se
693 3626 904 3684 habeat
937 3645 949 3685 :
985 3645 1090 3686 nec
1121 3628 1262 3685 item
1295 3630 1488 3686 Patris
1517 3630 1628 3686 erit
1675 3630 1959 3687 dicendus
1991 3631 2085 3686 Fi-

426 3711 569 3786 lius,
601 3715 701 3771 sed
736 3714 917 3782 illius,
951 3717 1124 3788 cujus
1157 3718 1346 3774 factus
1379 3718 1692 3791 particeps,
1737 3723 1795 3774 et
1827 3719 2007 3775 Filius
2028 3723 2086 3775 et

432 3805 588 3861 Deus
618 3808 708 3862 est
751 3812 1145 3878 nuncupatus.
1179 3808 1340 3873 Quod
1375 3807 1608 3878 quidem
1639 3807 1717 3862 sit
1758 3809 2084 3864 absurdum

431 3897 490 3950 et
520 3893 768 3966 impium
800 3895 1008 3951 merito
1035 3895 1464 3963 videatur,cum
1499 3897 1655 3952 dicat
1686 3898 1982 3960 Pater.Hic
2008 3905 2088 3954 est

2195 3357 2321 3416 οὐδὲ
2350 3357 2597 3434 δεύτερος
2631 3356 2776 3412 ἔσται
2811 3358 2945 3430 μετᾶ
2985 3359 3076 3412 τὸν
3127 3358 3338 3435 Πατέρα
3369 3362 3502 3434 (69),
3535 3357 3678 3436 ἔχων
3735 3361 3841 3437 πρὸ

2195 3449 2387 3504 ἑαυτοῦ
2417 3446 2609 3502 έκεῖνο·
2643 3443 2768 3501 οὐδὶ
2797 3449 2892 3500 τοῦ
2925 3447 3133 3518 Πατρὸς
3165 3448 3288 3510 Υἱὸς
3337 3447 3396 3502 ἂν
3433 3446 3682 3525 λεχθείη,
3715 3448 3842 3505 ἀλλ’

2194 3537 2423 3609 ἐκείνου,
2455 3537 2517 3592 οὗ
2547 3535 2636 3591 καὶ
2672 3536 2918 3612 μετέχων
2951 3536 3075 3598 Υἱὸς
3105 3536 3194 3590 καὶ
3239 3536 3371 3599 Θεὸς
3418 3536 3651 3609 ἐκλήθη’
3689 3539 3736 3594 εἷ
3785 3535 3843 3593 δὲ

2193 3630 2354 3681 τοῦτο
2384 3624 2589 3680 ἄτοπον
2617 3625 2706 3679 καὶ
2739 3618 2947 3696 ἀσεϐὲς,
2983 3623 3247 3700 λέγοντος
3307 3625 3402 3698 μὶν
3451 3631 3549 3682 τοῦ
3609 3627 3840 3704 Πατρὸς,

2194 3710 2366 3777 Οὗτός
2410 3714 2548 3769 ἐστιν
2607 3715 2636 3768 6
2693 3713 2815 3776 Υἱός
2877 3733 2982 3786 μου
3041 3713 3070 3768 6
3117 3713 3415 3788 ἀγαπητὸς,
3464 3713 3723 3790 λέγοντος
3784 3712 3842 3772 δὲ

2192 3803 2281 3859 καὶ
2338 3807 2436 3858 τοῦ
2493 3803 2642 3872 Υἱοῦ,
2675 3799 2885 3876 Πατέρα
2936 3798 3072 3856 ἴδιον
3117 3802 3255 3856 εἶναι
3308 3803 3400 3857 τὸν
3459 3803 3609 3858 Θεόν·
3645 3801 3838 3873 δῆλον,

2193 3893 2276 3949 ὅτι
2308 3895 2420 3966 (70)
2453 3891 2554 3946 οὐκ
2581 3889 2792 3960 ἔξωθεν,
2827 3889 2952 3945 ἀλλ’
2998 3889 3057 3944 ἐκ
3098 3897 3198 3960 τῆς
3245 3891 3428 3954 οὐσίας
3475 3897 3573 3947 τοῦ
3632 3893 3840 3966 Πατρός

435 3984 606 4040 Filius
657 3999 810 4040 meus
864 3983 1096 4040 dilectus
1125 3985 1190 4055 ⁵³,
1245 3985 1488 4058 ipseque
1542 3986 1724 4042 Filius
1779 3987 2082 4060 proprium

2195 3983 2302 4039 ἐστι
2345 3982 2407 4037 τὸ
2443 3976 2831 4056 μετεχόμενον.
2863 3981 3038 4036 Τοῦτο
3084 3976 3143 4034 δέ
3198 3979 3362 4036 πάλιν
3421 3979 3508 4036 ἐὰν
3567 3979 3746 4058 ἕτερον
3800 3981 3838 4058 ᾖ

431 4089 607 4131 suum
640 4073 868 4131 Patrem
919 4073 1103 4130 Deum
1135 4091 1264 4131 esse
1311 4075 1563 4131 afﬁrmet
1594 4091 1607 4130 :
1645 4075 1832 4148 liquet
1882 4077 2084 4148 utique

2195 4072 2337 4148 παρὰ
2364 4071 2461 4140 τὴν
2495 4068 2677 4125 οὐσίαν
2704 4073 2801 4124 τοῦ
2831 4070 2982 4138 Υῖοῦ,
3013 4069 3075 4124 τὸ
3105 4067 3218 4125 ἴσον
3271 4068 3470 4126 ἄτοπον
3519 4072 3838 4142 ἀπαντήσει,

431 4163 580 4219 nihil
612 4164 996 4232 extrinsecus,
1029 4164 1132 4220 sed
1161 4181 1231 4220 ex
1270 4164 1601 4220 substantia
1645 4166 1834 4220 Patris
1865 4182 1993 4221 esse
2025 4166 2082 4220 id

2197 4162 2363 4235 μέσου
2392 4158 2556 4216 πάλιν
2586 4157 2968 4232 εὑρισκομένου
2998 4157 3195 4214 τούτου
3225 4161 3338 4233 (71)
3371 4159 3430 4214 ἐκ
3472 4163 3571 4216 τοῦ
3633 4161 3838 4237 Πατρὸς

430 4253 602 4324 cujus
632 4253 698 4307 ﬁt
726 4252 1038 4324 particeps.
1072 4252 1132 4309 Si
1163 4269 1332 4325 porro
1364 4253 1521 4309 istud
1545 4254 1718 4309 fuerit
1752 4253 1909 4310 aliud
1942 4271 2084 4324 prae-

2195 4251 2282 4306 καὶ
2311 4257 2410 4319 τῆς
2439 4247 2622 4310 οὐσίας
2653 4251 2750 4302 τοῦ
2782 4247 2932 4319 Υἱοῦ,
2961 4247 3086 4316 ἥτις
3115 4248 3248 4303 ποτέ
3279 4247 3441 4306 ἐστιν.

427 4344 518 4397 ter
549 4339 676 4396 Filii
709 4345 1004 4412 naturam,
1039 4357 1201 4412 aeque
1233 4341 1558 4398 absurdum
1587 4341 1716 4409 erit,
1749 4359 1882 4398 cum
1911 4342 2020 4399 hoc
2049 4343 2204 4398 idem
2256 4340 2513 4398 medium
2545 4338 2684 4410 quid
2736 4339 3059 4410 reperiatur
3085 4353 3217 4396 esse
3244 4355 3314 4396 ex
3361 4339 3529 4397 Patre
3557 4344 3614 4396 et
3640 4356 3709 4397 ex
3737 4357 3839 4398 na-

427 4434 563 4486 tura
592 4428 722 4486 Filii
749 4445 1116 4502 quaacunque
1149 4431 1386 4487 tandem
1418 4429 1516 4487 illa
1548 4430 1644 4486 sit.

500 4519 588 4575 16.
609 4517 897 4583 Quoniam
927 4535 1065 4592 ergo
1098 4519 1204 4575 has
1236 4519 1560 4576 sententias
1589 4521 1880 4577 absurdae
1911 4525 2084 4593 atque

2266 4520 2350 4574 16.
2383 4515 2654 4572 Τοιούτων
2685 4511 2752 4584 δὴ
2788 4512 2880 4570 οῦν
2930 4514 3147 4570 ἀτόπων
3205 4516 3296 4572 καὶ
3352 4517 3499 4592 παρά
3551 4517 3643 4572 τὸν
3700 4515 3840 4588 ἀλή-

430 4624 463 4664 a
493 4607 734 4664 veritate
758 4607 980 4664 alienas
1010 4623 1140 4664 esse
1167 4608 1404 4664 evidens
1434 4609 1862 4680 est,diccndum
1889 4618 2084 4665 estne-

2195 4608 2338 4661 θειαν
2366 4602 2810 4684 ἀναφαινομένων
2856 4603 3159 4680 λογισμῶν,
3193 4603 3399 4680 ἀνάγκη
3451 4603 3625 4682 λέγειν
3672 4606 3734 4662 τὸ
3781 4603 3842 4661 ἐκ

429 4697 684 4754 cessatio
712 4695 771 4752 id
798 4697 954 4768 quod
987 4700 1077 4753 est
1104 4713 1174 4753 ex
1203 4696 1537 4753 substantia
1567 4696 2084 4770 Patris,pr0prium

2195 4702 2292 4765 τῆς
2325 4693 2506 4756 οὐσίας
2536 4697 2634 4748 τοῦ
2664 4693 2872 4769 Πατρὸς
2917 4690 3054 4748 ἴδιον
3087 4693 3255 4748 αὐτοῦ
3286 4693 3501 4768 σύμπαν
3553 4696 3689 4750 εἶναι
3745 4697 3836 4750 τὸν

497 4877 543 4912 ⁸⁸
568 4875 738 4933 Joan.
769 4891 882 4944 xvi,
914 4874 1003 4932 14.
1080 4875 1125 4910 ⁸³
1155 4874 1364 4934 Matth.
1403 4891 1538 4946 xvn,
1571 4877 1644 4944 5;
1675 4876 1845 4934 Joan.
1877 4893 2002 4944 vm,
2031 4877 2122 4932 54.

495 5061 726 5144 (diLBic
755 5061 1120 5144 Beguerian.,
1149 5061 1316 5144 'R‘eg.‘
1343 5061 1576 5120 Gobler.
1628 5067 1683 5119 et
1731 5063 1980 5120 Felckm.
2019 5065 2070 5120 1.

425 5138 499 5188 At
529 5133 638 5188 Alii
668 5137 727 5189 et
756 5133 894 5189 editi
935 5133 1010 5203 μή
1043 5133 1346 5190 omittunt.

641 5205 740 5279 Sic
777 5197 1127 5279 Segperiup.
1161 5209 1233 5260 At
1287 5205 1524 5277 Regius,
1556 5197 1696 5258 "310v
1747 5206 1836 5259 καὶ
1895 5205 2070 5279 φύσει.

423 5271 542 5353 Alli
560 5271 623 5353 et
649 5275 812 5353 e_diti,
846 5271 999 5353 (ξύσει
1033 5271 1195 5353 ἴδιον,

493 5349 606 5420 (66)
663 5345 1074 5420 Seguerianus,
1135 5345 1260 5420 ι”ιὸν
1317 5349 1470 5420 Θεοῦ.
1534 5348 1666 5404 Mox
1723 5349 1954 5406 Gobler.
2015 5353 2074 5406 et

422 5415 676 5494 Felcgm.
713 5415 878 5494 {Qui
909 5415 1156 5494 ἐλέγχειν
1188 5417 1403 5494 αὐτούς.

491 5491 700 5578 (φλΙὲ
746 5489 1242 5578 βεδυοικᾚεεεί,
1300 5489 1458 5547 ἐστίν.
1519 5489 1772 5546 Felckm.
1823 5495 1858 5547 2
1911 5496 1968 5548 et
2011 5493 2066 5559 5,

425 5555 571 5615 ἐστὶν
589 5555 632 5615 ’ὁ
663 5558 815 5622 Θεός.
833 5555 866 5564 ν
1226 5555 1233 5556 ί
2053 5555 2061 5559 ⁷

427 5633 1253 5724 ΜζββχΒεεΔὶιὲποὶέλιιᾷειὶιοαηἹ
1285 5629 1539 5724 μϋετέγχονῖ.
1564 5631 1924 5724 MoxrBasil”
1957 5634 2066 5689 Go-

427 5701 672 5765 blerian.
705 5709 764 5762 et
794 5701 1046 5762 Felckm'.
1081 5707 1132 5776 1,
1161 5709 1258 5759 τοῦ
1286 5701 1476 5779 ἔξωθεν
1509 5703 1924 5782 ἐπιγενομένου.

2184 5058 2332 5148 Ibid.
2369 5059 2634 5132 Seguer.,
2668 5055 2901 5115 Gobler.
2946 5063 3004 5116 et
3052 5057 3304 5117 Felckm.
3347 5061 3394 5130 ι,
3423 5058 3514 5114 καὶ
3568 5057 3746 5116 οὐκέτι
3777 5057 3836 5116 δὶ

2183 5130 2370 5276 αυῖέᾶᾖ
2399 5203 2664 5275 Seguer.,
2697 5201 2928 5258 Gobler.
2963 5207 3016 5258 et
3044 5201 3304 5260 Felckm.
3341 5204 3392 5273 1,
3434 5202 3568 5276 μετὰ
3593 5207 3690 5257 τοῦ
3723 5203 3832 5260 lla-

2179 5274 2365 5416 τρΐξό)
2397 5345 2492 5400 Sic
2559 5343 3316 5416 ὃθευοτίεη.,-]1αεὶ1ἱθιιε.,
3389 5345 3719 5403 Goblerian.
3777 5351 3838 5416 et

2183 5409 2518 5491 Felckman.
2553 5417 2606 5471 1.
2634 5409 2713 5491 ξι,
2730 5409 3211 5491 οᾴἰιὶ,’ᾃηλσνότι.
3243 5409 3689 5491 Ibid._S_eguer.,
3709 5414 3835 5472 ἀλλ’

2181 5487 2241 5543 έκ
2267 5496 2366 5557 τῆς
2399 5485 2602 5548 οὐσίας.
2636 5487 2789 5542 Editi
2819 5492 2877 5542 et
2901 5483 3024 5552 alii,
3053 5483 3200 5541 ἀλλὰ
3228 5493 3327 5557 τῆς
3357 5483 3563 5550 οὐσίαξ.

2395 5557 3117 5654 δεξιιειξιιίιι-ιιᾉθηειὶοεη.,
3150 5560 3483 5618 Goblerian.
3506 5567 3565 5619 et
3595 5561 3745 5619 Felc.
3778 5563 3832 5633 1,

2176 5631 2394 5688 τούτου.
2429 5631 2625 5701 Basil.,
2655 5632 2842 5687 τοῦτο.
