4090 6350
264 406 356 467 45

1423 400 1720 466 ORATIO
1766 404 1786 465 l
1831 400 2141 466 CONTRA
2192 402 2558 466 ARIANOS.
3623 408 3699 466 46

260 534 426 591 Υἱόν·
457 538 522 592 τὸ
552 537 655 613 γὰρ
686 536 831 600 ’ὀλως
863 537 1181 613 μετέχεσϐαι
1212 537 1305 591 τὸν
1334 537 1489 607 Θεὸν,
1513 534 1633 591 *ίσον
1674 535 1786 591 ἐστὶ
1838 533 1921 590 λέ-

2044 538 2282 594 omnino
2314 540 2443 610 ejus
2489 553 2618 595 esse
2649 538 2883 593 Filium.
2921 539 3102 594 Deum
3147 540 3305 595 enim
3354 541 3693 611 participari

261 650 418 703 γειν,
479 628 567 683 ὅτι
620 628 711 683 καὶ
764 632 937 705 γεννᾷ·
989 628 1053 682 τὸ
1105 624 1164 682 δὲ
1209 631 1399 702 γεννᾷν
1596 625 1652 681 τί
1683 624 1934 699 σημαίνει

257 718 299 785 ἦ
340 717 518 787 Υἱόν;
568 718 742 775 Αὐτοῦ
787 723 915 793 γοῦν
958 720 1057 772 τοῦ
1096 717 1225 771 Υἱοῦ
1260 716 1477 792 μετέχει
1504 715 1573 770 τὰ
1601 715 1773 770 πάντα
1801 714 1937 770 κατὰ

254 808 373 875 τήν
405 812 509 861 τοῦ
540 805 855 881 Πνεύματος
881 806 1172 883 γινομένην
1198 807 1316 879 (73)
1363 806 1489 879 παρ’
1538 801 1701 859 αὐτοῦ
1747 805 1931 880 χάρινο

252 896 361 950 καὶ
395 897 631 973 φανερὸν
664 895 715 951 έν
746 894 945 951 τούτου
973 893 1203 970 γίνεται,
1253 893 1336 950 ὅτι
1383 891 1542 955 αὐτὸς
1596 895 1688 967 μὲν
1739 894 1768 948 6
1810 893 1933 955 Υἱὸς

253 983 502 1048 οὐδενὸς
565 983 806 1061 μετέχει,
850 986 912 1039 τὸ
960 982 1018 1039 δὶ
1061 983 1120 1039 ἐκ
1169 983 1267 1039 τοῦ
1300 982 1510 1059 Πατρὸς
1545 981 1932 1057 μετεχόμινον,

245 1075 436 1129 τοῦτό
496 1074 639 1130 ἐστιν
699 1075 728 1129 6
787 1073 934 1136 Υἱός.
994 1072 1167 1130 Αὐτοῦ
1215 1072 1318 1148 γὰρ
1364 1076 1462 1128 τοῦ
1510 1072 1638 1127 Υἱοῦ
1672 1070 1932 1146 μετέχον-

244 1184 348 1224 τες
413 1165 556 1236 (74),
614 1167 713 1218 τοῦ
765 1166 901 1218 Θεοῦ
960 1160 1207 1237 μετέχειν
1269 1160 1574 1237 λεγόμεθα·
1634 1160 1723 1216 καὶ
1773 1160 1933 1215 τοῦτό

246 1250 441 1318 ἐστιν,
501 1250 533 1304 6'
580 1249 766 1326 ἔλεγεν
816 1252 844 1304 ὁ
906 1251 1130 1325 Πέτρος,
1180 1251 1296 1306 Ἵνα
1341 1250 1572 1324 γένησθε
1619 1247 1765 1313 θείας
1812 1269 1932 1304 κοι-

247 1340 440 1394 νωνοί
494 1338 727 1417 φύσεως,
777 1339 851 1401 ὥς
901 1360 1034 1416 φησι
1081 1340 1171 1393 καὶ
1213 1339 1242 1392 6
1273 1336 1611 1399 Ἀπόστολος
1643 1341 1776 1411 (75),
1820 1336 1935 1395 Οὐκ

244 1426 479 1497 οῗδατε,
540 1427 625 1484 ὅτι
683 1429 809 1490 ναὸς
868 1432 1005 1484 Θεοῦ
1062 1427 1216 1497 έστες
1274 1428 1385 1497 καὶ,
1427 1429 1620 1500 Ἡμεῖς
1648 1426 1749 1503 γὰρ
1805 1427 1931 1490 ναὸς

244 1522 399 1573 Θεοῦ
458 1516 622 1590 ἐσμεν
679 1521 902 1587 ζῶντος.
962 1516 1061 1572 Καὶ
1111 1515 1269 1571 αὐτὸν
1326 1513 1382 1570 δὲ
1412 1517 1505 1570 τὸν
1537 1517 1658 1570 Υἱὸν
1697 1514 1932 1591 βλέπον-

241 1627 369 1677 τες,
424 1608 647 1682 ὁρῶμεν
695 1606 788 1660 τὸν
843 1603 1068 1679 Πατέρα.
1121 1606 1182 1661 Ἡ
1220 1604 1320 1681 γὰρ
1350 1608 1448 1658 τοῦ
1479 1604 1606 1659 Υἱοῦ
1636 1600 1813 1659 ἔννοια
1840 1604 1931 1660 καὶ

246 1693 589 1768 κατάληψις
636 1694 833 1768 γνῶσίς
884 1693 995 1748 ἐστι
1045 1694 1167 1767 περὶ
1218 1698 1315 1747 τοῦ
1361 1693 1592 1768 Πατρὸς,
1644 1689 1733 1747 διὰ
1775 1694 1841 1749 τὸ
1873 1692 1933 1749 έκ

239 1791 351 1853 τῆς
391 1782 592 1845 οὖσίας
648 1783 812 1837 αὐτοῦ
862 1779 1001 1836 ἴδιον
1054 1783 1188 1837 εἶναι
1238 1783 1500 1857 γέννημα.
1546 1784 1750 1857 ’Ὠσπερ
1782 1780 1840 1837 δὲ
1866 1782 1929 1838 τὸ

2043 625 2198 682 idem
2222 644 2464 698 prorsus
2485 631 2573 683 est
2594 645 2659 682 ac
2682 628 2863 685 Deum
2887 642 3185 700 generare.
3202 627 3351 693 Quid
3373 643 3543 701 porro
3566 645 3695 697 vox,

2042 731 2330 786 generare,
2358 715 2514 772 aliud
2553 715 2844 789 signiﬁcat
2874 732 3050 789 quam
3080 716 3338 772 Filium?
3369 716 3571 789 Itaque
3602 733 3694 773 res

2045 820 2250 861 omnes
2278 805 2407 861 Filii
2429 806 2579 861 ﬁunt
2599 804 2915 878 participes
2937 807 3262 862 secundum
3287 804 3543 877 Spiritus
3562 822 3693 879 gra-

2044 893 2208 959 tiam,
2237 909 2363 966 quis
2395 895 2467 950 ab
2494 911 2561 950 eo
2595 896 2805 950 datur:
2828 894 3006 967 idque
3034 895 3172 952 inde
3203 896 3268 951 fit
3289 895 3693 963 manifestum,

2045 985 2200 1056 quod
2223 983 2350 1056 ipse
2372 984 2609 1055 quidem
2636 983 2812 1040 Filius
2838 984 3057 1041 nullius
3077 989 3167 1041 est
3188 986 3512 1058 particeps;
3539 985 3694 1058 quod

2045 1076 2242 1129 autem
2267 1090 2336 1130 ex
2355 1073 2524 1129 Patre
2556 1072 2703 1129 alios
2726 1074 2816 1128 sui
2836 1074 3151 1148 participes
3175 1074 3334 1144 facit,
3370 1074 3477 1131 hoc
3497 1074 3696 1147 ipsum

2044 1164 2134 1217 est
2165 1160 2364 1218 Filius.
2397 1160 2513 1217 Nos
2535 1160 2691 1218 enim
2717 1178 2852 1218 cum
2898 1161 3081 1233 ipsius
3117 1161 3245 1218 Filii
3268 1162 3585 1235 participes
3612 1162 3694 1218 cf-

2043 1250 2298 1318 ficimur,
2333 1250 2434 1307 Dei
2468 1250 2783 1323 participes
2811 1268 2939 1308 esse
2970 1251 3243 1320 dicimur,
3276 1248 3456 1324 idque
3498 1251 3693 1323 ipsum

2041 1344 2133 1396 est
2159 1340 2315 1411 quod
2346 1338 2539 1395 aiebat
2569 1341 2869 1408 Petrus,Ut
2893 1342 3228 1412 efﬁciamini
3250 1341 3459 1398 divine
3476 1356 3695 1398 consor-

2041 1432 2119 1484 tes
2163 1439 2389 1486 natura?
2414 1430 2479 1500 “,
2512 1429 3013 1501 quemadmodum
3062 1434 3119 1485 et
3164 1429 3478 1503 Apostolus
3527 1429 3691 1499 dicit,

2041 1519 2273 1574 Nescitis
2330 1519 2463 1591 quia
2517 1519 2787 1590 templum
2842 1520 2939 1575 De:
2995 1520 3126 1575 esti:
3165 1522 3193 1573 ἱ)
3246 1523 3324 1588 et,
3377 1524 3487 1577 Nos
3542 1521 3693 1576 enim

2039 1608 2305 1679 templum
2333 1608 2435 1663 Dei
2480 1609 2711 1663 viventi:
2740 1623 2931 1663 sumus
2960 1608 3024 1663 ⁸⁵.
3059 1609 3255 1681 Ipsum
3299 1607 3572 1664 similiter
3602 1607 3689 1664 Fi-

2039 1694 2186 1751 lium
2215 1696 2531 1764 intuentes,
2550 1696 2779 1752 Patrem
2809 1695 3127 1753 intuemur.
3152 1697 3418 1770 Cognitio
3448 1697 3606 1753 enim
3637 1701 3695 1753 et

2041 1784 2487 1857 comprehensio
2534 1784 2684 1852 Filii,
2718 1784 2907 1841 Patris
2955 1790 3045 1841 est
3093 1786 3338 1858 agnitio,
3370 1786 3509 1858 quia
3556 1803 3689 1859 pro-

244 1873 600 1947 μετέχεσθαι
651 1871 753 1927 οὐκ
803 1872 862 1925 ἂν
910 1892 994 1932 τις
1042 1872 1190 1943 ὑμῶν
1221 1867 1297 1925 ἔτι
1328 1871 1496 1932 πάθος
1532 1869 1675 1926 εἷ’ποι
1705 1871 1794 1926 καὶ
1829 1893 1921 1945 με·

402 1963 415 1975 ς
566 1967 591 1975 .-
754 1964 777 1974 ν
855 1967 882 1975 ι.
952 1964 977 1974 ν
1086 1958 1098 1975 ν
1152 1958 1162 1975 Ι
1317 1956 1363 1975 ιδ
1400 1956 1424 1975 ἢ
1449 1958 1491 1975 1‘
1734 1961 1748 1975 ἱ
1911 1960 1921 1975 1

2043 1874 2206 1947 prius
2235 1878 2325 1930 est
2369 1889 2439 1929 ex
2466 1874 2732 1945 ejusdem
2764 1879 2975 1930 natura
3005 1875 3177 1929 fetus.
3213 1874 3386 1930 Porro
3417 1878 3481 1930 ut
3517 1890 3690 1931 nemo

242 1963 462 2037 ρισμόν
522 1967 627 2030 τῆς
684 1964 781 2015 τοῦ
848 1964 982 2015 Θεοῦ
1045 1958 1250 2021 οὐσίας·
1313 1956 1643 2033 (δεδήλωται
1689 1961 1792 2036 γὰρ
1838 1960 1921 2016 καὶ

2039 1968 2300 2019 vestrum
2341 1964 2468 2034 jam
2499 1962 2709 2019 dixerit
2742 1963 2837 2018 Dei
2887 1962 3227 2035 participem
3262 1962 3409 2031 fieri,
3441 1980 3570 2019 esse
3599 1963 3688 2019 di-

243 2049 639 2124 ὡμολόγηται
670 2051 783 2122 (76)
818 2048 1136 2124 μετέχεσθαι
1167 2048 1258 2102 τὸν
1301 2049 1449 2118 Θεὸν,
1499 2048 1588 2102 καὶ
1636 2048 1801 2104 ταύτὸ
1854 2051 1926 2105 εἴ·

242 2159 331 2192 ναι
372 2138 710 2213 μετέχεσθαι
736 2137 823 2190 καὶ
852 2140 1085 2212 γεννᾷν’)
1117 2134 1290 2198 οὕτως
1322 2137 1384 2191 τὸ
1415 2135 1661 2211 γέννημα
1713 2137 1774 2192 οὐ
1820 2139 1924 2192 πά-

243 2238 366 2297 θος,
405 2224 543 2280 οὐδὲ
580 2224 846 2301 μερισμός
893 2223 1002 2279 ἐστι
1056 2227 1154 2292 τῆς
1191 2224 1454 2302 μακαρίας
1487 2224 1692 2296 ἐκείνης
1723 2226 1923 2289 οὐσίας.

240 2316 363 2373 Οὐκ
428 2313 666 2369 ἅπιστὸν
722 2312 825 2389 ἄρα
880 2313 1021 2368 ἐστὶν
1081 2314 1203 2367 Υίὸν
1264 2309 1411 2389 ἔχειν
1458 2314 1550 2369 τὸν
1606 2315 1768 2387 Θεὸν,
1822 2322 1923 2385 τῆς

243 2402 393 2467 ἰδίας
428 2403 625 2465 οὐσίας
654 2402 719 2458 16
748 2402 1010 2479 γέννημα·
1046 2400 1158 2457 οὐδ’
1189 2403 1294 2479 ἄρα
1321 2401 1492 2465 πάθας
1522 2402 1612 2458 καὶ
1660 2402 1923 2478 μερισμὸν

240 2498 343 2560 τῆς
391 2492 596 2554 οὐσίας
644 2496 743 2546 τοῦ
791 2496 924 2547 Θεοῦ
977 2489 1337 2565 σημαίνομεν,
1382 2493 1627 2567 Λέγοντες
1658 2492 1778 2547 Υἳὸν
1833 2493 1923 2548 καὶ

244 2584 415 2657 γέννη
431 2602 535 2655 μα’
574 2579 720 2636 ἀλλὰ
750 2578 963 2653 μᾶλλον
994 2581 1056 2635 τὸ
1086 2582 1310 2655 γνήσιον
1334 2581 1423 2636 καὶ
1451 2581 1515 2636 16
1542 2579 1803 2651 ἁληθινὸν
1834 2581 1923 2636 καὶ

242 2674 306 2727 16
352 2666 663 2745 μονογενὲς
711 2674 809 2724 τοῦ
865 2674 997 2725 Θεοῦ
1054 2671 1168 2743 (77)
1216 2670 1594 2745 γινώσκοντες,
1640 2670 1783 2726 οὕτω
1831 2692 1921 2725 πι-

248 2760 547 2832 στεύομεν.
604 2757 820 2816 Τούτου
877 2756 934 2813 δὲ
974 2758 1118 2813 οὕτω
1147 2759 1494 2837 πεφασμένου
1520 2759 1609 2814 καὶ
1641 2757 1921 2833 δεικνυμέ-

248 2871 366 2918 νου,
400 2849 492 2903 ὅτι
523 2848 595 2903 τὸ
627 2847 689 2903 ἐκ
734 2854 835 2916 τῆς
883 2851 981 2903 τοῦ
1028 2846 1235 2922 ΙΙατρὸς
1275 2847 1459 2911 οὐσίας
1490 2846 1734 2923 γέννημα
1758 2848 1921 2904 τοῦτό

248 2939 393 2993 ἐστιν
427 2939 459 2993 6
493 2937 645 3005 Υἱὸς,
679 2932 855 2991 οὐδενὶ
890 2935 1085 2991 λοιπὸν
1133 2931 1467 3015 ἀμφίϐολον,
1500 2935 1646 2992 ἀλλὰ
1674 2938 1763 2992 καὶ
1791 2938 1923 3012 πρό-

250 3026 428 3097 δηλον
466 3026 532 3081 ἃν
588 3022 699 3095 εἷή,
751 3024 833 3079 ὅτι
878 3025 1040 3079 τοῦτό
1088 3025 1229 3080 ἐστιν
1262 3028 1298 3095 ἡ
1351 3025 1524 3103 Σοφία
1561 3025 1649 3081 καὶ
1683 3027 1711 3081 ὁ
1743 3026 1920 3101 Λόγος

248 3122 345 3172 τοῦ
377 3116 631 3192 Πατρὸς,
665 3113 718 3168 ἐν
751 3115 797 3186 ᾧ
825 3113 916 3169 καὶ
949 3111 1018 3168 δι’
1050 3111 1111 3169 οὗ
1142 3114 1206 3168 τὰ
1236 3114 1405 3169 πάντα
1432 3114 1599 3185 κτίζει
1630 3115 1718 3169 καὶ
1750 3122 1919 3170 ποιεῖ’

237 3209 327 3261 καί
389 3204 572 3261 τοῦτό
630 3204 774 3259 ἐστιν
840 3203 1004 3259 αὐτοῦ
1078 3203 1141 3259 τὸ
1220 3204 1572 3280 ἀπαύγασμα,
1638 3205 1689 3260 έν
1747 3208 1792 3278 ᾧ
1850 3207 1918 3262 τὰ

2035 2053 2182 2108 vines
2212 2052 2367 2110 882
2397 2056 2616 2109 natura:
2667 2052 3005 2125 passionem
3037 2056 3094 2107 et
3140 2051 3485 2108 divisionem
3525 2053 3686 2125 (nam

2035 2146 2342 2198 ostensum
2372 2144 2431 2197 et
2447 2157 2792 2198 concessum
2810 2146 2900 2196 est
2917 2141 3098 2197 Deum
3131 2140 3676 2214 participari,idem-

2035 2246 2148 2302 que
2177 2247 2306 2287 esse
2336 2229 2503 2286 illum
2550 2228 2908 2302 participari,
2941 2246 3008 2286 ac
3036 2229 3337 2303 generare)
3369 2245 3383 2286 :
3417 2230 3497 2286 ita
3535 2248 3678 2303 quo-

2033 2337 2144 2391 que
2173 2336 2307 2375 cum
2338 2320 2603 2392 genitum
2633 2337 2668 2375 a
2697 2323 2810 2375 Deo
2862 2318 3069 2375 Filium
3099 2318 3374 2390 dicimus,
3407 2335 3512 2377 nec
3543 2338 3677 2394 pas-

2033 2409 2260 2464 sionem
2291 2408 2472 2464 ullam
2522 2425 2629 2464 nec
2659 2407 3004 2465 divisionem
3058 2409 3236 2464 beata;
3267 2408 3426 2465 illius
3457 2416 3678 2467 naturas

2034 2496 2458 2569 significamus.
2491 2497 2615 2553 Non
2666 2495 2863 2568 itaque
2892 2496 3235 2553 incredibile
3280 2502 3370 2553 est
3400 2502 3511 2554 Deo
3550 2516 3681 2557 esse

2033 2585 2272 2655 Filium,
2302 2585 2401 2658 qui
2435 2584 2681 2657 propriae
2712 2587 2842 2656 ejus
2874 2589 3095 2641 naturae
3128 2585 3205 2642 sit
3253 2585 3409 2643 fetus
3442 2604 3455 2642 :
3492 2603 3682 2660 neque

2032 2674 2365 2747 passionem
2390 2678 2491 2729 aut
2508 2673 2853 2730 divisionem
2877 2673 3081 2729 divina:
3106 2679 3325 2731 naturas
3349 2676 3678 2746 innuimus,

2033 2780 2166 2818 cum
2215 2762 2426 2819 Filium
2454 2768 2511 2818 et
2545 2764 2726 2819 fetum
2757 2762 3050 2832 dicimus;
3084 2766 3185 2820 sed
3216 2764 3412 2837 potius
3443 2765 3524 2822 ita
3553 2783 3680 2824 cre-

2031 2852 2251 2922 dimus,
2274 2852 2414 2924 quia
2443 2852 2499 2906 id
2534 2852 2689 2924 quod
2721 2850 3066 2924 genuinum,
3090 2869 3291 2909 verum
3321 2859 3378 2909 et
3407 2856 3679 2927 unigeni-

2031 2949 2156 2997 tum
2207 2940 2307 2997 Dei
2350 2945 2460 3009 est,
2507 2941 2937 3012 cognoscimus.
2968 2942 3131 3008 Quod
3167 2958 3300 2999 cum
3350 2942 3458 2999 hoc
3506 2946 3678 3001 modo

2030 3029 2359 3103 expositum
2389 3028 2819 3102 probatumque
2854 3029 3045 3097 fuerit,
3080 3047 3290 3104 nempe
3320 3031 3401 3103 id,
3424 3034 3579 3104 quod
3611 3050 3680 3090 ex

2031 3118 2216 3175 Patris
2249 3122 2456 3174 natura
2505 3123 2594 3173 est
2620 3117 2906 3189 genitum,
2937 3119 3203 3190 ejusdem
3251 3136 3381 3176 esse
3426 3119 3678 3192 Filium;

2029 3207 2251 3264 nemini
2274 3208 2401 3278 jam
2435 3207 2684 3262 dubium
2715 3224 2846 3262 esse
2874 3207 3173 3273 debet,sed
3198 3210 3315 3265 imo
3347 3208 3589 3283 planum
3623 3216 3681 3268 et

239 3299 409 3351 πάντα
440 3296 569 3369 (78)
603 3292 847 3371 φωτίζει,
895 3293 987 3348 καὶ
1040 3292 1480 3350 ἀποκαλύπτεται
1510 3294 1591 3357 οἷς
1624 3295 1711 3350 ἐὰν
1756 3291 1910 3369 θέλῃ.

2034 3297 2426 3369 perspicuum,
2456 3295 2615 3351 hunc
2644 3298 2842 3369 ipsum
2872 3312 2999 3352 esse
3052 3281 3414 3370 Sapientiam
3449 3306 3506 3356 et
3534 3300 3675 3357 Ver-

236 3385 397 3440 τοῦτό
426 3385 583 3439 ἐστιν
637 3382 804 3439 αὐτοῦ
850 3384 1134 3459 χαρακτὴρ
1185 3383 1274 3438 καὶ
1305 3383 1487 3453 εἲκὼν,
1520 3382 1572 3438 έν
1604 3385 1652 3457 ᾧ
1682 3386 1908 3461 Θεωρεῖ-

234 3495 316 3528 ται
376 3474 474 3528 καὶ
529 3472 883 3548 γινώσκεται,
934 3467 1020 3526 διὸ
1076 3472 1165 3527 καὶ
1209 3472 1368 3534 αὐτὸς
1426 3471 1514 3528 καί
1564 3474 1592 3527 ὁ
1633 3474 1820 3547 Πατὴρ
1849 3470 1903 3527 ἓν

233 3563 352 3617 εἰσι·
407 3562 507 3617 καὶ
562 3563 667 3637 γὰρ
721 3560 750 3615 ὀ
798 3564 988 3615 τοῦτον
1036 3558 1253 3636 βλέπων
1286 3560 1475 3637 βλέπει
1530 3561 1620 3616 καὶ
1676 3562 1768 3617 τὸν
1801 3563 1905 3619 Ila-

236 3652 383 3729 τέρα·
418 3650 597 3706 τοῦτό
630 3648 772 3704 ἐστιν
800 3650 828 3703 6
861 3649 1115 3724 Χριστὸς,
1148 3650 1200 3704 ἐν
1240 3651 1286 3722 ᾦ
1315 3650 1382 3705 τὰ
1409 3649 1580 3705 πάντα
1624 3648 1903 3723 λελύτρω-

238 3762 342 3810 ται,
396 3740 494 3796 καὶ
550 3737 722 3794 πάλιν
769 3739 870 3807 τήν
910 3739 1099 3807 καινὴν
1150 3737 1430 3815 εἰργάσατο
1472 3739 1669 3795 κτίσιν.
1712 3743 1818 3793 Τοῦ
1848 3736 1905 3794 δὶ

236 3830 361 3884 Ποῦ
392 3830 519 3903 (79)
553 3825 723 3881 πάλιν
757 3826 931 3888 οὕτως
965 3822 1133 3889 ὄντος.
1180 3828 1288 3903 οὐχ
1326 3828 1574 3903 ἁρμόζει,
1624 3826 1771 3883 ἀλλὰ
1814 3826 1903 3882 καὶ

242 3919 355 3973 λίαν
414 3913 772 3972 ἐπικίνδυνόν
832 3915 977 3970 ἐστιν
1027 3916 1193 3971 εἷπεῖν
1243 3920 1434 3971 τοῦτον
1485 3916 1536 3987 ἐξ
1585 3917 1689 3973 οὐκ
1734 3913 1902 3972 ὄντων

240 4009 483 4081 ποίημα,
519 4005 586 4078 ἢ,
619 4004 732 4059 Οὐκ
758 4007 825 4075 ἦν
848 4006 975 4080 πρὶν
1005 4010 1254 4080 γεννηθῇ.
1310 4007 1370 4063 Ὀ
1396 4006 1496 4081 γὰρ
1525 4006 1587 4060 16
1620 4004 1756 4061 ἴδιον
1804 4010 1904 4072 τῆς

244 4096 427 4158 οὐσίας
473 4099 582 4150 τοῦ
632 4094 846 4168 Πατρὸς
877 4093 1021 4149 οὕτω
1064 4093 1240 4169 λέγων
1271 4094 1360 4149 καὶ
1392 4094 1467 4156 εἷς
1496 4094 1655 4149 αὐτὸν
1680 4095 1771 4150 τὸν
1806 4102 1909 4150 Πα-

241 4187 365 4259 τέρα
426 4185 627 4263 φθάνει
707 4181 1071 4261 βλασφημῶν,
1118 4184 1185 4237 τὰ
1234 4188 1457 4239 τοιαῦτα
1512 4188 1724 4261 φρονῶν
1783 4184 1907 4261 περὶ

244 4275 427 4344 αὐτοῦ,
463 4273 565 4328 οἶα
593 4271 686 4326 καὶ
715 4272 839 4347 περὶ
869 4276 968 4326 τοῦ
998 4271 1050 4343 ἐξ
1082 4272 1244 4328 αὐτοῦ
1272 4274 1610 4349 γεννήματος
1642 4273 1909 4350 φανταζό-

248 4384 402 4434 μενος
434 4357 865 4434 καταψεύδεται.

314 4633 400 4689 17.
435 4633 610 4688 ’Ἐστι
645 4628 742 4702 μὲν
790 4626 880 4683 οὖν
930 4629 1019 4718 καὶ
1068 4632 1229 4718 τοῦτο
1286 4626 1449 4718 μόνον
1478 4629 1657 4684 ἱκανὸν
1687 4628 1911 4703 ἀνατρέ·
1939 4652 1988 4718 D

249 4741 357 4775 τειν
402 4722 513 4789 τήν
570 4718 856 4794 Ἀρειανήν
911 4716 1137 4793 αἳρεσιν·
1185 4717 1337 4792 ὅμως
1386 4714 1444 4773 δὲ
1488 4719 1578 4774 καὶ
1629 4718 1689 4774 ἐκ
1714 4719 1912 4774 τούτου

253 4808 305 4862 ἓν
331 4831 417 4872 τις
444 4806 574 4863 ἴδοι
626 4807 693 4861 16
738 4804 1039 4879 ἀλλόδοξον
1084 4806 1272 4877 αὐτῆς.
1322 4806 1383 4865 Εἰ
1414 4810 1653 4879 ποιητὴς
1682 4808 1772 4864 καὶ
1802 4808 1914 4863 κτί-

324 4956 370 4988 ⁸⁴
398 4955 421 5010 Ι
455 4955 618 5010 Petr.
655 4966 698 5018 l,
727 4953 782 5007 4.
859 4954 903 4988 ⁵⁵
932 4957 955 5006 Ι
985 4956 1111 5010 Cor.
1146 4970 1233 5024 ιιι,
1268 4953 1355 5009 16.
1431 4953 1476 4990 ⁵⁸
1506 4954 1555 5009 ΙΙ
1584 4955 1712 5011 Cor.
1745 4971 1798 5025 v,
1834 4955 1921 5009 17.

338 5100 432 5168 72)
466 5096 576 5152 Sic
605 5100 874 5167 Seguer.,
905 5095 1005 5169 alii
1037 5112 1187 5162 vero,
1217 5094 1281 5149 16
1313 5092 1371 5149 δὲ
1401 5099 1574 5169 γεννᾷ.

337 5167 429 5241 73)
458 5170 562 5241 Sic
592 5168 1097 5241 Seguer.7Gobler_.
1133 5176 1189 5224 et
1221 5168 1369 5241 Felc.
1416 5167 1476 5234 ⁷1,
1514 5174 1692 5241 atque
1719 5167 1803 5224 ita
1835 5168 1917 5224 le-

290 5238 345 5314 iti
362 5238 666 5314 Bistonius.
690 5239 902 5314 -Ιὲὶάίᾐιὶ,Δ
920 5238 1130 5314 [ἰατρὸς
1160 5239 1509 5314 γενομένηνᾷ
1525 5238 1657 5314 Mox
1674 5241 1913 5314 Seguer.

310 5256 331 5295 ι
362 5256 666 5295 Νλῠηιυε.
712 5256 885 5306 nam,
920 5256 1130 5313 υατρος
1160 5258 1484 5314 γενομενην.
1525 5256 1657 5296 mox
1674 5256 1913 5313 aeguer.

255 5256 486 5386 goblelj.
522 5315 583 5366 et
612 5310 767 5366 Felc.
801 5312 853 5379 1,
885 5308 946 5365 ἐκ
972 5309 1169 5367 τούτου
1199 5309 1425 5386 γίνεται.
1471 5310 1642 5382 Editi,
1678 5308 1737 5365 ἐκ
1787 5309 1917 5364 τού-

259 5401 347 5436 τοι»
377 5380 686 5437 δείκνυται.

321 5456 437 5579 (Ἱᾷ)
468 5455 744 5540 ξεειιθιοη
778 5451 982 5518 Basil.,
1013 5452 1262 5537 angue”
1295 5452 1526 5537 Go_bler.
1561 5456 1620 5507 et
1643 5451 1833 5508 Felck.
1864 5452 1916 5524 1,

321 5548 345 5578 υ
442 5546 511 5579 ου
552 5523 896 5579 μετέγοντες.
929 5525 1100 5579 Εὰιῐι-
1129 5544 1230 5578 του
1262 5524 1390 5577 Υἱου
1426 5521 1773 5579 μετέγοντος.

258 5521 345 5578 τοῦ
375 5521 511 5579 ῐ⁴ιοῦ
552 5521 1390 5598 μετέχοντες.-Εὰἰῐίξτοῦῐζὶοῦ
1426 5521 1773 5598 μετέχοντος.

323 5598 441 5672 (75)
471 5594 722 5672 GoblerI
747 5606 804 5652 et
838 5595 986 5672 Eelc.
1014 5594 1179 5672 _1,'ib<
1205 5594 1301 5672 καί
1333 5594 1765 5672 Ηαῦλόςῖρησιν.
1789 5595 1922 5652 Mox

262 5664 503 5741 Beguér.
532 5686 551 5726 :
581 5668 775 5741 Ἡμεῖς
806 5664 910 5741 γᾲρ
942 5666 1067 5728 ναὸς
1099 5671 1233 5721 Θεοῦ
1280 5666 1437 5741 ἐσμεν
1484 5664 1715 5741 ζῶντος,
1756 5673 1826 5741 ut
1865 5672 1924 5723 et

262 5720 957 5816 statuastatua...
990 5720 1131 5798 mss.
1150 5720 1300 5798 Novi
1318 5720 1919 5798 remanemus;

2018 3385 2156 3441 bum
2192 3386 2470 3454 Patris,in
2503 3402 2618 3459 quo
2649 3390 2707 3440 et
2738 3402 2840 3458 per
2868 3386 3021 3458 quod
3054 3386 3254 3443 omnia
3282 3394 3443 3444 creat
3473 3394 3529 3445 et
3558 3391 3679 3446 effi-

2017 3474 2115 3529 cit.
2148 3474 2255 3529 Hic
2308 3473 2457 3546 ipse,
2508 3472 2772 3546 inquam,
2803 3474 2935 3543 ejus
2981 3473 3260 3545 splendor
3309 3481 3399 3532 est
3445 3477 3504 3532 in
3559 3494 3675 3549 quo

2014 3563 2214 3619 omnia
2262 3562 2580 3631 illuminat,
2612 3567 2671 3618 et
2716 3562 2933 3634 quibus
2964 3563 3212 3619 voluerit
3259 3581 3323 3621 se
3352 3567 3629 3637 patefacit
3661 3598 3677 3641 ε

2015 3652 2110 3707 hic
2140 3653 2266 3724 ipse
2296 3651 2487 3724 ﬁgura
2516 3668 2582 3707 ac
2611 3651 2805 3723 imago
2836 3652 2966 3723 ejus
2996 3658 3105 3720 est,
3139 3652 3197 3708 in
3230 3670 3344 3725 quo
3379 3654 3677 3727 conspici-

2016 3746 2113 3796 tur
2143 3746 2200 3796 et
2229 3740 2621 3813 cognoscitur,
2656 3756 2832 3812 quam
2866 3742 2938 3797 ob
2970 3758 3211 3798 causam
3243 3747 3300 3799 et
3330 3743 3454 3815 ipse
3482 3748 3540 3800 et
3569 3742 3671 3799 Pa-

2018 3837 2106 3886 ter
2137 3846 2322 3886 unum
2371 3835 2510 3886 sunt
2541 3845 2554 3885 :
2590 3829 2686 3885 hic
2718 3830 2842 3902 ipse
2890 3830 3143 3902 denique
3172 3836 3261 3887 est
3290 3831 3581 3902 Christus,
3616 3833 3676 3890 in

2018 3936 2135 3993 quo
2166 3919 2367 3979 omnia
2397 3919 2702 3989 redempta
2723 3924 2862 3974 sunt
2890 3920 2955 3987 ⁵⁸,
2976 3928 3030 3975 et
3063 3937 3271 3976 novam
3304 3938 3514 3978 rursus
3545 3939 3675 3994 per-

2020 4008 2155 4065 fecit
2181 4012 2530 4064 creaturam.
2576 4007 2720 4063 Cum
2752 4007 2934 4079 igitur
2976 4008 3318 4079 bujusmodi
3349 4011 3429 4066 sit
3471 4010 3675 4079 Filius,

2018 4113 2134 4153 non
2184 4096 2473 4163 convenit,
2506 4096 2625 4152 imo
2668 4095 2833 4151 valde
2884 4097 3281 4168 periculosum
3311 4105 3402 4154 est
3449 4115 3673 4156 asseve-

2019 4202 2147 4242 rare
2177 4202 2309 4241 eum
2339 4201 2407 4240 ex
2434 4184 2616 4240 nihilo
2648 4200 2779 4241 esse
2809 4184 3050 4253 factum,
3082 4186 3170 4241 vel
3203 4203 3318 4242 non
3351 4188 3536 4244 fuisse
3566 4205 3677 4244 an-

2017 4280 2259 4347 tequam
2292 4279 2467 4330 natus
2499 4279 2610 4330 est.
2643 4272 2750 4340 Qui
2799 4272 2955 4328 enim
2988 4274 3070 4329 ita
3098 4275 3170 4330 de
3198 4291 3265 4331 eo
3299 4276 3454 4348 quod
3488 4276 3676 4335 Patris

2020 4368 2241 4419 naturas
2272 4363 2573 4435 proprium
2604 4366 2696 4419 est
2724 4360 3004 4434 loquitur,
3038 4362 3097 4417 in
3126 4363 3326 4436 ipsum
3359 4364 3537 4422 etiam
3567 4370 3677 4423 Pa-

2019 4457 2167 4508 trem
2200 4451 2421 4524 profert
2450 4449 3127 4524 blasphemiam,eadem
3161 4453 3233 4509 de
3262 4452 3362 4510 illo
3394 4454 3680 4525 sentiens,

2020 4558 2149 4613 quae
2181 4541 2252 4596 de
2283 4541 2411 4610 ejus
2447 4540 2561 4595 fetu
2604 4539 2748 4595 false
2778 4541 3269 4597 comminiscitur.

2093 4631 2181 4685 17.
2214 4629 2277 4685 Id
2310 4645 2452 4685 sane
2483 4645 2669 4684 unum
2702 4628 2847 4685 satis
2880 4629 3056 4686 fuerit
3085 4631 3156 4686 ad
3186 4630 3466 4688 Arianam
3498 4632 3682 4690 bere-

2022 4719 2134 4777 sim
2158 4718 2395 4792 penitus
2417 4718 2817 4775 evertendam:
2841 4723 3243 4776 verumtamen
3266 4737 3445 4793 quam
3467 4738 3502 4777 a
3524 4727 3684 4779 recta

2022 4810 2137 4864 fide
2183 4808 2377 4864 aliena
2426 4806 2529 4863 illa
2559 4808 2659 4878 sit,
2689 4807 2825 4865 licet
2872 4809 3048 4866 etiam
3098 4826 3166 4866 ex
3214 4810 3324 4867 hoc
3376 4812 3682 4868 ratiocinio

2029 5101 2087 5151 et
2110 5095 2266 5167 ,Felc.
2302 5096 2351 5159 1,
2384 5093 2576 5167 Ἡμεῖς
2601 5090 2704 5167 γὰρ
2735 5091 2855 5147 ναοί
2887 5093 3043 5167 ἐσμεν
3074 5096 3207 5150 Θεοῦ
3240 5100 3463 5165 ζῶντος.
3498 5097 3677 5167 Editi,

2028 5165 2125 5220 Καὶ
2156 5168 2319 5239 ἡμεῖς
2350 5162 2470 5218 ναοί
2501 5162 2685 5237 ἇσμεν,
2717 5170 2827 5239 etc.

2099 5236 2211 5308 (76)
2241 5239 2346 5308 Sic
2365 5242 2597 5308 Seguer.
2629 5236 2882 5308 Gobler.,
2912 5242 2969 5308 et
2990 5236 3180 5293 Felck.
3217 5240 3265 5296 1.
3298 5239 3449 5295 Editi
3480 5246 3678 5298 autem

2026 5315 2083 5366 et
2106 5305 2232 5384 alii,
2266 5305 2536 5362 δεδώκατε
2559 5308 2661 5384 γξιρ
2690 5308 2780 5384 καί
2812 5305 3231 5384 ὡμολογήκατε.

2101 5382 2213 5453 (77)
2241 5385 2472 5453 Seguer.
2509 5379 2726 5453 et'R'eg.
2762 5379 2821 5434 ἐκ
2845 5384 2943 5433 τοῦ
2970 5379 3132 5437 Θεοῦ.

2099 5451 2213 5526 (78)
2245 5451 2337 5526 Sic
2393 5454 2631 5526 Seguer.
2679 5451 2747 5526 ἐι
2803 5453 3289 5526 ῌεεηλΔῐᾼερἱἰ,
3338 5451 3462 5526 ἐνῷ
3492 5454 3684 5526 πάντα.

2030 5527 2155 5599 M0;
2186 5521 2387 5599 Basil.,
2418 5521 2557 5599 Reg.
2577 5526 2649 5599 et
2677 5521 2924 5596 Anglici,
2956 5521 3042 5578 ἐὰν
3092 5523 3244 5598 Θὲλῃ.
3274 5521 3563 5599 Βεεύειιη
3596 5525 3684 5582 ἰὰν

2030 5592 2207 5660 ὲλέθῃ.
2242 5594 2413 5660 Editi,
2449 5591 2536 5648 ἐάἶθ
2572 5591 2738 5649 ϐέλει.

2101 5615 2150 5648 ευ
2194 5635 2207 5650 .
2244 5615 2413 5660 ωαιιι,
2449 5615 2536 5648 εαν
2572 5615 2738 5649 οεΛει.

2101 5615 2215 5739 (7g)
2248 5667 2388 5741 Reg.
2420 5673 2478 5724 et
2505 5665 2695 5723 Felck.
2728 5668 2783 5741 5,
2810 5669 2906 5722 τοῦ
2933 5687 2993 5722 τε
3023 5665 3169 5727 Υὶοῦ.
