4090 6346
411 407 479 468 51
954 406 1019 467 S.
1066 405 1497 467 ATHANASll
1541 406 1714 467 OPP.
1763 400 1965 464 PARS
2009 401 2168 461 1.-
2200 402 2621 463 HISTORICA
2667 404 2770 464 ET
2814 400 3297 465 DOGMATICA.
3757 401 3838 461 52

415 555 591 596 neum
624 538 789 595 valde
822 537 1018 605 fuerit,
1049 538 1227 595 vitam
1257 543 1315 594 et
1351 538 1700 612 sapientiam
1753 553 1868 593 non
1918 534 2058 607 quid

2177 531 2323 610 φίας·
2357 532 2661 597 ἀκόλουθον
2696 532 2756 588 ἂν
2786 536 2863 607 (4)
2915 531 2997 604 ε’ίη
3028 535 3127 602 τήν
3166 534 3309 603 ζωὴν
3354 532 3443 587 καὶ
3492 534 3594 602 τήν
3641 532 3836 611 σοφίαν

419 629 802 700 alienum,sed
825 628 1136 701 proprium
1161 632 1381 684 natura}
1406 628 1581 683 fontis
1604 640 1946 697 esse,neque
1971 623 2077 708 ali:

422 720 657 791 quando
691 735 807 774 non
855 718 1177 784 exstitisse,
1223 718 1324 774 sed
1374 734 1608 791 semper
1656 717 1855 772 fuisse.
1908 711 2076 786 Atqul

424 810 544 864 haec
569 807 769 864 omnia
794 808 919 879 ipse
941 812 1028 863 est
1056 806 1367 878 Filius,qui
1400 807 1687 875 dicit,Ego
1716 822 1837 860 sum
1868 808 1981 860 vita
2007 804 2072 872 ⁸ο,

422 900 500 962 et,
532 897 639 969 Ego
670 898 969 968 sapientia,
1002 897 1185 952 habito
1214 899 1271 951 in
1303 896 1533 951 consilio
1554 896 1621 951 δι.
1671 897 1757 950 An
1808 911 1921 949 non
1968 893 2073 961 1μί-

421 990 521 1041 tur
542 986 760 1057 impius
788 984 1095 1041 habendus
1125 984 1222 1040 ille
1247 989 1335 1040 est
1356 985 1456 1057 qui
1478 984 1717 1040 ait:Fuit
1736 983 2073 1055 aliquando,

419 1091 555 1130 cum
588 1091 702 1129 non
734 1077 890 1129 esset
921 1072 1135 1129 Filius?
1152 1073 1420 1144 Namque
1451 1074 1605 1129 idem
1637 1077 1726 1129 est
1755 1089 1821 1129 ac
1852 1072 1901 1128 si
1925 1072 2076 1127 dice-

414 1166 596 1230 retur,
633 1161 761 1218 Fuit
786 1160 1125 1233 aliquando,
1150 1178 1281 1217 cum
1312 1163 1442 1217 fons
1462 1166 1613 1217 esset
1633 1161 1832 1216 aridus
1853 1160 2074 1232 absque

410 1252 533 1308 vita
562 1254 619 1307 et
649 1250 954 1323 sapientia.
1007 1250 1179 1322 Atqui
1230 1250 1280 1307 si
1324 1250 1667 1323 hujusmodi
1716 1255 1891 1317 esset,
1946 1251 2074 1305 fons

415 1348 573 1397 certe
622 1357 736 1397 non
788 1343 976 1409 esset;
1029 1357 1167 1396 nam
1207 1340 1361 1413 quod
1394 1357 1508 1395 non
1541 1357 1609 1396 ex
1640 1340 1833 1411 seipso
1863 1338 2073 1411 gignit:

411 1430 547 1486 fons
579 1430 782 1502 utique
813 1447 929 1485 non
961 1435 1070 1486 est.
1096 1432 1167 1485 At
1196 1446 1374 1502 quam
1407 1429 1565 1485 istud
1602 1429 1925 1485 absurdum
1960 1427 2071 1484 estl

411 1519 656 1575 Etenim
686 1520 841 1575 Deus
871 1535 992 1588 eos,
1024 1520 1125 1591 qui
1156 1536 1276 1575 8083
1307 1518 1496 1591 ipsius
1526 1517 1811 1575 voluntati
1845 1522 2071 1590 parent,

412 1608 706 1681 promittit
734 1608 922 1665 instar
952 1608 1129 1665 fontis
1158 1608 1387 1664 futuros
1418 1625 1451 1664 a
1472 1624 1587 1681 quo
1611 1624 1913 1679 nunquam
1935 1606 2069 1662 deﬁ'

416 1697 528 1753 ciet
558 1696 834 1769 aqua.Sie
862 1697 1019 1752 enim
1051 1698 1176 1769 ipse
1205 1714 1309 1768 per
1341 1697 1551 1752 Isaiam
1585 1695 1933 1769 prophetam
1983 1696 2067 1751 lo-

415 1786 628 1858 quitur
672 1804 684 1843 :
736 1788 802 1842 Et
850 1787 1163 1853 satiaberis,
1213 1785 1675 1859 quemadmodum
1739 1786 2074 1857 concupiscit

2190 623 2329 694 μήτε
2358 621 2477 692 ξένα
2501 625 2600 692 τῆς
2659 622 2843 685 οὐσίας
2897 626 2997 687 τῆς
3057 629 3240 699 πηγῆς
3303 621 3461 689 εἶναι,
3510 620 3636 677 ἀλλ’
3696 618 3839 689 ἴδια,

2189 711 2328 783 μήτε
2356 710 2666 787 ἀνύπαρκτά
2709 732 2843 766 ποτε
2891 712 3045 779 εἶναι,
3093 708 3220 766 ἀλλ’
3261 710 3341 765 ἀεὶ
3375 711 3529 766 εἶναι.
3588 712 3743 767 Ἔστι
3778 708 3839 766 δὲ

2183 803 2349 854 ταῦτα
2378 802 2406 855 6
2437 801 2559 864 Υἱὸς
2591 802 2619 855 6
2651 799 2825 876 λέγων
2861 804 2960 875 (5),
2992 801 3136 876 Ἐγώ
3166 800 3282 867 εἶμι
3315 800 3349 869 ἠ
3398 800 3533 871 ζωὴ,
3564 799 3654 854 καὶ
3685 800 3840 875 ’Ἐγὼ

2183 890 2219 958 ἡ
2296 889 2469 966 ,σοφία
2555 892 2939 959 Αατεσκήνωσα
3030 882 3259 975 βρυλην.
3324 892 3449 949 Πῶς
3503 888 3683 943 τοίνυν
3742 889 3909 955 οὐκο

2183 972 2364 1032 ἀσεϐεῖ
2419 978 2448 1032 6
2505 976 2701 1052 λέγων,
2749 983 2821 1033 Ἦ
2878 998 3011 1033 ποτε
3064 972 3158 1032 ὅτε
3204 976 3301 1032 οὐκ
3329 980 3395 1047 ἦν
3430 978 3457 1032 6
3492 977 3653 1046 Γὶός;
3693 985 3833 1033 Ὶσον

2181 1064 2281 1142 γάρ
2313 1064 2454 1121 ἐστιν
2488 1066 2654 1122 εἴπεῖν
2689 1086 2703 1137 ;
2752 1068 2851 1124 'Hv
2903 1087 3035 1121 ποτε
3083 1066 3171 1121 ὅτε
3213 1066 3248 1134 ἠ
3282 1066 3427 1141 πηγή
3462 1065 3599 1141 ξηρὰ
3626 1069 3694 1135 ἦν
3726 1087 3840 1142 χω-

2185 1154 2267 1231 ρὶς
2293 1162 2395 1225 τῆς
2429 1160 2572 1226 ζωῆς
2603 1154 2816 1225 καὶτῆς
2850 1155 3061 1229 σοφίας.
3119 1156 3182 1212 ‘II
3227 1152 3286 1210 δὲ
3331 1155 3560 1223 τοιαύτη
3612 1158 3687 1228 (6)
3740 1155 3840 1211 οὐκ

2185 1242 2244 1298 ἂν
2274 1241 2355 1315 ετίη
2405 1247 2590 1320 πηγήο
2636 1245 2700 1299 τὸ
2748 1246 2852 1320 γὰρ
2910 1245 2986 1317 μή
3037 1243 3087 1314 ἐξ
3119 1245 3310 1299 ἑαυτοῦ
3339 1248 3539 1319 γεννῶν
3593 1244 3692 1299 οὐκ
3725 1243 3837 1300 ἔστι

2182 1336 2354 1408 πηγή·
2399 1334 2575 1403 “Οσης
2621 1331 2678 1389 δὲ
2725 1332 2951 1395 ἀτοπίας
2996 1332 3164 1409 γέμον
3215 1332 3325 1387 ἐστὶ
3378 1329 3577 1388 τοῦτοί
3635 1334 3697 1391 Ὀ
3733 1333 3829 1405 μὶν

2182 1422 2286 1496 γάρ
2339 1422 2467 1483 Θεὸς
2496 1420 2625 1483 τοὺς
2667 1425 2958 1483 ποιοῦντας
3007 1420 3172 1476 αὐτοῦ
3220 1421 3281 1475 τὸ
3323 1419 3540 1493 Θὲλημα
3571 1419 3836 1497 ἐπαγγέλ-

2184 1517 2332 1574 λεται
2363 1520 2439 1581 ὡς
2470 1520 2653 1596 πηγὴν
2685 1519 2916 1593 ἔσεσθαι,
2958 1520 3019 1588 ἣν
3079 1521 3161 1593 (7)
3222 1519 3299 1592 μή
3359 1517 3596 1589 ἐξέλιπεν
3661 1516 3832 1596 ὕδωρ,

2185 1608 2359 1684 λέγων
2390 1606 2479 1663 διὰ
2509 1610 2731 1664 Ἡσαῒου
2785 1612 2880 1663 ιοῦ
2932 1610 3240 1685 προφήτου·
3293 1608 3397 1664 Καὶ
3447 1607 3857 1684 ἐμπλησθήσῃν

2181 1697 2420 1773 καθάπερ
2475 1697 2732 1770 ἐπιθυμεῖ
2788 1699 2823 1765 ἡ
2884 1699 3037 1774 ψυχή
3106 1718 3223 1766 σου,
3281 1695 3371 1751 καί
3425 1697 3493 1751 τὰ
3552 1696 3685 1752 ὀστᾶ
3741 1719 3836 1752 σου

2182 1789 2536 1857 πιανθήσεται
2593 1788 2692 1860 (8),
2752 1786 2842 1840 καὶ
2900 1784 3047 1840 ἔσται
3106 1786 3181 1848 ὡς
3235 1792 3416 1855 κῆπος
3451 1785 3685 1859 μεθύων,
3745 1786 3834 1841 καὶ

418 1878 623 1934 anima
651 1880 766 1942 tua,
796 1885 847 1933 et
871 1892 990 1933 ossa
1014 1880 1111 1931 tua
1135 1877 1373 1948 pinguia
1409 1876 1562 1947 ﬁent,
1606 1879 1657 1931 et
1705 1883 1870 1930 erunt
1918 1878 2058 1930 velut

2182 1876 2257 1937 ὡς
2288 1877 2467 1949 πηγὴ,
2525 1877 2585 1944 ἢν
2650 1875 2725 1948 μὴ
2786 1874 3024 1945 ἐξέλιπεν
3077 1871 3244 1949 ὕδωρ’
3296 1873 3447 1929 οὗτοι
3497 1871 3555 1929 δὶ
3582 1875 3674 1929 τὸν
3707 1876 3837 1931 Θεὸν

410 1964 601 2020 hortus
652 1966 919 2036 irriguus,
974 1970 1028 2021 et
1074 1969 1346 2036 tanquam
1394 1975 1516 2035 fons
1563 1982 1597 2018 a
1644 1980 1749 2036 quo
1780 1981 1924 2035 aqua
1954 1980 2058 2021 non

2179 1963 2468 2039 λεγόμενον
2496 1964 2585 2019 καὶ
2641 1963 2769 2019 ὅντα
2820 1965 3006 2039 πηγὴν
3054 1970 3157 2034 τῆς
3198 1963 3410 2042 σοφίας,
3443 1961 3639 2038 ἄγονον
3671 1964 3833 2019 αὐτὸν

406 2051 618 2124 deﬁciet
646 2055 718 2109 ⁸³.
751 2054 838 2110 Illi
868 2059 1065 2110 autem
1093 2059 1295 2119 Deum,
1329 2053 1431 2126 qui
1462 2053 1701 2126 quidem
1741 2051 1960 2108 dicitur
2007 2057 2064 2108 et

402 2148 493 2199 est
522 2142 654 2199 fons
684 2142 1004 2215 sapientiai,
1038 2141 1298 2198 sterilem
1333 2148 1508 2215 atque
1541 2144 1667 2198 sine
1695 2142 1930 2214 propria
1958 2141 2061 2197 Sa-

406 2231 633 2303 pientia
656 2230 974 2303 aliquando
1006 2230 1188 2286 fuisse
1213 2231 1651 2303 improbissime
1675 2231 1893 2287 audent
1913 2230 2066 2285 afﬁr-

405 2336 589 2377 mare.
620 2319 839 2377 Verum
874 2319 1027 2375 falsa
1054 2324 1193 2375 sunt
1223 2336 1351 2391 quea
1382 2321 1455 2375 ab
1480 2318 1601 2376 illis
1644 2320 1939 2375 dicuntur.
1992 2322 2063 2373 At

397 2411 657 2465 testatur
680 2409 911 2465 Veritas
941 2414 1122 2465 Deum
1155 2408 1402 2481 pr0priaa
1435 2408 1746 2481 Sapientiae
1777 2412 2058 2464 aeternum

403 2497 624 2554 fontem
650 2513 778 2554 esse
812 2515 826 2553 :
861 2514 927 2554 ac
950 2498 1195 2570 proinde
1226 2514 1361 2553 cum
1394 2497 1523 2554 fons
1552 2502 1804 2553 internus
1834 2498 1932 2569 sit,
1964 2514 2061 2552 ne-

402 2601 568 2642 cesse
600 2602 833 2659 quoque
862 2590 953 2643 est
981 2586 1340 2659 Sapientiam
1374 2592 1648 2643 aeternam
1681 2587 1900 2642 esse.ln
1930 2585 2060 2657 ipsa

403 2675 698 2746 siquidem
733 2675 932 2731 omnia
964 2675 1115 2731 facta
1146 2679 1303 2742 sunt,
1325 2680 1390 2730 ut
1420 2675 1616 2748 psallit
1645 2675 2055 2745 David,0mnia

400 2765 466 2820 in
496 2764 784 2835 Sapientia
810 2765 999 2836 fecisti
1028 2765 1094 2820 ⁸³.
1130 2763 1405 2821 Salomon
1437 2764 1574 2820 item
1605 2764 1705 2831 ait,
1759 2765 1898 2820 Deus
1948 2764 2050 2819 Sa-

397 2855 611 2926 pientia
657 2853 921 2925 [undavit
969 2862 1201 2922 terram,
1245 2855 1590 2926 praeparavit
1627 2854 1784 2909 caelos
1809 2854 2052 2925 pruden-

402 2945 481 2998 tia
512 2943 579 2998 “.
631 2942 761 2998 Haec
810 2959 980 3015 porro
1031 2942 1333 3014 Sapientia
1381 2942 1631 2998 Verbum
1681 2947 1790 3009 est,
1848 2946 1906 2997 et
1953 2959 2053 3013 per

399 3032 622 3104 ipsum,
675 3037 741 3087 ut
787 3030 867 3087 ait
910 3030 1189 3097 Joannes,
1240 3032 1395 3087 facta
1427 3036 1566 3088 sunt
1594 3033 1811 3096 omnia,
1844 3036 1900 3087 et
1928 3032 2052 3089 sine

398 3120 529 3193 ipso
562 3121 778 3176 factum
810 3124 900 3177 est
929 3120 1077 3176 nihil
1106 3121 1171 3176 ⁸⁸.
1200 3120 1455 3193 Denique
1486 3121 1611 3193 ipse
1641 3127 1729 3177 est
1758 3120 2049 3193 Christus,

396 3209 545 3266 Nam
576 3225 721 3266 unus
751 3211 895 3265 Deus
925 3214 1108 3277 Pater,
1140 3227 1212 3265 ex
1239 3227 1346 3281 quo
1376 3211 1581 3281 omnia,
1626 3215 1677 3266 et
1725 3227 1821 3267 nos
1868 3208 1929 3266 in
1977 3212 2049 3267 it-

2170 2053 2260 2108 καὶ
2293 2051 2548 2127 λείψαντά
2577 2074 2710 2108 ποτε
2738 2060 2838 2123 τῆς
2872 2050 3013 2115 ἰδίας
3045 2052 3235 2130 σοφίας
3266 2049 3568 2129 δυσφημεῖν
3598 2050 3821 2126 τολμῶ-

2171 2164 2274 2200 σιν.
2328 2141 2505 2199 Ἀλλὰ
2549 2144 2617 2198 τὰ
2672 2143 2768 2216 μὶν
2822 2143 2967 2216 παρά
3012 2143 3221 2197 τούτων
3274 2141 3384 2197 ἐστὶ
3415 2140 3608 2216 ψεύδη·
3670 2144 3705 2212 ἡ
3767 2140 3823 2197 δέ

2171 2232 2432 2304 Ἀλήθεια
2489 2238 2757 2310 μαρτυρεῖ
2793 2233 2975 2309 πηγὴν
3031 2228 3204 2287 ἀῗδιον
3256 2230 3389 2286 εἶναι
3438 2231 3530 2286 τὸν
3563 2233 3691 2287 Θεὸν
3723 2238 3823 2302 τῆς

2170 2318 2310 2384 ἰδίας
2343 2322 2555 2400 σοφίας.
2586 2319 2799 2378 Ἀϊδίου
2831 2319 2887 2377 Si
2914 2328 3014 2391 τῆς
3043 2328 3230 2397 πηγῆς
3262 2318 3450 2391 οὔσης,
3485 2320 3536 2392 ἐξ
3586 2320 3822 2397 ἀνάγκης

2167 2409 2257 2466 καὶ
2288 2412 2385 2481 τήν
2421 2410 2623 2490 Σοφίαν
2653 2408 2827 2467 ἀίδιον
2883 2411 3017 2465 εἶναι
3053 2407 3151 2465 δεῖ.
3209 2411 3295 2466 Ἐν
3347 2410 3513 2484 ταύτῃ
3568 2410 3671 2486 γὰρ
3729 2409 3821 2465 καὶ

2165 2500 2233 2555 τὰ
2262 2499 2433 2556 πάντα
2463 2500 2703 2578 γέγονεν,
2737 2501 2813 2562 ὡς
2842 2497 3043 2574 ψάλλει
3076 2494 3263 2554 Δαϐίδ’
3324 2498 3504 2553 Πάντα
3552 2497 3604 2553 ἐν
3651 2498 3825 2576 Σοφίᾳ

2168 2587 2446 2660 ἐποίησας’
2508 2589 2596 2645 καὶ
2648 2586 2916 2662 Σολομών
2973 2605 3159 2665 φησιν·
3221 2589 3283 2645 Ὀ
3346 2587 3476 2649 Θεὸς
3530 2591 3598 2661 τῇ
3652 2587 3824 2665 Σοφίᾳ

2166 2677 2494 2751 ἦθεμελίωσε
2572 2678 2672 2746 τήν
2756 2683 2886 2752 γῆν,
2968 2676 3236 2749 ἡτοίμασε
3312 2674 3369 2730 δὲ
3439 2675 3702 2749 οὐρανοὺς
3763 2676 3815 2731 ἐν

2164 2769 2441 2844 φρονήσει.
2476 2766 2623 2837 Αὐτη
2656 2787 2715 2821 τε
2773 2769 2852 2840 (9)
2910 2769 2945 2836 ἡ
2999 2766 3173 2843 Σοφία
3222 2765 3365 2820 ἐστὶν
3421 2767 3449 2820 6
3500 2765 3698 2841 Λόγος,
3729 2765 3820 2821 καὶ

2163 2853 2234 2911 δι’
2264 2854 2451 2929 αὐτοῦ,
2483 2856 2557 2918 ὡς
2590 2856 2842 2926 Ἰωάννης
2874 2854 3061 2932 φησὶν,
3103 2855 3308 2931 ἐγένετο
3346 2854 3414 2909 τὰ
3467 2852 3665 2923 πάντα,
3730 2854 3820 2910 καὶ

2161 2945 2336 3021 χωρὶς
2368 2945 2532 3000 αὐτοῦ
2584 2943 2794 3029 ἐγένετο
2843 2941 2969 2999 οὐδὲ
3019 2940 3095 2998 ἓν·
3129 2943 3219 2999 καὶ
3250 2942 3411 3005 αὐτός
3441 2942 3581 2997 ἐστιν
3617 2944 3645 2998 6
3678 2945 3815 3020 Χρι-

2161 3034 2306 3097 στός.
2366 3034 2460 3097 EI;
2513 3033 2612 3111 γάρ
2672 3034 2800 3095 Θεὸς
2859 3033 2887 3088 6
2933 3033 3119 3107 Πατὴρ
3171 3033 3307 3106 (10),
3350 3031 3400 3103 ἐξ
3433 3030 3495 3087 οὐ
3519 3032 3584 3087 τὰ
3613 3033 3810 3101 πάντα,

2158 3124 2247 3178 καὶ
2306 3125 2470 3197 ἡμεῖς
2519 3123 2594 3185 εἷς
2652 3121 2830 3190 αὐτὸν,
2882 3121 2971 3176 καὶ
3021 3123 3097 3184 εἷς
3165 3120 3365 3195 Κύριος
3415 3122 3626 3192 Ἰησοῦς
3684 3124 3815 3196 Χρι-

2159 3213 2302 3281 στὸς,
2364 3210 2433 3267 δι’
2486 3210 2548 3266 οὗ
2598 3212 2664 3265 τὰ
2714 3215 2906 3280 πάντα,
2955 3208 3045 3265 καὶ
3094 3210 3257 3282 ἡμεῖς
3310 3207 3379 3264 δι’
3412 3208 3599 3266 αὐτοῦ.
3635 3209 3699 3266 Εἰ
3759 3207 3818 3265 δὲ

399 3300 519 3354 tum
564 3316 584 3353 :
629 3302 679 3354 et
727 3314 871 3354 unus
918 3299 1179 3355 Dominus
1216 3279 1371 3355 Iesus
1418 3279 1684 3369 Christus,
1733 3317 1833 3369 per
1887 3317 2047 3372 quem

2174 3302 2229 3357 τὰ
2258 3300 2430 3356 πάντα
2477 3298 2547 3356 δι’
2595 3300 2779 3369 αὐτοῦ,
2831 3298 2992 3361 αὐτὸς
3033 3299 3133 3354 οὐκ
3163 3298 3221 3353 ἂν
3254 3296 3337 3368 εἶή
3375 3296 3816 3371 συναριθμούμε-

399 3388 613 3455 omnia,
645 3396 697 3444 et
748 3404 847 3444 nos
896 3404 995 3459 per
1040 3389 1220 3459 ipsum
1259 3388 1324 3443 “.
1378 3388 1435 3444 Si
1488 3405 1657 3460 porro
1711 3389 1909 3445 omnia
1955 3406 2060 3462 per

401 3477 623 3549 ipsum,
648 3477 773 3548 ipse
805 3478 1060 3548 profecto
1092 3477 1246 3534 inter
1276 3478 1477 3533 omnia
1507 3480 1909 3534 numerandus
1942 3497 2055 3535 non

406 3566 628 3629 est.0ui
661 3565 817 3622 enim
849 3582 1122 3637 eum,per
1151 3583 1314 3638 quem
1343 3569 1552 3634 omnia,
1574 3584 1757 3622 unum
1790 3570 2052 3624 omnium

406 3672 538 3711 esse
568 3654 759 3711 dicere
787 3671 970 3711 ausus
1004 3655 1320 3725 fuerit,§,ille
1350 3657 1421 3712 de
1449 3656 1586 3724 Deo,
1613 3674 1688 3712 ea:
1715 3673 1817 3729 quo
1847 3660 2053 3726 omnia,

406 3743 562 3799 idem
587 3744 761 3815 plane
779 3743 1183 3808 sentiet.Quod
1207 3744 1257 3800 si
1278 3744 1411 3816 quis
1430 3744 1485 3800 id
1508 3749 1786 3817 tanquam
1806 3746 2058 3804 maxime

406 3832 734 3890 absurdum
766 3832 969 3905 procul
1002 3833 1247 3905 rejiciat,
1277 3834 1580 3907 Deumque
1601 3834 1673 3891 ab
1693 3835 1968 3891 omnibus
1993 3841 2058 3892 ut

407 3921 591 3978 alium
622 3922 1385 3995 diecriminet,consequens
1405 3940 1546 3980 sane
1570 3923 1741 3980 fuerit
1761 3931 1825 3979 ut
1848 3925 2056 3997 unige-

405 4012 565 4067 nitus
601 4010 801 4080 Filius,
838 4011 931 4082 qui
966 4010 1154 4067 Patris
1182 4015 1401 4067 naturae
1433 4017 1522 4068 est
1561 4012 1848 4085 proprius,
1902 4013 2055 4071 alius

404 4116 639 4171 quoque
661 4100 733 4156 ab
757 4100 1035 4155 omnibus
1056 4116 1185 4156 esse
1206 4101 1774 4173 censeatur.Atquisi
1790 4102 1913 4174 ipse
1939 4121 2054 4159 non

401 4196 491 4244 est
520 4206 588 4244 ex
618 4190 917 4256 omnibus,
952 4188 1024 4244 de
1054 4187 1154 4243 illo
1188 4190 1351 4245 nefas
1382 4193 1470 4245 est
1507 4189 1715 4260 dicere,
1768 4191 1902 4246 Fuit
1947 4191 2053 4247 ali-

402 4278 661 4350 quando,
714 4294 846 4333 cum
899 4293 1014 4333 non
1066 4284 1256 4347 esset;
1306 4283 1381 4350 et,
1434 4279 1558 4334 Non
1590 4284 1715 4336 erat
1737 4284 2051 4352 antequam

400 4371 758 4423 nasceretur.
792 4366 1143 4437 Hujusmodi
1174 4368 1331 4423 enim
1379 4384 1546 4424 voces
1594 4368 1666 4425 de
1714 4368 1883 4425 factis
1927 4370 2054 4442 qui-

400 4456 534 4510 dem
571 4455 745 4510 rebus
775 4460 909 4526 apte
939 4459 1260 4527 usurpatur
1292 4473 1304 4510 :
1338 4461 1397 4512 at
1417 4457 1541 4529 ipse
1563 4456 1746 4514 Filius
1775 4457 1911 4513 talis
1940 4465 2049 4527 est,

398 4542 594 4615 qualis
624 4544 813 4613 Pater,
835 4545 1006 4615 cujus
1039 4552 1255 4599 naturae
1289 4546 1559 4617 proprius
1588 4563 1821 4620 quoque
1851 4554 1942 4604 est
1968 4548 2048 4604 fe-

2164 3412 2258 3453 νος
2286 3395 2407 3453 τοῖς
2439 3395 2617 3447 πᾶσιν.
2675 3391 2736 3447 Ὁ
2782 3389 2883 3465 γὰρ
2930 3385 3155 3461 τολμῶν
3204 3388 3296 3442 τὸν
3331 3384 3399 3442 δι’
3432 3388 3493 3442 οὗ
3522 3388 3590 3441 τὸ.
3644 3386 3818 3442 πάντα

2167 3478 2343 3556 λέγειν
2393 3479 2486 3534 ’ὲνα
2541 3480 2671 3534 εἶναι
2719 3483 2826 3533 τῶν
2877 3478 3117 3550 πάντων,
3166 3478 3382 3539 πάντως
3445 3473 3511 3547 δή
3568 3484 3672 3531 που
3724 3477 3815 3532 καὶ

2165 3569 2288 3643 περὶ
2337 3572 2491 3635 Θεοῦ,
2552 3566 2603 3639 ἐξ
2652 3567 2715 3622 οὗ
2762 3566 2830 3621 τὰ
2874 3567 3069 3636 πάντα,
3112 3565 3176 3621 τὸ
3208 3565 3338 3620 αὐτὸ
3370 3564 3644 3642 λογίσεται
3677 3568 3811 3638 (11)”

2165 3656 2232 3710 Εἴ
2262 3652 2319 3710 δὲ
2367 3660 2528 3711 τοῦτο
2577 3654 2651 3717 ὠς
2698 3654 2901 3710 ἄτοπον
2953 3654 3133 3732 φεύγει
3180 3673 3282 3723 τις,
3323 3652 3413 3708 καὶ
3446 3650 3707 3731 διίστησιν
3741 3652 3816 3714 ὠς

2166 3743 2336 3799 ἄλλον
2369 3744 2475 3799 ἀπὸ
2504 3748 2614 3799 τῶν
2646 3742 2862 3798 πάντων
2892 3743 2983 3799 τὸν
3016 3743 3165 3811 Θεὸν,
3199 3740 3505 3825 ἄκόλουθοβ
3538 3741 3596 3797 ἂν
3621 3738 3703 3813 εἶή
3726 3742 3814 3797 καὶ
3859 3773 3929 3814 γι

2162 3832 2254 3888 τὸν
2301 3832 2561 3907 μονογενή
2593 3832 2713 3887 Υίὸν
2750 3830 2886 3886 ἴδιον
2919 3830 3047 3886 ὄντα
3073 3838 3175 3902 τῆς
3221 3852 3320 3886 του
3370 3832 3579 3907 Πατρὸς
3633 3830 3815 3894 οὐσίας

2165 3921 2335 3979 ἄλλον
2369 3921 2547 3998 λέγειν
2609 3923 2741 3979 εἶναι
2789 3926 2894 3978 τῶν
2944 3923 3182 3978 πάντων·
3233 3922 3309 3995 μή
3355 3919 3509 3983 ὄντος
3568 3919 3626 3976 δὲ
3649 3921 3814 3976 αὐτοῦ

2161 4016 2270 4067 τῶν
2301 4012 2538 4082 πάντων,
2588 4010 2649 4066 οὐ
2698 4011 2852 4084 θέμις
2902 4008 2983 4065 ἐπ’
3031 4009 3196 4065 αὐτοῦ
3227 4007 3407 4084 λέγειν
3438 4008 3522 4080 τὸ,
3550 4010 3652 4065 Ἤν
3683 4029 3814 4064 ποτε

2163 4099 2252 4156 ὅτε
2283 4099 2380 4155 οὐκ
2407 4103 2497 4170 ἦν,
2528 4099 2638 4156 καὶ.
2674 4099 2788 4157 Οὐκ
2813 4100 2900 4169 ἦν,
2931 4097 3057 4170 πρὶν
3088 4100 3325 4174 γεννηθῇ
3370 4100 3503 4172 (12).
3538 4099 3603 4153 Δὶ
3634 4102 3814 4153 τοιαῦ-

2160 4212 2247 4246 ται
2278 4191 2377 4266 γὰρ
2427 4189 2596 4268 φωναὶ
2641 4189 2776 4244 κατᾶ
2823 4192 2931 4243 τῶν
2981 4189 3307 4261 ποιημάτων
3358 4186 3658 4262 ἀρμύζουσι
3721 4188 3810 4241 Λὲ-

2161 4293 2369 4357 γεσθαι·
2402 4280 2563 4343 αὐτὸς
2596 4277 2653 4334 δὲ
2683 4280 2711 4333 6
2743 4278 2867 4341 Υἱὺς
2893 4277 3144 4340 τοιοῦτός
3170 4276 3457 4348 ἐστιν,οἶός
3481 4277 3623 4359 ἔστιν
3647 4279 3675 4333 6
3705 4283 3812 4333 Πα-

2160 4372 2263 4446 τήρ
2296 4372 2426 4444 (13),
2460 4367 2521 4424 οὗ
2551 4369 2641 4424 καὶ
2673 4366 2783 4424 ἔστι
2813 4374 2913 4438 τῆς
2948 4367 3131 4429 οὐσίας
3164 4364 3297 4422 ξ’διον
3326 4368 3591 4443 γέννημα,
3614 4366 3809 4444 Λόγος,

2158 4459 2248 4514 καὶ
2283 4458 2475 4537 Σοφία.
2511 4458 2687 4516 Τοῦτο
2719 4459 2823 4533 γάρ
2847 4454 2983 4512 ἴδιον
3014 4460 3112 4512 τοῦ
3133 4456 3263 4511 Υἱοῦ
3292 4457 3428 4531 πρὸς
3456 4455 3548 4511 τὸν
3581 4455 3809 4531 Πατέρα,

2158 4547 2247 4604 καὶ
2276 4552 2438 4603 τοῦτο
2470 4547 2559 4603 τὸν
2584 4547 2793 4623 Πατέρα
2809 4546 2906 4602 τοῦ
2932 4546 3060 4602 Υίοῦ
3083 4542 3349 4601 δείκνυσιν
3367 4542 3683 4615 ’ίδιονμῖύστε
3704 4546 3812 4618 μή-

398 4636 521 4701 tus,
554 4632 807 4689 Verbum
841 4649 907 4689 ac
956 4632 1273 4705 Sapientia.
1322 4634 1587 4707 Namque
1637 4635 1693 4691 id
1741 4636 2041 4708 proprium

2174 4657 2209 4692 τε
2230 4639 2343 4711 (14)
2362 4638 2452 4692 τὸν
2474 4636 2602 4692 Θεὸν
2621 4634 2801 4712 λέγειν
2822 4635 2955 4691 ποτὶ
2977 4632 3354 4711 ἄλογον,μήτε
3383 4634 3474 4690 τὸν
3508 4634 3632 4689 Υἳὸν
3656 4634 3813 4689 ἀνύπ-

467 4748 513 4825 ξυ
538 4748 710 4825 Joan.
740 4766 867 4825 xlv,
886 4749 941 4805 6.
1017 4749 1059 4783 ⁶¹
1091 4748 1252 4803 Prom
1286 4765 1409 4819 Vm,
1440 4751 1525 4818 12,
1560 4752 1646 4807 12.
1722 4752 1768 4787 θ’
1799 4754 1873 4808 ls.
1910 4769 2067 4825 Lvm,
2102 4754 2190 4811 11.

395 4819 441 4854 ⁸⁸
474 4821 493 4876 1
524 4822 652 4876 Cor.
683 4838 809 4889 vm,
839 4822 893 4875 6.

469 4945 544 5017 (4)
577 4944 763 5017 Editio
795 4944 932 5000 Com
944 4943 1115 5017 mel},
1137 4941 1219 5013 ε’ίη

398 5016 588 5090 guer.,
626 5016 851 5090 Gobler.
886 5021 943 5071 et
972 5016 1251 5084 Felckm.,
1284 5016 1337 5081 1,
1368 5016 1667 5090 ἀκύλουθον
1701 5017 1762 5073 ἃν
1801 5016 1885 5089 εἶή
1946 5023 2047 5088 τήν

395 5087 600 5180 πηγήν.
660 5088 843 5144 Paulo
901 5093 1033 5160 post
1086 5090 1350 5160 Seguer.,
1404 5087 1532 5144 ἁλλ’
1586 5087 1735 5145 ἀίδια
1789 5087 1926 5164 μήτε
1957 5087 2047 5146 άν-

400 5178 665 5214 υπαβκτα.

696 5235 958 5306 Seguer.,
993 5234 1157 5306 ᾕρεε.
1189 5230 1391 5306 Basil.,
1418 5233 1669 5306 Anglic.,
1708 5234 1957 5291 Felckm.
1990 5236 2042 5292 5.

397 5298 549 5395 Edyl'i
581 5318 736 5395 vero,
767 5298 934 5395 ξαΞτα
961 5298 1145 5391 Υἱὸςνὸ
1195 5298 1389 5395 λέγων.
1443 5298 1569 5361 Max
1609 5298 1939 5363 Goblerian.
1993 5313 2048 5363 et

393 5374 646 5451 Felckm.
682 5376 733 5451 l_,
766 5374 800 5441 ἠ
836 5372 1007 5451 Σοφία
1030 5372 1408 5451 κατεσκεύασα,

467 5448 542 5516 (6)
568 5447 661 5502 Sic
689 5446 936 5517 Seguerf
958 5447 1020 5501 In
1052 5446 1246 5513 editis,
1279 5455 1336 5517 et
1364 5447 1517 5515 aliis,
1550 5450 1714 5505 deest
1737 5446 1844 5502 ὅτε·
1872 5450 2045 5505 Paulo

398 5525 529 5588 post
562 5520 677 5586 Reg
728 5515 790 5573 et
818 5517 1066 5590 Felckm,
1104 5520 1154 5590 4.
1190 5517 1254 5571 Ei
1283 5515 1340 5590 ὸὲ
1377 5519 1625 5590 τοιαύτη.
1678 5521 1742 5575 Et
1784 5538 1923 5590 mox
1953 5526 2047 5576 Se-

397 5606 597 5662 gni-tn,
619 5591 780 5662 1103.,
812 5590 1012 5662 Basil.,
1047 5588 1096 5661 ἐξ
1129 5588 1319 5643 ἑαυτοῦ
1352 5592 1502 5647 Editi
1533 5588 1598 5647 et
1623 5592 1742 5659 alii,
1776 5589 1827 5660 ἐξ
1857 5591 2041 5648 αὑτοῦ.

398 5661 839 5786 ,λξῖτζεῗξεευεικη
872 5661 927 5731 ᾗ.
963 5662 1118 5717 Idem
1152 5668 1209 5716 et
1240 5663 1468 5720 Gobler.
1504 5670 1560 5719 et
1595 5663 1843 5719 Felcklu.
1884 5666 1928 5731 l,
1962 5661 2039 5733 ἐξ-

467 5750 631 5788 ειπεν.

1274 4941 1574 5001 ἀκόλουθον
1616 4944 1701 5001 ἂν.
1761 4948 1907 5004 Ibid.
1958 4953 2051 5004 Se-

2292 4755 2337 4792 ⁸³
2365 4755 2459 4811 Ps.
2494 4770 2616 4823 CIII,
2646 4754 2737 4809 24.
2830 4754 2878 4790 ⁸⁸
2903 4757 3071 4809 Prov.
3104 4769 3189 4821 ιιι,
3225 4754 3311 4808 19.
3406 4752 3451 4788 ⁸⁸
3477 4751 3648 4809 Joan.
3682 4768 3723 4820 ι,
3753 4752 3807 4808 3-

2229 4951 2305 5022 (8)
2336 4950 2429 5006 Sic
2461 4947 2896 5022 seguer.,_Reg.
2941 4952 2998 5022 et
3052 4948 3232 5022 Isaias,
3259 4962 3427 5022 tvm,
3490 4946 3591 5022 11._
3632 4945 3805 5002 Basil.

2156 5016 2407 5095 Anglic.,
2441 5016 2693 5095 Felékm.
2725 5016 3169 5095 inornatae-rat.
3194 5019 3368 5089 Editi,
3392 5016 3804 5086 πιανθήσονται.

2156 5088 2281 5149 Μοῖι
2314 5088 2580 5167 segnem,
2612 5093 2646 5159 ἢ
2683 5091 2757 5167 μὴ
2794 5088 3056 5167 ἐξίξλιπὲν.

2249 5167 2303 5235 9)
2335 5155 2474 5238 REg.
2509 5155 2575 5220 et
2596 5155 2793 5238 Basil.,
2822 5155 3063 5238 αὕτη-τε.
3101 5162 3347 5238 Anglia,
3381 5158 3513 5230 αὕτη
3549 5155 3625 5213 δέ.

2254 5238 2338 5307 10)
2366 5234 2626 5308 δυ’ςυθτη
2657 5234 2875 5308 omittit
2904 5236 2932 5289 6
2963 5234 3178 5308 Ilatjp.

2228 5297 2340 5379 (11)
2372 5297 2634 5379 signa.)
2685 5304 2912 5379 G_obler.
2965 5310 3021 5361 et
3067 5297 3319 5362 Felckm.
3380 5297 3803 5379 1,}oyiofq-cai.

2155 5369 2677 5454 Basil:,_lo§l§_s1:_at.
2716 5376 2892 5454 Paulo
2933 5380 3065 5454 post
3116 5380 3375 5450 Seguer.,
3416 5369 3526 5428 τῶν
3575 5369 3804 5428 ’πάντων

2152 5451 2245 5506 τὸν
2281 5449 2430 5505 Θεόν.
2462 5448 2633 5519 Editi,
2664 5448 2879 5502 πάντων
2910 5448 3063 5503 Θεόν.

2228 5526 2340 5594 (12)
2368 5525 2459 5579 Sic
2492 5516 2753 5594 Seguer.,
2785 5520 2983 5588 Basil.,
3014 5518 3235 5593 Anglic.
3277 5523 3335 5577 et
3365 5516 3616 5573 Felckm.
3647 5518 3703 5572 2.
3734 5517 3806 5573 At

2154 5592 2329 5666 Rc'g.,
2346 5592 2583 5667 γενηοῇξ
2608 5592 2779 5667 Εᾴἱίὶ,
2813 5597 3162 5667 γεννηθῇναι.

2224 5657 2337 5739 3)
2360 5657 3224 5739 ’ὃθςυὶιπ,(ῗιοωθὶιέιιξῗβιοιιαιε]
3246 5657 3800 5739 omittuntbllaulp.

2223 5733 2335 5809 (14)
2365 5733 2625 5811 Seguer.,
2661 5735 2819 5809 μήτε.
2853 5735 3003 5793 Editi
3033 5739 3090 5793 et
3120 5733 3239 5803 alii,
3277 5734 3376 5807 μή.
