4090 6330
270 382 355 447 53
1446 380 1738 443 ORATIO
1781 379 1804 439 Ι
1849 379 2161 441 CONTRA
2212 382 2580 446 ARIANOS.
3635 386 3715 447 54

272 514 481 591 αρκτόν
517 536 647 570 ποιε
678 514 875 590 λᾶγειν.
908 517 1059 572 Ἐπεὶ
1090 514 1180 571 διὰ
1209 515 1260 571 τί
1286 514 1412 576 Υἱὸς
1461 512 1506 569 εἰ
1540 513 1617 586 μὴ
1651 511 1702 581 ἐξ
1731 509 1895 565 αὐτοῦ

2061 516 2150 568 est
2185 512 2307 570 Filii
2341 531 2478 589 erga
2510 517 2759 587 Patrem,
2793 518 3067 593 idemque
3116 518 3346 575 Patrem
3404 518 3528 575 Filii
3581 537 3711 593 pro-

269 606 305 674 ἢ
341 602 437 659 διὰ
460 604 520 659 τί
552 605 731 682 ⁴λόγος
759 606 849 660 καὶ
882 604 1056 681 Σοφία
1088 606 1132 660 εἶ
1160 605 1236 678 μὴ
1261 604 1341 659 ἀεὶ
1358 604 1448 659 καὶ
1469 599 1731 675 ἴδιον(15)
1746 598 1946 667 αὐτοῦς

2058 602 2254 674 prium
2304 606 2580 675 ostendit,
2629 606 2712 663 ita
2746 611 2812 663 ut
2841 607 2954 663 diei
2988 611 3243 681 nequeat
3271 606 3358 664 vel
3390 609 3568 665 Deum
3603 609 3706 664 ati-

268 698 526 767 quando
559 696 690 753 sine
722 697 903 753 Verbo
935 714 1039 753 seu
1071 697 1314 753 Ratione
1342 695 1542 764 fuisse,
1574 691 1662 749 vel
1695 690 1904 749 Filium
1938 688 2257 763 aliquando
2293 711 2407 750 non
2464 696 2778 753 exstitisse.
2837 697 3198 769 Caeteroquin
3260 714 3365 753 cur
3420 697 3711 754 diceretur

266 785 491 854 Filius,
556 786 673 841 nisi
704 791 860 842 esset
886 803 955 842 ex
980 785 1155 859 ipso?
1182 784 1269 841 vel
1303 800 1483 856 quare
1513 782 1768 838 Verbum
1800 783 1856 835 et
1884 778 2183 850 Sapientia
2215 782 2630 857 appellaretur,
2665 785 2778 841 nisi
2810 790 2866 842 et
2898 802 3133 858 semper
3159 791 3218 843 et
3245 787 3518 860 proprius
3549 785 3708 842 illius

266 879 433 929 esset
447 873 481 927 ‘?

336 965 437 1018 20.
478 961 628 1017 Πότε
682 966 815 1037 γοῦν
860 966 959 1017 τοῦ
1018 959 1159 1017 ἰδίου
1208 962 1384 1038 χωρὶς
1416 963 1481 1030 ἦν
1507 960 1536 1014 6
1566 953 1694 1019 Θεὸς
1719 976 1732 1026 ;
1757 958 1793 1025 ἢ
1821 959 1938 1016 πῶς

259 1072 348 1113 τις
412 1053 548 1125 περῖ
601 1056 699 1106 τοῦ
750 1049 912 1121 ἰδίου,
948 1052 1021 1113 ὡς
1073 1052 1196 1128 περῖ
1245 1051 1396 1121 ξένου
1446 1049 1534 1104 καὶ
1579 1046 1938 1121 ἀλλοτριοου-

258 1139 388 1194 σέου
423 1143 548 1213 (16)
581 1137 801 1195 δύναται
846 1138 1210 1216 λογίσασθαι;
1242 1140 1318 1194 Τὰ
1368 1140 1463 1212 μὶν
1510 1138 1613 1213 γὰρ
1661 1134 1805 1191 ἄλλα
1852 1132 1939 1187 οἷά

257 1228 374 1283 ἔστι
426 1230 502 1284 τὰ
551 1230 776 1305 γενητὰ,
811 1227 966 1285 οὐδὲν
1017 1229 1210 1302 ὅμοιον
1261 1229 1379 1283 κατ’
1412 1226 1594 1282 οὐσίαν
1642 1223 1757 1302 ἔχει
1799 1224 1934 1299 πρὸς

252 1319 351 1373 τὸν
400 1318 783 1389 πεποιηκότα⁸
819 1316 947 1374 ἀλλ’
976 1314 1170 1389 ἔξωθεν
1218 1316 1383 1372 αὐτοῦ
1434 1316 1543 1371 ἐστι
1577 1316 1713 1389 (17),
1745 1314 1933 1389 χάριτι

248 1409 345 1460 καὶ
403 1406 682 1483 βουλήσει
730 1408 897 1463 αὐτοῦ
943 1413 1023 1480 τῷ
1074 1409 1234 1484 Λόγῳ
1266 1405 1548 1481 γενόμενα,
1584 1403 1720 1458 ὥστε
1766 1402 1932 1457 πάλιν

248 1494 530 1561 δύνασθαι
621 1498 715 1552 καὶ
799 1496 1060 1552 παύεσθαί
1153 1517 1332 1565 ποτε,
1408 1495 1453 1549 εἰ
1538 1493 1817 1563 θελήσειεν
1903 1492 1931 1546 6

246 1588 527 1656 ποιήσας·
567 1586 776 1657 ταύτης
826 1587 931 1661 γὰρ
989 1584 1098 1640 ἐστι
1157 1584 1367 1663 φύσεως
1420 1583 1488 1637 τὰ
1543 1583 1746 1658 γενητά
1792 1583 1926 1655 (18).

248 1676 331 1732 Τὸ
393 1672 461 1729 δὲ
516 1672 660 1729 ἴδιον
716 1682 818 1745 τῆς
876 1674 1058 1735 οὐσίας
1121 1679 1218 1729 τοῦ
1276 1674 1483 1748 Ila-:96;
1542 1670 1928 1746 (ὡμολόγηται

247 1762 358 1836 γὰρ
398 1759 521 1832 ἤδη
578 1766 744 1817 τοῦτο
804 1763 933 1817 εἶναι
979 1763 1007 1817 6
1059 1761 1222 1834 Υἱός)
1255 1766 1372 1823 πῶς
1401 1759 1464 1816 ού
1494 1758 1777 1833 τολμηρὸν
1836 1760 1926 1813 καὶ

251 1846 523 1913 δυσσεϐὲς
578 1851 751 1906 εἷπεῖν
801 1850 852 1921 ἐξ
902 1850 1013 1919 οὐκ⁵
1047 1846 1240 1923 ὄντων,
1272 1848 1361 1905 καί
1409 1849 1490 1904 ὅτι
1542 1849 1642 1903 οὐκ
1689 1852 1754 1918 ἦν
1801 1848 1927 1920 πρὶν

246 1943 504 2015 γεννηθῇ
539 1942 681 2013 (19),
713 1939 841 1996 ἀλλ’
881 1934 1316 2013 ἐπσσυμϐἐϐηκε,
1348 1939 1437 1994 καὶ
1483 1936 1702 1993 δύδαται
1758 1936 1922 1993 πάλιν

2124 962 2211 1017 10.
2244 962 2626 1026 Quandonam
2659 963 2839 1036 igitur
2868 964 3021 1021 Deus
3070 965 3197 1021 sine
3245 964 3346 1021 illo
3397 964 3506 1021 fuit
3550 966 3703 1038 quod

2056 1048 2246 1120 ipsius
2276 1052 2576 1124 proprium
2597 1054 2805 1110 est?vel
2837 1054 2970 1127 quis
2991 1054 3048 1109 id
3072 1055 3227 1127 quod
3260 1054 3563 1127 proprium
3588 1060 3699 1121 est,

2048 1145 2323 1210 tanquam
2349 1140 2487 1212 quid
2507 1145 2808 1197 externum
2833 1147 2889 1197 et
2909 1143 3061 1214 quod
3089 1142 3327 1199 diversa:
3351 1142 3429 1199 sit
3451 1147 3697 1214 naturas,

2046 1228 2235 1298 possit
2265 1228 2613 1300 concipere?
2644 1228 2945 1286 Enimvero
2993 1246 3085 1287 res
3135 1230 3260 1287 alias
3308 1230 3510 1303 quales
3557 1237 3697 1288 sunt

2046 1331 2138 1371 res
2171 1316 2356 1382 facta,
2396 1317 2542 1373 nihil
2575 1324 2785 1374 natura
2814 1318 3008 1375 simile
3038 1319 3253 1375 habent
3284 1337 3420 1375 cum
3452 1337 3559 1377 suo
3591 1338 3692 1377 au-

2044 1409 2221 1470 ctore,
2255 1406 2352 1461 sed
2388 1411 2549 1462 extra
2581 1423 2739 1475 eum,
2771 1408 3039 1479 ejusdem
3070 1407 3258 1478 gratia
3286 1413 3343 1463 et
3371 1409 3691 1483 voluntate,

2042 1509 2146 1565 per
2164 1492 2416 1549 Verbum
2441 1500 2580 1551 sunt
2601 1496 3019 1564 conditae,adeo
3041 1501 3106 1553 ut
3127 1497 3354 1570 possint
3373 1498 3692 1572 aliquando

2040 1597 2167 1638 esse
2193 1583 2479 1651 desinere,
2513 1585 2560 1639 si
2586 1602 2795 1657 nempe
2825 1586 3109 1658 placuerit
3137 1587 3389 1643 Creatori
3424 1604 3436 1642 :
3471 1588 3691 1661 quippe

2039 1687 2172 1726 cum
2205 1688 2273 1728 ea
2303 1673 2381 1728 sit
2410 1690 2605 1729 rerum
2640 1674 2923 1731 factarum
2957 1676 3109 1733 885
3139 1680 3367 1732 natura.
3419 1679 3486 1732 At
3533 1678 3686 1749 quod

2038 1765 2258 1816 natura;
2291 1763 2479 1819 Patris
2510 1768 2599 1819 est
2628 1764 2926 1837 proprium
2959 1765 3093 1833 (hoe
3124 1765 3280 1822 enim
3312 1782 3438 1821 esse
3476 1765 3682 1821 Filium

2028 1848 2153 1919 jam
2179 1865 2521 1908 concessum
2544 1852 2876 1924 est),annon
2905 1854 3220 1911 ternarium
3242 1859 3300 1911 et
3323 1855 3569 1928 impium
3595 1861 3686 1911 est

2035 1954 2103 1993 ex
2116 1938 2299 1995 nihilo
2312 1955 2440 1996 esse
2453 1941 2778 2009 dicere,nec
2793 1942 2972 1999 fuisse
2987 1950 3301 2015 antequam
3318 1948 3679 2016 nasceretur,

249 2032 327 2105 μή
383 2030 536 2085 εἶναί
589 2050 759 2099 ποτε;
790 2034 961 2084 Τοῦτο
1012 2027 1068 2083 δὲ
1116 2029 1203 2083 καὶ
1248 2023 1411 2101 μόνον
1462 2029 1490 2083 ὁ
1521 2027 1920 2101 ἐνθυμούμενος

2043 2028 2127 2084 sed
2141 2029 2523 2086 adventitium
2537 2047 2983 2105 esse,posseque
2996 2033 3207 2090 iterum
3231 2032 3547 2105 aliquando
3565 2051 3681 2091 non

242 2118 625 2186 κατανοείτω,
667 2124 786 2181 πῶς
835 2119 898 2173 τὸ
945 2116 1152 2173 τέλειον
1202 2118 1290 2172 καὶ
1335 2117 1398 2172 τὸ
1436 2115 1646 2193 πλῆρες
1690 2124 1790 2187 τῆς
1826 2115 1923 2172 τοῦ

244 2209 474 2285 Πατρὸς
514 2208 709 2270 οὐσίας
756 2209 1061 2286 ἀφαιρεῖται
1088 2225 1100 2237 ⁸
1151 2207 1241 2262 καὶ
1284 2207 1383 2283 γὰρ
1435 2207 1803 2282 φανερώτερον
1860 2203 1918 2261 ἄν

238 2320 322 2360 τις
374 2296 497 2353 ἴδοι
553 2294 728 2351 πάλιν
773 2296 836 2352 τὸ
884 2297 1084 2352 ἄτοπον
1131 2303 1233 2366 τῆς
1263 2296 1540 2372 αἱρέσεως,
1573 2295 1659 2351 ἐὰν
1688 2295 1921 2369 ἐνθυμη-

239 2392 329 2462 θῇ,
366 2388 461 2443 ὅτι
513 2388 544 2441 6
602 2387 731 2448 Υἱὸς
780 2387 937 2440 εἰκὼν
984 2385 1094 2441 ἐστι
1141 2386 1229 2441 καὶ
1284 2384 1612 2460 ἀπαύγασμα
1656 2389 1753 2440 τοῦ
1812 2392 1920 2440 Πα-

238 2478 397 2551 τρός,
435 2476 533 2531 καῖ
571 2477 885 2551 χαρακτὴρ,
916 2475 1006 2529 καὶ
1039 2474 1285 2546 ἀλήθεια.
1320 2474 1387 2529 Εἴ
1426 2476 1528 2550 γὰρ
1578 2475 1920 2551 ὑπάρχοντος

248 2567 460 2643 φωτὸς,
493 2562 648 2620 ἔστιν
707 2564 865 2619 εἰκὼν
924 2562 1087 2619 αὐτοῦ
1141 2565 1203 2619 τὸ
1260 2563 1586 2641 ἀπαύγασμα
1642 2568 1773 2637 (20)·
1832 2564 1920 2620 καὶ

241 2655 414 2725 οὔσης
452 2654 843 2721 ὑποστάσεως,
876 2651 984 2708 ἔστι
1017 2652 1218 2725 ταύτης
1261 2655 1290 2709 6
1344 2655 1629 2730 χαρακτήρ
1680 2653 1920 2724 ὀλόκλη-

245 2766 355 2821 ρος·
397 2745 501 2799 καὶ
538 2738 704 2804 ὄντος
736 2743 969 2816 Πατρὸς,
1014 2739 1154 2798 ἔστιν
1206 2744 1239 2813 ἡ
1302 2742 1531 2814 ἀλήθεια
1562 2746 1673 2817 (21)
1704 2742 1920 2799 σκοπεί-

244 2855 431 2890 τωσαν
467 2835 525 2889 οἱ
563 2834 668 2902 τὴν
700 2830 882 2887 εἰκόνα
909 2832 997 2887 καὶ
1027 2832 1090 2887 τὸ
1122 2830 1265 2894 εἶδος
1293 2839 1394 2902 τῆς
1426 2833 1680 2902 Θεότητος
1709 2833 1923 2909 ’χρόνῳ

252 2927 601 2999 μετροῦντες
646 2920 725 2983 εἷς
783 2921 949 2976 πόσον
1010 2916 1250 2984 ἀσεϐείας
1303 2921 1572 2998 βάραθρον
1611 2922 1920 2979 πίπτουσιν.

248 3014 311 3069 Εἴ
341 3014 459 3088 γὰρ
495 3011 606 3066 οὐκ
635 3014 702 3079 ἦν
745 3012 774 3065 6
813 3012 960 3079 Υἱὸς,
989 3012 1117 3087 πρὶν
1146 3013 1383 3086 γεννηθῇ
1416 3014 1547 3085 (22),
1583 3011 1682 3067 οὐκ
1726 3015 1790 3082 ἦν
1842 3013 1922 3068 ἀεὶ

246 3100 295 3155 ἐν
341 3106 430 3174 τῷ
483 3105 613 3173 Θεῷ
660 3102 697 3169 ἡ
736 3098 985 3170 ἀλήθεια.
1021 3097 1194 3157 Ἀλλὰ
1221 3105 1381 3156 τοῦτο
1413 3099 1589 3178 λέγειν
1623 3101 1685 3156 ού
1745 3101 1920 3176 θέμις·

239 3197 333 3245 τοῦ
364 3194 478 3267 γὰρ
518 3191 739 3265 [ἰατρὸς
774 3185 948 3263 ὄντος,
979 3192 1045 3259 ἦν
1074 3189 1153 3245 ἀεὶ
1186 3189 1237 3245 ἐν
1270 3190 1415 3263 αὐτῷ
1445 3193 1557 3265 (23)
1590 3193 1624 3260 ἡ
1670 3191 1920 3263 ἀλήθεια,

239 3282 364 3349 ἥτις
427 3279 587 3334 ἐστὶν
650 3280 681 3334 6
737 3279 862 3341 Υἱὸς
897 3280 926 3333 6
982 3277 1175 3355 λέγων’
1214 3280 1358 3355 Ἐγὼ
1406 3280 1518 3353 εἶμι
1569 3283 1603 3350 ἡ
1639 3280 1919 3351 Ἀλήθεια·

236 3373 322 3424 καὶ
360 3377 471 3439 τῆς
513 3367 867 3429 ὑποστάσεως
896 3366 1274 3443 ὑπαρχούσης,
1306 3370 1517 3431 πάντως
1569 3368 1723 3433 εὐθὺς
1784 3373 1918 3425 εἶναι
1950 3394 1992 3461 C

238 3457 319 3513 δεῖ
348 3459 454 3513 τὸν
509 3464 845 3533 χαρακτῆρα
892 3457 981 3511 καὶ
1038 3458 1136 3525 τὴν
1192 3456 1372 3512 εἰκόνα
1425 3458 1645 3529 ταύτης
1692 3458 1753 3514 ού
1814 3459 1915 3534 γὰρ

234 3547 443 3618 ἔξωθὲν
503 3546 622 3601 ἐστι
674 3547 995 3623 γραφομένη
1046 3548 1080 3615 ἡ
1115 3549 1221 3619 (24)
1250 3550 1348 3601 τοῦ
1394 3552 1527 3603 Θεοῦ
1579 3547 1758 3602 εἰκών·
1792 3548 1917 3603 ἀλλ’

234 3637 406 3699 αὗτὸς
441 3638 472 3692 6
501 3636 639 3696 Θεὸς
669 3637 936 3709 γεννητής
968 3635 1077 3690 ἐστι
1107 3635 1329 3707 ταύτης,
1363 3634 1417 3691 ἐν
1533 3638 1717 3692 ἑαυτὸν
1775 3639 1915 3713 ὁρῶν

239 3726 591 3802 προσχαὶρει
650 3724 838 3798 ταύτῃ,
898 3725 972 3785 ὡς
1028 3724 1184 3787 αὐτὸς
1244 3728 1271 3780 6
1332 3726 1452 3788 Υἱὸς
1520 3725 1668 3801 λέγει
1703 3745 1715 3759 ’
1776 3728 1917 3803 Ἐγὼ

235 3815 401 3889 ἤμην
512 3816 874 3890 προσέχαιρε.
929 3814 1064 3869 Πότε
1108 3820 1236 3890 γοῦν
1289 3815 1395 3892 οὐχ
1444 3817 1588 3892 ἑώρα
1636 3818 1747 3890 (25)
1796 3816 1917 3870 ἔαυ-

235 3908 328 3960 τὸν
364 3908 399 3959 6
436 3905 640 3979 Πατὴρ
675 3902 727 3957 ἐν
774 3907 840 3977 τῇ
896 3901 1086 3957 ἑαυτοῦ
1132 3899 1298 3958 εἰκόνι
1325 3923 1338 3973 ;
1448 3905 1580 3960 πότε
1632 3904 1693 3960 οὐ
1748 3926 1914 3981 προσ-

241 3997 504 4070 ἐχαιρεν,
528 3990 624 4046 ’ἕνα
652 3993 910 4066 τολμήσῃ
956 4013 1037 4054 τις
1077 3992 1268 4049 εἰπεῖν.
1303 3993 1386 4064 Ἐξ
1418 3993 1516 4048 ούκ
1571 3991 1740 4049 ὄντων
1774 3993 1913 4050 ἐστὶν

241 4086 273 4153 ἠ
306 4084 516 4155 εἰκὼν,
553 4081 667 4152 καὶ,
698 4081 812 4139 Οὐκ
839 4084 903 4150 ἦν
939 4082 1146 4158 χαίρων
1190 4084 1218 4138 6
1272 4084 1479 4159 Πατὴρ,
1512 4084 1637 4159 πρὶν
1695 4084 1916 4160 γένηται

240 4176 275 4242 ἡ
330 4173 508 4228 εἰκὼν
542 4190 557 4240 ;
590 4175 717 4233 Πῶς
765 4168 823 4225 δὲ
868 4171 958 4225 καὶ
1009 4172 1191 4226 ἑαυτὸν
1238 4171 1297 4225 ἂν
1334 4169 1440 4227 ἴδοι
1471 4173 1500 4227 6
1532 4173 1769 4243 ποιητής
1826 4174 1914 4229 καὶ

239 4264 481 4332 κτίστης
547 4259 602 4314 ἐν
637 4258 829 4334 κτιστῇ
887 4259 978 4314 καὶ
1036 4263 1149 4334 (26)
1192 4264 1397 4337 γενητῇ
1456 4260 1663 4333 οὐσίᾳ;
1719 4264 1914 4318 Τοιαύ-

239 4372 344 4421 την
410 4350 522 4425 γὰρ
580 4350 719 4405 εἶναι
776 4346 859 4404 δεῖ
902 4349 1002 4417 τὴν
1053 4348 1254 4422 εἰκόνα,
1288 4348 1404 4412 οἷός
1442 4348 1581 4405 ἐστιν
1634 4352 1661 4405 6
1715 4351 1917 4423 ταύτης

241 4442 466 4515 Πατήρ.

311 4614 360 4648 ⁸⁷
393 4615 578 4668 Joan.
612 4625 727 4673 xxv,
757 4610 812 4664 6.
887 4609 933 4645 ⁸⁸
963 4608 1128 4666 Prov.
1156 4626 1281 4676 vni,
1312 4610 1402 4666 30.

316 4788 571 4864 (15)_§ic
624 4787 886 4857 Seguer.,
934 4791 996 4841 ut
1041 4791 1096 4842 et
1143 4787 1284 4860 legit
1335 4788 1625 4846 Nannius.
1665 4792 1813 4848 Editi
1864 4797 1922 4851 et
1950 4797 1998 4864 D

250 4857 376 4925 alii,
408 4857 620 4915 ἆξδιον.

320 4934 442 5059 (16)
476 4934 750 5014 Seguer.,
810 4926 1333 5014 ἀλλοτριοουσίου...
1362 4930 1525 4999 Ριρεζ..
1572 4933 1819 4990 Gobler.
1863 4940 1921 4991 et

248 5007 320 5061 Fc
349 5008 518 5061 ckm.
575 5005 624 5067 1,
677 4998 1155 5077 αλλοτριουσίου.-
1187 5001 1726 5077 Εᾴιίι,ηᾷλλοτρίου.
1788 5008 1918 5077 Mox

247 5078 521 5134 Felckm.
553 5079 588 5129 2
621 5090 753 5129 cum
787 5071 981 5143 editis,
1010 5071 1109 5125 ὅσα
1138 5071 1268 5127 ἐστί.
1306 5074 1413 5129 Alii
1465 5071 1635 5136 mss"
1669 5078 1757 5130 οἷά
1782 5075 1916 5134 ἐστι.

310 5150 439 5217 ι17)
475 5147 575 5204 Sic
608 5146 849 5218 Segunr.
878 5147 942 5218 I_n
973 5146 1145 5201 editis
1177 5151 1235 5201 et
1264 5146 1396 5201 aliis
1426 5148 1590 5204 deest
1621 5147 1752 5204 ἐστί.
1773 5151 1911 5205 Ibid.

242 5214 534 5293 Sesuérzt
557 5217 639 5293 τῷ
671 5214 822 5290 Rw
851 5215 1037 5293 αὐξοῦτ

316 5286 351 5353 Γ
344 5294 436 5364 18)
473 5291 571 5347 Sic
596 5286 872 5364 Segne-rw
904 5288 1135 5364 Gobler.
1179 5290 1238 5364 et
1285 5286 1537 5364 Felclim.
1576 5292 1625 5346 1.
1663 5292 1768 5364 Alii
1812 5309 1917 5347 au—

242 5370 364 5420 tem
417 5356 495 5420 let
541 5356 714 5436 editi,
753 5356 1020 5436 Τοιαύτην
1069 5358 1172 5433 γάρ
1211 5356 1333 5436 ’ἐστι
1362 5359 1596 5436 -φύσεῳς
1631 5363 1698 5416 τὰ
1726 5365 1913 5436 γεννή-

250 5456 419 5508 ματα.
462 5433 651 5508 Paulo
683 5437 816 5505 post
846 5433 1109 5508 Segusr,
1141 5434 1305 5485 τοῦτο
1336 5432 1470 5485 εἶναι
1503 5432 1650 5494 Υἱός.

318 5508 438 5577 (19)
469 5507 735 5578 Seguer.,
768 5505 1017 5631 ye‘vntgi.
1054 5573 1065 5585 .
1483 5574 1518 5588 η

322 5581 444 5631 (20)
480 5578 583 5631 Sic
640 5577 879 5631 Seeuer.
1004 5577 1070 5628 ιιι
1122 5589 1258 5631 vero
1307 5578 1365 5631 et
1420 5574 1518 5631 alii

322 5573 444 5652 (20)
480 5573 583 5652 Sit—3
626 5573 879 5652 segnem
917 5573 1070 5631 Editi
1122 5589 1258 5631 vero
1307 5578 1365 5632 et
1420 5574 1542 5643 alii,
1573 5573 1731 5629 εἰκών
1777 5574 1918 5631 ἐστιν

248 5646 424 5704 αἱ»τοῦ
460 5648 553 5703 καὶ
584 5647 649 5701 τὸ
678 5646 1031 5721 ἀπαύγασμα.

324 5723 443 5795 (21)
478 5722 575 5777 Sic
605 5715 946 5795 SeguerIAt'
969 5718 1067 5775 alii
1109 5721 1164 5773 et
1193 5717 1356 5785 editi,
1387 5719 1422 5786 ἡ
1456 5715 1683 5789 ἀλήθεια
1714 5720 1741 5772 6
1772 5718 1917 5781 Υἱὸς.

2032 2133 2161 2173 esse
2178 2118 2207 2172 ?
2235 2119 2396 2185 Quod
2418 2120 2515 2190 qui
2538 2120 2625 2176 vel
2647 2120 2838 2177 solum
2863 2122 3099 2194 cogitat,
3123 2121 3432 2196 intelligat,
3457 2139 3678 2195 quaeso,

2032 2208 2327 2278 quomodo
2350 2209 2775 2280 possitdetrahi
2789 2211 3066 2283 perfectio
3079 2215 3134 2268 et
3147 2212 3448 2285 plenitudo
3463 2217 3599 2269 natu
3610 2232 3682 2268 rm

2032 2296 2238 2353 Patris.
2274 2297 2420 2354 Hinc
2450 2299 2607 2355 enim
2638 2299 2858 2356 clarius
2889 2300 3089 2357 licebit
3132 2302 3459 2375 perspicere
3507 2319 3679 2374 quam

2031 2385 2290 2441 absurda
2321 2386 2398 2442 sit
2424 2388 2636 2443 Ariana
2664 2388 2922 2457 haeresis,
2959 2389 3007 2444 si
3037 2390 3317 2446 nimirum
3350 2392 3688 2448 attendatur

2033 2474 2245 2531 Filium
2267 2477 2455 2533 Patris
2473 2477 2812 2550 imaginem,
2837 2478 3210 2551 splendorem
3226 2484 3281 2534 et
3301 2482 3571 2553 figuram,
3598 2486 3686 2537 at-

2033 2580 2144 2636 que
2159 2565 2275 2619 veri
2287 2570 2462 2622 tatem
2479 2567 2779 2622 esse.Nam
2794 2568 2841 2623 si
2857 2568 3173 2625 exsistente
3188 2569 3536 2643 luce,imago
3558 2571 3687 2641 ejus

2032 2653 2263 2710 exsistit
2287 2655 2581 2727 splendor:
2601 2657 2648 2712 si
2672 2656 2810 2713 item
2835 2658 3166 2714 substantia
3188 2658 3687 2732 exsistente,e)us-

2033 2742 2163 2799 dem
2186 2744 2417 2799 exsistit
2439 2745 2665 2818 integra
2686 2746 2950 2817 figurazsi
2971 2747 3224 2820 denique
3247 2748 3561 2805 exsistente
3586 2753 3689 2804 Pa-

2030 2835 2143 2899 tre,
2174 2833 2404 2889 exsistit
2439 2835 2650 2891 veritas
2677 2854 2694 2901 ;
2725 2836 2961 2891 videant
2992 2836 3091 2909 qui
3122 2837 3443 2893 divinitatis
3474 2838 3681 2911 imagi-

2032 2938 2165 2977 nem
2188 2927 2246 2988 et
2268 2923 2513 2995 figuram
2539 2929 2800 2997 tempore
2825 2925 3163 2992 metiuntur,
3189 2925 3248 2981 in
3281 2931 3559 2999 quantam
3593 2928 3678 2982 in-

2032 3010 2232 3066 cidant
2258 3011 2639 3084 impietatem.
2674 3013 2732 3068 Si
2764 3014 2918 3069 enim
2951 3030 3067 3070 non
3130 3014 3241 3070 fuit
3295 3014 3474 3070 Filius
3521 3021 3683 3072 ante-

2034 3114 2213 3171 quam
2264 3106 2590 3170 nascertur,
2615 3119 2719 3158 nec
2750 3102 2931 3176 igitur
2961 3120 3194 3176 semper
3220 3105 3328 3159 fuit
3359 3104 3416 3160 in
3445 3105 3562 3162 Deo
3590 3122 3683 3162 ve-

2034 3189 2198 3246 ritas.
2231 3190 2441 3246 Verum
2475 3192 2532 3246 id
2587 3192 2751 3247 nefas
2796 3191 2954 3247 dictu
3006 3196 3114 3248 est.
3165 3192 3463 3266 Siquidem
3519 3194 3686 3250 Patre

2034 3280 2370 3345 exsistente,
2422 3280 2530 3335 fuit
2576 3296 2811 3354 semper
2856 3281 2915 3336 in
2948 3281 3048 3337 illo
3077 3282 3313 3351 veritus,
3347 3299 3474 3356 quae
3506 3283 3686 3340 Filius

2033 3375 2142 3437 est,
2171 3370 2269 3440 qui
2293 3374 2349 3425 et
2369 3370 2522 3425 idem
2556 3370 2699 3426 dicit
2733 3388 2745 3426 :
2780 3371 2888 3442 Ego
2914 3387 3034 3426 sum
3071 3372 3287 3428 Veritas
3316 3374 3377 3428 ⁸⁷.
3400 3372 3684 3428 Substan-

2030 3458 2112 3515 tia
2144 3459 2418 3515 similiter
2449 3460 2784 3525 exsistente,
2815 3462 2944 3532 ejus
2976 3461 3222 3534 ﬁguram
3257 3466 3314 3517 et
3364 3461 3679 3535 imaginem

2028 3548 2302 3608 continuo
2329 3564 2457 3604 esse
2489 3563 2729 3619 prorsus
2763 3563 2999 3603 necesse
3031 3548 3261 3604 est.Neo
3291 3547 3447 3604 enim
3467 3549 3683 3605 extrin-

2028 3657 2198 3698 secus
2228 3638 2461 3711 depicta
2492 3640 2580 3692 est
2610 3636 2709 3691 Dei
2741 3637 3063 3709 imago,sed
3098 3637 3222 3710 ipse
3247 3642 3395 3694 Deus
3417 3638 3680 3710 ejusdem

2031 3735 2122 3787 est
2151 3728 2467 3803 genitor,in
2503 3743 2617 3798 qua
2647 3726 2908 3799 seipsum
2943 3726 3406 3795 intuens,cadem
3440 3729 3684 3785 delecta-

2025 3825 2143 3887 tur,
2179 3822 2242 3873 ut
2272 3817 2351 3872 ait
2384 3815 2566 3870 Filius
2618 3831 2630 3868 :
2685 3819 2802 3889 Ego
2848 3832 2997 3870 eram
3046 3832 3154 3887 qua
3201 3817 3569 3874 delectabatur
3612 3820 3676 3874 ⁸⁸.

2028 3907 2411 3975 Quandonam
2447 3921 2581 3977 ergo
2614 3904 2871 3978 seipsum
2903 3905 3073 3960 Pater
3103 3922 3218 3961 non
3249 3905 3590 3964 intuebatur
3618 3907 3677 3963 in

2028 3998 2117 4054 sui
2150 3996 2339 4070 ipsius
2369 3995 2765 4066 imagine,aut
2795 3994 3167 4066 quandonam
3201 3995 3399 4051 eadem
3434 4013 3550 4052 non
3582 3999 3679 4054 de-

2026 4087 2313 4143 lectabatu
2325 4102 2369 4154 r,
2387 4088 2453 4139 ut
2483 4082 2614 4155 quis
2646 4083 2837 4138 dicere
2858 4083 3071 4139 audeat
3090 4099 3159 4138 ex
3177 4083 3359 4140 nihilo
3380 4100 3509 4142 esse
3533 4086 3681 4143 ima-

2026 4177 2218 4250 ginem
2233 4191 2355 4241 ,nec
2388 4174 2611 4229 Patrem
2632 4171 2981 4227 delectatum
3004 4188 3133 4228 esse
3147 4177 3462 4246 antequam
3486 4174 3681 4249 imago

2027 4264 2393 4322 nasceretur?
2420 4262 2525 4327 Qui
2559 4278 2691 4317 vero
2722 4260 2955 4316 effector
2982 4266 3039 4316 et
3068 4266 3293 4317 creator
3323 4262 3588 4337 seipsum
3621 4266 3678 4320 in

2027 4360 2219 4413 creata
2248 4358 2306 4410 et
2338 4353 2487 4408 facta
2515 4353 2726 4408 natura
2752 4354 2951 4423 posset
2978 4350 3406 4425 contemplari?
3450 4354 3679 4413 Etenim

2025 4445 2162 4503 talis
2191 4444 2385 4515 imago
2415 4456 2546 4498 esse
2576 4440 2768 4511 debet,
2800 4440 2993 4512 qualis
3023 4445 3111 4499 est
3140 4442 3267 4514 ejus
3296 4443 3486 4501 Pater.

2029 4790 2209 4849 Paulo
2242 4794 2373 4862 post
2401 4790 2660 4862 Seguer.,
2694 4786 2769 4848 εἰς
2801 4784 2924 4862 ὅσον
2954 4780 3217 4862 ἀσεβείας.

2121 4807 2209 4847 uio
2281 4807 2373 4845 oet
2401 4807 2660 4862 segnem,
2694 4807 2769 4848 εις
2801 4807 2924 4841 οσον
2954 4807 3217 4848 ασεοειας.

2121 4865 2209 4934 22)
2241 4807 2461 4934 geguer
2494 4862 2761 4934 .Jsvrﬁﬁ.
2797 4859 3132 4934 l_d_em_ibid_.
3166 4863 3223 4915 et
3269 4859 3435 4933 Reg.,
3469 4858 3569 4916 ούκ
3609 4864 3674 4930 ἦν

2029 4927 2115 4989 ἀεὶ)
2144 4927 2203 4987 ἐν’
2224 4934 2302 5003 τῷ
2317 4927 2468 5003 "eus.
2504 4927 2659 4987 Editi
2688 4927 2745 4986 et
2773 4931 2869 4987 alii
2902 4927 2983 5003 ἀεί
3016 4931 3316 5003 omittunt.

2100 5007 2213 5077 (23)
2238 5001 2330 5059 Sic
2361 5001 2623 5077 segnem,
2654 5009 2812 5077 Reg.,
2836 5002 3068 5077 Gobler.
3093 5007 3150 5077 et
3180 5001 3430 5077 Felckm.
3456 5005 3674 5077 t.Editi

2029 5073 2249 5141 autem,
2281 5079 2345 5143 ἦν
2381 5073 2521 5129 ἃν“ἐν
2566 5073 2982 5145 αὐτῷλὺὶάςω
3018 5074 3073 5129 in
3109 5073 3340 5145 Gobler.
3373 5081 3430 5131 et
3462 5076 3609 5133 Felc.
3647 5079 3671 5133 1

2030 5151 2263 5220 desunt,
2296 5148 2416 5217 ἥτις
2449 5146 2587 5201 ἐστὶν
2621 5148 2648 5201 6
2680 5143 2804 5207 Υἱός
2832 5145 2859 5199 ὁ
2892 5143 3086 5218 λέγων·
3119 5145 3262 5219 Ἐγώ
3291 5143 3405 5218 εἰμι
3451 5148 3486 5217 ὴ
3540 5145 3679 5219 ἀλή-

2029 5222 2163 5275 (iam.
3208 5262 3211 5265 λ

2102 5294 2215 5363 (24)
2247 5292 2335 5345 Sic
2367 5293 2588 5362 Seguer
2639 5293 2707 5363 et
2729 5290 2848 5363 Reg
2906 5289 2965 5342 In
2999 5287 3172 5363 editis
3211 5288 3373 5363 deest
3401 5289 3463 5363 ἡ.
3495 5290 3677 5348 Paulo

2030 5358 2161 5436 post
2196 5364 2387 5417 Felck.
2429 5358 2545 5417 iet
2576 5362 2751 5436 editio
2773 5358 3088 5436 Domine}...
3121 5358 3559 5436 tauriivﬁepﬁw.

2101 5437 2213 5506 (‘?5)
2245 5436 2337 5489 Sic
2369 5437 2626 5506 Seguer.,
2660 5430 3133 5505 Anglic.,Gobler
3151 5436 3207 5488 et
3240 5430 3434 5489 Felcki
3459 5433 3675 5490 Luditi

2028 5522 2160 5561 vero
2193 5506 2310 5562 ὁοᾶ.

2102 5527 2341 5650 ξὲδῖριῗάί
2387 5576 2554 5650 abest
2602 5576 2673 5630 ab
2710 5574 2977 5650 editione
3009 5573 3296 5650 Commel.
3338 5574 3679 5650 Paulopost

2030 5645 2305 5733 S‘egue'r.‘
2327 5648 2561 5704 Gobler.
2603 5653 2660 5703 et
2707 5645 2963 5704 Felckm.
2999 5648 3048 5716 1,
3092 5645 3213 5707 Υἱός
3240 5645 3403 5702 ἐστιν.
3438 5645 3586 5704 Editi
3620 5653 3677 5705 et

2030 5720 2149 5791 alii,
2183 5720 2256 5783 ὥς
2289 5720 2450 5775 ἐστιν.
