4090 6344
434 385 512 445 59
983 385 1045 449 S.
1095 390 1520 452 ATHANASII
1565 390 1738 452 OPP.
1787 387 1990 453 PARS
2032 390 2080 450 Ι.
2113 422 2190 434 -
2219 387 2636 452 HISTORICA
2679 389 2784 450 ET
2824 387 3307 450 DOGMATICA.
3771 385 3874 446 60'

445 525 805 578 nasceretur.
850 521 1195 593 Hujusmodi
1247 522 1422 578 dictis
1471 521 1799 595 tripudiant
1853 519 2091 594 inglorii

2212 539 2361 574 σουσι
2388 519 2488 588 τήν
2515 523 2613 574 τοῦ
2638 523 2773 575 Θεοῦ
2805 516 2958 590 δόξαν
2991 517 3042 573 έν
3075 519 3388 591 ὁμοιώματι
3437 517 3646 580 εἰκόνος
3677 519 3846 596 φθαρ·

439 605 527 662 illi
559 608 850 678 homines,
883 610 1185 682 Deumque
1213 610 1468 668 similem
1497 612 1802 668 hominum
1837 611 2086 682 fingunt,

2197 612 2295 662 τοῦ
2325 608 2616 682 ανθρώπου
2647 611 2781 682 (45).

437 697 690 766 quicum
713 715 774 754 se
787 698 1145 753 Christianos
1158 700 1744 772 esseprmdicant,Dei
1758 698 2005 772 gloriam
2021 700 2253 753 mutant
2274 697 2331 752 in
2346 697 2794 754 similitudinem
2808 697 3086 770 imaginis
3099 696 3500 770 corruptibilis
3524 695 3844 752 hominis”.

507 787 598 842 23.
630 788 777 843 Sane
806 788 875 842 ad
909 787 1021 842 ista
1051 777 1123 842 ne
1156 790 1509 860 respondere
1566 789 1802 860 quidem
1856 803 2087 858 aequum

439 878 615 942 esset,
645 875 790 930 adeo
820 873 1048 930 insulsa
1080 881 1221 930 sunt
1251 881 1307 930 et
1337 877 1551 946 inepta.
1583 875 1798 931 Verum
1855 892 1930 931 ne
1957 873 2086 931 illo-

439 978 569 1017 rum
616 961 856 1020 haeresis
903 963 1126 1036 aliquid
1175 963 1488 1020 soliditatis
1538 964 1752 1020 habere
1800 966 2086 1034 videatur,

437 1066 537 1106 eos
569 1051 660 1106 hic
691 1050 776 1106 vel
809 1051 1016 1108 saltem
1049 1053 1237 1108 obiter
1265 1053 1567 1108 confutare
1617 1069 1802 1125 operae
1834 1054 2087 1124 pretium

438 1139 896 1207 fuerit,maxime
928 1147 1164 1214 propter
1186 1141 1558 1198 mulierculas
1580 1159 1706 1213 quas
1727 1145 1800 1198 ab
1831 1142 1948 1198 illis
1971 1142 2087 1198 cir-

441 1231 897 1287 cumveniuntur
927 1232 1293 1288 facillime.Et
1321 1249 1454 1288 vero
1485 1233 1699 1304 illi,qui
1725 1233 1839 1288 ista
1859 1233 2085 1304 dicunt,

440 1318 824 1376 architectum
858 1322 1033 1376 etiam
1063 1321 1147 1376 ita
1175 1321 1518 1378 debuissent
1548 1322 1906 1394 interrogare
1938 1338 1951 1376 :
1989 1322 2088 1378 Po-

439 1411 607 1462 tesne
629 1407 758 1464 sine
778 1409 1042 1480 subjecta
1063 1409 1307 1465 materia
1333 1410 1643 1466 aedificare!
1666 1415 1730 1466 ut
1750 1415 1942 1466 autem
1971 1428 2087 1467 non

441 1501 625 1570 potes,
657 1500 744 1555 sic
791 1515 898 1555 nec
929 1499 1082 1555 Deus
1112 1501 1336 1572 absque
1385 1501 1650 1572 subjecta
1701 1502 1948 1558 materia
1996 1519 2089 1557 res

440 1587 742 1644 universas
773 1589 964 1660 potuit
990 1589 1239 1645 efﬁcere.
1278 1591 1879 1662 Debuissentquoque
1909 1607 1942 1646 a
1972 1591 2089 1646 sin-

439 1675 596 1748 gulis
626 1676 966 1733 bominibus
990 1677 1388 1746 sciscitari,An
1421 1683 1582 1751 potes
1610 1695 1738 1736 esse
1769 1679 1896 1735 sine
1920 1679 2042 1735 loco
2061 1681 2090 1734 ?

441 1765 601 1836 atqui
636 1770 699 1821 ut
730 1783 843 1822 non
877 1771 1062 1839 potes,
1093 1768 1176 1824 ita
1205 1767 1380 1824 etiam
1414 1774 1564 1824 Deus
1605 1768 1664 1824 in
1699 1769 1822 1825 loco
1853 1773 1962 1826 est.
1993 1769 2088 1824 Sic

2266 787 2355 842 23.
2418 783 2566 840 ’Έδει
2620 787 2714 858 μὲν
2775 785 2865 840 οὖν
2927 782 3096 858 μηδὲν
3151 784 3538 860 ἀποκρίνασθαι
3589 783 3726 860 πρὸς
3783 785 3848 838 τὰ

2195 879 2438 941 τοιαῦτα,
2472 873 2646 936 οὕτως
2702 875 2906 945 ἀνόητα
2961 869 3092 929 ὄντα
3144 875 3236 929 καὶ
3297 872 3474 948 μωρῶ
3521 872 3613 928 ’ἶνα
3661 869 3718 928 δὲ
3767 873 3841 945 μή

2197 961 2333 1038 δοκῇ
2364 985 2416 1019 τι
2466 959 2682 1040 βέϐαιον
2733 962 2879 1040 ἔχειν
2915 966 2949 1034 ἡ
2983 961 3185 1040 α’ίρεσις
3235 962 3426 1036 αὐτῶν,
3455 964 3720 1039 προσήκει
3749 961 3845 1018 κᾶν

2197 1055 2272 1116 ὡς
2305 1056 2418 1127 (46)
2448 1052 2508 1108 ἐκ
2534 1053 2804 1130 παρέργου
2849 1051 3118 1129 διελέγξαι
3167 1052 3254 1107 καὶ
3310 1050 3360 1107 έν
3409 1050 3623 1113 τούτοις
3651 1050 3844 1112 αὐτοὺς

2203 1141 2439 1215 μάλιστα
2498 1140 2588 1198 διὰ
2640 1143 2708 1198 τὰ
2768 1142 3010 1218 εὐχερῶς
3087 1142 3414 1215 ἀπατώμενοι
3470 1142 3596 1216 παρ’
3668 1139 3842 1195 αὐτῶν

2196 1232 2536 1308 γυναικάρια.
2598 1229 2746 1289 Ἔδει
2807 1229 2865 1286 δὲ
2922 1234 3032 1305 (47)
3089 1236 3256 1286 ταῦτα
3324 1229 3580 1305 λέγοντας
3627 1228 3843 1296 αὐτοὺς,

2197 1320 2286 1376 καὶ
2322 1319 2707 1397 ἀρχιτέκτονος
2738 1322 3114 1387 πυνθάνεσθαι,
3147 1319 3208 1374 Εἰ
3242 1316 3462 1374 δύνασαι
3494 1317 3671 1395 χωρὶς
3705 1317 3845 1388 ὕλης

2201 1409 2563 1482 ὑποκειμένης
2614 1412 2725 1483 (48)
2772 1407 3084 1482 οἰκοδομεῖν
3120 1427 3134 1478 ;
3169 1404 3350 1475 ὥσπερ
3400 1405 3458 1464 δὲ
3499 1407 3561 1463 ού
3604 1405 3846 1475 δύνασαι,

2198 1497 2342 1552 οὕτω
2371 1497 2459 1553 καὶ
2493 1499 2521 1553 6
2552 1499 2682 1560 Θεὸς
2714 1498 2812 1554 οὐκ
2851 1496 3087 1568 ἠδύνατο
3135 1499 3311 1572 χωρὶς
3363 1497 3504 1566 ὕλης
3558 1495 3848 1570 ὑποκειμέ-

2195 1608 2294 1655 νης
2327 1594 2554 1656 ποιῆσαι
2611 1587 2680 1642 τὰ
2735 1586 2858 1646 ὅλα.
2919 1585 3068 1642 Ἔδει
3115 1587 3204 1642 καὶ
3234 1583 3457 1642 ἕκαστον
3510 1587 3623 1660 (49)
3653 1583 3850 1646 αὐτοὺς

2195 1680 2302 1731 τῶν
2354 1677 2653 1752 ἀνθρώπων
2701 1675 2928 1751 ἐρωτᾷν,
2975 1675 3032 1731 Εἰ
3080 1672 3297 1731 δύνασαι
3350 1674 3484 1730 εἶναι
3532 1673 3712 1751 χωρὶς
3752 1674 3850 1728 τόη

2333 1783 2344 1795 .
2393 1760 2418 1780 ν
2627 1765 2650 1798 λ
2741 1763 2754 1783 9
2839 1763 2853 1783 I
3101 1763 3127 1784 υ
3179 1768 3186 1774 ·
3331 1765 3344 1784 η
3515 1764 3528 1782 ς

2197 1785 2302 1818 που
2333 1809 2347 1834 ,
2380 1784 2561 1839 ωσπερ
2595 1761 2653 1818 δι
2699 1785 2761 1818 ου
2795 1761 3040 1831 δύνασαι,
3067 1785 3210 1819 ουτω
3256 1785 3346 1818 και
3380 1765 3408 1818 6
3439 1770 3568 1825 Θεος
3614 1761 3666 1818 έν
3693 1761 3850 1835 τόπῳ

441 1853 599 1908 enim
623 1853 709 1910 illi
738 1855 827 1911 vel
859 1855 1066 1912 saltem
1099 1857 1172 1912 ab
1190 1857 1568 1913 audientibus
1589 1864 1934 1930 cogerentur
1957 1875 2086 1914 eru-

2212 1853 2350 1908 ιστίν·
2381 1851 2456 1907 ’ίν’
2487 1852 2660 1916 οὕτως
2710 1853 2806 1908 κᾶν
2851 1853 2991 1928 παρά
3035 1857 3141 1909 τῶν
3176 1851 3478 1908 ἀκουόντων
3530 1854 3644 1927 (50)
3675 1851 3846 1926 έντρέ-

439 1943 695 1999 bescere.
725 1933 912 2008 Quare
944 1944 1101 2001 enim
1134 1963 1268 2002 cum
1303 1945 1512 2002 Filium
1566 1951 1676 2002 Deo
1707 1963 1836 2003 esse
1883 1948 2088 2003 audie-

438 2030 576 2101 rint,
609 2036 735 2087 tum
767 2032 881 2105 ipsi
913 2035 985 2089 ad
1017 2034 1242 2106 seipsos
1274 2035 1671 2107 respicientes,
1703 2052 1838 2092 eum
1870 2037 2090 2092 audent

437 2135 688 2192 negare:
714 2137 848 2177 cum
878 2138 1013 2178 vero
1045 2122 1226 2183 Deum
1259 2140 1456 2180 creare
1485 2130 1542 2180 et
1573 2125 1756 2181 facere
1771 2124 2086 2196 audierint,

439 2225 557 2264 non
592 2209 793 2266 itidem
807 2210 1069 2267 humana
1083 2214 1432 2285 opponunt?
1449 2215 1616 2287 Atqui
1635 2231 1741 2286 par
1755 2218 1880 2270 erat
1908 2215 2086 2270 etiam

439 2311 538 2352 eos
568 2297 626 2352 in
660 2314 854 2354 rerum
887 2299 1179 2356 creatione
1208 2301 1607 2375 intelligenda,
1641 2303 1901 2360 humana
1929 2303 2085 2377 cogi-

439 2389 584 2454 tare,
614 2394 665 2442 el
702 2388 1006 2443 materiam
1044 2393 1156 2446 Deo
1185 2391 1581 2463 suppeditare,
1615 2397 1681 2448 ut
1713 2399 1891 2448 Deum
1924 2409 2086 2450 crea-

439 2478 625 2530 torem
659 2492 788 2532 esse
818 2477 1166 2545 inﬁcientes,
1201 2480 1439 2535 demum
1471 2497 1602 2536 cum
1637 2481 1972 2538 Manichasis
1993 2499 2088 2539 vo-

440 2563 790 2621 lutarentur.
816 2565 1033 2630 Quodsi
1066 2568 1195 2640 ipsa
1223 2569 1339 2624 Deo
1371 2570 1528 2625 notio
1561 2570 1651 2626 his
1683 2573 1906 2644 majora
1933 2571 2090 2645 cogit

441 2654 902 2726 cogitare,atque
933 2656 1034 2712 ubi
1063 2655 1154 2712 vel
1187 2662 1412 2714 tantum
1445 2659 1579 2733 quis
1611 2661 2085 2726 audierit,statim

441 2743 628 2798 credit
655 2747 1002 2816 certumque
1031 2745 1208 2802 habet
1247 2747 1425 2803 Deum
1479 2765 1590 2804 non
1625 2765 1692 2804 eo
1736 2751 1911 2806 modo
1958 2767 2088 2807 esse

443 2848 561 2905 quo
595 2848 700 2888 nos
731 2849 959 2901 sum'ls,
993 2836 1092 2890 sed
1126 2852 1255 2892 esse
1286 2843 1352 2892 ut
1381 2838 1587 2908 Deum,
1638 2855 1742 2894 nec
1783 2855 1978 2896 creare
2024 2845 2089 2896 ut

441 2921 711 2980 homines
729 2925 1051 2990 creant,serl
1084 2941 1280 2982 creare
1312 2931 1376 2981 ut
1404 2927 1585 2982 Deum
1613 2945 1626 2984 :
1660 2927 1931 2984 similiter
1950 2946 2089 3002 quo-

443 3025 556 3084 que
585 3009 809 3066 clarum
841 3015 932 3066 est
959 3028 1092 3068 eum
1115 3013 1493 3085 gignere,non
1528 3021 1592 3071 ut
1620 3018 1871 3089 gignunt
1901 3017 2087 3074 homi-

443 3098 676 3166 nes,sed
704 3102 768 3152 ut
795 3097 984 3172 gignit
1010 3099 1384 3172 Deus.Neque
1412 3104 1569 3160 enim
1603 3104 1756 3160 Deus
1789 3105 2088 3162 hominem

2196 1943 2386 1996 πεσθαι
2419 1939 2740 2013 δυνηθῶσιν.
2775 1943 2842 1996 Ἢ
2891 1939 2981 1997 διὰ
3025 1940 3102 2011 τί,
3151 1940 3238 1996 ἐὰν
3292 1943 3385 2015 μὲν
3439 1939 3730 2011 ἀκούωσιν,
3763 1939 3845 1994 ὅτι

2190 2031 2319 2086 -Υἱὸν
2354 2027 2472 2107 ἔχει
2502 2032 2530 2086 ὁ
2562 2031 2713 2101 Θεὸς,
2765 2030 2841 2093 εἲς
2891 2029 3112 2093 ἑαυτοὺς
3166 2033 3272 2106 (51)
3317 2025 3721 2092 ἀποϐλέποντες
3749 2029 3844 2102 ἀρ-

2195 2124 2410 2176 νοῦνται
2465 2124 2680 2175 τοῦτον·
2743 2119 2829 2174 ἰὰν
2889 2117 2947 2175 δὲ
3010 2119 3278 2174 ἀκούωσιν
3311 2162 3324 2188 ,
3391 2118 3475 2174 ὅτι
3531 2117 3700 2188 κτίζει
3756 2118 3844 2172 καὶ

2195 2215 2364 2276 ποιεῖ,
2415 2207 2592 2264 οὐκέτι
2643 2209 2710 2264 τὰ
2761 2206 3084 2284 ἀνδρώπινα
3141 2206 3494 2272 ἀντιτιθέασιν
3553 2225 3567 2276 ;
3629 2203 3736 2262 ἔδει
3792 2203 3850 2261 δὲ

2195 2301 2285 2354 καὶ
2325 2298 2376 2353 έν
2425 2303 2506 2371 τῷ
2547 2297 2746 2368 κτίζειν
2794 2298 3102 2370 ἀνθρώπινα
3143 2303 3282 2352 νοεῖι
3328 2295 3524 2360 αὐτοὺς
3571 2296 3661 2352 καὶ
3711 2294 3854 2366 ὕλην

2199 2383 2532 2444 ὑποϐάλλειν
2584 2393 2664 2460 τῷ
2717 2392 2858 2460 Θεῷ,
2896 2385 2990 2442 ἵνα
3045 2387 3134 2442 καὶ
3185 2387 3247 2442 τὸ
3296 2386 3431 2442 εἶναι
3477 2385 3696 2457 κτίστην
3753 2385 3846 2440 τὸν

2197 2478 2325 2533 Θεὸν
2385 2479 2746 2554 ἀρνήσωνται,
2795 2476 2884 2532 καὶ
2934 2473 3130 2532 λοιπὸν
3189 2477 3323 2550 μετά
3379 2476 3705 2552 Μανιχαίων
3756 2495 3854 2528 κυ-

2197 2565 2444 2623 λίωνται.
2480 2565 2542 2622 Εἰ
2593 2562 2653 2620 δὲ
2697 2567 2848 2620 ταῦθ’
2899 2559 3205 2641 ὑπερϐαίνει
3254 2567 3290 2635 ἡ
3322 2565 3445 2640 περὶ
3477 2568 3611 2620 Θεοῦ
3651 2559 3850 2632 ἔννοια,

2194 2657 2284 2712 καὶ
2319 2651 2482 2728 μόνον
2530 2676 2612 2718 τις
2659 2653 2892 2716 ἀκούσας
2937 2653 3175 2709 πιστεύει
3229 2653 3318 2708 καὶ
3373 2650 3537 2724 οἶδεν,
3571 2652 3655 2707 ὅτι
3708 2651 3847 2707 ἐστὶν

2197 2744 2306 2820 οὐχ
2335 2745 2409 2806 ὡς
2441 2747 2604 2817 ἡμεῖς
2648 2741 2832 2816 ἐσμεν,
2863 2739 2975 2798 ἔστι
3027 2743 3211 2816 μέντοι
3258 2743 3332 2804 ὡς
3361 2743 3512 2814 Θεὸς,
3544 2741 3635 2796 καὶ
3679 2740 3847 2810 κτίζει

2197 2833 2306 2910 οὐχ
2333 2834 2407 2896 ὡς
2441 2833 2716 2908 ἂνθρωποι
2747 2831 3011 2903 κτίζουσι,
3041 2830 3211 2901 κτίζει
3237 2829 3420 2906 μέντοι
3443 2831 3516 2892 ὡς
3546 2830 3673 2893 Θεός
3706 2832 3840 2904 (52)·

2198 2920 2391 2992 δῆλον,
2423 2921 2508 2978 ὅτι
2536 2923 2625 2991 καὶ
2656 2925 2816 2997 γεννᾷ
2845 2920 2950 2998 οὐχ
2981 2921 3058 2983 ὡς
3088 2921 3364 2995 ἄνθρωποι
3408 2925 3656 2996 γεννῶσι,
3686 2923 3845 2995 γεννᾷ

2201 3011 2385 3084 μέντοι
2418 3011 2492 3072 ὡς
2523 3009 2670 3071 Θεός·
2699 3009 2759 3064 οὐ
2783 3009 2886 3084 γὰρ
2905 3009 2933 3062 6
2963 3009 3092 3070 Θεὸς
3116 3009 3398 3083 ἄνθρωπον
3436 3013 3681 3081 μιμεῖται
3706 3008 3838 3080 (53)·

2200 3099 2344 3157 ἀλλὰ
2379 3096 2590 3174 μᾶλλον
2623 3098 2674 3152 οἱ
2724 3096 2998 3174 ἅνθρωποι
3047 3093 3137 3152 διὰ
3187 3097 3278 3151 τὸν
3328 3096 3456 3152 Θεὸν
3508 3095 3700 3172 κυρίως
3749 3093 3840 3151 καὶ

444 3187 750 3242 imitatur:
785 3189 882 3244 sed
921 3189 1114 3260 potius
1151 3189 1420 3248 homines
1468 3197 1704 3267 propter
1749 3195 1956 3266 Deum,
1987 3195 2088 3269 qui

2212 3194 2364 3266 μόνον
2425 3189 2648 3261 ἀληθῶς
2700 3183 2824 3243 ὅντα
2885 3186 3096 3263 Πατέρα
3148 3191 3248 3242 τοῦ
3307 3188 3498 3243 ἑαυτοῦ
3547 3187 3698 3257 Υἱοῦ,
3751 3185 3843 3241 καὶ

446 3275 680 3349 proprie
710 3280 766 3331 et
795 3275 957 3332 solus
987 3293 1119 3334 vere
1150 3279 1318 3335 Pater
1347 3283 1436 3337 sui
1471 3282 1657 3354 ipsius
1691 3283 1819 3339 Filii
1849 3289 1958 3352 est,
1989 3303 2088 3358 pa-

446 3369 566 3421 tres
595 3381 826 3438 quoque
855 3381 1095 3422 suorum
1131 3366 1444 3424 liberorum
1479 3375 1618 3426 sunt
1645 3373 2095 3446 appellati.Nam

449 3467 520 3510 ex
551 3454 678 3526 ipso
708 3457 888 3510 omnis
911 3457 1221 3528 paternitas
1263 3460 1323 3514 in
1359 3461 1506 3515 catis
1545 3465 1598 3516 et
1636 3463 1698 3517 in
1733 3467 1886 3518 terra
1915 3467 2098 3519 nomi-

451 3548 625 3600 natur
653 3545 720 3612 τί,
775 3544 854 3599 Ea
882 3561 1053 3616 porro
1101 3563 1228 3618 quas
1276 3547 1481 3604 dicunt
1530 3549 1636 3615 illi,
1688 3550 1738 3606 si
1791 3569 1958 3608 nemo
2003 3569 2098 3608 ex-

449 3632 738 3705 penderit,
759 3633 1077 3704 prudenter
1123 3635 1534 3710 sapienterque
1580 3639 1736 3696 dicta
1781 3657 1911 3697 esse
1957 3643 2104 3698 forte

449 3720 745 3778 videbitur
774 3737 788 3778 :
821 3727 883 3778 at
911 3722 960 3779 si
991 3724 1127 3796 quis
1157 3741 1226 3782 ea
1256 3726 1480 3782 ratione
1510 3729 2106 3798 examinaverit,nihil

2203 3281 2355 3337 αὐτοὶ
2413 3278 2637 3355 πατέρες
2686 3277 3080 3350 ὠνομάσθησαν
3133 3280 3239 3330 τῶν
3302 3273 3454 3330 ἰδίων
3501 3273 3724 3331 τέκνων.
3759 3275 3846 3346 Ἐξ

2207 3369 2374 3426 αὑτοῦ
2431 3368 2533 3444 γὰρ
2592 3373 2737 3422 πᾶσα
2793 3366 2993 3442 πατριᾶ
3043 3364 3094 3420 ἐν
3154 3364 3404 3440 οὐρανοῖς
3457 3365 3548 3420 καὶ
3605 3363 3694 3418 ἐπὶ
3751 3363 3855 3438 γῆς

2211 3460 2554 3532 ὀνομάζεται.
2587 3456 2685 3510 Καὶ
2716 3455 2750 3510 ἃ
2799 3454 3021 3530 λέγουσι
3072 3451 3149 3522 δὲ,
3207 3453 3294 3508 ἐὰν
3347 3453 3662 3524 ἀνεξέταστα
3703 3453 3859 3527 μείνῃ

2211 3551 2286 3610 ὡς
2320 3545 2597 3624 εἰρηκότες
2626 3566 2678 3600 τι
2709 3543 2970 3623 φρόνιμον
2999 3542 3340 3617 νομίζονται·
3380 3542 3467 3598 έάν
3511 3539 3568 3598 δέ
3613 3563 3696 3604 τις
3729 3540 3861 3596 αὖτά

2213 3636 2450 3714 λογικῶς
2507 3634 2720 3709 ἐξετάσῃ
2753 3679 2767 3706 ,
2827 3631 3001 3688 πολὺν
3061 3633 3442 3708 εὑρεθήσονται
3495 3629 3713 3707 γέλωτα
3769 3629 3858 3685 καὶ

2214 3723 2529 3804 χλευασμὸν
2559 3722 2998 3802 ὀφλισκάνοντες.

449 3809 584 3867 illos
611 3809 747 3866 inde
777 3811 892 3866 nisi
925 3811 1110 3869 risum
1146 3815 1396 3871 multum
1429 3820 1486 3872 et
1510 3821 1912 3891 contemptum
1947 3820 2059 3876 sibi
2091 3818 2437 3878 conciliasse
2467 3814 2804 3886 comperiet.

523 3901 614 3955 24.
661 3900 926 3974 Namque
978 3902 1166 3974 prima
1207 3903 1440 3960 illorum
1497 3905 1877 3980 interrogatio
1921 3909 2104 3966 stulta

457 3989 716 4061 profecto
738 3988 1075 4061 incertaque
1102 3997 1210 4048 est.
1237 3993 1352 4049 Nec
1383 3995 1536 4050 enim
1581 3996 1842 4052 indicant
1889 4014 2004 4070 qua
2033 3999 2104 4055 de

455 4093 518 4133 re
547 4077 926 4150 interrogent,
961 4087 1026 4135 ut
1069 4080 1494 4155 interrrogatus
1525 4089 1702 4156 queat
1732 4087 2103 4159 respondere,

457 4166 560 4222 sed
590 4167 859 4224 absolute
888 4168 1230 4240 aiunt,Num
1265 4171 1363 4243 qui
1398 4176 1644 4243 est,eum
1679 4175 1779 4247 qui
1812 4192 1926 4232 non
1959 4181 2104 4242 erat,

456 4259 565 4312 etc.
599 4256 744 4321 Quis
772 4272 908 4328 ergo
939 4257 1036 4314 ille
1060 4263 1149 4316 est
1178 4260 1276 4332 qui
1309 4269 1415 4328 est,
1440 4265 1498 4317 et
1529 4278 1655 4334 quae
1703 4267 1846 4321 sunt
1881 4281 1951 4322 ea
1978 4283 2104 4339 quae

529 4410 576 4446 ⁷ο
604 4413 770 4468 Rom.
803 4427 844 4479 1,
875 4411 966 4470 23.
1041 4413 1081 4447 τί
1115 4412 1325 4486 Ephes.
1361 4430 1444 4482 iu,
1479 4415 1568 4472 15.

533 4571 648 4644 (45)
677 4570 771 4629 Sic
801 4573 1168 4646 Segusriam,
1201 4573 1432 4646 Gobler.
1464 4582 1522 4632 et
1551 4576 1700 4634 Felc.
1733 4578 1787 4646 1,
1819 4579 1974 4636 Editi
2003 4598 2112 4638 au-

459 4642 600 4726 tem,
629 4642 1002 4726 Θεοῦ-εἶςκόναη
1024 4643 1075 4698 ἐν
1127 4642 1691 4726 ὁμοιώματιᾳεῖκόνος
1723 4642 1972 4726 ιρθαρτῶν
2015 4651 2110 4726 ἀν-

461 4713 718 4800 θρώπων.
773 4717 916 4800 Πῄόε
937 4787 950 4800 _
969 4713 1350 4800 Segucri2n_.,_
1365 4715 1507 4791 μηδὲ
1525 4794 1538 4800 _
1555 4713 1943 4800 ἀποκέζναᾲθαι
1974 4724 2110 4800 πρὸς

455 4787 524 4911 :3
569 4789 756 4913 ταὲἷα.
806 4787 1071 4846 ῦοδΙΘΓῘ
1096 4794 1155 4845 et
1200 4787 1458 4848 Felckm.
1514 4794 1576 4861 4,
1630 4787 1761 4864 μηδ’
1811 4787 2105 4870 ἀποκρίνα-

523 4875 601 4913 αι.
691 4875 742 4913 c.

523 4875 601 4920 αι,
631 4873 742 4914 etc.

527 4930 642 5000 (46)
671 4931 764 5002 Sic
791 4931 1206 5002 Seguerianus.
1241 4932 1389 4988 Editi
1423 4950 1554 4989 vero
1603 4933 1699 4988 κᾶν
1753 4935 1948 4998 οὕτως.
1979 4938 2109 4994 Mox

455 5001 913 5076 Sueguerianus,
947 5002 1277 5076 G_obleri_an.
1313 5009 1371 5076 et
1399 5005 1650 5060 Felckm.
1681 5009 1734 5076 5,
1763 5007 1854 5062 καὶ
1897 5008 1948 5063 ὲν
1981 5009 2108 5064 τεύ-

455 5071 821 5134 τοιςάύτούς.
855 5073 1029 5144 Editi,
1061 5073 1148 5128 καὶ
1171 5073 1223 5128 έν
1253 5074 1466 5137 τούτοις
1497 5077 1702 5139 αὐτοῖς.

527 5144 638 5214 (Im
669 5145 767 5218 Sic
797 5145 1160 5218 Seguerian.,
1208 5148 1438 5204 Gobler.
1469 5154 1527 5204 et
1566 5150 1714 5207 Felc.
1751 5153 1802 5208 1.
1838 5154 1899 5209 In
1930 5153 2108 5210 editis

455 5211 650 5292 autem
685 5212 742 5269 δέ
773 5211 1098 5292 poetam,
1135 5211 1191 5272 et
1237 5218 1326 5272 καί
1373 5226 1505 5292 post
1544 5219 1738 5282 αὐτούς
1769 5224 1954 5279 deest.
1991 5224 2105 5278 lbi-

457 5287 879 5380 delmnSe‘gueg'q
915 5287 1690 5380 ἀρχιτέκτοναςῦ,ληειὶξξαη.,
1725 5293 2101 5380 ἀρχιτέκτρνα.

527 5359 760 5470 (ἑῇὲἰο
791 5359 1132 5434 Seguerian.
1166 5365 1237 5418 At
1265 5362 1362 5418 alii
1389 5359 1613 5421 et'editi
1655 5359 1940 5424 omittunt
1971 5367 2104 5421 ὑπο-

445 5447 931 5594 κεὶιξξῖηὲὸερεςη
963 5502 1052 5557 καὶ
1086 5500 1462 5594 ξδειῖέκαστον.
1485 5507 1717 5594 Gobler.
1743 5511 2100 5594 ‘et_Seg‘uer.,

451 5568 542 5626 και
568 5568 676 5626 ἔδει
705 5568 794 5628 ua:
823 5568 1068 5631 ἕκαστον.
1094 5577 1240 5634 Ibid.
1265 5579 1405 5635 editi
1437 5581 1716 5638 mendose
1743 5568 1965 5639 habent
1992 5568 2099 5636 τῶν

454 5638 758 5699 ἄνθρωπον.

487 5663 736 5718 νυρωπον
746 5691 758 5704 .

525 5717 637 5792 (50)
669 5719 763 5776 Sic
813 5719 1180 5794 Seguerian.,
1210 5721 1310 5778 ubi
1342 5725 1399 5780 et
1445 5739 1650 5782 omnes
1699 5741 1842 5782 mss.
1886 5725 2104 5784 habent

2280 3908 2376 3961 24.
2410 3907 2637 3980 Πρῶτον
2675 3902 2770 3975 μὲν
2814 3901 2915 3977 γὰρ
2963 3903 2998 3970 ἡ
3039 3900 3232 3975 πρώτη
3281 3899 3371 3954 καὶ
3417 3897 3642 3968 τοιαύτη
3685 3897 3859 3952 αὐτῶν

2213 3993 2476 4072 ἐρώτησίς
2507 3991 2618 4048 ἔστι
2655 3992 2812 4065 μωρᾶ
2839 3989 2930 4045 καὶ
2979 3987 3188 4060 ἄδηλος
3234 3990 3369 4062 (54).
3403 3988 3481 4045 Ού
3527 3989 3628 4064 γὰρ
3660 3985 3858 4059 σημαί-

2211 4105 2364 4140 νουσι
2395 4081 2519 4158 περὶ
2548 4080 2694 4140 τίνος
2741 4077 3121 4148 πυνθάνονται,
3170 4075 3265 4131 ἵνα
3307 4076 3396 4132 καὶ
3429 4077 3456 4131 ὁ
3505 4075 3856 4150 ἐρωτώμενος

2214 4171 2598 4249 ἀποκρίνηται·
2652 4166 2778 4224 ἀλλ’
2830 4165 3020 4229 ἁπλῶς
3081 4165 3444 4243 λέγουσιν,Ὁ
3501 4161 3574 4219 ὢν
3627 4164 3720 4249 τὸν
3781 4164 3857 4237 μὴ

2215 4247 2370 4319 ὄντα.
2419 4260 2510 4323 Τίς
2569 4256 2660 4314 οὖν
2715 4259 2829 4332 (55)
2859 4256 2888 4312 6
2919 4253 3017 4329 ὢν,
3047 4254 3137 4310 καὶ
3192 4254 3313 4309 τίνα
3366 4254 3436 4309 τὰ
3493 4254 3568 4329 μὴ
3619 4247 3763 4325 ὄντα,
3812 4253 3857 4307 ὦ

2221 4577 2550 4634 ἀκουόντων.
2601 4571 2904 4648 Editi,_flva
2944 4571 3255 4648 _oii1ga><_mi
3285 4569 3433 4648 παρὰ
3459 4573 3568 4626 τῶν
3599 4569 3858 4626 ἀκόντων.

2222 4651 2353 4708 Mox
2385 4641 2866 4718 Seguerianqvédv
2905 4645 2997 4718 μὶν
3021 4641 3347 4718 ἀκούσωσιν.

2291 4724 2401 4795 (51)
2453 4724 2544 4778 Sic
2591 4724 3006 4793 Seguerianus,
3056 4724 3390 4775 Goblerian.
3421 4724 3482 4771 et
3518 4724 3772 4771 Felckm.
3810 4724 3858 4769 1.

2220 4795 2386 4866 Reg,
2436 4794 2590 4866 item,
2621 4789 2812 4866 Basil._
2852 4794 2913 4866 et_
2957 4790 3212 4866 Felckm.
3260 4788 3317 4856 5,
3369 4786 3591 4843 habent
3616 4784 3859 4846 ἑαυτούς.

2217 4854 2396 4940 Εάῖῐὶ,
2429 4863 2504 4927 εἰς
2535 4861 2728 4940 αὐτοὺς
2762 4862 2856 4936 μὲν
2889 4854 3314 4940 ἀποϐλέποντες
3357 4927 3369 4940 ⁸
3456 4929 3496 4940 Π
3525 4928 3537 4939 θ
3564 4928 3580 4940 _
3710 4930 3747 4940 __
3827 4928 3838 4940 .

2290 4927 2405 5008 (52')
2433 4927 2795 5008 Seguerianl,
2826 4931 2995 5008 κτίζει
3045 4929 3103 5008 δέ
3143 4931 3236 5008 ᾡςΔ
3273 4927 3419 5008 Θεός..
3456 4928 3676 4985 ibidem
3710 4928 3866 4983 Busi-

2219 4998 2415 5074 lie‘ns.',
2447 4998 2618 5078 δῆλον
2649 5005 2755 5069 ὅτι,
2782 4998 2900 5078 Alii
2927 4998 2984 5062 et
3004 4998 3488 5078 _editi._8'q?lov6u.

2287 5070 2413 5154 (53)
2452 5070 2815 5151 Séguerian.,
2848 5076 2910 5132 ού
2957 5076 3060 5151 γὰρ
3109 5075 3238 5136 Θεὸς
3267 5070 3376 5136 ⁷ἄνθ
3416 5091 3565 5126 ωπον
3618 5070 3751 5144 μεμί
3799 5091 3864 5139 η-

2289 5173 2323 5202 ι.
2362 5151 2507 5202 Ibid.
2540 5150 2771 5202 Gobler.
2822 5156 2880 5202 et
2922 5149 3173 5202 Felckm.
3229 5148 3278 5202 1.
3309 5091 3459 5202 ἀλλὰ
3506 5143 3595 5198 καὶ
3631 5091 3864 5202 μᾶλλιον.

2216 5142 2323 5228 τας.
2362 5142 2771 5228 Ιὶὶὶἀ.“(ἒοῐῖιθῐ·.
2798 5142 2880 5207 ’θῐ
2922 5142 3173 5228 Fel-clm}.
3229 5148 3278 5228 1,
3309 5142 3465 5228 ἀλλξ
3506 5143 3595 5198 καὶ
3620 5142 3865 5228 μᾶλλον.

2218 5224 2524 5296 lidemque
2555 5229 2610 5281 et
2640 5225 2896 5296 Seguer._,
2945 5216 3038 5296 διᾲ
3087 5217 3196 5296 τὸν.
3227 5215 3380 5296 Θεόν..
3433 5215 3668 5290 Seguer.
3702 5215 3866 5282 ibid.,

2214 5293 2321 5370 16v
2338 5287 2562 5370 κυρίως,
2595 5287 3039 5370 θῐοῘΕᾶίῐῖζδιά.
3057 5289 3120 5344 τὸ
3140 5287 3422 5370 τὸν-Θεόν.

2287 5357 2418 5441 (54)’
2457 5357 2562 5424 εἰό
2601 5373 2836 5441 Seguer.
2890 5357 3076 5441 Editi.
3101 5365 3170 5441 et
3207 5360 3307 5441 alii
3357 5360 3640 5441 omittunt
3670 5357 3867 5441 αὑτῶν,

2217 5428 2536 5528 ῘΒΞά;’ῐῙ188.
2573 5428 2779 5495 omnes
2803 5435 2963 5511 μωρὰ
2991 5430 3080 5489 καὶ
3107 5429 3338 5503 ἄδηλος.
3371 5431 3547 5500 Editi,
3587 5429 3746 5508 μωρὰ
3775 5428 3866 5485 καὶ

2557 5574 3485 5712 eam.estadeo»
3807 5577 3860 5630 οι

2493 4723 2544 4778 ic
2591 4714 3006 4793 seguerian'us,
3035 4715 3390 4793 _Goblerian_.
3421 4718 3482 4793 e_t
3517 4714 3772 4793 Felckm.
3793 4715 3858 4793 ⁵1.
