4090 6334
222 364 305 424 69

1399 367 1691 433 ORATIO
1736 368 1759 431 ι
1803 368 2114 434 CONTRA
2160 332 2521 437 AltiANUS.

3565 387 3644 445 7O

225 494 503 573 διελέγχῃ
564 500 666 567 τὴν
719 496 1002 585 κακόνοιαν
1079 498 1277 556 αὐτῶν.
1337 502 1611 578 Ἐγνωσαν
1668 504 1768 578 γὰρ
1820 504 1882 557 τὸ

2007 507 2260 577 veniunt,
2294 526 2495 564 eorum
2526 511 2792 583 coarguit
2816 510 3123 568 malitiam.
3158 511 3304 570 Nam
3335 515 3491 585 quod
3537 532 3641 571 na-

223 589 367 641 κατά
425 587 612 663 φύσιν,
654 588 746 641 xui
799 584 995 643 λοιπὸν
1053 589 1142 644 xui
1200 589 1323 665 περὶ
1384 594 1459 664 (1)
1517 596 1624 646 τῶν
1671 591 1886 667 χρόνων

222 674 408 751 imi-5v
415 677 484 745 θη
492 697 588 731 σαν
598 717 611 730 .

292 856 389 910 28.
424 855 551 911 Ὀτι
585 852 644 909 δὲ
674 854 742 909 οὐ
783 852 866 910 δεῖ
915 857 1015 924 τήν
1071 860 1167 911 τοῦ
1222 861 1357 912 Θεοῦ
1412 858 1661 933 γέννησιν
1720 880 1887 933 παρα-

220 938 457 998 ϐάλλειν
489 947 560 1017 τῇ
606 939 714 999 τῶν
760 944 1057 1020 ἀνθρώπων
1110 945 1285 1023 φύσει,
1331 948 1419 1001 καὶ
1451 949 1690 1019 νομῖζειν
1726 947 1888 1024 μέρος

221 1034 362 1087 εἶναι
395 1037 501 1088 τοῦ
533 1038 667 1089 Θεοῦ
696 1034 789 1089 τὸν
842 1036 961 1089 Υἱὸν
1012 1033 1194 1104 αὐτοῦ,
1226 1036 1260 1105 ἢ
1315 1035 1461 1098 ὅλως
1510 1057 1562 1091 τι
1592 1037 1760 1099 πάθος
1795 1058 1889 1105 ση-

225 1121 443 1192 μαίνειν
476 1122 577 1191 τήν
609 1123 882 1198 γέννησιν,
916 1123 1207 1201 φθάσαντες
1243 1124 1337 1197 μὲν
1390 1123 1634 1197 ε”πομεν,
1669 1124 1719 1180 ἐν
1770 1130 1886 1188 τοῖς

218 1207 567 1284 ἔμπροσθεν,
618 1212 707 1266 καὶ
750 1216 842 1265 νῦν
896 1209 954 1267 δὲ
998 1213 1065 1267 τὰ
1108 1211 1241 1267 αὐτά
1268 1215 1344 1285 (2)
1376 1235 1569 1291 φαμεν⁸
1605 1213 1719 1271 Οὐκ
1749 1212 1889 1269 ἔστιν

219 1302 296 1363 ὡς
331 1298 627 1375 ἅνθρωπος
663 1303 692 1356 6
722 1301 875 1364 Θεός.
907 1304 1218 1376 Ἀνθρωποι
1273 1303 1371 1375 μὲν
1419 1304 1521 1377 γὰρ
1570 1306 1885 1374 παθητικῶς

214 1395 479 1465 γεννῶσι,
517 1390 740 1466 ῥευστὴν
773 1386 993 1466 ἔχοντες
1020 1392 1121 1461 τὴν
1154 1391 1310 1456 φύσιν
1358 1394 1459 1466 (3),
1509 1392 1597 1446 καὶ
1651 1393 1886 1467 χρόνους

217 1480 589 1552 ἀναμένοντες
637 1477 727 1533 διὰ
768 1480 869 1548 τὴν
919 1478 1189 1544 ἀσθένειαν
1232 1483 1333 1549 τῆς
1366 1477 1503 1543 ἰδίας
1537 1481 1764 1558 φύσεωςο
1798 1480 1887 1536 ἐπὶ

218 1565 279 1622 δὲ
309 1573 455 1623 Θεοῦ
484 1572 654 1623 τοῦτο
687 1567 863 1643 λέγειν
893 1567 992 1623 οὐκ
1029 1566 1189 1626 ἔστιν.
1242 1569 1315 1623 06
1363 1571 1464 1644 γὰρ
1494 1572 1572 1643 (4)
1619 1569 1680 1624 ix
1711 1574 1889 1645 μερῶν

216 1657 584 1734 συγκεῖμενός
614 1656 777 1726 ἐστιν,
808 1655 954 1713 ἀΑλὰ
982 1658 1070 1713 καὶ
1117 1658 1331 1727 ἀπαθὴς
1380 1655 1454 1712 ὤν
1505 1659 1595 1714 καὶ
1655 1658 1884 1729 ἁπλοῦς,

216 1747 453 1811 ἀπαθῶς
509 1746 601 1802 καὶ
652 1747 958 1823 ἀμερίστως
1020 1752 1117 1803 τοῦ
1165 1745 1294 1803 ι”ιοῦ
1356 1750 1541 1824 Πατήρ
1601 1749 1739 1804 ἐστι’
1796 1748 1887 1805 καὶ

215 1835 425 1891 τούτου
476 1836 647 1891 πάλιν
712 1838 853 1911 μέγα
902 1839 1199 1936 τεκμήριον
1230 1836 1319 1936 καὶ
1352 1835 1625 1908 ἀπόδειξις
1674 1837 1734 1893 έκ
1777 1842 1885 1936 τῶν
1920 1871 1968 1936 Β

218 1923 388 1986 θείων
452 1927 707 2001 Γραφῶν.
766 1924 824 1977 '0
882 1922 1061 1997 Λόγος
1102 1923 1204 2000 γὰρ
1254 1924 1409 1978 ὁτοῦ
1466 1928 1601 1979 Θεοῦ
1631 1927 1707 1998 (5)
1765 1924 1887 1987 Υἱός

218 2011 369 2067 ἔστιν
424 2012 622 2082 αὐτοῦ,
670 2013 760 2068 καὶ
810 2014 839 2067 ὁ
890 2013 1012 2074 Υἱὸς
1061 2012 1236 2089 Λόγος
1271 2013 1380 2068 έστί
1408 2012 1506 2068 τοῦ
1540 2016 1745 2089 Πατρὸς
1800 2015 1890 2068 καὶ

220 2104 428 2181 Σοφία·
465 2103 650 2178 Λόγος
680 2101 739 2158 δὲ
766 2103 857 2159 καὶ
891 2103 1085 2181 Σοφία,
1117 2103 1240 2158 οὕτε
1268 2102 1470 2176 κτίσμα
1502 2107 1580 2176 (6)
1630 2102 1753 2158 οὔτε
1803 2103 1892 2178 μέ-

212 2213 309 2268 ρος
337 2192 456 2247 ἐστὶ
508 2191 731 2261 τούτου,
782 2191 844 2247 οῦ
891 2193 981 2247 καὶ
1031 2189 1142 2248 ἔστι
1175 2193 1369 2268 Λόγος,
1404 2189 1528 2247 οὕτε
1555 2193 1691 2248 κατὰ
1718 2192 1890 2255 πάθος

212 2280 326 2336 ἐστί
387 2284 664 2356 γέννημα.
718 2281 1024 2359 Ἀμφότερα
1070 2286 1198 2357 γοῦν
1242 2284 1278 2351 ἡ
1312 2282 1497 2359 Γραιφὴ
1529 2281 1887 2354 συνάπτουσα,

212 2372 341 2424 Υἱὸν
382 2370 484 2442 μὲν
520 2372 607 2444 (7)
668 2368 888 2448 ἔφησεν,
930 2368 1024 2425 ’ἕνα
1069 2371 1132 2426 τὸ
1186 2370 1339 2448 φύσει
1381 2370 1468 2425 καὶ
1494 2369 1756 2441 ἀληθινὸν
1787 2378 1890 2441 τῆς

214 2461 415 2521 cinia;
460 2459 717 2534 γέννημα
764 2459 1205 2535 εὐαγγελίσηται.
1264 2463 1381 2516 Ἵνα
1438 2457 1496 2514 δὲ
1547 2462 1622 2533 μή
1653 2482 1735 2522 τις
1795 2462 1891 2515 ἁν-

210 2550 503 2624 θρώπινον
541 2548 805 2603 ὑπολάϐοι
862 2550 934 2620 (8)
974 2548 1036 2603 τὸ
1089 2549 1345 2624 γέννημα,
1379 2548 1543 2605 πάλιν
1574 2550 1674 2619 τήν
1707 2548 1889 2604 οὐσίαν

143 2648 175 2695 ν
210 2639 386 2692 αὐτοῦ
419 2636 736 2709 σημαίνων,
790 2636 967 2716 Λόγοῤ
1014 2636 1171 2692 αὐτὸν
1225 2637 1359 2692 εἶναι
1407 2637 1498 2692 καὶ
1542 2637 1743 2716 Σοφίαν
1800 2637 1890 2693 καὶ

216 2727 569 2800 ἁπαῦγασμά
620 2748 803 2804 φησιν.
865 2727 961 2782 Ἐκ
1014 2729 1119 2803 γὰρ
1174 2728 1372 2783 τούτου
1428 2728 1519 2782 xui
1574 2729 1637 2783 τὸ
1691 2728 1891 2792 ἀπαθὶς

214 2824 315 2885 τῆς
378 2818 718 2891 γεννήσεως,
776 2816 866 2870 xui
923 2817 986 2871 τὸ
1042 2813 1236 2889 ἀῖδιον,
1288 2817 1380 2872 καὶ
1426 2822 1508 2890 τῷ
1536 2822 1653 2889 Θεῷ
1683 2816 1887 2892 πρέπον

218 2904 590 2979 λογιζόμεθα.
628 2909 789 2958 Ποῖον
823 2903 915 2959 οὖν
949 2905 1139 2974 πάθος,
1174 2906 1209 2973 ἣ
1238 2910 1398 2960 ποῖον
1436 2906 1599 2980 μέρος
1655 2906 1765 2961 έστὶ
1792 2910 1891 2961 τοῦ

219 2994 435 3069 Πιτρὸς
498 2994 532 3047 ὁ
592 2994 762 3067 Λόγος
819 2993 909 3048 καὶ
955 2995 991 3062 ἡ
1040 2993 1235 3072 Σοφία,
1285 2994 1374 3049 καὶ
1421 2994 1485 3048 τὸ
1521 2994 1888 3070 ἀπαύγασμας

220 3083 314 3136 Καὶ
346 3086 527 3137 τοῦτο
560 3078 786 3136 δυνατὸν
821 3081 915 3136 xui
963 3081 1158 3144 αὐτοὺς
1204 3082 1333 3145 τοὺς
1383 3081 1619 3161 ἄφρονας
1681 3086 1889 3156 μαθεῖν.

220 3179 301 3233 Ὡς
368 3173 482 3247 γὰρ
544 3175 812 3245 γδναικῶν
876 3170 1136 3226 ἐπύθοντο
1191 3173 1315 3247 περί
1369 3174 1513 3243 υἱοῦ,
1567 3171 1739 3235 οὕτως
1795 3171 1887 3228 καὶ

222 3239 908 3337 ἄνδράςέπερωτάτωσαν
965 3263 1039 3332 (9)
1096 3262 1220 3337 περὶ
1263 3239 1372 3316 ¹τοῦ
1421 3239 1612 3336 λόγου,
1659 3260 1750 3316 ’ίνα
1782 3263 1884 3335 μά·
1917 3239 1960 3306 C

207 3354 417 3421 θωσιν,
481 3349 571 3403 ὅτι
623 3346 746 3404 οὔτε
798 3350 969 3412 πάθος
1017 3351 1213 3421 αὐτῶν,
1266 3351 1388 3406 οὕτε
1439 3352 1602 3427 μέρος
1651 3350 1762 3407 ἐστὶ
1790 3358 1888 3408 τοῦ

220 3446 312 3494 νοῦ
354 3440 595 3494 τούτων
651 3439 678 3492 6
722 3438 901 3513 Λόγος
950 3438 1007 3493 ὅν
1055 3440 1399 3517 προρέρνται.
1454 3440 1519 3495 Ei‘
1567 3438 1624 3496 δὲ
1651 3446 1759 3496 τῶν
1792 3441 1890 3497 ἀν·-

218 3530 491 3603 θρὼπων,
554 3526 733 3582 καίτοι
790 3530 1044 3596 παθητῶν
1107 3528 1290 3584 ὄντων’
1331 3530 1426 3585 xui
1488 3535 1753 3605 μεριστῶν
1800 3532 1890 3585 ὅν-

219 3639 349 3685 των,
386 3621 651 3677 τοιοῦτος
706 3617 734 3671 6
794 3616 980 3693 λόγος,
1041 3614 1130 3672 διὰ
1179 3618 1231 3673 τί
1279 3619 1403 3695 περὶ
1451 3624 1548 3673 τοῦ
1597 3620 1889 3693 ἀσωμάτου

216 3708 305 3761 mi
343 3706 659 3781 ἀμερίστου
692 3710 827 3760 Θεοῦ
856 3707 1002 3777 πάθη
1034 3707 1124 3761 xui
1186 3706 1322 3781 μέρη
1386 3705 1721 3782 λογίζονται,
1776 3707 1888 3783 ἵνα,

218 3801 391 3850 τοῦτο
424 3793 903 3869 προσποιούμενοι
930 3792 1089 3864 δῆθεν
1138 3791 1504 3862 εὐλαϐεῖσθαι,
1552 3797 1889 3871 ἀρνήσωνται

217 3886 314 3951 τήν
372 3883 568 3953 ἀληθῆ
627 3884 718 3937 καὶ
785 3886 939 3961 φύσει
1006 3884 1253 3959 γέννησιν
1302 3889 1400 3939 τοῦ
1448 3886 1611 3955 Υὶοῦ;
1673 3887 1761 3941 xui
1807 3887 1891 3942 ὅτι

228 3976 325 4044 μὲν
354 3974 426 4029 τὸ
478 3973 545 4027 ἐκ
589 3976 687 4026 τοῦ
744 3976 878 4027 Θεοῦ
934 3974 1046 4046 (10)
1104 3972 1349 4049 γέννημα
1396 3973 1495 4029 οὐκ
1531 3973 1643 4029 ἔστι
1701 3975 1888 4045 πάθος,

222 4067 424 4125 ἱκανῶς
492 4059 587 4117 διὰ
640 4065 748 4115 τῶν
795 4059 1096 4137 ἔμπροσθεν
1157 4060 1552 4119 ἀποδέδεικται·
1627 4061 1889 4120 δέδεικται

224 4148 278 4205 δὲ
307 4150 404 4205 καὶ
438 4147 561 4220 ἲδίᾳ
587 4153 677 4202 νῦν
710 4149 739 4203 6
796 4149 975 4224 Λόγος
1032 4150 1093 4205 οὗ
1137 4151 1273 4206 κατά
1318 4152 1490 4215 πάθος
1530 4152 1888 4229 γεννώμενος.

226 4240 611 4295 ’Δκουέτωσαν
673 4234 731 4292 δὲ
779 4237 868 4293 καὶ
918 4238 1041 4314 περὶ
1090 4246 1189 4309 τῆς
1242 4240 1432 4317 σοφίας
1478 4241 1546 4295 τὰ
1593 4241 1725 4297 αὐτά
1753 4243 1889 4315 (11)⁶

225 4329 318 4383 οὐκ
348 4326 502 4382 ἔστιν
558 4327 639 4388 ὡς
688 4327 973 4401 ἄνθρωπος
1023 4329 1051 4382 6
1092 4328 1239 4390 Θεός·
1277 4329 1356 4401 μὴ
1390 4329 1731 4402 ἀνθρώπινον
1760 4351 1892 4408 φαν-

225 4418 577 4486 ταζέσθωσαν
633 4414 725 4469 xui
773 4415 826 4470 ἐν
872 4418 1050 4490 τούτῳ
1097 4418 1221 4494 περὶ
1269 4417 1453 4474 αὐτοῦ.
1496 4420 1595 4473 Καὶ
1623 4420 1723 4495 γὰρ
1781 4423 1889 4474 τῶν

226 4508 537 4581 ἀνθρώπων
568 4502 735 4559 πάλιν
790 4502 1047 4560 δεκτικῶν
1080 4506 1269 4585 σοφίας
1301 4503 1628 4583 γεγονότων,
1683 4510 1710 4563 6
1762 4508 1893 4569 Θεὸς

228 4596 444 4657 οὗὸενὸς
514 4593 792 4669 μετέχων,
856 4594 1015 4657 αὐτὸς
1067 4602 1167 4665 τῆς
1226 4596 1416 4652 ἑαυτοῦ
1475 4597 1664 4675 σοφίας
1716 4602 1895 4677 πατήρ
1924 4605 1973 4669 D

226 4682 387 4754 ἐστιν,
420 4683 490 4750 ἧς
535 4682 587 4736 οἱ
625 4682 950 4758 μετέχοντες
993 4682 1208 4738 εἷ’ώθασι
1242 4684 1399 4764 σοφοί
1456 4684 1759 4742 καλεῖσθαι·
1802 4690 1891 4743 xui

296 4846 373 4923 (1)
407 4845 563 4923 Reg.
595 4848 658 4899 et
703 4843 972 4923 Seguer"
996 4842 1109 4923 “xui
1160 4841 1362 4923 λοιπὸν·
1404 4846 1494 4923 καὶ
1542 4847 1685 4923 περί.
1721 4850 1892 4923 Editi,

230 4913 553 4993 xui‘lontb—v
585 4913 736 4993 περί.
786 4913 943 4971 Ibid.
995 4916 1133 4993 Reg.
1155 4924 1242 4993 “et
1271 4917 1526 4993 Felckm.
1560 4913 1624 4989 5,¹
1647 4919 1771 4993 περὶ
1802 4913 1896 4993 τὸν

230 4986 626 5063 χρόνοι-Μοπ
661 4985 928 5063 Seguer.,
959 4985 1056 5053 τὴν
1081 4985 1184 5041 ῗτοῦ
1222 4992 1356 5043 Θεοῦ
1398 4985 1672 5063 γέννησιν.
1719 4985 1896 5060 Editi,

226 5057 325 5127 τῆν
355 5059 485 5131 περί
516 5062 618 5113 τοῦ
652 5057 786 5112 Θεοῦ
815 5057 1095 5131 γέννησιν.

296 5134 374 5207 t2)
402 5130 507 5188 Sic
539 5133 808 5203 Seguer.,
832 5130 1072 5186 Gohler.
1109 5134 1166 5186 et
1194 5131 1345 5187 Felc.
1381 5133 1432 5187 1.
1473 5133 1624 5189 Editi
1676 5138 1895 5207 autem,

227 5221 288 5256 τα
297 5224 417 5259 πα.

293 5278 374 5345 (3)
389 5277 686 5351 _Seguer.,
708 5272 890 5351 flag.”
918 5271 1122 5351 pasil.,
1151 5272 1377 5351 Anglic.
1410 5279 1467 5330 et
1497 5275 1643 5332 Felc.
1676 5273 1897 5351 5,ἔχον-

226 5338 311 5408 τες
341 5338 444 5414 τὴν
481 5338 681 5427 ᾇύσινσξ
706 5338 896 5427 Εάἱῖξ,
915 5338 1134 5427 ἔχοντες
1152 5338 1345 5427 φῦσιν.

290 5421 373 5486 (4)
404 5413 793 5490 Seguerian.,
826 5413 905 5490 ()6
1093 5413 1243 5490 Editi
1275 5422 1332 5472 et
1362 5415 1479 5487 alii,
1514 5413 1655 5473 Οὐδὲ
1682 5416 1805 5490 γάρ.

292 5485 371 5562 (5)
404 5485 785 5563 Seguerian.,
913 5485 1241 5563 Λόγος-,γὰρ
1287 5491 1384 5541 τοῦ
1424 5485 1578 5545 Θεοῦ.
1631 5485 1784 5546 Εάὶίὶ
1841 5493 1900 5547 et

230 5557 360 5629 alii,
466 5557 653 5634 Λόγος
681 5558 782 5633 γὰρ
813 5557 978 5634 ὁ-τοῦ-
1000 5557 1154 5613 Θεοῦ.

305 5628 389 5705 (6)
418 5633 523 5689 Sic
543 5628 816 5705 Seguer.,_
836 5628 1058 5705 Regius
1076 5630 1729 5705 codex_aliiqu_e,pmter
1750 5633 1900 5705 Felc.

232 5702 282 5777 2,
311 5700 508 5782 aquo
540 5708 599 5761 et
622 5700 702 5761 ab
725 5701 901 5759 editis
923 5700 1091 5760 abest
1118 5703 1274 5777 quod
1301 5700 1589 5778 sequitur,
1639 5700 1812 5782 Λόγον
1842 5701 1900 5762 δὲ

1993 605 2137 654 turae
2185 599 2485 670 proprium
2535 604 2625 654 est
2654 600 2837 654 coacti
2869 603 3009 655 sunt
3038 600 3149 672 ipsi
3181 617 3516 672 agnoscere,
3552 605 3639 659 ni-

1995 685 2193 758 hilque
2223 687 2334 741 nisi
2366 688 2648 759 pudorem
2683 687 2928 745 retulere
2957 706 3024 745 ex
3055 689 3395 759 hujusmodi
3445 709 3639 764 quaes-

1998 775 2277 840 tionibus,
2312 791 2459 846 quas
2490 777 2644 832 circa
2672 781 2938 849 tempore
2966 780 3388 850 excogitarunt.

2067 865 2216 920 341
2252 868 2341 919 28.
2393 867 2553 932 Quod
2607 872 2799 921 autem
2852 868 2951 923 Dei
3004 870 3436 939 generationem
3503 887 3638 928 cum

1996 953 2258 1009 humana
2290 960 2498 1009 natura
2528 960 2811 1023 conferre,
2844 955 2929 1010 vel
2966 962 3186 1027 partem
3222 958 3321 1013 Dei
3353 975 3482 1014 esse
3513 960 3642 1030 ejus

1995 1041 2205 1099 Filium
2238 1044 2401 1098 nefas
2432 1043 2508 1098 sit
2542 1052 2764 1116 putare,
2798 1061 2902 1100 nec
2930 1044 3110 1100 ullam
3144 1062 3386 1118 prorsus
3418 1050 3642 1121 passio-

1999 1147 2133 1186 nem
2160 1133 2457 1203 generatio
2489 1132 2800 1205 significet,
2856 1138 3026 1189 antea
3074 1135 3310 1206 quidem
3361 1136 3643 1206 diximus,

1998 1222 2320 1293 eademque
2352 1222 2524 1276 modo
2557 1222 3085 1293 repetimus,Deum
3108 1240 3220 1279 non
3239 1241 3367 1281 esse
3391 1225 3645 1282 hominis

1998 1308 2426 1366 similem.Nam
2457 1309 2725 1366 homines
2755 1311 3012 1381 quidem,
3032 1312 3310 1382 quiddam
3345 1315 3642 1385 patiendo,

1997 1399 2270 1471 gignunt,
2305 1399 2521 1469 quippe
2552 1400 2648 1470 qui
2685 1399 2896 1453 ﬂuxam
2942 1399 3197 1456 habeant
3242 1409 3536 1474 naturam,
3588 1408 3647 1460 et

1997 1492 2233 1559 tempus
2260 1491 2491 1559 propter
2505 1487 2748 1559 prepriaa
2766 1496 2901 1543 natu
2912 1490 3395 1546 raainlirmitatem
3415 1508 3646 1564 exspec-

1999 1581 2141 1632 tent.
2173 1578 2245 1631 At
2274 1576 2346 1631 de
2380 1578 2490 1631 Deo
2516 1577 2572 1631 id
2606 1576 2717 1632 dici
2752 1594 2864 1632 non
2916 1577 3069 1633 licet.
3122 1579 3320 1650 Neque
3366 1580 3521 1636 enim
3575 1597 3645 1638 ex

1999 1664 2263 1737 partibus
2313 1669 2404 1720 est
2450 1666 2835 1737 compositus,
2867 1667 2964 1720 sed
3000 1667 3291 1738 passionis
3318 1685 3524 1740 expers
3554 1675 3646 1725 est

1997 1759 2054 1809 et
2080 1752 2625 1825 simplex,nihilque
2652 1755 2891 1810 omnino
2925 1756 3244 1826 patiens,et
3272 1757 3496 1830 absque
3526 1758 3648 1815 ulla

1999 1841 2302 1911 divisione,
2338 1841 2466 1898 Filii
2498 1847 2588 1898 est
2620 1843 2815 1910 Pater;
2849 1845 3019 1913 cujus
3052 1845 3256 1916 utique
3287 1847 3366 1901 rei
3418 1847 3648 1920 insigne

2000 1936 2413 2001 argumentum
2464 1947 2532 1987 ac
2579 1931 2996 1987 documentum
3048 1933 3254 1988 divina:
3289 1935 3456 1990 nobis
3486 1936 3648 1992 Scri-

2000 2019 3180 2090 pturaasuppeditant.Nimirum,Verbum
3200 2023 3646 2095 llei,Filiusejus

2007 2113 2124 2173 est;
2156 2113 2213 2164 et
2236 2107 2493 2163 vicissim
2546 2108 3005 2176 Filius,Verbum
3030 2114 3087 2163 et
3105 2111 3398 2182 Sapientia
3419 2117 3508 2167 est
3540 2113 3645 2169 Pa-

2000 2198 2107 2252 tris
2141 2214 2154 2251 :
2188 2196 2444 2269 Verbum
2478 2213 2649 2268 porro
2680 2203 2736 2252 et
2767 2196 3064 2268 Sapientia
3094 2215 3196 2253 nec
3218 2216 3308 2255 res
3335 2207 3425 2256 est
3454 2207 3649 2259 creata

2000 2302 2104 2342 nec
2134 2301 2269 2357 pars
2298 2286 2426 2355 ejus
2454 2286 2625 2356 cujus
2644 2292 2734 2341 est
2752 2285 3141 2365 Verbummec
3164 2288 3434 2359 passione
3450 2290 3651 2363 aliqua

2000 2374 2473 2447 nascitur.lgitur
2494 2381 2811 2446 utrumque
2834 2375 3136 2447 Scriptura
3157 2378 3543 2451 conjungens,
3564 2382 3649 2435 Fi-

1996 2463 2144 2519 lium
2171 2463 2408 2535 quidem
2435 2479 2563 2519 esse
2585 2462 2991 2532 declaravit,ut
3016 2466 3342 2522 naturalem
3370 2471 3428 2522 et
3446 2484 3648 2525 verum

1999 2569 2129 2609 esse
2160 2557 2380 2607 natura:
2415 2552 2593 2607 fetum
2627 2553 2859 2608 doceret
2894 2570 2906 2607 :
2942 2570 3013 2608 ne
3045 2554 3178 2625 quis
3209 2560 3403 2612 autem
3437 2556 3649 2613 huma-

2002 2659 2143 2698 num
2172 2642 2353 2697 fetum
2385 2656 2514 2697 esse
2545 2642 2966 2714 suspicaretur,
3001 2660 3209 2700 rursus
3238 2646 3501 2714 eiusdem
3552 2647 3647 2702 in-

2001 2732 2155 2787 dicat
2186 2735 2483 2798 naturam,
2517 2748 2650 2786 cum
2683 2747 2816 2786 eum
2851 2732 3126 2799 Verbum,
3178 2734 3541 2806 Sapientiam
3594 2742 3652 2793 et

2001 2821 2372 2893 splendorem
2404 2837 2535 2877 esse
2560 2820 2722 2876 dicit.
2756 2821 2894 2877 Inde
2926 2822 3215 2893 siquidem
3266 2823 3650 2896 intelligimus

2001 2911 2257 2965 divinam
2290 2909 2749 2981 generationem,
2784 2911 3077 2980 passionis
3108 2912 3432 2967 immunem
3480 2918 3650 2969 aeter-

2002 3014 2280 3070 namque,
2312 3002 2371 3053 et
2394 2998 2510 3053 Deo
2540 2999 2777 3070 dignam
2813 3015 2957 3054 esse.
2980 2999 3113 3062 Quae
3140 3004 3295 3055 enim
3330 3001 3648 3072 passio,vel

2002 3104 2267 3160 quaenam
2328 3093 2416 3143 est
2469 3104 2604 3159 pars
2664 3087 2874 3155 Patris,
2924 3088 3203 3158 Verbum,
3250 3090 3547 3161 Sapientia
3592 3096 3650 3147 et

2002 3176 2320 3249 splendor?
2352 3177 2409 3231 Id
2445 3180 2598 3231 certe
2630 3176 2739 3247 ipsi
2775 3177 2949 3234 (tiam
2978 3182 3242 3234 amentes
3292 3179 3522 3252 possint
3560 3182 3650 3235 di-

1999 3280 2178 3320 scere.
2212 3264 2285 3319 Ut
2312 3264 2469 3318 enim
2506 3263 2781 3319 mulieres
2810 3265 2883 3320 de
2918 3264 3060 3321 Filio
3092 3266 3538 3339 interrogavere,
3564 3269 3650 3325 sic

1997 3354 2152 3409 viros
2201 3353 2271 3408 de
2316 3353 2491 3408 verbo
2537 3353 2915 3425 interrogent,
2937 3359 3001 3409 ut
3030 3355 3350 3410 doceantur
3380 3373 3484 3412 nec
3516 3374 3650 3429 pas-

2000 3445 2222 3499 sionem
2258 3457 2359 3496 nec
2392 3446 2614 3513 partem
2647 3458 2845 3497 eorum
2874 3459 3004 3499 esse
3036 3446 3251 3500 mentis
3269 3462 3387 3501 sua:
3408 3447 3649 3503 verbum

2000 3532 2152 3604 quod
2179 3530 2503 3586 enuntiant.
2551 3531 2768 3596 Quodsi
2822 3531 3149 3601 hominum,
3200 3549 3451 3604 quorum
3502 3538 3651 3606 pati-

2000 3620 2138 3676 bilis
2167 3624 2224 3674 et
2253 3619 2490 3674 dividua
2518 3624 2608 3674 est
2638 3624 2867 3685 natura,
2901 3619 3243 3690 hujusmodi
3275 3623 3352 3678 sit
3381 3624 3646 3692 verbum;

2001 3726 2181 3781 quare
2211 3709 2269 3763 in
2304 3708 2545 3779 Feo,qui
2580 3725 2683 3763 nec
2715 3725 3029 3781 corporeus
3061 3715 3149 3766 est
3191 3728 3297 3767 nec
3349 3712 3646 3781 dividuus,

2002 3798 2305 3870 passiones
2335 3801 2602 3867 partesve
2633 3796 2984 3868 c0gitant,ut
3012 3798 3234 3853 scilicet
3254 3798 3306 3853 id
3344 3816 3547 3857 cavere
3577 3804 3652 3857 si-

2002 3886 2315 3951 mulantes,
2347 3901 2544 3941 veram
2576 3901 2642 3939 ac
2676 3886 3003 3942 naturalem
3038 3887 3165 3943 Filli
3216 3892 3646 3959 generationem

2001 3976 2245 4047 negent?
2278 3974 2463 4046 igitur
2495 3974 2550 4028 id
2584 3975 2737 4045 quod
2769 3992 2837 4030 ex
2873 3977 2984 4031 Deo
3014 3977 3277 4048 genitum
3309 3980 3652 4051 est,nbsque

2005 4064 2122 4119 ulla
2144 4063 2414 4135 passione
2430 4063 2690 4135 genitum
2712 4078 2840 4119 esse
2858 4065 3000 4119 satis
3018 4082 3197 4137 supra
3210 4067 3518 4138 probatum
3538 4073 3649 4123 est:

2001 4168 2157 4207 nunc
2187 4152 2364 4207 etiam
2396 4150 2694 4220 speciatim
2730 4152 3099 4209 ostendimus
3127 4153 3382 4209 Verbum
3430 4158 3652 4227 absque

2002 4241 2274 4314 passione
2302 4240 2723 4312 generari.Jam
2759 4257 2891 4297 vero
2920 4242 3122 4298 eadem
3155 4242 3430 4300 similiter
3460 4244 3529 4301 de
3559 4262 3653 4301 sa-

2004 4331 2219 4403 pientia
2248 4330 2492 4385 audiant
2526 4346 2538 4384 :
2570 4329 2693 4385 Non
2727 4335 2818 4385 est
2844 4330 2997 4386 Deus
3029 4336 3095 4386 ut
3124 4331 3319 4393 homo,
3368 4333 3514 4389 nihil
3558 4334 3654 4389 hic

2002 4419 2335 4475 humanum
2386 4419 2456 4474 de
2503 4417 2601 4474 illo
2656 4419 2900 4491 ﬁngant.
2934 4419 3081 4475 Nam
3114 4421 3466 4493 sapientiam
3499 4424 3652 4480 acci-

2003 4510 2174 4582 piunt
2203 4507 2472 4563 homines
2507 4523 2520 4562 :
2553 4512 2614 4562 at
2644 4508 2799 4563 Deus
2833 4509 2932 4580 qui
2966 4509 3188 4565 nullius
3221 4512 3285 4566 ﬁt
3337 4512 3653 4585 particeps,

2007 4598 2132 4670 ipse
2179 4614 2299 4652 suze
2349 4596 2645 4667 sapientia:
2678 4604 2841 4668 pater
2874 4605 2983 4662 est,
3017 4600 3186 4666 cuius
3210 4600 3304 4669 qui
3343 4601 3655 4673 participes

2004 4690 2173 4753 fiunt,
2205 4685 2497 4757 sapientes
2548 4684 2735 4741 solent
2782 4687 3085 4760 appellari.
3138 4688 3268 4744 Haec
3314 4694 3508 4745 autem
3557 4706 3652 4747 sa-

2002 4847 2091 4903 xui
2143 4841 2465 4930 20?“;‘061'8
2493 4843 2713 4917 κτίσμα.

2097 4920 2150 4985 7)
2185 4917 2275 4974 Sic
2308 4918 2545 4989 Seguer.
2578 4920 2644 4990 lu
2675 4917 2848 4990 editis
2881 4917 2975 4990 μέν
3004 4920 3185 4976 deest.

2097 4921 2150 4985 7)
2185 4921 2275 4974 Sic
2308 4921 2545 4989 Seguer.
2578 4921 2644 4972 In
2675 4921 2848 4973 editis

2075 4921 2152 5062 (8)
2183 4990 2547 5062 Seguerian.,
2581 4982 2859 5062 Multiﬁdi).

2076 5057 2152 5133 (9)
2185 5057 2447 5133 Seguer.,
2479 5057 2879 5136 061w4__5iv69u<
2912 5058 3334 5136 έρωτησάτωσαν
3388 5065 3521 5122 Mox
3548 5071 3653 5124 Se-

2049 5128 2169 5189 uer.
2202 5128 2602 5205 δι”Βοείοῦτετ
2642 5128 3083 5205 Ibid.'Segi1er.,
3117 5136 3347 5205 G__ohler.
3393 5143 3450 5193 et
3496 5140 3648 5196 Felc.

2049 5150 2169 5189 uer.
2202 5149 2258 5188 et
2286 5149 2424 5198 Πομ.
2459 5152 2602 5186 ουτε.
2642 5149 2785 5187 mm.
2819 5149 3083 5205 Seguer.,
3117 5149 3347 5192 uomer.
3393 5149 3450 5193 et
3496 5149 3648 5196 h‘elc.

2006 5149 2261 5280 ¥23td00ﬁ
2311 5203 2486 5280 αὐτῶν
2537 5199 2679 5280 οὔτε.
2734 5205 2871 5277 Reg.
2924 5206 3062 5261 item
3112 5202 3232 5261 οὔτε
3262 5208 3414 5264 Editi
3444 5215 3502 5266 et
3528 5210 3651 5280 alii,

2006 5273 2130 5330 οὐδὲ
2164 5276 2339 5339 πάθος
2371 5272 2703 5347 οὐδὲμέρος.

2077 5349 2187 5419 (10)
2218 5349 2358 5419 Reg.
2412 5354 2469 5419 et
2494 5344 2787 5419 ISéguerq
2819 5344 2931 5419 61::
2993 5345 3086 5418 μὲν
3148 5347 3210 5401 τὸ
3267 5348 3326 5403 ἐκ
3366 5354 3462 5404 τοῦ
3494 5356 3650 5411 Θεοῦ.

2007 5416 2241 5544 ῗοὲἰρς.
2275 5416 2331 5474 ei
2359 5418 2548 5475 Felck.
2581 5416 2636 5487 4",
2668 5416 2749 5471 ὅτι
2780 5417 2842 5471 τὸ
2874 5418 2933 5473 ἐκ
2961 5416 3115 5474 Θεοῦ.
3150 5420 3324 5491 Editi,
3355 5420 3554 5495 ὅτιμὲν
3588 5424 3651 5479 τὸ

2034 5510 2066 5543 κ
2138 5510 2253 5544 εου.

2034 5510 2066 5543 κ
2095 5493 2228 5543 Θεοῦ
2243 5532 2253 5545 .

2080 5563 2192 5632 (11)
2222 5562 2316 5618 Sic
2346 5562 2609 5632 Seguer.,
2656 5560 2887 5617 Gohler.
2938 5566 2993 5617 et
3040 5562 3189 5620 Fele.
3233 5566 3282 5619 1.
3338 5570 3408 5620 At
3454 5566 3650 5624 Basili.

2006 5633 2334 5705 Anglican,
2354 5633 2507 5705 (Reg.
2539 5639 2599 5687 et
2630 5632 2777 5705 Felc.
2808 5633 2862 5699 5,
2890 5636 3080 5691 ταῦτα.
3125 5635 3294 5703 Editi,
3324 5635 3654 5699 tuﬁtu.Mox

2006 5702 2267 5781 Segnia,
2301 5702 2376 5779 μὴ
2409 5702 2783 5781 ἀνθρωπίνως.
2813 5705 2975 5781 Reg,
3015 5707 3091 5781 μὴ
3122 5706 3453 5785 ἀνθρώπινα.
