4090 6346
388 367 465 424 75
965 364 1030 423 S.
1079 362 1506 424 ATHANASII
1551 361 1723 424 OPP.
1771 360 1971 421 PARS
2017 361 2064 419 II.
2097 394 2172 404 -—
2205 357 2620 423 HISTORICA
2664 359 2763 424 ΕΤ
2809 353 3282 422 DOGMATICA.
3723 359 3802 418 7-6

393 497 548 568 quod
580 496 818 569 quidem
841 496 1198 566 exsistit,sed
1221 513 1289 553 ex
1319 494 1482 552 nullo
1505 503 1592 552 est
1621 493 2038 565 natum,nemi-

2160 493 2376 566 γενηθὲν
2407 489 2463 547 δὲ
2493 489 2553 548 ἔκ
2579 513 2747 561 τινος,
2783 489 2926 564 μηδὲ
2954 490 3099 554 ὅλως
3127 487 3258 568 ἔχον
3287 491 3482 547 ἑαυτοῦ
3523 512 3642 546 τινα
3688 512 3801 547 πα-

395 601 650 658 nemque
678 603 920 658 prorsus
950 585 1042 642 sui
1074 590 1296 658 patrem
1331 585 1526 641 habet.
1578 583 1842 640 Asterius
1896 599 2040 654 quo-

2160 583 2296 654 εέρα.
2332 583 2643 658 Προσέθηκε
2673 579 2730 636 δὲ
2760 581 2848 636 καὶ
2897 581 2926 636 6
2971 585 3275 657 πανοῦργος
3322 581 3582 658 σοφιστὴς
3615 581 3799 638 Ἀστέ-

395 691 528 747 que,
561 673 830 748 sophista
857 674 1182 730 vaferrinus
1232 679 1289 729 et
1333 672 1574 729 haeresis
1621 679 1924 745 patronus,
1982 670 2040 725 in

2160 690 2290 744 ριος,
2321 671 2348 724 6
2374 671 2463 725 καὶ
2490 670 2592 738 τῆς
2629 671 2885 747 αἱρέσεως
2915 671 3236 746 συνήγορος,
3268 668 3320 724 έν
3369 674 3450 742 τῷ
3502 666 3628 744 ἰδίῳ
3677 691 3800 725 συν-

394 763 628 836 proprio
659 762 945 837 Opusculo
975 762 1202 819 addidit
1234 779 1348 818 non
1380 762 1599 818 factum
1630 777 1761 817 esse
1790 760 1848 815 id
1881 759 2040 831 quod

2160 759 2433 835 ταγματίῳ
2462 763 2577 833 (35)
2612 757 2814 836 λέγων,
2845 760 3105 834 ἀγένητον
3124 757 3273 814 ⁸εἶναι
3303 758 3366 814 16
3428 760 3502 832 μή
3553 759 3801 831 ποιηθὲν,

394 868 510 908 non
541 857 632 908 est
661 853 904 923 factum,
938 852 1041 908 sed
1071 852 1227 923 quod
1261 867 1495 922 semper
1520 857 1628 906 est.
1673 850 1871 920 Itaque
1903 864 2040 920 quo-

2160 846 2278 903 ἄλλ’
2309 849 2389 904 ἀεὶ
2422 845 2505 906 ὅν.
2541 849 2682 904 Κατὰ
2710 855 2867 905 ποῖον
2920 848 3010 903 οὖν
3046 844 3448 922 σημαινόμενον
3497 853 3684 904 νοοῦσι
3737 849 3802 904 τὸ

393 957 531 998 nam
572 957 748 998 sensu
793 957 988 997 vocem
1042 957 1156 996 non
1195 939 1329 995 facti
1379 938 1775 1012 intelligerent
1805 953 2040 992 necesse

2160 935 2432 1012 ἀγένητον,
2493 934 2600 992 ἔδει
2640 933 3026 1015 προστιθέντας
3075 935 3268 1000 αὐτούς
3317 935 3659 1012 έρωτᾷν,’ίνα
3712 937 3804 992 καὶ

395 1033 521 1086 erat
547 1046 669 1100 eos,
700 1029 1137 1102 interrogando,
1170 1028 1478 1101 explicare,
1514 1033 1578 1083 ut
1612 1025 1960 1083 videdelicet
1991 1025 2042 1080 is

396 1119 498 1191 qui
529 1119 1027 1192 interrogabatur,
1061 1119 1171 1176 rite
1195 1123 1400 1191 posset
1430 1118 1800 1190 respondere.

469 1299 558 1356 31.
593 1300 756 1365 Quod
788 1299 838 1356 si
869 1303 1024 1354 recte
1054 1301 1264 1371 putant
1292 1297 1651 1370 interrogare
1673 1313 1808 1352 cum
1839 1295 2039 1352 aiunt:

399 1388 672 1446 Unumne
701 1393 790 1445 est
821 1405 937 1443 non
971 1387 1296 1452 tactum,an
1329 1385 1474 1442 duo?
1497 1388 1752 1458 primum
1783 1383 2043 1456 quidem,

401 1483 467 1535 ut
495 1477 778 1551 imperiti,
809 1477 1068 1534 audituri
1102 1481 1242 1533 sunt
1269 1480 1326 1532 et
1356 1475 1546 1531 multa
1591 1478 1648 1530 et
1692 1472 1838 1530 nihil
1868 1489 1997 1529 esse
2029 1490 2042 1527 :

399 1567 677 1640 plurima,
729 1567 994 1640 inquam,
1045 1583 1172 1638 quae
1222 1581 1352 1622 esse
1398 1568 1686 1636 possunt,
1721 1561 1867 1618 nihil
1914 1577 2046 1616 vero

397 1657 555 1729 quod
583 1655 708 1713 ﬂeri
737 1672 851 1712 non
884 1659 1079 1727 queat,
1133 1653 1632 1726 quemadmodum
1682 1651 1905 1706 dictum
1936 1653 2044 1705 est.

401 1747 512 1802 Sed
544 1745 615 1812 si,
641 1749 706 1802 ut
731 1745 959 1802 Asterio
991 1743 1230 1817 placuit,
1263 1759 1376 1798 non
1409 1741 1468 1797 id
1500 1741 1656 1813 quod
1689 1741 1905 1796 factum
1937 1743 2048 1804 est,

403 1834 505 1890 sed
537 1834 694 1906 quod
725 1849 958 1906 semper
985 1837 1096 1897 est,
1129 1849 1244 1888 non
1274 1831 1494 1886 factum
1525 1846 1673 1897 esse,
1707 1829 1792 1884 sic
1824 1827 1908 1882 illi
1939 1827 2049 1882 hoc

2152 1027 2180 1081 6
2212 1025 2564 1102 ἐρωτώμενος
2595 1027 2774 1104 ὀρθῶς
2803 1027 3184 1102 ἀποκρίνηται.

2223 1297 2312 1352 31.
2342 1295 2406 1350 Ei.
2465 1292 2522 1350 δὲ
2567 1294 2850 1368 νομίζουσι
2901 1293 3084 1357 καλῶς
3131 1293 3358 1368 ἐρωτᾷν,
3390 1295 3441 1350 έν
3473 1301 3552 1369 τῷ
3603 1294 3803 1374 λέγειν,

2151 1385 2244 1440 Ἓν
2274 1384 2337 1438 τὸ
2367 1384 2624 1460 ἀγένητον
2657 1387 2792 1458 (36),
2820 1385 2854 1454 ἢ
2889 1382 2986 1439 δύο
3011 1411 3027 1452 ς
3059 1382 3380 1440 ἀκούσονται
3407 1389 3625 1458 πρῶτον
3682 1386 3801 1460 μὲν,

2155 1473 2228 1534 ὡς
2259 1473 2508 1546 ἀμαθεῖς,
2536 1471 2723 1529 πολλά
2745 1493 2804 1528 τε
2834 1473 2966 1528 εἶναι
2996 1473 3087 1528 καὶ
3121 1470 3299 1545 οὐδὲν,
3333 1471 3564 1530 πλεῖστα
3599 1475 3693 1548 μὲν
3735 1477 3804 1531 τὰ

2157 1558 2426 1634 δυνάμενα
2452 1561 2714 1638 γενέσθαι,
2747 1558 2901 1616 οὐδὲν
2934 1558 2991 1617 δὲ
3032 1563 3094 1616 τὸ
3145 1563 3221 1635 μὴ
3273 1559 3588 1636 δυνάμενον,
3622 1562 3802 1639 ὥσπερ

2157 1647 2391 1726 εἴρηται.
2424 1649 2486 1706 Εἰ
2518 1649 2596 1722 δὲ,
2629 1651 2702 1713 ὡς
2733 1651 2998 1726 ’Δστερίῳ
3022 1649 3185 1722 ἤρεσε
3215 1651 3424 1726 (37),16
3457 1654 3532 1726 μὴ
3564 1653 3802 1726 ποίημα,

2157 1737 2285 1794 ἀλλ’
2313 1739 2394 1794 ἀεὶ
2425 1739 2482 1795 ’ὸν
2518 1739 2776 1814 ἀγένητον
2812 1740 2966 1813 εἶναι,
2999 1739 3172 1804 οὕτως
3221 1739 3492 1818 ἐρωτῶσιν
3543 1742 3809 1798 ἀκουέτω·-

2159 1849 2252 1882 σαν
2302 1828 2410 1904 οὐχ
2459 1829 2618 1900 ἅπαξ,
2647 1827 2795 1885 ἀλλὰ
2836 1827 3132 1902 πολλάκις,
3163 1829 3244 1885 ὅτι
3292 1831 3383 1886 καὶ
3432 1831 3460 1886 6
3491 1831 3613 1894 Υἱὸς
3663 1831 3807 1888 οὕτω

401 1939 582 1980 sensu
610 1923 1005 1996 interrogant;
1038 1921 1282 1977 audiant
1310 1936 1416 1976 nec
1461 1919 1642 1976 semel
1675 1919 1775 1974 sed
1809 1917 2040 1988 saepius,

2160 1918 2294 1972 κατὰ
2318 1889 2516 1989 τάότην
2549 1889 2649 1988 την
2701 1917 2940 1995 ἐκδοχὴν
2987 1889 3243 1994 ἀγένητος
3291 1922 3402 1994 (38)
3432 1919 3490 1974 ἂν
3555 1889 3805 1996 λεχθείη.

403 2011 615 2068 Filium
647 2012 970 2069 secundum
996 2010 1148 2068 hanc
1169 2009 1657 2082 signiﬁcationem
1681 2025 1798 2069 non
1833 2007 2048 2063 factum

403 2117 577 2172 posse
607 2100 743 2156 dici.
775 2100 1041 2172 Namque
1088 2115 1194 2155 nec
1241 2103 1331 2154 est
1375 2115 1445 2154 ex
1492 2098 1670 2154 rebus
1717 2097 1907 2162 lactis,
1941 2111 2046 2151 nec

402 2205 573 2260 opus,
606 2187 709 2244 sed
739 2203 970 2259 semper
1000 2203 1118 2242 una
1147 2203 1280 2242 cum
1313 2187 1482 2242 Patre
1511 2189 1622 2256 est,
1674 2184 1757 2240 uti
1789 2186 1914 2255 jam
1943 2183 2050 2239 fuit

401 2275 974 2348 probatum,etiamsi
1003 2275 1194 2330 varias
1219 2274 1301 2331 illi
1323 2275 1540 2330 formas
1562 2274 1906 2340 induant,ut
1929 2271 2044 2327 im-

401 2366 498 2438 pia
528 2365 649 2422 haec
678 2365 960 2421 adversus
989 2363 1303 2419 Dominum
1325 2363 1550 2435 possint
1566 2363 1821 2434 proferre
1850 2361 2042 2417 verba:

401 2454 482 2508 Ex
510 2453 693 2509 nihilo
722 2457 812 2510 est
840 2470 853 2509 :
881 2457 959 2521 et,
989 2452 1116 2508 Non
1147 2455 1274 2507 erat
1321 2456 1639 2522 antequam
1688 2456 2042 2506 nasceretur.

398 2543 560 2609 Quod
596 2543 648 2599 si
675 2541 835 2599 omni
863 2558 933 2599 ex
964 2546 1125 2612 parte
1155 2539 1404 2612 explosi,
1445 2541 1683 2596 demum
1735 2539 1915 2596 velint
1943 2537 2045 2594 illa

395 2647 534 2688 voce
557 2631 878 2705 signiﬁcari
908 2631 988 2695 id,
1039 2631 1192 2702 quod
1225 2629 1467 2686 exsistat
1515 2628 1774 2700 quidem,
1823 2646 1936 2684 non
1967 2629 2045 2684 sit

394 2725 592 2777 autem
622 2737 693 2776 ex
722 2719 918 2792 aliquo
949 2724 1360 2790 ortum,neque
1389 2717 1480 2773 sui
1505 2718 1688 2789 ipsius
1713 2717 1920 2773 habeat
1943 2734 2042 2788 pa-

395 2814 585 2878 trem;
618 2809 1108 2882 respondebimus
1137 2825 1270 2864 eum
1305 2824 1477 2879 quem
1509 2807 1618 2863 hoc
1649 2807 1820 2862 modo
1851 2807 2037 2879 signi-

395 2899 596 2966 ficant,
630 2915 809 2954 unum
844 2915 910 2954 ac
941 2897 1132 2954 solum
1162 2913 1292 2953 esse
1322 2913 1436 2952 non
1489 2895 1708 2952 factum
1760 2897 1987 2952 Patrem
2024 2913 2037 2952 :

396 3003 514 3060 quo
544 2987 780 3059 quidem
814 3003 1096 3059 responso
1119 2984 1263 3042 nihil
1296 2985 1484 3057 magis
1528 2990 1670 3041 sunt
1699 2985 2037 3057 profecturi.

395 3077 514 3132 Nec
559 3075 717 3132 enim
765 3092 834 3132 ex
890 3091 977 3146 eo,
1028 3076 1184 3147 quod
1256 3075 1410 3130 Deus
1481 3075 1585 3130 hac
1647 3074 1874 3131 ratione
1923 3093 2039 3132 non

395 3167 586 3222 factus
615 3165 864 3233 dicatur,
897 3164 1164 3236 sequitur
1195 3163 1410 3219 factum
1461 3180 1590 3219 esse
1635 3162 1868 3231 Filium,
1905 3180 2040 3220 cum

2161 2003 2299 2063 Οὔτε
2326 2007 2426 2082 γὰρ
2457 2012 2566 2062 τῶν
2605 2013 2866 2084 γενητῶν,
2925 2005 3049 2064 οὔτε
3087 2009 3307 2082 ποίημά
3345 2009 3510 2078 ἐστιν,
3541 2009 3688 2066 ἀλλὰ
3713 2009 3804 2064 καὶ

2157 2092 2346 2158 ἀϊδίως
2376 2096 2584 2151 σύνεστι
2639 2101 2718 2169 τῷ
2774 2099 2964 2170 Πατρὶ,
2997 2095 3178 2174 ὥσπερ
3234 2097 3323 2152 καὶ
3370 2095 3481 2170 ἤδη
3513 2095 3801 2172 δέδεικται,

2156 2185 2252 2239 κᾶν
2311 2183 2583 2248 πολλάκις
2647 2181 3118 2260 μεταϐάλλωνται,
3156 2184 3250 2242 ἵνα
3307 2187 3472 2261 μόνον
3516 2188 3654 2244 κατὰ
3703 2193 3802 2243 τοῦ

2156 2277 2354 2350 Κυρίου
2413 2272 2669 2350 λέγωσιν,
2713 2275 2797 2346 Ἐξ
2841 2275 2945 2331 οὐκ
2991 2271 3160 2332 ὄντων
3208 2274 3342 2346 ἐστὶ,
3389 2277 3500 2348 καὶ,
3547 2276 3664 2336 Οὐκ
3707 2278 3800 2350 ἦν,

2153 2364 2280 2438 πρὶν
2311 2368 2562 2438 γεννηθῇ.
2624 2363 2844 2419 Πάντων
2897 2361 2964 2433 δὴ
3022 2363 3112 2420 οὖν
3173 2365 3542 2435 ἐκπίπτοντες,
3574 2363 3660 2421 έᾶν
3709 2366 3800 2422 καὶ

2153 2450 2326 2507 έκεῖνο
2374 2455 2486 2526 (39)
2536 2451 2807 2524 Θελήσωσι
2849 2452 3042 2509 λοιπὸν
3075 2452 3278 2530 ἐρωτᾷν
3311 2455 3448 2510 κατὰ
3501 2455 3565 2511 τὸ
3627 2455 3800 2533 ὑπάρ-

2153 2561 2256 2618 χον
2291 2542 2409 2614 μὲν,
2444 2543 2584 2614 μήτε
2613 2539 2671 2596 δὲ
2699 2543 2952 2617 γεννηθὲν
3000 2538 3060 2598 ἕκ
3103 2563 3273 2615 τινος,
3309 2545 3447 2616 μήτε
3493 2541 3623 2620 ἔχον
3676 2544 3796 2600 ἑαυ-

2151 2634 2247 2685 τοῦ
2277 2629 2497 2707 πατέρα·
2531 2630 2852 2686 ἀκούσονται
2888 2631 2982 2704 μὲν
3015 2631 3103 2686 καὶ
3145 2633 3270 2708 παρ’
3303 2635 3460 2706 ἡμῶν
3509 2633 3602 2688 τὸν
3653 2633 3796 2690 οὕτω

2151 2719 2548 2792 σημαινόμενον
2580 2715 2673 2774 ἕνα
2729 2719 2818 2774 καὶ
2873 2721 3036 2792 μόνον
3091 2720 3346 2796 ἀγένητον
3381 2725 3494 2794 (40)
3525 2722 3656 2777 εἶναι
3703 2723 3794 2778 τὸν

2153 2808 2382 2884 Πατέρα,
2413 2805 2564 2864 οὐδὲν
2597 2807 2654 2864 δὲ
2683 2807 2849 2864 πλέον
2881 2807 3085 2882 ἕξουσιν
3117 2809 3179 2865 ἐκ
3221 2815 3314 2865 τοῦ
3359 2815 3583 2866 τοιαῦτα
3631 2811 3798 2868 ἀκού-

2151 2918 2225 2952 ειν
2284 2896 2499 2959 αὐτούς.
2533 2894 2672 2954 Οὐδὲ
2726 2897 2827 2974 γὰρ
2881 2899 2941 2952 τὸ
2999 2897 3171 2952 οὕτως
3233 2897 3492 2974 ἀγένητον
3548 2899 3797 2975 λέγεσθαι

2149 2985 2238 3040 τὸν
2272 2986 2401 3041 Θεὸν
2434 2983 2666 3040 δείκνυσι
2691 2986 2914 3062 γενητὸν
2947 2987 3060 3059 (41)
3091 2987 3224 3042 εἶναι
3281 2987 3373 3042 τὸν
3429 2988 3574 3060 Υἱόν,
3620 2985 3796 3060 δήλου

2149 3067 2303 3136 ὄντος
2359 3075 2496 3129 κατὰ
2549 3075 2644 3136 τὰς
2700 3075 3100 3150 προειρημένας
3177 3073 3474 3148 ἀποδείξεις
3545 3081 3792 3133 τοιοῦτον

2151 3162 2283 3218 εἶναι
2325 3162 2416 3217 τὸν
2473 3163 2668 3240 Λόγον,
2698 3163 2814 3226 οἷός
2859 3161 2998 3218 ἐστιν
3049 3165 3076 3219 6
3124 3167 3388 3240 γεννήσας
3445 3165 3628 3225 αὐτόν.
3659 3166 3795 3222 Οὐκ-

393 3270 464 3310 ex
491 3253 894 3326 superioribus
939 3252 1304 3325 argumentis
1351 3252 1576 3308 clarum
1625 3253 1704 3308 sit
1749 3251 1863 3308 tale
1911 3269 2040 3310 esse

2160 3257 2242 3308 οὖν
2290 3251 2335 3306 εἰ
2383 3251 2646 3326 ἀγένητος
2679 3253 2846 3326 (42)ὁ
2895 3253 3046 3322 Θεὸς,
3097 3253 3160 3308 οὐ
3216 3255 3442 3330 γενητὴ,
3475 3254 3623 3312 ἀλλὰ
3675 3257 3794 3333 γέν-

393 3343 676 3409 Verbum,
726 3341 919 3414 qualis
966 3347 1056 3397 est
1086 3341 1186 3413 qui
1236 3341 1432 3412 ipsum
1481 3341 1703 3413 genuit.
1755 3341 2038 3406 Quocirca

393 3430 626 3488 etiamsi
660 3433 810 3486 Deus
841 3429 919 3486 sit
949 3445 1063 3485 non
1097 3430 1308 3499 factus,
1343 3447 1458 3486 non
1491 3427 1706 3485 idcirco
1754 3431 1906 3486 laeta
1935 3431 2036 3486 sed

392 3535 526 3576 vere
553 3520 751 3592 genita
782 3523 871 3576 est
907 3519 1036 3590 ejus
1068 3517 1283 3590 imago,
1317 3534 1445 3590 quae
1495 3518 1624 3588 ejus
1672 3525 1730 3574 et
1783 3517 2038 3574 Verbum

395 3612 455 3665 et
483 3608 781 3680 Sapientia
809 3612 916 3664 est.
950 3607 1145 3680 Ecqua
1175 3607 1331 3662 enim
1367 3606 1675 3662 intercedit
1713 3607 2039 3664 similitudo

397 3698 551 3752 inter
579 3715 699 3754 rem
733 3697 948 3754 factam
971 3702 1027 3752 et
1057 3714 1172 3752 non
1221 3695 1434 3752 factam
1463 3695 1490 3750 ‘2
1523 3700 1642 3750 Non
1699 3697 1902 3752 eadem
1935 3715 2040 3753 saa-

399 3785 533 3860 pius
558 3787 750 3843 dicere
782 3785 860 3842 nil
893 3803 1066 3859 grave
1093 3786 1378 3842 videatur.
1406 3783 1465 3839 Si
1502 3785 1659 3840 enim
1689 3787 1747 3842 id
1779 3788 1934 3859 quod
1959 3788 2040 3844 fa-

399 3881 561 3932 ctum
593 3881 703 3944 est,
734 3876 916 3932 velint
946 3874 1138 3930 simile
1168 3891 1296 3930 esse
1328 3875 1455 3944 ejus
1486 3876 1640 3946 quod
1675 3893 1786 3930 non
1824 3878 2041 3932 factum

398 3967 658 4034 est,adeo
691 3970 756 4020 ut
785 3965 884 4037 qui
915 3980 1098 4020 unum
1128 3963 1526 4031 viderit,aliud
1557 3981 1790 4037 quoque
1818 3965 2041 4034 videat;

398 4071 609 4129 parum
635 4053 878 4110 omnino
910 4053 1161 4109 abfuerit
1190 4050 1334 4124 quin
1385 4051 1580 4108 dicant
1629 4055 1687 4109 id
1739 4055 1894 4126 quod
1927 4071 2042 4111 non

465 4267 577 4339 (35)
602 4265 966 4392 Seguerianu
1013 4264 1414 4349 συνταγματίῳ.
1453 4265 1594 4322 Editi
1647 4272 1704 4323 et
1752 4267 1874 4334 alii,
1916 4287 2040 4322 συν-

441 4335 648 4392 ἱγιιατι.
710 4337 830 4392 bid.
861 4342 1270 4392 Seauerianus.
1305 4337 1634 4392 Goblerian.
1689 4343 1748 4392 et
1797 4340 1944 4392 Felc.
1989 4341 2039 4392 1-

393 4337 648 4412 τάγματι.
684 4337 830 4393 ibid.
861 4337 1270 4408 Seguerianus,
1305 4337 1634 4394 Goblerian.
1689 4343 1748 4394 et
1797 4340 1944 4396 Felc.
1989 4341 2039 4412 1,

397 4407 575 4477 λέγων
635 4407 894 4477 ἀγένητον
951 4407 1083 4462 εἶναι
1130 4421 1193 4462 το
1243 4409 1320 4477 μὴ
1373 4409 1622 4477 ποιηθὲν,
1672 4407 1798 4464 ἀλλ’
1849 4407 2039 4468 ἀΐδιον.

398 4428 575 4482 Λεγων
635 4428 894 4482 αγενητον
951 4428 1083 4462 ειναι
1130 4429 1193 4462 το
1243 4429 1320 4481 μη
1373 4428 1622 4480 ποιηυεν,
1672 4428 1780 4464 αΛΛ
1849 4428 2039 4468 αιοιον.

582 4480 784 4556 etalii,
803 4476 973 4556 λέγων
996 4479 1296 4556 ἀγέννητον
1309 4480 1442 4534 εἶναι
1461 4479 1523 4535 16
1549 4481 1624 4556 μὴ
1657 4481 2042 4556 ποιηθὲν,άλλ’

396 4549 478 4606 ἀεὶ
511 4545 592 4609 ὅν.
628 4545 780 4608 Ibid.
807 4545 1142 4623 Seguerian.
1176 4545 1234 4607 et
1265 4553 1429 4623 Reg,
1459 4545 1594 4607 κατᾶ
1614 4545 1796 4606 ⁷ποῖον
1845 4545 2040 4610 τοίνυν.

399 4623 573 4695 Editi,
603 4622 740 4677 κατὰ
768 4598 926 4676 «oio?!
959 4620 1072 4680 οὖν.
1110 4628 1256 4679 Item
1298 4598 1631 4695 Sggberian.
1667 4627 1832 4694 ibid.,
1863 4630 2044 4680 νοοῦσι
2077 4598 2122 4663 D

395 4693 792 4771 16dyégp10v.
854 4695 1036 4771 Editi,
1087 4699 1273 4749 νοοῦσι
1329 4693 1401 4749 16
1450 4695 1767 4771 ἀγέννητον.
1810 4693 1962 4756 Felo.
2010 4701 2046 4754 5

398 4763 568 4838 ibid.,
600 4763 707 4821 ἔδει
739 4765 1183 4838 ποσποιηθέντας.

609 4840 973 4913 Seguerian.,
1003 4837 1283 4913 ἀγένητον.
1318 4838 1468 4893 Editi
1500 4837 1807 4913 άγέννητον.

471 4910 710 4991 (37)_Si_6
735 4928 878 4991 mss.
913 4910 1118 4991 praeter
1147 4910 1296 4991 Felc.
1327 4913 1382 4968 2.
1415 4910 1639 4991 qui,‘ut
1678 4912 1850 4991 editi,
1881 4929 2041 4991 men-

397 4979 540 5055 dose
565 4979 763 5039 'habet
808 4979 1000 5055 ἤρησε.
1039 4983 1164 5039 Mox
1213 4979 1626 5055 Seguerianus,
1657 4983 2038 5055 Basiliensis,

395 5053 776 5128 Anglicanus,
809 5051 1138 5128 Goblerian.
1169 5058 1232 5128 et
1279 5053 1422 5128 ϋηο.
1459 5055 1525 5128 ⁵1,
1581 5051 1836 5128 ἀγένητον
1888 5051 2038 5112 εἶναι,

393 5125 543 5215 {Edit‘i
573 5127 786 5215 et‘alii,‘
806 5125 1107 5215 άγέννητον
1143 5125 1298 5180 εἶναι.
1333 5125 1508 5180 Paulo
1543 5125 1674 5198 post
1705 5128 2036 5200 Anglicum,

395 5195 541 5252 ἀλλὰ
569 5195 657 5251 καὶ
691 5195 980 5258 πολλάκις.

460 5271 572 5341 (38)
602 5272 1012 5342 Seguerianus,
1083 5267 1318 5342 Regius,
1369 5267 1728 5342 Basiliensis,
1778 5270 2038 5342 Anglica-

460 5287 572 5341 (ὄό)
602 5287 671 5325 δε
718 5287 1012 5337 uenanus,
1085 5287 1318 5340 ttegms,
1369 5287 1728 5333 υειειιιεηειε,
1778 5287 2036 5342 angnca-

389 5357 523 5413 nus,
557 5287 887 5399 Gobierian.
942 5347 999 5397 et
1052 5341 1383 5395 li‘elckman.
1431 5340 1484 5407 1,
1533 5339 1816 5413 ἀγένητος.
1869 5343 2036 5408 Editi,

391 5409 698 5485 ἀγέννητος.
733 5415 863 5470 Mox
894 5414 1039 5469 Felc.
1073 5414 1128 5479 5,
1177 5414 1285 5464 τῶν
1333 5409 1625 5484 γεννητῶν.
1660 5409 1770 5468 Alii
1823 5420 1880 5470 et
1925 5415 2040 5470 edi-

389 5483 470 5540 tio
501 5485 803 5540 Commel..
837 5489 1099 5540 γενητῶν.

416 5501 470 5540 ιο
501 5501 803 5553 uommel.,
837 5504 1099 5553 γενητων.

461 5506 470 5537 ι
501 5506 803 5553 υοωωθιη
837 5506 1099 5560 γενητων.

461 5557 572 5630 (39)
602 5562 879 5630 Seguer.,_
909 5557 1026 5610 κατ’
1054 5553 1246 5630 έκεῖνο.
1279 5554 1458 5630 Paulo
1505 5561 1636 5626 post
1677 5556 1843 5630 Reg,
1875 5575 2034 5630 γενη-

392 5622 480 5700 θὶν
504 5622 571 5700 ἔκ
596 5622 764 5690 τινος.
795 5622 905 5686 Alii
935 5634 993 5685 et
1014 5628 1181 5700 editi,
1212 5624 1487 5700 γεννηθέν.

461 5698 576 5778 (40)
606 5705 841 5776 Seguer.
878 5698 1049 5756 Basil.
1089 5697 1304 5773 Anglic.
1335 5698 1564 5756 Gobler.
1591 5702 1646 5754 et
1676 5697 1822 5756 Felc.
1844 5698 2034 5776 1,ἀγὲ-

2145 3342 2298 3415 νημά
2325 3340 2463 3396 ἐστιν
2496 3344 2530 3411 ἡ
2563 3340 2758 3396 τούτου
2791 3341 2973 3410 εἰκὼν,
3004 3339 3127 3412 ἤτις
3174 3341 3315 3400 ἐστὶν
3347 3346 3376 3400 6
3407 3345 3580 3422 Λόγος
3629 3345 3795 3402 αὐτοῦ

2145 3430 2235 3486 καὶ
2267 3433 2300 3500 ἡ
2330 3430 2524 3508 Σοφία.
2557 3431 2700 3488 Ποία
2740 3432 2840 3506 γὰρ
2874 3429 3133 3509 έμφέρεια
3159 3437 3238 3504 τῷ
3265 3439 3472 3510 γενητῷ
3500 3437 3614 3510 (43)
3659 3436 3796 3512 πρὸς

2145 3521 2208 3574 τὸ
2237 3519 2500 3594 ἀγένητον
2525 3542 2541 3592 ς
2578 3517 2749 3574 Πάλιν
2779 3519 2878 3595 γὰρ
2910 3520 2976 3574 τὰ
3005 3519 3140 3576 αὐτὰ
3168 3520 3347 3597 λέγειν
3374 3522 3472 3578 οὐκ
3511 3523 3792 3596 ὀκνητέον·

2149 3607 2266 3664 ἐπεὶ
2297 3609 2342 3664 εἰ
2392 3604 2584 3682 ὅμοιον
2629 3610 2691 3664 τὸ
2719 3609 2940 3685 γενητὸν
2971 3613 3052 3682 τῷ
3109 3611 3359 3685 ἀγενήτῳ
3418 3610 3688 3682 θέλουσιν,
3720 3614 3794 3676 ὡς

2146 3697 2238 3752 τὸν
2297 3699 2509 3774 ὁρῶντα
2561 3701 2722 3753 τοῦτο
2781 3696 2999 3774 βλέπειν
3057 3696 3252 3770 έκεῖνο,
3285 3699 3347 3754 οὐ
3400 3701 3605 3776 μακράν
3663 3701 3793 3756 εἶσιν

2151 3786 2340 3856 εἰπεῖν,
2381 3786 2463 3841 ὅτι
2495 3786 2584 3842 καὶ
2613 3787 2676 3842 τὸ
2713 3785 2972 3862 ἀγένητον
3001 3788 3116 3860 (44)
3143 3788 3234 3842 καὶ
3290 3789 3601 3862 κτισμάτων
3654 3789 3795 3846 ἐστὶν

2152 3875 2334 3949 εἰκὼν,
2364 3876 2453 3930 καὶ
2508 3873 2702 3931 λοιπὸν
2748 3875 3014 3953 πέφυρται
3063 3877 3236 3932 πάντα
3281 3879 3408 3954 παρ’
3451 3877 3660 3950 αὐτοῖς,
3709 3901 3796 3956 γε·

2151 3970 2333 4034 νητῶν
2366 3967 2475 4037 (45)
2511 3965 2604 4038 μὲν
2637 3963 2878 4035 έξίσωσις
2923 3965 3060 4040 πρὸς
3087 3965 3150 4020 τὸ
3200 3965 3482 4043 ἀγένητον,
3533 3968 3797 4045 ἀγενήτου

2155 4051 2214 4108 δὲ
2299 4053 2603 4130 καθαίρεσις
2691 4051 3057 4130 μετρουμένου
3141 4055 3278 4131 πρὸς
3353 4057 3422 4112 τὰ
3492 4060 3802 4132 ποιήματα,

2150 4288 2332 4344 νητον,
2366 4268 2460 4344 hic
2491 4273 2546 4324 et
2578 4285 2731 4324 mox.
2763 4269 2875 4344 Alii
2899 4286 3035 4344 vero
3066 4276 3122 4326 et
3144 4270 3308 4344 editi,
3340 4269 3654 4344 ἀγέννητον.

2220 4341 2338 4416 (
2371 4340 2840 4416 δοες-,γεννητόψ
2875 4342 3027 4416 ειὶὶῐί
3059 4349 3117 4416 et
3137 4341 3262 4416 alii,
3293 4340 3544 4416 γενητόν.

2225 4413 2337 4481 (42)
2371 4411 2736 4490 Basiliensjs,
2761 4411 3569 4490 Anglican,Goblerietlilelc.
3611 4413 3795 4490 1-,ἀγέ-

2151 4503 2336 4560 νητος.
2371 4483 2482 4538 Alii
2513 4487 2571 4560 et
2599 4484 2760 4560 editi,
2788 4483 3106 4560 ᾁγέγνητος.
3138 4485 3286 4560 ibid.
3319 4485 3474 4560 Felc;
3497 4489 3553 4554 5,
3587 4483 3650 4541 οὗ
3681 4483 3797 4560 γὶν·

2152 4555 2633 4642 νητῄέὶιξξιεξθνὶρθι
2661 4557 2826 4638 editi,
2842 4554 2919 4610 ὀὐ
2945 4556 3172 4642 γενητή.

2225 4629 2338 4702 (43)
2360 4626 2514 4702 ,ι’ριοη.
2545 4628 2598 4694 5,
2628 4627 2709 4698 τῷ
2739 4626 3005 4701 γεννητῷ.
3055 4630 3215 4684 Idem
3266 4627 3431 4702 ibid:
3458 4633 3516 4702 et
3560 4629 3796 4702 Regius,

2153 4697 2290 4773 πρός
2320 4697 2384 4752 τὸ
2414 4697 2728 4772 ἀγέννητον.
2754 4697 2965 4773 Ὀῳιετῐ
2985 4717 3150 4773 mss.
3169 4716 3304 4756 cum
3343 4699 3598 4773 editione
3627 4697 3796 4758 Com?

2155 4769 2315 4846 nisi”
2370 4769 2706 4846 ’θεῷ’-γενητῷ
2754 4769 3008 4846 πρός-*τὸ
3065 4769 3358 4846 ἀγένητον.Δ
3396 4771 3528 4827 Mox
3581 4777 3796 4846 Begue-

2153 4841 2338 4916 rian,
2382 4839 2519 4916 Etsi;
2545 4839 2761 4916 ὅμοιον.
2797 4839 2969 4898 Ἰὺὶά.
2999 4839 3168 4916 fele.
3200 4839 3261 4916 5,
3307 4841 3370 4896 16
3417 4839 3685 4916 γεννητὸῖ
3717 4847 3796 4915 τῷ

2151 4912 2446 4990 ἀγεννήτέρ.
2490 4912 2651 4990 Reg,
2699 4912 2763 4990 16
2825 4913 3049 4990 γενητὸν
3095 4918 3211 4990 τῷ⁸
3239 4912 3538 4990 ἀγεννήτῳ.
3582 4912 3800 4990 ΑΙὶἱηεέῒ

2150 4984 2328 5060 editio
2359 4985 2495 5040 Com
2509 4984 2664 5060 mélﬂ
2696 4984 2760 5060 16
2789 4984 3016 5060 γενητὸν
3057 4984 3456 5060 τῷζάγενήτῳ.
3493 4984 3634 5044 item
3693 4987 3798 5044 ibi-

2150 5059 2281 5143 dem
2325 5061 2562 5143 Seguer.
2609 5057 3026 5143 (lippi-erisnam
3073 5057 3244 5143 .Felcﬁ
3283 5063 3330 5127 l,
3381 5057 3796 5143 QPQVTIA‘t'OGTO

2192 5127 2371 5206 λέπειν
2405 5127 2597 5184 έκεῖνο.
2632 5129 2786 5184 Editi
2817 5136 2874 5186 et
2913 5129 3032 5201 alii,
3065 5129 3278 5206 ὁρῶντα
3327 5127 3519 5185 τοῧτον
3579 5127 3798 5206 βλέπειν

2176 5221 2235 5255 κε
2246 5221 2370 5256 ινον.

2221 5275 2332 5348 (44)
2366 5271 2582 5348 ῌθςίυε
2613 5271 2821 5348 _cod_ex_
2877 5276 2936 5328 et
2991 5270 3142 5348 Felc.
3168 5273 3228 5348 ξ),
3256 5271 3534 5348 γέννητον.
3561 5274 3681 5330 Alii
3741 5278 3798 5348 et

2148 5340 2326 5400 editio
2374 5340 2676 5419 C0ipmei.,
2728 5341 3014 5419 ἀγένητον.
3063 5343 3210 5402 Ibid.
3253 5340 3344 5400 καί
3391 5340 3526 5403 ante
3567 5347 3795 5419 κτισμά-

2143 5437 2250 5470 των
2287 5419 2448 5488 deest
2475 5415 2535 5470 in
2564 5415 2904 5488 Seguerian.
2939 5420 2997 5470 et
3027 5419 3170 5488 Reg.

2219 5489 2330 5559 (45)
2361 5487 2708 5559 Eelckman.
2767 5487 2838 5559 5,
2898 5487 3192 5559 γεννητόῦ.
3253 5488 3454 5546 Caeteri
3509 5494 3567 5544 et
3619 5488 3796 5559 editio

2146 5557 2451 5635 Commelq
2483 5559 2745 5635 γενητῶν.
2798 5557 2943 5635 Ibid.
2990 5558 3129 5635 Reg,
3175 5563 3233 5615 et
3275 5559 3427 5635 Ε’θΙρἶ
3464 5561 3523 5628 5,
3551 5560 3686 5635 πρὸς
3725 5557 3796 5635 ’τὸ

2147 5625 2458 5706 ἅιγέννησςςον⁷
2496 5625 2808 5706 ’ἀγ-εννήτου
2857 5625 2914 5706 δὲ
2939 5625 3287 5706 ’καθᾶίρεσιςὶ
3322 5631 3432 5706 Alii
3490 5625 3628 5706 dum
3673 5631 3796 5688 edi-

2145 5699 2301 5761 tione
2328 5699 2637 5773 Commel.,
2670 5699 2808 5777 πρὸς
2837 5701 2900 5757 τὸ
2928 5699 3214 5782 ἀγένητον,
3259 5701 3524 5782 ἀγενήτου
3577 5700 3656 5779 δέ,
3684 5708 3795 5766 etc.
