4090 6376
397 388 474 451 83
934 386 999 447 S.
1049 381 1479 448 ATHANASII
1525 383 1697 444 OPP.
1745 379 1943 442 PARS
1989 379 2035 438 l.
2069 411 2146 422 —
2180 371 2601 436 HISTORICA
2644 375 2746 437 ET
2791 378 3267 442 DOGMATICA.
3740 388 3827 448 84

395 523 512 579 zari
542 539 658 578 non
688 521 750 577 in
781 519 1017 578 nomine
1049 519 1186 577 facti
1225 522 1281 574 et
1323 535 1438 573 non
1471 517 1824 588 facti,neque
1845 515 1904 569 in
1937 529 2044 568 no-
2074 513 2097 579 λ

2218 508 2249 561 ιὶ
2279 509 2506 582 γενητοῦ
2539 509 2672 581 (76),
2709 507 2834 564 οὐδὲ
2868 509 2944 573 εἷς
2975 505 3150 586 ὄνομα
3180 513 3402 573 κτίστου
3448 517 3538 572 καὶ
3583 517 3823 592 κτίσμα-

399 613 556 667 mine
577 611 859 668 creatoris
891 615 948 666 et
967 611 1046 665 rei
1069 609 1402 673 creatae,sed
1437 608 1494 662 in
1519 606 1754 661 nomine
1785 603 1974 658 Patris
1991 607 2048 657 et

2225 617 2270 663 ς,
2305 593 2435 650 ἀλλ’
2469 595 2542 657 εἷς
2574 592 2744 670 ὄνομα
2778 599 2986 672 ΙΙατρὸς
3017 602 3105 656 xui
3152 604 3302 673 I‘ioii,
3333 605 3422 660 xui
3455 605 3611 681 ἁγίου
3643 607 3821 664 Πνεύ-

398 701 525 757 Filii
558 705 615 756 et
644 701 898 772 Spiritus
929 698 1115 756 sancti
1146 699 1208 750 ⁸⁸.
1242 697 1361 752 Nos
1392 696 1567 765 enim,
1628 693 1725 765 qui
1776 693 1928 747 inter
1957 707 2047 746 res

2218 706 2352 772 Hoc.
2385 685 2543 741 Οὕτω
2587 687 2691 762 γὰρ
2738 687 3113 762 τελειούμενοι
3143 693 3233 746 καὶ
3281 695 3444 766 ἡμεῖς
3478 694 3538 750 έκ
3566 697 3823 770 ποιημά-

397 792 580 846 factas
604 806 1008 858 numeremur,
1043 788 1123 843 ita
1152 785 1388 854 initiati,
1413 786 1540 855 jam
1598 781 1889 838 efﬁcimur
1919 779 2047 849 ﬁlii,

2218 796 2262 828 ›ν
2312 769 2477 844 ὄντες,
2527 777 2924 850 υἱοποιούμεθα
2969 778 3182 850 λοιπὸν,
3213 782 3303 837 καὶ
3356 784 3418 839 τὸ
3463 789 3562 840 τοῦ
3606 769 3822 862 ΙΙατρὸς

395 884 452 936 et
480 896 612 935 cum
646 878 834 935 Patris
857 894 1069 933 nomen
1104 874 1584 948 pronuntiamus,
1603 872 1794 927 exhoc
1815 870 2052 925 nomine

2218 907 2219 911 η
2272 859 2449 935 ὄνομα
2491 863 2766 940 λέγοντες,
2819 866 3249 944 ἐπιγινώσκομεν
3302 873 3360 927 έκ
3401 879 3498 928 τοῦ
3549 859 3819 947 ὀνόματος

402 968 649 1024 Verbum
684 983 922 1040 quoque
955 966 1105 1037 quod
1142 965 1201 1018 in
1256 965 1423 1019 Patre
1481 967 1588 1025 est,
1652 960 2049 1030 agnoscimus.

2218 953 2355 1007 ιύτου
2405 954 2493 1007 xui
2542 954 2633 1009 τὸν
2687 954 2737 1010 έν
2780 956 2926 1028 αὐτῷ
2971 963 3050 1032 τῷ
3103 962 3275 1032 ΙΙατρὶ
3330 958 3529 1038 Λόγον.
3573 966 3818 1026 Μάταιος

398 1057 623 1112 Vanum
651 1039 848 1127 itaque
869 1055 1105 1110 illorum
1137 1057 1413 1109 conatum
1437 1050 1638 1106 essein
1669 1049 1777 1104 hac
1801 1049 2055 1103 dictione

2218 1063 2266 1097 >0.
2295 1043 2386 1097 xui
2429 1045 2462 1112 ἡ
2513 1043 2636 1118 περὶ
2688 1051 2787 1113 τῆς
2834 1051 2930 1100 τοῦ
2981 1049 3241 1123 ἁγενήτου
3290 1053 3402 1124 (77)
3447 1051 3644 1123 λέξεως
3696 1053 3822 1108 ἐπι-

403 1162 517 1201 non
552 1146 684 1200 facti
713 1144 1068 1213 adhibenda,
1111 1157 1358 1213 eamque
1411 1139 1556 1195 nihil
1597 1143 1800 1210 prmter
1833 1152 2055 1192 meram

2218 1132 2416 1205 είρησις
2448 1130 2624 1186 αὐτῶν
2655 1130 2940 1209 δέδεικται,
2975 1138 3063 1192 xui
3107 1137 3275 1211 μηδὲν
3325 1141 3517 1197 πλεῖον
3549 1137 3754 1217 ἔχουσα
3783 1143 3820 1211 ἢ

404 1234 656 1307 speciem
689 1233 922 1302 habere,
958 1233 1270 1304 probatum
1306 1229 1633 1284 luculenter
1671 1231 1778 1282 est.

2218 1219 2346 1290 όνην
2380 1221 2692 1298 φαντασίαν.

473 1323 562 1378 35.
595 1324 726 1378 Jam
758 1323 828 1377 de
861 1339 926 1376 eo
958 1322 1111 1392 quod
1139 1320 1220 1374 illi
1242 1318 1780 1390 inquirunt,utrum
1803 1315 2059 1370 Verbum

2241 1311 2328 1366 35.
2362 1310 2495 1386 ΙΙερὶ
2529 1307 2586 1364 δὲ
2614 1316 2708 1366 τοῦ
2740 1309 2918 1388 λέγειν
2953 1314 3147 1378 αὐτοὺς
3181 1317 3226 1371 εἰ
3256 1319 3484 1392 τρεπτός
3518 1321 3631 1394 (78)
3677 1319 3821 1376 ἐστιν

405 1413 483 1468 sit
514 1411 814 1481 mutabile,
849 1424 1346 1482 supervacaneum
1380 1412 1475 1461 est
1515 1407 1841 1477 disputare.
1874 1404 2064 1474 Siqui-

2235 1398 2432 1473 Λόγος,
2466 1400 2714 1474 περιττόν
2776 1401 2886 1457 ἐστι
2945 1405 3069 1480 περὶ
3127 1405 3322 1462 τούτου
3383 1413 3560 1479 ζητεῖν
3598 1429 3610 1441 ·
3671 1411 3828 1486 ἀρκεῖ

407 1503 540 1557 dem
573 1502 717 1556 satis
749 1500 988 1554 omnino
1017 1497 1263 1562 fuerit,si
1287 1513 1413 1567 qua:
1433 1495 1504 1550 ab
1537 1495 1621 1550 eis
1652 1492 2066 1564 diounturipse

2218 1488 2300 1561 ἂιρ,
2331 1488 2420 1541 xui
2457 1488 2620 1559 μόνον
2671 1489 3004 1566 ἐγγράψαντα
3057 1516 3123 1567 με
3162 1496 3229 1550 τὰ
3282 1499 3406 1572 παρ’
3456 1497 3632 1552 αὐτῶν
3664 1497 3827 1574 λεγό-

408 1589 953 1660 exscribens,quam
987 1587 1170 1659 impia
1201 1585 1278 1641 sit
1298 1585 1531 1640 illorum
1558 1583 1859 1638 temeritas
1873 1588 2066 1636 osten-

2218 1597 2332 1645 ενα,
2367 1574 2532 1649 δεῖξαι
2581 1579 2642 1632 τὸ
2688 1581 2970 1657 τολμηρὸν
3021 1584 3120 1650 τῆς
3151 1580 3396 1648 ἀσεϐείας
3445 1586 3644 1643 αὐτῶν.
3679 1589 3837 1644 Ἐστι

411 1681 570 1735 dero.
605 1682 736 1733 Haec
766 1677 923 1733 enim
955 1681 1094 1732 sunt
1152 1691 1278 1746 quae
1311 1673 1618 1745 nugatoria
1669 1671 2066 1741 interrogant:

2218 1667 2276 1741 ip
2318 1670 2485 1721 ταῦτα
2533 1666 2566 1720 ἃ
2616 1669 2688 1729 ὡς
2736 1668 3040 1745 ἐρωτῶντες
3093 1672 3444 1750 φλυαροῦσινσ
3500 1702 3526 1728 ‹‹
3583 1675 3838 1747 Αύτεξού-

418 1788 440 1818 ι
475 1769 624 1822 Num
661 1767 840 1822 libero
871 1765 1153 1838 praeditus
1205 1769 1295 1818 est
1350 1761 1617 1830 arbitrio,
1648 1759 1735 1814 vel
1768 1759 1929 1814 non?
1985 1761 2071 1813 An

2220 1753 2296 1815 ιός
2351 1753 2489 1809 ἐστιν
2532 1757 2566 1824 ἢ
2620 1756 2718 1810 οὐκ
2749 1757 2858 1812 ἔστι
2893 1779 2906 1829 ;
2940 1761 3257 1836 ΙΙροαιρέσει
3293 1764 3429 1820 κατᾶ
3477 1766 3539 1819 τὸ
3570 1767 3682 1838 (79)
3712 1764 3836 1820 αὐτ-

410 1857 712 1914 voluntate
744 1872 846 1927 pro
877 1855 968 1910 sui
1006 1852 1232 1909 arbitrii
1267 1851 1539 1906 libertate
1570 1850 1759 1905 bonus
1795 1852 1906 1915 est,
1938 1852 1994 1903 et
2024 1847 2068 1901 si

2218 1843 2419 1913 Ξούσιον
2464 1841 2632 1907 καλός
2682 1846 2813 1915 ἐστι,
2862 1851 2949 1903 xui
3001 1847 3242 1919 δύναται,
3291 1851 3376 1907 ἐὰν
3428 1853 3662 1928 θελήσῃ,
3700 1873 3834 1928 τρα-

409 1946 552 2002 velit
575 1949 766 2018 potest
789 1943 1024 2012 mutari,
1058 1959 1189 1998 cum
1229 1939 1496 1996 mutabili
1544 1939 1622 1994 sit
1652 1943 1863 1992 natura
1893 1954 1904 1990 :
1961 1935 2072 2006 vel,

2218 1936 2370 2002 ῆναι,
2399 1941 2636 2006 τρεπτῆς
2669 1933 2741 1989 ὢν
2776 1935 3009 2014 φύσεως·
3041 1941 3074 2009 ἣ
3109 1941 3183 2002 ὡς
3208 1939 3362 2005 λίθος
3383 1943 3473 1997 καὶ
3496 1941 3654 2012 ξύλον
3693 1946 3830 2016 (80),

414 2039 480 2091 ut
509 2033 659 2106 lapis
682 2038 738 2089 et
758 2032 1259 2106 lignum,liberam
1284 2047 1399 2085 non
1437 2029 1608 2084 habet
1639 2026 2075 2082 voluntatemin

2221 2021 2286 2076 ύκ
2331 2020 2444 2097 ἔχει
2491 2024 2589 2092 τήν
2641 2025 2954 2100 προαίρεσιν
3005 2028 3287 2105 ἐλευθέραν
3335 2030 3410 2093 εἷς
3458 2031 3521 2087 τὸ
3567 2033 3830 2087 κινεῖσθαι

418 2129 730 2194 utramque
762 2126 982 2194 partem
1013 2137 1073 2175 se
1097 2119 1364 2175 movendi
1391 2122 1446 2172 et
1476 2116 1749 2185 vergendi
1769 2115 1798 2170 ‘I
1821 2138 1847 2164 »
1872 2116 1949 2170 Ea
1969 2113 2079 2169 uti-

2218 2111 2276 2165 ,ui
2327 2111 2505 2187 ῥέπειν
2556 2114 2631 2174 εἷς
2682 2114 2944 2192 έκάτερας
2982 2141 3008 2167 ››
3042 2119 3152 2187 Τῆς
3205 2121 3296 2192 μὲν
3327 2120 3418 2174 οὗν
3451 2120 3705 2198 αἱρέσεως
3734 2120 3834 2175 αὗ-

425 2226 540 2284 que
561 2215 618 2266 et
643 2211 832 2266 dicere
860 2214 917 2265 et
947 2209 1163 2264 sentire
1193 2207 1446 2263 alienum
1480 2222 1594 2260 non
1630 2210 1719 2260 est
1747 2205 1818 2259 ab
1843 2203 2079 2259 illorum

2224 2205 2296 2254 ὧν
2345 2200 2443 2255 οὐκ
2491 2201 2782 2278 ἀλλότριόν
2833 2204 2945 2259 ἐστι
2975 2211 3198 2262 τοιαῦτα
3227 2205 3402 2284 λέγειν
3453 2230 3512 2265 τε
3561 2211 3650 2265 καὶ
3699 2230 3834 2288 φρο-

429 2298 658 2357 haaresi.
712 2300 857 2355 Cum
888 2298 1044 2352 enim
1077 2298 1260 2353 Deum
1293 2313 1322 2351 e
1371 2294 1555 2350 nihilo
1587 2298 1851 2349 exortum
1885 2297 1943 2348 et
1986 2292 2082 2348 Fi-

2223 2294 2296 2344 εῖν
2331 2308 2344 2322 ⁸
2408 2291 2544 2361 ἅπαξ
2601 2291 2700 2368 γὰρ
2759 2292 3058 2357 πλάσαντες
3115 2297 3326 2360 έαυτοῖς
3403 2297 3455 2369 έξ
3512 2299 3611 2354 οὐκ
3665 2294 3837 2355 ὄντων

431 2389 579 2446 lium
612 2393 871 2444 creatum
905 2386 1016 2442 sibi
1048 2386 1346 2452 ﬁnxerint,
1380 2402 1492 2440 non
1526 2383 1825 2438 immerito
1875 2382 2084 2454 hujus-

442 2478 601 2534 modi
635 2492 990 2548 usurpavere
1016 2492 1186 2531 voces
1241 2491 1370 2545 qure
1401 2474 1576 2529 rebus
1626 2472 1835 2526 creatis
1879 2486 2084 2526 conve-

446 2565 1123 2635 niant.Quandoquidem
1156 2580 1292 2618 vero
1324 2561 1535 2634 ipsi,in
1567 2558 2086 2632 disputationibus,

445 2672 594 2728 quas
622 2671 756 2710 cum
790 2654 1055 2710 Ecclesiae
1084 2653 1227 2708 viris
1284 2652 1519 2716 habent,
1579 2666 1796 2721 eosque
1851 2665 1983 2703 cum
2018 2649 2090 2703 de

445 2761 578 2801 vero
609 2749 667 2799 et
695 2743 818 2799 solo
851 2743 1037 2798 Patris
1071 2742 1256 2797 Verbo
1289 2741 1646 2795 disserentes
1673 2735 2093 2802 audiunt,talia

446 2851 562 2890 non
584 2836 856 2888 verentur
873 2833 944 2886 de
973 2847 1039 2886 eo
1070 2828 1422 2902 loqui,quid,
1448 2844 1662 2899 quaaso,
1695 2827 1794 2882 illa
1824 2827 2092 2882 doctrina

439 2921 731 2994 impurius
761 2919 940 2976 videri
964 2918 1191 2992 possit?
1215 2918 1357 2982 Quis
1378 2917 1427 2972 si
1460 2916 1591 2972 illos
1613 2915 1697 2970 vel
1730 2921 1962 2971 tantum
1989 2932 2091 2970 au-

439 3011 628 3077 dierit,
660 3009 889 3066 etiamsi
932 3007 1330 3064 contradicere
1362 3023 1475 3061 non
1507 3004 1714 3071 valeat,
1745 3022 1856 3070 non
1890 3004 2092 3060 statim

439 3100 828 3172 perturbetur,
863 3114 1153 3168 auresque
1185 3113 1300 3150 non
1333 3095 1620 3163 obstruat,
1654 3093 1817 3149 novis
1848 3093 1940 3148 bis
1973 3109 2092 3149 me-

441 3189 553 3243 rito
585 3188 891 3259 perculsus
920 3185 1219 3242 vocabulis
1243 3203 1366 3255 qua
1398 3189 1455 3239 et
1484 3183 1568 3238 illi
1588 3188 1876 3256 usurpant
1895 3183 2093 3254 etipse

2195 2380 2322 2440 Θεὸν
2377 2379 2465 2433 xui
2528 2381 2740 2435 κτιστὸν
2792 2383 2915 2438 Υίὸν
2950 2429 2964 2453 ,
3015 2383 3330 2450 ἀκολούθως
3386 2388 3462 2450 ὡς
3537 2384 3842 2463 ἁρμόζοντα

2196 2468 2544 2540 κτίσματιτᾶ
2577 2472 2690 2541 (81)
2733 2476 2959 2526 τοιαῦτα
3004 2474 3093 2528 καὶ
3147 2473 3426 2549 συνέλεξαν
3479 2477 3690 2541 έαυθοῖς
3745 2477 3842 2554 ῥή-

2202 2577 2362 2630 ματα·
2398 2556 2583 2627 ἐπειδή
2641 2556 2700 2614 δὲ
2739 2562 2874 2635 πρὸς
2913 2562 3040 2625 τοὺς
3088 2565 3194 2619 ἀπὸ
3233 2571 3334 2633 τῆς
3365 2564 3689 2635 Ἐκκλησίας
3723 2564 3844 2622 δια-

2203 2647 2536 2722 μαχόμενοι,
2579 2649 2669 2702 καὶ
2720 2649 3006 2714 ἀκούοντες
3044 2654 3166 2728 παρ’
3218 2653 3392 2708 αὐτῶν
3428 2655 3683 2728 περίτοῦ
3716 2653 3850 2722 ἁλη-

2199 2737 2347 2790 θινυῦ
2378 2737 2467 2790 καὶ
2521 2736 2687 2810 μόνου
2718 2738 2895 2813 Λόγου
2939 2745 3034 2795 τοῦ
3079 2743 3317 2818 ΙΙατρὸς,
3351 2747 3574 2798 τοιαῦτα
3600 2745 3725 2818 περὶ
3755 2743 3849 2799 αύ-

2199 2829 2295 2880 τοῦ
2345 2825 2660 2902 φθέγγεσθαι
2708 2827 3010 2902 τολμῶσι,
3039 2831 3120 2893 τίς
3176 2830 3373 2887 τούτου
3430 2836 3528 2888 τοῦ
3573 2829 3846 2908 δόγματος

2206 2915 2539 2990 μιαρώτερον
2574 2916 2633 2970 ἂν
2665 2913 2772 2970 ἴδοι
2799 2935 2812 2986 ;
2837 2917 2935 2980 Τίς
2957 2918 3162 2974 τούτων
3180 2922 3268 2975 καὶ
3296 2920 3460 2992 μόνον
3488 2921 3698 2976 ἀκούων
3714 2925 3848 2995 (82),

2201 3003 2296 3060 κᾶν
2353 3006 2427 3078 μή
2477 3005 2772 3081 ἀντιλέγειν
2825 3005 3071 3079 δύνηται,
3123 3010 3186 3065 οὐ
3233 3010 3568 3086 ταράττεται,
3619 3012 3708 3066 καὶ
3745 3013 3844 3080 τήν

2204 3093 2370 3162 ἁκοήν
2403 3093 2737 3166 ἀποκλείσει,
2787 3096 3125 3169 ξενιζόμενος
3176 3095 3256 3174 ἐφ’
3287 3099 3368 3161 οἷς
3424 3097 3617 3153 ἐκεῖνοί
3660 3119 3717 3153 τε
3747 3095 3845 3153 λα-

2202 3182 2380 3254 λοῦσι,
2411 3184 2500 3237 xui
2534 3183 2694 3246 αὐτὸς
2741 3189 2940 3239 καινῶν
2991 3188 3105 3260 (83)
3154 3185 3335 3241 ἀκούει
3369 3186 3652 3263 ῥημάτων,
3689 3185 3847 3262 ἐχόν-

443 3277 874 3348 audit,qua=.que
905 3277 1034 3346 ipsa
1053 3292 1121 3330 ex
1151 3292 1212 3330 se
1243 3273 1326 3329 vel
1361 3273 1549 3329 solum
1585 3273 1808 3346 prolata
1829 3277 2083 3344 apertam

2218 3293 2304 3326 των
2336 3271 2558 3336 αὐτόθεν
2588 3274 2678 3327 καὶ
2728 3275 2818 3328 ἀπ’
2869 3259 3035 3344 αὐτῆς
3083 3259 3181 3344 τῆς
3231 3259 3514 3353 προφορᾶς
3545 3277 3646 3345 τὴν
3681 3259 3845 3351 βλασ-

443 3365 759 3437 praeferunt
789 3363 1215 3436 blasphemiam
1240 3363 1268 3417 ?
1297 3363 1444 3417 Nam
1477 3363 1527 3417 si
1559 3361 1811 3417 Verbum
1863 3361 2003 3417 verti
2035 3365 2093 3416 et

448 3453 664 3508 mutari
697 3458 905 3524 potest,
939 3454 1060 3520 ubi,
1098 3452 1532 3524 quaaso,stabit,
1566 3451 1826 3522 qualisve
1846 3453 1975 3522 ejus
2005 3453 2094 3506 in-

447 3542 730 3599 crementi
762 3543 895 3597 ﬁnis
929 3544 1162 3597 futurus
1191 3541 1321 3597 est?
1351 3541 1436 3595 vel
1473 3542 1764 3610 quomodo
1798 3540 2096 3596 mutabili

445 3630 806 3686 immutabili
835 3631 1042 3702 poterit
1071 3647 1200 3686 esse
1225 3630 1438 3686 similis
1457 3630 1484 3685 ‘?
1516 3630 1815 3695 Quomodo
1839 3631 1977 3684 item
1998 3628 2098 3700 qui

452 3720 795 3775 mutabilem
826 3718 1493 3788 viderit,immutabilem
1527 3736 1587 3775 se
1619 3720 1832 3774 vidisse
1849 3719 2098 3774 arbitra-

451 3808 654 3865 bitur?
680 3809 740 3863 In
769 3825 1023 3881 quonam
1057 3815 1250 3864 autem
1284 3809 1412 3881 ejus
1454 3813 1607 3865 statu
1668 3808 1879 3880 poterit
1909 3809 1966 3862 in
2000 3806 2098 3862 illo

447 3899 628 3954 videri
661 3899 871 3954 Pater?
901 3900 1065 3955 Certe
1105 3899 1288 3971 liquet
1346 3901 1497 3972 quod
1548 3916 1718 3955 nemo
1777 3916 2008 3970 semper
2037 3898 2096 3952 in

451 3987 550 4043 illo
581 3989 814 4043 Patrem
879 3992 967 4043 est
993 3989 1247 4059 visurus,
1296 4005 1430 4044 cum
1463 4004 1697 4060 semper
1725 3993 1987 4042 mutetur
2008 3986 2097 4041 Fi-

448 4077 566 4132 lius
597 4077 1020 4150 mutabilisque
1079 4081 1157 4132 sit
1189 4084 1428 4134 naturae.
1455 4079 1720 4149 Namque
1746 4078 1914 4132 Pater
1943 4078 2093 4132 347

445 4166 835 4222 immutabilis
853 4172 942 4222 est
959 4167 1269 4240 omnisque
1290 4184 1494 4240 expers
1511 4166 2092 4231 conversionis,sem-

445 4273 664 4329 perque
693 4261 752 4311 et
799 4256 952 4311 idem
984 4261 1042 4312 et
1071 4258 1274 4312 eodem
1306 4258 1478 4312 modo
1530 4261 1638 4312 est.
1672 4256 1778 4310 Sed
1812 4255 1860 4310 si
1896 4253 2097 4323 Filius,

522 4419 568 4452 δ”
592 4416 800 4474 Matth.
834 4433 1030 4486 xxvm,
1065 4418 1149 4472 19.

671 4571 787 4641 Reg
812 4612 824 4624 .
881 4575 937 4626 et
985 4566 1757 4643 Felckm._,_uyswwﬁtouuxui
1800 4571 2102 4643 jtvvmoﬁ.
2132 4570 2181 4635 Ι)

448 4639 673 4715 Anglic.
713 4639 1158 4715 ἰῐοῐηργεννητοῦ.
1187 4641 1302 4715 Alii
1329 4639 1460 4696 vero
1490 4647 1546 4696 et
1573 4639 1750 4695 editio
1765 4639 2097 4715 ACommelq

449 4711 712 4788 ἀγενήτου
761 4711 1201 4788 -καὶ“·γενητοῦ,
1250 4713 1380 4788 Mox
1435 4719 1698 4788 Seguer_.,
1755 4711 1986 4788 Gobler.
2046 4718 2102 4767 et

448 4781 707 4842 Felckm.
753 4785 803 4854 1,
851 4781 1069 4837 κτίστου
1118 4784 1205 4837 καὶ
1253 4784 1570 4854 κτίσματος,
1606 4783 1701 4838 ubi
1759 4783 1989 4837 Gobler.
2042 4788 2102 4838 et

447 4858 699 4912 Felckm.
739 4859 786 4926 1,
819 4856 1286 4911 circumﬂectunt
1318 4855 1586 4910 ultimam
1619 4855 1676 4908 in
1717 4857 1956 4908 κτιστοῦ.
1991 4856 2100 4910 Sed

447 4929 689 5000 perinde
741 4933 1017 5000 est,n.1m
1079 4934 1395 5000 utrumque
1459 4926 1735 5000 scribitur
1782 4926 2006 4995 κτιστής
2047 4933 2102 4982 et

444 4996 683 5063 κτίστης.
718 4999 825 5053 Alli
861 5007 915 5052 et
947 5000 1106 5062 editi,
1141 4996 1392 5052 ἁκτίστου
1422 4997 1510 5050 καὶ
1542 4999 1854 5066 κτίσματος.

518 5073 630 5143 (77)
663 5072 804 5143 Reg.
837 5077 892 5124 et
925 5071 1176 5143 Felckm.
1202 5072 1255 5134 5,
1281 5069 1704 5143 ἁγεννήτουηᾼρ
1735 5068 1833 5122 alii
1867 5073 1923 5123 st
1953 5069 2095 5143 edit.

443 5136 1069 5213 Co'mri‘ielqva'z’yswj'rou.
1109 5143 1238 5196 Mox
1295 5136 1553 5213 segnem,
1610 5136 1873 5193 δέδεικται
1928 5136 2097 5213 μηδὲν

444 5213 611 5269 πλέον
643 5210 844 5286 ἔχουσα
864 5214 898 5278 ἤ
929 5211 1090 5286 μόνον
1113 5210 1420 5286 φαντασίαν,
1451 5213 1649 5267 (ἶεΒῐΘΓὶ
1683 5228 1815 5286 vero
1847 5217 1899 5266 et
1932 5212 2097 5280 editi,

442 5286 530 5339 xui
568 5281 740 5355 μηδ’ἕν
772 5281 964 5337 πλεῖον
995 5281 1200 5359 ἔχουσα
1297 5281 1470 5354 μότην
1503 5283 1814 5359 φαντασίαν.

515 5352 639 5428 (7.8)
659 5360 750 5414 Sic
778 5352 1276 5420 SeguerCGobler.
1299 5352 1555 5410 Felckm.
1591 5357 1734 5428 t,_.ut
1756 5359 1812 5410 et
1834 5352 2102 5424 legerunt

443 5424 808 5487 omnibonus
838 5434 894 5483 et
918 5428 1205 5483 Nannius.
1231 5427 1345 5482 Alii
1367 5433 1425 5483 et
1455 5428 1593 5482 editi
1644 5424 2098 5500 irpemoc,men-

445 5504 605 5558 dose.

519 5575 627 5643 (79)
659 5573 750 5628 Sic
775 5577 1010 5643 seguer.
1045 5569 1272 5643 Gobler.
1303 5575 1359 5643 e_t
1393 5569 1651 5643 Felckm.
1680 5567 1870 5643 t_._Alii
1903 5574 2097 5643 autem

447 5653 504 5730 et
527 5638 689 5730 editi,
722 5644 757 5712 ἢ
792 5638 902 5730 ob";
940 5641 1253 5730 Προοιιρέσει
1288 5638 1376 5694 οὖν
1411 5640 1545 5695 κατὰ
1592 5639 1673 5698 τό.
1708 5640 1838 5697 Mox
1866 5639 2093 5696 Gobler.

451 5721 508 5772 et
540 5708 788 5774 Felckm.
827 5708 895 5783 1,7
917 5708 1005 5766 xui
1038 5708 1376 5769 ούδύναται.

2203 3361 2460 3438 φημίαν;
2513 3361 2576 3417 Ei
2625 3363 2727 3437 γὰρ
2779 3364 3008 3438 τρεπτὸς
3055 3364 3145 3419 καὶ
3199 3363 3598 3437 ἁλλοιούμενός
3650 3364 3790 3420 ἐστιν
3822 3366 3850 3419 6

2205 3451 2399 3526 Λόγος,
2453 3456 2552 3505 ποῖ
2599 3454 2705 3523 (84)
2756 3453 2860 3526 ἄρα
2907 3455 3182 3524 στήσεται,
3231 3454 3323 3508 καὶ
3371 3460 3529 3508 ποῖον
3581 3453 3745 3510 αὐτοῦ
3792 3455 3852 3508 τὸ

2201 3538 2360 3602 τέλος
2392 3537 2536 3594 ἔσται
2567 3547 2668 3609 τῆς
2701 3538 2995 3603 ἐπιδόσεως
3019 3560 3032 3610 ;
3059 3543 3094 3612 ἢ
3121 3547 3238 3605 πῶς
3274 3541 3469 3615 ὅμοιος
3498 3547 3576 3614 τῷ
3608 3544 3853 3617 ἀτρέπτῳ

2205 3630 2232 3683 ὁ
2291 3629 2520 3702 τρεπτὸς
2572 3631 2706 3683 εἶναι
2757 3627 3043 3700 δυνήσεται
3076 3649 3090 3700 ;
3128 3635 3254 3694 Πῶς
3299 3628 3356 3686 δὲ
3403 3633 3431 3686 6
3480 3631 3572 3687 τὸν
3629 3632 3851 3708 τρεπτὸν

2206 3717 2484 3794 ἑωρακὼς,
2547 3716 2839 3793 ἑωρακέναι
2897 3720 2988 3774 τὸν
3045 3717 3306 3794 ἄτρεπτον
3364 3719 3631 3793 νομίσειεν
3696 3739 3709 3790 ;
3769 3722 3852 3775 Ἐν

2206 3827 2337 3877 ποιᾳ
2386 3802 2444 3860 δὲ
2495 3801 2597 3880 ἄρα
2646 3805 2732 3859 ἐὰν
2776 3805 2995 3882 γένηται
3043 3809 3382 3876 καταστάσει,
3438 3806 3720 3880 δυνήσεταί
3774 3829 3854 3870 τις

2203 3896 2294 3950 τὸν
2359 3893 2566 3970 Πατέρα
2613 3894 2664 3949 έν
2725 3894 2870 3967 αὐτῷ
2933 3895 3151 3972 βλέπειν
3185 3917 3198 3965 ;
3234 3895 3405 3967 δῆλον
3460 3898 3584 3973 γὰρ,
3635 3897 3709 3960 ὠς
3757 3898 3855 3953 οὑκ

2208 3983 2287 4038 ἀεί
2315 4004 2398 4045 τις
2447 3983 2634 4056 ὄψεται
2665 3983 2717 4038 έν
2767 3985 2914 4057 αὑτῷ
2971 3985 3065 4040 τὸν
3113 3988 3346 4062 Πατέρα,
3381 3984 3470 4042 διὰ
3506 3988 3568 4042 τὸ
3599 3987 3680 4042 ἀεὶ
3733 3986 3850 4061 τρέ-

2206 4084 2398 4135 πεσθαι
2443 4073 2536 4127 τὸν
2583 4073 2727 4142 Υἱὸν,
2778 4075 2867 4128 καὶ
2916 4073 3322 4147 ἀλλοιουμένης
3365 4076 3524 4131 αὑτὸν
3577 4075 3709 4130 εἶναι
3754 4075 3851 4153 φύ-

2207 4183 2363 4222 σεως.
2398 4165 2456 4217 Ὀ
2493 4163 2584 4234 μὲν
2633 4161 2737 4236 γὰρ
2779 4164 2969 4240 Πατὴρ
3022 4165 3280 4237 ἄτρεπτος
3331 4166 3420 4220 xui
3465 4163 3854 4238 ἀναλλοίωτος,

2207 4251 2294 4304 καὶ
2331 4250 2410 4305 ἀεὶ
2443 4251 2532 4304 xui
2584 4249 2842 4313 ὡσαύτως
2896 4255 3004 4327 (85)
3053 4248 3194 4329 ἔχει,
3241 4254 3331 4308 καὶ
3365 4253 3394 4310 6
3425 4254 3584 4316 αὑτὸς
3633 4253 3792 4310 ἐστιν·
3827 4255 3854 4309 6

2283 4567 2405 4641 (801
2425 4567 2786 4641 Sic_S_eguer._
2810 4571 2866 4641 et
2888 4567 3057 4641 editi,
3090 4573 3266 4641 atque
3295 4567 3375 4624 ita
3401 4568 3543 4641 legit
3571 4569 3856 4626 Nannius.

2210 4637 2449 4714 Alii._tb:
2497 4636 2654 4698 ἄνθοξ
2702 4637 2792 4691 xui
2843 4637 3036 4714 ξύλον,
3068 4646 3134 4695 ut
3168 4636 3238 4696 'et
3285 4636 3654 4714 Orpnibonus
3701 4641 3855 4714 legit.

2213 4709 2395 4764 Paulo
2443 4715 2573 4782 post
2613 4715 2847 4782 Seguer.
2897 4711 3128 4768 Gobler.
3178 4719 3236 4769 et
3284 4712 3532 4768 Felckm.
3573 4715 3598 4768 1
3633 4717 3689 4769 et
3716 4709 3785 4782 5,
3803 4718 3858 4770 et

2214 4778 2459 4856 Regius,
2483 4779 2571 4832 xui
2607 4778 2804 4856 ῥέπειν..
2838 4783 2988 4856 Editi
3021 4790 3074 4856 et
3106 4783 3225 4852 alii,
3255 4783 3345 4838 xui
3373 4782 3611 4856 τρέπειν.

2281 4853 2394 4927 (81)
2445 4853 2678 4927 Seguer.
2723 4853 2799 4927 ﬁci
2856 4854 3092 4927 omittit.
3150 4856 3328 4911 Paulo
3387 4853 3518 4927 post
3573 4853 3664 4908 καί
3721 4859 3853 4912 ante

2211 4922 2494 4982 ἀκούοντες
2526 4924 2690 4978 deest
2720 4923 2777 4978 in
2809 4925 3036 4982 Gobler.
3071 4930 3128 4982 et
3159 4922 3408 4983 Felckm'.
3447 4928 3498 4982 1.

2282 4997 2394 5066 (82)
2423 5000 2682 5068 Seguer.,
2703 4994 3148 5120 ἐιόνονρκούων.
3199 4999 3374 5054 Basil.
3430 4997 3656 5070 Anglic.
3713 4997 3850 5069 Reg.

2294 5068 2546 5120 Felckm.
2578 5068 2631 5120 5.
2662 5087 2702 5120 μ.
2735 5087 2861 5120 νων.
2895 5070 3190 5120 ndemaue
3211 5087 3342 5120 cum
3371 5071 3544 5120 editis
3576 5069 3850 5120 omittunt

2209 5072 2266 5140 et
2294 5068 2546 5140 Eelckm.
2578 5068 2631 5135 5,
2662 5068 2861 5137 μόνων,
2895 5068 3190 5140 iidemque
3211 5087 3342 5126 cum
3371 5068 3552 5127 editis
3576 5068 3857 5125 omittunt

2209 5137 2442 5192 ἁκούων.
2476 5135 2710 5209 Seguer.
2747 5140 2888 5193 ibid.
2923 5135 3161 5194 δύναται.

2279 5207 2990 5302 {83)'reguer.~Gobler.et
3014 5212 3265 5302 Felclgm.
3293 5214 3344 5302 1',
3378 5207 3851 5302 éxeivozf‘lukoiim,

2209 5285 2297 5334 xui
2356 5285 2515 5340 αὐτὸς
2572 5285 2762 5334 κενῶν.
2813 5286 3042 5352 Seguer.
3110 5285 3251 5340 ibid.
3301 5285 3530 5339 ἀκούων.
3561 5285 3759 5338 Ceteri
3801 5287 3857 5339 et

2208 5354 2370 5418 editi,
2404 5350 2598 5406 ἐκεῖνοί
2625 5371 2684 5405 τε
2711 5349 2941 5406 λαλοῦσι
2970 5352 3059 5407 xui
3092 5354 3250 5416 αὑτὸς
3280 5359 3476 5408 καινῶν
3502 5351 3705 5409 ἀκούει.

2279 5425 2514 5500 (8ζι)ὃίο
2537 5428 2771 5500 Seguer.
2809 5424 2948 5500 Reg.
2973 5425 3149 5482 Basil.
3184 5428 3411 5500 Anglic.
3446 5433 3504 5482 et
3526 5426 3850 5482 Felckm.5.

2206 5495 2403 5551 At'alii
2439 5501 2494 5550 et
2526 5495 2686 5562 editi,
2719 5499 2899 5551 ποῖον.

2277 5569 2388 5638 (85)
2420 5569 2657 5639 Seguer.
2718 5566 2949 5624 Gobler.
3009 5572 3067 5624 et
3122 5568 3271 5626 Felc.
3323 5570 3375 5638 l,
3407 5568 3498 5623 xui
3548 5567 3628 5622 ἀεὶ
3672 5565 3850 5621 ὡσαύ-

2205 5657 2336 5698 τως.
