4090 6362
238 422 325 483 89

1409 427 1702 488 ORATIO
1744 425 1768 486 Ῑ
1815 425 2124 486 CONTRA
2169 421 2532 484 ARIANOS.
3592 416 3672 476 90

235 549 363 614 ϐιός
391 575 457 610 τε
486 554 581 609 καὶ
615 559 854 631 νΔρειος,
885 554 976 611 καὶ
1026 557 1077 611 οἱ
1122 557 1212 611 ἀπ’
1242 555 1419 612 αὐτῶν
1466 555 1524 612 δὲ
1572 555 1758 613 λαλιῖν
1809 555 1903 611 οὐκ

2022 572 2152 612 rum
2180 555 2559 626 asseclaa,non
2592 557 2958 612 attendentes
2989 559 3270 628 quantam
3303 553 3562 610 redoleat
3584 554 3674 609 in-

241 645 472 698 ὁκνοῦσι
529 646 671 699 κατὰ
721 647 888 716 μέσην
938 648 1036 714 τήν
1104 646 1302 721 ἀγορὰν
1361 649 1461 720 (8),
1519 643 1625 722 οὐχ
1675 645 1906 722 ὁρῶντες

242 730 379 801 ὅσην
422 734 621 805 μανίαν
657 737 685 788 ὸ
717 733 884 808 λόγος
918 734 1094 789 αὐτῶν
1122 731 1340 809 ἔχει.Εί
1366 735 1463 809 γάρ
1501 736 1691 807 μισθὸν
1722 754 1911 806 προαι-

242 820 448 894 ρέσεως
501 818 700 877 ἔλαϐεν
749 823 782 876 ἆ
831 819 988 899 ἔσχεν
1038 823 1138 878 οὐκ
1176 823 1234 877 ἂν
1283 823 1534 898 ἐσχηκὼς
1583 824 1716 879 αὐτὰ
1756 823 1800 878 εἰ
1833 826 1909 896 (9)

247 911 324 979 μή
356 915 465 963 τοῦ
501 910 770 983 δεομένου
798 912 860 966 τὸ
911 911 1067 986 ἔργον
1121 909 1431 982 ἐνεδείξατο·
1463 913 1512 985 ἐξ
1568 915 1762 989 ἀρετῆς
1810 914 1912 983 ἄρα

241 997 330 1052 καὶ
369 997 729 1073 βελτιώσεως
774 1005 942 1055 ταῦτα
984 1000 1233 1076 ἐσχηκὼς
1264 1005 1397 1074 (10),
1431 1002 1654 1064 εἰκότως
1705 1001 1908 1077 ἐλέχθη

243 1085 331 1140 διὰ
363 1093 548 1143 ταῦτα
578 1089 671 1144 καὶ
701 1091 825 1152 Υἱὸς
865 1090 955 1144 καὶ
1007 1093 1157 1160 Θεὸς,
1190 1093 1280 1146 καὶ
1325 1092 1424 1146 οὐκ
1461 1089 1600 1146 ἔστιν
1653 1091 1912 1161 ἀληθινὸς

247 1176 397 1238 Υἱός.
423 1179 500 1232 Τὸ
535 1179 631 1250 μέν
663 1180 763 1254 γὰρ
811 1177 871 1234 ἔκ
908 1201 1050 1240 τινος
1095 1181 1232 1234 κατά
1282 1180 1437 1258 φύσιν
1488 1179 1747 1250 ἀληθινόν
1801 1179 1912 1234 ἐστι

240 1264 524 1339 γέννημα,
590 1269 707 1329 οἶος
765 1269 830 1336 ἦν
891 1269 1069 1325 Ἰσαὰκ
1121 1274 1200 1340 τῷ
1258 1265 1530 1343 Ἀϐραάμ,
1564 1270 1652 1324 καὶ
1712 1271 1913 1347 Ἰωσὴφ

240 1360 325 1426 τῷ
357 1352 593 1427 Ἰακὼϐ,
627 1357 717 1410 καὶ
747 1358 810 1411 τὸ
843 1357 1167 1432 ἀπαύγασμα
1196 1363 1274 1429 τῷ
1301 1359 1469 1431 ἡλίῳ·
1502 1360 1551 1414 οἱ
1586 1356 1644 1414 δὶ
1694 1358 1743 1428 ἐξ
1793 1361 1912 1432 ἀρέ-

235 1451 344 1511 τῆς
376 1446 475 1498 καὶ
512 1447 747 1521 χάριτος
801 1446 1089 1522 λεγόμενοι
1131 1447 1296 1518 μόνον
1347 1448 1477 1502 sio-iv
1529 1444 1747 1523 ἔχοντες
1797 1449 1914 1503 ἀντὶ

238 1537 342 1601 τῆς
403 1535 629 1610 φύσεως
688 1537 787 1603 τήν
857 1535 916 1589 έκ
964 1540 1059 1590 τοῦ
1118 1531 1305 1592 λαϐεῖν
1365 1539 1548 1612 χάριν,
1604 1537 1692 1592 καὶ
1750 1537 1914 1592 ἄλλοι

240 1625 395 1698 παρὰ
429 1626 555 1696 (11)
585 1624 649 1677 τὸ
683 1621 832 1678 δοθὲν
867 1624 1050 1686 αὐτοῖς
1086 1621 1256 1697 ὄντες,
1290 1627 1396 1680 οἷοί
1429 1625 1560 1680 εἰσιν
1613 1628 1663 1681 οἱ
1713 1626 1915 1701 ἄνθρω-

241 1734 339 1766 ποι
393 1714 450 1766 οἱ
503 1714 645 1767 κατά
691 1715 934 1789 μετοχὴν
983 1713 1199 1786 Πνεῦμα
1248 1711 1526 1784 λαϐόντες,
1559 1716 1680 1789 περὶ
1721 1718 1794 1770 ὧν
1826 1717 1916 1770 καὶ

240 1800 481 1876 ἔλεγεν⁶
543 1801 702 1864 Υίιοὺς
760 1801 1020 1876 ἐγέννησα
1073 1804 1162 1858 καὶ
1238 1804 1466 1877 ὕψωσα,
1527 1805 1680 1860 αὐτοὶ
1739 1803 1796 1860 δέ
1851 1827 1918 1878 με

2016 647 2245 702 naniam
2277 645 2567 716 ejusmodi
2598 644 2832 700 illorum
2865 661 3078 700 sermo.
3121 644 3263 699 Nam
3300 643 3347 698 si
3381 643 3508 715 ipsa
3538 659 3668 713 quae

2019 735 2230 790 habuit
2276 750 2498 790 merces
2545 741 2635 790 est
2680 751 2797 789 suae
2829 734 3166 789 voluntatis.
3199 748 3386 804 eaque
3417 749 3529 787 non
3566 733 3671 786 ha-

2021 824 2247 879 buisset
2280 824 2392 878 nisi
2445 823 2765 895 indigentis
2815 840 2962 894 opus
3013 822 3374 878 exhibuisset
3423 840 3434 876 :
3491 821 3672 894 igitur

2019 930 2137 984 qua
2193 914 2265 968 ob
2299 930 2466 968 suam
2500 915 2772 968 virtutem
2806 914 3051 983 vitaeque
3083 911 3537 967 sanctimoniam
3574 911 3673 965 illa

2020 1007 2109 1058 est
2139 1007 2508 1064 consecutus,
2541 1007 2850 1073 eapropter
2875 1007 2930 1056 ot
2966 1000 3143 1056 Filius
3174 1006 3230 1056 et
3265 1006 3412 1055 Deus
3464 1000 3673 1055 merito

2024 1093 2218 1147 dictus
2251 1097 2362 1157 est,
2395 1108 2506 1146 non
2541 1097 2735 1145 autem
2770 1107 2940 1146 verus
2971 1096 3060 1146 est
3090 1090 3291 1146 Filius.
3327 1090 3488 1155 Quod
3523 1090 3676 1144 enim

2023 1185 2202 1237 estex
2222 1181 2418 1251 aliquo
2441 1180 2765 1234 secundum
2794 1185 3265 1244 naturam,verus
3292 1186 3382 1234 est
3405 1179 3679 1234 fetus.Sic

2024 1270 2186 1326 Isaac
2236 1270 2503 1339 Abrahae,
2535 1269 2748 1340 Joseph
2779 1269 3000 1338 Jacobi,
3033 1275 3089 1323 et
3119 1268 3398 1340 splendor
3426 1268 3566 1323 solis
3589 1273 3679 1323 est

2024 1361 2194 1415 fetus.
2230 1360 2333 1423 Qui
2368 1375 2498 1414 vero
2530 1360 2601 1414 ob
2631 1359 2904 1413 virtutem
2940 1364 2995 1412 et
3023 1359 3273 1430 gratiam
3307 1374 3518 1412 nomen
3568 1356 3670 1411 ﬁlii

2024 1454 2486 1520 consequuntur,
2536 1465 2649 1503 non
2684 1453 2892 1502 natura
2917 1448 3016 1503 sed
3050 1447 3456 1503 tantummodo
3487 1447 3674 1518 gratia

2025 1538 2175 1593 hanc
2205 1554 2474 1609 accepere
2503 1538 2871 1607 dignitatem,
2903 1537 3119 1606 aliique
3145 1537 3384 1591 omnino
3415 1540 3555 1591 sunt
3597 1535 3670 1590 ab

2025 1646 2092 1685 eo
2125 1628 2279 1700 quod
2311 1627 2458 1698 ipsis
2488 1627 2662 1681 datur
2697 1643 2708 1681 :
2742 1626 3072 1695 cujusmodi
3109 1631 3246 1680 sunt
3279 1625 3544 1680 homines
3576 1626 3678 1696 qui

2027 1718 2282 1790 Spiritus
2304 1717 2490 1772 sancti
2519 1715 2829 1787 participes
2855 1716 2988 1770 facti
3016 1716 3252 1775 sunt,de
3274 1715 3677 1786 quibusetiaxn

2027 1807 2369 1870 dicit,Fitios
2399 1807 2566 1876 genui
2596 1809 2647 1860 et
2674 1805 2935 1870 excitavi,
2972 1807 3081 1874 ipsi
3107 1816 3295 1858 autem
3324 1819 3413 1857 me
3469 1804 3682 1874 repule-

243 1892 560 1959 ἧθέτησαν.
594 1890 816 1963 Ἀμέλει
879 1891 993 1946 ἐπεὶ
1055 1894 1130 1966 μη
1193 1896 1328 1948 κατὰ
1387 1894 1540 1971 φύσιν
1592 1898 1724 1962 ἦσαν
1785 1895 1903 1950 υἱοὶλ

2027 1900 2159 1950 runt
2188 1895 2277 1950 9“.
2301 1895 2463 1949 Certe
2497 1895 2635 1966 quia
2659 1910 2771 1948 non
2798 1898 3006 1948 natura
3037 1892 3135 1946 lilii
3161 1897 3345 1962 erant,
3371 1891 3585 1946 idcirco
3619 1892 3675 1946 in

243 1979 336 2034 διὰ
367 1984 546 2034 τοῦτο
577 1979 669 2034 καὶ
698 1979 1009 2050 τραπέντων
1053 1981 1228 2038 αὐτῶν
1279 1982 1521 2060 ἀφῃρέθη
1573 1981 1633 2038 τὰ
1681 1989 1916 2056 Πνεῦμα,

242 2070 336 2124 καὶ
372 2069 873 2144 ἆπεκηρύχθησαν·
907 2071 993 2124 καὶ
1044 2071 1207 2126 πάλιν
1270 2069 1326 2126 δὲ
1376 2077 1765 2144 μετανοοῦντας
1826 2072 1918 2127 αὐ-

244 2158 379 2220 τοὺς
418 2155 656 2230 δέξεται,
690 2159 780 2213 καὶ
814 2156 1000 2221 διδοὺς
1027 2162 1089 2215 τὸ
1119 2165 1258 2238 φῶς,
1284 2159 1449 2216 πάλιν
1496 2163 1646 2223 υἱοὺς
1679 2166 1794 2235 (12)
1823 2184 1918 2217 κα·

246 2246 400 2301 λέσει
434 2247 464 2300 ὁ
495 2247 590 2300 καὶ
624 2247 761 2301 κατὰ
780 2249 878 2316 τὴν
911 2248 1090 2323 ἀρχὴν
1125 2249 1252 2311 Θεὸς
1284 2249 1428 2304 οὕτω
1473 2251 1571 2319 τὴν
1617 2251 1777 2326 χάριν
1828 2251 1919 2306 αὐ-

307 2342 332 2351 -
404 2333 496 2353 ΞΩ

239 2342 360 2397 τοῖς
399 2336 691 2398 δεδωκώς.

311 2427 414 2481 38.
452 2425 517 2481 Εἰ
582 2425 763 2480 τοίνυν
817 2425 962 2480 οὕτω
1018 2427 1108 2481 καὶ
1140 2425 1232 2482 τὸν
1268 2434 1499 2503 Σωτῆρα
1532 2428 1749 2505 λέγουσι
1780 2432 1914 2502 (13),

241 2513 611 2589 δειχθήσεται
677 2517 814 2586 μήτε
869 2515 1157 2585 ἀληθινὸς,
1197 2519 1334 2589 μήτε
1391 2519 1540 2589 Θεὸς,
1573 2520 1712 2590 μήτε
1771 2518 1913 2585 Υἱὸς,

248 2605 395 2675 μήτε
423 2603 630 2673 ὅμοιος
663 2602 742 2676 τῷ
778 2605 966 2678 Πατρὶ,
1007 2607 1145 2676 μήτε
1177 2605 1322 2668 ὅλως
1361 2611 1458 2660 τοῦ
1503 2609 1637 2660 εἷναι
1684 2609 1800 2662 κατ’
1832 2609 1918 2662 οὐ.

243 2692 365 2747 σίαν
403 2693 628 2767 Πατέρα
660 2691 804 2768 ἔχων
835 2695 925 2748 τὸν
959 2694 1106 2765 Θεόν,
1139 2693 1283 2750 ἀλλά
1326 2703 1426 2764 τῆς
1470 2693 1719 2766 δοθείσης
1771 2698 1916 2770 αὐτῷ

242 2783 420 2853 μόνης
474 2784 736 2858 χάριτος,
778 2788 880 2837 τοῦ
931 2781 987 2838 δὲ
1026 2784 1156 2839 εἶναι
1204 2787 1320 2840 κατ’
1349 2785 1530 2840 οὐσίαν
1577 2787 1794 2857 κτίστην
1819 2789 1910 2843 τὸν

237 2871 402 2940 Θεὸν,
433 2870 564 2934 κάθ¹
588 2872 892 2943 ὁμοιότητα
921 2877 1028 2926 τῶν
1057 2872 1294 2942 πάντων,
1337 2872 1504 2949 ἔχων.
1540 2878 1805 2940 Τοιοῦτος
1856 2875 1914 2932 δὲ

238 2958 336 3026 ὥν,
371 2962 499 3014 οἷον
538 2959 692 3014 οὗτοι
723 2963 836 3032 (14)
887 2959 1125 3036 λέγουσι,
1159 2964 1449 3038 φανήσεται
1503 2962 1716 3034 μᾶλλον
1772 2963 1913 3037 μηδὲ

237 3048 285 3117 ὶξ
318 3050 515 3123 ἀρχῆς
551 3047 804 3123 ἐσχηκὼς
833 3050 894 3104 τὸ
926 3045 1100 3122 ὄνομα
1130 3051 1274 3119 Υἱὸς,
1310 3048 1364 3105 εἷ’
1385 3073 1447 3125 γε
1473 3057 1634 3107 τοῦτο
1683 3058 1787 3108 τῶν
1822 3051 1909 3129 ἔρ-

239 3159 351 3210 γων
421 3135 668 3191 ἔπαθλον
721 3137 849 3213 ἔσχε
895 3139 985 3194 καὶ
1033 3142 1339 3214 προκοπῆς,
1371 3140 1470 3194 οὐκ
1517 3140 1694 3211 ἄλλης
1743 3143 1778 3211 ἢ
1809 3151 1907 3212 τῆς

240 3227 325 3280 ὅτε
388 3227 624 3300 γέγονεν
686 3226 993 3300 ἅνθρωπος,
1024 3233 1113 3282 καί
1158 3230 1257 3297 τὴν
1301 3234 1396 3283 τοῦ
1454 3227 1655 3285 δούλου
1691 3234 1903 3310 μορφὴν

2030 1985 2195 2054 pejus
2220 1982 2459 2038 mutatis
2491 1982 2722 2038 ablatus
2752 1987 2842 2038 est
2873 1983 3212 2054 Spiritus,et
3233 1981 3486 2036 abdicati
3511 1986 3670 2048 sunt;

2030 2089 2176 2144 quos
2208 2078 2404 2135 tamen
2425 2072 2601 2140 idem,
2636 2073 2733 2143 qui
2767 2072 2931 2127 initio
2977 2071 3094 2125 illis
3144 2070 3482 2141 hujusmodi
3542 2087 3669 2139 gra-

2027 2162 2171 2217 tiam
2204 2162 2450 2234 largitus
2482 2167 2570 2217 est
2603 2160 3350 2232 Deus,pmnitentesiterum
3371 2159 3673 2232 suscipiet,

2030 2249 2275 2323 luceque
2309 2251 2606 2323 impertita
2636 2267 2842 2307 rursus
2875 2249 3024 2305 ﬁlios
3053 2265 3152 2305 eos
3183 2247 3521 2322 appellabit.

2095 2431 2184 2486 38.
2206 2430 2366 2496 Quod
2401 2430 2447 2484 si
2481 2430 2601 2485 haec
2633 2429 2864 2485 illorum
2899 2433 2984 2484 est
3014 2429 3084 2484 de
3114 2428 3408 2484 Salvatore
3438 2433 3677 2484 senten-

2025 2519 2412 2590 tia,sequetur
2439 2535 2572 2574 eum
2607 2534 2794 2589 neque
2821 2534 3021 2573 verum
3049 2522 3445 2588 Deum,neque
3467 2534 3668 2572 verum

2028 2608 2260 2674 Filium,
2296 2625 2482 2680 neque
2514 2608 2698 2663 Patris
2729 2623 2857 2662 esse
2889 2607 3170 2677 similemf;
3208 2622 3312 2661 nec
3345 2610 3543 2671 Deum,
3579 2606 3673 2661 sui

2024 2699 2211 2770 ipsius
2243 2699 2562 2753 secundum
2598 2696 2993 2752 substantiam
3029 2695 3252 2750 Patrem
3289 2695 3519 2764 habere,
3568 2696 3670 2749 sed

2023 2788 2207 2844 solius
2239 2788 2348 2842 sibi
2381 2803 2670 2842 concessa
2701 2787 2995 2857 gratisnac
3018 2785 3268 2856 denique
3300 2785 3484 2840 Deum
3519 2801 3678 2839 crea-

2021 2881 2205 2932 torem
2242 2877 2332 2931 sui
2365 2876 2555 2949 ipsius
2586 2878 2913 2930 secundum
2947 2874 3363 2940 substantiam,
3398 2874 3550 2929 sicut
3582 2891 3671 2930 res

2021 2966 2164 3021 alias
2193 2981 2418 3034 omnes,
2452 2965 2686 3020 habere.
2721 2965 2878 3026 Quod
2915 2962 2963 3018 si
2997 2963 3072 3017 sit
3102 2963 3416 3032 ejusmodi,
3473 2968 3534 3016 ut
3587 2962 3669 3018 illi

2018 3055 2385 3120 volunt,inde
2415 3054 2636 3110 clarum
2668 3055 2925 3109 eriteum
2950 3053 3020 3107 ab
3044 3052 3210 3107 initio
3244 3069 3355 3106 non
3391 3051 3671 3109 habuisse

2021 3145 2148 3217 Filii
2183 3161 2417 3214 nomen,
2451 3146 2603 3199 349
2636 3143 2682 3198 si
2717 3144 2997 3197 nimirum
3026 3141 3081 3196 id
3117 3141 3372 3198 nominis
3431 3142 3510 3197 illi
3564 3144 3666 3199 tri-

2018 3235 2223 3289 butum
2255 3234 2632 3303 sit,tanquam
2669 3234 2952 3288 factorum
2977 3234 3186 3303 suique
3212 3233 3512 3303 prmmium
3540 3251 3667 3304 pro-

238 3295 486 3369 ἀνέλαϐε.
537 3317 676 3387 (15).
724 3295 854 3370 Τότε
905 3295 1009 3392 γὰρ
1067 3295 1230 3387 ἐστιν,
1275 3317 1363 3372 ὅτε
1425 3295 1714 3393 γενόμενος

2020 3340 2276 3394 gressus,
2308 3295 2406 3393 qui
2439 3295 2675 3392 quidem
2709 3321 2908 3376 nullus
2941 3321 3049 3375 fuit
3079 3295 3250 3387 alius,
3301 3337 3479 3392 quam
3530 3295 3662 3377 cum

237 3426 366 3464 κοος
413 3405 589 3479 μέχρι
625 3403 876 3471 θανάτου,
914 3407 1298 3480 ὑπερυψῶσθαι
1351 3405 1584 3482 λέγεται,
1608 3408 1698 3462 καὶ
1748 3409 1906 3484 χάριν

237 3492 542 3569 εἰληφέναι
616 3493 676 3546 τὸ
755 3489 966 3566 ὄνομα,
1015 3493 1106 3549 ’ίνα
1180 3495 1231 3550 ἐν
1305 3499 1382 3566 τῷ
1441 3495 1665 3569 ὀνόματι
1729 3499 1906 3566 Ἰησοῦ

236 3583 437 3655 κάμψῃ
498 3587 608 3635 πᾶν
668 3581 816 3657 γόνυ.
877 3584 936 3636 Τί
993 3583 1086 3637 οὖν
1147 3588 1210 3653 ἦν
1274 3588 1379 3660 πρὸ
1433 3585 1653 3657 τούτου,
1716 3586 1762 3640 εἷ’
1815 3592 1905 3641 νῦν

234 3672 460 3744 ὑψώθη,
497 3670 588 3724 καὶ
641 3676 732 3724 νῦν
782 3669 982 3746 ἤρξατο
1030 3677 1470 3749 προσκυνεῖσθαι,
1504 3675 1592 3729 καὶ
1639 3681 1730 3729 νῦν
1779 3678 1902 3739 Υἱὸς

232 3763 342 3828 (16)
400 3758 638 3833 ἐλέχθη,
698 3759 787 3814 ὅτε
843 3759 1050 3837 γέγονεν
1111 3764 1429 3838 ἅνθρωποςς
1491 3763 1744 3820 Φαίνεται
1798 3768 1900 3841 γὰρ

235 3845 414 3918 μηδὲν
454 3845 762 3921 βελτιώσας
791 3848 952 3912 αὐτὸς
981 3852 1081 3919 τὴν
1113 3851 1301 3927 σάρκα,
1333 3850 1478 3906 ἀλλά
1535 3851 1746 3925 μᾶλλον
1802 3855 1900 3908 αὐ-

229 3938 324 3998 τὸς
377 3934 452 3990 δι’
487 3935 662 4001 αὐτῆς
708 3937 1046 4012 βελτιωθεὶς,
1079 3938 1132 3994 εἷ’
1171 3961 1231 4014 γε
1281 3942 1415 3996 κατὰ
1469 3944 1567 4010 τὴν
1616 3943 1901 3998 κακόνοιαν

230 4027 412 4080 αὐτῶν
447 4025 578 4080 τότε
611 4026 801 4099 ὑψώθη
855 4029 945 4082 καὶ
977 4030 1100 4091 Υἱὸς
1146 4029 1373 4105 ἐλέχθη,
1406 4030 1496 4086 ὅτε
1542 4031 1759 4107 γέγονεν
1808 4035 1898 4087 ἅν-

237 4128 485 4191 θρωπος.
523 4114 582 4167 Τί
645 4115 734 4169 οὗν
785 4119 850 4184 ἦν
904 4119 1011 4193 πρὸ
1052 4120 1286 4190 “co-Stoa;
1321 4119 1490 4176 Πάλιν
1541 4123 1641 4197 γὰρ
1702 4121 1897 4184 αὐτοὺς

231 4203 443 4278 ἐρωτᾷν
475 4203 710 4279 ἀνάγκη,
738 4203 831 4258 ’ἱνα
866 4207 954 4260 καὶ
988 4207 1047 4261 τὸ
1073 4207 1238 4270 τέλος
1285 4217 1385 4278 τῆς
1433 4205 1671 4272 ἀσεϐείας
1722 4212 1897 4266 αὐτῶν

230 4295 514 4368 θεωρηθῇ.
554 4293 621 4348 Εἴ
675 4295 778 4366 γάρ
835 4293 975 4349 ἐστιν
1023 4297 1050 4350 ὁ
1105 4296 1298 4372 Κύριος
1338 4299 1487 4367 Θεὸς,
1521 4301 1662 4367 Υἱὸς,
1697 4301 1894 4374 Λόγος,

230 4383 326 4437 οὐκ
351 4386 419 4450 ἧν
452 4380 518 4436 δὲ
559 4385 730 4436 ταῦτα
777 4383 885 4458 πρὸ
927 4389 1025 4439 τοῦ
1071 4384 1288 4459 γένηται
1334 4387 1637 4462 ἄνθρωπος’
1669 4389 1703 4457 ἢ
1752 4385 1891 4443 ἄλλο

226 4491 271 4524 τι
317 4478 388 4539 ἦν
445 4471 602 4545 παρὰ
660 4475 851 4541 ταῦτα,
901 4473 991 4527 καὶ
1058 4473 1277 4549 ὕστερον
1339 4477 1545 4532 τούτων
1595 4476 1646 4547 ἐξ
1695 4479 1890 4552 ἀρετῆς

229 4558 522 4636 μετέσχεν,
557 4558 741 4635 ὥσπερ
782 4558 1006 4634 εἷ’παμεν
1038 4565 1171 4635 (17)’
1204 4565 1238 4633 ἢ
1287 4565 1350 4619 τὸ
1397 4562 1600 4640 ἕτερον,
1633 4565 1764 4642 ὅπερ
1814 4567 1889 4630 εἷς

2020 3413 2207 3468 factus
2263 3417 2352 3467 est
2407 3412 2580 3466 homo
2637 3415 2694 3466 et
2753 3411 2901 3466 servi
2954 3412 3199 3466 formam
3235 3411 3473 3483 accepit.
3506 3415 3667 3466 'lunc

2016 3503 2172 3558 enim
2207 3506 2315 3566 est,
2347 3518 2482 3556 cum
2517 3503 2706 3556 factus
2738 3501 3014 3556 obediens
3046 3517 3234 3571 usque
3270 3501 3339 3554 ad
3392 3506 3664 3566 mortem,

2015 3591 2304 3646 exaltatus
2361 3607 2492 3646 esse
2516 3596 2572 3645 et
2604 3591 2709 3645 hoc
2743 3607 2953 3646 nomen
2989 3596 3269 3660 tanquam
3302 3589 3659 3662 singularem

2011 3679 2260 3753 gratiam
2295 3681 2586 3750 accepisse
2615 3679 2846 3745 dicitur,
2883 3688 2939 3734 ut
2968 3681 3024 3733 in
3058 3681 3280 3734 nomine
3333 3682 3457 3735 Iesu
3481 3673 3663 3733 'omne

2009 3786 2152 3839 genu
2182 3772 2432 3839 ﬂectatur
2479 3771 2541 3804 ⁸³⁸
2599 3769 2746 3834 Quid
2797 3785 2934 3839 ergo
2995 3769 3104 3823 fuit
3159 3774 3348 3832 antea,
3409 3768 3458 3823 si
3517 3773 3659 3824 tunc

2009 3858 2296 3914 exaltatus
2322 3863 2429 3925 est,
2465 3859 2754 3929 coepitque
2783 3857 3105 3926 adorari,ac
3138 3857 3314 3912 Filius
3344 3867 3431 3912 est
3461 3858 3659 3928 appel-

2009 3946 2188 4015 latus,
2221 3965 2354 4003 cum
2390 3950 2575 4003 factus
2608 3947 2713 4002 fuit
2744 3946 2962 4002 homo?
2994 3946 3238 4002 Videtur
3288 3947 3444 4000 enim
3497 3946 3659 4001 nulla

2008 4036 2067 4090 in
2103 4054 2162 4092 re
2191 4053 2425 4091 carnem
2462 4035 2757 4091 meliorem
2792 4036 3139 4104 reddidisse,
3172 4036 3271 4091 sed
3304 4035 3500 4107 ipsum
3551 4053 3655 4106 po-

2006 4126 2125 4181 tius
2160 4142 2260 4196 per
2289 4143 2416 4181 eam
2447 4125 2744 4180 meliorem
2781 4126 2962 4180 fuisse
2992 4126 3337 4187 etl'ectum,si
3373 4124 3652 4178 nimirum

2005 4219 2235 4282 tunc,ut
2267 4214 2444 4284 impie
2478 4213 2996 4286 putant,exaltatus
3027 4219 3116 4268 est
3146 4220 3202 4268 et
3234 4213 3413 4268 Filius
3437 4212 3655 4278 dictus,

2004 4319 2137 4357 cum
2172 4303 2358 4358 factus
2388 4308 2476 4357 est
2508 4303 2698 4357 homo.
2734 4303 2879 4367 Quid
2914 4302 3093 4375 igitur
3121 4307 3244 4357 erat
3273 4303 3473 4357 antea?
3502 4301 3647 4357 Nam

2002 4407 2239 4447 necesse
2269 4397 2358 4447 est
2387 4409 2484 4447 eos
2509 4393 2718 4447 iterum
2743 4392 3196 4464 interrogare,ut
3219 4393 3391 4448 tinem
3417 4393 3648 4448 illorum

2000 4480 2317 4553 impietatis
2349 4482 2588 4536 tandem
2624 4481 3033 4553 inspiciamus.
3061 4482 3118 4537 Si
3152 4481 3304 4537 enim
3369 4481 3654 4538 Dominus

1999 4575 2087 4625 est
2118 4570 2296 4636 Deus,
2332 4571 2531 4638 Filius,
2565 4578 2622 4625 et
2651 4571 2923 4634 Verbum,
2957 4571 3220 4642 nihilque
3266 4571 3477 4626 horum
3527 4576 3651 4626 erat

223 4649 316 4710 τὶς
377 4649 610 4704 ἐκείνων
672 4648 914 4727 κεφαλὰς
969 4652 1196 4726 τραπείη
1227 4699 1241 4721 ,
1300 4653 1502 4730 ἀνάγκη
1565 4655 1737 4730 λέγειν
1789 4657 1884 4710 αὐ-

2020 4660 2342 4731 iriusquam
2375 4660 2548 4715 homo
2578 4660 2871 4716 tieret:vel
2901 4665 3054 4717 certe
3085 4660 3301 4733 aliquid
3337 4660 3492 4716 aliud
3527 4666 3652 4716 erat

223 4737 370 4806 τοὺς,
409 4735 561 4810 μηδὲ
591 4739 726 4792 εἶναι
758 4740 863 4813 πρὸ
890 4739 1086 4795 τούτου
1117 4741 1295 4813 αὐτὸν,
1331 4742 1476 4798 ἀλλὰ
1522 4744 1582 4799 τὸ
1631 4744 1758 4800 ὅλον
1794 4747 1884 4800 ἄν·

224 4828 442 4901 θρωπον
481 4829 596 4897 (18)
630 4826 768 4880 εἷναι
811 4829 986 4904 φύσει,
1016 4829 1107 4882 καὶ
1167 4827 1335 4902 μηδὲν
1383 4831 1570 4888 πλέον.
1605 4833 1757 4890 Ἀλλ’
1787 4833 1886 4890 οὐκ

224 4910 331 4968 ἔστι
363 4919 533 4969 τοῦτο
589 4920 692 4984 τῆς
725 4913 1072 4988 Έκκλησίας,
1104 4923 1202 4972 τοῦ
1256 4916 1314 4974 δὲ
1367 4921 1728 4993 Σαμοσατέως
1771 4921 1881 4977 ἐστὶ

289 5044 357 5078 ἰ’
393 5045 512 5098 Isa.
547 5060 590 5110 ι,
621 5045 675 5097 2.
752 5043 797 5077 ⁹²
825 5043 1038 5115 Philip.
1074 5062 1135 5114 ιι,
1169 5045 1258 5101 40.

267 5177 364 5260 ,(8)
406 5175 839 5260 ξρευςῐυίιωυε,
875 5177 1046 5248 μέσην
1077 5178 1177 5246 τὴν
1206 5176 1428 5255 ἀγοράν.
1461 5182 1615 5238 Editi
1665 5189 1721 5240 et
1760 5185 1880 5251 alii,

222 5248 391 5317 μέσην
424 5248 663 5320 ἀγοράν.
901 5317 912 5320 Α
967 5316 976 5320 Δ
1254 5248 1265 5255 ⁷
1311 5248 1321 5254 ’
1563 5261 1566 5264 ’

285 5321 364 5388 (9)
399 5316 829 5391 Seguerianus,
855 5316 990 5391 αὑτὰ
1018 5321 1443 5388 ῆν.1ὺίά.ἱάθω
1477 5341 1611 5380 cum
1646 5326 1879 5385 Gobler.

219 5385 553 5468 εῐῖῖςξιοέἶῖ,
586 5394 684 5463 τοῖξ
719 5385 1338 5468 διδομένουξξιθελτοῦ
1368 5393 1652 5468 ἐσομένου.

281 5464 396 5541 (ip)
433 5463 538 5541 _Sic
597 5463 1015 5541 §eguer_ia_nus,
1047 5463 1475 5541 _Basilien_sis,__'
1501 5469 1880 5541 Anglicanus,

218 5533 734 5614 Gobl_eri£in_._Reg.
772 5539 830 5590 et
850 5534 1012 5614 _Fe_lc_.
1043 5535 1210 5614 5._At
1242 5535 1412 5614 editi1
1441 5533 1665 5614 ἔσχηκε.

283 5608 398 5685 (11)
433 5604 774 5685 δοὺιριιξρη.
809 5611 866 5662 et
911 5604 1061 5661 Felc.
1104 5608 1153 5685 1,
1200 5608 1365 5685 περίᾷ
1380 5604 1576 5667 ΡειιῙί)’
1607 5616 1755 5685 post
1785 5616 1883 5685 Se-

226 5674 520 5758 men»
554 5676 635 5758 οὶ
655 5674 953 5758 iuuere}.
994 5674 1146 5758 κατοὲέ
1177 5674 1396 5758 etc}_Et
1439 5674 1761 5758 ωοκ,’περῖ
1807 5684 1882 5738 ὧν

228 5743 310 5799 ἰαὶ
342 5743 559 5824 ἔλεγεν.
596 5743 830 5806 Editi'ei
858 5747 976 5816 alii,
1010 5743 1144 5822 περῖ
1167 5751 1241 5804 ὧν
1273 5747 1474 5827 ἔλεγεν.

1997 4753 2204 4819 printer
2233 4747 2609 4820 illa,quorum
2636 4754 2836 4821 postea
2860 4751 2931 4805 ob
2954 4750 3227 4806 virtutem
3247 4754 3336 4806 est
3359 4749 3649 4822 particeps

1995 4837 2256 4905 effectus,
2293 4838 2375 4892 uti
2404 4837 2658 4894 diximus
2693 4857 2706 4894 :
2741 4839 2826 4895 vel
2859 4839 3040 4909 aliud,
3084 4840 3238 4909 quod
3295 4839 3533 4909 quidem
3586 4839 3645 4894 in

1994 4925 2258 4998 ipsorum
2309 4927 2578 4983 reciderit
2627 4929 2838 5000 capita,
2881 4927 3014 4983 illos
3048 4943 3283 4983 necesse
3312 4935 3401 4982 est
3430 4928 3640 4993 dicere,

2088 5188 2174 5256 12)
2206 5186 2618 5257 Seguerianus,
2653 5185 2802 5257 υἱοὺς
2835 5185 3052 5248 αὐτούς.

2091 5255 2174 5328 13)
2205 5255 2616 5330 Seguerianus,
2651 5255 2886 5312 θέλουσι.

2092 5331 2175 5398 lli)
2201 5329 3032 5401 Seguerianus,Goblerianus
3063 5338 3116 5387 et
3149 5332 3340 5388 Felck.
3376 5336 3426 5401 1,
3462 5331 3636 5389 αὐτοί.

1992 5399 2239 5477 Editiet
2255 5399 2374 5467 alii,
2409 5399 2836 5477 0:51:0ulbldem
2874 5401 3086 5475 μᾶλλον
3138 5407 3304 5460 abest
3338 5422 3370 5460 a
3399 5399 3636 5477 Seguer.

2062 5474 2174 5544 (15)
2206 5472 2566 5544 Seguerian.,
2600 5468 2781 5528 ἔλαθε.

2064 5545 2170 5619 (16)
2201 5545 2611 5619 Seguerianus,
2645 5545 2976 5600 Goblerian.
3027 5551 3085 5601 et
3127 5547 3273 5603 Felc.
3311 5550 3360 5619 1,
3392 5545 3482 5600 καὶ
3545 5551 3636 5601 νῦν

1991 5615 2135 5675 Υἱός.
2171 5614 2347 5681 Editi,
2379 5614 2466 5667 καὶ
2500 5614 2645 5674 Υἱός.

2065 5688 2178 5758 (17)
2206 5688 2518 5760 Seguerian
2531 5728 2543 5740 .
2555 5731 2568 5754 ,
2603 5683 2722 5739 εἷ’πο
2732 5707 2847 5760 μεν.

2067 5757 2179 5830 (18)
2208 5757 2308 5815 Sic
2331 5759 2570 5829 Seguer.
2601 5761 2672 5815 At
2702 5757 2802 5816 alii
2831 5763 2889 5817 et
2919 5761 3084 5828 editi,
3116 5757 3421 5834 ἄνθρωπος.
