4090 6366
413 384 512 449 91
983 389 1046 448 S.
1092 388 1519 451 ATHANASII
1563 391 1735 451 OPP.
1780 389 1981 450 PARS
2023 387 2073 449 Ι.
2108 419 2187 431 —-
2230 385 2645 448 HISTORICA
2685 386 2787 447 ET
2830 383 3314 446 DOGMATICA.

3771 384 3852 445 92

446 537 580 576 eum
613 520 838 577 scilicet
870 538 1058 594 neque
1089 526 1260 579 antea
1287 523 1601 592 exstitisse,
1634 525 1734 579 sed
1763 526 1954 579 totum
1985 538 2086 577 na-

2202 518 2289 574 καὶ
2336 515 2444 573 τῶν
2494 522 2585 572 νῦν
2634 512 2913 574 Ἰουδαίων
2959 515 3022 571 τὸ
3070 515 3347 593 φρόνημα.
3400 516 3497 571 Διὰ
3538 516 3593 571 τί
3641 514 3735 571 οὖν
3780 516 3847 572 τὰ

444 616 580 664 tura
637 609 934 666 hominem
967 610 1161 667 solum
1191 628 1340 678 esse,
1374 612 1640 683 nihilque
1671 612 1946 685 amplius.
1979 611 2087 668 Ve-

446 689 576 753 rum
609 698 730 754 haec
759 716 872 755 non
906 705 993 755 est
1022 700 1290 756 Ecclesiae
1321 702 1605 767 doctrina,
1657 702 1757 757 sed
1814 701 2087 757 Samosa-

448 787 635 843 tensis
693 787 989 859 hujusque
1034 790 1315 861 temporis
1344 790 1703 845 Judaaorum.
1738 790 1881 845 Cum
1910 790 2090 861 igitur

442 877 645 931 eadem
669 883 846 947 atque
870 877 951 932 illi
976 878 1253 944 sentiant,
1278 895 1383 933 cur
1403 896 1514 933 non
1540 886 1606 933 ut
1626 879 1813 934 Judaei
1834 878 2086 934 circum-

441 964 739 1031 ciduntur,
772 966 870 1021 sed
906 966 1037 1021 ﬁcte
1068 967 1460 1022 Chaistiunam
1511 969 1857 1039 proﬁtentur
1888 969 2084 1036 tidem,

436 1057 495 1109 et
549 1058 749 1108 contra
799 1070 927 1109 eam
961 1056 1302 1111 decertant?
1330 1061 1476 1111 Nam
1509 1059 1555 1112 si
1590 1063 1761 1112 antea
1791 1073 1905 1112 non
1939 1061 2083 1127 erat,

437 1146 537 1197 aut
569 1142 649 1197 ita
679 1147 804 1198 erat
832 1151 896 1198 ut
922 1149 1123 1216 postea
1150 1144 1355 1200 melior
1385 1145 1462 1200 sit
1492 1146 1775 1209 redditus,
1799 1148 2086 1217 quomodo

434 1246 540 1302 per
566 1232 764 1303 ipsum
799 1232 950 1288 facta
981 1238 1120 1287 sunt
1151 1232 1392 1288 omnia?
1425 1232 1523 1289 Vel
1556 1234 1605 1287 si
1640 1236 1930 1304 perfectus
1972 1250 2086 1289 non

430 1323 576 1386 erat,
618 1321 913 1389 quomodo
942 1322 1001 1375 in
1034 1323 1163 1394 ipso
1193 1322 1517 1378 oblectatur
1542 1322 1758 1378 Pater?
1806 1322 1865 1377 Si
1916 1339 2086 1395 porro

429 1406 557 1480 ipse
589 1408 797 1465 melior
825 1411 1062 1467 effectus
1094 1415 1204 1479 est,
1228 1413 1522 1484 quomodo
1553 1416 1725 1467 antea
1753 1428 1949 1467 coram
1983 1412 2084 1466 Pa-

427 1501 514 1552 tre
546 1496 1292 1568 lzetabantur?Prastersa,si
1326 1505 1459 1573 post
1490 1506 1735 1556 mortem
1769 1500 1851 1555 illi
1883 1501 2086 1556 datum

426 1590 517 1641 est
546 1590 612 1641 ut
639 1587 1009 1658 adoreretur,
1043 1591 1333 1661 quomodo
1370 1589 1536 1645 illum
1600 1590 1970 1645 Abrahamus
2028 1590 2087 1644 in

429 1675 807 1732 tabernaculo
826 1678 870 1712 ³³
887 1681 944 1732 et
973 1678 1203 1751 Moyses
1233 1681 1292 1734 in
1323 1680 1472 1735 rubo
1493 1680 1538 1714 “
1555 1679 1830 1735 adorasse
1863 1694 2087 1734 memo-

432 1770 654 1833 rantur,
681 1768 757 1835 et,
783 1770 850 1822 ut
879 1765 1021 1822 vidit
1050 1766 1273 1839 Daniel,
1298 1768 1481 1824 millia
1513 1767 1769 1840 plurima
1798 1767 2090 1824 ministra'

2198 607 2414 663 ἐκείνων
2475 604 3027 687 φρονοῦντεςηούχὶ
3081 605 3171 660 καὶ
3229 606 3306 667 ὡς
3381 602 3632 659 Ἰουδαῖοι
3687 625 3845 681 περιρ

2195 698 2482 770 τέμνονται
2517 740 2531 766 ,
2601 694 2727 751 ἀλλ’
2797 694 3171 769 ὑποκρίνονται
3225 696 3314 750 τὸν
3373 695 3792 771 Χριστιανισμὸν
3831 739 3845 761 ,

2194 786 2285 841 καὶ
2345 786 2479 861 πρὸς
2538 785 2696 840 αὐτὸν
2755 783 2944 861 ἔχουσι
3007 786 3106 854 τήν
3170 783 3404 861 pix-qv;
3458 783 3519 841 Ei
3566 783 3676 860 γὰρ
3749 783 3847 839 οὐκ

2195 878 2284 945 ἦν,
2318 876 2353 944 ἢ
2403 876 2484 944 ἧν·
2523 875 2640 947 μὲν,
2677 869 2972 944 ἐϐελτιώθη
3027 872 3083 929 δὲ
3135 873 3378 949 ὕστερον,
3426 878 3542 935 πῶς
3582 871 3651 929 δι’
3681 872 3845 929 αὐτοῧ

2194 966 2383 1039 γὲγονε
2428 964 2493 1018 τὰ
2547 964 2738 1030 πάντα,
2780 964 2815 1032 ἢ
2868 966 2985 1025 πῶς
3041 963 3092 1017 ἐν
3150 961 3352 1035 τούτῳ,
3404 961 3457 1017 εἷ’
3493 984 3553 1039 γε
3599 964 3715 1035 (19)
3768 964 3844 1037 μή

2193 1052 2403 1117 τέλειος
2462 1054 2553 1124 ἦν,
2611 1053 2970 1128 προσέχαιρεν
3017 1054 3045 1108 6
3091 1054 3277 1128 Πατήρ
3311 1071 3325 1122 ;
3359 1054 3463 1109 Καὶ
3519 1052 3678 1115 αὐτὸς
3736 1050 3794 1107 δὲ
3827 1097 3841 1123 ,

2197 1144 2243 1199 εἰ
2300 1147 2391 1197 νῦν
2443 1138 2769 1212 ἐϐελτιώθη,
2818 1145 2935 1203 πῶς
2990 1143 3096 1218 πρὸ
3148 1140 3345 1196 τούτου
3404 1141 3731 1218 ηὐφραίνετο
3789 1141 3841 1196 ἐν

2196 1233 2478 1307 προσώπῳ
2519 1236 2617 1287 τοῦ
2668 1231 2878 1303 Πατρός
2911 1234 3024 1303 (20)
3060 1249 3073 1298 ;
3106 1235 3229 1293 Πῶς
3263 1226 3342 1301 δὲ,
3377 1230 3424 1286 εἲ
3458 1230 3591 1304 μετᾶ
3618 1231 3710 1285 τὸν
3743 1231 3843 1294 θά-

2195 1342 2353 1377 νατον
2404 1316 2569 1376 ἔλαϐε
2615 1321 2679 1375 τὸ
2725 1321 3164 1395 προσκυνεῖσθαι,
3221 1319 3459 1398 φαίνεται
3510 1320 3538 1374 6
3588 1314 3844 1394 Ἀϐραὰμ

2197 1410 2354 1465 αὐτὸν
2409 1410 2461 1465 ἐν
2517 1413 2586 1483 τῇ
2644 1412 2816 1483 σκηνῇ
2873 1413 3185 1485 προσκυνῶν
3261 1408 3353 1463 καὶ
3408 1415 3610 1479 Μωσῆς
3667 1407 3720 1462 ἐν
3777 1408 3846 1482 τῇ

2202 1500 2350 1576 βάτῳ
2384 1519 2397 1570 ;
2432 1498 2520 1553 καὶ
2554 1498 2629 1559 ὡς
2675 1495 2783 1553 εἶδε
2831 1497 3058 1567 Δανιὴλ,
3095 1497 3281 1573 μύριαι
3332 1495 3587 1573 μυριάδες
3634 1497 3723 1552 καὶ
3753 1497 3843 1572 χί-

2199 1587 2313 1644 λιαι
2351 1583 2602 1662 χιλιάδες
2634 1585 3009 1662 ἐλειτούργουν
3043 1585 3192 1658 αὐτῷ
3226 1605 3239 1653 ;
3273 1589 3397 1647 Πῶς
3437 1582 3516 1653 δὲ,
3539 1585 3584 1640 εἰ
3613 1588 3704 1639 νῦν
3731 1591 3846 1639 κατ’

2196 1676 2393 1738 αὐτοὺς
2425 1674 2554 1752 ἔσχε
2598 1676 2696 1744 τήν
2751 1674 3057 1752 βελτίωσιν,
3089 1677 3186 1744 τῆς
3232 1676 3338 1751 πρὸ
3368 1677 3578 1747 κόσμου
3607 1674 3696 1729 καὶ
3731 1677 3843 1747 (21)

2195 1774 2294 1836 τῆς
2356 1763 2727 1842 ὑπερκοσμίου
2776 1762 2937 1837 δόξης
2993 1764 3185 1819 ἑαυτοῦ
3238 1763 3597 1838 μνημονεύων
3657 1759 3855 1838 ἔλεγεν*

434 1854 578 1909 bant
600 1854 650 1910 ei
668 1854 802 1911 ’“ISi
824 1854 962 1911 item
987 1857 1314 1912 secundum
1340 1855 1471 1913 illos
1495 1856 1703 1913 melior
1726 1873 1878 1912 nunc
1900 1857 2086 1912 factus

2202 1857 2357 1919 αὐτὸς
2414 1858 2443 1910 ὁ
2501 1855 2646 1917 Υἱός·
2705 1854 2933 1925 Δόξασόν
2997 1875 3063 1927 με
3119 1854 3203 1927 σὺ,
3262 1855 3458 1930 Πάτερ,
3502 1855 3574 1925 τῇ
3626 1848 3842 1958 δόξῃκῇ

433 1946 542 2009 est,
576 1945 866 2013 quomodo
899 1944 1151 2001 ccelestis
1182 1944 1400 2018 gloriae,
1430 1962 1548 2018 qua
1603 1950 1737 2001 ante
1796 1946 2084 2004 mundum

431 2031 756 2098 fruebatur,
797 2049 1024 2089 memor
1066 2034 1195 2106 ipse
1228 2034 1404 2091 Filius
1435 2035 1687 2100 dicebat,
1711 2036 1973 2105 Gloriﬁea
1996 2051 2083 2089 me

429 2129 513 2191 tu,
546 2122 732 2191 Pater,
763 2122 951 2191 gloria
983 2139 1151 2195 quam
1205 2124 1362 2195 apud
1414 2128 1467 2179 te
1521 2124 1713 2188 habui,
1758 2126 2085 2196 priusquam

427 2211 671 2267 mundus
699 2214 837 2267 esset
865 2212 928 2267 ’6.
962 2213 1124 2276 Quod
1156 2211 1207 2268 si
1239 2229 1416 2283 nunc,
1449 2218 1513 2268 ut
1542 2217 1770 2285 putant,
1795 2211 2082 2268 exaltatus

428 2305 538 2368 est,
573 2303 865 2374 quomodo
896 2307 1065 2358 antea
1096 2302 1393 2358 inclinavit
1422 2305 1581 2359 caelos
1609 2307 1660 2359 et
1688 2303 1995 2370 descendit;
2027 2307 2085 2358 et

431 2389 645 2446 iterum
684 2407 697 2446 :
734 2391 897 2448 Dedit
925 2392 1255 2448 Altissimus
1284 2408 1463 2449 vocem
1493 2410 1658 2448 suam
1686 2394 1769 2447 "2
1800 2392 2083 2456 Quocirca
2131 2391 2134 2394 ’

431 2478 480 2535 si
503 2480 677 2535 etiam
705 2480 1048 2552 priusquam
1073 2481 1238 2536 ﬂeret
1260 2482 1540 2551 mundus,
1560 2481 1738 2554 gloria
1761 2470 1983 2552 potitus
1997 2485 2086 2536 est

430 2567 700 2638 Filius,et
728 2568 1011 2625 Dominus
1041 2569 1239 2641 gloria
1270 2575 1327 2626 et
1356 2569 1682 2627 altissimus
1714 2569 2032 2643 fuit,atque
2054 2586 2084 2625 e

431 2655 594 2712 ccalis
651 2658 979 2724 descendit,
1037 2675 1387 2731 semperque
1430 2661 1764 2715 adorandus
1795 2664 1886 2714 est
1918 2676 1931 2714 ε
1966 2676 2081 2715 non

427 2761 566 2818 ergo
593 2751 907 2817 postquam
931 2747 1235 2803 descendit
1258 2748 1464 2804 melior
1484 2753 1576 2804 est
1601 2748 1969 2813 effectus,sed
1993 2765 2087 2819 po-

427 2832 548 2890 tius
577 2850 644 2890 ea
674 2851 801 2907 quas
831 2834 1176 2907 indigebant
1206 2840 1270 2890 ut
1300 2836 1542 2892 meliora
1574 2837 1795 2907 fierent,
1830 2837 2087 2892 reddidit

427 2922 689 2979 meliora.
717 2924 877 2988 Quod
912 2924 960 2979 si
993 2929 1057 2978 ut
1087 2941 1195 2979 nos
1227 2923 1497 2993 meliores
1530 2926 1797 2981 redderet
1840 2927 2086 2982 descen-

429 3012 517 3067 dit
543 3038 557 3078 ;
617 3029 732 3068 non
786 3012 963 3085 igitur
988 3013 1213 3083 praemii
1239 3013 1430 3069 instar
1458 3014 1681 3086 accepit
1712 3031 1924 3070 nomen
1957 3014 2082 3070 Filii

2195 1945 2345 2021 εἶχον
2396 1946 2503 2020 πρὸ
2557 1949 2653 1999 τοῦ
2708 1944 2798 1999 τὸν
2853 1943 3057 2017 κόσμον
3111 1943 3243 1999 εἶναι
3300 1942 3447 2020 παρὰ
3500 1942 3608 1998 σοί.
3669 1942 3731 1999 Εἰ
3781 1939 3839 1996 δὲ

2191 2038 2279 2088 νῦν
2315 2033 2504 2108 ὑψώθη
2538 2034 2654 2089 κατ’
2700 2032 2895 2094 αὐτοὺς
2944 2036 3077 2104 (22),
3128 2033 3245 2095 πῶς
3291 2032 3400 2109 πρὸ
3446 2032 3643 2088 τούτου
3689 2029 3836 2086 ἔκλι-

2192 2144 2276 2179 νεν
2340 2120 2601 2198 οὐρανοὺς
2658 2121 2748 2176 καὶ
2805 2115 3027 2192 κατέϐη·
3088 2120 3178 2175 καὶ
3234 2119 3399 2176 πάλιν
3434 2141 3446 2155 ·
3505 2117 3744 2177 Ἔδωκεν
3805 2119 3833 2173 6

2191 2215 2446 2286 Ὕψιστος
2501 2212 2686 2289 φωνὴν
2742 2208 2906 2265 αὐτοῦ
2952 2229 2967 2280 ;
3027 2209 3235 2268 Οὐκοῦν
3296 2210 3342 2265 εἶ
3412 2208 3502 2265 καὶ
3573 2209 3682 2284 πρὸ
3738 2212 3837 2263 τοῦ

2187 2301 2279 2357 τὸν
2314 2301 2517 2373 κόσμον
2548 2299 2787 2376 γενέσθαι
2834 2300 2934 2367 τήν
2981 2296 3136 2370 δόξαν
3183 2298 3326 2374 εἶχεν
3368 2301 3482 2373 (23)
3513 2299 3541 2353 6
3570 2297 3717 2367 Υἱὸς,
3749 2296 3839 2351 καὶ

2192 2388 2387 2464 Κύριος
2416 2396 2517 2458 τῆς
2562 2386 2724 2459 δόξης
2771 2387 2994 2462 ὕψιστός
3022 2408 3081 2443 τε
3109 2390 3194 2457 ἦν,
3226 2387 3316 2443 καὶ
3368 2386 3419 2458 ἐξ
3450 2386 3681 2464 οὐρανοῦ
3710 2405 3839 2440 κατ-

2193 2474 2314 2550 έϐη,
2370 2478 2460 2533 καὶ
2504 2478 2586 2532 ἀεὶ
2640 2476 3016 2554 προσκυνητός
3065 2476 3203 2532 ἐστιν
3235 2521 3252 2547 ,
3301 2475 3401 2531 οὐκ
3448 2474 3550 2550 ἄρα
3605 2470 3843 2536 καταϐὰς

2194 2562 2495 2637 ἒϐελτιώθη
2524 2612 2537 2636 ,
2588 2565 2735 2622 ἀλλά
2785 2564 2997 2640 μᾶλλον
3039 2561 3357 2622 ἐϐελτίωσεν
3404 2564 3566 2627 αὐτὸς
3610 2565 3678 2620 τὰ
3723 2561 3841 2618 δεό·

2197 2676 2329 2729 μενα
2363 2654 2724 2732 βελτιώσεως’
2754 2654 2844 2710 καὶ
2894 2654 2939 2709 εἰ
2985 2659 3083 2710 τοῦ
3137 2654 3431 2731 βελτιῶσαι
3483 2655 3645 2729 χάριν
3678 2673 3840 2708 κατα·

2194 2740 2446 2815 ϐέϐηκεν,
2499 2744 2597 2799 οὐκ
2639 2745 2742 2820 ἄρα
2790 2744 2982 2817 μισθὸν
3032 2741 3160 2820 ἔσχε
3205 2745 3268 2799 τὸ
3318 2742 3562 2819 λέγεσθαι
3594 2743 3718 2805 Υἱὸς
3748 2741 3840 2796 καὶ

2194 2834 2322 2897 Θεὸς
2374 2837 2507 2907 (24),
2558 2831 2703 2889 ἀλλᾶ
2749 2830 2963 2906 μᾶλλον
3012 2832 3170 2895 αὐτὸς
3216 2831 3528 2903 υἱοποίησεν
3578 2834 3727 2904 ἡμᾶς
3762 2836 3842 2904 τῷ

2194 2922 2364 2998 Πατρὶ
2400 2967 2413 2991 ,
2469 2922 2559 2978 καὶ
2609 2921 2927 2993 ὲθεοποίησε
2981 2920 3109 2983 τοὺς
3166 2921 3486 2997 ἀνθρώπους
3545 2917 3837 2996 γενόμενος

2195 3011 2353 3075 αὐτὸς
2385 3010 2689 3088 ἄνθρωπος.

429 3105 487 3155 et
523 3100 618 3156 Dei
651 3116 665 3155 :
696 3101 797 3156 sed
830 3099 956 3173 ipse
986 3100 1182 3172 potius
1214 3100 1402 3157 effecit
1432 3106 1496 3157 ut
1525 3118 1633 3159 nos
1664 3102 1757 3158 sui
1788 3101 1979 3158 Patris
2013 3100 2117 3156 ﬁlii
2176 3117 2465 3169 essemus,
2523 3107 2580 3157 et
2635 3100 2906 3157 homines
2961 3101 3101 3156 deos
3158 3099 3415 3155 reddidit
3476 3099 3665 3155 tactus
3715 3099 3841 3171 ipse

432 3187 632 3258 homo,

503 3278 592 3334 39.
625 3276 750 3333 Non
784 3278 963 3350 igitur
992 3295 1125 3335 cum
1158 3279 1334 3337 homo
1363 3281 1731 3346 esset,factus
1762 3285 1854 3337 est
1883 3283 2086 3353 postea

2268 3279 2356 3335 39.
2390 3276 2505 3335 Οὐκ
2533 3276 2637 3353 ἄρα
2665 3274 2949 3352 ἄνθρωπος
2970 3280 3080 3349 (25)
3105 3275 3201 3344 ὣν,
3221 3275 3438 3354 ὕστερον
3469 3277 3660 3352 γέγονε
3690 3273 3839 3337 Θεός·

430 3366 619 3434 Deus;
657 3366 756 3422 sed
790 3372 1015 3435 contra,
1049 3385 1182 3424 cum
1242 3370 1390 3424 Deus
1439 3374 1613 3437 esset,
1665 3374 1867 3441 postea
1909 3369 2085 3425 homo

430 3456 622 3511 factus
652 3460 764 3522 est,
789 3472 904 3528 quo
937 3474 1043 3513 nos
1072 3457 1198 3529 ipse
1228 3458 1421 3530 potius
1452 3460 1592 3514 deos
1620 3459 1893 3515 efﬁceret.
1925 3459 2079 3513 Alio-

430 3543 575 3616 quin
608 3545 654 3599 si
690 3549 830 3600 tunc
860 3549 1112 3616 tantum,
1146 3563 1279 3603 cum
1315 3548 1502 3603 factus
1528 3553 1617 3603 est
1646 3547 1841 3612 homo.
1901 3546 2084 3603 Fillus

430 3637 490 3688 et
517 3637 668 3688 Deus
696 3638 786 3690 est
815 3635 1143 3706 appellatus
1175 3654 1189 3692 :
1224 3637 1272 3692 si
1324 3638 1485 3706 item,
1547 3642 1860 3708 antequam
1922 3638 2088 3693 ﬁeret

433 3721 635 3791 homo,
669 3722 892 3794 priscos
920 3724 1170 3797 populos
1205 3726 1355 3781 Deus
1388 3724 1541 3781 ﬁlios
1566 3726 1809 3795 vocavit,
1839 3730 1895 3782 et
1927 3727 2083 3798 Moy-

432 3825 559 3867 sem
611 3811 785 3867 deum
839 3813 1145 3869 constituit
1204 3814 1546 3884 Pharaonis,
1602 3814 1780 3885 idque
1831 3814 2088 3871 nominis

436 3898 642 3956 multis
670 3900 969 3973 Scriptura
999 3902 1284 3971 attribuit,
1317 3919 1449 3958 cum
1480 3903 1559 3959 ait
1604 3920 1616 3959 :
1650 3908 1796 3959 Deus
1835 3907 1980 3959 stetit
2028 3906 2089 3959 in

433 4006 722 4067 synagoga
771 3990 998 4047 deorum
1055 3992 1130 4059 '3;
1167 3996 1323 4062 patet
1354 4008 1488 4048 eum
1523 3998 1655 4065 post
1685 3994 1840 4050 850
1871 3992 2004 4049 illos
2033 3998 2091 4049 et

437 4077 647 4134 Filium
681 4083 737 4133 et
766 4079 950 4135 Deum
982 4096 1111 4135 esse
1142 4080 1694 4147 dictum.Quomodo
1723 4097 1861 4155 ergo
1891 4081 2092 4137 omnia

442 4182 546 4239 per
574 4167 771 4238 ipsum
805 4172 1000 4223 creata
1027 4170 1436 4241 sunt,ipseque
1465 4174 1555 4226 est
1584 4177 1718 4227 ante
1746 4171 1944 4227 omnia
2000 4171 2044 4206 ⁸³
2064 4170 2091 4225 ?

443 4257 559 4311 Aut
587 4257 876 4325 quomodo
906 4258 1170 4312 omnium
1206 4275 1396 4314 rerum
1426 4263 1753 4315 creatarum
1805 4260 2093 4333 primoge-

439 4344 604 4400 nitus
633 4350 724 4400 est
754 4344 904 4416 ‘.qui
935 4352 1069 4401 ante
1096 4364 1159 4403 se
1191 4348 1337 4404 alios
1366 4347 1670 4419 babet,qui
1701 4353 1760 4404 et
1789 4348 1894 4404 filii
1924 4354 1983 4405 et
2010 4349 2091 4404 dii

437 4432 582 4489 dicti
612 4432 775 4488 sint?
804 4435 1104 4500 Quomodo
1134 4451 1267 4492 vero
1318 4436 1491 4509 primi
1552 4438 1865 4511 participes
1918 4439 2093 4495 Verbi

2196 3366 2340 3424 ἀλλὰ
2369 3367 2498 3429 Θεὸς
2527 3365 2621 3438 ὤν,
2653 3365 2873 3441 ὕστερον
2904 3366 3116 3443 γέγονεν
3151 3362 3458 3440 ἅνθρωπος,
3484 3363 3578 3419 ἵνα
3630 3362 3841 3437 μᾶλλον

2192 3459 2341 3529 ἡμᾶς
2394 3458 2707 3530 θεοποιήσῃ.
2742 3456 2892 3512 Ἐπεὶ
2954 3456 3021 3527 εἰ,
3082 3453 3172 3509 ὅτε
3226 3475 3446 3529 γεγονεν
3506 3451 3791 3530 ἅνθρωπος
3828 3495 3843 3523 ,

2192 3544 2316 3600 τότε
2345 3546 2466 3608 Υἱὸς
2524 3545 2613 3601 καὶ
2665 3545 2793 3608 Θεὸς
2843 3543 3071 3621 ἐλέχθη,
3121 3543 3227 3619 πρὸ
3277 3539 3335 3597 δὲ
3362 3547 3460 3597 τοῦ
3501 3540 3719 3618 γένηται
3752 3539 3842 3596 ἅν-

2195 3638 2432 3711 θρωπος,
2472 3634 2622 3697 υἱοὺς
2671 3633 2821 3711 ἔλεγε
2866 3632 2992 3695 τοὺς
3039 3631 3209 3687 πάλαι
3254 3630 3421 3694 λαοὺς
3471 3634 3582 3703 (26)
3632 3632 3660 3686 ὁ
3690 3631 3841 3703 Θεὸς,

2195 3725 2283 3779 καὶ
2316 3731 2515 3794 Μωσῆν
2566 3722 2728 3778 ἐτίθει
2779 3722 2897 3778 θεὸν
2946 3727 3043 3777 τοῦ
3091 3723 3315 3795 Φαραώ,
3342 3720 3431 3775 καὶ
3479 3719 3568 3776 ἐπὶ
3615 3718 3843 3775 πολλῶν

2196 3816 2230 3883 ἡ
2290 3815 2474 3892 Γραφή
2534 3834 2696 3892 φησιν
2732 3857 2746 3882 ,
2795 3814 2856 3869 Ὀ
2912 3813 3042 3874 Θεὸς
3092 3814 3204 3881 (27)
3260 3808 3387 3881 ἔστη
3447 3808 3499 3864 ἐν
3557 3813 3839 3886 συναγωγῇ

2198 3905 2355 3967 θεῶν’
2418 3900 2588 3971 δῆλόν
2648 3900 2811 3971 ἐστιν,
2867 3901 2941 3963 ὡς
3005 3900 3118 3973 μετ’
3173 3897 3370 3961 αὐτοὺς
3428 3898 3518 3953 καὶ
3574 3899 3696 3960 Υἱὸς
3750 3897 3841 3952 καὶ

2198 3992 2326 4053 Θεὸς
2360 3989 2515 4053 οὗτος
2573 3989 2801 4066 ἐλέχθη.
2837 3993 2957 4051 Πῶς
3013 3986 3105 4042 οὖν
3155 3986 3327 4042 πάντα
3384 3984 3455 4042 δι’
3509 3986 3694 4056 αὐτοῦ,
3753 3985 3840 4040 καὶ

2198 4080 2359 4143 αὐτός
2391 4080 2501 4135 ἐστι
2550 4080 2656 4156 πρὸ
2703 4078 2917 4134 πάντων
2951 4084 3064 4148 ;ῘΗ
3096 4080 3213 4139 πῶς
3264 4075 3615 4152 πρωτότοκος
3664 4075 3844 4144 πάσης

2197 4177 2299 4239 τῆς
2346 4169 2592 4237 κτίσεως,
2635 4167 2779 4245 ἔχων
2826 4166 2951 4230 τοὺς
3000 4167 3105 4243 πρὸ
3152 4164 3343 4221 ἑαυτοῦ
3386 4168 3501 4238 (28)
3546 4164 3843 4236 κληθέντας

2201 4258 2350 4321 υἱοὺς
2380 4258 2471 4313 καὶ
2501 4258 2654 4320 θεούς
2687 4276 2701 4327 ;
2738 4259 2865 4317 ῙΙῶς
2914 4253 2972 4311 δὲ
3019 4257 3070 4310 οἱ
3121 4256 3352 4331 μέτοχοι
3380 4259 3590 4331 πρῶτοι
3622 4254 3685 4310 οὗ
3721 4275 3845 4328 μετ-

2202 4348 2391 4423 ἑχουσι
2424 4346 2602 4423 Λόγου
2630 4365 2644 4415 ;
2677 4344 2776 4402 οὐκ
2824 4342 2963 4402 ἔστιν
3010 4344 3227 4417 αληθής
3275 4343 3410 4416 αὕτη
3462 4342 3606 4419 δόξα·
3648 4344 3847 4419 παρεό-

2204 4436 2346 4513 ρεσίς
2573 4434 2686 4491 ἐστι
2737 4439 2845 4491 τῶν
2904 4439 2997 4490 νῦν
3066 4429 3453 4505 ἱουδαϊζὸντων
3492 4477 3504 4490 .
3564 4436 3690 4496 Πῶς
3744 4433 3846 4510 γὰρ

508 4541 555 4615 ⁸-³
585 4539 986 4615 Genesar/in,
1063 4542 1109 4578 9‘
1138 4542 1314 4598 Exod.
1349 4560 1434 4599 ιιι.
1512 4544 1557 4579 ³⁸
1587 4543 1729 4600 Dan.
1761 4562 1861 4612 vn,
1896 4547 1983 4601 10.
2060 4546 2086 4581 9‘

2202 4561 2300 4600 an.
2334 4561 2470 4612 xvu,
2496 4544 2551 4600 5.
2629 4545 2673 4579 ’7
2703 4543 2853 4601 Psal.
2886 4545 3249 4615 “11,10,111.
3326 4544 3371 4580 ⁸³
3401 4542 3554 4600 Psal.
3578 4557 3766 4611 Lxxxx,
3793 4542 3844 4598 1.

436 4611 483 4648 ⁹⁹
511 4611 682 4667 Joan.
717 4628 757 4680 ι,
786 4612 851 4675 3;
885 4611 1109 4669 Coloss.
1139 4630 1178 4683 ι,
1203 4615 1290 4684 16,
1324 4616 1412 4669 17.
1494 4618 1509 4651 ¹
1544 4615 1766 4672 Coloss.
1798 4611 1959 4684 1,15.

514 4725 625 4806 (_1_9)
658 4726 752 4806 _Sic
782 4726 1582 4806 seguerianus,basiliensis,
1614 4730 1918 4806 Anglican.
1941 4736 2089 4806 Beg.

441 4796 772 4853 Goblerian.
807 4796 1039 4855 et'Felc.
1077 4802 1102 4856 1
1137 4796 1194 4856 et
1220 4801 1279 4857 5.
1320 4801 1429 4856 Alii
1460 4796 1597 4857 vero
1630 4807 1688 4859 et
1706 4796 1897 4859 sditio
1928 4796 2094 4860 Corﬁ-

346 4916 347 4921 η
444 4865 688 4949 melus:
710 4871 801 4921 νῦν
832 4866 1062 4949 τελειος.
1096 4877 1219 4927 Mox
1257 4874 1628 4949 _Seguerian_.,
1667 4873 1757 4949 xui
1802 4873 1962 4936 αὐτός
2009 4895 2088 4949 γε.

511 4941 624 5020 (20)
649 4940 1020 5020 gegu_erian.,
1089 4940 1394 5020 1rpoc¢b1rg3_
1419 4940 1649 5020 Πατρός.
1699 4947 1884 5020 Idem_
1917 4940 2091 5020 paulo

444 5008 765 5090 post}th
797 5008 849 5065 ἐν
879 5015 947 5090 τῇ
981 5008 1176 5090 σκηνῇ,
1204 5020 1274 5090 ut
1296 5008 1353 5072 et
1381 5008 1836 5090 legit'Nannius.
1866 5008 1933 5074 Iri
1959 5019 2092 5076 aliis

446 5081 504 5138 et
528 5081 704 5158 editi}
734 5083 897 5139 deest
928 5083 980 5139 ἐν
1009 5086 1079 5156 τῇ
1106 5081 1300 5158 σκηνῇ.

516 5154 627 5225 (21)
657 5154 1015 5232 Seguerian..
1045 5154 1161 5232 ξκαὶ
1196 5154 1204 5156 -
1238 5154 1604 5232 ὗπερκοσμίου
1673 5156 1832 5232 δόξης
1900 5158 2086 5216 αὐτοῦ.

444 5225 794 5302 l_de_r_n__mox,
831 5247 896 5298 με
927 5227 1011 5302 σὺ,
1045 5230 1243 5302 Πάτερ,
1276 5225 1347 5285 ut
1371 5237 1427 5286 et
1455 5225 1706 5288 habetur
1747 5225 1917 5289 Joan.
1948 5250 2087 5302 xvn,

444 5295 689 5377 5.
712 5295 845 5353 vero
876 5306 933 5377 et
963 5295 1095 5377 alii,_
1119 5295 1201 5377 1.1.5.:
1217 5302 1409 5377 Πάτερ.

485 5368 1019 5493 ,(22)68εςυθι·ἰοη.,
1053 5368 1127 5426 εἶ’
1156 5370 1215 5427 δὲ
1269 5368 1369 5427 καῖ’
1415 5376 1528 5442 νῦν,
1564 5378 1622 5430 et
1665 5391 1818 5444 mox,
1880 5371 2086 5455 ἔκλινεν

485 5457 608 5493 υοαν
647 5461 697 5493 ν.

443 5457 697 5494 ουοανον.

513 5457 1075 5589 ῗὲἒῖῖέεειιενὶεηυρ,
1110 5515 1441 5573 Goblerian.
1476 5520 1533 5572 et
1563 5517 1891 5589 Felckman.
1932 5521 1978 5589 1,
2012 5518 2085 5573 εἴ·

432 5599 547 5711 ξίν.
584 5582 978 5670 Editi'etalii,
1029 5582 1207 5672 ἔσχεν.
1253 5589 1401 5645 Ibid.
1446 5592 1709 5662 Seguer.,
1742 5587 1937 5676 Κύριος
1967 5582 2088 5659 ’τῆς

476 5653 624 5711 όεης.
657 5659 853 5711 Ceteri
885 5664 943 5711 et
970 5661 1133 5711 editi-
1166 5657 1362 5711 Κύριος
1394 5655 1577 5711 δόξης-
1613 5662 1757 5711 Item
1816 5663 1958 5711 Ibid-
1990 5667 2088 5711 Sn-

476 5653 624 5735 όξης.
657 5658 857 5735 Ceteri
885 5653 1134 5735 e_t_editi',
1165 5653 1577 5735 detgeSéEnE.
1613 5653 1758 5735 item
1799 5653 1958 5735 ibid.
1990 5653 2088 5719 Sd-

445 5727 783 5802 guerianus,
817 5727 1151 5790 Goblerian.
1185 5727 1257 5789 et'
1300 5727 1482 5789 Felc.‘
1511 5727 1562 5805 1,
1621 5730 1844 5806 ὕψιστός
1899 5754 1959 5789 τε
1999 5740 2085 5805 ῆν.

2204 4731 2354 4787 Editi
2388 4730 2596 4804 etalii,
2627 4728 2852 4804 ὕψιστος
2883 4736 2970 4800 ἧν.

2273 4803 2387 4876 (24)
2416 4802 2684 4876 8_ic_mss.
2717 4809 2925 4874 praeter
2942 4802 3281 4876 Eelckm.__2,
3301 4802 3401 4876 qui
3422 4818 3561 4876 cum
3592 4802 3845 4859 editione

2202 4871 2484 4963 Οοέῑίξινῴξὶ.
2516 4871 2733 4958 habet;
2750 4876 2939 4963 μισθὸν
2967 4871 3278 4963 ξσχξνΛΥἱὸς
3306 4871 3395 4927 καὶ
3424 4871 3574 4963 916C.

2274 4948 2385 5037 (‘25)
2414 4945 2773 5072 SeguerianJ,
2807 4945 2884 5005 Οὐ
2927 4945 3365 5023 γὰρ’ὖὶνθρωπος,
3399 4947 3457 5002 et
3484 4945 3660 5019 paulo
3692 4951 3844 5017 post,

2201 5016 2314 5073 ἐπει
2347 5021 2436 5074 ὅτε
2463 5038 2496 5074 γ
2526 5037 2703 5074 γονεν.

2227 5039 2314 5073 πει
2347 5037 2436 5074 οτε
2463 5037 2703 5075 γεγονεν.

2274 5039 2314 5072 ει
2347 5037 2436 5074 οτε
2463 5037 2703 5092 γεγονεν.

2274 5093 2383 5163 (‘26)
2415 5090 2781 5160 Basiliensis,
2808 5088 3137 5163 Anglican,
3167 5086 3653 5163 παΛαιοὺςᾉλαοός.

2272 5158 2394 5238 (27)-
2415 5158 2780 5238 Seg_uerian.,
2811 5162 2846 5229 ἠ
2880 5158 3066 5238 ῗρᾳφῄ
3099 5159 3172 5222 ὥς
3202 5179 3386 5238 φησιν·
3430 5161 3458 5214 ὁ
3508 5158 3657 5238 Θεός.
3706 5164 3845 5232 Reg.

2199 5231 2592 5317 ἱιθιΡΛῼόιΘεόςλ
2610 5233 2756 5289 Editi
2791 5238 2858 5317 εἰ.
2878 5231 3065 5317 aliud]
3098 5231 3474 5317 Γραξρῄιφησι,
3506 5231 3660 5294 Θεός.

2274 5307 2379 5380 (28)
2410 5306 2503 5380 Sic
2561 5310 2797 5380 Seguer.
2829 5300 3063 5380 Atualii
3095 5300 3152 5361 et
3198 5300 3361 5373 editi,
3381 5300 3569 5374 ’πάσης
3589 5300 3849 5380 κτίσεως,

2200 5371 2877 5452 gxmv'tobg_ﬁpdv_a_6103.
2903 5375 3297 5452 _Ibid._omnes
3348 5371 3535 5452 mest,
3557 5374 3708 5435 υἱοὺς
3757 5373 3848 5428 καὶ

2200 5446 2380 5522 θεούς.
2420 5446 2596 5514 Εάίῐῖ,
2630 5447 2777 5509 υἱοὺς
2834 5446 2920 5500 ταὶ
2978 5446 3128 5505 Θεόν.
3190 5450 3331 5506 Item
3389 5448 3534 5505 ibid.
3584 5452 3846 5522 88311612,

2200 5519 2249 5572 οἱ
2280 5522 2495 5595 ,μετοχῇ
2527 5523 2759 5595 πρῶτοι.

2270 5586 2383 5664 (29)
2412 5586 2505 5647 Sic
2546 5586 2885 5664 Seguerian.
2914 5592 2987 5648 At
3040 5590 3139 5648 alii
3193 5607 3328 5648 cum
3388 5590 3586 5663 editis,
3637 5586 3772 5660 αὕτη
3804 5589 3840 5659 ἡ

2198 5658 2344 5734 δόξα,
2364 5658 2766 5740 ’παριξεόρὶσιᾳ
2790 5718 2801 5727 θ
