4090 6320
255 381 316 443 93
1364 383 1654 446 ORATIO
1696 384 1720 443 Ῑ
1766 382 2078 444 CONTRA
2120 381 2483 442 ARIANOS.
3545 381 3623 440 94

265 513 384 574 ὸλως
437 509 678 567 δύνανται
731 533 873 576 τινες
932 513 1222 590 ἐπιγνῶναι
1291 517 1500 591 Πατέρα
1569 518 1659 572 τὸν
1692 515 1852 583 Θεόνς

1980 532 2096 572 non
2130 520 2271 572 sunt
2300 515 2611 588 participes
2631 516 2658 570 ‘I
2676 516 2819 571 Vera
2838 516 3092 586 profecto
3112 528 3224 567 non
3248 515 3337 568 est
3357 515 3476 568 tam
3496 529 3618 581 per-

257 599 351 658 οὔτε
376 604 468 677 γὰρ
515 601 751 658 υἱοθεσία
968 605 1164 680 γένοιτ’
1215 606 1275 661 ἃν
1329 607 1506 682 χωρὶς
1563 611 1658 661 τοῦ
1716 603 1858 674 ἁλη-

191 698 233 742 9‘
257 694 372 745 θινοῦ
399 691 536 756 Που,
571 685 823 768 λέγονρος
863 693 1048 749 αὐτοῦ’
1111 693 1305 757 Οὐδεὶς
1364 695 1709 769 ἐπιγῖνώσκει
1763 695 1854 748 τὸν

257 780 446 852 Πατίρα,
478 779 520 834 εἰ
557 781 631 852 μή
665 781 693 834 6
728 782 868 847 Υἱὸς,
901 784 988 837 καὶ
1039 782 1086 855 ᾧ
1134 783 1192 838 ἂν
1242 785 1270 839 6
1324 786 1446 846 Υἱὸς
1505 782 1854 857 ἀποκαλύψῃ.

255 873 352 930 Πῶς
403 866 456 923 δὲ
507 871 620 942 (31)
679 870 767 924 καὶ
818 873 1130 944 Θεοποίησις
1174 875 1369 950 γένοιτ’
1428 874 1485 928 ἃν
1541 874 1715 949 χωρὶς
1760 877 1857 926 τοῦ

255 952 416 1032 Λόγου,
457 957 544 1012 καὶ
592 959 700 1032 πρὸ
747 959 932 1031 αύτοῦ,
983 961 1158 1016 καίτοι
1208 961 1462 1038 λὲγόντος
1505 961 1670 1016 αὐτοῦ
1721 961 1855 1034 πρὸς

250 1046 350 1102 τοὺς
394 1043 654 1124 ἀδελφοὺς
699 1050 905 1104 τούτων
957 1048 1270 1122 Ἰουδαίους,
1325 1051 1388 1108 Εἰ
1439 1051 1671 1112 ἐκείνους
1703 1049 1855 1111 Θεοῦς

251 1137 361 1203 εἶπε,
414 1136 545 1209 πρὸς
600 1137 691 1199 οῦς
753 1139 781 1192 6
855 1139 1030 1213 Λόγος
1107 1144 1203 1194 τοῦ
1273 1145 1406 1195 Θεοῦ
1483 1140 1733 1215 ἐγένετο;
1794 1138 1856 1193 Εἰ

251 1222 294 1278 δὲ
317 1223 488 1286 πάντες
545 1223 662 1280 ὅσοι
717 1225 828 1282 υἱοί
875 1249 931 1282 τε
978 1227 1067 1283 καὶ
1115 1230 1226 1284 Θεοί
1272 1227 1602 1300 ἐκλήθησαν,
1634 1228 1738 1283 εἴτε
1770 1227 1857 1283 ἐπὶ

248 1320 347 1388 γῆς,
399 1314 498 1369 εἶτε
557 1315 608 1370 ἐν
669 1315 939 1389 οὐρανοῖς,
998 1315 1086 1372 διὰ
1141 1323 1238 1373 τοῦ
1298 1317 1477 1393 Λόγου
1527 1320 1859 1388 υἱοποιήθη-

249 1423 321 1456 σαν
387 1403 468 1456 καὶ
545 1403 992 1476 ἐθεοποιήθησαν,
1073 1406 1232 1469 αὐτὸς
1310 1405 1367 1462 δὲ
1442 1410 1552 1481 (3‘3)
1626 1407 1653 1462 6
1736 1407 1860 1468 Υἱός

250 1490 362 1546 ἐστιν
413 1493 438 1546 6
499 1493 696 1568 Λόγος’
762 1492 930 1564 δῆλον
989 1497 1070 1551 ὅτι
1122 1494 1192 1551 δι’
1234 1497 1396 1552 αὐτοῦ
1473 1498 1566 1570 μὲν
1621 1498 1676 1550 οἱ
1730 1496 1859 1550 πάν-

248 1602 336 1650 τες,
365 1581 512 1645 αὐτὸς
541 1581 600 1638 δὲ
628 1585 734 1660 πρὸ
791 1584 1029 1658 πάντων,
1095 1585 1307 1658 μᾶλλον
1367 1586 1425 1641 δὲ
1486 1587 1650 1659 μόνον
1701 1585 1858 1647 αύτὸς

253 1669 474 1741 ἀληθινὸς
521 1673 664 1742 Υἱὸς,
713 1673 800 1728 καὶ
855 1671 1019 1747 μόνος
1059 1675 1117 1730 ἐκ
1143 1680 1239 1731 τοῦ
1272 1675 1535 1744 ἀληθινοῦ
1565 1681 1698 1731 Θεοῦ
1731 1676 1859 1738 Θεὸς

254 1760 476 1829 ἀληθινός
532 1761 675 1816 ἐστιν
711 1807 725 1830 ,
786 1763 848 1817 οὐ
927 1765 1112 1837 μισθὸν
1175 1767 1368 1838 ἀρετῆς
1427 1769 1592 1820 ταῦτα
1649 1760 1856 1834 λαϐὼν,

254 1846 353 1903 οὐδὲ
379 1847 540 1914 ἄλλος
571 1847 644 1905 ὤν
667 1853 814 1927 παρά
840 1857 1030 1919 ταῦτα,
1081 1853 1224 1909 ἀλλᾶ
1275 1855 1449 1932 φύσει,
1507 1856 1621 1908 κατ’
1671 1854 1858 1908 οὐσίαν

257 1935 315 1991 ὤν
336 1943 505 1996 “ruina.
560 1941 810 2014 Γέννημα
855 1943 956 2018 γὰρ
985 1949 1084 2012 τῆς
1134 1947 1232 1998 τοῦ
1275 1946 1388 2015 (33)
1423 1944 1629 2015 Πατρὸς
1679 1943 1862 2004 οὐσίας

257 2027 476 2102 ὑπάρχει,
526 2028 665 2086 ὥστε
699 2028 909 2102 μηδένα
954 2026 1345 2109 ἀμφιϐάλλιιν,
1378 2031 1461 2088 ὅτι
1516 2035 1636 2097 καθ’
1664 2032 1862 2106 ὁμοιόο

251 2137 366 2184 τητα
410 2123 502 2173 τοῦ
559 2119 829 2194 ἁτρέπτου
880 2121 1084 2196 Πατρὸς
1152 2119 1411 2196 ἅτρεπτός
1489 2121 1598 2176 ἐστι
1681 2122 1771 2176 καὶ
1832 2120 1859 2176 ὀ

249 2205 408 2280 Λόγος.

301 2385 375 2440 40.
404 2387 546 2449 Τέως
576 2389 674 2461 μὲν
709 2387 824 2460 οῦν,
853 2394 971 2451 ταῖς
1020 2390 1144 2464 περὶ
1174 2395 1271 2445 τοῦ
1297 2392 1425 2445 Υἱοῦ
1456 2389 1680 2452 ἐννοίαις
1711 2391 1860 2466 χρώ-

247 2494 391 2543 μενοι,
424 2473 595 2539 οὕτως
627 2479 764 2553 πρὸς
792 2479 887 2540 τὰς
908 2478 1141 2553 ἁλόγονς
1174 2479 1348 2534 αὐτῶν
1382 2479 1642 2544 ἐπινοίας,
1670 2480 1742 2541 ὡς
1775 2477 1859 2535 δέ-

246 2559 379 2617 δωκεν
409 2565 560 2628 αὐτὸς
620 2569 736 2639 (34)
788 2567 816 2620 6
868 2567 1086 2640 Κύριος,
1140 2570 1547 2642 ἁπηντήσαμεν·
1597 2568 1764 2625 καλὸν
1797 2567 1854 2624 δὲ

242 2651 308 2704 καὶ
343 2653 401 2706 τὰ
445 2655 557 2708 Θεῖα
620 2653 785 2730 λόγία
844 2657 1172 2732 παραθέσθαι
1229 2657 1445 2728 λοιπὸν,
1498 2656 1572 2712 ’ίν⁹
1627 2655 1705 2713 ἔτι
1761 2659 1850 2713 καὶ

243 2738 396 2794 πλεῖον
563 2748 664 2798 τοῦ
698 2745 793 2816 μὲν
831 2745 955 2799 Γιοῦ
982 2745 1044 2800 τὸ
1094 2747 1353 2822 ἄτρεπτον
1407 2745 1734 2823 ἀποδειχθῇ,
1762 2748 1851 2802 καὶ

243 2827 642 2896 ήᾶναλλοίωτος
674 2834 838 2888 αὑτοῦ
884 2837 1117 2909 πατρική
1150 2837 1327 2914 φύσις,
1358 2837 1565 2891 τούτων
1596 2835 1653 2892 δὶ
1684 2839 1718 2906 ἡ
1750 2858 1851 2891 xu-

243 2919 532 2993 ῑοφροσύνη.
584 2921 813 3000 Γράφων
857 2924 1035 2978 τοίνυν
1091 2922 1543 2996 Φιλιππησίοιςὸ
1591 2925 1848 2983 Ἀπόστο-

247 3005 320 3068 λὸς
372 3031 517 3088 φησιο
596 3017 768 3067 Τοῦτο
841 3012 1138 3090 φρονείσθω
1213 3013 1265 3068 ἐν
1336 3015 1484 3087 ὑμῖν,
1564 3015 1594 3069 6'
1650 3015 1737 3070 καὶ
1796 3013 1846 3068 ἐν

245 3098 425 3173 Χριστῷ
483 3102 689 3170 Ἰησοῦ,
741 3099 800 3163 ὃς
859 3101 909 3157 ἐν
970 3106 1155 3179 μορφῇ
1213 3107 1344 3158 Θεοῦ
1397 3104 1683 3179 ὑπάρχων,
1741 3105 1849 3181 οὑχ

245 3187 489 3263 ἁρπαγμὸν
549 3193 796 3267 ἡγήσατο
855 3191 919 3247 τὸ
989 3192 1119 3246 εἶναι
1190 3190 1285 3246 ictu
1349 3197 1484 3266 Θεῷ,
1545 3190 1670 3248 ἀλλ’
1728 3195 1848 3248 ἐαυ-

242 3278 309 3330 τὸν
361 3279 580 3335 ἐκένωσε
671 3282 887 3357 μορφὴν
950 3278 1152 3337 δούλου
1227 3276 1432 3350 λαϐὼν,

245 3387 344 3436 pra.
414 3371 710 3444 ἀνθρώπων
791 3371 1116 3444 γενόμενος,
1202 3370 1290 3424 καὶ
1374 3373 1620 3446 σχήματι
1701 3373 1854 3444 εὑρε-

242 3456 326 3516 θεὶς
377 3458 447 3519 ὠς
503 3458 813 3535 ἅνθρωπος.
875 3458 1256 3514 Ἐταπείνωσεν
1305 3461 1512 3531 ἑαυτὸν,
1562 3461 1852 3536 γενόμενος

242 3543 444 3613 ὑπήκοος
532 3549 702 3623 μέχρι
783 3547 1008 3603 θανάτου
1043 3593 1056 3618 ,
1144 3550 1372 3603 Θανατου
1457 3547 1515 3604 δὲ
1599 3530 1859 3624 σταυροῦ..

245 3636 318 3688 Διὸ
390 3637 477 3692 καὶ
556 3639 584 3693 6
659 3637 788 3699 Θεὸς
863 3638 1022 3693 αὑτὸν
1102 3638 1456 3714 ὑπερύψωσε,
1515 3640 1603 3694 καὶ
1664 3639 1851 3716 ἐχαρί-

242 3742 344 3777 σατο
420 3727 566 3798 αὑτῷ
673 3722 848 3800 ὄνομα
929 3729 989 3781 τὸ
1070 3728 1202 3802 ὑπὲρ
1287 3735 1389 3784 πᾶν
1474 3726 1689 3801 ὄνομα,
1765 3727 1856 3782 ’ἱνα

240 3808 278 3863 ἐν
327 3814 396 3886 τῷ
449 3815 681 3889 ὀνόματι
759 3816 938 3886 Ἰησοῦ
1010 3822 1114 3870 πᾶν
1192 3816 1325 3892 γόνυ
1375 3818 1564 3892 κάμψῃ
1622 3817 1855 3893 ἐπουρα-

241 3899 358 3958 νίων,
427 3903 514 3958 καὶ
604 3902 881 3978 ἐπιγείων,
969 3906 1057 3959 καὶ
1113 3905 1512 3981 καταχθονίων,
1567 3908 1655 3961 καὶ
1712 3914 1856 3962 πᾶσα

241 3987 429 4062 γλῶσσα
483 3992 958 4067 ἐξομολογήσηται
1017 3997 1130 4068 (36)
1164 4039 1177 4063 ,
1238 3995 1319 4048 ὅτι
1380 3995 1574 4072 Κύριος
1646 3998 1856 4067 Ἰησοῦς

243 4082 442 4150 Χριστὸς
499 4082 575 4144 εἰς
658 4079 812 4154 δόξαν
889 4087 1022 4138 Θεοῦ
1077 4084 1306 4158 Πατρός.
1364 4084 1431 4140 Τί
1486 4085 1680 4140 τούτου
1739 4086 1857 4142 λευ-

239 4166 422 4239 κότερον
469 4171 558 4225 καὶ
610 4169 1133 4247 ἁποδεικτικώτερον
1189 4172 1404 4247 γὲνοιτο
1450 4176 1559 4247 (37)
1621 4174 1717 4244 liv;
1777 4176 1855 4232 Ού

237 4256 315 4330 γὰρ
340 4257 386 4328 ἐξ
416 4258 718 4314 ἐλαττόνων
756 4257 988 4335 βελτίων
1035 4261 1273 4336 γέγονεν·
1308 4260 1453 4317 ἀλλὰ
1485 4261 1698 4335 μᾶλλον
1725 4264 1854 4326 Θεὸς

241 4343 462 4424 ὑπάρχων
517 4351 620 4418 τήν
681 4346 884 4404 δούλου
1114 4351 1329 4428 μορφὴν
1362 4347 1544 4421 ἔλαϐε,
1575 4351 1663 4406 καὶ
1695 4351 1745 4407 ἐν
1777 4357 1857 4425 τῷ

238 4429 420 4509 λαϐεῖν,
481 4441 582 4494 οῦκ
640 4433 950 4509 ἐϐελτιώθη
978 4483 992 4509 ,
1049 4437 1176 4494 ἀλλ’
1233 4438 1580 4496 ἐταπείνωσεν
1644 4441 1854 4499 ἑαυτόν.

177 4521 329 4576 *Ποῦ
350 4526 520 4582 τοίνυν
563 4526 618 4583 ἐν
680 4527 897 4589 τούτοις
961 4529 1150 4602 μισθὸς
1207 4527 1306 4622 γῆς
1360 4529 1575 4605 ἁρεαῆς,
1634 4532 1668 4599 ἢ
1725 4530 1855 4586 ποία

1970 623 2135 660 versa
2164 605 2380 677 opinio,
2414 607 2515 661 sed
2548 610 2946 660 commentum
2993 619 3193 657 eorum
3224 607 3312 657 est
3333 602 3426 672 qui
3463 618 3617 657 nunc

1961 695 2447 766 judaizant.Nam
2487 696 2537 749 si
2570 696 2650 750 ita
2681 699 2790 763 est,
2824 694 2923 765 qui
2946 692 3066 747 ﬁeri
3103 696 3293 764 potest
3343 696 3403 746 ut
3435 691 3616 747 Deum

1968 789 2198 839 Patrem
2232 785 2412 857 aliqui
2439 790 2761 856 agnoscant
2784 784 2811 836 ?
2845 784 2957 839 Nec
3014 782 3168 837 enim
3204 781 3438 851 adoptio
3493 781 3618 835 sine

1968 891 2101 929 vero
2137 873 2273 928 Filio
2308 874 2430 928 ﬁeri
2491 878 2698 945 potest,
2733 890 2864 927 cum
2915 871 3038 942 ipse
3090 870 3266 933 dicat,
3309 871 3471 925 Nemo
3525 887 3614 924 co-

1966 966 2182 1035 gnoscit
2211 965 2432 1017 Patrem
2464 965 2576 1017 nisi
2607 965 2804 1032 Filius,
2864 969 2914 1016 et
2969 961 3065 1015 cui
3119 959 3292 1013 Filius
3343 961 3615 1016 revelave-

1968 1054 2043 1107 rit
2072 1054 2111 1103 ².
2147 1054 2448 1117 Quomodo
2480 1053 2620 1106 item
2653 1053 2778 1106 sine
2820 1051 3002 1106 Verbo
3057 1052 3113 1102 et
3170 1052 3303 1101 ante
3367 1048 3612 1102 Verbum

1970 1142 2122 1198 Deus
2154 1141 2251 1213 qui
2283 1141 2431 1196 eflici
2458 1146 2651 1212 queat,
2687 1157 2819 1195 cum
2843 1139 2968 1210 ipse
3000 1138 3071 1192 ad
3101 1136 3332 1191 Judaaos
3365 1137 3612 1192 istorum

1969 1231 2175 1286 fratres
2207 1231 2288 1286 sic
2320 1230 2610 1300 loquatur,
2643 1230 2705 1284 Si
2735 1231 2858 1284 illos
2886 1229 3010 1283 deos
3039 1228 3182 1283 dixit
3223 1228 3298 1281 ad
3325 1243 3454 1300 quos
3493 1229 3616 1283 Ver-

1969 1320 2094 1374 bum
2128 1323 2234 1374 Dei
2259 1322 2470 1390 factum
2500 1328 2576 1375 est
2601 1320 2668 1374 3?
2725 1324 2900 1374 Porro
2957 1318 3002 1374 si
3065 1336 3292 1385 omnes,
3331 1322 3616 1388 quotquot

1968 1425 2099 1464 cum
2127 1409 2227 1462 ﬁlii
2264 1415 2386 1464 tum
2419 1408 2498 1462 dii
2523 1408 2795 1480 appellati
2831 1413 2970 1462 sunt
3000 1408 3119 1462 sive
3153 1409 3209 1462 in
3272 1407 3442 1462 terris
3497 1405 3616 1460 sive

1969 1497 2025 1552 in
2059 1498 2241 1564 ccelis,
2278 1515 2376 1569 per
2406 1499 2658 1553 Verbum
2691 1502 2748 1553 et
2796 1498 2898 1552 filii
2956 1503 3012 1552 et
3069 1497 3148 1552 dii
3207 1501 3347 1551 sunt
3403 1495 3612 1563 effecti,

1969 1587 2210 1659 ipseque
2243 1587 2423 1642 Filius
2455 1587 2705 1642 Verbum
2738 1593 2859 1642 est:
2909 1587 3283 1659 perspicuum
3315 1601 3457 1640 sane
3489 1585 3612 1639 fue-

1973 1676 2046 1732 rit
2074 1693 2278 1732 omnes
2306 1693 2408 1748 per
2440 1677 2632 1748 ipsum
2666 1676 2818 1730 filios
2850 1676 3022 1741 effici,
3058 1677 3253 1747 ipsum
3313 1690 3446 1729 vero
3480 1678 3614 1728 ante

1969 1782 2194 1836 omnes,
2227 1765 2345 1820 imo
2375 1783 2508 1821 vero
2538 1765 2726 1821 solum
2757 1782 2891 1820 eum
2932 1781 3128 1819 verum
3157 1763 3390 1832 Filium,
3423 1767 3481 1817 et
3519 1779 3614 1816 so-

1967 1855 2087 1910 lum
2123 1872 2190 1910 ex
2229 1855 2344 1910 Deo
2376 1872 2508 1910 vero
2530 1871 2729 1910 verum
2762 1855 2943 1909 Deum
2975 1869 3123 1918 esse,
3157 1868 3261 1907 nec
3285 1851 3610 1907 mercedem

1969 1945 2204 2000 virtutis
2227 1944 2347 1999 haec
2377 1944 2692 2016 accepisse,
2726 1960 2914 2015 neque
2964 1941 3145 1998 alium
3207 1942 3279 1997 ab
3317 1939 3435 1996 illis
3461 1955 3611 2006 esse,

1973 2035 2071 2090 sed
2108 2040 2315 2089 natura
2345 2038 2401 2089 et
2448 2032 2781 2088 substantia
2809 2032 2910 2086 illa
2964 2031 3095 2103 ipsa
3151 2046 3299 2085 esse.
3349 2033 3614 2100 Namque

1971 2123 2311 2179 substantiae
2346 2123 2528 2179 Patris
2578 2123 2730 2178 fetus
2761 2121 2886 2193 ipse
2916 2126 3023 2187 est,
3049 2121 3128 2175 ita
3187 2123 3249 2173 ut
3307 2117 3506 2173 nullus
3536 2118 3614 2172 sit

1969 2213 2277 2268 dubitandi
2313 2211 2637 2282 locus,quin
2671 2211 2738 2265 ad
2774 2210 2961 2265 Patris
2990 2206 3378 2264 immutabilis
3397 2206 3612 2262 simili-

1967 2303 2232 2358 tudinem
2265 2303 2342 2358 sit
2371 2318 2604 2374 quoque
2649 2300 2902 2356 Verbum
2933 2296 3321 2353 immutabile.

2038 2394 2124 2447 40.
2151 2393 2447 2448 Hactenus
2489 2390 2725 2462 quidem
2766 2389 2888 2444 Filii
2923 2387 3258 2444 notionibus
3313 2385 3608 2441 inbaaren-

1965 2487 2076 2546 tes,
2109 2481 2193 2537 sio
2227 2481 2500 2536 absurdis
2522 2478 2755 2534 illorum
2790 2476 3338 2547 commcntis,prout
3367 2474 3492 2546 ipse
3510 2475 3606 2529 de-

1962 2570 2050 2625 dit
2083 2570 2382 2636 Dominus,
2415 2569 2798 2624 occurrimus.
2829 2567 2954 2621 .lam
2989 2581 3121 2620 vero
3155 2563 3486 2636 praestiterit
3517 2563 3605 2617 di-

1961 2660 2095 2715 vina
2123 2674 2407 2731 exponere
2439 2656 2769 2725 oracula,ut
2796 2661 2852 2711 et
2873 2655 2997 2710 Filii
3029 2652 3607 2708 immutabilitasma-

1959 2749 2049 2821 gis
2079 2750 2480 2815 confirmetur,
2502 2748 2697 2818 sitque
2726 2744 3083 2817 exploratius
3142 2748 3443 2814 paternam
3477 2743 3605 2812 ejus

1961 2843 2231 2893 naturam
2251 2836 2596 2892 mutationis
2627 2851 2752 2890 esse
2777 2839 3092 2906 expertem,
3124 2837 3181 2886 et
3229 2831 3446 2887 clarius
3476 2831 3602 2885 illo-

1958 2943 2090 2982 rum
2121 2930 2396 2997 appareat
2417 2925 2782 2996 improbitas.
2809 2925 3010 2994 ltaque
3040 2922 3132 2977 his
3163 2922 3351 2977 verbis
3382 2922 3452 2976 ad
3478 2921 3601 2976 Phi-

1956 3015 2254 3088 lippenses
2284 3015 2487 3070 scribit
2535 3012 2885 3086 Apostolus:
2930 3013 3034 3068 Hoc
3061 3029 3155 3068 vos
3209 3014 3422 3078 sentite,
3464 3011 3605 3082 quod

1958 3113 2010 3160 et
2041 3104 2285 3160 Christus
2320 3106 2494 3174 Iesus,
2527 3105 2620 3176 qui
2648 3119 2772 3158 cum
2804 3104 2865 3157 in
2919 3103 3098 3172 forma
3148 3103 3245 3156 Dei
3298 3104 3460 3168 esset,
3492 3116 3600 3155 non

1959 3197 2215 3266 rapinam
2267 3195 2574 3250 arbitratus
2627 3201 2706 3248 est
2761 3208 2871 3248 esse
2930 3208 2986 3246 se
3041 3191 3320 3262 aequalem
3353 3191 3480 3258 Deo,
3512 3190 3606 3244 sed

1521 3281 1570 3336 ἐν
1644 3283 1852 3356 ὁμοιώ-
1883 3283 1925 3349 C
1961 3287 2313 3356 semetipsum
2334 3283 2863 3356 exinanivit,forma
2886 3283 3032 3336 servi
3055 3281 3493 3352 acrepta,simitis
3511 3281 3606 3334 ho-

1963 3377 2180 3429 minum
2194 3373 2404 3446 factus,
2429 3382 2479 3429 et
2506 3375 2686 3443 ﬁgura
2719 3374 2972 3437 intentus
3016 3379 3076 3425 ut
3113 3371 3287 3425 homo.
3323 3367 3604 3424 Humilia-

1962 3465 2038 3519 vit
2081 3465 2448 3534 semetipsum,
2508 3462 2689 3536 factus
2735 3461 2988 3516 obcdieus
3039 3476 3207 3531 usque
3245 3459 3315 3513 ad
3358 3468 3606 3523 mortem,

1964 3556 2191 3608 mortem
2225 3560 2407 3607 autem
2436 3554 2631 3606 crucis.
2689 3551 2895 3605 Idcirco
2942 3558 2992 3604 et
3050 3550 3186 3604 Deus
3241 3549 3512 3604 exultavit
3539 3547 3610 3601 il-

1969 3641 2107 3710 lum,
2140 3647 2195 3697 et
2225 3641 2447 3696 donavit
2475 3641 2565 3695 illi
2602 3656 2797 3695 nomen
2829 3639 2973 3710 quod
3001 3645 3080 3692 est
3128 3654 3294 3709 super
3318 3652 3481 3693 omne
3510 3651 3607 3689 no-

1963 3735 2174 3796 men,ut
2205 3731 2264 3784 in
2294 3732 2664 3787 nominelesu
2681 3745 2994 3797 omnegenu
3015 3730 3267 3798 ﬂectatur
3284 3726 3608 3790 cwlestium,

1964 3806 2323 3877 terrestrium
2340 3824 2390 3874 et
2421 3822 2782 3890 infernarum,
2815 3822 2866 3873 et
2895 3819 3073 3872 omnis
3110 3816 3304 3887 lingua
3345 3815 3610 3884 con/itea-

1964 3919 2056 3967 tur
2083 3911 2221 3982 quod
2253 3911 2514 3964 Dominus
2542 3911 2691 3964 Jesus
2747 3909 2988 3964 Christus
3044 3909 3105 3961 in
3155 3906 3333 3975 gloria
3388 3909 3465 3959 est
3517 3905 3614 3958 Dei

1965 4002 2148 4056 Patris
2176 4001 2215 4054 ‘.
2249 3999 2396 4065 Quid
2429 3998 2521 4053 his
2544 3997 2902 4053 luculentius
2932 4001 2987 4051 et
3017 3995 3344 4050 evidentius
3365 3993 3610 4066 proferri

1965 4089 2201 4163 potest?
2229 4087 2342 4144 Nec
2373 4087 2526 4142 enim
2559 4105 2626 4142 ex
2673 4084 3221 4152 deterioreff'melior
3250 4084 3440 4138 factus
3469 4088 3558 4138 est
3592 4099 3604 4136 :

1965 4179 2064 4234 sed
2099 4178 2290 4248 potius
2321 4193 2453 4232 cum
2489 4181 2639 4230 Deus
2669 4180 2842 4234 esset.
2879 4175 3124 4228 formam
3181 4171 3330 4226 servi
3363 4171 3605 4242 accepit,

1963 4267 2024 4322 in
2056 4284 2172 4338 qua
2201 4265 2540 4338 accipienda
2572 4281 2686 4319 non
2733 4263 2940 4318 melior
2971 4267 3060 4318 est
3091 4261 3352 4328 effectus,
3384 4260 3485 4315 sed
3519 4275 3612 4315 se-

1966 4356 2282 4427 metipsum
2318 4353 2784 4409 bumiliavit.Ubi
2816 4353 2994 4424 igitur
3022 4350 3116 4406 hic
3139 4367 3362 4407 merces
3378 4349 3612 4404 virtutis

1965 4450 2074 4516 est,
2108 4443 2192 4500 vel
2226 4443 2418 4516 qualis
2443 4459 2788 4516 progressus
2820 4441 3062 4514 qualeve
3093 4442 3148 4495 in
3183 4439 3391 4496 melius
3421 4439 3609 4494 incre-

1966 4538 2228 4589 mentum
2264 4534 2320 4588 in
2352 4531 2695 4604 hujusmodi
2729 4531 3134 4586 bumiliatione
3164 4529 3191 4584 ?
3221 4529 3366 4585 Nam
3391 4528 3436 4584 si
3463 4545 3612 4597 qua-

238 4617 451 4685 προκοπη
480 4621 571 4672 καὶ
602 4615 893 4693 βελτίωσις
941 4615 992 4670 ἐν
1037 4604 1402 4686 ταπεινώσει,
1452 4618 1514 4672 Εἰ
1563 4619 1666 4695 γὰρ
1720 4621 1849 4682 Θεὸς

1970 4627 2135 4678 tenus
2167 4639 2298 4678 cum
2332 4623 2486 4678 Deus
2529 4620 2910 4691 esset,§bomo
2931 4622 3120 4676 factus
3151 4623 3259 4686 est,
3292 4625 3349 4674 et
3378 4635 3446 4674 ex
3475 4617 3608 4673 alti-

289 4713 307 4745 ²
331 4714 520 4772 Matth.
555 4735 637 4783 χι,
658 4719 748 4772 27.
781 4717 990 4774 8.loan.
1021 4735 1076 4784 χ,
1115 4719 1206 4773 35.
1241 4719 1263 4752 ⁴
1294 4718 1577 4791 Philippe.
1613 4737 1675 4786 ιι,
1705 4721 1860 4776 5-H.

243 4811 384 4888 “(30)
412 4813 1006 4888 §egueriau.,_oi$1:wc
1064 4820 1099 4885 ἡ
1160 4813 1420 4878 υἱοθεσία.
1475 4817 1662 4888 Paulo
1715 4823 1845 4888 post

241 4879 389 4970 item».
413 4879 557 4970 “es:
581 4879 914 4970 αρδιέτίαρο
950 4879 1202 4970 teletae:
1236 4890 1260 4942 ι
1289 4889 1414 4970 ξιξ
1445 4886 1494 4970 5P
1633 4879 1838 4970 τινες

347 4950 600 5038 et‘editio
630 4959 937 5038 Commel.,
973 4959 1019 5014 εἴ
1049 4960 1077 5014 ὁ
1110 4950 1253 5020 Υἱός.
1288 4950 1632 5016 lbid.Felcl{.
1664 4963 1720 5032 5,
1752 4961 1841 5014 καὶ

239 5027 273 5090 ᾧ
371 5027 517 5103 αὴὸς
550 5027 897 5103 ἀποκαλύψῃ.

291 5096 385 5217 (31)
410 5101 497 5157 Sic
529 5103 774 5175 Seguer.
819 5096 883 5159 et
915 5103 1054 5176 Reg.
1104 5103 1215 5159 Alii
1247 5107 1304 5160 et
1333 5102 1494 5173 editi,
1526 5105 1643 5164 πῶς
1679 5099 1747 5156 δι’
1779 5101 1838 5156 ἂν

235 5183 322 5220 και.

287 5239 380 5311 (32)
406 5243 494 5298 Sic
521 5247 862 5318 SeguersAt
889 5244 985 5300 alii
1017 5249 1076 5300 et
1097 5244 1241 5318 editi
1275 5241 1332 5318 δέ
1358 5245 1659 5318 omittunt.
1689 5245 1838 5312 Ibid,

235 5309 429 5434 ξςξοεν,
460 5321 518 5372 et
547 5309 712 5400 REg.,
765 5316 793 5369 6
841 5323 1038 5400 Λογος·
1093 5312 1262 5384 δῆλον
1297 5315 1401 5372 ὅτι.
1443 5317 1672 5397 Habent
1701 5309 1840 5372 item

236 5393 283 5434 δη
307 5403 369 5434 ιον
400 5386 476 5434 ὁτι
525 5388 702 5434 anL
749 5389 971 5434 Analm-
1024 5392 1082 5434 at
1111 5388 1255 5434 Fnln-
1289 5391 1342 5434 5-
1385 5393 1453 5434 At
1482 5388 1577 5434 alii
1613 5393 1671 5434 nt
1699 5389 1839 5434 ediL

236 5384 369 5460 ξῆλον
400 5384 476 5460 ὅτι
525 5384 707 5460 Basili
746 5384 1000 5460 Αιιειὶῥ.Δ
1024 5392 1082 5460 et
1107 5388 1258 5444 Felc.
1289 5391 1342 5445 5.
1378 5393 1453 5443 At
1482 5388 1580 5443 alii
1613 5393 1671 5444 et
1699 5389 1839 5460 edit.

237 5451 497 5534 gommel"
593 5458 764 5534 Λόγος
790 5451 880 5534 καὶ
913 5455 1193 5534 δηλόνοτι.
1229 5461 1356 5534 Mox
1399 5457 1840 5534 Seguer.,‘pﬁl-

239 5481 497 5530 ρυωωωη
529 5481 558 5511 ο
593 5481 764 5534 Λογος
790 5481 880 5513 και
913 5481 1193 5528 οηΛονοτι.
1229 5481 1356 5516 mox
1399 5481 1660 5531 magneta,
1742 5481 1840 5513 αΛ·

358 5522 410 5580 δὲ
467 5528 633 5601 μόνον
689 5529 872 5592 αὐτός.
933 5532 1086 5587 Editi
1143 5538 1200 5588 et
1248 5533 1372 5603 alii,
1420 5529 1631 5603 μᾶλλον
1667 5481 1842 5586 ὃὸιαύ-

241 5611 307 5655 τος
316 5639 326 5651 .

295 5668 389 5743 (33)
416 5675 773 5748 Seguerian.,
803 5667 877 5726 ὥν
909 5677 1095 5748 ταῦτα,
1124 5673 1387 5748 γέννημα-
1405 5679 1514 5748 ,τῆς
1560 5676 1690 5748 τοῦ-,⁸
1729 5678 1838 5748 etc.

243 5737 527 5820 Ιὰξιῃίωοί
546 5749 619 5820 et
646 5737 785 5820 ειυς.
817 5737 1209 5820 Anglican.:et
1238 5737 1538 5820 Basilica,
1563 5737 1706 5820 μηδὲ
1732 5744 1840 5820 ᾀμ-

245 5805 407 5879 eum
419 5833 514 5873 ειν.
546 5805 888 5891 Ρεοιοᾍοει
908 5805 1095 5877 ἒάὶῑὶο
1124 5817 1404 5877 Commel.
1436 5805 1716 5876 mendose
1735 5805 1837 5876 h'a-

1953 4820 2068 4886 bet,
2105 4817 2364 4893 ἄτρεπτός
2397 4817 2506 4873 ἐστι
2539 4816 2662 4893 περὶ
2696 4817 2784 4872 καὶ
2818 4819 2846 4872 6
2881 4817 3077 4891 Λόγος.
3107 4818 3216 4872 Sed
3267 4815 3390 4889 περὶ
3445 4815 3609 4872 abest

1950 4893 2023 4948 ab
2055 4892 2332 4946 omnibus
2361 4909 2507 4948 mss.

2165 4962 2781 5044 §icmb‘eguer..(‘n_obler.
2817 4959 3048 5044 et'Felc.
3365 4975 3496 5042 vero
3549 4966 3606 5014 et

1950 5030 2125 5107 editi,
2149 5033 2222 5095 ὡς
2255 5030 2486 5088 δέδωκεν
2529 5033 2556 5086 ὁ
2588 5033 2805 5107 Κύριος,
2841 5030 3046 5091 αὐτοῖς.
3083 5031 3223 5086 Ibid.
3260 5031 3598 5103 Seguerian.

1951 5105 2344 5177 ἀπαντήσωμεν
2355 5149 2366 5161 .

2025 5171 2380 5250 (35)'Seguer
2437 5177 2666 5250 Gobler.
2719 5181 2776 5230 et
2824 5175 3074 5229 Felckm.
3129 5176 3176 5241 1,
3226 5171 3412 5250 πλέον.
3453 5174 3598 5250 Editi

1953 5243 2184 5314 et'alii,
2239 5243 2456 5305 ἶτλεῖον.
2517 5247 2876 5318 Ρουὶοίροει
2923 5252 3186 5318 Seguer..
3236 5243 3442 5299 τούτων
3476 5264 3534 5298 τε
3565 5246 3599 5312 ἡ

1951 5321 2352 5410 κακορροσύνη.
2383 5319 2604 5410 Γρίφων
2637 5315 2816 5372 τοίνυν
2851 5315 3195 5410 Φιλιππίοις.

2130 5400 2136 5410 .
2167 5400 2198 5410 η
2547 5393 2630 5410 .,.,
2759 5396 2802 5410 -.
2862 5394 2928 5410 η-
3181 5391 3194 5410 .

2025 5383 2140 5464 (36)
2167 5383 2431 5464 Seguer.,
2459 5383 2690 5448 beler.
2750 5396 2806 5446 et
2862 5390 3118 5446 Felckm.
3176 5391 3226 5458 1,
3260 5383 3597 5461 ἐξομολογή-

1951 5483 2120 5519 σεται.

2019 5538 2130 5607 (37)
2161 5536 2249 5590 Sic
2281 5541 2516 5606 Seguer.
2561 5532 2669 5587 Alii
2721 5540 2918 5588 autem
2977 5537 3034 5588 et
3091 5531 3252 5597 editi,
3299 5528 3356 5583 ἂν
3418 5529 3597 5605 γένοι-

1947 5625 2030 5661 το.

1950 5745 1982 5804 λ
2019 5679 2132 5749 (38)
2163 5678 2534 5750 'I‘eguerian.,
2566 5675 2663 5743 τὴν
2707 5671 2928 5729 δούλου.
2956 5675 3126 5744 Editi,
3176 5675 3274 5742 τήν
3334 5676 3430 5727 τοῦ
3460 5670 3588 5727 δού-

1989 5768 2070 5804 ου.

1989 5768 2070 5805 ου.
