4090 6324
395 371 474 434 95
965 372 1030 432 s.
1079 356 1506 433 ATHANASII
1547 372 1722 432 OPP.
1772 373 1968 434 rans
2012 370 2059 432 ι.
2093 405 2170 417 -
2202 373 2617 436 HISTORICA
2659 374 2759 434 E'l‘
2801 371 3285 434 DOGMA'I‘ICA.
3733 369 3811 430 96

400 503 611 560 tudine
659 502 978 572 descendit,
1033 501 1274 558 exaltari
1336 502 1584 560 dicitur.
1642 521 1778 576 quo,
1827 519 2047 576 quaeso,

2186 499 2262 566 ὗν,
2292 505 2512 579 γέγονεν
2571 504 2878 578 ἄνθρωπος,
2924 501 3036 570 καὶ,
3086 499 3137 572 ἐξ
3187 499 3353 574 ὂψους
3409 494 3668 570 καταϐὰς,
3718 497 3807 554 λέ-

403 591 601 650 extolli
634 593 754 647 sive
784 590 1020 647 exaltari
1048 596 1237 664 potest
1268 592 1318 648 is
1354 592 1454 663 qui
1490 594 1638 648 Deus
1695 593 1828 672 est?
1881 593 1960 647 Ex
1989 607 2056 646 eo

405 682 564 740 enim
599 681 753 754 quod
785 681 940 736 Deus
971 680 1048 735 sit
1077 679 1426 740 altissimus.
1455 681 1639 754 liquet
1667 683 1794 751 ejus
1825 697 2057 752 quoque

403 771 664 827 Verbum
691 770 1022 826 necessario
1053 786 1182 824 esse
1214 769 1593 826 altissimum.
1619 771 1742 835 Quo
1805 786 1942 842 ergo
1973 768 2056 825 al-

402 862 522 916 tius
555 857 746 915 extolli
781 859 974 930 potuit
1001 858 1053 912 is
1085 859 1184 930 qui
1214 859 1270 912 in
1305 863 1474 914 Patre
1517 864 1625 926 est,
1657 865 1713 915 et
1757 859 1944 914 Patris
1969 863 2060 913 est

405 949 466 1005 in
497 948 776 1004 omnibus
816 946 1206 1003 simillimus?
1259 948 1456 1020 Itaque
1505 947 1666 1002 nullo
1701 949 2057 1004 incremento

407 1055 556 1110 opus
588 1037 896 1104 babet,nec
927 1037 976 1092 is
997 1043 1089 1092 est
1116 1053 1291 1108 quem
1326 1036 1470 1092 falso
1505 1040 1887 1109 suspicantur
1908 1037 2061 1092 Aria-

409 1128 490 1184 ni.
524 1127 668 1182 Nam
701 1125 752 1182 si
783 1131 847 1182 ut
868 1125 1502 1188 exaltaretur,Verbum
1530 1127 1851 1194 descendit,
1884 1126 2060 1196 idque

401 1216 632 1272 indicat
649 1214 948 1286 Scriptura
973 1232 986 1270 :
1008 1214 1146 1286 quid
1178 1218 1303 1269 erat
1340 1231 1579 1271 necesse
1609 1216 1872 1286 seipsum
1904 1215 2052 1270 851

402 1304 738 1372 humiliore,
773 1308 838 1358 ut
858 1301 914 1357 id
947 1303 1099 1374 quod
1131 1303 1250 1372 jam
1275 1301 1528 1358 habebat
1557 1305 1817 1374 accipere
1847 1306 2060 1360 nitere-

407 1393 548 1450 tur?
577 1395 763 1460 Quam
790 1407 960 1464 porro
988 1391 1238 1462 gratiam
1271 1393 1490 1464 accepit
1515 1392 1640 1464 ipse
1699 1396 1898 1465 gratia;
1955 1399 2060 1454 da-

408 1485 503 1538 tor
525 1481 554 1536 ?
583 1485 702 1536 Aut
728 1481 1020 1550 quomodo
1056 1497 1414 1552 nomen,quo
1446 1483 1806 1550 adoreretur,
1842 1487 2062 1557 accepit

405 1571 480 1637 is,
515 1571 614 1644 qui
647 1586 879 1642 semper
906 1586 1014 1626 suo
1047 1569 1284 1624 nomine
1318 1569 1429 1626 fuit
1468 1571 1832 1642 adoratus,et
1862 1592 2062 1647 quem,

405 1671 721 1731 antequam
747 1658 935 1713 factus
967 1662 1124 1714 esset
1153 1657 1344 1724 homo,
1387 1659 1574 1715 sancti
1629 1660 1787 1718 hisce
1817 1663 2061 1721 vocibus

402 1749 792 1806 invocabant:
825 1749 982 1817 Deus,
1011 1749 1070 1802 in
1109 1749 1332 1803 nomine
1359 1752 1455 1803 tuo
1504 1749 1720 1804 salvum
1757 1767 1844 1807 me
1871 1754 1960 1816 fac
1987 1754 2009 1788 ⁸
2042 1771 2056 1820 ;

404 1841 480 1904 et,
526 1839 592 1894 Hi
619 1839 678 1891 in
709 1837 963 1894 curribus
991 1839 1044 1892 et
1073 1836 1134 1892 hi
1162 1839 1222 1892 in
1273 1840 1446 1908 equis,
1501 1853 1600 1894 nos
1655 1849 1839 1895 autem
1869 1843 1932 1896 in
1961 1857 2059 1898 no-

407 1929 560 1983 mine
589 1927 810 1983 Domini
844 1927 940 1980 Dei
957 1927 1139 1981 nostri
1177 1926 1708 1997 magniﬁcabimur‘.
1744 1930 1888 1984 Eum
1921 1947 2060 2002 ergo

405 2015 753 2090 patriarchae
783 2015 1126 2072 adorabant.
1143 2015 1224 2070 De
1255 2014 1482 2087 angelis
1513 2033 1747 2089 quoque
1773 2017 2060 2090 scriptum

409 2110 522 2175 est,
553 2107 614 2162 Et
642 2105 880 2161 adorent
899 2118 1030 2160 eum
1061 2120 1246 2160 omnes
1275 2106 1464 2176 angeli
1492 2106 1590 2160 Dei
1616 2107 1654 2160 ⁷.

485 2285 573 2339 41.
604 2283 766 2351 Quod
799 2281 872 2349 si,
904 2286 971 2338 ut
1000 2283 1178 2338 etiam
1225 2283 1384 2338 canit
1415 2283 1594 2340 David
1627 2284 2066 2358 septuagesimo

413 2373 606 2447 primo
635 2371 887 2445 psalmo,
919 2373 1055 2428 Ante
1105 2373 1274 2428 solem
1325 2377 1611 2444 permanet
1667 2389 1869 2430 nomen
1925 2376 2064 2447 ejus,

411 2467 464 2518 et
493 2467 624 2518 ante
653 2463 848 2516 lunam
887 2462 947 2516 in
987 2463 1370 2530 generationes
1397 2463 1877 2533 generationum“:
1915 2479 2067 2534 quo-

417 2552 591 2608 modo
621 2551 848 2622 accepit
875 2551 1030 2622 quod
1063 2565 1298 2623 semper
1327 2550 1554 2618 habuit,
1603 2569 1670 2608 ac
1720 2553 2067 2625 priusquam

419 2657 576 2697 nunc
611 2639 756 2696 illud
787 2640 983 2712 ipsum
1024 2640 1312 2711 acciperet
1340 2641 1370 2696 ‘I
1391 2641 1490 2696 Vel
1525 2643 1819 2713 quomodo
1849 2641 2067 2697 exalta-

419 2735 520 2788 tur
541 2729 718 2800 is,qui
743 2733 1058 2799 antequam
1082 2727 1438 2784 exaltaretur
1457 2735 1581 2784 erat
1597 2729 2072 2786 altissimus?Aut

424 2819 716 2892 quomodo
749 2819 950 2874 datum
968 2822 1058 2872 est
1096 2816 1180 2872 illi
1214 2822 1277 2872 ut
1306 2819 1379 2874 ab
1409 2817 1540 2874 aliis
1573 2819 1934 2887 adoreretur,
1969 2821 2070 2892 qui

420 2909 597 2966 etiam
631 2913 948 2978 antequam
984 2906 1142 2962 hunc
1169 2906 1448 2963 honorem
1481 2925 1636 2963 nunc
1686 2924 2067 2981 consequere-

417 3003 480 3054 tu
491 2998 822 3064 r,adoratus
851 3011 1085 3068 semper
1103 3003 1194 3052 est
1214 2995 1242 3050 ?
1258 2997 1379 3054 Non
1408 3002 1498 3052 est
1517 2998 1788 3070 aenigma,
1811 2998 1911 3054 sed
1943 3015 2068 3070 my-

418 3087 554 3159 steri
565 3102 661 3141 um
676 3085 833 3140 divin
844 3103 874 3140 u
887 3101 941 3140 m
968 3100 982 3141 :
1009 3087 1068 3142 In
1083 3087 1359 3157 principio
1377 3095 1494 3142 erat
1514 3088 1820 3155 Verbum,et
1840 3087 2070 3142 Verbum

417 3180 537 3233 erat
556 3177 701 3247 apud
732 3177 922 3240 Deum,
955 3179 1005 3231 et
1035 3176 1178 3231 Deus
1197 3180 1317 3232 erat
1353 3177 1586 3232 Verbum
1605 3178 1658 3247 9;
1721 3177 1874 3248 quod
1907 3177 2065 3232 idem

2092 1887 2142 1952 B

2165 613 2316 667 γεται
2352 593 2634 666 ὑψοῦσθαι,
2665 596 2770 646 ποῦ
2802 592 3028 665 ὑψοῦται
3059 590 3186 652 Θεὸς
3237 585 3311 644 ὤν
3342 609 3355 658 ;
3414 583 3598 659 Δήλου
3654 582 3810 650 ὄντος

2165 679 2329 735 πάλιν
2362 679 2578 750 τούτου,
2635 680 2739 750 ὅτι,
2795 685 2892 735 τοῦ
2948 684 3083 735 Θεοῦ
3126 682 3239 753 (39)
3273 678 3497 752 ὑψίστου
3529 677 3700 749 1ὄντος,
3761 675 3812 748 ἐξ

2167 771 2401 846 ἀνάγκης
2433 770 2566 824 εἶναι
2596 767 2680 824 δεῖ
2708 770 2795 824 καὶ
2825 769 2916 824 τὸν
2945 769 3139 824 τούτου
3171 767 3344 843 Λόγον
3398 764 3644 840 ὕψιστον.
3701 769 3811 820 Ποῦ

2169 857 2260 913 οὖν
2289 857 2478 914 πλεῖον
2530 861 2677 935 εἶχεν
2729 859 3008 932 ὑψωθῆναι
3059 858 3088 911 6
3137 855 3190 910 ἐν
3245 859 3322 927 τῷ
3353 854 3523 929 Πατρὶ
3566 850 3664 926 ὤν,
3721 858 3811 908 καί

2168 947 2362 1020 ὅμοιος
2393 949 2528 1003 κατὰ
2556 947 2728 1003 πάντα
2757 953 2852 1002 τοῦ
2893 947 3143 1023 Πατρόςς
3178 945 3388 1003 Οὐκοῦν
3434 945 3610 1014 πάσης
3642 963 3810 1018 προσ-

2171 1040 2344 1109 θήκης
2389 1035 2692 1114 ἀπροσδεής
2745 1037 2876 1108 ἐςτι,
2914 1037 3004 1092 καὶ
3054 1036 3153 1091 οὐκ
3181 1034 3344 1105 ἔστιν,
3380 1035 3454 1089 ὡς
3488 1035 3813 1088 ὑπονοοῦσιν

2170 1128 2226 1181 οἱ
2268 1127 2558 1204 Ἀρειανοί.
2591 1126 2656 1181 Εἰ
2687 1127 2790 1202 γὰρ
2823 1122 2912 1180 διὰ
2954 1126 3016 1179 τὸ
3063 1125 3344 1198 ὑψωθῆναι
3383 1115 3753 1191 καταϐέϐηκεν
3785 1122 3814 1174 ὁ

2171 1217 2370 1292 Λόγος,
2422 1215 2510 1271 καὶ
2558 1220 2724 1271 ταῦτα
2773 1217 3070 1291 γέγραπται
3117 1216 3249 1288 (40).
3279 1213 3361 1274 τίς
3390 1211 3549 1286 χρεία
3573 1213 3640 1280 ἧν
3672 1209 3818 1271 ὅλως

2169 1307 2258 1362 καὶ
2305 1310 2632 1360 ταπεινῶσαι
2688 1305 2898 1374 ἑαυτὸν,
2963 1301 3056 1358 ’ίνα
3110 1307 3271 1358 τοῦτο
3349 1303 3556 1376 ζητήσῃ
3629 1294 3816 1355 λαϐεῖν

2172 1391 2303 1471 ὅπερ
2336 1395 2488 1470 εἶχες
2521 1393 2688 1450 Ποίαν
2721 1391 2779 1448 δὲ
2807 1393 2896 1447 καὶ
2929 1392 3090 1467 χάριν
3121 1387 3311 1447 ἔλαϐεν
3365 1392 3394 1445 ὁ
3441 1397 3540 1460 τῆς
3589 1389 3818 1466 χάριτος

2173 1483 2345 1559 Sor/,9
2371 1503 2385 1554 ;
2417 1485 2486 1539 "H
2517 1488 2633 1546 πῶς
2665 1477 2828 1539 ἔλαϐε
2854 1482 2917 1537 τὸ
2947 1477 3123 1554 ὄνομα
3160 1479 3237 1542 είς
3277 1480 3340 1536 τὸ
3385 1479 3817 1554 προσκυνεῖσθαι,

2172 1575 2200 1630 6
2230 1574 2314 1629 ἀεὶ
2345 1573 2400 1628 ἐν
2427 1571 2508 1646 τῷ
2536 1572 2763 1645 ὀνόματι
2802 1571 2968 1626 αὑτοῦ
3020 1568 3516 1644 προσκυνούμενος.
3561 1568 3662 1623 Καὶ
3692 1566 3820 1642 πρὶν

2172 1663 2395 1742 γένηται
2445 1666 2576 1738 γοῦν
2627 1659 2935 1735 ἅνθρωπος,
2982 1656 3388 1736 παρακαλοῦσιν
3443 1658 3496 1712 οἱ
3540 1659 3708 1734 ἅγιον
3759 1657 3822 1713 Ὁ

2173 1753 2302 1814 Θεὸς
2361 1751 2416 1806 ἐν
2468 1756 2546 1822 τῷ
2601 1750 2831 1822 ὀνόματί
2897 1769 2992 1804 σου
3050 1747 3225 1804 σῶσόν
3304 1767 3412 1821 με.
3472 1746 3570 1801 Καὶ
3630 1743 3816 1800 πάλιν·

2172 1840 2336 1900 Οὗτοι
2368 1840 2422 1896 ἐν
2449 1839 2650 1913 ἅρμασι
2683 1841 2818 1912 (41),
2851 1837 2940 1893 καὶ
2974 1835 3122 1892 οὗτοι
3154 1835 3207 1891 ἐν
3231 1835 3449 1904 ἵπποις,
3481 1837 3644 1907 ἡμεῖς
3677 1831 3735 1890 δὲ
3765 1833 3819 1888 ἐν

2176 1930 2398 2004 ὀνόματι
2433 1928 2628 2006 Κυρίου
2660 1935 2795 1983 Θεοσ
2823 1929 2986 2000 ἡμῶν
3017 1923 3558 2000 μεγαλυνθησόμεθα·
3592 1923 3680 1978 καὶ
3714 1923 3819 1978 ὑπὸ

2177 2020 2273 2094 μὲν
2301 2023 2409 2074 τῶν
2439 2021 2792 2093 πατριαρχῶν
2824 2020 3239 2094 προσεκυνεῖτοζ
3278 2013 3402 2090 περὶ
3433 2011 3491 2068 δὲ
3518 2017 3626 2068 τῶν
3655 2012 3821 2088 ἀγγε-

2176 2089 2287 2165 λων
2321 2089 2650 2183 γέγραπται(
2682 2089 2786 2160 ⁷Καὶ
2830 2089 3406 2183 προσκυνησάξῖἷωσαν
3455 2102 3602 2176 αὐτῳ
3628 2103 3822 2164 πάντες

2177 2173 2409 2274 ἄγγελοι.
2425 2173 2580 2252 θεοῦ.
2874 2173 2882 2180 ’
3169 2173 3246 2194 V

2249 2289 2336 2344 41.
2360 2285 2425 2343 Ei
2459 2281 2516 2340 δὲ
2545 2284 2632 2367 nsi
2665 2283 2740 2346 ὠς
2769 2282 2971 2358 ψάλλει
3001 2279 3163 2338 Δαυΐδ
3206 2284 3318 2356 (42)
3365 2281 3418 2336 ἐν
3461 2285 3543 2354 τῷ
3588 2275 3829 2355 ἑϐδομη-

2177 2379 2357 2448 κοστῷ
2411 2375 2618 2450 πρώτῳ
2671 2371 2896 2448 ψαλμῷο
2948 2372 3062 2448 Πρὸ
3115 2375 3214 2426 τοῦ
3269 2369 3435 2442 ἡλίου
3495 2367 3737 2444 διαμένει
3766 2370 3830 2425 τὸ

2179 2463 2353 2538 ὄνομα
2410 2463 2598 2533 αὑτοῦ,
2657 2462 2747 2518 καὶ
2793 2461 2900 2538 πρὸ
2945 2468 3046 2531 τῆς
3095 2461 3336 2533 σελήνης
3388 2460 3464 2522 εἷς
3497 2462 3611 2534 (43)
3643 2461 3828 2534 γενεὰς

2177 2557 2394 2631 γενεῶν·
2445 2557 2565 2614 πῶς
2613 2546 2910 2624 ἐλάμϐανεν
2961 2552 2992 2606 ’ὀ
3043 2551 3188 2627 εἶχεν
3221 2550 3324 2621 ἀεὶ,
3355 2549 3446 2605 καὶ
3478 2549 3608 2626 πρὶν
3642 2543 3829 2604 λαϐεῖν

2177 2647 2268 2698 νῦν
2311 2641 2478 2710 αὑτό;
2542 2642 2610 2697 Ἥ
2661 2644 2778 2703 πῶς
2830 2641 3076 2715 ὑψοῦται,
3129 2641 3157 2696 6
3212 2640 3302 2694 καὶ
3360 2639 3486 2714 πρὶν
3543 2639 3830 2713 ὑψωθῆναι

2179 2731 2401 2807 ’ὕψιστος
2434 2726 2548 2799 div;
2583 2735 2656 2786 ’Ἠ
2684 2734 2803 2792 πῶς
2833 2724 2996 2785 ἔλαϐε
3040 2731 3102 2784 τὰ
3149 2733 3585 2802 προσκυνεῖσθαι,
3635 2727 3664 2781 6
3713 2726 3830 2796 καὶ,

2179 2820 2304 2896 πρὶν
2352 2824 2514 2876 τοῦτο
2569 2823 2662 2873 νῦν
2725 2813 2935 2892 λαϐεῖν,
3000 2818 3082 2874 ἀεὶ
3147 2815 3652 2892 προσκυνούμενος
3714 2815 3832 2873 Οὔκ

2181 2906 2321 2966 ἔστιν
2400 2907 2642 2985 αννιγμα,
2719 2907 2865 2964 ἀλλὰ
2950 2909 3249 2982 μυστήριον
3316 2912 3478 2972 θεῖον·
3534 2907 3620 2964 Ἐν
3676 2905 3827 2981 ἀρχῇ

2180 2999 2273 3112 ἦνὶ
2320 3000 2432 3072 (44)
2465 3087 2478 3104 ς
2507 2998 2536 3052 6
2611 2997 2812 3106 Λόγος,
2851 2997 3008 3112 ικαὶ,
3052 2999 3081 3052 6
3159 2996 3335 3112 11330:
3413 2997 3480 3066 ἦν
3504 2997 3674 3112 grai):
3732 2995 3826 3050 τὸν

2181 3088 2332 3161 Θεὸν,
2391 3087 2481 3142 καὶ
2540 3087 2668 3148 Θεὸς
2725 3089 2792 3152 ἦν
2847 3086 2876 3140 6
2933 3087 3134 3162 Λόγος’
3194 3082 3268 3145 δν
3297 3088 3444 3159 ἡμᾶς
3501 3082 3560 3140 δὲ
3607 3083 3827 3159 ὕστερον

2182 3174 2338 3238 οὗτος
2395 3176 2424 3229 6
2483 3175 2657 3252 Λόγος
2707 3173 2832 3250 σὰρξ
2883 3172 3108 3248 ἐγένετοο
3160 3174 3249 3230 καί
3278 3175 3342 3231 τὸ
3384 3169 3681 3254 λεῇμενον
3711 3176 3827 3244 νῦν,

425 3265 683 3321 Verbum
715 3267 918 3335 postea
947 3265 1134 3319 nostri
1161 3281 1342 3320 causa
1363 3282 1496 3321 caro
1541 3266 1758 3322 factum
1808 3271 1920 3321 est.
1953 3269 2066 3321 Ita-

2186 3264 2558 3339 ὑπερύψωσεν,
2607 3263 2669 3318 οὑ
2715 3264 2813 3332 τὴν
2848 3261 3031 3318 οὐσίαν
3098 3269 3198 3319 τοῦ
3265 3263 3442 3339 Λόγου
3520 3261 3828 3336 ὑψουμὲνην

427 3371 542 3428 que
569 3353 682 3410 ista
729 3352 930 3423 dictio;
959 3353 1252 3422 exultavit,
1289 3371 1402 3410 non
1455 3355 1750 3428 significat
1803 3359 2073 3410 naturam

428 3443 604 3499 Verbi
635 3441 947 3500 exaltatum
981 3442 1162 3498 fuisse
1180 3459 1202 3504 ;
1234 3460 1370 3499 nam
1403 3460 1638 3516 semper
1667 3450 1724 3500 et
1763 3443 1874 3499 fuit
1900 3447 1958 3499 et
1987 3447 2077 3499 est

428 3531 673 3606 aequalis
702 3535 812 3587 Deo
839 3548 850 3587 :
884 3531 983 3588 sed
1018 3531 1286 3588 humane
1307 3537 1529 3588 naturae
1551 3531 1960 3588 exultationem
1993 3532 2080 3586 in-

427 3623 604 3678 dicat.
639 3621 824 3693 Igitur
848 3620 963 3677 ista
995 3637 1107 3678 non
1141 3625 1280 3676 ante
1337 3621 1494 3676 dicta
1551 3626 1691 3677 sunt
1747 3638 1923 3694 quam
1978 3620 2076 3676 ubi

427 3710 680 3768 Verbum
713 3727 846 3766 caro
877 3710 1098 3766 factum
1129 3715 1237 3775 est,
1267 3715 1331 3766 ut
1350 3711 1588 3766 evidens
1636 3714 1792 3766 esset
1843 3709 1951 3766 has
1979 3727 2076 3766 vo-

425 3815 521 3856 ces
551 3799 871 3855 humiliavit
900 3803 951 3854 et
979 3799 1276 3866 exultavit,
1310 3799 1381 3854 de
1430 3799 1557 3854 sola
1588 3797 1834 3871 intelligi
1869 3801 2077 3854 buma-

425 3887 626 3944 nitate.
659 3887 924 3960 Namque
957 3887 1014 3942 id
1047 3886 1239 3943 solum
1273 3887 1424 3958 quod
1486 3886 1709 3943 humile
1757 3891 1848 3942 est
1885 3886 2080 3943 extolli

428 3982 641 4048 potest.
677 3979 1041 4048 Quapropter
1087 3977 1134 4031 si
1171 3975 1244 4030 ob
1293 3980 1655 4048 assumptum
1687 3992 1921 4032 carnem
1943 3975 2082 4032 scri-

429 4070 597 4138 ptum
629 4064 1089 4133 est,humiliavit,
1125 4064 1349 4120 clarum
1373 4069 1463 4120 est
1489 4081 1687 4121 vocem
1711 4065 1981 4121 eaallavit
2010 4065 2083 4120 de

431 4155 633 4212 eadem
667 4170 795 4212 esse
825 4153 1294 4225 intelligendam.
1332 4158 1448 4210 Hoc
1491 4154 1646 4209 enim
1681 4155 1900 4210 honore
1931 4153 2081 4209 indi-

433 4245 608 4318 gebat
626 4243 1003 4312 homo,carne
1033 4248 1086 4298 et
1122 4248 1308 4298 morte
1341 4243 1912 4310 humilis.Quoniam
1946 4258 2082 4315 ergo

433 4333 530 4388 ille
562 4333 660 4404 qui
696 4333 882 4388 Patris
913 4333 1106 4403 imago
1137 4336 1195 4386 et
1264 4331 1596 4388 immortale
1626 4331 1880 4388 Verbum
1937 4335 2082 4396 erat,

433 4421 583 4478 servi
616 4421 864 4477 formam
900 4421 1112 4490 induit,
1137 4438 1202 4476 ac
1235 4426 1483 4476 mortem
1533 4421 1590 4475 in
1639 4437 1748 4476 sua
1794 4436 1988 4485 carne,
2021 4424 2087 4474 ut

439 4511 638 4581 homo,
663 4515 899 4583 propter
936 4527 1042 4566 nos
1071 4509 1362 4577 toleravit,
1393 4514 1462 4566 ut
1487 4509 1748 4583 seipsum
1780 4509 1890 4566 hoc
1919 4512 2087 4581 pacto

2185 3353 2462 3427 σημαίνει·
2495 3359 2562 3422 ῆν
2605 3351 2705 3427 γὰρ
2757 3352 2838 3408 ἀεὶ
2880 3353 2970 3407 καὶ
3021 3349 3161 3408 ἔστιν
3205 3351 3297 3408 ⁹ίνα
3335 3357 3469 3424 Θεῷ’
3531 3349 3676 3406 ἀλλὰ
3728 3357 3831 3420 τῆς

2187 3441 2608 3525 ᾀνθρωπότητός
2643 3441 2781 3496 ἐστιν
2827 3445 2863 3512 ἡ
2913 3442 3140 3516 ὕψωσις.
3193 3441 3270 3498 Οὐ
3300 3443 3425 3516 πρὶν
3455 3445 3585 3517 γοῦν
3619 3437 3834 3516 εἴρηται

2185 3536 2372 3603 ταῦτα,
2405 3530 2452 3586 εἰ
2514 3533 2588 3604 μὴ
2621 3528 2711 3586 ὅτε
2757 3531 2946 3607 γέγονε
2995 3531 3125 3602 σὰρξ
3176 3532 3204 3586 6
3251 3529 3448 3607 λόγος,
3495 3527 3588 3584 ’ίνα
3632 3529 3849 3606 γένηται

2188 3619 2438 3699 φανερὸν,
2471 3619 2552 3674 ὅτι
2582 3620 2666 3690 τὸ,
2700 3617 3044 3686 ἐταπείνωσε,
3073 3618 3163 3674 καὶ
3196 3619 3280 3688 τὸ,
3333 3617 3688 3695 ὑπθρὺψωσεν

2191 3707 2277 3764 ἐπὶ
2326 3712 2422 3763 τοῦ
2467 3707 2806 3784 ἀνθρωπίνου
2849 3706 3084 3784 λέγεταιο
3139 3707 3202 3761 οῦ
3249 3708 3350 3783 γάρ
3397 3706 3508 3762 ἐστι
3555 3706 3618 3761 τὸ
3646 3727 3836 3762 ταπει-

2185 3799 2300 3864 νὸν,
2353 3797 2550 3853 τούτου
2597 3797 2686 3852 καὶ
2715 3798 2778 3852 τὸ
2811 3797 3092 3872 ὑψωθῆναι
3126 3795 3185 3852 ἂν
3217 3793 3323 3866 εἷἠο
3357 3796 3444 3851 καὶ
3495 3795 3543 3851 si
3595 3793 3686 3851 διὰ
3731 3796 3831 3864 τὴν

2187 3885 2500 3962 πρόσληψιν
2549 3893 2649 3956 τῆς
2709 3886 2906 3962 σαρκὸς
2960 3886 3045 3954 τὸ,
3103 3884 3461 3957 ἐταπείνωσε,
3519 3891 3835 3961 γέγραπται,

2190 3973 2358 4046 δῆλόν
2393 3973 2556 4046 ἐστιν,
2589 3973 2671 4030 ὅτι
2702 3974 2792 4030 καὶ
2840 3975 2923 4048 τὸ,
2978 3973 3315 4050 ὑπερόψωσε,
3363 3971 3432 4028 δι’
3479 3973 3647 4044 αὐτήν
3702 3971 3836 4031 ἔστι.

2189 4063 2400 4122 Τούτου
2447 4066 2551 4140 γὰρ
2599 4071 2666 4134 ῆν
2711 4061 2892 4133 ἐνδεὴς
2942 4065 2971 4118 6
3019 4061 3303 4140 ἄνθρωπος
3355 4060 3445 4118 διὰ
3494 4064 3558 4118 τὸ
3588 4063 3837 4118 ταπεινὸν

2189 4159 2290 4222 τῆς
2319 4153 2515 4228 σαρκὸς
2545 4153 2635 4208 καὶ
2667 4157 2762 4208 τοῦ
2795 4151 3228 4216 θανάτου·εἘπεὶ
3269 4150 3362 4207 οὖν
3407 4151 3568 4207 εἰκὼν
3615 4147 3690 4206 ὥν
3743 4155 3841 4206 τοῦ

2193 4242 2420 4317 Πατρὸς,
2471 4241 2558 4297 καὶ
2606 4241 2866 4304 ἀθάνατος
2915 4237 2988 4296 ὥν
3040 4243 3068 4296 6
3125 4241 3320 4318 Λόγος,
3377 4235 3542 4298 ἔλαϐε
3597 4242 3697 4310 τὴν
3743 4245 3844 4296 τοῦ

2192 4327 2396 4386 δούλου
2451 4331 2689 4408 μορφὴν,
2744 4331 2834 4387 καὶ
2885 4331 3139 4404 ὑπέμεινε
3187 4327 3255 4386 δι’
3299 4332 3449 4404 ἡμᾶς
3499 4330 3573 4392 ὡς
3633 4326 3843 4406 ἄνθρωο

2194 4440 2297 4481 πος
2353 4422 2468 4493 (46)
2521 4419 2571 4475 ἐν
2633 4424 2698 4496 τῇ
2745 4419 2935 4476 ἑαυτοῦ
2988 4419 3144 4496 σαρκὶ
3191 4421 3283 4476 τὸν
3317 4421 3544 4485 θάνατον
3564 4417 3635 4474 'iv'
3666 4419 3846 4480 οὕτως

2197 4508 2384 4564 ἑαυτὸν
2440 4509 2572 4587 ὑπὲρ
2616 4512 2774 4584 ἡμῶν
2823 4509 2911 4566 διὰ
2954 4514 3052 4566 τοῦ
3103 4508 3349 4575 θανάτου·
3374 4507 3710 4586 προσενέγκῃ
3764 4513 3847 4582 τῷ

513 4684 535 4720 ⁸
565 4683 717 4738 Psal.
746 4700 842 4739 Llll
867 4683 916 4738 1.
947 4683 970 4718 ⁸
1000 4681 1151 4738 Psal.
1175 4683 1228 4737 8.
1258 4682 1278 4717 ⁷
1313 4681 1450 4738 tleb.
1483 4699 1522 4750 1,
1561 4682 1633 4736 6:
1667 4678 1820 4737 Psal.
1843 4696 1986 4736 xcw.
2021 4680 2074 4734 7.
2107 4678 2303 4736 'Psal.
2329 4697 2479 4754 axxr,
2513 4683 2600 4752 17,
2630 4683 2688 4738 5.
2719 4683 2741 4718 ⁰
2766 4683 2936 4739 Joan.
2968 4698 3008 4753 ι,

515 4854 630 4925 (39)
656 4841 1104 4926 εἱοβθειιειιδει
1135 4852 1275 4924 Reg.
1314 4850 1422 4906 Alii
1453 4854 1515 4926 et
1539 4849 1696 4926 editi,
1733 4846 1936 4926 ὅτεχαῖ
1989 4851 2088 4926 τοῦ

443 4919 619 4997 Θεοῦς
636 4925 812 4980 Paulo
841 4919 972 4997 [ἶσοι
1017 4919 1278 4997 εςευθιῖ,
1319 4925 1426 4977 ποῦ
1457 4919 1548 4976 οὖν
1576 4919 1765 4978 πλέον.
1799 4921 1938 4994 Reg.
1970 4925 2088 4982 πῶς

443 4993 986 5070 οὗν-,εἶχεηίοαὶᾕεεο
1018 4993 1232 5070 πλξον.

512 5061 986 5140 (30)’(.ἶόι)1εδι“ἰᾶι1.
1021 5073 1079 5123 et
1109 5067 1257 5140 Felc.
1293 5066 1344 5131 1,
1439 5062 1630 5138 Λόγος,
1674 5065 1861 5140 ταῦτα-
1895 5061 2090 5140 γέγρα-

439 5133 803 5228 Ξτέιίρεῖυιο
838 5147 968 5228 post
997 5133 1474 5228 Seguerian.,fiva
1516 5133 1676 5228 τοῦαο
1728 5133 1936 5228 ζηῇσῄ
1974 5133 2090 5189 ’λα-

444 5207 561 5286 δεῖν
590 5211 622 5286 6
649 5217 750 5286 τῆς
781 5207 1008 5286 χάριτος
1047 5207 1239 5286 δξτήρ,
1272 5207 1511 5286 omissis
1539 5207 1924 5286 inter-mediis.

516 5284 629 5356 (41)
662 5277 892 5342 Gobler.
925 5292 982 5338 et
1015 5277 1257 5356 Felcs'i,
1280 5279 1369 5356 xui
1401 5277 1552 5356 οῦτοι
1600 5278 1652 5332 ἐν
1675 5279 1936 5356 ’ἅρμασιη
1962 5279 2094 5356 M_ox

446 5347 830 5482 mss.d'omnes
860 5359 993 5412 Θεοῦ
1018 5357 1198 5428 ἡμῶν.
1221 5352 1405 5409 Editio
1427 5347 1732 5420 Commel.,
1755 5347 1890 5404 Θεοῦ
1916 5347 2090 5423 ὑμῶν,

448 5443 583 5482 men
631 5445 750 5482 ose.

448 5443 750 5484 mendose.

511 5499 624 5572 (42)
657 5497 888 5556 Gobler.
922 5505 976 5555 et
1009 5497 1160 5556 Fele.
1199 5498 1252 5564 1,
1285 5491 1503 5571 ἄγγελοι
1561 5488 1718 5548 Θεοῦ.
1781 5490 1877 5546 Καὶ
1928 5487 2090 5546 Acteis

444 5583 614 5662 λέγει·
651 5587 764 5662 Πρὸ
793 5584 891 5642 τοῦ
921 5585 1109 5662 ᾐλίου.

550 5607 614 5641 ει·
655 5607 764 5662 ιιρο
793 5608 891 5642 του
921 5607 1109 5658 ηΑιου.

511 5607 888 5733 (43)8οευετ.
921 5661 1060 5733 Reg.
1091 5656 1321 5715 Gobler.
1359 5654 1496 5733 Fe|._
1525 5656 1550 5711 1
1603 5657 1663 5710 et
1717 5655 1753 5708 5
1798 5652 2094 5733 pmittunt

444 5723 526 5796 εἶς’
552 5723 684 5789 ante
713 5723 919 5809 γἐνεάς,
954 5723 1053 5789 ubi
1082 5736 1320 5804 Seguer.
1354 5732 1412 5785 et
1460 5727 1628 5800 Reg.,
1675 5728 1880 5801 γενεᾶς.
1943 5723 2089 5780 Ibid.

2118 4851 2166 4918 D
2196 4851 2608 4922 SeguerLReg.
2639 4852 2868 4909 Gobler.
2904 4851 3050 4908 Felc.
3087 4853 3140 4917 1,
3183 4853 3300 4922 πῷς
3336 4844 3646 4922 ἐλάμβανε.
3693 4851 3844 4908 Felc.

2198 4924 2253 4993 5,
2270 4916 2404 4983 ’πῶς
2435 4916 2618 4980 the}.
2644 4924 2752 4979 Alii
2782 4929 2841 4981 et
2867 4925 3028 4994 editi,
3061 4916 3177 4984 πῶς
3208 4920 3299 4977 οὗν
3331 4916 3627 4995 ἐλάμϐανε.
3647 4924 3848 4995 _Paulo

2202 4995 2772 5072 postASeguerLReg.
2805 4993 3034 5072 Gobler.
3084 4995 3336 5072 _et__Felp.
3388 4993 3449 5065 4,
3494 4995 3522 5050 6
3573 4993 3662 5049 καὶ
3719 4995 3847 5072 πρὶν

2204 5065 2502 5141 ὑψωθῆναι.
2536 5067 2688 5126 Editi
2709 5065 2776 5141 ,ἐι
2799 5067 2920 5141 alii,
3010 5065 3106 5141 πρὶ
3139 5065 3442 5141 ὑψωθῆναιο

2273 5140 2379 5209 (44)
2411 5147 2673 5212 δρευθπο,
2708 5139 2810 5213 Ἑν-
2844 5137 2991 5213 ἀρχῇ

2273 5159 2379 5209 (41)
2411 5159 2673 5212 magneta,
2727 5159 2792 5192 ιον
2844 5159 2991 5213 αρχῃ
3041 5159 3145 5266 ⁸ξαρ
3192 5160 3281 5208 ην.
3328 5159 3462 5194 mox
3509 5159 3687 5208 luem,
3738 5159 3846 5196 uo-

2205 5209 2346 5266 bler.
2381 5216 2439 5282 9t
2469 5214 2618 5270 Felc.
2656 5214 2705 5277 1,
2742 5206 2811 5263 δι’
2844 5212 2990 5282 ἡμᾷς
3023 5207 3050 5265 ὃ
3131 5207 3354 5282 ὕστερον
3401 5207 3558 5282 οὗτος
3592 5209 3620 5263 6
3653 5207 3846 5282 Λόγος.

2205 5231 2346 5266 mer.
2381 5231 2439 5266 et
2469 5231 2618 5270 r‘elc.
2656 5231 2705 5277 1,
2742 5231 2792 5263 οι
2844 5231 2990 5282 ημας
3023 5231 3080 5266 οε
3131 5231 3354 5282 υστερον
3401 5231 3558 5272 ουτος
3592 5231 3620 5263 ο
3653 5231 3727 5263 ΛΟ
3767 5231 3846 5272 ος.

2203 5282 2342 5357 Reg.
2377 5277 2446 5335 δι’
2471 5285 2620 5357 ἡμᾶς
2652 5281 2873 5357 ὕστερον
2906 5279 3062 5344 οὗτος
3091 5283 3119 5336 6
3151 5281 3350 5356 Λόγος.
3404 5281 3518 5337 Alii
3567 5287 3626 5338 et
3683 5231 3848 5353 editi,

2203 5351 2449 5431 δι’ςῂᾲμᾶς
2483 5351 2996 5431 {Sarepov_6:.f\610c.

2273 5421 2384 5500 (45)
2415 5421 2650 5500 Seguer.
2683 5421 2915 5500 Gobler.
2947 5430 3006 5500 et
3035 5427 3182 5500 If‘elo.
3227 5426 3280 5500 1,
3327 5423 3418 5500 καὶ
3478 5421 3845 5500 ὑπερύψωσεν.

2203 5498 2324 5554 Ibid
2354 5495 2584 5558 Gobler.
2617 5503 2675 5555 et
2718 5497 2862 5554 lielc.
2897 5498 2946 5569 1,
2979 5495 3067 5552 ἐπὶ
3095 5499 3192 5569 τοῦ
3221 5495 3532 5569 ἀνθρώπου.

2270 5571 2772 5654 (46:1).Sic‘Seguer.
2793 5567 3146 5654 ,Βεεζοϐοριλ
3179 5567 3386 5641 Anglic
3424 5573 3484 5625 et
3513 5567 3662 5624 Felc.
3698 5568 3749 5624 1.
3788 5570 3823 5624 Α

2203 5637 2285 5697 ab
2305 5637 2439 5702 aliis
2469 5649 2526 5702 et
2553 5637 2728 5701 editis
2757 5637 2921 5700 abest
2946 5640 3020 5704 ὡς
3049 5637 3358 5716 ἄνθρωπὸς.

3081 5139 3159 5230 ap"
3192 5145 3281 5208 ἧν.
3327 5139 3462 5229 Mox'
3509 5138 3849 5230 idetm‘,’Go-
3953 5192 3961 5200 .
