4090 6320
412 367 490 429 99
963 369 1027 426 S.
1074 363 1497 425 ATHANASII
1543 366 1714 425 OPP.
1767 361 1964 423 PARS
2011 362 2051 422 Ι.

2168 358 2613 425 ἩΙΒΊῸΗΙΟΑ
2659 363 2758 425 ΕΤ
2803 365 3274 427 DOGMATlCA.

3705 364 3820 427 100

417 504 688 555 mortuus
717 503 806 553 est
835 502 891 554 et
919 497 1206 554 exaltutus
1238 515 1251 551 :
1277 497 1361 552 sic
1385 500 1674 568 quatenus
1704 495 1879 551 homo
1910 493 2051 549 acci-

2173 493 2295 568 γὰρ,
2327 495 2400 555 ὡς
2456 492 2756 569 ἅνθρωπος,
2790 497 2818 550 6
2876 497 3107 570 Χριστὸς
3166 496 3394 552 ἀπέθανε
3447 497 3537 553 καὶ
3579 500 3770 574 ὑψώθη
3800 519 3812 532 °

417 605 552 661 pere
581 588 800 643 dicitur
820 589 974 658 quod
1009 604 1261 658 semper,
1296 591 1359 640 ut
1393 591 1563 655 Deus,
1597 584 1822 649 habuit,
1858 588 1922 638 ut
1943 583 2058 638 sci-

413 678 546 733 licet
580 677 918 747 bujusmodi
969 677 1143 731 etiam
1194 675 1328 729 data
1375 675 1563 746 gratia
1609 675 1679 729 ad
1735 689 1841 728 nos
1872 687 2059 743 usque

411 765 784 839 pertingeret.
817 766 930 820 Nec
960 764 1116 820 enim
1150 762 1403 818 Verbum
1437 779 1607 817 carne
1634 765 1940 832 assumpta
1965 761 2055 815 di-

410 859 706 914 minutum
742 862 850 923 est,
883 861 948 912 ut
987 859 1272 928 qurreret
1310 853 1709 925 accipiendam
1758 853 2009 924 gratiam
2041 868 2054 906 :

411 948 512 1005 sed
546 947 740 1019 potius
789 945 1052 1000 divinum
1100 943 1356 999 reddidit
1401 943 1555 1014 quod
1607 941 1822 1008 induit,
1872 957 2056 1012 eoque

409 1036 734 1092 humanum
768 1050 953 1106 genus
987 1032 1260 1088 munifice
1317 1031 1719 1102 locupletavit.
1772 1029 1844 1086 Ut
1897 1029 2052 1084 enim

408 1130 700 1196 quatenus
739 1123 834 1177 Dei
869 1123 1210 1188 Verbum,et
1239 1121 1296 1175 in
1331 1121 1517 1176 forma
1551 1119 1642 1175 Dei
1674 1124 2057 1190 erat,semper

409 1214 520 1268 fuit
551 1213 858 1268 adoratum
897 1229 908 1267 :
947 1211 1025 1266 ita
1057 1211 1210 1265 idem
1238 1209 1415 1265 etiam
1448 1213 1740 1281 quatenus
1771 1207 1944 1262 homo
1977 1208 2056 1261 fa-

406 1310 538 1358 ctus
589 1307 646 1357 et
689 1304 926 1356 vocatus
975 1301 1162 1368 Jesus,
1218 1299 1519 1354 universas
1554 1315 1643 1352 res
1687 1301 1912 1352 creatas
1943 1297 2052 1352 sub

408 1393 656 1464 pedibus
690 1391 984 1461 subjectus
1019 1388 1212 1452 habet,
1236 1404 1558 1459 omnesque
1589 1387 1646 1440 in
1679 1385 1788 1440 hoc
1818 1385 2054 1440 nomine

407 1481 775 1552 ipsiﬂectunt
806 1495 1017 1550 genua,
1043 1478 1514 1548 conﬁtenturque
1553 1492 1668 1530 non
1703 1475 2052 1546 ignominio-

405 1587 538 1626 sum
571 1571 698 1640 ejus
727 1567 1036 1636 divinitati,
1070 1567 1171 1621 sed
1205 1566 1520 1635 gloriosum
1554 1565 1668 1620 Deo
1719 1564 1870 1618 Patri
1902 1577 2051 1628 esse,

407 1659 564 1731 quod
596 1657 854 1714 Verbum
897 1673 1030 1712 caro
1064 1655 1288 1711 factum
1331 1656 1428 1724 sit,
1479 1659 1535 1709 et
1583 1657 1825 1708 mortem
1878 1669 2052 1708 carne

405 1747 668 1804 subierit.
702 1746 888 1801 Patris
919 1745 1141 1801 scilicet
1171 1744 1357 1816 gloria
1387 1748 1496 1812 est,
1517 1744 1733 1798 factum
1765 1746 1822 1798 et
1852 1746 2052 1813 postea

2169 582 2363 648 οὕτως,
2398 583 2472 645 ὡς
2523 581 2827 658 ἄνθρωπος,
2885 583 3096 660 λέγεται
3139 581 3436 659 λαμϐάνειν
3483 587 3614 665 ὅπερ
3666 591 3810 665 εἶχεν

2167 670 2248 725 ἀεὶ
2295 671 2368 733 ὡς
2418 673 2569 743 Θεὸς,
2596 670 2688 726 ’ίνα
2738 673 2814 735 εἷς
2861 675 3009 746 ἡμᾶς
3043 675 3214 752 φθάσῃ
3244 675 3331 729 καὶ
3364 676 3652 748 ἡτοιαύτη
3716 675 3809 732 δο-

2169 765 2316 822 θεῖσα
2348 760 2527 836 χάρις.
2560 761 2636 818 Ού
2664 762 2765 836 γὰρ
2799 761 3097 833 ἠλαττώθη
3133 765 3159 818 6
3193 766 3366 840 Λόγος
3417 770 3578 839 σῶμα
3607 762 3811 842 λαϐὼν,

2161 846 2255 903 ’ίνα
2283 849 2371 903 καὶ
2404 851 2562 924 χάριν
2601 853 2806 925 ζητήσῃ
2837 846 3046 918 λαϐεῖν,
3079 851 3225 908 ἀλλὰ
3259 852 3470 925 μᾶλλον
3515 855 3603 910 καὶ
3661 855 3812 912 ἐθιο-

2165 939 2388 1009 ποίησεν
2449 938 2580 1014 ὅπερ
2645 937 2944 1008 ἐνεδύσατο,
3001 939 3090 995 καέ
3164 941 3330 997 πλέον
3390 941 3678 1019 ἐχαρίσατο
3735 951 3812 1018 τῷ

2165 1028 2307 1102 γένει
2337 1032 2442 1083 τῶν
2474 1027 2771 1104 ἀνθρώπων
2800 1034 2979 1086 τοῦτο.
3011 1033 3212 1106 ⁸Ὠσπερ
3243 1034 3357 1106 (57)
3388 1033 3490 1108 γὰρ
3526 1033 3605 1088 ἀεὶ
3635 1055 3812 1110 προσ-

2166 1123 2404 1172 ικυνεῖτο
2469 1118 2646 1192 Λόγος
2707 1117 2779 1171 ὣν
2836 1120 2925 1172 καί
2985 1119 3035 1174 έν
3092 1120 3276 1199 μορφῇ
3322 1125 3452 1176 Θεοῦ
3512 1122 3807 1199 ὑπάρχων·

2396 1209 2424 1261 6
2477 1207 2636 1270 αὐτὸς
2687 1205 2760 1263 ὣν
2809 1209 2897 1263 καὶ
2930 1207 3212 1285 ἅνθρωπος
3243 1211 3557 1285 γενόμενος,
3589 1213 3810 1284 κληθείς

2163 1318 2220 1350 τε
2271 1299 2501 1366 Ἰησοῦς,
2537 1295 2686 1352 οὐδὲν
2750 1302 2910 1362 ἦττον
2969 1296 3084 1375 ἔχει
3143 1305 3314 1354 πᾶσαν
3367 1301 3468 1356 ὑπὸ
3513 1299 3656 1357 πόδα
3699 1307 3812 1375 (58)

2162 1385 2260 1454 τήν
2291 1385 2482 1454 κτίσιν,
2514 1385 2603 1440 καὶ
2626 1385 2677 1440 ἐν
2706 1391 2788 1458 τῷ
2819 1387 3050 1459 ὀνόματι
3078 1389 3258 1460 τούτῳ
3305 1388 3371 1443 τὰ
3419 1390 3620 1464 γόνατα
3669 1391 3807 1465 κάμ-

2165 1207 2338 1269 οὕτως

2129 1495 2396 1544 Δ’τιετουσοιν
2446 1473 2612 1546 αὐτῷ,
2642 1475 2730 1529 καὶ
2776 1475 3289 1551 ἐξομολογουμένην
3341 1477 3423 1532 ὅτι
3473 1480 3562 1532 καὶ
3612 1481 3675 1534 τὸ
3721 1501 3810 1555 γε-

2162 1565 2340 1618 νέσθαι
2375 1564 2541 1638 σάρκα
2567 1563 2658 1618 τὸν
2695 1563 2890 1639 Λόγον,
2922 1565 3011 1620 καὶ
3045 1565 3267 1630 θάνατον
3313 1567 3600 1640 ὑπομεῖναι
3632 1571 3807 1644 σαρκὶ,

2162 1651 2260 1706 οὐκ
2290 1651 2372 1707 ἐπ’
2401 1651 2588 1724 ἀδοξίᾳ
2617 1660 2715 1722 τῆς
2738 1653 2992 1724 Θεότητος
3017 1653 3180 1708 αὐτοῦ
3201 1655 3419 1729 γέγονεν
3441 1659 3572 1730 (59),
3589 1657 3714 1714 ἀλλ’
3737 1659 3810 1721 εἷς

2162 1738 2317 1815 δόξαν
2366 1747 2498 1797 Θεοῦ
2549 1743 2778 1818 Πατρός·
2814 1744 2946 1815 Δόξα
2995 1741 3052 1798 δὲ
3099 1743 3308 1820 Πατρός
3353 1744 3465 1800 ἐστι
3513 1747 3602 1801 τὸν
3652 1747 3806 1822 γενό-

404 1838 696 1909 perditum
730 1836 967 1909 reperiri
996 1835 1296 1891 hominem
1330 1838 1746 1905 mortuumque
1797 1831 2050 1887 revocari

2168 1851 2321 1904 μενον
2379 1828 2661 1906 ἄνθρωπον
2720 1833 2808 1887 καὶ
2870 1829 3212 1905 ἀπολόμενον
3259 1834 3564 1908 εὑρεθῆναι,
3592 1836 3683 1891 καὶ
3731 1859 3810 1893 νε-
3919 1880 3921 1882 -

408 1928 480 1982 ad
502 1927 704 1993 vitam,
739 1943 804 1980 ac
835 1924 1122 1996 templum
1157 1923 1255 1979 Dei
1290 1923 1586 1978 fieri.Cum
1618 1924 1773 1978 enim
1807 1921 1933 1976 cuali
1957 1939 2052 1993 po-

405 2014 865 2086 testates,angeli
900 2019 956 2070 et
989 2012 1320 2084 archangeli
1342 2013 1438 2084 qui
1478 2012 1788 2067 Dominum
1823 2027 2054 2082 semper

406 2106 741 2171 adoravere,
775 2119 929 2158 nunc
959 2121 1092 2158 eum
1128 2104 1187 2158 in
1220 2102 1454 2157 nomine
1481 2101 1616 2157 Jesu
1651 2101 2052 2168 adorent,nos-

403 2200 496 2250 tra
527 2193 781 2265 profecto
813 2192 999 2264 gratia
1029 2197 1086 2247 et
1113 2191 1298 2263 gloria
1326 2195 1436 2256 est,
1481 2191 1634 2262 quod
1667 2191 1842 2245 etiam
1877 2190 2050 2244 homo

403 2283 591 2338 factus
618 2282 716 2337 Dei
753 2281 933 2336 Filius
957 2282 1234 2336 adoretur
1264 2298 1276 2334 :
1314 2296 1418 2335 nec
1449 2278 1765 2334 virtutibus
1797 2277 2050 2333 cmlesti-

402 2372 514 2426 bus
548 2370 762 2426 mirum
798 2369 1107 2436 videbitur,
1159 2386 1292 2424 cum
1344 2386 1450 2424 nos
1501 2385 1726 2436 omnes,
1761 2369 1860 2439 qui
1893 2369 2049 2438 ejus-

405 2461 537 2515 dem
570 2475 636 2514 ac
667 2457 763 2513 ille
795 2463 1016 2512 natura
1047 2474 1290 2528 corpora
1324 2457 1632 2522 habemus,
1667 2458 1724 2511 in
1753 2473 1921 2512 suam
1957 2473 2048 2511 re-

405 2549 638 2622 gionem
672 2547 920 2602 viderint
949 2546 1259 2601 introduci.
1295 2547 1456 2612 Quod
1501 2545 1702 2616 utique
1738 2544 1905 2600 aliter
1936 2562 2049 2600 non

407 2636 769 2709 contigisset,
808 2635 920 2690 nisi
952 2635 1047 2690 ille
1075 2635 1175 2707 qui
1210 2637 1268 2691 in
1302 2636 1488 2690 forma
1519 2635 1619 2690 Dei
1651 2634 2048 2701 erat,formam

413 2726 560 2782 servi
591 2724 1217 2797 assumpsissct,seque
1247 2725 1390 2780 adeo
1422 2723 1812 2790 humiliasset,
1832 2728 1893 2778 ut
1926 2739 2050 2778 cor-

411 2833 522 2888 pus
551 2831 727 2871 suum
759 2820 1004 2870 mortem
1038 2813 1157 2886 pati
1191 2813 1539 2885 permiserit.

480 3084 566 3138 43.
603 3084 682 3139 En
715 3099 850 3156 ergo
875 3083 1026 3155 quod
1061 3100 1163 3156 per
1193 3099 1424 3138 crucem
1472 3081 1726 3138 stultitia
1771 3081 1872 3136 Dei
1922 3095 2051 3136 esse

407 3172 748 3230 hominibus
771 3172 1094 3240 videbatur,
1121 3171 1394 3228 omnibus
1432 3173 1646 3227 tactum
1681 3175 1770 3226 est
1802 3172 2050 3225 honora-

406 3263 548 3320 tius.
581 3263 643 3318 In
677 3262 804 3334 ipsa
833 3261 1116 3331 siquidem
1151 3259 1337 3332 posita
1367 3265 1455 3316 est
1486 3265 1650 3315 notra
1681 3257 2049 3314 resurrectio:

2169 3256 2393 3330 μότερον
2429 3258 2562 3328 (63).
2595 3257 2658 3312 Ἡ
2702 3255 2796 3328 μὲν
2849 3257 2952 3331 γὰρ
2996 3239 3280 3321 ἀνάστασις
3328 3261 3488 3332 ἡμῶν
3548 3261 3600 3316 ἐν
3661 3264 3806 3336 αὑτῷ

408 3368 514 3407 nec
544 3351 722 3406 Israel
750 3348 941 3405 solum
977 3351 1076 3406 sed
1111 3351 1282 3404 etiam
1317 3367 1521 3404 omnes
1553 3354 1754 3422 gentes
1780 3349 1927 3418 jam,
1966 3347 2050 3402 uti

409 3439 694 3512 propheta
724 3439 1075 3494 vaticinatus
1123 3444 1229 3505 est,
1272 3456 1380 3494 sua
1423 3439 1701 3493 deserunt
1751 3437 1926 3503 idola,
1957 3453 2052 3491 ve-

407 3546 660 3600 rumque
691 3533 870 3584 Deum
904 3527 1120 3583 Christi
1153 3527 1382 3582 Patrem
1435 3531 1780 3599 agnoscunt.
1829 3525 2050 3580 Daemo-

409 3636 546 3673 num
583 3634 815 3689 quoque
849 3617 1146 3672 dissolutae
1201 3615 1507 3688 prmstihiae
1557 3623 1715 3685 sunt,
1775 3613 2053 3684 solusque

406 3724 580 3762 verus
611 3707 766 3762 Deus
797 3705 853 3760 in
889 3707 1124 3761 nomine
1161 3705 1393 3760 Domini
1439 3704 1620 3759 nostri
1653 3705 1791 3759 Jesu
1838 3701 2052 3758 Christi

406 3797 702 3851 adoretur.
737 3795 897 3861 Quod
949 3800 1144 3850 autem
1193 3794 1479 3849 Dominus
1523 3793 1697 3848 etiam
1745 3797 2051 3862 assumpto

405 3900 643 3956 corpore
675 3888 732 3939 et
764 3889 1001 3940 vocatus
1033 3883 1206 3939 Jesus
1238 3883 1515 3938 adoratur
1558 3883 1712 3939 353
1764 3881 2052 3936 creditur-

406 3991 518 4046 que
553 3974 735 4029 Filius
767 3973 887 4037 Dei,
911 3990 977 4028 ac
1007 3989 1110 4044 per
1139 3972 1333 4044 ipsum
1367 3970 1536 4026 Pater
1564 3970 1933 4044 cognoscitur
1955 3987 1969 4038 ;
1991 3969 2050 4024 id

404 4068 602 4135 aperte
633 4063 874 4127 indicat,
906 4066 988 4117 uti
1025 4060 1302 4129 diximus,
1338 4077 1452 4116 non
1484 4059 1735 4127 Verbus,
1761 4066 2053 4131 quatenus

403 4151 790 4219 Verbum,sed
816 4168 922 4206 nos
939 4150 1279 4221 hujusmodi
1303 4149 1551 4222 gratiam
1585 4148 2052 4218 accepisse.Nam

404 4249 642 4316 propter
692 4248 947 4298 nostram
1004 4258 1137 4298 cum
1183 4242 1312 4313 ejus
1355 4258 1596 4313 corpore
1645 4241 2052 4313 cognationem

406 4348 512 4386 nos
544 4348 776 4402 quoque
807 4331 908 4386 Dei
940 4329 1225 4402 templum
1257 4330 1440 4386 etl‘ecti
1476 4347 1682 4385 sumus
1709 4331 1953 4401 jamque
1988 4330 2050 4384 ti-

402 4419 617 4475 liorum
651 4419 753 4474 Dei
785 4420 1154 4474 obtinuimus
1185 4419 1525 4490 dignitatem
1562 4436 1574 4473 :
1610 4421 1754 4474 adeo
1786 4423 1848 4474 ut
1877 4419 2051 4474 etiam

405 4507 464 4561 in
497 4506 666 4561 nobis
695 4524 815 4577 1am
840 4507 1124 4562 Dominus
1154 4507 1449 4571 adoretur,
1480 4512 1538 4561 et
1566 4511 1898 4577 spectantes
1929 4522 2057 4578 pro-

2158 1919 2434 1995 κρωοέντα
2494 1924 2902 1992 ζωοποιηθῆναι
2937 1968 2950 1984 ,
3011 1923 3099 1976 καὶ
3169 1923 3290 1977 ναὸν
3352 1926 3591 2000 γενέσθαι
3650 1931 3804 1984 Θεοῦ.

2162 2011 2258 2064 Καὶ
2306 2010 2405 2084 γὰρ
2450 2010 2538 2064 καὶ
2597 2016 2703 2065 τῶν
2753 2011 2805 2065 ἐν
2855 2011 3101 2087 οὐρανοῖς
3145 2015 3258 2081 (60)
3291 2009 3592 2086 δυνάμεων,
3652 2016 3806 2091 ἀγγέ-

2162 2097 2272 2153 λων
2323 2120 2381 2152 τε
2427 2099 2516 2152 καὶ
2565 2098 2930 2174 ἀρχαγγέλων
2978 2100 3058 2155 ἀεὶ
3110 2100 3202 2173 μὲν
3239 2101 3685 2176 προσκυνούντων
3715 2103 3807 2158 αύ-

2160 2187 2271 2256 τὸν,
2306 2187 2752 2260 προσκυνούντων
2799 2186 2856 2243 δὲ
2883 2189 2971 2243 καὶ
3002 2193 3092 2243 νῦν
3142 2188 3195 2243 ἐν
3242 2195 3320 2262 τῷ
3369 2190 3594 2264 ὀνόματι
3629 2193 3808 2262 Ἰησοῦ

2159 2277 2249 2330 τὸν
2286 2278 2502 2351 Κύριον,
2535 2279 2694 2350 ἡμῶν
2742 2276 2881 2332 ἐστιν
2928 2278 3062 2347 αὕτη
3115 2281 3150 2347 ἡ
3182 2280 3343 2353 χάρις
3375 2283 3488 2353 (61)
3518 2281 3606 2334 καὶ
3655 2282 3810 2358 ὑπερ-

2163 2365 2391 2439 ύψωσις,
2424 2364 2506 2420 ὅτι
2542 2387 2599 2420 τε
2633 2365 2722 2420 καὶ
2755 2367 3037 2442 ἄνθρωπος
3081 2368 3396 2442 γενόμενος,
3429 2377 3806 2445 προσκυνεῖται

2161 2455 2190 2508 6
2218 2459 2313 2508 τοῦ
2344 2459 2476 2510 Θεοῦ
2509 2456 2652 2524 Υἱὸς,
2687 2456 2774 2510 καὶ
2807 2456 2869 2510 οὐ
2905 2459 3301 2529 ξενισθήσονται
3335 2459 3389 2512 αἱ
3431 2459 3671 2534 οὐράνιοι
3697 2463 3810 2535 (62)

2163 2540 2414 2615 δυνάμεις
2457 2542 2755 2618 βλέπουσαι
2804 2545 2930 2606 τοῦς
2983 2547 3304 2618 συσσώμους
3354 2546 3554 2602 ἐκείνου
3606 2551 3808 2613 πάντας

2160 2634 2306 2705 ἡμᾶς
2339 2631 2722 2707 εἷσαγομένους
2756 2633 2829 2694 εἷς
2872 2635 2966 2696 τὰς
3017 2634 3204 2709 χώρας
3250 2635 3448 2693 αὐτῶν.
3481 2636 3706 2702 ’Ἄλλως
3752 2638 3808 2695 δὶ

2162 2721 2260 2775 οὑκ
2291 2720 2350 2775 ἃν
2383 2721 2609 2796 ἐγεγόνει
2640 2726 2822 2794 τοῦτο,
2858 2721 2908 2776 εἴ
2938 2723 3012 2794 μὴ
3048 2724 3075 2778 6
3117 2723 3169 2778 ἐν
3222 2729 3406 2802 μορφῇ
3455 2731 3588 2781 Θεοῦ
3639 2728 3805 2805 ὑπάρ-

2161 2830 2278 2886 χων
2333 2810 2547 2887 εἰλήφει
2606 2808 2806 2866 δούλου
2865 2813 3079 2888 μορφὴν
3112 2859 3128 2885 ,
3185 2813 3274 2868 καὶ
3347 2808 3683 2892 ῥαπεινώσας
3741 2825 3856 2888 iv”

2162 2900 2344 2954 ἑαυτὸν
2382 2947 2396 2970 ,
2455 2902 2620 2976 μέχρι
2715 2899 2944 2964 θανάτου
3031 2903 3392 2978 συγχωρήσας
3471 2906 3666 2982 φθάσαι
3745 2908 3806 2962 τὸ

2161 2992 2340 3060 σῶμα.

2232 3081 2320 3136 43.
2354 3075 2494 3133 Ἰδοὺ
2568 3082 2700 3152 γοῦν
2753 3079 2814 3132 τὸ
2872 3078 3232 3152 νομιζόμενον
3301 3082 3450 3158 παρὰ
3494 3084 3804 3159 ἀνθρώποις

2164 3167 2346 3239 μωρὸν
2381 3171 2476 3220 τοῦ
2507 3172 2640 3221 Θεοῦ
2672 3165 2760 3222 διὰ
2788 3169 2879 3222 τὸν
2908 3169 3135 3244 σταυρὸν
3165 3170 3355 3246 γέγονε
3405 3172 3619 3228 πάντων
3667 3174 3802 3230 ἐντι-

2162 3343 2461 3398 ἀπόκειται·
2492 3345 2668 3400 οὐκέτι
2704 3342 2761 3399 δὲ
2793 3342 2956 3418 μόνος
2987 3347 3014 3400 6
3047 3346 3292 3423 Ἰσραὴλ,
3325 3347 3469 3405 ἀλλᾶ
3499 3352 3587 3405 καὶ
3634 3352 3806 3408 πάντα

2159 3435 2226 3488 τὰ
2273 3428 2397 3503 ἔθνη
2451 3432 2668 3502 λοιπὸν,
2701 3434 2774 3496 ὡς
2824 3435 3137 3511 προείρηκεν
3189 3437 3216 3490 6
3264 3440 3576 3514 προφήτης,
3604 3441 3672 3495 τὰ
3712 3443 3806 3514 μὲν

2163 3520 2366 3578 εἴδωλα
2415 3523 2617 3577 ἑαυτῶν
2651 3525 2756 3595 (64)
2788 3523 3281 3597 καταλιμπάνουσι,
3311 3527 3401 3580 τὸν
3445 3525 3501 3582 δὲ
3546 3527 3804 3600 ἀληθινὸν

2161 3614 2287 3666 Θεὸν
2341 3613 2430 3666 τὸν
2481 3617 2577 3666 τοῦ
2627 3617 2865 3688 Χριστοῦ
2916 3614 3126 3685 Πατέρα
3174 3613 3609 3690 ἐπιγινώσκουσι·
3647 3620 3734 3674 καὶ
3766 3622 3800 3690 ἡ

2165 3701 2258 3772 μὲν
2305 3705 2411 3755 τῶν
2464 3698 2737 3774 δαιμόνων
2786 3702 3044 3779 φαντασία
3090 3705 3448 3780 κατήργηται,
3487 3703 3650 3779 μόνος
3685 3704 3741 3762 δὲ
3774 3709 3802 3764 6

2163 3788 2332 3853 ὅντως
2365 3791 2494 3853 Θεὸς
2555 3789 2606 3844 ἐν
2659 3794 2736 3862 τῷ
2795 3788 3020 3864 ὀνόματι
3077 3797 3175 3846 τοῦ
3207 3792 3405 3868 Κυρίου
3436 3797 3598 3868 ἡμῶν
3629 3799 3808 3866 Ἰησοῦ

2162 3881 2398 3958 Χριστοῦ
2427 3885 2826 3954 προσκυνεῖται.
2860 3881 2930 3934 Τὸ
2964 3877 3019 3934 δὲ
3075 3881 3165 3935 καὶ
3211 3880 3262 3936 ἐν
3317 3883 3529 3956 σὼματι
3588 3885 3810 3960 γενόμε·

2161 3991 2252 4024 νον
2285 3972 2393 4042 (65)
2425 3969 2516 4023 τὸν
2546 3969 2739 4042 Κύριον
2781 3968 2869 4023 καὶ
2918 3967 3190 4039 κληθέντα
3237 3971 3446 4041 Ἰησοῦν
3492 3979 3810 4046 προσκυνεῖ-

2163 4070 2307 4127 σθαι,
2338 4057 2676 4121 πιστεύεσθαι
2730 4078 2788 4113 τε
2836 4059 2996 4112 αὑτὸν
3043 4059 3166 4113 Υἱὸν
3213 4065 3368 4129 Θεοῦ,
3400 4062 3489 4116 καὶ
3539 4060 3608 4117 δι’
3649 4064 3812 4119 αὑτοῦ

2163 4148 2606 4222 ἐπιγινώσκεσθαι
2663 4149 2757 4202 τὸν
2817 4147 3045 4223 Πατέρα,
3091 4145 3261 4218 δῆλον
3314 4149 3374 4204 ἂν
3415 4149 3523 4222 εἷή,
3574 4155 3812 4228 καθάπερ

2165 4235 2399 4314 εἷ’ρηται,
2446 4235 2527 4291 ὅτι
2569 4236 2675 4312 οὑχ
2725 4238 2753 4290 6
2805 4237 3001 4312 Λόγος,
3100 4238 3275 4313 Λόγος
3326 4238 3492 4309 ἐστὶν,
3523 4237 3684 4297 ἔλαϐε
3712 4244 3813 4314 τήν

2161 4327 2420 4397 τοιαύτην
2453 4326 2636 4401 χάριν,
2672 4325 2798 4382 ἀλλ’
2827 4329 3010 4398 ἡμεῖς.
3049 4327 3146 4382 Διὰ
3175 4328 3276 4404 γὰρ
3307 4331 3406 4398 τὴν
3437 4329 3574 4406 πρὸς
3607 4335 3720 4405 (66)
3750 4333 3812 4388 τὸ

2164 4421 2324 4489 σῶμα
2380 4417 2545 4470 αὑτοῦ
2602 4414 2914 4489 συγγένειαν
2983 4416 3109 4478 ναὸς
3177 4421 3310 4472 Θεοῦ
3375 4419 3674 4494 γεγόναμει
3723 4420 3813 4475 καὶ

2165 4509 2350 4578 ἡμεῖς,
2383 4504 2471 4558 καὶ
2505 4504 2613 4558 υἱοὶ
2639 4508 2771 4559 Θεοῦ
2803 4503 2998 4559 λοιπὸν
3043 4508 3412 4580 πεποιήμεθα,
3445 4507 3582 4563 ὥστε
3622 4509 3711 4564 καὶ
3762 4509 3814 4564 έν

404 4587 770 4666 ηυηιὶιιήῐ,υῐ
801 4596 882 4650 ait
911 4596 1220 4668 Apostolus
1255 4596 1480 4668 ‘3,quod
1517 4611 1648 4650 vere
1665 4595 1818 4651 Deus
1853 4596 1906 4650 in
1936 4595 2050 4651 illis

2168 4598 2293 4668 ἡμῖν
2326 4591 2435 4664 ἤδη
2480 4599 2891 4669 προσκυνεῖσθαι
2941 4594 3032 4648 τὸν
3083 4595 3306 4670 Κύριον,
3335 4597 3424 4651 καὶ
3473 4597 3600 4661 τοὺς
3650 4597 3812 4674 ὁρώνο

405 4685 499 4740 sit.
534 4684 794 4757 Idipsum
829 4700 1060 4756 quoque
1090 4684 1344 4740 Joannes
1404 4685 1464 4740 in
1497 4683 1806 4756 Evangelio
1839 4685 1919 4740 ita
1949 4686 2047 4742 de-

478 4803 521 4838 ‘3
555 4803 574 4858 Ι
605 4802 734 4858 Cor.
768 4819 884 4872 xw,
914 4801 1004 4856 25.

477 4919 584 4984 (57)
616 4921 874 4988 Seguer.,
907 4917 994 4977 Ὡς
1021 4913 1142 4990 γάρ.

476 4991 846 5076 (§S)Seguer.
904 4988 1152 5045 Gobler.
1213 4994 1270 5044 et
1324 4988 1474 5048 Felc.
1532 4989 1555 5043 1
1612 4991 1891 5046 omittunt
1950 4989 2052 5044 ὑπὸ

408 5059 583 5205 Titios?)
613 5136 871 5205 Seguer.,
923 5129 1178 5205 Θεότητος
1227 5134 1387 5205 τοῦτο
1444 5130 1678 5205 γέγονεν.
1711 5136 1837 5188 Mox
1896 5134 2048 5189 idem

402 5198 629 5328 etélteg.
662 5198 956 5277 γενόμενον
990 5198 1298 5277 ἄνθρωπον.
1333 5204 1412 5258 Ab
1458 5198 1594 5259 aliis
1625 5210 1682 5259 et
1715 5205 1852 5259 edit.
1887 5207 2054 5261 abest

402 5296 458 5328 αν
509 5295 710 5328 aia-nov.

401 5295 710 5329 uvuaianov.

474 5329 586 5438 (60)
613 5354 872 5417 Seguer.,
904 5344 954 5398 ἐν
990 5345 1222 5418 οῦρανῷ.
1259 5345 1402 5401 Ibid.
1438 5345 1670 5402 Gobler.
1702 5354 1759 5402 et
1809 5347 1956 5403 Felc.
1996 5350 2050 5415 1,

401 5419 489 5471 καὶ
519 5437 619 5471 γαο
651 5422 756 5471 τῶν
792 5415 844 5471 ἐν
879 5416 1154 5471 οὐρανοῖς.

401 5439 489 5473 και
651 5439 756 5471 των
792 5436 844 5471 εν
879 5436 1154 5509 ουρανοις.

415 5564 426 5573 _
473 5494 584 5573 (£11)
615 5498 875 5573 §eguer.,
907 5489 1045 5573 αῦτη
1103 5487 1286 5562 χάρις.
1320 5493 1445 5544 Mox
1493 5488 1722 5544 Gobler.
1786 5495 1842 5546 et
1897 5490 2048 5547 Felc.

407 5564 457 5632 1,
481 5559 581 5637 ’,ὅτε
611 5559 897 5636 ἄνδρωπος
927 5559 1238 5637 γενόμενος.

474 5636 584 5705 (62)
616 5629 876 5706 Seguei.,
937 5629 991 5686 αἱ
1049 5629 1312 5706 οὐράνιοι.
1338 5631 1513 5706 _Editi
1545 5635 1602 5686 et
1653 5631 1773 5706 alii,
1805 5629 2050 5706 uictimi-

402 5702 531 5762 νιαι.
565 5702 746 5763 Paulo
778 5711 911 5780 post
939 5702 1174 5779 Seguer.
1209 5703 1440 5761 Gobler.
1473 5710 1532 5759 et
1576 5703 1727 5760 Felc.
1763 5706 1814 5777 1,
1848 5702 1923 5766 εἷς
1953 5702 2048 5767 τὰς

2157 4706 2252 4747 τας
2283 4681 2667 4758 ἀπαγγέλλειν,
2702 4684 2776 4746 ὡς
2807 4684 2834 4738 6
2865 4683 3199 4747 Ἀπόστολος
3250 4683 3486 4762 εἷ’ρηκεν,
3519 4687 3602 4742 ὅτι
3644 4683 3814 4752 ὅντως

2208 4918 2350 5003 ὠρας
2383 4915 2576 4972 αὐτῶν.
2606 4917 2716 4972 Alii
2749 4922 2805 4974 et
2834 4918 3012 4975 editio
3043 4919 3348 4988 Commel.,
3369 4918 3443 4982 εἰς
3474 4919 3568 4984 τὰς
3601 4923 3812 4998 χώρας.

2190 5011 2386 5044 αυτων.

2231 5063 2610 5138 (63]6θ8υθῐκ
2643 5061 2874 5138 Gobler.
2907 5067 2963 5117 et
2992 5061 3142 5138 _F_elc.
3173 5065 3247 5138 *1,
3288 5061 3670 5138 ἐντιμότερον.

2161 5129 2246 5206 ει
2275 5129 2910 5206 θρἱἱξπροτιμότερον.
2950 5135 3109 5206 ibid.
3162 5129 3371 5206 Guliler
3404 5129 3460 5192 ἐι
3488 5129 3635 5193 Felc.
3671 5129 3811 5203 1,"H

2159 5203 2597 5282 γὰρ-ἀνάστασίς.
2633 5203 2867 5282 δβςυετ.
2923 5205 3089 5282 ibid.,
3122 5205 3199 5282 Ού
3264 5205 3358 5282 μέν
3417 5208 3521 5282 γὰρ
3580 5208 3810 5263 ἀνάστα-

2161 5275 2240 5336 σις
2271 5277 2430 5348 ἡμῖν,
2465 5283 2521 5332 et
2553 5275 2731 5348 paulo
2759 5282 2910 5347 post,
2945 5275 3125 5331 οὐκέτι
3159 5275 3215 5331 δὲ
3249 5275 3434 5348 μόνονζ

2233 5345 2632 5421 (61')Seguer.,
2666 5345 3089 5421 ἑαυτῶνςῆοεη
3135 5345 3330 5406 αὐτῶν.
3375 5352 3489 5408 Alii
3537 5356 3594 5407 et
3638 5351 3814 5408 editio

2160 5420 2465 5490 Commel.,
2498 5421 2693 5475 αυτῶν.

2231 5493 2343 5562 (65)
2374 5492 2464 5546 Sic
2494 5499 2730 5564 Seguer.
2765 5496 2824 5546 et
2854 5491 2986 5564 Reg.
3019 5493 3349 5564 Goblerian.
3386 5493 3526 5549 item
3569 5499 3626 5549 et
3661 5493 3811 5550 Felc.

2161 5560 2439 5640 1-hahent
2467 5560 2780 5640 γενόμενον.
2813 5560 3014 5618 ΑΙίΓθι
3055 5565 3216 5632 editi,
3251 5560 3304 5617 ἐν
3354 5569 3433 5636 τῷ
3477 5563 3687 5638 σώματι
3720 5585 3812 5640 γε-

2158 5631 2339 5709 νέσθαι
2368 5631 2720 5709 τὸν-Κύριον,

2229 5708 2342 5778 (66)
2372 5701 2600 5766 Gobler.
2634 5711 2694 5765 et
2721 5705 2874 5764 Felc.
2908 5707 2958 5778 1,
2992 5701 3082 5762 διὰ
3110 5706 3208 5775 τὴν
3237 5705 3398 5784 πρός,
3428 5714 3541 5767 etc.
