4090 6338
197 372 301 432 101

1340 364 1632 429 ORATIO
1679 369 1697 428 1
1744 366 2059 429 CONTRA
2104 362 2472 432 AltIANUS.

3501 377 3616 436 102

196 505 383 564 ὀΘεὸς
432 500 488 557 ἐν
518 500 730 563 τούτοις
763 497 895 555 ἐστί·
930 502 1167 576 καθάπερ
1217 499 1308 555 καὶ
1340 501 1368 554 6
1419 500 1675 569 Ἰωάννης
1734 501 1846 573 (67)

1984 500 2140 558 :larat
2173 520 2185 558 :
2220 505 2486 577 Quotquot
2511 513 2690 561 autem
2715 514 3040 578 receperunt
3066 522 3214 574 eum,
3235 506 3381 563 dedit
3409 510 3487 563 eis
3509 523 3614 580 po-

195 592 240 646 ἐν
295 593 399 665 μὲν
458 595 540 663 τῷ
584 586 908 664 Εὐαγγελίῳ
959 588 1142 667 φησίνο
1196 589 1352 644 ηυσοι
1406 585 1463 642 δί
1509 584 1704 642 ἔλαϐον
1756 586 1847 642 αὖ·

194 683 305 748 τὸν,
394 678 596 736 ἔδωκεν
677 678 861 740 αὐτοῖς
946 676 1184 748 ἐξουσίαν
1266 677 1425 733 τὲκνα
1500 682 1633 732 Θεοῦ
1704 675 1851 750 γενέ-

198 783 339 835 σθαισ
394 769 450 824 ἐν
499 768 557 823 δὲ
604 770 673 839 τῇ
722 764 1020 842 Ἐπιστολῇ
1066 768 1279 845 γράψει’
1334 768 1419 820 Ἐν
1470 766 1649 837 τούτῳ
1686 764 1852 841 γινώ-

200 880 427 933 σκομεν,
474 857 559 913 δτι
615 856 762 930 μένει
811 856 863 910 ἐν
923 855 1075 930 ὗμῖν,
1130 858 1190 911 ἐκ
1242 860 1340 911 τοῦ
1394 854 1702 928 πνεύματος
1760 852 1853 907 αὖ·

198 953 311 1018 τοῦ,
374 947 442 1002 οὗ
491 943 688 1001 ἔδωκεν
738 948 897 1019 ἡμῖν.
949 945 1239 1017 Γνώρισμα
1285 942 1343 1001 δέ
1390 943 1500 999 ἐστι
1547 943 1635 997 καὶ
1693 948 1853 997 τοῦτο

196 1040 287 1106 τῆς
321 1036 405 1098 εἷς
463 1038 614 1108 ἡμᾶς
668 1041 794 1110 παρ’
841 1033 1005 1089 αὐτοῦ
1048 1032 1349 1109 γενομένης
1382 1032 1736 1107 ἀγαθότητος,
1770 1030 1854 1085 ὅτι

193 1129 357 1198 ἡμεῖς
415 1127 516 1199 μὲν
566 1124 886 1198 ὀψώθημεν,
937 1120 1026 1179 διὰ
1071 1123 1135 1178 τὸ
1192 1122 1243 1177 ἐν
1274 1125 1408 1196 ἡμῖν
1445 1122 1579 1176 εἶναι
1607 1120 1697 1175 τὸν
1731 1120 1854 1193 ὕψι-

192 1237 313 1271 στον
375 1214 608 1291 Κύριον,
658 1213 747 1268 καὶ
800 1209 871 1266 δι’
921 1214 1070 1284 ἡμᾶς
1115 1213 1149 1281 ἠ
1203 1214 1365 1287 χάρις
1398 1208 1627 1274 δίδοται,
1678 1207 1856 1264 διὰτὸ

190 1306 447 1381 γενέσθαι
509 1304 584 1365 ὡς
635 1304 787 1375 ἡμᾶς
1017 1298 1299 1377 ἄνθρωπον
1358 1301 1448 1355 τὸν
1509 1303 1857 1376 χορηγοῦντα

187 1396 285 1463 τήν
353 1394 527 1470 χάριν
584 1390 803 1466 Κύριονο
857 1389 1016 1452 αὐτὸς
1077 1387 1135 1444 δὲ
1181 1391 1210 1444 6
1261 1390 1455 1464 Σωτήρ
1506 1388 1854 1443 ἐταπείνωσεν

191 1484 390 1540 ἑαυτὸν
425 1481 480 1538 ἐν
514 1486 593 1554 τῷ
622 1476 812 1535 λαϐεῖν
838 1478 903 1535 τὰ
932 1481 1182 1534 ταπεινὸν
1215 1480 1251 1548 ἡ
1288 1482 1403 1551 μῶν
1439 1482 1617 1550 σῶμα·
1653 1475 1856 1532 δούλου

187 1596 243 1629 τε
334 1573 566 1649 μορφὴν
646 1564 861 1637 ἔλαϐεν,
919 1566 1276 1642 ἐνδυσάμενος
1331 1569 1431 1637 τήν
1487 1564 1855 1622 δουλωθεῖσαν

191 1662 374 1739 σάρκα
403 1662 498 1732 ,τῇ
547 1658 801 1734 ἁμαρτίᾳ·
854 1658 953 1713 Καὶ
1001 1657 1162 1720 αὐτὸς
1214 1658 1307 1731 μὶν
1354 1654 1506 1712 οὐδὲν
1539 1657 1664 1731 παρ’
1694 1658 1854 1729 ὑμῶν

192 1754 267 1816 εἲς
328 1750 634 1828 βελτίωσιν
679 1745 912 1825 ἔσχηκεν
968 1750 1103 1822 (69)·
1155 1745 1406 1816 ἀνενδεὴς
1452 1749 1553 1824 γάρ
1603 1746 1712 1801 ἐστι
1768 1744 1857 1801 καὶ

191 1841 308 1912 πλτς
319 1862 431 1917 ρης
461 1841 495 1895 6
524 1844 622 1895 τοῦ
651 1842 785 1894 Θεοῦ
817 1838 1012 1915 Λόγος⁶
1045 1839 1210 1910 ἡμεῖς
1244 1834 1302 1892 δὲ
1332 1842 1456 1911 παρ’
1507 1835 1670 1892 αὐτοῦ
1717 1834 1856 1909 μᾶλ-

193 1931 288 1987 λον
337 1925 784 2001 ἰόελτιώθημεν.
819 1927 991 1990 Αὐτὸς
1020 1929 1119 2004 γάρ
1152 1926 1260 1981 ἐστι
1289 1928 1354 1982 τὸ
1385 1931 1522 2005 φῶς,
1562 1926 1592 1980 ὃ
1640 1925 1859 2004 φωτίζει

192 2024 378 2077 πάντα
462 2015 747 2093 ἄνθρωπον
822 2013 1121 2093 ἐρχόμενον
1198 2016 1273 2078 εἰς
1329 2016 1418 2070 τὸν
1477 2014 1700 2088 κόσμον.
1760 2015 1859 2072 Καὶ

194 2111 385 2184 μάτην
415 2104 785 2184 ἐπερείδονται
818 2106 869 2160 οἱ
901 2105 1167 2178 Ἀρειανοὶ
1195 2109 1296 2177 τῷ,
1331 2102 1433 2175 διὸ,
1464 2101 1862 2177 συνδέσμῳβιὰ

188 2203 248 2255 τὸ
278 2199 475 2274 λέγειν
533 2198 627 2251 τὸν
672 2194 914 2251 Παῦλον’
972 2194 1064 2249 Διὸ
1111 2194 1199 2250 καὶ
1248 2194 1277 2248 6
1330 2193 1460 2256 Θεὸς
1503 2192 1662 2248 αὐτὸν
1695 2192 1861 2265 ὕπερ-

191 2290 439 2363 ὖψωσεν.
493 2285 573 2344 Οὐ
624 2285 727 2361 γὰρ
779 2283 943 2347 ἆθλον
996 2283 1214 2359 ἀρετῆς,
1266 2280 1392 2338 οὐδὲ
1421 2284 1534 2355 (70)
1571 2281 1858 2357 βελτίωσιν

192 2383 498 2455 προκοπῆς
552 2372 718 2429 αὐτοῦ
756 2371 1032 2446 σημαίνων
1061 2367 1268 2447 ἔλεγεν,
1297 2369 1439 2427 ἀλλά
1466 2371 1529 2425 τὸ
1561 2368 1730 2425 αἶ’τιον
1762 2377 1863 2439 τῆς

196 2469 268 2530 εἷς
312 2469 479 2538 μᾶς
511 2463 813 2538 γενομένης
843 2461 1125 2535 ὀψώσεως.
1158 2460 1226 2518 Τί
1257 2459 1314 2515 δὲ
1342 2460 1503 2516 τοῦτό
1534 2459 1674 2515 ἐστιν
1704 2460 1739 2529 ἢ
1769 2459 1861 2515 τὸν

198 2557 245 2612 ἐν
274 2558 481 2633 μορφῇ
514 2556 651 2608 Θεοῦ
695 2550 1011 2626 ὑπάρχοντα
1057 2551 1191 2623 (71),
1238 2550 1327 2604 καὶ
1377 2550 1617 2626 εὐγενοῦς
1658 2549 1865 2625 Πατρὸς

200 2647 351 2717 Υἱὸν,
406 2645 747 2697 ταπεινῶσαι
806 2640 991 2695 ἑαυτὸν
1044 2639 1133 2694 καὶ
1180 2637 1377 2694 δοῦλον
1429 2640 1727 2711 ἀνθ’ἡμῶν
1775 2638 1864 2693 καὶ

199 2732 334 2809 ὑπὲρ
374 2734 545 2803 ἡμῶν
578 2729 824 2805 γενέσθαι
854 2747 868 2798 ;
904 2727 967 2784 Εἰ
998 2727 1101 2803 γὰρ
1136 2728 1211 2800 μὴ
1258 2729 1543 2802 ἅνθρωπος
1592 2728 1621 2783 6
1671 2728 1865 2803 Κύριος

203 2821 465 2899 ἐγεγόνει,
524 2817 627 2873 οὐκ
681 2817 739 2872 ἂν
789 2819 951 2890 ἡμεῖς
999 2817 1103 2871 ἀπὸ
1152 2818 1433 2893 ἁμαρτιῶν
1502 2816 1866 2892 λυτρωθέντες

200 2911 255 2965 ἐκ
280 2914 506 2985 νεκρῶν
542 2908 867 2980 ἀνέστημεν,
900 2904 1029 2961 ἀλλ’
1056 2905 1319 2979 ἐμένομεν
1364 2905 1469 2961 ὑπὸ
1515 2913 1616 2982 γῆν
1661 2905 1864 2983 νεκροί·

207 2998 317 3056 οὐδ’
371 2999 435 3053 ἂν
494 2997 797 3071 ὑψώθημεν
847 2995 921 3057 εἷς
964 2994 1247 3070 οὐρανοὺς,
1281 2995 1407 3052 ἀλλ’
1438 2996 1685 3071 ἐκείμεθα
1714 2995 1766 3051 ἐν
1790 3000 1870 3068 τῷ

204 3085 326 3165 ᾅδῃ.
364 3089 449 3143 Δι’
504 3087 658 3159 ἡμᾶς
707 3081 811 3160 ἄρα
850 3084 938 3139 καὶ
991 3085 1123 3161 ὑπὲρ
1146 3086 1308 3158 ἡμῶν
1340 3084 1451 3140 ἐστι
1481 3087 1543 3140 τὸ
1570 3084 1863 3162 λεγόμενον

206 3177 560 3254 ὕπερύψωσε,
591 3175 705 3242 καὶ,
736 3173 1047 3251 ἐχαρίσατο.

268 3267 364 3343 44.
408 3281 688 3352 Τοια·5την
753 3282 847 3354 μὲν
908 3279 997 3336 οὖν
1054 3282 1296 3357 ἠγοῦμαι
1342 3282 1441 3350 τὴν
1475 3279 1710 3337 διάνοιαν
1767 3286 1865 3336 τοῦ

207 3376 383 3451 ῥητοῦ
413 3373 515 3429 καὶ
550 3368 703 3445 μάλα
749 3368 1202 3440 ἐκκλησιαπικήν
1254 3367 1435 3427 οὖσαν.
1486 3370 1583 3425 Καὶ
1626 3368 1872 3447 δεύτερον

207 3463 260 3519 δὲ
281 3464 452 3537 ὅμως
485 3481 575 3521 τις
609 3458 1007 3534 ἐπιχειρήσειεν
1042 3458 1117 3520 εἷς
1147 3458 1212 3513 τὸ
1242 3458 1429 3535 ῥητὸν,
1480 3458 1540 3514 ἐκ
1591 3458 1879 3536 παραλλή-

205 3553 306 3608 λου
339 3551 537 3627 λέγων
567 3548 639 3603 τὰ
666 3547 818 3601 αὐτά·
845 3548 928 3602 ὅτι
959 3546 1021 3601 οὐ
1044 3547 1136 3601 τὸν
1174 3546 1347 3622 Λόγον
1380 3546 1559 3618 αὐτὸν,
1699 3546 1878 3622 Λόγος

206 3642 373 3709 ἐστὶν,
433 3639 707 3712 ὕψοῦσθαι
757 3634 1029 3708 σημαίνει*
1079 3631 1188 3690 ἔστι
1237 3636 1360 3711 γὰρ,
1414 3636 1490 3699 ὡς
1555 3636 1877 3713 προείρηται

206 3734 399 3805 μικρῷ
430 3725 671 3803 πρόσθεν
705 3728 840 3798 (72),
873 3724 1095 3798 ὕψιστος
1134 3724 1223 3778 καὶ
1276 3723 1469 3797 ὅμοιος
1520 3722 1593 3778 ὥν
1642 3729 1720 3797 τῷ
1772 3731 1874 3780 [Ια-

201 3821 303 3896 τρί·
340 3816 505 3873 ἀλλὰ
539 3812 629 3869 διὰ
657 3815 758 3883 τήν
792 3813 1191 3888 ἐνανθρώπησιν
1225 3812 1391 3868 αὐτοῦ
1419 3820 1519 3883 τῆς
1570 3812 1629 3869 ἐκ
1673 3819 1876 3890 νεκρῶν

199 3904 562 3966 ἆναστάσεώς
616 3903 727 3958 ἐστι
782 3899 1091 3971 δηλωτικὸν
1137 3903 1198 3956 τὸ
1248 3901 1436 3978 ῥητόν.
1487 3901 1673 3977 Λέγων
1723 3908 1875 3977 γοῦν.

204 3996 580 4051 ἐταπείνωσεν
659 3993 845 4047 ἑαυτὸν
936 3992 1103 4068 μέχρι
1190 3993 1420 4056 θανάτου
1448 4036 1462 4063 ,
1549 3991 1701 4055 εὐθὺς
1785 3993 1877 4048 ἐπ-

201 4088 385 4161 ήγαγε
434 4084 531 4155 τὸ,
590 4078 680 4135 Sid
724 4085 886 4135 τοῦτο
938 4079 1277 4154 ὑπερύψωσε·
1327 4077 1495 4152 δεῖξαι
1541 4080 1740 4152 θέλων,
1771 4081 1877 4155 ὅτι,

204 4175 245 4228 εἰ
272 4174 372 4229 καὶ
404 4172 486 4234 ὠς
523 4170 810 4244 ἄνθρωπος
840 4166 1056 4245 λέγεται
1086 4169 1424 4241 τεθνηκέναι,
1469 4167 1597 4225 ἀλλ’
1640 4171 1714 4233 ὡς
1763 4172 1876 4241 ζωὴ

206 4260 273 4317 ὧν
333 4262 547 4337 ὑψώθη
602 4262 673 4332 τῇ
728 4258 1009 4313 ἀναστάσει
1034 4302 1047 4315 .
1103 4259 1160 4311 Ὁ
1217 4259 1319 4334 γὰρ
1382 4253 1618 4321 καταϐὰς
1644 4304 1657 4330 ,
1720 4260 1879 4324 αὐτός

208 4352 313 4407 ἐστι
376 4352 474 4406 χαί
539 4349 567 4403 ὁ
628 4348 852 4409 ἀναστὰς
909 4349 1046 4420 (73).
1106 4341 1315 4417 Κατὲϐη
1374 4347 1478 4422 γὰρ
1529 4354 1878 4421 σωματικῶς.

206 4440 405 4509 ἀνέστη
460 4435 547 4506 δὲ,
601 4434 686 4491 ὅτι
738 4435 865 4497 Θεὸς
908 4442 974 4505 ῆν
1020 4435 1180 4496 αὑτὸς
1211 4434 1263 4489 ἐν
1293 4436 1530 4509 σώματι.
1563 4437 1660 4491 Καὶ
1717 4442 1879 4494 τοῦτο

207 4528 373 4584 πάλιν
407 4528 559 4583 ἐστὶν
599 4522 665 4580 οὗ
697 4526 858 4601 χάριν
892 4523 1134 4600 ἐπήγαγε
1182 4527 1251 4598 τῇ
1303 4521 1513 4602 διανοίᾳ
1556 4525 1722 4601 ταύτῃ
1767 4530 1880 4602 (74)

116 4620 320 4691 τ’τὸν,
363 4614 455 4671 διὸ
510 4598 835 4686 σύνδεσμον,
886 4611 949 4667 οὐ
1003 4598 1193 4686 μισθὸν
1244 4598 1444 4705 ἀρεδςῆς
1494 4611 1619 4669 οὐδὲ
1675 4598 1876 4691 apem.
1909 4604 1955 4668 D

1960 594 2205 648 testatem
2232 593 2383 663 ﬁlios
2414 596 2514 650 Dei
2542 597 2667 665 fieri
2689 596 2733 631 ¹⁴
2757 613 2769 663 ;
2794 595 3054 667 itemque
3085 596 3145 652 in
3197 595 3478 668 Epistola,
3510 595 3613 651 ubi

1965 680 2082 736 haec
2114 682 2354 738 scribit:
2390 687 2455 738 In
2484 684 2583 739 hoc
2609 687 2831 751 scimus,
2862 686 2995 756 quia
3022 687 3204 742 manet
3235 689 3298 741 in
3335 686 3513 754 nobis,
3544 700 3613 741 ea:

1961 772 2162 842 spiritu
2192 772 2313 840 eius
2340 788 2446 843 que
2471 791 2503 819 η
2522 773 2672 829 dedit
2693 774 2853 829 nobis
2877 774 3008 829 ".Id
3036 792 3177 830 sane
3197 778 3611 847 argumentum

1963 863 2052 914 est
2071 861 2199 930 ejus
2222 860 2279 915 in
2313 877 2420 917 nos
2439 862 3003 934 benignitatis,quod
3032 880 3136 918 nos
3157 865 3231 919 ob
3254 862 3611 919 altissimum

1963 947 2301 1017 Dominum,
2356 951 2454 1022 qui
2503 957 2593 1006 est
2642 952 2701 1006 in
2745 952 2933 1019 nobis,
2984 952 3218 1008 exaltati
3268 951 3515 1018 fuimus,
3543 968 3611 1007 ac

1964 1043 2206 1109 propter
2245 1056 2349 1095 nos
2380 1040 2519 1095 data
2568 1041 2679 1096 fuit
2724 1041 2935 1111 gratia,
2986 1057 3054 1097 eo
3103 1042 3258 1112 quod
3308 1041 3616 1107 Dominus,

1964 1126 2165 1198 gratiae
2198 1127 2459 1199 largitor,
2512 1128 2687 1185 homo
2741 1130 2922 1186 nostri
2976 1130 3192 1186 similis
3238 1130 3317 1186 sit
3345 1130 3609 1186 effectus.

1964 1215 2248 1272 Caeterum
2283 1217 2410 1289 ipse
2453 1218 2720 1274 Salvator
2768 1219 3028 1291 seipsum
3084 1219 3432 1286 humiliavit,
3484 1235 3617 1275 cum

1967 1308 2236 1360 nostrum
2288 1306 2515 1362 humile
2564 1323 2777 1378 corpus
2838 1308 3060 1380 accepit
3110 1324 3124 1362 :
3178 1308 3448 1379 servique
3504 1308 3620 1363 for-

1968 1409 2125 1449 mam
2159 1394 2370 1464 induit,
2402 1412 2535 1450 cum
2564 1413 2821 1464 carnem,
2855 1414 2985 1467 quae
3018 1402 3254 1468 peccato
3288 1395 3623 1469 mancipata

1965 1484 2630 1556 crat,assumpsit.Nihil
2662 1493 2859 1540 autem
2890 1486 3015 1558 ipse
3045 1502 3159 1557 quo
3190 1484 3397 1542 melior
3429 1486 3615 1552 fieret,

1967 1586 2001 1626 a
2031 1572 2202 1627 nobis
2233 1572 2439 1629 habuit
2471 1590 2484 1629 :
2516 1574 2811 1645 siquidem
2843 1573 3005 1630 nulla
3034 1591 3094 1630 re
3117 1574 3469 1647 indiget,sed
3501 1574 3618 1645 pls-

1967 1677 2110 1716 num
2143 1666 2200 1716 et
2233 1661 2550 1732 perfectum
2581 1666 2671 1718 est
2702 1663 2801 1718 Dei
2832 1663 3109 1720 Verbum.
3148 1664 3356 1720 Verum
3393 1679 3501 1720 nos
3526 1662 3623 1719 ille

1967 1748 2162 1819 potius
2191 1749 2380 1804 effecit
2410 1749 2702 1805 meliores.
2734 1750 2877 1807 Nam
2914 1754 3036 1822 ipse
3068 1752 3168 1806 tua:
3207 1756 3298 1807 est
3341 1767 3462 1823 qua
3492 1751 3621 1808 illu-

1970 1839 2149 1892 minat
2194 1852 2408 1893 omnem
2454 1838 2733 1894 hominem
2782 1842 3093 1896 venientem
3144 1843 3203 1895 in
3252 1840 3520 1897 mundum
3554 1841 3615 1894 η.

1971 1926 2211 1981 Frustra
2230 1942 2399 1998 porro
2427 1927 2627 1982 Ariani
2658 1928 3069 1999 conjunctione
3093 1930 3295 1985 idcirco
3319 1929 3615 1997 nituntur,

1968 2014 2070 2070 ubi
2100 2014 2380 2070 nimirum
2414 2014 2494 2071 ait
2524 2016 2741 2072 Paulus
2775 2035 2786 2072 :
2822 2018 3024 2073 Idcirco
3052 2027 3105 2073 et
3152 2018 3291 2072 Deus
3332 2017 3623 2074 exultavit

1971 2102 2160 2160 illum.
2192 2104 2306 2159 Nec
2337 2104 2493 2159 enim
2524 2104 2684 2161 hisce
2715 2106 2905 2161 verbis
2932 2105 3235 2178 praemium
3266 2106 3501 2161 virtutis
3535 2104 3626 2160 vel

1972 2193 2405 2248 incrementum
2458 2195 2518 2248 in
2570 2193 2780 2250 melius
2829 2194 3202 2265 signiﬁcavit,
3264 2195 3363 2250 sed
3436 2193 3623 2249 nostri

1971 2296 2152 2337 causa
2181 2281 2396 2337 factam
2430 2282 2865 2338 exultationem.
2900 2283 3046 2348 Quid
3100 2300 3234 2339 vero
3286 2283 3430 2339 illud
3465 2280 3625 2339 aliud

1972 2374 2082 2441 est,
2115 2387 2292 2442 quam
2324 2388 2482 2438 cum,
2517 2372 2617 2443 qui
2650 2372 2707 2427 in
2742 2373 2927 2429 forma
2958 2373 3056 2429 Dei
3089 2371 3626 2438 erat,nobilissimi-

1974 2474 2087 2530 que
2117 2458 2304 2515 Patris
2339 2461 2574 2531 Filium,
2603 2460 2867 2532 seipsum
2918 2460 3287 2526 humiliasse,
3320 2466 3378 2516 et
3408 2460 3623 2516 nostri-

1972 2548 2096 2603 vice
2126 2564 2193 2604 ac
2222 2553 2460 2621 propter
2491 2566 2597 2604 nos
2627 2565 2857 2605 servum
2883 2565 3011 2605 esse
3046 2548 3289 2606 factum?
3312 2548 3433 2605 Nisi
3464 2549 3621 2605 enim

1977 2636 2260 2692 Dominus
2291 2637 2466 2694 homo
2496 2637 3257 2710 fuisset,faclus,nnnquam
3292 2654 3400 2694 nos
3431 2655 3465 2693 a
3486 2653 3625 2709 pec-

1977 2724 2125 2781 catis
2155 2726 2460 2782 redimivel
2493 2745 2526 2782 a
2558 2728 2805 2783 mortuis
2826 2727 3062 2783 excitari
3096 2727 3623 2800 potuissemus,sed

1978 2814 2190 2870 mortui
2225 2816 2334 2870 sub
2366 2820 2581 2871 terram
2615 2818 3327 2888 remansissemus,neque
3361 2832 3623 2887 unquam

1976 2902 2032 2958 in
2068 2903 2244 2959 cmlos
2277 2903 2595 2960 fuissemus
2624 2905 2824 2972 evecti,
2854 2907 2957 2961 sed
2992 2906 3048 2960 in
3085 2905 3288 2962 inieris
3328 2904 3624 2977 jacuisse-

1978 3009 2132 3048 mus.
2168 2993 2367 3065 Itaque
2397 2999 2633 3066 pcopter
2661 3010 2768 3050 nos
2798 2998 2855 3049 et
2884 3010 2988 3066 pro
3020 2993 3192 3049 nobis
3224 2993 3369 3049 illud
3403 2994 3624 3049 dictum

1976 3087 2087 3149 est,
2118 3081 2393 3137 exultavit
2425 3088 2482 3138 et
2508 3082 2756 3138 donavit.

2049 3188 2136 3242 44.
2173 3187 2338 3244 Hunc
2367 3205 2473 3260 ego
2503 3205 2743 3244 sensum
2776 3189 2955 3260 hujus
2982 3188 3089 3244 loci
3140 3206 3292 3259 esse,
3324 3190 3629 3247 eumdem-

1983 3295 2097 3350 que
2137 3279 2386 3333 maxime
2436 3278 2899 3334 ecclesiasticum
2932 3280 3200 3335 arbitror.
3257 3280 3382 3335 Alio
3431 3284 3629 3335 tamen

1985 3368 2159 3423 modo
2189 3367 2289 3422 sed
2323 3368 2447 3439 pari
2469 3368 2760 3422 sententia
2788 3367 2939 3423 idem
2963 3367 3048 3423 ita
3067 3367 3204 3424 licet
3236 3368 3630 3442 interpretari,

1989 3461 2052 3511 ut
2081 3471 2291 3528 nempe
2311 3454 2428 3511 illis
2459 3455 2649 3511 verbis
2670 3473 2785 3511 non
2814 3457 3105 3513 indicetur
3130 3458 3387 3514 Verbum
3412 3458 3633 3531 ipsum,

1995 3551 2287 3617 quatenus
2314 3550 2404 3599 est
2432 3544 2959 3615 Verbum,sxaltari
2988 3563 3001 3601 :
3038 3551 3275 3615 nam,ut
3305 3546 3478 3619 paulo
3502 3551 3637 3603 ante

1986 3633 2696 3699 estdictum,a|lissimum
2723 3633 3035 3706 simileque
3066 3635 3252 3690 Patrit
3275 3640 3362 3691 est
3386 3652 3400 3702 ;
3432 3652 3636 3691 verum

1987 3722 2331 3793 hujusmodi
2362 3722 2516 3778 dicto
2548 3723 2900 3780 resurrectio
2928 3742 2961 3779 a
2994 3724 3239 3780 mortuis
3272 3724 3643 3797 signiﬁcatur

1988 3818 2224 3885 prapter
2252 3812 2574 3867 humanam
2608 3813 2680 3867 ab
2712 3829 2777 3868 eo
2801 3817 3171 3885 assumptum
3194 3815 3643 3871 naturam.Hino

1988 3906 2301 3975 postquam
2351 3900 2518 3969 dixit,
2571 3901 2893 3957 humiliavit
2951 3903 3299 3975 semetipsum
3348 3918 3522 3976 usque
3568 3904 3644 3959 ad

1987 3996 2220 4047 mortem
2253 3991 2320 4057 1³,
2356 3989 2556 4045 statim
2590 3990 3057 4062 addidit,idcirco
3076 3993 3346 4048 exultavit
3375 4010 3394 4047 :
3426 3991 3643 4064 quibus

1988 4081 2193 4153 utique
2220 4079 2414 4136 verbis
2443 4078 2569 4134 vult
2598 4080 2907 4136 ostendere
2937 4096 3094 4150 eum,
3132 4081 3406 4153 quamvis
3436 4084 3639 4151 quate-

1989 4187 2103 4226 nus
2132 4170 2308 4225 homo
2341 4172 2450 4238 est,
2485 4174 2757 4225 mortuus
2798 4185 2925 4225 esse
2976 4168 3212 4237 dicitur,
3263 4173 3324 4225 at
3352 4175 3643 4242 quatenus

1988 4264 2080 4316 est
2110 4259 2253 4324 vita,
2285 4260 2710 4315 resurrectione
2741 4259 3056 4314 exaltatum
3108 4258 3290 4314 fuisse
3324 4276 3338 4327 ;
3371 4275 3506 4315 nam
3540 4259 3647 4327 Qui

1989 4348 2289 4417 descendit,
2323 4350 2446 4419 ipse
2476 4357 2572 4414 est,
2604 4351 2658 4401 ct
2686 4349 2782 4419 qui
2810 4348 3063 4404 ascendit
3093 4347 3156 4404 ¹⁸.
3188 4347 3492 4419 Siquidem
3525 4364 3646 4403 cor-

1992 4455 2131 4513 pore
2152 4436 2454 4495 descendit
2487 4454 2500 4491 :
2534 4437 2851 4492 resurrexit
2871 4453 3004 4493 vero
3026 4438 3164 4509 quia
3187 4437 3311 4507 ipse
3342 4437 3499 4493 Deus
3521 4440 3649 4493 erat

1992 4529 2049 4584 in
2082 4544 2322 4601 corpore
2348 4553 2361 4595 ;
2396 4527 2633 4598 haecque
2665 4545 2870 4583 rursus
2898 4545 3077 4583 causa
3108 4532 3218 4596 est,
3239 4544 3345 4583 cur
3372 4544 3438 4584 eo
3465 4543 3644 4583 sensu

1986 4616 2479 4689 conjunctionem,
2514 4618 2736 4684 idcirco,
2772 4617 3131 4687 adhibuerit,
3168 4634 3295 4690 qua
3330 4632 3433 4672 nec
3465 4615 3647 4671 virtu-

282 4765 328 4800 ιδ
357 4763 543 4819 Joan.
578 4777 626 4827 ι,
658 4760 746 4814 42.
827 4758 871 4794 ¹⁸
902 4758 923 4813 Ι
952 4758 1121 4815 Joan.
1155 4774 1240 4825 ιιι,
1273 4759 1364 4813 24.
1446 4759 1488 4795 ¹⁶
1515 4759 1687 4817 Joan.
1722 4778 1762 4830 ι,
1794 4763 1848 4817 9.

2002 4761 2213 4833 Philip.
2247 4778 2305 4830 ιι,
2337 4761 2392 4829 8,
2422 4762 2477 4815 9.
2557 4761 2600 4796 ιθ
2631 4760 2842 4832 Ephes.
2881 4778 2954 4827 ιν,
2990 4763 3075 4816 10.

280 4921 396 4993 (67)
423 4922 524 4976 Sic
554 4925 790 4993 Seguer.
826 4917 964 4993 fteg.
995 4917 1226 4993 Gobler.
1260 4923 1322 4993 et
1350 4919 1502 4993 Belo.
1531 4920 1586 4991 1,
1619 4926 1676 4976 et
1708 4921 1881 4978 Basil.

218 4988 475 5065 Anglic,
513 4998 576 5047 et
636 4988 782 5065 Felc.
840 4989 1192 5065 _5,_xaii&1rsp
1235 4989 1349 5065 aut
1382 4988 1659 5065 Ἰωάννης.
1696 4993 1885 5049 Editio

214 5058 508 5136 Comma].
557 5062 802 5136 καθαπερ
834 5060 862 5113 ὁ
923 5058 1196 5136 Ἰῳᾴννηέ.
1234 5062 1451 5136 Ibidem
1488 5058 1683 5134 μένει
1714 5065 1886 5136 paulo

214 5134 589 5209 postijpéf'fet.
626 5132 793 5189 abest
823 5133 1115 5209 aiGobler.
1150 5139 1207 5188 et
1237 5132 1384 5209 Felc.
1422 5135 1472 5209 i.

285 5204 538 5279 (68)"Sic
558 5212 808 5280 §eguer.
839 5204 1070 5280 Gobler.
1122 5210 1180 5280 et
1227 5205 1479 5280 Felc._'i,
1530 5211 1595 5261 ut
1642 5210 1700 5263 et
1744 5205 1889 5280 legit

214 5272 515 5334 Nannius.
549 5272 749 5351 Cafarj
782 5281 837 5330 et
865 5276 1027 5344 editi,
1057 5273 1301 5351 γενέσθαι
1334 5272 1405 5330 δι’
1432 5272 1602 5349 ἡμᾶς.

288 5352 405 5420 (69)
434 5355 684 5420 Seguer.
718 5344 899 5420 ἔσχεν.

288 5363 405 5420 (δυ)
434 5363 684 5420 beguer.
718 5363 899 5472 εσχδεν.

288 5424 685 5494 (70)Seguer.
720 5419 797 5474 Ου
835 5418 863 5471 ὲ
890 5416 992 5493 γὰρ
1024 5414 1188 5494 ἆθλον
1246 5416 1443 5492 ἀρετῆς
1488 5460 1501 5474 .
1548 5462 1560 5475 .
1589 5461 1621 5494 _.
1668 5463 1680 5476 .
1741 5417 1885 5494 οὔτε.

220 5488 401 5549 Ιὰετῑί
442 5488 623 5567 paulo
681 5496 833 5564 post,
891 5488 993 5558 τῆς
1052 5489 1129 5551 εἰς
1156 5488 1306 5562 ἡμᾶς
1336 5488 1706 5565 γεγενημένης
1736 5492 1886 5566 ὀψώ-

226 5583 385 5619 συως.

294 5585 412 5709 iiii)
440 5640 712 5709 Seguer.,
753 5625 903 5709 ὄντα.
947 5633 1111 5709 idem
1154 5638 1212 5690 et
1254 5632 1484 5709 Qobler.
1546 5638 1603 5709 et
1650 5636 1798 5709 Felc.
1827 5638 1886 5709 ,1,

225 5702 315 5762 κιῖ
350 5702 602 5783 εόγινόῦς
635 5705 844 5783 Πατρὸς
903 5702 1050 5783 Υἱόν,
1101 5712 1168 5762 ut
1205 5711 1264 5763 et
1290 5705 1556 5764 Nannius
1586 5706 1744 5782 legit.
1777 5702 1890 5765 Alii

1995 4926 2053 4978 et
2083 4920 2264 4994 editio
2291 4920 2593 4994 Commei.,
2625 4919 2713 4974 καὶ
2746 4919 2797 4973 ἐν
2831 4919 3098 4994 ὁμοιώσει
3127 4918 3336 4994 [ἰατρὸς
3371 4916 3518 4994 Υἱόν.

2214 4991 2408 5066 Μικρῷ
2438 4990 2668 5067 πρόσθεν
2699 4990 2878 5067 abest
2899 5010 2931 5048 ει
2955 4990 3290 5067 _Goblerian.
3325 4996 3382 5047 et
3410 4991 3558 5067 Felc.
3587 4991 3641 5048 1.

1997 5064 2144 5119 Ibid.
2166 5061 2412 5130 Seguer.
2442 5061 2498 5120 ei
2529 5065 2667 5136 Reg.
2695 5063 2917 5135 ὕψιστος
2949 5061 3143 5135 ὅμοιος
3177 5084 3251 5116 ων
3281 5067 3378 5133 τῷ,
3411 5064 3641 5136 Gobler.

1996 5137 2145 5209 item
2167 5140 2225 5190 et
2252 5137 2400 5191 Felc.
2436 5138 2487 5197 1,
2520 5156 2593 5187 ων
2614 5133 2876 5209 ίιιόᾶιιηι.
2930 5133 3077 5190 Editi
3129 5136 3363 5209 aliique,
3422 5133 3644 5209 ὕψιστος

1995 5205 2085 5260 καὶ
2116 5204 2311 5280 ὅμοιος
2341 5211 2422 5278 τῷ
2453 5205 2643 5280 Πατρί.

2067 5280 2179 5349 (73)
2212 5277 2461 5334 Felckm.
2494 5277 2669 5345 5,’καὶ
2722 5277 2967 5349 ἀναστάς.
3006 5278 3253 5349 ibidem
3305 5277 3648 5349 Basiliensis

1996 5343 2196 5418 κατέϐη
2260 5343 2583 5421 σωματικῶς
2641 5350 2826 5418 ἆνέστη
2870 5346 2927 5402 δὲ
2986 5348 3085 5421 ὡς-
3121 5349 3270 5417 Θεὸς,
3294 5344 3399 5421 Δὅτι
3432 5350 3459 5402 ὁ
3491 5347 3646 5421 Θεός.

1998 5422 2112 5476 Alii
2170 5417 2304 5478 Vero
2348 5417 2418 5477 "et
2474 5423 2651 5478 editio
2708 5417 3005 5491 Commel.,
3069 5418 3254 5491 ἒνὲστη
3289 5417 3346 5475 δὶ
3376 5422 3458 5475 ὅτι
3490 5420 3643 5482 Θεός.

1996 5491 2115 5620 Et?)
2135 5498 2333 5619 auttem
2364 5493 2463 5549 alii
2495 5509 2696 5549 omnes
2728 5498 2785 5549 et
2816 5510 2959 5550 mss.
2993 5496 3050 5549 et
3079 5494 3218 5550 editi
3280 5500 3411 5565 post
3439 5491 3639 5563 κατὲοη

2044 5583 2077 5620 a
2120 5582 2189 5619 en
2227 5607 2239 5619 .

2044 5582 2239 5620 anent.

2072 5638 2183 5711 (74)
2211 5641 2472 5711 segnem,
2504 5634 2593 5689 καὶ
2625 5633 2676 5687 ἐν
2706 5638 2775 5709 τῇ
2804 5631 3012 5707 διανοίᾳ
3041 5634 3225 5708 ταύτῃ.
3280 5635 3441 5692 Idem
3470 5635 3646 5711 paulo

1999 5714 2132 5781 post
2162 5704 2228 5763 δι’
2258 5704 2325 5780 ἦν
2356 5705 2656 5772 ἀνάστασις.
