4076 6342
430 414 554 530 iw

977 469 1042 529 S.
1090 464 1516 530 ATHANASII
1561 464 1737 528 OPP.
1785 416 1984 525 PARS
2029 463 2079 525 l.
2113 494 2188 509 —
2220 463 2642 526 HISTORICA
2688 463 2789 525 ET
2833 460 3317 524 DOGMATICA.

3732 460 3840 522 120

430 616 610 674 quam
639 599 921 676 Dominus
952 599 1142 657 factus
1173 599 1348 655 homo
1378 601 1712 672 serpentem
1756 596 2080 667 devicit,vis

2195 615 2319 666 που,
2360 592 2574 651 καὶτὸν
2605 594 2727 674 ὅφιν
2776 594 3193 672 ἀνατρέψαντος,
3248 593 3324 657 είς
3379 592 3585 656 πάντας
3633 591 3839 668 ἀνθρώ-

426 690 528 748 illa
558 690 924 766 permanebit
953 690 1011 746 in
1044 698 1250 747 omnes
1297 688 1587 757 homines,
1634 692 1699 744 ut
1727 686 1948 760 singuli
1981 703 2079 743 no-

430 785 619 838 atrum
667 780 885 848 dicant,
944 780 1066 838 Non
1127 781 1278 836 enim
1340 780 1663 851 ignoramus
1727 777 2082 850 cogitationes

425 871 544 943 ejus
572 870 637 926 ⁸³.
670 868 1054 926 Meritissimo
1087 868 1269 941 igitur
1299 867 1605 938 Dominus,
1639 867 1738 940 qui
1761 882 1994 938 semper
2025 870 2084 922 et

432 963 647 1016 natura
675 957 1068 1015 immutabilis
1097 963 1207 1026 est,
1243 957 1343 1030 qui
1368 956 1665 1029 justitiam
1684 960 1863 1022 amat,
1893 960 1950 1012 et
1970 954 2079 1010 ini-

430 1048 712 1119 quitatem
744 1048 880 1105 odio
910 1048 1107 1116 habet,
1141 1046 1386 1119 ungitur
1415 1050 1472 1102 et
1502 1045 1777 1115 mittitur,
1830 1049 1898 1100 ut
1926 1045 2083 1100 idem

432 1137 559 1210 ipse
607 1140 666 1195 et
718 1137 1008 1195 exsistens
1057 1143 1115 1193 et
1161 1150 1536 1210 permanens,
1588 1151 1761 1191 carne
1815 1132 2085 1190 mutabili

433 1229 765 1300 assumpta,
796 1230 1099 1300 peccatum
1131 1225 1191 1279 in
1222 1224 1352 1297 ipsa
1382 1224 1733 1280 condemnet
1759 1224 2085 1296 “,eamque

432 1316 642 1372 reddat
668 1314 942 1384 liberam,
972 1320 1037 1371 ut
1068 1313 1214 1387 legis
1236 1311 1530 1385 justitiam
1575 1311 1765 1385 possit
1809 1311 2085 1384 deinceps

433 1404 496 1461 in
526 1405 658 1478 ipsa
685 1403 947 1478 implere.
980 1394 1127 1460 Hinc
1148 1403 1276 1474 jam
1298 1400 1435 1459 licet
1459 1401 1650 1459 dicere
1683 1417 1697 1457 :
1730 1402 1847 1459 Nos
1885 1405 2081 1459 autem

434 1509 554 1551 non
587 1493 647 1549 in
679 1508 875 1561 carne,
898 1493 998 1550 sed
1030 1492 1090 1549 in
1121 1489 1342 1565 Spiritu
1375 1506 1605 1562 sumus,
1627 1490 1918 1565 siquidem
1948 1490 2081 1564 Spi-

432 1581 584 1639 ritus
613 1581 719 1639 Dei
746 1581 974 1639 habitat
1001 1581 1063 1637 in
1092 1579 1263 1638 nobis
1289 1581 1359 1637 “.

503 1671 660 1728 300
686 1672 778 1728 52.
830 1671 1070 1728 Frustra
1126 1669 1324 1743 igitur,
1383 1669 1598 1742 Ariani,
1651 1670 1817 1728 vobis
1870 1670 2082 1744 hujus-

430 1760 588 1817 modi
645 1759 853 1818 oborta
895 1759 1155 1833 suspicio
1203 1763 1339 1817 est:
1373 1759 1594 1816 frustra
1643 1759 2079 1833 Scripturaruin

427 1849 605 1906 verba
634 1848 1013 1922 praetenditis.
1044 1847 1301 1904 Verbum
1333 1847 1491 1905 enim
1550 1846 1652 1905 Dei
1706 1848 2081 1906 immutabile

432 1941 523 1997 est
551 1952 898 2011 semperque
936 1937 1213 2011 idemque
1242 1941 1351 2009 est,
1402 1953 1594 2009 neque
1644 1937 1702 1993 id
1745 1937 1858 1994 alio
1907 1938 2080 1994 modo

433 2042 612 2100 quam
659 2026 787 2100 ipse
824 2025 1011 2083 Pater.
1064 2026 1335 2099 Alioquin
1385 2026 1681 2099 quomodo
1731 2025 1892 2083 illius
1922 2032 2082 2083 esset

433 2114 651 2187 simile,
685 2115 798 2172 nisi
831 2115 947 2173 tale
975 2118 1175 2172 esset?
1204 2120 1324 2170 Aut
1372 2115 1665 2187 quomodo
1708 2115 1907 2171 omnia
1956 2132 2085 2187 quae

432 2204 625 2262 Patris
658 2204 974 2274 sunt,Fillii
1007 2221 1239 2277 quoque
1269 2207 1486 2275 essent,
1518 2204 1633 2260 nisi
1658 2203 1841 2260 Patris
1870 2203 2085 2260 immu-

430 2293 784 2350 tabilitatem
817 2293 1082 2351 haberet?
1109 2293 1225 2350 Nec
1253 2309 1387 2350 vero
1415 2291 1596 2351 veluti
1626 2292 1855 2367 legibus
1885 2293 2082 2365 subje-

434 2386 588 2452 ctus,
623 2387 724 2439 aut
752 2381 1098 2439 alterutram
1129 2382 1189 2437 in
1221 2385 1445 2454 partem
1471 2379 1743 2438 ﬂexibilis
1760 2381 1870 2438 hoc
1902 2390 2082 2450 amat,

434 2474 494 2528 et
549 2470 696 2527 illud
754 2471 896 2542 odit,
952 2486 1043 2537 ne,
1103 2470 1414 2531 corruendi
1460 2475 1642 2539 metu,
1694 2469 1853 2527 aliud
1902 2473 2080 2543 quam

434 2562 698 2634 oporteat
727 2563 1319 2633 amplectatur,atque
1337 2559 1419 2616 ita
1450 2576 1658 2616 rursus
1678 2558 1795 2616 alia
1823 2560 2079 2632 quadam

436 2648 663 2706 ratione
691 2648 995 2704 mutabilis
1044 2648 1378 2705 inducatur.
1405 2648 1643 2717 Verum,
1699 2653 1765 2705 ut
1823 2653 1975 2705 Deus
2025 2654 2084 2704 et

434 2737 695 2794 Verbum
727 2736 1138 2809 Patris,justus
1169 2741 1259 2794 est
1281 2738 1464 2809 judex
1495 2752 1818 2810 amansque
1847 2738 2083 2794 virtutis

432 2826 523 2885 vel
556 2826 750 2900 potius
780 2826 1053 2883 virtutem
1086 2827 1333 2884 donans.
1370 2826 1516 2892 Quia
1562 2844 1700 2900 ergo
1749 2833 1961 2883 natura
1982 2828 2081 2899 ju-

434 2921 564 2975 stus
590 2920 649 2973 et
676 2920 920 2974 sanctus
950 2915 1281 2984 est,idcirco
1303 2916 1596 2988 justitiam
1620 2916 1860 2989 diligere
1889 2921 1946 2973 et
1966 2917 2080 2972 ini-

433 3004 721 3080 quitatem
752 3006 885 3063 odio
914 3004 1130 3062 habere
1160 3004 1394 3073 dicitur,
1427 3006 1583 3078 quod
1619 3006 1858 3078 perinde
1895 3011 1988 3063 est
2016 3023 2083 3062 ac

432 3096 485 3153 si
534 3095 697 3151 dicas
734 3112 869 3151 eum
920 3092 1157 3150 homine
1203 3093 1419 3150 virtute
1460 3093 1732 3166 prmditos
1780 3109 1979 3150 amare
2026 3099 2083 3150 et

432 3183 763 3252 admittere,
796 3184 1052 3255 injustas
1083 3199 1216 3239 vero
1249 3181 1528 3256 repellere
1569 3187 1625 3238 et
1656 3183 1888 3239 odisse:
1922 3183 2078 3254 quod

430 3272 588 3329 idem
618 3272 690 3329 de
722 3273 885 3329 Patre
914 3276 1208 3328 testantur
1255 3271 1464 3327 divina:
1512 3272 1848 3344 Scriptura,
1897 3273 2082 3329 Justus

2187 705 2327 747 πους
2360 685 2647 756 ἡτοιαύτη
2712 683 2870 761 ἰσχὺς
2927 678 3264 755 διαϐήσεται,
3317 681 3457 738 ὥστε
3505 680 3680 759 λέγειν
3720 679 3836 737 ’ἐκα-

2186 792 2308 827 στον
2359 773 2539 845 ἡμῶν·
2596 772 2669 828 Ού
2715 774 2816 850 γΞιρ
2878 771 3045 828 αὐτοῦ
3094 773 3162 828 τὰ
3215 773 3470 845 νοήματα
3523 770 3835 848 ἀγνοοῦμεν.

2192 860 2401 918 Οὐκοῦν
2463 861 2687 925 εἰκότως
2748 863 2776 917 6
2849 862 3046 937 Κύριος
3107 864 3135 918 6
3195 862 3276 917 ἀεὶ
3329 863 3421 917 καὶ
3478 859 3632 939 φύσει
3688 858 3838 937 ἄτρε-

2188 971 2324 1014 πτος
2350 952 2487 1026 (56),
2534 949 2752 1028 ἀγαπῶν
2811 948 3191 1026 δικαιοσύνην,
3245 952 3337 1007 καὶ
3398 955 3570 1025 μισῶν
3616 947 3838 1022 ἀδικίαν,

2192 1039 2428 1117 χρίεται,
2460 1040 2550 1096 καὶ
2580 1042 2739 1103 αὑτὸς
2787 1038 3202 1111 ἀποστέλλεται,
3241 1038 3334 1095 ’ίνα
3383 1042 3411 1094 ὁ
3459 1037 3619 1102 αὐτός
3666 1059 3726 1093 τε
3769 1033 3836 1092 ὤν

2192 1129 2282 1185 καὶ
2313 1130 2473 1193 αὐτὸς
2505 1127 2801 1205 διαμένων,
2830 1131 2932 1200 τὴν
2977 1130 3212 1205 τρεπτῄν
3267 1129 3439 1206 σάρκα
3485 1123 3695 1198 λαϐὼν,
3744 1127 3836 1195 τὴν

2198 1179 2291 1292 Et;
2315 1179 2925 1295 australes-1
2944 1179 3588 1301 κᾷιὲἐιζὲρἱῃξξζιξιζθέρἆᾷ
3603 1179 3768 1290 "(57y
3785 1179 3840 1272 ii
3882 1179 3930 1278 Χ

2192 1309 2359 1380 αῦτὴν
2391 1309 2759 1383 κατασκευάσῃ
2788 1309 2863 1372 είς
2889 1309 2952 1365 τὸ
2983 1306 3234 1365 δύνασθαι
3256 1305 3450 1363 λοιπὸν
3476 1307 3541 1362 τὸ
3572 1303 3839 1380 δικαίωμα

2189 1402 2287 1455 τοῦ
2317 1397 2490 1472 νόμου
2522 1396 2771 1475 πληροῦν
2821 1396 2874 1455 ἐν
2901 1398 3063 1473 αὓτῇ,
3123 1396 3262 1453 ὥστε
3314 1396 3407 1453 καὶ
3438 1395 3617 1473 λέγειν
3661 1393 3840 1450 δύνασ-

2193 1499 2300 1553 θαι·
2334 1489 2520 1562 Ἡμεῖς
2693 1485 2752 1545 δὲ
2772 1486 2882 1544 ,οὐκ
2910 1486 3070 1562 ἔσμὶν
3100 1485 3151 1543 ἐν
3179 1486 3360 1563 σαρκὶ,
3403 1483 3532 1542 ἀλλ’
3579 1483 3632 1540 ἐν
3681 1485 3839 1542 Ilvati-

2194 1599 2322 1652 ματι
2353 1575 2502 1655 εἴπερ
2535 1579 2756 1653 Πνεῦμά
2784 1582 2918 1635 Θεοῦ
2949 1577 3091 1634 οἰκεῖ
3120 1576 3172 1632 ἐν
3203 1578 3364 1651 ἡμῖν.

2257 1670 2350 1726 52.
2382 1666 2569 1740 Μάτην
2620 1668 2747 1742 ὑμῖν
2795 1664 2898 1743 ἄρα
2945 1666 3035 1723 καὶ
3083 1670 3204 1734 νῦν,
3260 1662 3304 1721 ὦ
3338 1663 3636 1743 Ἀρειανοὶ,
3667 1665 3703 1734 ἡ
3733 1683 3841 1718 τοι-

2191 1756 2333 1827 αύτη
2390 1757 2619 1814 ὑπόνοια
2674 1757 2980 1834 γεγένηται,
3030 1756 3121 1812 καὶ
3183 1755 3352 1829 μάτην
3412 1752 3839 1833 ἐπροφασίσασθε

2187 1847 2254 1901 τά
2284 1846 2503 1924 ῥήματα
2529 1852 2635 1903 τῶν
2695 1852 2946 1927 Γραφῶνο
3000 1848 3028 1901 ὁ
3087 1844 3256 1923 Λόγος
3307 1843 3412 1922 γάρ
3472 1845 3501 1898 6
3558 1847 3656 1899 τοῦ
3710 1845 3837 1898 Θεοῦ

2190 1936 2452 2012 ἅτρεπτός
2511 1935 2643 2007 ἔστι,
2694 1936 2785 1992 καὶ
2832 1935 2914 1991 ἀεὶ
2962 1938 3076 2009 (59)
3123 1935 3215 1990 καὶ
3263 1930 3522 1995 ὡσαύτως
3571 1928 3840 2008 ἔχει,οὑχ

2191 2024 2403 2099 ἁπλῶς,
2434 2023 2562 2082 ἀλλ’
2592 2026 2666 2089 ὠς
2701 2025 2729 2080 ὁ
2771 2027 2981 2100 Πατήρ.
3035 2022 3183 2080 Ἐπεὶ
3233 2028 3353 2085 πῶς
3400 2022 3614 2097 ὅμοιος,
3667 2020 3716 2076 εἷ’
3763 2021 3835 2095 μὴ

2193 2113 2367 2178 οὕτως
2424 2114 2605 2184 ἐστίν;
2663 2118 2733 2170 ’Ἠ
2787 2119 2906 2178 πῶς
2962 2115 3137 2169 πάντα
3188 2114 3256 2169 τά
3318 2115 3416 2168 τοῦ
3483 2111 3695 2187 Ιιατρὸς
3739 2114 3833 2166 τοῦ

2191 2206 2321 2259 Υἱοῦ
2350 2202 2517 2274 ἐστιν,
2548 2204 2594 2260 εἷ
2628 2205 2704 2278 μή
2752 2203 2845 2259 καὶ
2871 2203 2935 2259 τὸ
2984 2200 3244 2281 ἄτρεπτον
3287 2201 3377 2258 καὶ
3422 2201 3485 2257 τὸ
3533 2197 3836 2255 ὄιναλλοίω⁶

2188 2313 2280 2350 τον
2313 2297 2409 2349 τοῦ
2440 2294 2655 2369 Πατρὸς
2686 2288 2843 2369 ἔχεις
2886 2292 3010 2369 Οὐχ
3038 2291 3113 2356 ὠς
3148 2289 3504 2365 ὑποκείμενος
3535 2287 3593 2344 δὲ
3620 2289 3835 2364 νόμοις,

2188 2381 2279 2437 καὶ
2306 2382 2407 2451 τὴν
2441 2381 2528 2437 ἐπὶ
2562 2380 2756 2455 θάτερα
2786 2380 2958 2458 ῥοπὴν
2994 2377 3163 2457 ἔχων,
3194 2381 3257 2436 τὸ
3291 2380 3388 2454 μὲν
3419 2380 3628 2456 άγαπῇ,
3670 2377 3734 2433 τὸ
3782 2374 3840 2432 δὲ

2194 2475 2361 2543 μισεῖ,
2388 2468 2482 2525 ’ίνα
2513 2471 2614 2544 μὴ,
2646 2464 2803 2550 φόϐῳ
2830 2473 2928 2526 τοῦ
2961 2468 3231 2541 ἐκπεσεῖν,
3262 2469 3324 2525 τὸ
3351 2465 3536 2546 ’ἕτερον
3557 2464 3841 2544 προσλαμ-

2190 2555 2344 2634 ϐάνῃ,
2375 2560 2465 2615 καὶ
2496 2558 2685 2621 ἄλλως
2729 2558 2893 2616 πάλιν
2937 2559 3177 2636 τρεπτὸς
3231 2557 3536 2635 εἰσάγηται’
3596 2554 3723 2613 ἀλλ’
3767 2555 3840 2619 ὠς

2191 2648 2318 2711 Θεὸς
2351 2646 2424 2703 ὥν
2452 2648 2541 2703 καὶ
2573 2648 2749 2724 Λόγος
2775 2652 2871 2704 τοῦ
2903 2648 3145 2725 ΙΙατρὸς,
3189 2649 3381 2725 κριτής
3431 2645 3541 2703 ἐστι
3593 2648 3706 2720 (60)
3764 2641 3841 2699 δί-

2190 2758 2344 2800 καιος
2370 2737 2460 2793 καὶ
2491 2736 2578 2817 et)
2594 2738 2803 2814 άρετος,
2838 2736 3054 2811 μᾶλλον
3089 2736 3147 2794 δὲ
3173 2736 3265 2793 καὶ
3315 2734 3567 2812 χορηγὸς
3624 2736 3839 2810 ἀρετῆς.

2192 2826 2405 2889 Δίκαιος
2465 2824 2555 2880 οῦν
2610 2826 2766 2905 φύσει
2817 2826 2908 2883 καὶ
2960 2824 3106 2889 ὅσιος
3161 2820 3259 2897 ὥν,
3310 2821 3400 2879 διὰ
3443 2827 3605 2880 τοῦτο
3636 2823 3838 2900 ἀγαπᾷν

2192 2913 2408 2990 λέγεται
2467 2911 2814 2986 δικαιοσύνην
2872 2913 2963 2970 καὶ
3036 2919 3212 2988 μισεῖν
3296 2910 3530 2968 ἀδικίαν·
3595 2909 3716 2966 ’ίσον
3760 2915 3839 2983 τῷ

2192 3004 2385 3073 εἰπεῖν,
2416 3002 2499 3059 ὅτι
2542 3004 2669 3065 τοὺς
2708 3003 2800 3077 μὲν
2862 3003 3140 3081 ἐναρέτους
3187 3004 3371 3079 ἀγαπᾷ
3414 3002 3504 3058 καὶ
3559 3010 3843 3076 προσλαμ-

2191 3087 2431 3162 ϐάνεται,
2460 3091 2587 3155 τοὺς
2621 3089 2679 3149 δὲ
2709 3090 2928 3156 ἀδίκους
2961 3094 3352 3171 ἀποστρέφεται
3382 3090 3473 3149 καὶ
3525 3095 3689 3164 μισεῖ.
3740 3088 3838 3144 Καὶ

2188 3182 2290 3259 γάρ
2319 3183 2409 3237 καὶ
2457 3180 2581 3258 περὶ
2640 3184 2751 3254 (61)
2795 3186 2893 3237 τοῦ
2940 3181 3149 3258 Πατρὸς
3194 3182 3257 3236 τὸ
3305 3181 3435 3236 αὑτὸ
3486 3178 3735 3255 λέγουσιν
3785 3178 3839 3233 αἱ

2189 3273 2328 3326 θεῖαι
2376 3270 2602 3350 Γραφαί*
2663 3271 2881 3334 Δίκαιος
2935 3270 3131 3347 Κύριος
3185 3273 3291 3343 (62)
3350 3269 3440 3325 καὶ
3498 3265 3838 3331 δικαιοσύνας

431 3361 695 3418 Dominus
740 3369 791 3419 ct
829 3361 1081 3433 justitias
1127 3361 1327 3417 dilexit
1372 3361 1436 3417 ⁸⁵.
1502 3361 1591 3432 Et,
1641 3343 1786 3418 Odia
1832 3361 2080 3417 habuisti

2195 3343 2642 3437 hirmos-x13,
2724 3343 3026 3433 Ἐμίσησας
3088 3358 3289 3421 πάντας
3354 3357 3480 3420 τοὺς
3537 3356 3839 3435 ἐργαζομέ-

435 3466 624 3507 omnes
651 3452 748 3523 qui
776 3451 977 3522 injuste
1002 3457 1175 3522 agunt
1202 3449 1266 3504 ⁸⁸.
1318 3450 1408 3520 Et,
1426 3516 1433 3517 γ
1454 3450 1652 3505 Portus
1701 3449 1831 3505 Sion
1860 3449 2078 3521 diligit;

442 3540 803 3597 tabernacula
833 3545 1019 3596 autem
1047 3538 1207 3596 Jacob
1236 3554 1345 3594 non
1374 3554 1565 3610 magni
1591 3541 1725 3610 facit
1770 3538 1834 3593 ⁸⁷.
1867 3538 1955 3602 Et,
1983 3540 2075 3595 Ja-

434 3629 529 3685 cob
557 3629 776 3702 quidem
816 3628 1034 3700 dilexit,
1078 3633 1225 3686 Esau
1254 3644 1378 3686 vero
1425 3629 1550 3685 odio
1610 3628 1799 3683 habuit
1835 3627 1901 3682 ⁸⁸.
1933 3627 2075 3685 Item

435 3718 762 3777 secundum
793 3718 1029 3789 Isaiam,
1055 3735 1164 3774 vox
1205 3717 1300 3774 Dei
1348 3721 1437 3773 est
1490 3733 1727 3773 rursum
1775 3715 2024 3773 dicentis
2059 3733 2072 3772 :

431 3809 545 3879 Ego
571 3825 698 3864 sum
728 3809 1018 3874 Dominus,
1050 3809 1151 3878 qui
1187 3808 1466 3880 justitiam
1513 3805 1705 3876 diligo,
1755 3814 1809 3861 et
1849 3807 2077 3877 rapinas

431 3898 748 3972 iniquitatis
774 3897 879 3954 odi
906 3896 1079 3953 “.Vel
1108 3912 1246 3968 ergo
1276 3895 1377 3952 illa
1405 3896 1580 3952 verba
1610 3894 1852 3967 perinde
1872 3912 1939 3953 ac
1962 3896 2078 3951 ista

427 3985 801 4060 intelligant;
835 4003 971 4042 nam
1004 3990 1061 4041 et
1089 3983 1192 4041 illa
1220 3985 1291 4041 de
1325 3984 1421 4040 Dei
1458 3983 1716 4057 imagine
1746 3988 1886 4041 sunt
1931 3982 2077 4040 scri-

428 4079 529 4148 pta
562 4092 576 4132 :
604 4073 691 4131 vel
721 4075 837 4131 ista
861 4079 927 4131 ut
950 4073 1049 4130 illa
1079 4073 1231 4131 male
1253 4073 2075 4145 interpretantes,mutabilem

426 4166 656 4237 ﬁngant
683 4164 936 4221 Patrem.
967 4163 1129 4231 Quod
1161 4163 1210 4220 si
1231 4162 1375 4219 talia
1395 4161 1483 4219 vel
1506 4162 1842 4233 etiam,aliis
1877 4162 2076 4219 dicen-

426 4252 609 4323 tibus,
642 4252 992 4320 audire,non
1023 4257 1188 4309 vacat
1224 4251 1484 4325 periculo
1518 4270 1531 4308 :
1562 4239 1778 4308 idcirco
1809 4252 1990 4325 igitur
2011 4269 2079 4308 ea

429 4345 585 4399 recte
614 4340 1023 4415 intelligimus,
1053 4356 1263 4413 nempe
1294 4345 1478 4397 Deum
1511 4341 1783 4412 justitias
1813 4339 2077 4413 diligere,

431 4433 492 4487 et
521 4429 775 4502 injustas
831 4429 1070 4502 rapinas
1101 4430 1293 4487 odisse
1322 4429 1438 4486 dici
1469 4445 1586 4486 non
1615 4429 1782 4502 quasi
1813 4429 1873 4485 in
1904 4428 2081 4487 alter-

2186 3470 2313 3512 νους
2386 3450 2484 3518 τήν
2570 3448 2820 3523 ἀνομίαν·
2894 3449 3009 3519 καὶ,
3087 3448 3197 3512 Τάς
3276 3448 3370 3523 μὲν
3438 3444 3616 3510 πύλας
3693 3447 3838 3501 Σιὼν

2187 3539 2387 3615 ἀγαπᾷ,
2432 3538 2500 3593 τὰ
2557 3535 2615 3592 δὲ
2671 3538 3005 3611 σκηνώματα
3060 3532 3255 3595 Ἰακὼὸ
3313 3536 3376 3592 οὗ
3434 3535 3559 3612 περὶ
3615 3531 3833 3590 πολλοῦ

2183 3632 2457 3685 ποιεῖται·
2516 3628 2650 3701 καὶ,
2709 3628 2813 3686 Τὸν
2876 3628 2970 3702 μὲν
3032 3621 3224 3683 Ἰακὼϐ
3284 3624 3575 3702 ἠγάπησε,
3630 3624 3723 3680 τὸν
3784 3620 3843 3679 δὲ

2182 3717 2347 3773 Ἡσαῦ
2400 3715 2657 3788 ἐμίσησε·
2716 3717 2851 3772 κατά
2907 3714 2965 3772 δὲ
3013 3718 3103 3772 τὸν
3158 3714 3420 3784 Ἠσαίαν,
3479 3713 3632 3793 φωνὴ
3693 3717 3830 3769 Θεοῦ

2186 3807 2297 3861 ἐστι
2358 3805 2526 3861 πάλιν
2580 3804 2851 3883 λὲγοντος
2914 3806 3053 3883 Ἐγώ
3104 3806 3219 3879 εἶμι
3277 3804 3554 3879 Κύριος,ὁ
3613 3804 3837 3879 ἀγαπῶν

2185 3891 2532 3965 δικαιοσύνην
2568 3940 2582 3966 ,
2682 3895 2771 3949 καὶ
2867 3898 3038 3968 μισῶν
3141 3892 3471 3969 ἁρπάγματα
3571 3890 3623 3962 ἐξ
3722 3888 3839 3948 ἀδί-

2184 3982 2305 4045 κίας
2348 3985 2480 4056 (63).
2535 3988 2605 4038 "H
2659 3981 2837 4038 τοίνυν
2888 3983 3112 4038 κάκεῖνα
3155 3982 3223 4038 τὰ
3273 3980 3496 4058 ῥήματα
3549 3980 3623 4044 ὠς
3667 3982 3841 4036 ταῦτα

2186 4066 2691 4146 ἐκλαμϐανὲτωσαν’
2723 4072 2813 4128 καὶ
2843 4071 2942 4148 γὰρ
2964 4073 3185 4129 κάκεῖνα
3214 4071 3339 4150 περὶ
3369 4079 3471 4143 τῆς
3504 4071 3713 4135 εἰκόνος
3743 4074 3840 4126 τοῦ

2186 4165 2320 4217 Θεοῦ
2366 4161 2688 4239 γέγραπται·
2742 4163 2778 4232 ἢ
2823 4161 2913 4218 καὶ
2960 4166 3130 4218 ταῦτα
3181 4161 3257 4225 ὠς
3302 4160 3481 4217 ἐκεῖνα
3516 4164 3697 4225 κακῶς
3726 4156 3843 4216 δια-

2186 4249 2497 4323 νοούμενοι,
2526 4249 2756 4328 τρεπτὸν
2787 4251 2877 4306 καὶ
2906 4252 2998 4307 τὸν
3032 4251 3245 4325 Πατέρα
3276 4248 3658 4306 ἐπινοείτωσαν
3701 4251 3840 4324 (64).

2188 4339 2250 4395 Εἰ
2301 4336 2360 4394 δὲ
2403 4339 2494 4394 καὶ
2547 4340 2709 4413 μόνον
2757 4339 2970 4396 ἀκούειν
3007 4343 3171 4396 τοῦτο
3203 4337 3479 4416 λεγόντων
3511 4338 3708 4415 ἒτίρων
3741 4338 3847 4394 οὐκ

2190 4426 2330 4484 ἔστιν
2363 4424 2664 4500 ἀκίνδυνον,
2698 4424 2788 4483 διὰ
2811 4432 2973 4485 τοῦτο
3004 4427 3188 4493 καλῶς
3240 4425 3601 4502 διανοούμεθα
3641 4428 3705 4483 τὸ
3750 4425 3847 4483 λέ-

502 4582 549 4656 ‘f’
574 4582 780 4656 IIACor.
813 4600 876 4647 ιι,
908 4583 1010 4656 11.
1073 4584 1120 4620 ⁸³
1147 4582 1317 4641 Rom.
1348 4600 1469 4656 vni,
1495 4583 1550 4640 3.
1625 4584 1672 4621 ⁸⁸
1699 4582 1842 4641 ibid.
1873 4583 1930 4641 9.
2005 4583 2052 4620 ⁸⁸
2080 4582 2231 4640 Psal.
2263 4584 2378 4654 x,8.
2454 4582 2501 4619 σε
2530 4581 2683 4641 Psal.
2711 4600 2767 4655 v,
2798 4584 2853 4639 7.
2929 4585 2974 4621 ⁸⁷
2994 4584 3440 4655 Psal.Lxxxv1,2.
3513 4583 3558 4620 ⁸⁸
3589 4580 3845 4640 Malach.

431 4670 474 4725 ι,
503 4654 559 4711 2.
634 4654 679 4691 ⁸ο
700 4653 813 4711 Isa.
847 4671 961 4726 ui,
991 4655 1045 4711 8.

503 4809 616 4885 (56)
644 4810 737 4894 Sic
781 4810 1194 4894 Se_guerianus,
1228 4810 1479 4894 _Regius
1535 4817 1592 4867 et
1641 4810 1791 4894 Fel_o.
1841 4812 1906 4894 _5.
1966 4811 2080 4894 Alii
2114 4811 2160 4878 Ι)

437 4881 569 4939 vero
598 4881 689 4939 'et
743 4881 924 4955 editio
981 4881 1286 4955 Comm_el.,
1320 4881 1620 4955 argenta):
1647 4925 1662 4955 ε
1714 4881 1924 4955 Paulo“
1955 4889 2086 4955 post

428 4957 678 5026 Seguer,
725 4953 954 5026 Go‘bler.
990 4959 1060 5026 et,
1103 4948 1281 5026 Fech
1307 4954 1358 5021 1,
1413 4948 1506 5008 illa
1548 4954 1576 5008 ὁ
1607 4952 1767 5026 αὐτός
1797 4974 1855 5009 τε
1876 4948 2081 5026 ὤν’ίκαὶ

428 5020 595 5087 αὐτὸς
657 5020 951 5097 διαμένων.
1000 5024 1114 5081 Alii
1163 5020 1360 5082 autem
1409 5031 1468 5083 et
1519 5026 1683 5096 editi,
1728 5023 1820 5081 'lva
1863 5025 1890 5080 6
1923 5025 2081 5088 αὐτὸς

427 5091 716 5150 διαμένων.

465 5116 516 5150 ια
524 5116 693 5153 μενων
703 5140 716 5153 .

498 5117 1348 5241 Egiiustguerian.,iiesgspov.
1378 5166 1527 5241 Felc.
1558 5169 1594 5223 2
1625 5173 1683 5225 et
1729 5168 1893 5235 editi,
1926 5165 2081 5223 ἐλευ-

424 5235 629 5314 θεριον.
663 5235 774 5314 Alii
805 5235 1312 5314 ωεε.,’ἐλευοἑραν.
1350 5240 1526 5299 Paulo
1556 5241 1684 5313 posi
1715 5241 1945 5314 Anglic.
1979 5241 2081 5296 Ba-

423 5310 531 5385 sil.
554 5316 614 5368 et
649 5311 800 5385 Eclc.
830 5312 886 5381 5,
913 5310 1162 5385 πληροῦν
1192 5310 1243 5365 ἐν
1274 5311 1459 5385 ἑαυτῇ.

468 5383 613 5471 ,(58)
642 5384 735 5441 Sic
763 5382 1102 5457 Segueriu'n.
1161 5384 1360 5440 Caeteri
1410 5382 1544 5440 vero
1591 5387 1648 5440 et
1690 5382 1854 5454 editi,
1914 5383 2079 5455 ἡμεῖς

426 5472 548 5510 ουκ.

499 5527 612 5600 (59)
642 5526 734 5600 Sic
759 5527 1203 5600 Seguerian'_At
1231 5525 1373 5600 Reg.
1422 5522 1715 5600 éﬂtvmdsl,
1761 5527 1872 5600 etc.
1899 5525 2078 5600 _Editi

427 5595 661 5669 aliique,
694 5595 941 5669 ἐστιν⁷ὠς
971 5596 1073 5652 ἀεί’
1108 5598 1238 5653 Mox
1271 5595 1408 5665 Reg.
1442 5595 1748 5669 Basilicus.
1774 5595 2076 5667 Anglican.

426 5667 578 5743 Felc.
602 5673 665 5743 75,
700 5668 774 5733 ὠς
806 5670 836 5725 6
866 5671 1076 5743 Πατήρ.
1107 5670 1307 5743 Crateri
1339 5673 1397 5725 et
1427 5669 1588 5743 editi,
1621 5667 1705 5743 die
1728 5669 1932 5743 Πατήρτ

784 5738 1127 5817 δοευενῖεη.
1177 5740 1322 5813 Reg.
1372 5745 1431 5798 et
1474 5739 1625 5798 Felc.
1662 5741 1730 5797 5.
1776 5742 1850 5797 At
1884 5738 1986 5798 alii
2018 5743 2079 5797 et

427 5825 591 5885 eain,
623 5825 723 5874 ετι.

2263 4807 2374 4900 (61)
2404 4809 2495 4866 Sic
2524 4809 3132 4900 ΒρεξιςςίεαηῖΑἱισιίεες
3179 4810 3410 4900 Gobler.
3463 4815 3521 4869 et
3573 4810 3724 4869 Felc.
3787 4810 3844 4880 1,

2192 4879 2414 4959 καῖ-γάρ
2446 4879 3011 4959 nspl.‘Editi_et_alii,
3043 4879 3132 4937 κᾶὶ
3156 4881 3302 4959 περί.

2270 4903 2283 4935 ι
2314 4902 2414 4995 γάρ
2446 4902 2590 4956 περι.
2622 4902 2775 4938 nam
2806 4902 2863 4938 et
2891 4902 3011 4950 am,
3043 4903 3132 4937 και
3156 4902 3302 4959 περι.

2265 4955 2379 5025 (6-)
2401 4953 2749 5026 Seguerian.
2784 4954 3010 5010 Gobler.
3044 4962 3102 5011 et
3130 4957 3276 5012 Felc.
3313 4956 3364 5024 1,
3393 4950 3601 5014 δίκαιος
3647 4953 3679 5026 ῥ
3725 4950 3847 5026 Κό-

2190 5022 2327 5098 ριος.
2362 5022 2786 5100 Mox'Seguer._
2812 5026 2947 5100 Reg.
2999 5027 3224 5100 Anglic.
3275 5030 3332 5082 et
3351 5022 3515 5082 'Felc.
3555 5028 3610 5095 5,
3642 5022 3847 5099 ἐμίση-

2189 5094 2307 5158 σας.
2342 5096 2456 5152 Alii
2488 5101 2545 5152 et
2574 5094 2735 5166 e'diti,
2768 5094 3015 5168 ἐμίσησε.

2261 5170 2373 5241 (63)
2403 5163 2741 5242 εβςυειοὶαιιζ
2776 5163 3178 5242 Πθεζᾷοῦιθιι.
3211 5168 3359 5242 Felc.
3395 5169 3420 5224 1
3455 5163 3849 5242 θιηῦμάρπά-

2187 5235 2385 5316 γματα-
2428 5235 2671 5316 ἀδικίας,
2718 5243 2791 5297 At
2845 5235 3474 5316 Ᾰηιζιίοελᾲάρπάγματα
3512 5235 3850 5316 ἀδικίας,

2188 5310 2252 5367 ut
2283 5318 2341 5368 et
2370 5310 2621 5368 habetur
2652 5313 2767 5369 lsa.
2801 5327 2911 5370 ιιι.
2945 5313 2998 5367 8.
3048 5312 3158 5368 Alii
3184 5310 3343 5369 'vero'
3366 5317 3423 5368 et
3460 5312 3640 5368 editio
3670 5316 3852 5366 Com-

2189 5382 2349 5459 mel.,
2403 5381 2729 5459 ἁρπάγματα
2860 5378 3091 5459 ἀδικίας.
3145 5384 3291 5441 Ibid.
3338 5382 3675 5457 Seguerian.
3726 5382 3852 5439 G0-

2187 5454 2333 5511 bler.
2363 5460 2415 5511 et
2439 5453 2598 5511 ‘Fech
2653 5456 2704 5520 1,
2737 5455 2824 5523 Μὴ
2855 5453 3053 5513 τοίνυν.

2260 5527 2368 5597 (64)
2399 5526 2813 5600 Seguerianus,
2834 5527 3167 5600 Gogblerian,
3201 5530 3259 5583 et
3294 5525 3447 5600 F_e1c.
3499 5527 3551 5593 1,
3591 5522 3849 5600 ἐπινοή-

2186 5595 2383 5669 σουσιζΔ
2412 5595 2502 5654 Α(
2534 5599 2675 5669 Reg.
2731 5595 2807 5653 et'
2834 5596 2985 5655 Felc.
3032 5600 3088 5666 5,
3140 5595 3541 5655 ἐπινοείτωσαν.
3591 5595 3747 5669 Efiiti
3784 5601 3853 5651 et.

2185 5668 2308 5754 alii,
2367 5664 2757 5741 ἐπινοήτωσαν.
2813 5670 2999 5730 Paulo
3047 5664 3182 5747 post
3223 5670 3588 5745 Seguerian.,
3632 5664 3721 5723 διά
3747 5686 3847 5721 τοι

2180 5757 2366 5799 τουτο.
