4076 6386
457 470 565 536 131

987 473 1051 536 8.
1097 476 1528 539 ATHANASII
1572 477 1746 539 OPP.
1791 476 1992 537 PARS
2037 472 2084 534 l.
2111 504 2191 518 —
2219 469 2642 533 HISTORICA
2687 472 2787 533 ET
2832 470 3311 535 DOGMATIGA.

3737 480 3841 540 132

521 606 612 661 57.
643 609 715 663 Αι
734 611 887 663 certe
911 624 1008 664 eos
1043 614 1163 664 tam
1201 608 1383 680 impia
1420 609 1742 683 cogitantes
1762 612 1927 682 coget
1955 623 2078 664 eru-

2271 605 2362 660 57.
2398 601 2552 660 Ἀλλ’
2584 601 3011 692 ἐντραπήσονται
3039 607 3265 661 τοιαῦτα
3295 608 3687 684 φανταζόμενοι
3708 612 3841 686 παρὰ

428 695 688 766 _bescere
739 712 904 752 sacer
931 703 1153 763 cantor,
1187 698 1360 769 cujus
1406 696 1493 753 his
1537 703 1678 754 sunt
1714 714 1884 754 voces
1918 712 1930 751 :
1966 696 2078 764 Qui.

2211 691 2306 764 μὶν
2361 695 2460 747 τοῦ
2517 688 2774 765 ὗμνῳδοῦ
2833 691 3108 768 λέγοντος,
3166 692 3257 757 Τίς
3316 696 3715 769 ὁμοιωθήσεται
3767 704 3838 773 τῷ

448 786 651 840 similis
677 787 787 841 erit
819 787 1048 842 Domino
1079 788 1140 841 in
1181 786 1319 857 ﬁliis
1353 788 1456 842 Dei
1483 788 1527 822 9‘
1547 786 1574 841 ‘i
1604 787 1692 857 Et,
1725 788 1857 855 Quis
1894 785 2098 840 similis

450 877 537 931 tui
579 876 640 929 in
689 875 819 944 diis,
871 877 1098 931 Domine
1128 876 1222 930 9‘?
1252 876 1648 932 Nihilominus
1696 876 1815 931 illis
1864 889 2097 946 quoque

449 963 957 1036 respondebimus,
993 972 1055 1020 ut
1101 966 1188 1021 vel
1221 966 1304 1020 sic
1334 982 1533 1021 verum
1577 965 1825 1029 discant,
1858 979 2094 1035 compa-

446 1054 734 1109 rationem
766 1053 950 1110 solers
978 1053 1207 1109 institui
1238 1054 1477 1109 interea
1498 1070 1624 1126 qua:
1667 1054 1928 1125 ejusdem
1952 1068 2095 1106 con-

448 1148 564 1200 stat
592 1158 721 1199 esse
753 1143 1003 1215 generis,
1029 1160 1141 1199 non
1169 1150 1360 1199 autem
1386 1145 1538 1199 inter
1552 1160 1619 1198 ea
1648 1158 1772 1213 quae
1803 1141 2093 1196 diversam

446 1234 667 1289 habent
696 1238 988 1288 naturam.
1023 1233 1223 1304 Itaque
1277 1248 1447 1287 nemo
1483 1233 1660 1287 Deum
1692 1247 1825 1285 cum
1857 1229 2095 1298 homine

448 1320 894 1395 comparaverit,
927 1337 1115 1393 neque
1144 1321 1322 1377 etiam
1354 1320 1651 1376 hominem
1685 1336 1817 1375 cum
1862 1318 2089 1385 belluis,

447 1429 635 1484 neque
658 1411 818 1484 ligna
839 1426 970 1465 cum
997 1409 1310 1481 lapidibus,
1334 1415 1568 1482 propter
1586 1414 1808 1463 natura;
1831 1407 2091 1462 dissimi-

443 1502 775 1558 litudinem.
810 1500 921 1556 Sed
956 1499 1110 1555 Deus
1139 1499 1374 1570 quidem
1409 1515 1543 1553 cum
1574 1496 1735 1553 nulla
1765 1514 1824 1553 re
1854 1513 2089 1567 compa-

444 1591 557 1646 rari
591 1594 819 1661 potest:
871 1589 1046 1645 homo
1067 1605 1198 1644 vero
1229 1604 1363 1644 cum
1412 1587 1669 1656 homine,
1701 1586 1924 1658 lignum
1958 1603 2086 1641 cum

442 1678 787 1752 ligno,lapis
818 1695 949 1733 cum
985 1678 1174 1750 lapide
1204 1683 1357 1733 recte
1388 1681 1577 1748 potest
1606 1674 1873 1741 conferri,
1893 1691 1997 1731 nec
2027 1676 2086 1730 in

443 1770 538 1825 his
567 1786 698 1835 vox,
727 1770 1104 1841 praestantius,
1140 1767 1541 1838 usurpabitur,
1576 1766 1677 1820 sed
1723 1781 1852 1828 vox,
1888 1767 2084 1836 magis,

440 1856 554 1925 vel,
582 1857 731 1929 plus.
759 1858 849 1912 Sic
868 1856 1082 1927 Joseph
1117 1855 1304 1926 magis
1328 1854 1568 1925 pulcher
1587 1858 1712 1908 erat
1739 1853 1866 1908 suis
1894 1852 2084 1908 fratri-

440 1946 552 2001 bus
586 1962 598 2001 :
637 1945 848 2001 Rachel
883 1946 1070 2017 magis
1102 1943 1346 2016 pulchra
1381 1959 1553 2014 quam
1588 1943 1706 1997 Lis.
1740 1941 1921 1998 Stella
1952 1959 2082 1998 vero

441 2051 557 2090 non
589 2033 757 2090 stella
788 2033 1174 2104 praestantior,
1209 2032 1307 2087 sed
1342 2031 1531 2103 magis
1582 2048 1697 2086 una
1727 2032 1798 2085 ab
1829 2030 1945 2085 alia
1972 2030 2083 2085 dif-

438 2125 550 2180 fert
578 2123 637 2179 in
688 2123 874 2196 gloria
903 2123 966 2177 οδ.
998 2126 1140 2177 Cum
1192 2130 1385 2176 autem
1437 2136 1529 2176 res
1575 2120 1815 2175 diversae
1858 2125 2080 2174 natura

434 2213 589 2268 inter
618 2227 682 2266 se
710 2216 1147 2282 comparantur,
1197 2213 1359 2274 tunc,
1390 2226 1520 2279 vox,
1553 2208 1924 2278 praestantior,
1956 2212 2080 2275 aut,

435 2301 806 2371 praestantius,
836 2298 1172 2354 differentiae
1219 2298 1616 2370 signiﬁcanda
1663 2298 1870 2369 gratia,
1913 2297 2078 2353 adhi-

436 2388 1138 2460 betur,quemadmodum
1172 2388 1243 2442 de
1274 2386 1562 2458 sapientia
1591 2391 1646 2441 et
1678 2386 1971 2457 lapidibus
1992 2390 2081 2442 est

439 2477 764 2534 dictum.Si
796 2477 974 2549 igitur
1003 2474 1318 2548 Apostolus
1349 2476 1592 2531 dixisset
1622 2491 1635 2529 :
1670 2476 1857 2530 Tanto
1889 2475 2079 2545 magis

440 2566 619 2622 Filius
649 2563 1266 2635 antecellit,vel,Tanto
1292 2564 1480 2636 major
1508 2569 1595 2619 est
1625 2563 1849 2634 angelis
1875 2581 1889 2620 :
1914 2565 2079 2620 vobis

439 2671 579 2710 sane
609 2672 678 2710 ex
707 2655 816 2710 hac
860 2653 986 2709 Filii
1018 2670 1152 2709 cum
1201 2652 1426 2726 angelis
1472 2653 1907 2725 comparatione
1936 2670 2077 2709 con-

435 2743 713 2799 tendendi
743 2758 889 2798 ansa
919 2743 1294 2815 prmberetur.
1329 2745 1403 2797 At
1431 2758 1564 2797 cum
1596 2758 1731 2797 eum
1765 2741 1921 2797 dicat
1949 2759 2079 2798 esse

438 2831 920 2904 praestantiorem,
951 2836 1301 2901 tantumque
1330 2830 1583 2897 differre,
1608 2835 1891 2901 quantum
1921 2830 2079 2887 filius

435 2937 467 2975 a
489 2920 672 2977 servis
691 2919 1223 2990 diﬂ'ert,manifeste
1246 2918 1449 2990 utique
1469 2919 1726 2974 ostendit
1744 2918 1926 2974 alium
1949 2934 2079 2975 esse

432 3026 464 3063 a
491 3014 703 3064 natura
723 3008 1240 3080 angelorum.Cum
1265 3007 1404 3062 item
1427 3023 1558 3062 eum
1583 3008 1781 3063 omnia
1799 3007 2078 3064 fundasse

432 3098 685 3153 afﬁrmet
713 3098 778 3163 ’7,
802 3096 982 3153 alium
1017 3096 1272 3168 profecto
1304 3096 1377 3151 ob
1408 3095 1683 3152 omnibus
1716 3096 1882 3151 factis
1902 3096 2077 3152 rebus

432 3203 561 3243 esse
593 3187 823 3258 probat.
854 3188 1218 3258 Quapropter
1246 3201 1380 3240 cum
1412 3185 1654 3241 diversa:
1683 3184 1761 3240 sit
1790 3190 2015 3241 naturae
2043 3202 2077 3241 a

428 3291 625 3331 rerum
660 3275 944 3330 factarum
994 3279 1226 3343 natura,
1256 3289 1542 3345 quaenam,
1589 3289 1807 3345 quaeso,
1838 3289 2073 3345 compa-

2206 778 2397 855 Κυρίῳ
2446 780 2498 835 έν
2550 781 2692 843 υἱοῖς
2741 784 2874 835 Θεοῦ
2909 801 2922 850 ;
2955 781 3069 849 καὶ,
3119 782 3204 847 Τίς
3254 782 3448 857 ὅμοιός
3479 807 3563 841 σοι
3596 786 3648 842 ἐν
3683 790 3836 857 θεοῖς,

2205 868 2368 944 Κύριε
2401 888 2414 936 ;
2445 869 2797 924 ’Δκούσονται
2848 867 2906 926 δὲ
2954 870 3131 944 ὅμως,
3177 871 3263 927 ἐὰν
3312 874 3413 949 ἄρα
3443 873 3537 929 κᾶν
3567 875 3710 931 οὕτω
3741 880 3839 952 (23)

2208 958 2477 1030 μάθωσιν,
2507 958 2581 1019 ὡς
2611 957 2662 1013 ἐν
2716 958 2809 1030 μὲν
2858 965 2978 1022 τοῖς
3028 961 3339 1037 ὁμογενέσιν
3389 963 3837 1042 ὁμολογουμένως

2205 1044 2357 1123 φιλεῖ
2399 1048 2467 1102 τὰ
2511 1053 2610 1117 τῆς
2643 1047 2974 1123 συγκρίσεως
3018 1049 3278 1125 γίνεσθαι,
3331 1054 3422 1107 καὶ
3480 1053 3579 1110 οὐκ
3627 1054 3678 1109 ἐν
3727 1062 3835 1118 τοῖς

2204 1136 2584 1212 ἑτερογενέσιν.
2635 1134 2823 1199 Οὐδεὶς
2874 1142 3001 1212 γοῦν
3053 1139 3182 1194 Θεὸν
3232 1141 3503 1217 συγκρίνοι
3553 1147 3665 1218 (24)
3710 1147 3834 1221 πρὸς

2204 1224 2507 1299 ἄνθρωπον,
2540 1222 2667 1280 οὐδὲ
2695 1224 2859 1280 πάλιν
2913 1227 3192 1303 ἄνθρωπον
3223 1230 3358 1304 πρὸς
3400 1231 3469 1286 τὰ
3497 1229 3690 1309 ἄλογα,
3722 1232 3837 1288 οὐδὲ

2202 1310 2337 1382 ξύλα
2364 1314 2501 1388 πρὸς
2533 1311 2744 1381 λίθους,
2778 1311 2867 1369 διὰ
2914 1316 2977 1371 τὸ
3007 1316 3267 1390 ἀνόμοιον
3311 1326 3411 1390 τῆς
3443 1319 3673 1399 φύσεως⁶
3702 1321 3837 1378 ἀλλά

2201 1402 2330 1491 Θεὸς
2367 1403 2462 1475 μὲν
2497 1402 2814 1491 ἀσύγκριτύν
2847 1402 2957 1461 ἐστι
3009 1413 3257 1482 πρᾶγμα·
3289 1405 3572 1484 ἄνθρωπος
3622 1408 3681 1466 δὲ
3710 1412 3837 1487 πρὸς

2199 1490 2483 1566 ἄνθρωπον
2539 1490 2873 1570 συγκρίνεται
2926 1496 3060 1568 (25),
3105 1495 3196 1550 καὶ
3254 1496 3414 1568 ξύλον
3468 1499 3604 1575 πρὸς
3662 1499 3834 1572 ξύλον,

2197 1579 2286 1634 καὶ
2320 1578 2469 1642 λίθος
2512 1581 2651 1654 πρὸς
2701 1579 2875 1639 λίθον·
2906 1583 2995 1638 καὶ
3046 1582 3146 1639 οὐκ
3190 1585 3249 1639 ἄν
3298 1606 3379 1649 τις
3410 1585 3496 1641 ἐπὶ
3530 1588 3737 1644 τούτων
3768 1590 3838 1644 εἷ’-

2197 1688 2290 1723 ποι
2320 1668 2405 1739 τὸ,
2435 1674 2703 1743 κρεῖττον,
2735 1669 2883 1727 ἀλλᾶ
2902 1672 2990 1739 τὸ,
3025 1672 3262 1745 μᾶλλον,
3295 1674 3385 1730 καὶ
3413 1679 3497 1748 τϐ,
3529 1675 3833 1753 πλέον(26)’

2196 1756 2368 1819 οὕτως
2409 1759 2607 1836 Ἰωσὴφ
2658 1759 2859 1833 ὡραῖος
2892 1759 2957 1835 ᾖν
3003 1760 3215 1834 μᾶλλον
3248 1764 3393 1840 παρὰ
3419 1764 3545 1827 τοὺς
3579 1763 3837 1845 ἀδελφοὺς

2192 1845 2380 1918 αὐτοῦ,
2407 1847 2496 1901 καὶ
2528 1848 2737 1924 Ῥαχὴλ
2780 1856 2881 1918 τῆς
2922 1849 3109 1913 Λείας·
3150 1851 3321 1927 ἀστὴρ
3372 1850 3430 1908 δὲ
3465 1853 3685 1930 ἀστέρος
3715 1855 3836 1932 οὐχὶ

2191 1934 2475 2009 κρείσσων,
2508 1934 2653 1992 ἀλλὰ
2685 1935 2898 2010 μαλλον
2933 1936 3173 2016 διαφέρει
3205 1940 3257 1995 ἐν
3305 1938 3455 2016 δόξῃ.
3497 1943 3620 1998 Ἐπὶ
3652 1941 3709 1998 δὲ
3735 1949 3834 1999 τῶν

2190 2024 2527 2100 ἑτερογενῶν,
2588 2025 2712 2080 ὅταν
2767 2028 2938 2081 ταῦτά
2995 2029 3110 2102 (27)
3166 2050 3250 2090 τις
3324 2025 3650 2105 παραϐάλλῃ
3704 2033 3835 2107 πρὸς

2191 2110 2437 2183 ἄλληλα,
2468 2114 2591 2169 τότε
2618 2116 2703 2187 τὸ,
2735 2121 3002 2190 κρεῖττον,
3034 2117 3173 2193 πρὸς
3218 2118 3281 2174 τὸ
3331 2115 3657 2175 διαλλάττον
3683 2119 3833 2198 λέγε-

2187 2222 2298 2269 ται,
2328 2204 2563 2277 καθάπερ
2597 2202 2684 2258 ἐπὶ
2730 2211 2831 2273 τῆς
2880 2204 3068 2283 σοφίας
3113 2207 3203 2261 καὶ
3244 2212 3354 2263 τῶν
3399 2205 3568 2263 λίθων
3604 2207 3829 2280 εἷ’ρηται.

2191 2289 2254 2346 Εἰ
2290 2290 2383 2363 μὲν
2430 2291 2521 2345 οὗν
2569 2291 2802 2367 εἰρηκὼς
2834 2294 2899 2362 ἦν
2934 2295 2962 2348 ὁ
2992 2294 3352 2358 Ἀπόστολος·
3393 2296 3654 2371 Τοσούτῳ
3687 2297 3824 2372 μᾶλ-

2189 2376 2288 2434 λον
2319 2380 2347 2434 ὁ
2378 2380 2502 2442 Υἱὸς
2530 2385 2639 2435 τῶν
2689 2380 2935 2458 ἀγγέλων
2980 2382 3230 2459 προάγει,
3262 2386 3321 2454 ἢ,
3354 2385 3597 2460 τοσούτῳ
3630 2388 3823 2460 μείζων

2189 2465 2351 2522 ἐστίν’
2397 2469 2463 2538 ἧν
2503 2468 2562 2524 ἃν
2616 2470 2741 2543 ὑμῖν
2787 2490 3075 2548 προφασις,
3123 2472 3200 2534 ὡς
3247 2476 3360 2547 (28)
3408 2474 3827 2552 συγκρινομένου

2186 2560 2283 2610 τοῦ
2314 2558 2444 2631 rio?)
2472 2557 2610 2633 πρὸς
2639 2557 2767 2621 τοὺς
2799 2558 3084 2636 ἀγγέλους’
3118 2556 3211 2616 νῦν
3243 2559 3301 2617 δὲ
3332 2561 3508 2638 λέγων
3557 2563 3830 2639 κρείττονα

2188 2643 2347 2701 αὐτὸν
2408 2646 2561 2715 εἶναι,
2591 2647 2682 2702 καὶ
2733 2648 2979 2722 τοσούτῳ
3036 2647 3329 2727 διαφέρειν,
3379 2651 3492 2725 ὅσῳ
3554 2649 3826 2724 διέστηκεν

2187 2734 2302 2796 υἱὸς
2529 2732 2764 2809 δούλων,
2796 2732 3054 2791 δείκνυσιν
3114 2738 3273 2794 αὐτὸν
3328 2738 3497 2795 ἄλλον
3550 2742 3686 2797 εἶναι
3738 2743 3829 2798 τὸν

2188 2821 2594 2895 θεμελιώσαντα
2638 2824 2706 2879 τὰ
2751 2824 2942 2896 πάντα,
2991 2824 3249 2882 δείκνυσιν
3302 2826 3471 2884 ἄλλον
3505 2829 3663 2885 αὐτὸν
3693 2831 3824 2887 εἶναι

2185 2912 2399 2967 πάντων
2448 2917 2556 2968 τῶν
2604 2918 2867 2990 γενητῶν.
2900 2913 3115 2971 ’Ἀλλου
3169 2914 3227 2972 δί
3253 2916 3342 2972 καὶ
3394 2918 3701 2996 ὲτερουσίου
3731 2920 3828 2976 a6-

2183 3003 2281 3054 τοῦ
2311 2995 2467 3063 ὄντος
2523 3001 2671 3076 παρὰ
2723 3002 2822 3071 τὴν
2879 3007 2986 3058 τῶν
3044 3009 3287 3079 γενητῶν
3336 2995 3515 3084 φύσιν,
3565 3007 3694 3063 ποία
3731 3016 3829 3079 τῆς

2185 3087 2369 3153 οὐσίας
2418 3088 2581 3145 αὐτοῦ
2632 3089 2905 3167 σύγκρισις
2944 3092 2978 3162 ἢ
3031 3093 3295 3166 ὁμοιότης
3324 3096 3463 3171 πρὸς
3491 3097 3557 3152 τὰ
3583 3098 3780 3174 γενητὰ
3811 3119 3824 3169 ;
3928 3160 3933 3165 η

2185 3177 2290 3232 Κᾶν
2339 3178 2444 3254 γὰρ
2492 3177 2657 3235 πάλιν
2717 3178 3063 3253 ἐνθυμηθῶσί
3110 3203 3160 3237 τι
3215 3188 3502 3256 τοιοῦτον,
3563 3183 3827 3262 διελέγξει

2181 3266 2407 3329 τούτους
2462 3267 2529 3322 τὰ
2584 3267 2719 3323 αὐτὰ
2774 3266 2951 3344 λέγων
3010 3271 3038 3326 ὁ
3091 3270 3327 3335 Παῦλος·
3388 3273 3500 3329 Τίνι
3558 3276 3660 3352 γὰρ
3713 3274 3829 3332 εἶπέ

428 3364 575 3420 ratio
599 3368 701 3419 aut
722 3379 847 3435 quae
870 3361 1190 3418 similitudo
1221 3362 1348 3432 ejus
1376 3367 1595 3418 naturae
1630 3378 1764 3417 cum
1792 3362 1968 3417 rebus
1990 3362 2070 3417 fa-

2192 3372 2315 3409 ποτε
2367 3359 2475 3409 τῶν
2531 3354 2774 3431 ἀγγέλων
2811 3377 2824 3390 ⁸
2883 3356 3007 3421 Υἱός
3067 3380 3171 3431 μου
3229 3361 3279 3415 εἶ
3331 3360 3432 3416 σύ⁶
3494 3361 3605 3437 ἑγὼ
3657 3366 3829 3437 σήμε-

430 3452 543 3509 ctis
563 3452 591 3507 ?
608 3452 822 3508 Verum
847 3453 894 3506 si
920 3468 1126 3508 rursus
1154 3450 1350 3507 simile
1380 3450 1601 3522 aliquid
1625 3452 1972 3522 excogitant,
2004 3450 2073 3506 il-

428 3542 518 3599 los
547 3543 643 3599 his
686 3542 880 3599 verbis
910 3541 1237 3597 confutabit
1284 3540 1501 3596 Paulus
1531 3557 1545 3595 :
1591 3541 1680 3597 Ad
1708 3546 1863 3612 ouem
1890 3548 2076 3597 autem

426 3632 758 3704 angelorum
804 3630 949 3687 dixit
998 3647 1242 3701 unquam
1270 3647 1289 3685 :
1329 3631 1503 3685 Filius
1550 3644 1700 3686 meus
1749 3646 1804 3685 es
1851 3635 1932 3696 tu,
1981 3646 2076 3701 ego

425 3721 584 3777 hodie
604 3723 772 3793 genui
810 3710 904 3777 te'?
948 3721 1014 3776 Et
1042 3720 1112 3775 ad
1142 3720 1369 3788 angelos
1399 3719 1617 3791 quidem
1642 3719 1774 3774 dicit
1802 3737 1821 3775 :
1856 3720 1959 3788 Qui
1982 3721 2074 3790 fa-

422 3813 500 3866 cit
526 3810 748 3880 angelos
773 3824 901 3866 suos
942 3810 1191 3881 spiritus,
1222 3817 1276 3864 et
1305 3810 1584 3864 ministros
1621 3823 1743 3864 suos
1788 3809 2074 3878 ﬂammam

425 3901 574 3972 ignis
602 3900 666 3955 ⁸⁸.

492 3988 583 4044 58.
606 3988 754 4044 Fieri
776 4003 913 4060 ergo
935 3985 1234 4060 proprium
1257 3991 1346 4043 est
1370 4002 1564 4042 rerum
1589 3986 1896 4051 factarum.
1924 4004 2073 4059 quas

422 4093 599 4150 opera
618 4093 747 4133 esse
770 4077 928 4132 dicit.
963 4079 1031 4132 At
1059 4093 1192 4132 cum
1216 4076 1288 4131 de
1330 4074 1468 4131 Filio
1491 4074 1772 4147 loquitur,
1805 4092 1918 4133 non
1955 4076 2070 4132 uti-

421 4170 521 4221 tur
550 4165 823 4221 factionis
852 4164 1154 4233 vocabulo,
1190 4179 1295 4219 nec
1324 4163 1447 4218 fieri
1472 4163 1590 4220 ait:
1614 4164 1716 4220 sed
1740 4179 1877 4220 eum
1908 4170 2071 4220 ister-

425 4269 566 4307 num
616 4267 832 4324 regem,
864 4255 922 4307 et
949 4256 1269 4307 creatorem
1320 4249 1482 4306 hisce
1518 4250 1711 4307 verbis
1758 4255 2023 4324 agnoscit
2056 4270 2070 4309 :

424 4341 672 4396 Thronus
693 4344 841 4406 tuus,
878 4340 1036 4407 Deus,
1071 4341 1130 4395 in
1151 4339 1416 4396 saeculum
1434 4339 1656 4408 swcuti,
1674 4348 1725 4396 et
1742 4346 1803 4396 tu
1822 4343 1881 4397 in
1908 4343 2071 4413 prin-

420 4430 586 4501 cipio,
600 4430 849 4493 Domine,
875 4432 976 4484 teri
990 4446 1080 4484 am
1096 4428 1365 4500 fundasti,
1389 4438 1441 4484 et
1460 4444 1633 4498 opera
1653 4446 1917 4485 manuum
1940 4439 2071 4486 lua-

422 4534 551 4574 rum
578 4526 708 4573 sunt
738 4518 881 4574 creti.
928 4519 1040 4589 Ipsi
1064 4517 1339 4584 peribunt,
1372 4521 1431 4573 tu
1460 4526 1649 4574 autem
1689 4535 1976 4590 permanes
2005 4522 2069 4576 ’9.

2184 3463 2275 3520 ρον
2334 3445 2633 3519 γεγέννηκά
2682 3466 2740 3501 σε
2794 3449 2908 3516 (30)
2949 3446 3093 3515 ;Καί
3150 3450 3286 3523 πρὸς
3348 3451 3443 3523 μὲν
3496 3450 3624 3515 τοὺς
3671 3452 3831 3529 ἀγγέ-

2185 3531 2315 3595 λους
2365 3530 2553 3608 λέγει·
2612 3534 2674 3591 Ὁ
2731 3540 2904 3590 ποιῶν
2960 3534 3086 3599 τοὺς
3132 3536 3395 3615 ἀγγέλους
3451 3539 3616 3596 αὐτοῦ
3671 3542 3831 3598 πνεύ-

2189 3642 2378 3693 ματα,
2435 3621 2524 3678 καὶ
2587 3621 2717 3686 τοὺς
2783 3622 3136 3701 λειτουργοὺς
3215 3626 3379 3685 αύτοῦ
3448 3631 3620 3706 πυρὸς
3694 3629 3834 3710 ιρλό-

2182 3730 2250 3787 γα
2280 3713 2413 3785 (31).

2251 3984 2342 4039 58.
2377 3979 2516 4040 Ἰδοὺ
2543 3987 2653 4039 τῶν
2711 3983 2806 4058 μὶν
2854 3989 3097 4060 γενητῶν
3128 3984 3191 4042 τὸ
3221 3991 3515 4058 ποιεῖσθαι,
3546 3988 3635 4043 καὶ
3664 3993 3834 4045 ταῦτα

2181 4073 2468 4145 ποιήματα
2495 4073 2629 4128 εἶναι
2674 4070 2847 4148 λέγει·
2897 4075 3036 4150 πρὸς
3085 4073 3143 4130 δὲ
3184 4076 3277 4131 τὸν
3310 4076 3433 4131 Υἱὸν
3486 4077 3550 4132 οὑ
3580 4077 3829 4150 ποίησιν,

2182 4159 2309 4216 οὐδὲ
2335 4162 2399 4217 τὸ
2426 4162 2690 4238 γενέσθαι,
2723 4160 2869 4219 ἀλλὰ
2894 4164 2957 4220 τὸ
2988 4161 3186 4234 ἀΐδιον,
3223 4164 3313 4220 καὶ
3341 4165 3404 4220 τὸ
3439 4163 3666 4241 βασιλέα
3694 4171 3830 4242 (32),

2180 4250 2272 4305 καὶ
2300 4250 2364 4305 τὸ
2411 4250 2546 4306 εἶναι
2596 4247 2954 4328 δημιουργὸν,
3005 4258 3323 4332 προσφωνεῖ
3368 4252 3560 4331 λέγων·
3593 4256 3655 4313 Ὁ
3700 4256 3831 4334 θρό-

2182 4360 2275 4401 νος
2325 4360 2442 4410 σου,
2493 4339 2522 4393 ὁ
2571 4339 2726 4407 Θεὸς,
2768 4339 2844 4403 εἷς
2886 4342 2977 4396 τὸν
3024 4340 3196 4397 αἰωνα
3231 4346 3329 4397 τοῦ
3378 4342 3594 4415 αἰῶνος,
3624 4344 3716 4399 καὶ
3766 4344 3832 4401 σὺ

2180 4429 2296 4483 κατ’
2366 4427 2541 4503 ἀρχάς
2575 4471 2589 4497 ,
2649 4427 2811 4502 Κύριε
2842 4474 2858 4502 ,
2920 4431 3021 4499 τὴν
3095 4438 3200 4505 γῆν
3266 4430 3633 4505 ἐθεμελίωσας
3668 4476 3683 4501 ,
3737 4435 3834 4490 καὶ

2182 4515 2316 4593 ἔργα
2337 4520 2442 4571 τῶν
2498 4520 2700 4593 χειρῶν
2756 4538 2852 4572 σου
2910 4518 3041 4574 εἷσίν
3101 4520 3154 4575 οἱ
3212 4518 3452 4596 οὐρανοί.
3507 4521 3674 4579 Δύτοὶ
3731 4523 3840 4579 ἀπ-

421 4607 504 4663 Ex
532 4606 769 4679 quibus,
791 4607 838 4662 si
871 4605 1082 4662 vellent
1110 4605 1231 4672 isti,
1264 4606 1590 4678 perspicere
1620 4612 1861 4679 possent
1888 4607 2070 4663 alium

2192 4604 2461 4677 ολοῦνται,
2519 4604 2583 4660 σὺ
2643 4603 2700 4661 δὲ
2758 4604 3030 4681 διαμένεις
3090 4610 3224 4684 (33).
3259 4610 3344 4681 Ἐξ
3401 4611 3474 4666 ὧν
3531 4611 3620 4666 καὶ
3676 4611 3837 4668 αὐτοὶ

420 4712 551 4755 esse
579 4695 849 4768 opificem
896 4699 955 4751 et
982 4694 1099 4752 alia
1144 4711 1321 4767 opera
1352 4711 1366 4751 :
1399 4694 1565 4751 illum
1617 4694 1898 4752 nimirum
1942 4712 2071 4753 esse

2192 4693 2417 4751 συνιδεῖν
2448 4692 2738 4766 ἠδύναντο,
2771 4694 2920 4773 εἶ’περ
2948 4682 3290 4768 ἤθελονηῖτι
3338 4697 3512 4762 ἄλλος
3560 4701 3657 4773 μὲν
3687 4699 3836 4757 ἐστιν

491 4822 721 4901 “fasi.
755 4838 1023 4891 Lxxxvm,
1055 4823 1112 4879 7.
1188 4822 1232 4857 °'
1276 4820 1431 4878 Psal.
1484 4838 1684 4889 Lxxxv,
1714 4822 1770 4877 8.
1847 4823 1891 4859 κ
1921 4823 1943 4878 Ι
1977 4822 2078 4883 Cor

2199 4840 2249 4892 v,
2280 4824 2371 4879 51.
2447 4823 2490 4858 ³⁷
2534 4823 2708 4879 Hebr.
2742 4840 2782 4895 ι,
2834 4824 2920 4880 10.
2997 4825 3040 4861 ⁸³
3084 4824 3227 4882 ibid.
3256 4826 3313 4899 5,
3358 4827 3415 4884 7.
3490 4828 3536 4865 ⁰⁹
3580 4827 3722 4887 ibid.
3776 4831 3839 4901 8,

425 4895 510 4964 10,
544 4895 631 4952 11.

514 5011 609 5080 23)
637 5010 732 5067 Sic
762 5009 1101 5082 Seguerian.
1135 5014 1209 5065 At
1238 5009 1335 5067 alii
1367 5013 1425 5065 et
1452 5009 1613 5082 editi,
1645 5006 1735 5064 καὶ
1767 5006 1938 5066 οὗτοι.

515 5083 617 5207 24)
637 5083 730 5137 Sic
759 5079 1098 5154 Seguerian.
1159 5086 1217 5138 et
1275 5082 1414 5155 Reg.
1472 5081 1582 5137 Alii
1638 5098 1772 5139 vero
1820 5088 1876 5138 et
1905 5079 2066 5152 editi,

515 5173 593 5207 ’κο
620 5172 717 5207 νει.

423 5172 717 5208 συγκοινει.

514 5173 993 5298 ἔῶινὲζγκρίνεται
1023 5224 1199 5298 abest
1219 5241 1253 5298 ο.
1281 5222 1510 5298 Gobler.
1544 5228 1602 5279 et
1632 5224 1780 5281 Felc.
1817 5227 1866 5280 1.

632 5291 995 5370 δθέιζὲιιιίιιηη
1025 5294 1113 5370 καὶ
1138 5292 1331 5370 πλέον.
1366 5295 1523 5351 Idem
1556 5313 1688 5370 mox
1720 5302 1851 5367 post,
1904 5291 2067 5370 ass}-

461 5367 556 5430 ούς
586 5366 807 5425 omittit
836 5366 1026 5422 αὑτοῦ.
1068 5367 1213 5423 Ibid.
1247 5374 1483 5437 Seguer.
1527 5366 1757 5437 Gobler.
1817 5374 1875 5422 et
1915 5368 2067 5424 Felc.

461 5387 556 5430 ους
588 5387 807 5425 omnm.
836 5387 1026 5422 αυτου.
1068 5387 1213 5423 1010.
1247 5387 1483 5437 beguer.
1527 5387 1757 5422 UODlel‘.
1817 5387 1875 5422 et.
1915 5387 2066 5424 F010.

420 5387 472 5511 Τ,
507 5439 835 5512 Δίαςηῐῐοω
867 5446 1104 5509 Seguer.
1139 5438 1304 5507 ibid.,
1334 5437 1504 5512 ἀστὴρ
1539 5432 1615 5493 δέ.
1648 5438 1753 5512 Alii
1803 5445 1860 5494 et
1904 5438 2066 5512 editi,

419 5509 589 5593 ἀστῂρ
619 5509 926 5593 γάρκιιξὶιό.
959 5515 1222 5593 Seguer.‘
1249 5509 1484 5593 Gobler.‘
1528 5516 1587 5566 et
1615 5509 1765 5593 Felc_.
1826 5513 1877 5573 1.
1917 5509 2068 5593 iam

417 5581 713 5658 κρείσσων.Δ
734 5581 900 5658 Gobl.
931 5587 991 5638 et
1020 5582 1168 5638 Felc.
1203 5583 1255 5652 1,
1284 5585 1549 5658 κρεῖσσον,
1583 5582 1883 5639 mendose.
1917 5581 2068 5638 Editi

417 5652 477 5714 et
505 5656 627 5720 alii,
659 5654 721 5710 οὗ
752 5652 1036 5729 κρείττων.

490 5722 1006 5802 (2])βθεζυξ>ιδὶαῃ.,
1036 5722 1165 5779 ὅταν
1183 5725 1669 5802 εις-ταῦτακβεε.
1696 5727 1865 5802 ταῦτα
1894 5724 2069 5802 o_mit_-

416 5789 509 5856 uti
543 5789 875 5857 IbidfFelc.
914 5789 1001 5868 5,‘
1029 5789 1378 5871 παραϐάλλῃ.
1436 5789 1645 5855 Εάίίίον
1678 5796 1960 5855 Commel.
2011 5800 2070 5854 et

2181 5010 2302 5075 alii,
2334 5003 2638 5083 περαϐάλῃ.

2252 5083 2365 5155 (28)
2394 5080 2728 5155 Seguerian.
2763 5080 2838 5155 ὡς
2871 5083 3109 5155 omittit.

2252 5086 2366 5223 (28)
2394 5086 2728 5153 Seguerian.
2763 5086 2838 5142 ὡς
2871 5086 3014 5139 omit

2251 5155 2342 5219 (29
2399 5153 2768 5226 Seguerian.,
2810 5153 2838 5206 ὁ
2869 5152 3014 5226 Υἱός.

2251 5226 2363 5296 (30)
2390 5224 2731 5303 Seguerian.
2752 5224 3092 5303 _Goblerian.
3125 5230 3182 5303 et
3208 5227 3359 5303 _F_elc_.
3394 5230 3419 5284 1
3457 5226 3836 5303 αᾱὰιιηι,ἐγὼ

2180 5294 2419 5370 σήμερον
2469 5294 2769 5422 ἰγεγέννηκοὶ
2825 5316 2903 5351 σε.
2963 5298 3072 5353 Sed
3120 5298 3453 5357 Goblerian.
3510 5305 3569 5357 et
3612 5294 3769 5358 Felc:
3804 5303 3834 5357 1

2180 5370 2398 5422 habent
2426 5366 2484 5422 ἐγ
2514 5367 2683 5422 ννησά
2715 5388 2790 5422 σε.
2845 5370 2925 5422 Ea
2979 5375 3176 5422 autem
3235 5373 3309 5422 ab
3367 5372 3498 5422 aliis
3540 5376 3597 5422 et
3652 5372 3834 5422 editis

2179 5366 2398 5425 habent
2426 5366 2683 5443 ἐγέννησά
2715 5388 2790 5424 σε.
2845 5370 2925 5425 Ea
2979 5375 3176 5426 autem
3235 5373 3309 5427 ab
3367 5372 3498 5428 aliis
3540 5376 3597 5429 et
3652 5372 3840 5431 editis

2178 5444 2888 5598 όρῗὲὃιέοευοιοίιωηπῦρ
2933 5496 3154 5590 φλέξον.
3216 5513 3348 5570 Mox
3405 5514 3554 5572 Felc.
3607 5516 3662 5586 5,
3716 5535 3844 5592 γεν.

2177 5604 2727 5725 νητὲἴδοευθιυίοη.
2761 5654 2989 5711 Gobler.
3023 5662 3081 5711 et
3109 5655 3254 5711 Felc.
3290 5659 3341 5720 1.
3372 5656 3462 5711 καὶ
3499 5656 3747 5732 βασιλέα.

2249 5659 2361 5798 (33)
2389 5723 2750 5798 Seguerian.,
2796 5723 3069 5798 διαμενεῖς
3118 5732 3189 5784 At
3235 5730 3333 5785 alii
3376 5738 3434 5787 et
3482 5730 3644 5797 editi,
3706 5727 3738 5785 δ

2225 5723 2361 5830 ΔΥ,(33)
2389 5723 2750 5799 Seguerian.,
2796 5723 3069 5801 διαμενεῖς
3118 5732 3189 5784 At
3235 5730 3333 5785 alii
3376 5738 3434 5787 et
3482 5723 3644 5797 éditi,
3706 5727 3835 5785 δια-

2181 5817 2374 5870 μένεις.
