  <div class='ocr_page' id='page_1' title='image "/cluster/home/n/w/nwhite01/storage/ocr_20150623/26/hvd.32044019208479/113.png"; bbox 0 0 4076 6400; ppageno 0'>
   <div class='ocr_carea' id='block_1_1' title="bbox 367 464 486 525">
    <p class='ocr_par' dir='ltr' id='par_1_1' title="bbox 367 464 486 525">
     <span class='ocr_line' id='line_1_1' title="bbox 367 464 486 525; baseline -0.017 0"><span class='ocrx_word' id='word_1_1' title='bbox 367 464 486 525; x_wconf 81' lang='grc'>139</span> 
     </span>
    </p>
   </div>
   <div class='ocr_carea' id='block_1_2' title="bbox 913 462 3231 526">
    <p class='ocr_par' dir='ltr' id='par_1_2' title="bbox 913 462 3231 526">
     <span class='ocr_line' id='line_1_2' title="bbox 913 462 3231 526; baseline -0.001 -1"><span class='ocrx_word' id='word_1_2' title='bbox 913 465 978 525; x_wconf 85' lang='grc'><strong>8.</strong></span> <span class='ocrx_word' id='word_1_3' title='bbox 1028 465 1453 526; x_wconf 76' lang='lat' dir='ltr'><strong>ATHANASII</strong></span> <span class='ocrx_word' id='word_1_4' title='bbox 1497 464 1666 526; x_wconf 88' lang='lat' dir='ltr'><strong>OPP.</strong></span> <span class='ocrx_word' id='word_1_5' title='bbox 1713 462 1915 523; x_wconf 79' lang='lat' dir='ltr'><strong>PARS</strong></span> <span class='ocrx_word' id='word_1_6' title='bbox 1960 463 2009 523; x_wconf 86' lang='grc' dir='ltr'>Ι.</span> <span class='ocrx_word' id='word_1_7' title='bbox 2041 495 2120 506; x_wconf 89' lang='grc'><strong>-</strong></span> <span class='ocrx_word' id='word_1_8' title='bbox 2147 462 2566 525; x_wconf 83' lang='lat' dir='ltr'><strong>HISTORICA</strong></span> <span class='ocrx_word' id='word_1_9' title='bbox 2606 463 2708 526; x_wconf 90' lang='lat' dir='ltr'><strong>ET</strong></span> <span class='ocrx_word' id='word_1_10' title='bbox 2750 462 3231 525; x_wconf 81' lang='lat' dir='ltr'><strong>DOGMATICA.</strong></span> 
     </span>
    </p>
   </div>
   <div class='ocr_carea' id='block_1_3' title="bbox 3662 465 3776 525">
    <p class='ocr_par' dir='ltr' id='par_1_3' title="bbox 3662 465 3776 525">
     <span class='ocr_line' id='line_1_3' title="bbox 3662 465 3776 525; baseline 0.026 -3"><span class='ocrx_word' id='word_1_11' title='bbox 3662 465 3776 525; x_wconf 76' lang='grc'><strong>140</strong></span> 
     </span>
    </p>
   </div>
   <div class='ocr_carea' id='block_1_4' title="bbox 360 591 1995 671">
    <p class='ocr_par' dir='ltr' id='par_1_4' title="bbox 360 594 1991 668">
     <span class='ocr_line' id='line_1_4' title="bbox 360 594 1991 668; baseline -0.001 -17"><span class='ocrx_word' id='word_1_12' title='bbox 360 595 747 668; x_wconf 83' lang='lat' dir='ltr'><strong>judicabatur</strong></span> <span class='ocrx_word' id='word_1_13' title='bbox 780 614 793 651; x_wconf 88' lang='lat'><strong>:</strong></span> <span class='ocrx_word' id='word_1_14' title='bbox 829 613 986 653; x_wconf 91' lang='lat' dir='ltr'><strong>nunc</strong></span> <span class='ocrx_word' id='word_1_15' title='bbox 1034 613 1169 653; x_wconf 90' lang='lat' dir='ltr'><strong>vero</strong></span> <span class='ocrx_word' id='word_1_16' title='bbox 1238 597 1492 653; x_wconf 83' lang='lat' dir='ltr'><strong>Verbum</strong></span> <span class='ocrx_word' id='word_1_17' title='bbox 1543 596 1603 652; x_wconf 90' lang='lat' dir='ltr'><strong>in</strong></span> <span class='ocrx_word' id='word_1_18' title='bbox 1651 612 1713 652; x_wconf 90' lang='lat' dir='ltr'><strong>se</strong></span> <span class='ocrx_word' id='word_1_19' title='bbox 1760 594 1991 667; x_wconf 77' lang='lat' dir='ltr'><strong>suscepi</strong></span> 
     </span>
    </p>
   </div>
   <div class='ocr_carea' id='block_1_5' title="bbox 2114 591 3769 671">
    <p class='ocr_par' dir='ltr' id='par_1_5' title="bbox 2132 591 3769 671">
     <span class='ocr_line' id='line_1_5' title="bbox 2132 591 3769 671; baseline 0.001 -23"><span class='ocrx_word' id='word_1_20' title='bbox 2132 591 2345 664; x_wconf 71' lang='grc' dir='ltr'>ὶδὲξατο</span> <span class='ocrx_word' id='word_1_21' title='bbox 2376 595 2437 651; x_wconf 86' lang='grc' dir='ltr'>τὸ</span> <span class='ocrx_word' id='word_1_22' title='bbox 2467 601 2661 671; x_wconf 84' lang='grc' dir='ltr'>κρῖμα,</span> <span class='ocrx_word' id='word_1_23' title='bbox 2691 593 2891 669; x_wconf 76' lang='grc' dir='ltr'>καὶτῷ</span> <span class='ocrx_word' id='word_1_24' title='bbox 2943 594 3155 668; x_wconf 84' lang='grc' dir='ltr'>σώματι</span> <span class='ocrx_word' id='word_1_25' title='bbox 3201 595 3386 649; x_wconf 85' lang='grc' dir='ltr'>παθὼν</span> <span class='ocrx_word' id='word_1_26' title='bbox 3447 593 3578 669; x_wconf 77' lang='grc' dir='ltr'>ὑπὲρ</span> <span class='ocrx_word' id='word_1_27' title='bbox 3635 596 3769 650; x_wconf 82' lang='grc' dir='ltr'>πάν-</span> 
     </span>
    </p>
   </div>
   <div class='ocr_carea' id='block_1_6' title="bbox 354 683 2015 758">
    <p class='ocr_par' dir='ltr' id='par_1_6' title="bbox 354 683 2015 758">
     <span class='ocr_line' id='line_1_6' title="bbox 354 683 2015 758; baseline -0.002 -16"><span class='ocrx_word' id='word_1_28' title='bbox 354 686 677 757; x_wconf 88' lang='lat' dir='ltr'><strong>judicium,</strong></span> <span class='ocrx_word' id='word_1_29' title='bbox 707 690 764 741; x_wconf 88' lang='lat' dir='ltr'>et</span> <span class='ocrx_word' id='word_1_30' title='bbox 794 702 1032 757; x_wconf 89' lang='lat' dir='ltr'><strong>corpore</strong></span> <span class='ocrx_word' id='word_1_31' title='bbox 1065 703 1166 758; x_wconf 90' lang='lat' dir='ltr'><strong>pro</strong></span> <span class='ocrx_word' id='word_1_32' title='bbox 1198 686 1475 741; x_wconf 87' lang='lat' dir='ltr'><strong>omnibus</strong></span> <span class='ocrx_word' id='word_1_33' title='bbox 1506 685 1804 757; x_wconf 88' lang='lat' dir='ltr'><strong>patiendo,</strong></span> <span class='ocrx_word' id='word_1_34' title='bbox 1856 683 2015 739; x_wconf 87' lang='lat' dir='ltr'><strong>salu-</strong></span> 
     </span>
    </p>
   </div>
   <div class='ocr_carea' id='block_1_7' title="bbox 360 772 2016 844">
    <p class='ocr_par' dir='ltr' id='par_1_7' title="bbox 360 772 2016 844">
     <span class='ocr_line' id='line_1_7' title="bbox 360 772 2016 844; baseline -0.002 -14"><span class='ocrx_word' id='word_1_35' title='bbox 360 779 479 830; x_wconf 97' lang='lat' dir='ltr'><strong>tem</strong></span> <span class='ocrx_word' id='word_1_36' title='bbox 514 774 751 831; x_wconf 86' lang='lat' dir='ltr'><strong>donavit</strong></span> <span class='ocrx_word' id='word_1_37' title='bbox 783 773 1254 840; x_wconf 88' lang='lat' dir='ltr'><strong>omnibus.Quod</strong></span> <span class='ocrx_word' id='word_1_38' title='bbox 1280 790 1413 829; x_wconf 89' lang='lat' dir='ltr'><strong>cum</strong></span> <span class='ocrx_word' id='word_1_39' title='bbox 1448 773 1814 844; x_wconf 82' lang='lat' dir='ltr'><strong>exploratum</strong></span> <span class='ocrx_word' id='word_1_40' title='bbox 1843 772 2016 827; x_wconf 87' lang='lat' dir='ltr'><strong>babe-</strong></span> 
     </span>
    </p>
   </div>
   <div class='ocr_carea' id='block_1_8' title="bbox 359 860 2011 935">
    <p class='ocr_par' dir='ltr' id='par_1_8' title="bbox 359 860 2011 935">
     <span class='ocr_line' id='line_1_8' title="bbox 359 860 2011 935; baseline -0.002 -17"><span class='ocrx_word' id='word_1_41' title='bbox 359 867 449 918; x_wconf 89' lang='lat' dir='ltr'><strong>ret</strong></span> <span class='ocrx_word' id='word_1_42' title='bbox 477 863 757 930; x_wconf 82' lang='lat' dir='ltr'><strong>Joannes,</strong></span> <span class='ocrx_word' id='word_1_43' title='bbox 788 860 1152 918; x_wconf 72' lang='lat' dir='ltr'><strong>exclamabat</strong></span> <span class='ocrx_word' id='word_1_44' title='bbox 1177 879 1191 918; x_wconf 87' lang='lat'><strong>:</strong></span> <span class='ocrx_word' id='word_1_45' title='bbox 1214 864 1327 918; x_wconf 78' lang='lat' dir='ltr'><strong>Lex</strong></span> <span class='ocrx_word' id='word_1_46' title='bbox 1352 879 1451 935; x_wconf 87' lang='lat' dir='ltr'><strong>per</strong></span> <span class='ocrx_word' id='word_1_47' title='bbox 1480 867 1719 934; x_wconf 63' lang='lat' dir='ltr'><strong>Moysen;</strong></span> <span class='ocrx_word' id='word_1_48' title='bbox 1747 860 1879 916; x_wconf 81' lang='lat' dir='ltr'><strong>data</strong></span> <span class='ocrx_word' id='word_1_49' title='bbox 1912 871 2011 929; x_wconf 73' lang='lat' dir='ltr'><strong>est,</strong></span> 
     </span>
    </p>
   </div>
   <div class='ocr_carea' id='block_1_9' title="bbox 358 949 2008 1022">
    <p class='ocr_par' dir='ltr' id='par_1_9' title="bbox 358 949 2008 1022">
     <span class='ocr_line' id='line_1_9' title="bbox 358 949 2008 1022; baseline -0.001 -17"><span class='ocrx_word' id='word_1_50' title='bbox 358 952 550 1021; x_wconf 82' lang='lat' dir='ltr'><strong>gratia</strong></span> <span class='ocrx_word' id='word_1_51' title='bbox 595 955 645 1007; x_wconf 84' lang='lat' dir='ltr'><strong>et</strong></span> <span class='ocrx_word' id='word_1_52' title='bbox 685 952 884 1007; x_wconf 78' lang='lat' dir='ltr'><strong>veritas</strong></span> <span class='ocrx_word' id='word_1_53' title='bbox 929 966 1030 1022; x_wconf 80' lang='lat' dir='ltr'><strong>per</strong></span> <span class='ocrx_word' id='word_1_54' title='bbox 1072 951 1259 1021; x_wconf 74' lang='lat' dir='ltr'><strong>Iesum</strong></span> <span class='ocrx_word' id='word_1_55' title='bbox 1305 951 1589 1008; x_wconf 73' lang='lat' dir='ltr'><strong>Christum</strong></span> <span class='ocrx_word' id='word_1_56' title='bbox 1631 953 1781 1022; x_wconf 80' lang='lat' dir='ltr'><strong>facta</strong></span> <span class='ocrx_word' id='word_1_57' title='bbox 1835 957 1912 1005; x_wconf 76' lang='lat' dir='ltr'><strong>est</strong></span> <span class='ocrx_word' id='word_1_58' title='bbox 1943 949 2008 1003; x_wconf 81' lang='grc'><strong>¹².</strong></span> 
     </span>
    </p>
   </div>
   <div class='ocr_carea' id='block_1_10' title="bbox 358 1038 2010 1111">
    <p class='ocr_par' dir='ltr' id='par_1_10' title="bbox 358 1038 2010 1111">
     <span class='ocr_line' id='line_1_10' title="bbox 358 1038 2010 1111; baseline -0.001 -17"><span class='ocrx_word' id='word_1_59' title='bbox 358 1039 731 1096; x_wconf 76' lang='lat' dir='ltr'><strong>Praastantior</strong></span> <span class='ocrx_word' id='word_1_60' title='bbox 759 1046 957 1095; x_wconf 90' lang='lat' dir='ltr'><strong>autem</strong></span> <span class='ocrx_word' id='word_1_61' title='bbox 987 1046 1075 1096; x_wconf 85' lang='lat' dir='ltr'><strong>est</strong></span> <span class='ocrx_word' id='word_1_62' title='bbox 1101 1040 1288 1111; x_wconf 84' lang='lat' dir='ltr'><strong>gratia</strong></span> <span class='ocrx_word' id='word_1_63' title='bbox 1318 1056 1495 1111; x_wconf 88' lang='lat' dir='ltr'><strong>quam</strong></span> <span class='ocrx_word' id='word_1_64' title='bbox 1526 1039 1639 1107; x_wconf 85' lang='lat' dir='ltr'><strong>lex,</strong></span> <span class='ocrx_word' id='word_1_65' title='bbox 1693 1043 1751 1094; x_wconf 86' lang='lat' dir='ltr'><strong>et</strong></span> <span class='ocrx_word' id='word_1_66' title='bbox 1794 1038 2010 1094; x_wconf 83' lang='lat' dir='ltr'><strong>veritas</strong></span> 
     </span>
    </p>
   </div>
   <div class='ocr_carea' id='block_1_11' title="bbox 361 1129 796 1202">
    <p class='ocr_par' dir='ltr' id='par_1_11' title="bbox 361 1129 796 1202">
     <span class='ocr_line' id='line_1_11' title="bbox 361 1129 796 1202; baseline 0 -18"><span class='ocrx_word' id='word_1_67' title='bbox 361 1145 538 1202; x_wconf 83' lang='lat' dir='ltr'><strong>quam</strong></span> <span class='ocrx_word' id='word_1_68' title='bbox 566 1129 796 1184; x_wconf 91' lang='lat' dir='ltr'><strong>umbra.</strong></span> 
     </span>
    </p>
   </div>
   <div class='ocr_carea' id='block_1_12' title="bbox 425 1234 2007 1308">
    <p class='ocr_par' dir='ltr' id='par_1_12' title="bbox 425 1234 2007 1308">
     <span class='ocr_line' id='line_1_12' title="bbox 425 1234 2007 1308; baseline -0.001 -17"><span class='ocrx_word' id='word_1_69' title='bbox 425 1237 516 1291; x_wconf 85' lang='lat'><strong>61.</strong></span> <span class='ocrx_word' id='word_1_70' title='bbox 550 1236 667 1292; x_wconf 89' lang='lat' dir='ltr'><strong>Hoc</strong></span> <span class='ocrx_word' id='word_1_71' title='bbox 696 1252 833 1308; x_wconf 90' lang='lat' dir='ltr'><strong>ergo</strong></span> <span class='ocrx_word' id='word_1_72' title='bbox 865 1236 1017 1307; x_wconf 92' lang='lat' dir='ltr'><strong>quod</strong></span> <span class='ocrx_word' id='word_1_73' title='bbox 1043 1236 1450 1307; x_wconf 59' lang='lat' dir='ltr'><strong>praestantioris</strong></span> <span class='ocrx_word' id='word_1_74' title='bbox 1480 1234 1761 1290; x_wconf 86' lang='lat' dir='ltr'><strong>vocabulo</strong></span> <span class='ocrx_word' id='word_1_75' title='bbox 1811 1234 2007 1305; x_wconf 84' lang='lat' dir='ltr'><strong>expri-</strong></span> 
     </span>
    </p>
   </div>
   <div class='ocr_carea' id='block_1_13' title="bbox 355 1321 2006 1396">
    <p class='ocr_par' dir='ltr' id='par_1_13' title="bbox 355 1321 2006 1396">
     <span class='ocr_line' id='line_1_13' title="bbox 355 1321 2006 1396; baseline -0.002 -15"><span class='ocrx_word' id='word_1_76' title='bbox 355 1325 561 1394; x_wconf 80' lang='lat' dir='ltr'><strong>mitur,</strong></span> <span class='ocrx_word' id='word_1_77' title='bbox 593 1324 1114 1396; x_wconf 83' lang='lat' dir='ltr'><strong>quemadmodum,</strong></span> <span class='ocrx_word' id='word_1_78' title='bbox 1147 1324 1369 1379; x_wconf 92' lang='lat' dir='ltr'><strong>dictum</strong></span> <span class='ocrx_word' id='word_1_79' title='bbox 1403 1329 1513 1393; x_wconf 88' lang='lat' dir='ltr'><strong>est,</strong></span> <span class='ocrx_word' id='word_1_80' title='bbox 1537 1340 1638 1395; x_wconf 90' lang='lat' dir='ltr'><strong>per</strong></span> <span class='ocrx_word' id='word_1_81' title='bbox 1667 1321 1847 1378; x_wconf 88' lang='lat' dir='ltr'><strong>alium</strong></span> <span class='ocrx_word' id='word_1_82' title='bbox 1882 1322 2006 1378; x_wconf 84' lang='lat' dir='ltr'><strong>ﬁeri</strong></span> 
     </span>
    </p>
   </div>
   <div class='ocr_carea' id='block_1_14' title="bbox 354 1412 2004 1487">
    <p class='ocr_par' dir='ltr' id='par_1_14' title="bbox 354 1412 2004 1487">
     <span class='ocr_line' id='line_1_14' title="bbox 354 1412 2004 1487; baseline -0.003 -16"><span class='ocrx_word' id='word_1_83' title='bbox 354 1432 472 1471; x_wconf 89' lang='lat' dir='ltr'><strong>non</strong></span> <span class='ocrx_word' id='word_1_84' title='bbox 505 1417 749 1487; x_wconf 82' lang='lat' dir='ltr'><strong>poterat,</strong></span> <span class='ocrx_word' id='word_1_85' title='bbox 783 1414 895 1469; x_wconf 84' lang='lat' dir='ltr'><strong>nisi</strong></span> <span class='ocrx_word' id='word_1_86' title='bbox 925 1430 1028 1485; x_wconf 91' lang='lat' dir='ltr'><strong>per</strong></span> <span class='ocrx_word' id='word_1_87' title='bbox 1058 1414 1271 1468; x_wconf 90' lang='lat' dir='ltr'><strong>Filium</strong></span> <span class='ocrx_word' id='word_1_88' title='bbox 1305 1412 1407 1484; x_wconf 85' lang='lat' dir='ltr'><strong>qui</strong></span> <span class='ocrx_word' id='word_1_89' title='bbox 1440 1414 1512 1468; x_wconf 89' lang='lat' dir='ltr'><strong>ad</strong></span> <span class='ocrx_word' id='word_1_90' title='bbox 1543 1414 1841 1468; x_wconf 81' lang='lat' dir='ltr'><strong>dexteram</strong></span> <span class='ocrx_word' id='word_1_91' title='bbox 1895 1412 2004 1467; x_wconf 88' lang='lat' dir='ltr'><strong>Pa-</strong></span> 
     </span>
    </p>
   </div>
   <div class='ocr_carea' id='block_1_15' title="bbox 352 1501 2001 1574">
    <p class='ocr_par' dir='ltr' id='par_1_15' title="bbox 352 1501 2001 1574">
     <span class='ocr_line' id='line_1_15' title="bbox 352 1501 2001 1574; baseline -0.003 -15"><span class='ocrx_word' id='word_1_92' title='bbox 352 1504 461 1559; x_wconf 84' lang='lat' dir='ltr'><strong>tris</strong></span> <span class='ocrx_word' id='word_1_93' title='bbox 498 1504 681 1559; x_wconf 84' lang='lat' dir='ltr'><strong>sedet.</strong></span> <span class='ocrx_word' id='word_1_94' title='bbox 707 1502 854 1566; x_wconf 88' lang='lat' dir='ltr'><strong>Quid</strong></span> <span class='ocrx_word' id='word_1_95' title='bbox 885 1508 1082 1558; x_wconf 88' lang='lat' dir='ltr'><strong>autem</strong></span> <span class='ocrx_word' id='word_1_96' title='bbox 1112 1503 1273 1557; x_wconf 80' lang='lat' dir='ltr'><strong>istud</strong></span> <span class='ocrx_word' id='word_1_97' title='bbox 1308 1501 1623 1574; x_wconf 80' lang='lat' dir='ltr'><strong>signiﬁcat,</strong></span> <span class='ocrx_word' id='word_1_98' title='bbox 1656 1501 1770 1556; x_wconf 85' lang='lat' dir='ltr'><strong>nisi</strong></span> <span class='ocrx_word' id='word_1_99' title='bbox 1800 1516 2001 1556; x_wconf 88' lang='lat' dir='ltr'><strong>verum</strong></span> 
     </span>
    </p>
   </div>
   <div class='ocr_carea' id='block_1_16' title="bbox 348 1590 2005 1663">
    <p class='ocr_par' dir='ltr' id='par_1_16' title="bbox 348 1590 2005 1663">
     <span class='ocr_line' id='line_1_16' title="bbox 348 1590 2005 1663; baseline -0.002 -14"><span class='ocrx_word' id='word_1_100' title='bbox 348 1593 520 1649; x_wconf 83' lang='lat' dir='ltr'><strong>illum</strong></span> <span class='ocrx_word' id='word_1_101' title='bbox 549 1609 680 1648; x_wconf 88' lang='lat' dir='ltr'><strong>esse</strong></span> <span class='ocrx_word' id='word_1_102' title='bbox 717 1592 958 1661; x_wconf 87' lang='lat' dir='ltr'><strong>Filium,</strong></span> <span class='ocrx_word' id='word_1_103' title='bbox 994 1592 1384 1663; x_wconf 89' lang='lat' dir='ltr'><strong>eamdemque</strong></span> <span class='ocrx_word' id='word_1_104' title='bbox 1415 1590 1601 1646; x_wconf 89' lang='lat' dir='ltr'><strong>Patris</strong></span> <span class='ocrx_word' id='word_1_105' title='bbox 1630 1596 1688 1647; x_wconf 90' lang='lat' dir='ltr'><strong>et</strong></span> <span class='ocrx_word' id='word_1_106' title='bbox 1709 1590 1835 1645; x_wconf 90' lang='lat' dir='ltr'><strong>Filii</strong></span> <span class='ocrx_word' id='word_1_107' title='bbox 1876 1605 2005 1645; x_wconf 86' lang='lat' dir='ltr'><strong>esse</strong></span> 
     </span>
    </p>
   </div>
   <div class='ocr_carea' id='block_1_17' title="bbox 348 1679 2005 1752">
    <p class='ocr_par' dir='ltr' id='par_1_17' title="bbox 348 1679 2005 1752">
     <span class='ocr_line' id='line_1_17' title="bbox 348 1679 2005 1752; baseline -0.002 -15"><span class='ocrx_word' id='word_1_108' title='bbox 348 1680 742 1737; x_wconf 84' lang='lat' dir='ltr'><strong>divinitatem?</strong></span> <span class='ocrx_word' id='word_1_109' title='bbox 759 1681 907 1747; x_wconf 85' lang='lat' dir='ltr'><strong>Quia</strong></span> <span class='ocrx_word' id='word_1_110' title='bbox 937 1681 1093 1737; x_wconf 88' lang='lat' dir='ltr'><strong>enim</strong></span> <span class='ocrx_word' id='word_1_111' title='bbox 1127 1681 1331 1736; x_wconf 87' lang='lat' dir='ltr'><strong>eodem</strong></span> <span class='ocrx_word' id='word_1_112' title='bbox 1365 1680 1549 1735; x_wconf 90' lang='lat' dir='ltr'><strong>Patris</strong></span> <span class='ocrx_word' id='word_1_113' title='bbox 1575 1695 1753 1752; x_wconf 85' lang='lat' dir='ltr'><strong>regno</strong></span> <span class='ocrx_word' id='word_1_114' title='bbox 1784 1679 2005 1751; x_wconf 91' lang='lat' dir='ltr'><strong>potitur</strong></span> 
     </span>
    </p>
   </div>
   <div class='ocr_carea' id='block_1_18' title="bbox 350 1767 1998 1839">
    <p class='ocr_par' dir='ltr' id='par_1_18' title="bbox 350 1767 1998 1839">
     <span class='ocr_line' id='line_1_18' title="bbox 350 1767 1998 1839; baseline -0.003 -13"><span class='ocrx_word' id='word_1_115' title='bbox 350 1770 558 1839; x_wconf 89' lang='lat' dir='ltr'><strong>Filius,</strong></span> <span class='ocrx_word' id='word_1_116' title='bbox 591 1770 651 1825; x_wconf 89' lang='lat' dir='ltr'><strong>in</strong></span> <span class='ocrx_word' id='word_1_117' title='bbox 682 1771 881 1826; x_wconf 89' lang='lat' dir='ltr'><strong>eodem</strong></span> <span class='ocrx_word' id='word_1_118' title='bbox 915 1769 1189 1825; x_wconf 82' lang='lat' dir='ltr'><strong>similiter</strong></span> <span class='ocrx_word' id='word_1_119' title='bbox 1213 1768 1424 1824; x_wconf 78' lang='lat' dir='ltr'><strong>throno</strong></span> <span class='ocrx_word' id='word_1_120' title='bbox 1456 1785 1570 1839; x_wconf 93' lang='lat' dir='ltr'><strong>quo</strong></span> <span class='ocrx_word' id='word_1_121' title='bbox 1604 1769 1771 1824; x_wconf 89' lang='lat' dir='ltr'><strong>Pater</strong></span> <span class='ocrx_word' id='word_1_122' title='bbox 1800 1767 1998 1835; x_wconf 86' lang='lat' dir='ltr'>sedet;</span> 
     </span>
    </p>
   </div>
   <div class='ocr_carea' id='block_1_19' title="bbox 347 1856 2002 1930">
    <p class='ocr_par' dir='ltr' id='par_1_19' title="bbox 347 1856 2002 1930">
     <span class='ocr_line' id='line_1_19' title="bbox 347 1856 2002 1930; baseline -0.001 -17"><span class='ocrx_word' id='word_1_123' title='bbox 347 1873 602 1930; x_wconf 91' lang='lat' dir='ltr'><strong>cumque</strong></span> <span class='ocrx_word' id='word_1_124' title='bbox 630 1858 759 1930; x_wconf 90' lang='lat' dir='ltr'><strong>ipse</strong></span> <span class='ocrx_word' id='word_1_125' title='bbox 790 1858 978 1913; x_wconf 85' lang='lat' dir='ltr'><strong>Patris</strong></span> <span class='ocrx_word' id='word_1_126' title='bbox 1007 1857 1283 1914; x_wconf 86' lang='lat' dir='ltr'><strong>divinitas</strong></span> <span class='ocrx_word' id='word_1_127' title='bbox 1334 1856 1620 1922; x_wconf 87' lang='lat' dir='ltr'><strong>videatur,</strong></span> <span class='ocrx_word' id='word_1_128' title='bbox 1673 1857 1813 1913; x_wconf 90' lang='lat' dir='ltr'><strong>bino</strong></span> <span class='ocrx_word' id='word_1_129' title='bbox 1861 1872 2002 1912; x_wconf 90' lang='lat' dir='ltr'><strong>sane</strong></span> 
     </span>
    </p>
   </div>
   <div class='ocr_carea' id='block_1_20' title="bbox 345 1945 1999 2018">
    <p class='ocr_par' dir='ltr' id='par_1_20' title="bbox 345 1945 1999 2018">
     <span class='ocr_line' id='line_1_20' title="bbox 345 1945 1999 2018; baseline -0.002 -16"><span class='ocrx_word' id='word_1_130' title='bbox 345 1947 502 2002; x_wconf 90' lang='lat' dir='ltr'><strong>Deus</strong></span> <span class='ocrx_word' id='word_1_131' title='bbox 551 1952 642 2004; x_wconf 89' lang='lat' dir='ltr'><strong>est</strong></span> <span class='ocrx_word' id='word_1_132' title='bbox 669 1946 950 2017; x_wconf 87' lang='lat' dir='ltr'><strong>Verbum,</strong></span> <span class='ocrx_word' id='word_1_133' title='bbox 984 1952 1042 2003; x_wconf 85' lang='lat' dir='ltr'><strong>et</strong></span> <span class='ocrx_word' id='word_1_134' title='bbox 1068 1946 1170 2018; x_wconf 90' lang='lat' dir='ltr'><strong>qui</strong></span> <span class='ocrx_word' id='word_1_135' title='bbox 1201 1946 1359 2001; x_wconf 86' lang='lat' dir='ltr'>videt</span> <span class='ocrx_word' id='word_1_136' title='bbox 1387 1945 1621 2013; x_wconf 87' lang='lat' dir='ltr'><strong>Filium,</strong></span> <span class='ocrx_word' id='word_1_137' title='bbox 1656 1945 1884 2001; x_wconf 89' lang='lat' dir='ltr'><strong>Patrem</strong></span> <span class='ocrx_word' id='word_1_138' title='bbox 1912 1945 1999 2001; x_wconf 88' lang='lat' dir='ltr'><strong>vi-</strong></span> 
     </span>
    </p>
   </div>
   <div class='ocr_carea' id='block_1_21' title="bbox 342 2034 2001 2108">
    <p class='ocr_par' dir='ltr' id='par_1_21' title="bbox 342 2034 2001 2108">
     <span class='ocr_line' id='line_1_21' title="bbox 342 2034 2001 2108; baseline -0.002 -17"><span class='ocrx_word' id='word_1_139' title='bbox 342 2036 461 2107; x_wconf 85' lang='lat' dir='ltr'><strong>det,</strong></span> <span class='ocrx_word' id='word_1_140' title='bbox 492 2043 668 2108; x_wconf 88' lang='lat' dir='ltr'><strong>atque</strong></span> <span class='ocrx_word' id='word_1_141' title='bbox 697 2035 804 2091; x_wconf 90' lang='lat' dir='ltr'><strong>hoc</strong></span> <span class='ocrx_word' id='word_1_142' title='bbox 836 2040 1000 2106; x_wconf 90' lang='lat' dir='ltr'><strong>pacto</strong></span> <span class='ocrx_word' id='word_1_143' title='bbox 1027 2052 1183 2091; x_wconf 88' lang='lat' dir='ltr'><strong>unus</strong></span> <span class='ocrx_word' id='word_1_144' title='bbox 1212 2039 1309 2091; x_wconf 87' lang='lat' dir='ltr'><strong>est</strong></span> <span class='ocrx_word' id='word_1_145' title='bbox 1339 2035 1516 2091; x_wconf 83' lang='lat' dir='ltr'><strong>Deus.</strong></span> <span class='ocrx_word' id='word_1_146' title='bbox 1549 2034 1753 2106; x_wconf 77' lang='lat' dir='ltr'>Itaque</span> <span class='ocrx_word' id='word_1_147' title='bbox 1783 2051 1818 2090; x_wconf 90' lang='lat' dir='ltr'><strong>a</strong></span> <span class='ocrx_word' id='word_1_148' title='bbox 1860 2035 2001 2089; x_wconf 84' lang='lat' dir='ltr'><strong>dex-</strong></span> 
     </span>
    </p>
   </div>
   <div class='ocr_carea' id='block_1_22' title="bbox 338 2122 2002 2191">
    <p class='ocr_par' dir='ltr' id='par_1_22' title="bbox 338 2122 2002 2191">
     <span class='ocr_line' id='line_1_22' title="bbox 338 2122 2002 2191; baseline -0.002 -10"><span class='ocrx_word' id='word_1_149' title='bbox 338 2125 448 2181; x_wconf 83' lang='lat' dir='ltr'><strong>tris</strong></span> <span class='ocrx_word' id='word_1_150' title='bbox 495 2127 728 2191; x_wconf 89' lang='lat' dir='ltr'><strong>sedens,</strong></span> <span class='ocrx_word' id='word_1_151' title='bbox 774 2124 1083 2179; x_wconf 83' lang='lat' dir='ltr'><strong>sinistrum</strong></span> <span class='ocrx_word' id='word_1_152' title='bbox 1133 2140 1249 2179; x_wconf 89' lang='lat' dir='ltr'><strong>non</strong></span> <span class='ocrx_word' id='word_1_153' title='bbox 1322 2123 1515 2179; x_wconf 82' lang='lat' dir='ltr'>reddit</span> <span class='ocrx_word' id='word_1_154' title='bbox 1556 2124 1783 2178; x_wconf 85' lang='lat' dir='ltr'>Patrem</span> <span class='ocrx_word' id='word_1_155' title='bbox 1836 2138 1850 2178; x_wconf 89' lang='lat'><strong>:</strong></span> <span class='ocrx_word' id='word_1_156' title='bbox 1900 2122 2002 2178; x_wconf 92' lang='lat' dir='ltr'><strong>sed</strong></span> 
     </span>
    </p>
   </div>
   <div class='ocr_carea' id='block_1_23' title="bbox 339 2210 2002 2286">
    <p class='ocr_par' dir='ltr' id='par_1_23' title="bbox 339 2210 2002 2286">
     <span class='ocr_line' id='line_1_23' title="bbox 339 2210 2002 2286; baseline -0.001 -18"><span class='ocrx_word' id='word_1_157' title='bbox 339 2214 493 2286; x_wconf 92' lang='lat' dir='ltr'><strong>quod</strong></span> <span class='ocrx_word' id='word_1_158' title='bbox 527 2214 792 2270; x_wconf 88' lang='lat' dir='ltr'><strong>dextrum</strong></span> <span class='ocrx_word' id='word_1_159' title='bbox 825 2218 883 2268; x_wconf 90' lang='lat' dir='ltr'><strong>et</strong></span> <span class='ocrx_word' id='word_1_160' title='bbox 914 2211 1252 2268; x_wconf 86' lang='lat' dir='ltr'><strong>bonorabile</strong></span> <span class='ocrx_word' id='word_1_161' title='bbox 1281 2212 1448 2268; x_wconf 87' lang='lat' dir='ltr'><strong>estin</strong></span> <span class='ocrx_word' id='word_1_162' title='bbox 1482 2212 1666 2280; x_wconf 85' lang='lat' dir='ltr'><strong>Patre,</strong></span> <span class='ocrx_word' id='word_1_163' title='bbox 1688 2210 1796 2267; x_wconf 90' lang='lat' dir='ltr'><strong>hoc</strong></span> <span class='ocrx_word' id='word_1_164' title='bbox 1825 2210 2002 2267; x_wconf 80' lang='lat' dir='ltr'><strong>etiam</strong></span> 
     </span>
    </p>
   </div>
   <div class='ocr_carea' id='block_1_24' title="bbox 350 2299 2004 2372">
    <p class='ocr_par' dir='ltr' id='par_1_24' title="bbox 350 2299 2004 2372">
     <span class='ocr_line' id='line_1_24' title="bbox 350 2299 2004 2372; baseline -0.001 -14"><span class='ocrx_word' id='word_1_165' title='bbox 350 2302 529 2358; x_wconf 85' lang='lat' dir='ltr'><strong>habet</strong></span> <span class='ocrx_word' id='word_1_166' title='bbox 559 2301 762 2369; x_wconf 87' lang='lat' dir='ltr'><strong>Filius,</strong></span> <span class='ocrx_word' id='word_1_167' title='bbox 797 2300 897 2372; x_wconf 88' lang='lat' dir='ltr'>qui</span> <span class='ocrx_word' id='word_1_168' title='bbox 926 2301 1054 2372; x_wconf 89' lang='lat' dir='ltr'><strong>ipse</strong></span> <span class='ocrx_word' id='word_1_169' title='bbox 1085 2300 1168 2354; x_wconf 87' lang='lat' dir='ltr'><strong>ait</strong></span> <span class='ocrx_word' id='word_1_170' title='bbox 1196 2318 1215 2353; x_wconf 92' lang='lat'><strong><em>:</em></strong></span> <span class='ocrx_word' id='word_1_171' title='bbox 1247 2300 1447 2356; x_wconf 81' lang='lat' dir='ltr'><strong>Omnia</strong></span> <span class='ocrx_word' id='word_1_172' title='bbox 1475 2316 1806 2372; x_wconf 55' lang='lat' dir='ltr'><strong>quacunque</strong></span> <span class='ocrx_word' id='word_1_173' title='bbox 1845 2299 2004 2356; x_wconf 86' lang='lat' dir='ltr'><strong>habet</strong></span> 
     </span>
    </p>
   </div>
   <div class='ocr_carea' id='block_1_25' title="bbox 335 2387 2000 2456">
    <p class='ocr_par' dir='ltr' id='par_1_25' title="bbox 335 2387 2000 2456">
     <span class='ocr_line' id='line_1_25' title="bbox 335 2387 2000 2456; baseline -0.002 -10"><span class='ocrx_word' id='word_1_174' title='bbox 335 2392 523 2456; x_wconf 86' lang='lat' dir='ltr'><strong>Pater,</strong></span> <span class='ocrx_word' id='word_1_175' title='bbox 548 2405 672 2446; x_wconf 82' lang='lat' dir='ltr'><strong>mea</strong></span> <span class='ocrx_word' id='word_1_176' title='bbox 700 2394 830 2444; x_wconf 82' lang='lat' dir='ltr'><strong>sunt</strong></span> <span class='ocrx_word' id='word_1_177' title='bbox 861 2389 926 2443; x_wconf 71' lang='grc' dir='ltr'>ιθ.</span> <span class='ocrx_word' id='word_1_178' title='bbox 979 2389 1262 2452; x_wconf 81' lang='lat' dir='ltr'><strong>Quocirca</strong></span> <span class='ocrx_word' id='word_1_179' title='bbox 1313 2388 1490 2443; x_wconf 82' lang='lat' dir='ltr'><strong>Filius</strong></span> <span class='ocrx_word' id='word_1_180' title='bbox 1541 2406 1576 2443; x_wconf 79' lang='grc' dir='ltr'><strong>ιι</strong></span> <span class='ocrx_word' id='word_1_181' title='bbox 1624 2387 1843 2443; x_wconf 86' lang='lat' dir='ltr'><strong>dextris</strong></span> <span class='ocrx_word' id='word_1_182' title='bbox 1891 2387 2000 2444; x_wconf 84' lang='lat' dir='ltr'><strong>Pa-</strong></span> 
     </span>
    </p>
   </div>
   <div class='ocr_carea' id='block_1_26' title="bbox 335 2476 1999 2549">
    <p class='ocr_par' dir='ltr' id='par_1_26' title="bbox 335 2476 1999 2549">
     <span class='ocr_line' id='line_1_26' title="bbox 335 2476 1999 2549; baseline -0.001 -14"><span class='ocrx_word' id='word_1_183' title='bbox 335 2480 446 2535; x_wconf 87' lang='lat' dir='ltr'><strong>tris</strong></span> <span class='ocrx_word' id='word_1_184' title='bbox 495 2479 735 2547; x_wconf 88' lang='lat' dir='ltr'><strong>sedens,</strong></span> <span class='ocrx_word' id='word_1_185' title='bbox 785 2477 942 2534; x_wconf 85' lang='lat' dir='ltr'><strong>videt</strong></span> <span class='ocrx_word' id='word_1_186' title='bbox 992 2477 1118 2549; x_wconf 89' lang='lat' dir='ltr'><strong>ipse</strong></span> <span class='ocrx_word' id='word_1_187' title='bbox 1148 2476 1422 2533; x_wconf 90' lang='lat' dir='ltr'><strong>similiter</strong></span> <span class='ocrx_word' id='word_1_188' title='bbox 1449 2480 1684 2532; x_wconf 82' lang='lat' dir='ltr'><strong>Patrem</strong></span> <span class='ocrx_word' id='word_1_189' title='bbox 1715 2494 1749 2531; x_wconf 90' lang='lat' dir='ltr'><strong>a</strong></span> <span class='ocrx_word' id='word_1_190' title='bbox 1778 2477 1999 2533; x_wconf 86' lang='lat' dir='ltr'><strong>dextris</strong></span> 
     </span>
    </p>
   </div>
   <div class='ocr_carea' id='block_1_27' title="bbox 345 2565 1998 2638">
    <p class='ocr_par' dir='ltr' id='par_1_27' title="bbox 345 2565 1998 2638">
     <span class='ocr_line' id='line_1_27' title="bbox 345 2565 1998 2638; baseline -0.002 -14"><span class='ocrx_word' id='word_1_191' title='bbox 345 2565 948 2638; x_wconf 89' lang='lat' dir='ltr'><strong>sedentem,quamvis</strong></span> <span class='ocrx_word' id='word_1_192' title='bbox 971 2571 1034 2621; x_wconf 92' lang='lat' dir='ltr'><strong>ut</strong></span> <span class='ocrx_word' id='word_1_193' title='bbox 1058 2565 1234 2622; x_wconf 89' lang='lat' dir='ltr'><strong>homo</strong></span> <span class='ocrx_word' id='word_1_194' title='bbox 1249 2566 1440 2621; x_wconf 86' lang='lat' dir='ltr'><strong>tactus</strong></span> <span class='ocrx_word' id='word_1_195' title='bbox 1455 2566 1998 2622; x_wconf 81' lang='lat' dir='ltr'><strong>dicatzProvidebam</strong></span> 
     </span>
    </p>
   </div>
   <div class='ocr_carea' id='block_1_28' title="bbox 343 2654 1999 2726">
    <p class='ocr_par' dir='ltr' id='par_1_28' title="bbox 343 2654 1999 2726">
     <span class='ocr_line' id='line_1_28' title="bbox 343 2654 1999 2726; baseline -0.002 -13"><span class='ocrx_word' id='word_1_196' title='bbox 343 2658 640 2713; x_wconf 78' lang='lat' dir='ltr'><strong>Dominum</strong></span> <span class='ocrx_word' id='word_1_197' title='bbox 670 2658 732 2711; x_wconf 80' lang='lat' dir='ltr'><strong>in</strong></span> <span class='ocrx_word' id='word_1_198' title='bbox 761 2659 1052 2726; x_wconf 74' lang='lat' dir='ltr'><strong>conspectu</strong></span> <span class='ocrx_word' id='word_1_199' title='bbox 1092 2670 1212 2711; x_wconf 86' lang='lat' dir='ltr'><strong>meo</strong></span> <span class='ocrx_word' id='word_1_200' title='bbox 1247 2671 1484 2726; x_wconf 74' lang='lat' dir='ltr'><strong>semper,</strong></span> <span class='ocrx_word' id='word_1_201' title='bbox 1536 2657 1668 2726; x_wconf 86' lang='lat' dir='ltr'><strong>quia</strong></span> <span class='ocrx_word' id='word_1_202' title='bbox 1713 2671 1747 2708; x_wconf 84' lang='grc' dir='ltr'><strong>α</strong></span> <span class='ocrx_word' id='word_1_203' title='bbox 1787 2654 1999 2710; x_wconf 73' lang='lat' dir='ltr'><strong>dextris</strong></span> 
     </span>
    </p>
   </div>
   <div class='ocr_carea' id='block_1_29' title="bbox 342 2743 1997 2814">
    <p class='ocr_par' dir='ltr' id='par_1_29' title="bbox 342 2743 1997 2814">
     <span class='ocr_line' id='line_1_29' title="bbox 342 2743 1997 2814; baseline -0.002 -12"><span class='ocrx_word' id='word_1_204' title='bbox 342 2750 423 2802; x_wconf 81' lang='lat' dir='ltr'><strong>est</strong></span> <span class='ocrx_word' id='word_1_205' title='bbox 468 2746 633 2809; x_wconf 86' lang='lat' dir='ltr'><strong>mihi,</strong></span> <span class='ocrx_word' id='word_1_206' title='bbox 664 2760 731 2801; x_wconf 85' lang='lat' dir='ltr'><strong>ne</strong></span> <span class='ocrx_word' id='word_1_207' title='bbox 760 2760 1110 2801; x_wconf 84' lang='lat' dir='ltr'><strong>commovear</strong></span> <span class='ocrx_word' id='word_1_208' title='bbox 1139 2744 1204 2798; x_wconf 56' lang='grc' dir='ltr'><strong>ιθ.</strong></span> <span class='ocrx_word' id='word_1_209' title='bbox 1240 2743 1378 2799; x_wconf 90' lang='lat' dir='ltr'><strong>Inde</strong></span> <span class='ocrx_word' id='word_1_210' title='bbox 1407 2743 1563 2798; x_wconf 90' lang='lat' dir='ltr'><strong>enim</strong></span> <span class='ocrx_word' id='word_1_211' title='bbox 1597 2743 1775 2798; x_wconf 90' lang='lat' dir='ltr'><strong>etiam</strong></span> <span class='ocrx_word' id='word_1_212' title='bbox 1806 2743 1997 2814; x_wconf 86' lang='lat' dir='ltr'><strong>palam</strong></span> 
     </span>
    </p>
   </div>
   <div class='ocr_carea' id='block_1_30' title="bbox 342 2831 2001 2895">
    <p class='ocr_par' dir='ltr' id='par_1_30' title="bbox 342 2831 2001 2895">
     <span class='ocr_line' id='line_1_30' title="bbox 342 2831 2001 2895; baseline -0.002 -5"><span class='ocrx_word' id='word_1_213' title='bbox 342 2835 412 2890; x_wconf 82' lang='lat' dir='ltr'>ﬁt</span> <span class='ocrx_word' id='word_1_214' title='bbox 441 2838 500 2889; x_wconf 89' lang='lat' dir='ltr'>et</span> <span class='ocrx_word' id='word_1_215' title='bbox 530 2832 739 2889; x_wconf 89' lang='lat' dir='ltr'><strong>Filium</strong></span> <span class='ocrx_word' id='word_1_216' title='bbox 771 2832 832 2888; x_wconf 92' lang='lat' dir='ltr'><strong>in</strong></span> <span class='ocrx_word' id='word_1_217' title='bbox 857 2831 1028 2888; x_wconf 88' lang='lat' dir='ltr'><strong>Patre</strong></span> <span class='ocrx_word' id='word_1_218' title='bbox 1057 2836 1114 2888; x_wconf 91' lang='lat' dir='ltr'>et</span> <span class='ocrx_word' id='word_1_219' title='bbox 1135 2836 1364 2887; x_wconf 88' lang='lat' dir='ltr'><strong>Patrem</strong></span> <span class='ocrx_word' id='word_1_220' title='bbox 1390 2831 1449 2886; x_wconf 90' lang='lat' dir='ltr'><strong>in</strong></span> <span class='ocrx_word' id='word_1_221' title='bbox 1470 2831 1612 2887; x_wconf 88' lang='lat' dir='ltr'><strong>Filio</strong></span> <span class='ocrx_word' id='word_1_222' title='bbox 1630 2831 2001 2895; x_wconf 87' lang='lat' dir='ltr'><strong>esse.Quam-</strong></span> 
     </span>
    </p>
   </div>
   <div class='ocr_carea' id='block_1_31' title="bbox 339 2919 1996 2991">
    <p class='ocr_par' dir='ltr' id='par_1_31' title="bbox 339 2919 1996 2991">
     <span class='ocr_line' id='line_1_31' title="bbox 339 2919 1996 2991; baseline -0.001 -14"><span class='ocrx_word' id='word_1_223' title='bbox 339 2923 430 2979; x_wconf 85' lang='lat' dir='ltr'><strong>vis</strong></span> <span class='ocrx_word' id='word_1_224' title='bbox 460 2922 617 2978; x_wconf 86' lang='lat' dir='ltr'><strong>enim</strong></span> <span class='ocrx_word' id='word_1_225' title='bbox 647 2922 849 2977; x_wconf 81' lang='lat' dir='ltr'><strong>dexter</strong></span> <span class='ocrx_word' id='word_1_226' title='bbox 878 2925 968 2977; x_wconf 88' lang='lat' dir='ltr'><strong>est</strong></span> <span class='ocrx_word' id='word_1_227' title='bbox 995 2921 1183 2991; x_wconf 86' lang='lat' dir='ltr'><strong>Pater,</strong></span> <span class='ocrx_word' id='word_1_228' title='bbox 1231 2937 1265 2976; x_wconf 79' lang='grc' dir='ltr'><strong>ο.</strong></span> <span class='ocrx_word' id='word_1_229' title='bbox 1310 2920 1530 2976; x_wconf 84' lang='lat' dir='ltr'><strong>dextris</strong></span> <span class='ocrx_word' id='word_1_230' title='bbox 1579 2925 1775 2975; x_wconf 83' lang='lat' dir='ltr'><strong>tamen</strong></span> <span class='ocrx_word' id='word_1_231' title='bbox 1823 2919 1996 2975; x_wconf 88' lang='lat' dir='ltr'><strong>etiam</strong></span> 
     </span>
    </p>
   </div>
   <div class='ocr_carea' id='block_1_32' title="bbox 345 3007 2002 3079">
    <p class='ocr_par' dir='ltr' id='par_1_32' title="bbox 345 3007 2002 3079">
     <span class='ocr_line' id='line_1_32' title="bbox 345 3007 2002 3079; baseline -0.002 -11"><span class='ocrx_word' id='word_1_232' title='bbox 345 3017 437 3068; x_wconf 90' lang='lat' dir='ltr'><strong>est</strong></span> <span class='ocrx_word' id='word_1_233' title='bbox 488 3011 704 3079; x_wconf 79' lang='lat' dir='ltr'><strong>Filius;</strong></span> <span class='ocrx_word' id='word_1_234' title='bbox 755 3015 812 3066; x_wconf 88' lang='lat' dir='ltr'><strong>et</strong></span> <span class='ocrx_word' id='word_1_235' title='bbox 860 3010 1002 3065; x_wconf 86' lang='lat' dir='ltr'><strong>Filio</strong></span> <span class='ocrx_word' id='word_1_236' title='bbox 1050 3027 1083 3065; x_wconf 86' lang='lat' dir='ltr'><strong>a</strong></span> <span class='ocrx_word' id='word_1_237' title='bbox 1113 3009 1331 3065; x_wconf 80' lang='lat' dir='ltr'><strong>dextris</strong></span> <span class='ocrx_word' id='word_1_238' title='bbox 1361 3010 1620 3074; x_wconf 85' lang='lat' dir='ltr'><strong>sedente,</strong></span> <span class='ocrx_word' id='word_1_239' title='bbox 1647 3010 1705 3065; x_wconf 90' lang='lat' dir='ltr'><strong>in</strong></span> <span class='ocrx_word' id='word_1_240' title='bbox 1741 3007 1884 3064; x_wconf 89' lang='lat' dir='ltr'><strong>Filio</strong></span> <span class='ocrx_word' id='word_1_241' title='bbox 1911 3014 2002 3065; x_wconf 88' lang='lat' dir='ltr'><strong>est</strong></span> 
     </span>
    </p>
   </div>
   <div class='ocr_carea' id='block_1_33' title="bbox 345 3098 2003 3172">
    <p class='ocr_par' dir='ltr' id='par_1_33' title="bbox 345 3098 2003 3172">
     <span class='ocr_line' id='line_1_33' title="bbox 345 3098 2003 3172; baseline -0.002 -16"><span class='ocrx_word' id='word_1_242' title='bbox 345 3102 475 3172; x_wconf 89' lang='lat' dir='ltr'><strong>ipse</strong></span> <span class='ocrx_word' id='word_1_243' title='bbox 504 3100 765 3156; x_wconf 84' lang='lat' dir='ltr'><strong>Pater.Et</strong></span> <span class='ocrx_word' id='word_1_244' title='bbox 795 3099 982 3171; x_wconf 82' lang='lat' dir='ltr'><strong>angeli</strong></span> <span class='ocrx_word' id='word_1_245' title='bbox 1013 3100 1247 3170; x_wconf 87' lang='lat' dir='ltr'><strong>quidem</strong></span> <span class='ocrx_word' id='word_1_246' title='bbox 1280 3098 1650 3155; x_wconf 88' lang='lat' dir='ltr'><strong>ascendendo</strong></span> <span class='ocrx_word' id='word_1_247' title='bbox 1679 3104 1737 3154; x_wconf 93' lang='lat' dir='ltr'><strong>et</strong></span> <span class='ocrx_word' id='word_1_248' title='bbox 1765 3099 2003 3154; x_wconf 85' lang='lat' dir='ltr'><strong>descen-</strong></span> 
     </span>
    </p>
   </div>
   <div class='ocr_carea' id='block_1_34' title="bbox 351 3186 2003 3252">
    <p class='ocr_par' dir='ltr' id='par_1_34' title="bbox 351 3186 2003 3252">
     <span class='ocr_line' id='line_1_34' title="bbox 351 3186 2003 3252; baseline -0.004 -7"><span class='ocrx_word' id='word_1_249' title='bbox 351 3190 542 3245; x_wconf 90' lang='lat' dir='ltr'><strong>dendo</strong></span> <span class='ocrx_word' id='word_1_250' title='bbox 576 3188 914 3245; x_wconf 87' lang='lat' dir='ltr'><strong>ministrant</strong></span> <span class='ocrx_word' id='word_1_251' title='bbox 945 3205 958 3243; x_wconf 90' lang='lat'><strong>:</strong></span> <span class='ocrx_word' id='word_1_252' title='bbox 993 3188 1063 3242; x_wconf 91' lang='lat' dir='ltr'><strong>de</strong></span> <span class='ocrx_word' id='word_1_253' title='bbox 1093 3188 1236 3243; x_wconf 90' lang='lat' dir='ltr'><strong>Filio</strong></span> <span class='ocrx_word' id='word_1_254' title='bbox 1266 3192 1463 3243; x_wconf 87' lang='lat' dir='ltr'><strong>autem</strong></span> <span class='ocrx_word' id='word_1_255' title='bbox 1494 3186 1659 3252; x_wconf 86' lang='lat' dir='ltr'><strong>dicit,</strong></span> <span class='ocrx_word' id='word_1_256' title='bbox 1678 3187 1745 3243; x_wconf 82' lang='lat' dir='ltr'><strong>Et</strong></span> <span class='ocrx_word' id='word_1_257' title='bbox 1772 3186 2003 3244; x_wconf 79' lang='lat' dir='ltr'><strong>adorent</strong></span> 
     </span>
    </p>
   </div>
   <div class='ocr_carea' id='block_1_35' title="bbox 355 3275 2003 3347">
    <p class='ocr_par' dir='ltr' id='par_1_35' title="bbox 355 3275 2003 3347">
     <span class='ocr_line' id='line_1_35' title="bbox 355 3275 2003 3347; baseline -0.002 -13"><span class='ocrx_word' id='word_1_258' title='bbox 355 3294 480 3334; x_wconf 83' lang='lat' dir='ltr'>eum</span> <span class='ocrx_word' id='word_1_259' title='bbox 504 3294 692 3334; x_wconf 75' lang='lat' dir='ltr'><strong>omne:</strong></span> <span class='ocrx_word' id='word_1_260' title='bbox 720 3278 915 3345; x_wconf 71' lang='lat' dir='ltr'><strong>angeli</strong></span> <span class='ocrx_word' id='word_1_261' title='bbox 946 3279 1040 3332; x_wconf 85' lang='lat' dir='ltr'><strong>Dei</strong></span> <span class='ocrx_word' id='word_1_262' title='bbox 1070 3278 1132 3332; x_wconf 73' lang='grc'>1⁵.</span> <span class='ocrx_word' id='word_1_263' title='bbox 1167 3277 1411 3347; x_wconf 90' lang='lat' dir='ltr'><strong>Insuper</strong></span> <span class='ocrx_word' id='word_1_264' title='bbox 1439 3293 1576 3332; x_wconf 92' lang='lat' dir='ltr'>cum</span> <span class='ocrx_word' id='word_1_265' title='bbox 1608 3275 1798 3345; x_wconf 78' lang='lat' dir='ltr'><strong>angeli</strong></span> <span class='ocrx_word' id='word_1_266' title='bbox 1832 3276 2003 3331; x_wconf 91' lang='lat' dir='ltr'><strong>mini-</strong></span> 
     </span>
    </p>
   </div>
   <div class='ocr_carea' id='block_1_36' title="bbox 355 3366 2003 3439">
    <p class='ocr_par' dir='ltr' id='par_1_36' title="bbox 355 3366 2003 3439">
     <span class='ocr_line' id='line_1_36' title="bbox 355 3366 2003 3439; baseline -0.002 -16"><span class='ocrx_word' id='word_1_267' title='bbox 355 3371 565 3439; x_wconf 86' lang='lat' dir='ltr'><strong>strant,</strong></span> <span class='ocrx_word' id='word_1_268' title='bbox 598 3367 761 3422; x_wconf 81' lang='lat' dir='ltr'><strong>aiunt</strong></span> <span class='ocrx_word' id='word_1_269' title='bbox 793 3385 805 3422; x_wconf 93' lang='lat'><strong>:</strong></span> <span class='ocrx_word' id='word_1_270' title='bbox 840 3366 1057 3422; x_wconf 88' lang='lat' dir='ltr'><strong>Missus</strong></span> <span class='ocrx_word' id='word_1_271' title='bbox 1088 3382 1218 3421; x_wconf 92' lang='lat' dir='ltr'><strong>sum</strong></span> <span class='ocrx_word' id='word_1_272' title='bbox 1250 3366 1321 3421; x_wconf 85' lang='lat' dir='ltr'><strong>ad</strong></span> <span class='ocrx_word' id='word_1_273' title='bbox 1352 3370 1429 3433; x_wconf 85' lang='lat' dir='ltr'><strong>te;</strong></span> <span class='ocrx_word' id='word_1_274' title='bbox 1461 3367 1830 3433; x_wconf 89' lang='lat' dir='ltr'><strong>et,Dominus</strong></span> <span class='ocrx_word' id='word_1_275' title='bbox 1859 3382 2003 3437; x_wconf 71' lang='lat' dir='ltr'><strong>pras-</strong></span> 
     </span>
    </p>
   </div>
   <div class='ocr_carea' id='block_1_37' title="bbox 355 3454 2000 3529">
    <p class='ocr_par' dir='ltr' id='par_1_37' title="bbox 355 3454 2000 3529">
     <span class='ocr_line' id='line_1_37' title="bbox 355 3454 2000 3529; baseline -0.003 -15"><span class='ocrx_word' id='word_1_276' title='bbox 355 3457 526 3529; x_wconf 87' lang='lat' dir='ltr'><strong>cepit.</strong></span> <span class='ocrx_word' id='word_1_277' title='bbox 562 3460 633 3511; x_wconf 84' lang='lat' dir='ltr'><strong>At</strong></span> <span class='ocrx_word' id='word_1_278' title='bbox 673 3455 853 3511; x_wconf 90' lang='lat' dir='ltr'><strong>Filius</strong></span> <span class='ocrx_word' id='word_1_279' title='bbox 899 3454 1030 3510; x_wconf 87' lang='lat' dir='ltr'><strong>licet</strong></span> <span class='ocrx_word' id='word_1_280' title='bbox 1076 3460 1139 3509; x_wconf 90' lang='lat' dir='ltr'><strong>ut</strong></span> <span class='ocrx_word' id='word_1_281' title='bbox 1188 3454 1363 3509; x_wconf 90' lang='lat' dir='ltr'><strong>homo</strong></span> <span class='ocrx_word' id='word_1_282' title='bbox 1412 3454 1589 3523; x_wconf 87' lang='lat' dir='ltr'><strong>dicat,</strong></span> <span class='ocrx_word' id='word_1_283' title='bbox 1640 3470 1702 3510; x_wconf 89' lang='lat' dir='ltr'><strong>se</strong></span> <span class='ocrx_word' id='word_1_284' title='bbox 1749 3454 2000 3509; x_wconf 87' lang='lat' dir='ltr'><strong>missum</strong></span> 
     </span>
    </p>
   </div>
   <div class='ocr_carea' id='block_1_38' title="bbox 356 3542 2000 3615">
    <p class='ocr_par' dir='ltr' id='par_1_38' title="bbox 356 3542 2000 3615">
     <span class='ocr_line' id='line_1_38' title="bbox 356 3542 2000 3615; baseline -0.003 -13"><span class='ocrx_word' id='word_1_285' title='bbox 356 3561 487 3602; x_wconf 88' lang='lat' dir='ltr'><strong>esse</strong></span> <span class='ocrx_word' id='word_1_286' title='bbox 518 3550 577 3602; x_wconf 89' lang='lat' dir='ltr'><strong>et</strong></span> <span class='ocrx_word' id='word_1_287' title='bbox 609 3544 834 3601; x_wconf 87' lang='lat' dir='ltr'><strong>venisse</strong></span> <span class='ocrx_word' id='word_1_288' title='bbox 863 3546 931 3599; x_wconf 86' lang='lat' dir='ltr'><strong>ad</strong></span> <span class='ocrx_word' id='word_1_289' title='bbox 980 3560 1128 3614; x_wconf 85' lang='lat' dir='ltr'><strong>opus</strong></span> <span class='ocrx_word' id='word_1_290' title='bbox 1175 3543 1596 3615; x_wconf 84' lang='lat' dir='ltr'><strong>perﬁciendum</strong></span> <span class='ocrx_word' id='word_1_291' title='bbox 1646 3549 1705 3597; x_wconf 88' lang='lat' dir='ltr'><strong>et</strong></span> <span class='ocrx_word' id='word_1_292' title='bbox 1748 3542 2000 3597; x_wconf 88' lang='lat' dir='ltr'><strong>admini-</strong></span> 
     </span>
    </p>
   </div>
   <div class='ocr_carea' id='block_1_39' title="bbox 355 3630 2002 3702">
    <p class='ocr_par' dir='ltr' id='par_1_39' title="bbox 355 3630 2002 3702">
     <span class='ocr_line' id='line_1_39' title="bbox 355 3630 2002 3702; baseline -0.003 -12"><span class='ocrx_word' id='word_1_293' title='bbox 355 3634 689 3698; x_wconf 84' lang='lat' dir='ltr'><strong>strandum,</strong></span> <span class='ocrx_word' id='word_1_294' title='bbox 721 3636 918 3689; x_wconf 87' lang='lat' dir='ltr'><strong>tamen</strong></span> <span class='ocrx_word' id='word_1_295' title='bbox 952 3637 1015 3687; x_wconf 89' lang='lat' dir='ltr'><strong>ut</strong></span> <span class='ocrx_word' id='word_1_296' title='bbox 1044 3631 1296 3687; x_wconf 90' lang='lat' dir='ltr'><strong>Verbum</strong></span> <span class='ocrx_word' id='word_1_297' title='bbox 1328 3636 1385 3686; x_wconf 87' lang='lat' dir='ltr'><strong>et</strong></span> <span class='ocrx_word' id='word_1_298' title='bbox 1411 3630 1606 3702; x_wconf 81' lang='lat' dir='ltr'><strong>imago</strong></span> <span class='ocrx_word' id='word_1_299' title='bbox 1637 3631 1719 3685; x_wconf 87' lang='lat' dir='ltr'><strong>ait</strong></span> <span class='ocrx_word' id='word_1_300' title='bbox 1750 3647 1762 3685; x_wconf 94' lang='lat'><strong>:</strong></span> <span class='ocrx_word' id='word_1_301' title='bbox 1799 3631 1906 3700; x_wconf 85' lang='lat' dir='ltr'><strong>Ego</strong></span> <span class='ocrx_word' id='word_1_302' title='bbox 1941 3632 2002 3685; x_wconf 81' lang='lat' dir='ltr'><strong>in</strong></span> 
     </span>
    </p>
   </div>
   <div class='ocr_carea' id='block_1_40' title="bbox 352 3719 1999 3792">
    <p class='ocr_par' dir='ltr' id='par_1_40' title="bbox 352 3719 1999 3792">
     <span class='ocr_line' id='line_1_40' title="bbox 352 3719 1999 3792; baseline -0.004 -12"><span class='ocrx_word' id='word_1_303' title='bbox 352 3729 542 3792; x_wconf 81' lang='lat' dir='ltr'><strong>Patre,</strong></span> <span class='ocrx_word' id='word_1_304' title='bbox 573 3726 625 3778; x_wconf 86' lang='lat' dir='ltr'><strong>et</strong></span> <span class='ocrx_word' id='word_1_305' title='bbox 654 3724 825 3777; x_wconf 79' lang='lat' dir='ltr'><strong>Pater</strong></span> <span class='ocrx_word' id='word_1_306' title='bbox 851 3723 910 3777; x_wconf 85' lang='lat' dir='ltr'><strong>in</strong></span> <span class='ocrx_word' id='word_1_307' title='bbox 937 3738 1026 3776; x_wconf 85' lang='lat' dir='ltr'><strong>me</strong></span> <span class='ocrx_word' id='word_1_308' title='bbox 1053 3724 1133 3776; x_wconf 72' lang='lat' dir='ltr'><strong>est</strong></span> <span class='ocrx_word' id='word_1_309' title='bbox 1164 3720 1240 3789; x_wconf 74' lang='grc' dir='ltr'>ίσς</span> <span class='ocrx_word' id='word_1_310' title='bbox 1274 3726 1349 3790; x_wconf 88' lang='lat' dir='ltr'><strong>et,</strong></span> <span class='ocrx_word' id='word_1_311' title='bbox 1397 3721 1505 3788; x_wconf 84' lang='lat' dir='ltr'><strong>Qui</strong></span> <span class='ocrx_word' id='word_1_312' title='bbox 1548 3719 1686 3775; x_wconf 81' lang='lat' dir='ltr'><strong>vidit</strong></span> <span class='ocrx_word' id='word_1_313' title='bbox 1733 3735 1836 3786; x_wconf 86' lang='lat' dir='ltr'><strong>me,</strong></span> <span class='ocrx_word' id='word_1_314' title='bbox 1888 3725 1999 3775; x_wconf 83' lang='lat' dir='ltr'><strong>Pa-</strong></span> 
     </span>
    </p>
   </div>
   <div class='ocr_carea' id='block_1_41' title="bbox 351 3809 2001 3878">
    <p class='ocr_par' dir='ltr' id='par_1_41' title="bbox 351 3809 2001 3878">
     <span class='ocr_line' id='line_1_41' title="bbox 351 3809 2001 3878; baseline -0.004 -9"><span class='ocrx_word' id='word_1_315' title='bbox 351 3821 490 3869; x_wconf 82' lang='lat' dir='ltr'><strong>trem</strong></span> <span class='ocrx_word' id='word_1_316' title='bbox 555 3811 692 3866; x_wconf 88' lang='lat' dir='ltr'><strong>vidit</strong></span> <span class='ocrx_word' id='word_1_317' title='bbox 709 3830 731 3877; x_wconf 82' lang='lat'><strong>,-</strong></span> <span class='ocrx_word' id='word_1_318' title='bbox 792 3816 867 3875; x_wconf 88' lang='lat' dir='ltr'><strong>et,</strong></span> <span class='ocrx_word' id='word_1_319' title='bbox 924 3811 1094 3865; x_wconf 88' lang='lat' dir='ltr'><strong>Pater</strong></span> <span class='ocrx_word' id='word_1_320' title='bbox 1159 3812 1221 3864; x_wconf 80' lang='lat' dir='ltr'><strong>in</strong></span> <span class='ocrx_word' id='word_1_321' title='bbox 1266 3826 1352 3864; x_wconf 85' lang='lat' dir='ltr'><strong>me</strong></span> <span class='ocrx_word' id='word_1_322' title='bbox 1390 3824 1620 3864; x_wconf 80' lang='lat' dir='ltr'><strong>manens</strong></span> <span class='ocrx_word' id='word_1_323' title='bbox 1685 3810 1800 3878; x_wconf 75' lang='lat' dir='ltr'><strong>ipse</strong></span> <span class='ocrx_word' id='word_1_324' title='bbox 1860 3809 2001 3878; x_wconf 80' lang='lat' dir='ltr'><strong>facit</strong></span> 
     </span>
    </p>
   </div>
   <div class='ocr_carea' id='block_1_42' title="bbox 349 3897 2001 3975">
    <p class='ocr_par' dir='ltr' id='par_1_42' title="bbox 349 3897 2001 3975">
     <span class='ocr_line' id='line_1_42' title="bbox 349 3897 2001 3975; baseline -0.004 -16"><span class='ocrx_word' id='word_1_325' title='bbox 349 3918 519 3975; x_wconf 85' lang='lat' dir='ltr'><strong>opera</strong></span> <span class='ocrx_word' id='word_1_326' title='bbox 552 3900 765 3956; x_wconf 73' lang='lat' dir='ltr'><strong>&quot;.Nam</strong></span> <span class='ocrx_word' id='word_1_327' title='bbox 794 3915 921 3971; x_wconf 72' lang='lat' dir='ltr'><strong>quas</strong></span> <span class='ocrx_word' id='word_1_328' title='bbox 957 3900 1012 3952; x_wconf 89' lang='lat' dir='ltr'><strong>in</strong></span> <span class='ocrx_word' id='word_1_329' title='bbox 1044 3898 1160 3954; x_wconf 88' lang='lat' dir='ltr'><strong>ista</strong></span> <span class='ocrx_word' id='word_1_330' title='bbox 1189 3898 1463 3954; x_wconf 88' lang='lat' dir='ltr'><strong>videntur</strong></span> <span class='ocrx_word' id='word_1_331' title='bbox 1488 3897 1840 3970; x_wconf 86' lang='lat' dir='ltr'><strong>imagine,ea</strong></span> <span class='ocrx_word' id='word_1_332' title='bbox 1871 3898 2001 3967; x_wconf 87' lang='lat' dir='ltr'><strong>ipsa</strong></span> 
     </span>
    </p>
   </div>
   <div class='ocr_carea' id='block_1_43' title="bbox 348 3986 1999 4060">
    <p class='ocr_par' dir='ltr' id='par_1_43' title="bbox 348 3986 1999 4060">
     <span class='ocr_line' id='line_1_43' title="bbox 348 3986 1999 4060; baseline -0.004 -13"><span class='ocrx_word' id='word_1_333' title='bbox 348 3996 489 4048; x_wconf 88' lang='lat' dir='ltr'><strong>sunt</strong></span> <span class='ocrx_word' id='word_1_334' title='bbox 517 3990 709 4046; x_wconf 83' lang='lat' dir='ltr'><strong>Patris</strong></span> <span class='ocrx_word' id='word_1_335' title='bbox 739 4005 933 4060; x_wconf 90' lang='lat' dir='ltr'><strong>opera.</strong></span> <span class='ocrx_word' id='word_1_336' title='bbox 964 3988 1095 4042; x_wconf 67' lang='lat' dir='ltr'><strong>Haec</strong></span> <span class='ocrx_word' id='word_1_337' title='bbox 1133 3987 1314 4059; x_wconf 80' lang='lat' dir='ltr'><strong>igitur</strong></span> <span class='ocrx_word' id='word_1_338' title='bbox 1341 3987 1485 4044; x_wconf 87' lang='lat' dir='ltr'><strong>satis</strong></span> <span class='ocrx_word' id='word_1_339' title='bbox 1516 3990 1657 4043; x_wconf 90' lang='lat' dir='ltr'><strong>sunt</strong></span> <span class='ocrx_word' id='word_1_340' title='bbox 1684 3987 1754 4041; x_wconf 89' lang='lat' dir='ltr'><strong>ad</strong></span> <span class='ocrx_word' id='word_1_341' title='bbox 1788 3986 1999 4041; x_wconf 87' lang='lat' dir='ltr'><strong>verita-</strong></span> 
     </span>
    </p>
   </div>
   <div class='ocr_carea' id='block_1_44' title="bbox 346 4074 1997 4150">
    <p class='ocr_par' dir='ltr' id='par_1_44' title="bbox 346 4074 1997 4150">
     <span class='ocr_line' id='line_1_44' title="bbox 346 4074 1997 4150; baseline -0.005 -13"><span class='ocrx_word' id='word_1_342' title='bbox 346 4081 424 4137; x_wconf 93' lang='lat' dir='ltr'><strong>tis</strong></span> <span class='ocrx_word' id='word_1_343' title='bbox 455 4080 652 4136; x_wconf 88' lang='lat' dir='ltr'><strong>hostes</strong></span> <span class='ocrx_word' id='word_1_344' title='bbox 679 4078 902 4150; x_wconf 90' lang='lat' dir='ltr'><strong>pudore</strong></span> <span class='ocrx_word' id='word_1_345' title='bbox 931 4075 1292 4130; x_wconf 77' lang='lat' dir='ltr'><strong>afﬁciendos.</strong></span> <span class='ocrx_word' id='word_1_346' title='bbox 1327 4076 1489 4140; x_wconf 79' lang='lat' dir='ltr'><strong>Quod</strong></span> <span class='ocrx_word' id='word_1_347' title='bbox 1539 4075 1613 4140; x_wconf 88' lang='lat' dir='ltr'><strong>si,</strong></span> <span class='ocrx_word' id='word_1_348' title='bbox 1662 4074 1803 4145; x_wconf 88' lang='lat' dir='ltr'><strong>quia</strong></span> <span class='ocrx_word' id='word_1_349' title='bbox 1849 4074 1997 4130; x_wconf 88' lang='lat' dir='ltr'><strong>scri-</strong></span> 
     </span>
    </p>
   </div>
   <div class='ocr_carea' id='block_1_45' title="bbox 346 4163 1996 4243">
    <p class='ocr_par' dir='ltr' id='par_1_45' title="bbox 346 4163 1996 4243">
     <span class='ocr_line' id='line_1_45' title="bbox 346 4163 1996 4243; baseline -0.005 -18"><span class='ocrx_word' id='word_1_350' title='bbox 346 4174 515 4243; x_wconf 92' lang='lat' dir='ltr'><strong>ptum</strong></span> <span class='ocrx_word' id='word_1_351' title='bbox 564 4171 673 4235; x_wconf 87' lang='lat' dir='ltr'><strong>est,</strong></span> <span class='ocrx_word' id='word_1_352' title='bbox 722 4166 1083 4237; x_wconf 71' lang='lat' dir='ltr'><strong>praestantior</strong></span> <span class='ocrx_word' id='word_1_353' title='bbox 1126 4166 1325 4235; x_wconf 74' lang='lat' dir='ltr'><strong>factus.</strong></span> <span class='ocrx_word' id='word_1_354' title='bbox 1357 4164 1565 4218; x_wconf 89' lang='lat' dir='ltr'><strong>nolunt</strong></span> <span class='ocrx_word' id='word_1_355' title='bbox 1594 4163 1746 4217; x_wconf 86' lang='lat' dir='ltr'><strong>hanc</strong></span> <span class='ocrx_word' id='word_1_356' title='bbox 1775 4177 1996 4232; x_wconf 87' lang='lat' dir='ltr'><strong>vocem,</strong></span> 
     </span>
    </p>
   </div>
   <div class='ocr_carea' id='block_1_46' title="bbox 345 4250 1997 4331">
    <p class='ocr_par' dir='ltr' id='par_1_46' title="bbox 345 4250 1997 4331">
     <span class='ocr_line' id='line_1_46' title="bbox 345 4250 1997 4331; baseline -0.005 -16"><span class='ocrx_word' id='word_1_357' title='bbox 345 4262 542 4331; x_wconf 77' lang='lat' dir='ltr'><strong>factus,</strong></span> <span class='ocrx_word' id='word_1_358' title='bbox 579 4258 658 4312; x_wconf 83' lang='lat' dir='ltr'><strong>ita</strong></span> <span class='ocrx_word' id='word_1_359' title='bbox 690 4255 942 4325; x_wconf 87' lang='lat' dir='ltr'><strong>intelligi</strong></span> <span class='ocrx_word' id='word_1_360' title='bbox 974 4255 1044 4309; x_wconf 90' lang='lat' dir='ltr'><strong>de</strong></span> <span class='ocrx_word' id='word_1_361' title='bbox 1081 4254 1242 4318; x_wconf 85' lang='lat' dir='ltr'><strong>Filio,</strong></span> <span class='ocrx_word' id='word_1_362' title='bbox 1276 4260 1342 4308; x_wconf 91' lang='lat' dir='ltr'><strong>ut</strong></span> <span class='ocrx_word' id='word_1_363' title='bbox 1373 4252 1526 4308; x_wconf 91' lang='lat' dir='ltr'><strong>idem</strong></span> <span class='ocrx_word' id='word_1_364' title='bbox 1560 4252 1637 4307; x_wconf 88' lang='lat' dir='ltr'><strong>sit</strong></span> <span class='ocrx_word' id='word_1_365' title='bbox 1665 4267 1732 4306; x_wconf 85' lang='lat' dir='ltr'><strong>ac</strong></span> <span class='ocrx_word' id='word_1_366' title='bbox 1763 4251 1813 4307; x_wconf 90' lang='lat' dir='ltr'><strong>si</strong></span> <span class='ocrx_word' id='word_1_367' title='bbox 1842 4250 1997 4307; x_wconf 85' lang='lat' dir='ltr'><strong>dice-</strong></span> 
     </span>
    </p>
   </div>
   <div class='ocr_carea' id='block_1_47' title="bbox 344 4340 1996 4413">
    <p class='ocr_par' dir='ltr' id='par_1_47' title="bbox 344 4340 1996 4413">
     <span class='ocr_line' id='line_1_47' title="bbox 344 4340 1996 4413; baseline -0.005 -10"><span class='ocrx_word' id='word_1_368' title='bbox 344 4352 525 4412; x_wconf 89' lang='lat' dir='ltr'><strong>retur,</strong></span> <span class='ocrx_word' id='word_1_369' title='bbox 555 4346 743 4401; x_wconf 78' lang='lat' dir='ltr'><strong>tactus</strong></span> <span class='ocrx_word' id='word_1_370' title='bbox 774 4348 884 4411; x_wconf 89' lang='lat' dir='ltr'><strong>est,</strong></span> <span class='ocrx_word' id='word_1_371' title='bbox 922 4348 999 4409; x_wconf 90' lang='lat' dir='ltr'><strong>et,</strong></span> <span class='ocrx_word' id='word_1_372' title='bbox 1052 4347 1174 4407; x_wconf 88' lang='lat' dir='ltr'><strong>est;</strong></span> <span class='ocrx_word' id='word_1_373' title='bbox 1226 4348 1310 4398; x_wconf 81' lang='lat' dir='ltr'><strong>vel</strong></span> <span class='ocrx_word' id='word_1_374' title='bbox 1362 4340 1518 4413; x_wconf 90' lang='lat' dir='ltr'><strong>quod</strong></span> <span class='ocrx_word' id='word_1_375' title='bbox 1568 4342 1697 4411; x_wconf 79' lang='lat' dir='ltr'><strong>ejus</strong></span> <span class='ocrx_word' id='word_1_376' title='bbox 1744 4340 1996 4396; x_wconf 89' lang='lat' dir='ltr'><strong>admini-</strong></span> 
     </span>
    </p>
   </div>
   <div class='ocr_carea' id='block_1_48' title="bbox 338 4428 1995 4506">
    <p class='ocr_par' dir='ltr' id='par_1_48' title="bbox 338 4428 1995 4506">
     <span class='ocr_line' id='line_1_48' title="bbox 338 4428 1995 4506; baseline -0.004 -14"><span class='ocrx_word' id='word_1_377' title='bbox 338 4437 548 4492; x_wconf 87' lang='lat' dir='ltr'><strong>stratio</strong></span> <span class='ocrx_word' id='word_1_378' title='bbox 601 4433 972 4506; x_wconf 74' lang='lat' dir='ltr'><strong>praestantior</strong></span> <span class='ocrx_word' id='word_1_379' title='bbox 1000 4430 1132 4488; x_wconf 85' lang='lat' dir='ltr'><strong>aliis</strong></span> <span class='ocrx_word' id='word_1_380' title='bbox 1166 4430 1315 4487; x_wconf 76' lang='lat' dir='ltr'><strong>facta</strong></span> <span class='ocrx_word' id='word_1_381' title='bbox 1344 4429 1541 4495; x_wconf 84' lang='lat' dir='ltr'><strong>fuerit,</strong></span> <span class='ocrx_word' id='word_1_382' title='bbox 1574 4431 1659 4486; x_wconf 92' lang='lat' dir='ltr'><strong>uti</strong></span> <span class='ocrx_word' id='word_1_383' title='bbox 1694 4428 1948 4487; x_wconf 81' lang='lat' dir='ltr'><strong>diximus</strong></span> <span class='ocrx_word' id='word_1_384' title='bbox 1981 4446 1995 4485; x_wconf 88' lang='lat'><strong>:</strong></span> 
     </span>
    </p>
   </div>
   <div class='ocr_carea' id='block_1_49' title="bbox 343 4520 1997 4581">
    <p class='ocr_par' dir='ltr' id='par_1_49' title="bbox 343 4520 1997 4581">
     <span class='ocr_line' id='line_1_49' title="bbox 343 4520 1997 4581; baseline -0.004 0"><span class='ocrx_word' id='word_1_385' title='bbox 343 4524 444 4581; x_wconf 89' lang='lat' dir='ltr'><strong>sed</strong></span> <span class='ocrx_word' id='word_1_386' title='bbox 476 4523 586 4580; x_wconf 91' lang='lat' dir='ltr'><strong>hoc</strong></span> <span class='ocrx_word' id='word_1_387' title='bbox 617 4538 684 4578; x_wconf 88' lang='lat' dir='ltr'><strong>ex</strong></span> <span class='ocrx_word' id='word_1_388' title='bbox 714 4521 994 4578; x_wconf 87' lang='lat' dir='ltr'><strong>vocabulo</strong></span> <span class='ocrx_word' id='word_1_389' title='bbox 1026 4520 1392 4576; x_wconf 86' lang='lat' dir='ltr'><strong>arbitrantur</strong></span> <span class='ocrx_word' id='word_1_390' title='bbox 1425 4522 1645 4575; x_wconf 80' lang='lat' dir='ltr'><strong>factum</strong></span> <span class='ocrx_word' id='word_1_391' title='bbox 1677 4520 1792 4576; x_wconf 90' lang='lat' dir='ltr'><strong>dici</strong></span> <span class='ocrx_word' id='word_1_392' title='bbox 1850 4522 1997 4575; x_wconf 84' lang='lat' dir='ltr'><strong>Ver-</strong></span> 
     </span>
    </p>
   </div>
   <div class='ocr_carea' id='block_1_50' title="bbox 2121 681 3765 760">
    <p class='ocr_par' dir='ltr' id='par_1_50' title="bbox 2121 681 3765 760">
     <span class='ocr_line' id='line_1_50' title="bbox 2121 681 3765 760; baseline 0.002 -23"><span class='ocrx_word' id='word_1_393' title='bbox 2121 703 2251 754; x_wconf 92' lang='grc' dir='ltr'>των,</span> <span class='ocrx_word' id='word_1_394' title='bbox 2285 684 2556 760; x_wconf 75' lang='grc' dir='ltr'><strong>σωτηρίαν</strong></span> <span class='ocrx_word' id='word_1_395' title='bbox 2590 689 2706 747; x_wconf 85' lang='grc' dir='ltr'>τοῖς</span> <span class='ocrx_word' id='word_1_396' title='bbox 2738 689 2898 738; x_wconf 77' lang='grc' dir='ltr'>πᾶσιν</span> <span class='ocrx_word' id='word_1_397' title='bbox 2950 682 3265 760; x_wconf 80' lang='grc' dir='ltr'>ἐχαρίσατο.</span> <span class='ocrx_word' id='word_1_398' title='bbox 3299 686 3476 741; x_wconf 77' lang='grc' dir='ltr'>Τοῦτο</span> <span class='ocrx_word' id='word_1_399' title='bbox 3528 681 3587 740; x_wconf 74' lang='grc' dir='ltr'>δὲ</span> <span class='ocrx_word' id='word_1_400' title='bbox 3636 683 3765 760; x_wconf 76' lang='grc' dir='ltr'><strong>βλέ-</strong></span> 
     </span>
    </p>
   </div>
   <div class='ocr_carea' id='block_1_51' title="bbox 2122 770 3770 849">
    <p class='ocr_par' dir='ltr' id='par_1_51' title="bbox 2122 770 3770 849">
     <span class='ocr_line' id='line_1_51' title="bbox 2122 770 3770 849; baseline 0.003 -25"><span class='ocrx_word' id='word_1_401' title='bbox 2122 791 2239 824; x_wconf 86' lang='grc' dir='ltr'><strong>πων</strong></span> <span class='ocrx_word' id='word_1_402' title='bbox 2289 774 2398 841; x_wconf 87' lang='grc'>(67)</span> <span class='ocrx_word' id='word_1_403' title='bbox 2448 772 2701 849; x_wconf 72' lang='grc' dir='ltr'><strong>κέκραγεν</strong></span> <span class='ocrx_word' id='word_1_404' title='bbox 2755 771 3031 843; x_wconf 83' lang='grc' dir='ltr'><strong>Ἰωάννης·</strong></span> <span class='ocrx_word' id='word_1_405' title='bbox 3063 777 3121 830; x_wconf 89' lang='grc' dir='ltr'>Ὁ</span> <span class='ocrx_word' id='word_1_406' title='bbox 3176 772 3347 845; x_wconf 87' lang='grc' dir='ltr'>νόμος</span> <span class='ocrx_word' id='word_1_407' title='bbox 3397 770 3486 828; x_wconf 77' lang='grc' dir='ltr'><strong>διὰ</strong></span> <span class='ocrx_word' id='word_1_408' title='bbox 3532 772 3770 836; x_wconf 76' lang='grc' dir='ltr'>Μωσέως</span> 
     </span>
    </p>
   </div>
   <div class='ocr_carea' id='block_1_52' title="bbox 2122 856 3769 937">
    <p class='ocr_par' dir='ltr' id='par_1_52' title="bbox 2122 856 3769 937">
     <span class='ocr_line' id='line_1_52' title="bbox 2122 856 3769 937; baseline 0.003 -25"><span class='ocrx_word' id='word_1_409' title='bbox 2122 856 2307 929; x_wconf 79' lang='grc' dir='ltr'>ἐδόθη,</span> <span class='ocrx_word' id='word_1_410' title='bbox 2367 861 2401 929; x_wconf 81' lang='grc' dir='ltr'>ἡ</span> <span class='ocrx_word' id='word_1_411' title='bbox 2463 861 2624 937; x_wconf 85' lang='grc' dir='ltr'>χάρις</span> <span class='ocrx_word' id='word_1_412' title='bbox 2682 861 2772 916; x_wconf 77' lang='grc' dir='ltr'><strong>καὶ</strong></span> <span class='ocrx_word' id='word_1_413' title='bbox 2838 863 2873 931; x_wconf 80' lang='grc' dir='ltr'>ἡ</span> <span class='ocrx_word' id='word_1_414' title='bbox 2932 860 3163 931; x_wconf 74' lang='grc' dir='ltr'>ἀλήθεια</span> <span class='ocrx_word' id='word_1_415' title='bbox 3251 858 3340 916; x_wconf 76' lang='grc' dir='ltr'>διὰ</span> <span class='ocrx_word' id='word_1_416' title='bbox 3399 862 3578 933; x_wconf 77' lang='grc' dir='ltr'>Ἰησοῦ</span> <span class='ocrx_word' id='word_1_417' title='bbox 3633 864 3769 937; x_wconf 88' lang='grc' dir='ltr'>Χρι-</span> 
     </span>
    </p>
   </div>
   <div class='ocr_carea' id='block_1_53' title="bbox 2119 945 3765 1027">
    <p class='ocr_par' dir='ltr' id='par_1_53' title="bbox 2119 945 3765 1027">
     <span class='ocr_line' id='line_1_53' title="bbox 2119 945 3765 1027; baseline 0.002 -26"><span class='ocrx_word' id='word_1_418' title='bbox 2119 950 2248 1002; x_wconf 77' lang='grc' dir='ltr'>στοῦ</span> <span class='ocrx_word' id='word_1_419' title='bbox 2306 945 2538 1023; x_wconf 78' lang='grc' dir='ltr'>ἐγένετο.</span> <span class='ocrx_word' id='word_1_420' title='bbox 2572 949 2834 1025; x_wconf 66' lang='grc' dir='ltr'>Κρείττων</span> <span class='ocrx_word' id='word_1_421' title='bbox 2898 946 2957 1004; x_wconf 76' lang='grc' dir='ltr'>δὲ</span> <span class='ocrx_word' id='word_1_422' title='bbox 2999 952 3034 1022; x_wconf 74' lang='grc' dir='ltr'>ἡ</span> <span class='ocrx_word' id='word_1_423' title='bbox 3082 948 3245 1027; x_wconf 86' lang='grc' dir='ltr'>χάρις</span> <span class='ocrx_word' id='word_1_424' title='bbox 3297 950 3331 1021; x_wconf 74' lang='grc' dir='ltr'><strong>ἢ</strong></span> <span class='ocrx_word' id='word_1_425' title='bbox 3383 950 3413 1006; x_wconf 80' lang='grc' dir='ltr'><strong>ὃ</strong></span> <span class='ocrx_word' id='word_1_426' title='bbox 3450 951 3647 1027; x_wconf 86' lang='grc' dir='ltr'>νόμος,</span> <span class='ocrx_word' id='word_1_427' title='bbox 3675 951 3765 1007; x_wconf 79' lang='grc' dir='ltr'><strong>καὶ</strong></span> 
     </span>
    </p>
   </div>
   <div class='ocr_carea' id='block_1_54' title="bbox 2118 1034 2923 1115">
    <p class='ocr_par' dir='ltr' id='par_1_54' title="bbox 2118 1034 2923 1115">
     <span class='ocr_line' id='line_1_54' title="bbox 2118 1034 2923 1115; baseline 0.007 -24"><span class='ocrx_word' id='word_1_428' title='bbox 2118 1040 2154 1107; x_wconf 83' lang='grc' dir='ltr'>ἡ</span> <span class='ocrx_word' id='word_1_429' title='bbox 2187 1034 2416 1108; x_wconf 74' lang='grc' dir='ltr'>ἀλήθεια</span> <span class='ocrx_word' id='word_1_430' title='bbox 2444 1040 2590 1115; x_wconf 86' lang='grc' dir='ltr'><strong>παρά</strong></span> <span class='ocrx_word' id='word_1_431' title='bbox 2617 1041 2717 1109; x_wconf 78' lang='grc' dir='ltr'>τὴν</span> <span class='ocrx_word' id='word_1_432' title='bbox 2750 1039 2923 1097; x_wconf 86' lang='grc' dir='ltr'>σκιάν.</span> 
     </span>
    </p>
   </div>
   <div class='ocr_carea' id='block_1_55' title="bbox 2186 1232 3767 1313">
    <p class='ocr_par' dir='ltr' id='par_1_55' title="bbox 2186 1232 3767 1313">
     <span class='ocr_line' id='line_1_55' title="bbox 2186 1232 3767 1313; baseline 0.001 -24"><span class='ocrx_word' id='word_1_433' title='bbox 2186 1235 2277 1291; x_wconf 86' lang='grc'>61.</span> <span class='ocrx_word' id='word_1_434' title='bbox 2327 1234 2407 1290; x_wconf 88' lang='grc' dir='ltr'>Τὸ</span> <span class='ocrx_word' id='word_1_435' title='bbox 2457 1232 2571 1303; x_wconf 75' lang='grc' dir='ltr'>οὖν,</span> <span class='ocrx_word' id='word_1_436' title='bbox 2620 1233 2878 1311; x_wconf 81' lang='grc' dir='ltr'><strong>κρείττων</strong></span> <span class='ocrx_word' id='word_1_437' title='bbox 2939 1236 3074 1308; x_wconf 83' lang='grc'>(68),</span> <span class='ocrx_word' id='word_1_438' title='bbox 3128 1234 3309 1309; x_wconf 83' lang='grc' dir='ltr'>ὥσπερ</span> <span class='ocrx_word' id='word_1_439' title='bbox 3373 1234 3610 1313; x_wconf 72' lang='grc' dir='ltr'>εἴρηται,</span> <span class='ocrx_word' id='word_1_440' title='bbox 3660 1237 3767 1313; x_wconf 78' lang='grc' dir='ltr'><strong>οὐχ</strong></span> 
     </span>
    </p>
   </div>
   <div class='ocr_carea' id='block_1_56' title="bbox 2116 1320 3764 1401">
    <p class='ocr_par' dir='ltr' id='par_1_56' title="bbox 2116 1320 3764 1401">
     <span class='ocr_line' id='line_1_56' title="bbox 2116 1320 3764 1401; baseline 0.003 -25"><span class='ocrx_word' id='word_1_441' title='bbox 2116 1322 2229 1376; x_wconf 82' lang='grc' dir='ltr'>οἷόν</span> <span class='ocrx_word' id='word_1_442' title='bbox 2259 1343 2317 1377; x_wconf 89' lang='grc' dir='ltr'><strong>τε</strong></span> <span class='ocrx_word' id='word_1_443' title='bbox 2348 1324 2413 1392; x_wconf 78' lang='grc' dir='ltr'>ἦν</span> <span class='ocrx_word' id='word_1_444' title='bbox 2450 1320 2519 1378; x_wconf 74' lang='grc' dir='ltr'>δι’</span> <span class='ocrx_word' id='word_1_445' title='bbox 2549 1324 2733 1400; x_wconf 74' lang='grc' dir='ltr'>ὲτέρου</span> <span class='ocrx_word' id='word_1_446' title='bbox 2765 1324 2918 1387; x_wconf 85' lang='grc' dir='ltr'>τινὸς</span> <span class='ocrx_word' id='word_1_447' title='bbox 2949 1325 3188 1401; x_wconf 75' lang='grc' dir='ltr'>γενέσθαι</span> <span class='ocrx_word' id='word_1_448' title='bbox 3237 1325 3273 1395; x_wconf 80' lang='grc' dir='ltr'><strong>ἢ</strong></span> <span class='ocrx_word' id='word_1_449' title='bbox 3323 1322 3417 1380; x_wconf 78' lang='grc' dir='ltr'><strong>διὰ</strong></span> <span class='ocrx_word' id='word_1_450' title='bbox 3462 1326 3558 1381; x_wconf 76' lang='grc' dir='ltr'><strong>τοῦ</strong></span> <span class='ocrx_word' id='word_1_451' title='bbox 3616 1327 3764 1397; x_wconf 75' lang='grc' dir='ltr'><strong>Υῖοῦ,</strong></span> 
     </span>
    </p>
   </div>
   <div class='ocr_carea' id='block_1_57' title="bbox 2112 1409 3766 1489">
    <p class='ocr_par' dir='ltr' id='par_1_57' title="bbox 2112 1409 3766 1489">
     <span class='ocr_line' id='line_1_57' title="bbox 2112 1409 3766 1489; baseline 0.004 -25"><span class='ocrx_word' id='word_1_452' title='bbox 2112 1415 2209 1465; x_wconf 80' lang='grc' dir='ltr'><strong>τοῦ</strong></span> <span class='ocrx_word' id='word_1_453' title='bbox 2239 1411 2552 1485; x_wconf 71' lang='grc' dir='ltr'><strong>καθημένου</strong></span> <span class='ocrx_word' id='word_1_454' title='bbox 2589 1411 2640 1467; x_wconf 79' lang='grc' dir='ltr'>ἐν</span> <span class='ocrx_word' id='word_1_455' title='bbox 2684 1409 2832 1484; x_wconf 81' lang='grc' dir='ltr'>δεξιᾷ</span> <span class='ocrx_word' id='word_1_456' title='bbox 2873 1417 2971 1468; x_wconf 78' lang='grc' dir='ltr'><strong>τοῦ</strong></span> <span class='ocrx_word' id='word_1_457' title='bbox 3021 1413 3257 1489; x_wconf 79' lang='grc' dir='ltr'>Πατρός.</span> <span class='ocrx_word' id='word_1_458' title='bbox 3289 1413 3354 1471; x_wconf 84' lang='grc' dir='ltr'>Τί</span> <span class='ocrx_word' id='word_1_459' title='bbox 3398 1412 3457 1469; x_wconf 70' lang='grc' dir='ltr'>δὲ</span> <span class='ocrx_word' id='word_1_460' title='bbox 3480 1418 3641 1470; x_wconf 76' lang='grc' dir='ltr'>τοῦτο</span> <span class='ocrx_word' id='word_1_461' title='bbox 3672 1436 3766 1485; x_wconf 85' lang='grc' dir='ltr'>ση-</span> 
     </span>
    </p>
   </div>
   <div class='ocr_carea' id='block_1_58' title="bbox 2118 1499 3758 1577">
    <p class='ocr_par' dir='ltr' id='par_1_58' title="bbox 2118 1499 3758 1577">
     <span class='ocr_line' id='line_1_58' title="bbox 2118 1499 3758 1577; baseline 0.003 -23"><span class='ocrx_word' id='word_1_462' title='bbox 2118 1500 2318 1573; x_wconf 84' lang='grc' dir='ltr'><strong>μαίνει,</strong></span> <span class='ocrx_word' id='word_1_463' title='bbox 2349 1501 2384 1569; x_wconf 66' lang='lat' dir='ltr'><strong>ﬁ</strong></span> <span class='ocrx_word' id='word_1_464' title='bbox 2415 1501 2478 1555; x_wconf 91' lang='grc' dir='ltr'>τὸ</span> <span class='ocrx_word' id='word_1_465' title='bbox 2509 1504 2731 1577; x_wconf 79' lang='grc' dir='ltr'>γνήσιον</span> <span class='ocrx_word' id='word_1_466' title='bbox 2770 1506 2867 1557; x_wconf 69' lang='grc' dir='ltr'><strong>τοῦ</strong></span> <span class='ocrx_word' id='word_1_467' title='bbox 2915 1502 3065 1569; x_wconf 72' lang='grc' dir='ltr'><strong>Υἱοῦ,</strong></span> <span class='ocrx_word' id='word_1_468' title='bbox 3096 1502 3188 1557; x_wconf 85' lang='grc' dir='ltr'><strong>καὶ</strong></span> <span class='ocrx_word' id='word_1_469' title='bbox 3236 1504 3336 1572; x_wconf 84' lang='grc' dir='ltr'><strong>τήν</strong></span> <span class='ocrx_word' id='word_1_470' title='bbox 3385 1499 3615 1574; x_wconf 84' lang='grc' dir='ltr'>θεότητα</span> <span class='ocrx_word' id='word_1_471' title='bbox 3661 1509 3758 1560; x_wconf 77' lang='grc' dir='ltr'><strong>τοῦ</strong></span> 
     </span>
    </p>
   </div>
   <div class='ocr_carea' id='block_1_59' title="bbox 2113 1590 3765 1667">
    <p class='ocr_par' dir='ltr' id='par_1_59' title="bbox 2113 1590 3765 1667">
     <span class='ocr_line' id='line_1_59' title="bbox 2113 1590 3765 1667; baseline 0.002 -22"><span class='ocrx_word' id='word_1_472' title='bbox 2113 1590 2325 1663; x_wconf 82' lang='grc' dir='ltr'>Πατρὸς</span> <span class='ocrx_word' id='word_1_473' title='bbox 2355 1590 2556 1661; x_wconf 79' lang='grc' dir='ltr'>ταύτην</span> <span class='ocrx_word' id='word_1_474' title='bbox 2591 1591 2722 1645; x_wconf 77' lang='grc' dir='ltr'>εἶναι</span> <span class='ocrx_word' id='word_1_475' title='bbox 2751 1595 2848 1645; x_wconf 78' lang='grc' dir='ltr'><strong>τοῦ</strong></span> <span class='ocrx_word' id='word_1_476' title='bbox 2895 1592 3024 1646; x_wconf 73' lang='grc' dir='ltr'>Υἱοῦ</span> <span class='ocrx_word' id='word_1_477' title='bbox 3055 1593 3166 1663; x_wconf 84' lang='grc'>(69)</span> <span class='ocrx_word' id='word_1_478' title='bbox 3195 1611 3209 1659; x_wconf 87' lang='lat'><strong>;</strong></span> <span class='ocrx_word' id='word_1_479' title='bbox 3240 1594 3346 1663; x_wconf 74' lang='grc' dir='ltr'><strong>Τήν</strong></span> <span class='ocrx_word' id='word_1_480' title='bbox 3395 1613 3455 1646; x_wconf 88' lang='grc' dir='ltr'><strong>τε</strong></span> <span class='ocrx_word' id='word_1_481' title='bbox 3504 1593 3607 1667; x_wconf 73' lang='grc' dir='ltr'><strong>γὰρ</strong></span> <span class='ocrx_word' id='word_1_482' title='bbox 3660 1597 3765 1648; x_wconf 81' lang='grc' dir='ltr'><strong>τοῦ</strong></span> 
     </span>
    </p>
   </div>
   <div class='ocr_carea' id='block_1_60' title="bbox 2113 1677 3760 1754">
    <p class='ocr_par' dir='ltr' id='par_1_60' title="bbox 2113 1677 3760 1754">
     <span class='ocr_line' id='line_1_60' title="bbox 2113 1677 3760 1754; baseline 0.002 -22"><span class='ocrx_word' id='word_1_483' title='bbox 2113 1678 2322 1752; x_wconf 87' lang='grc' dir='ltr'>Πατρὸς</span> <span class='ocrx_word' id='word_1_484' title='bbox 2371 1677 2647 1754; x_wconf 86' lang='grc' dir='ltr'>βασιλείαν</span> <span class='ocrx_word' id='word_1_485' title='bbox 2702 1677 3002 1754; x_wconf 76' lang='grc' dir='ltr'><strong>βασιλεύων</strong></span> <span class='ocrx_word' id='word_1_486' title='bbox 3052 1680 3080 1734; x_wconf 91' lang='lat'><strong>6</strong></span> <span class='ocrx_word' id='word_1_487' title='bbox 3125 1680 3272 1747; x_wconf 81' lang='grc' dir='ltr'>Υἱὸς,</span> <span class='ocrx_word' id='word_1_488' title='bbox 3306 1679 3393 1735; x_wconf 78' lang='grc' dir='ltr'>ἐπὶ</span> <span class='ocrx_word' id='word_1_489' title='bbox 3442 1680 3534 1735; x_wconf 88' lang='grc' dir='ltr'>τὸν</span> <span class='ocrx_word' id='word_1_490' title='bbox 3603 1680 3760 1736; x_wconf 84' lang='grc' dir='ltr'>αὐτὸν</span> 
     </span>
    </p>
   </div>
   <div class='ocr_carea' id='block_1_61' title="bbox 2111 1766 3762 1843">
    <p class='ocr_par' dir='ltr' id='par_1_61' title="bbox 2111 1766 3762 1843">
     <span class='ocr_line' id='line_1_61' title="bbox 2111 1766 3762 1843; baseline 0.002 -23"><span class='ocrx_word' id='word_1_491' title='bbox 2111 1767 2300 1838; x_wconf 82' lang='grc' dir='ltr'>θρόνον</span> <span class='ocrx_word' id='word_1_492' title='bbox 2333 1771 2413 1838; x_wconf 82' lang='grc' dir='ltr'><strong>τῷ</strong></span> <span class='ocrx_word' id='word_1_493' title='bbox 2440 1767 2610 1842; x_wconf 86' lang='grc' dir='ltr'>Πατρὶ</span> <span class='ocrx_word' id='word_1_494' title='bbox 2638 1768 2892 1839; x_wconf 82' lang='grc' dir='ltr'>κάθηται,</span> <span class='ocrx_word' id='word_1_495' title='bbox 2921 1767 3011 1823; x_wconf 79' lang='grc' dir='ltr'><strong>καὶ</strong></span> <span class='ocrx_word' id='word_1_496' title='bbox 3042 1766 3111 1843; x_wconf 76' lang='grc' dir='ltr'><strong>τῇ</strong></span> <span class='ocrx_word' id='word_1_497' title='bbox 3148 1772 3245 1824; x_wconf 78' lang='grc' dir='ltr'><strong>τοῦ</strong></span> <span class='ocrx_word' id='word_1_498' title='bbox 3278 1770 3488 1843; x_wconf 88' lang='grc' dir='ltr'>Πατρὸς</span> <span class='ocrx_word' id='word_1_499' title='bbox 3546 1768 3762 1840; x_wconf 87' lang='grc' dir='ltr'>θεότητι</span> 
     </span>
    </p>
   </div>
   <div class='ocr_carea' id='block_1_62' title="bbox 2109 1854 3762 1933">
    <p class='ocr_par' dir='ltr' id='par_1_62' title="bbox 2109 1854 3762 1933">
     <span class='ocr_line' id='line_1_62' title="bbox 2109 1854 3762 1933; baseline 0.003 -24"><span class='ocrx_word' id='word_1_500' title='bbox 2109 1854 2506 1929; x_wconf 77' lang='grc' dir='ltr'>θεωρούμενος,</span> <span class='ocrx_word' id='word_1_501' title='bbox 2538 1855 2667 1917; x_wconf 89' lang='grc' dir='ltr'>Θεός</span> <span class='ocrx_word' id='word_1_502' title='bbox 2710 1855 2850 1911; x_wconf 75' lang='grc' dir='ltr'>ἐστιν</span> <span class='ocrx_word' id='word_1_503' title='bbox 2893 1857 2921 1911; x_wconf 98' lang='lat'><strong>6</strong></span> <span class='ocrx_word' id='word_1_504' title='bbox 2969 1857 3166 1932; x_wconf 82' lang='grc' dir='ltr'>Λόγος,</span> <span class='ocrx_word' id='word_1_505' title='bbox 3198 1857 3290 1912; x_wconf 84' lang='grc' dir='ltr'><strong>καὶ</strong></span> <span class='ocrx_word' id='word_1_506' title='bbox 3340 1859 3368 1912; x_wconf 92' lang='lat'><strong>6</strong></span> <span class='ocrx_word' id='word_1_507' title='bbox 3403 1855 3621 1933; x_wconf 74' lang='grc' dir='ltr'>βλίπων</span> <span class='ocrx_word' id='word_1_508' title='bbox 3647 1861 3762 1932; x_wconf 88' lang='grc'>(70)</span> 
     </span>
    </p>
   </div>
   <div class='ocr_carea' id='block_1_63' title="bbox 2107 1942 3762 2021">
    <p class='ocr_par' dir='ltr' id='par_1_63' title="bbox 2107 1942 3762 2021">
     <span class='ocr_line' id='line_1_63' title="bbox 2107 1942 3762 2021; baseline 0.002 -24"><span class='ocrx_word' id='word_1_509' title='bbox 2107 1942 2198 1997; x_wconf 86' lang='grc' dir='ltr'>τὸν</span> <span class='ocrx_word' id='word_1_510' title='bbox 2258 1944 2380 1999; x_wconf 77' lang='grc' dir='ltr'><strong>Υἱὸν</strong></span> <span class='ocrx_word' id='word_1_511' title='bbox 2444 1943 2631 2019; x_wconf 69' lang='grc' dir='ltr'>βλέπει</span> <span class='ocrx_word' id='word_1_512' title='bbox 2690 1944 2780 2000; x_wconf 87' lang='grc' dir='ltr'><strong>τὸν</strong></span> <span class='ocrx_word' id='word_1_513' title='bbox 2840 1945 3068 2021; x_wconf 76' lang='grc' dir='ltr'>Πατέρασ</span> <span class='ocrx_word' id='word_1_514' title='bbox 3129 1944 3220 2001; x_wconf 79' lang='grc' dir='ltr'>καί</span> <span class='ocrx_word' id='word_1_515' title='bbox 3272 1946 3448 2009; x_wconf 78' lang='grc' dir='ltr'>οὕτως</span> <span class='ocrx_word' id='word_1_516' title='bbox 3502 1948 3578 2010; x_wconf 86' lang='grc' dir='ltr'>εἷς</span> <span class='ocrx_word' id='word_1_517' title='bbox 3632 1946 3762 2009; x_wconf 89' lang='grc' dir='ltr'>Θεός</span> 
     </span>
    </p>
   </div>
   <div class='ocr_carea' id='block_1_64' title="bbox 2081 2030 3760 2111">
    <p class='ocr_par' dir='ltr' id='par_1_64' title="bbox 2081 2030 3760 2111">
     <span class='ocr_line' id='line_1_64' title="bbox 2081 2030 3760 2111; baseline 0.002 -25"><span class='ocrx_word' id='word_1_518' title='bbox 2081 2030 2273 2089; x_wconf 64' lang='grc' dir='ltr'>θέσπιν.</span> <span class='ocrx_word' id='word_1_519' title='bbox 2332 2033 2431 2089; x_wconf 83' lang='lat' dir='ltr'><strong>’Ex</strong></span> <span class='ocrx_word' id='word_1_520' title='bbox 2496 2030 2683 2103; x_wconf 80' lang='grc' dir='ltr'>δεξιῶν</span> <span class='ocrx_word' id='word_1_521' title='bbox 2757 2038 2889 2108; x_wconf 69' lang='grc' dir='ltr'>γοῦν</span> <span class='ocrx_word' id='word_1_522' title='bbox 2967 2036 3301 2108; x_wconf 82' lang='grc' dir='ltr'>καθήμενος,</span> <span class='ocrx_word' id='word_1_523' title='bbox 3362 2036 3639 2111; x_wconf 83' lang='grc' dir='ltr'>ἀριστερὸν</span> <span class='ocrx_word' id='word_1_524' title='bbox 3699 2034 3760 2090; x_wconf 79' lang='grc' dir='ltr'>οὗ</span> 
     </span>
    </p>
   </div>
   <div class='ocr_carea' id='block_1_65' title="bbox 2111 2120 3759 2197">
    <p class='ocr_par' dir='ltr' id='par_1_65' title="bbox 2111 2120 3759 2197">
     <span class='ocr_line' id='line_1_65' title="bbox 2111 2120 3759 2197; baseline 0.002 -23"><span class='ocrx_word' id='word_1_525' title='bbox 2111 2126 2260 2175; x_wconf 85' lang='grc' dir='ltr'>ποιεῖ</span> <span class='ocrx_word' id='word_1_526' title='bbox 2286 2121 2377 2175; x_wconf 84' lang='grc' dir='ltr'><strong>τὸν</strong></span> <span class='ocrx_word' id='word_1_527' title='bbox 2430 2121 2659 2197; x_wconf 67' lang='grc' dir='ltr'>Πατὲρω</span> <span class='ocrx_word' id='word_1_528' title='bbox 2709 2120 2836 2177; x_wconf 89' lang='grc' dir='ltr'>ἀλλ’</span> <span class='ocrx_word' id='word_1_529' title='bbox 2874 2120 3006 2197; x_wconf 76' lang='grc' dir='ltr'>ὅπερ</span> <span class='ocrx_word' id='word_1_530' title='bbox 3054 2121 3167 2178; x_wconf 78' lang='grc' dir='ltr'>ἐστὶ</span> <span class='ocrx_word' id='word_1_531' title='bbox 3217 2120 3386 2195; x_wconf 80' lang='grc' dir='ltr'>δεξιὸν</span> <span class='ocrx_word' id='word_1_532' title='bbox 3433 2124 3524 2179; x_wconf 87' lang='grc' dir='ltr'><strong>καὶ</strong></span> <span class='ocrx_word' id='word_1_533' title='bbox 3576 2124 3759 2197; x_wconf 75' lang='grc' dir='ltr'>τίμιον</span> 
     </span>
    </p>
   </div>
   <div class='ocr_carea' id='block_1_66' title="bbox 2111 2208 3765 2290">
    <p class='ocr_par' dir='ltr' id='par_1_66' title="bbox 2111 2208 3765 2290">
     <span class='ocr_line' id='line_1_66' title="bbox 2111 2208 3765 2290; baseline 0.002 -27"><span class='ocrx_word' id='word_1_534' title='bbox 2111 2208 2164 2263; x_wconf 85' lang='grc' dir='ltr'>ἐν</span> <span class='ocrx_word' id='word_1_535' title='bbox 2193 2214 2273 2280; x_wconf 83' lang='grc' dir='ltr'>τῷ</span> <span class='ocrx_word' id='word_1_536' title='bbox 2300 2208 2496 2282; x_wconf 77' lang='grc' dir='ltr'>Πατρῖ,</span> <span class='ocrx_word' id='word_1_537' title='bbox 2526 2214 2688 2266; x_wconf 76' lang='grc' dir='ltr'>τοῦτο</span> <span class='ocrx_word' id='word_1_538' title='bbox 2720 2210 2808 2265; x_wconf 86' lang='grc' dir='ltr'><strong>καὶ</strong></span> <span class='ocrx_word' id='word_1_539' title='bbox 2841 2212 2869 2266; x_wconf 95' lang='lat'><strong>6</strong></span> <span class='ocrx_word' id='word_1_540' title='bbox 2908 2211 3032 2273; x_wconf 75' lang='grc' dir='ltr'><strong>Υἱὸς</strong></span> <span class='ocrx_word' id='word_1_541' title='bbox 3076 2209 3214 2287; x_wconf 81' lang='grc' dir='ltr'>ἔχει,</span> <span class='ocrx_word' id='word_1_542' title='bbox 3246 2213 3336 2267; x_wconf 84' lang='grc' dir='ltr'><strong>καὶ</strong></span> <span class='ocrx_word' id='word_1_543' title='bbox 3387 2211 3552 2290; x_wconf 79' lang='grc' dir='ltr'>λέγει·</span> <span class='ocrx_word' id='word_1_544' title='bbox 3583 2213 3765 2268; x_wconf 83' lang='grc' dir='ltr'>Πάντα</span> 
     </span>
    </p>
   </div>
   <div class='ocr_carea' id='block_1_67' title="bbox 2111 2296 3761 2375">
    <p class='ocr_par' dir='ltr' id='par_1_67' title="bbox 2111 2296 3761 2375">
     <span class='ocr_line' id='line_1_67' title="bbox 2111 2296 3761 2375; baseline 0.001 -22"><span class='ocrx_word' id='word_1_545' title='bbox 2111 2297 2212 2353; x_wconf 80' lang='grc' dir='ltr'><strong>ὅσα</strong></span> <span class='ocrx_word' id='word_1_546' title='bbox 2241 2296 2357 2373; x_wconf 79' lang='grc' dir='ltr'>ἔχει</span> <span class='ocrx_word' id='word_1_547' title='bbox 2390 2299 2418 2352; x_wconf 90' lang='lat'><strong>6</strong></span> <span class='ocrx_word' id='word_1_548' title='bbox 2448 2300 2659 2375; x_wconf 73' lang='grc' dir='ltr'>Πατὴρ,</span> <span class='ocrx_word' id='word_1_549' title='bbox 2693 2298 2800 2372; x_wconf 84' lang='grc' dir='ltr'>ἐμά</span> <span class='ocrx_word' id='word_1_550' title='bbox 2829 2298 2960 2356; x_wconf 76' lang='grc' dir='ltr'>ἐστι.</span> <span class='ocrx_word' id='word_1_551' title='bbox 2998 2302 3097 2354; x_wconf 81' lang='grc' dir='ltr'><strong>Διὰ</strong></span> <span class='ocrx_word' id='word_1_552' title='bbox 3122 2305 3286 2356; x_wconf 80' lang='grc' dir='ltr'>τοῦτο</span> <span class='ocrx_word' id='word_1_553' title='bbox 3342 2300 3445 2375; x_wconf 79' lang='grc' dir='ltr'><strong>γὰρ</strong></span> <span class='ocrx_word' id='word_1_554' title='bbox 3497 2301 3587 2356; x_wconf 83' lang='grc' dir='ltr'><strong>καὶ</strong></span> <span class='ocrx_word' id='word_1_555' title='bbox 3635 2304 3761 2357; x_wconf 87' lang='grc' dir='ltr'>καθ-</span> 
     </span>
    </p>
   </div>
   <div class='ocr_carea' id='block_1_68' title="bbox 2109 2384 3760 2464">
    <p class='ocr_par' dir='ltr' id='par_1_68' title="bbox 2109 2384 3760 2464">
     <span class='ocr_line' id='line_1_68' title="bbox 2109 2384 3760 2464; baseline 0.002 -24"><span class='ocrx_word' id='word_1_556' title='bbox 2109 2387 2313 2458; x_wconf 80' lang='grc' dir='ltr'>ήμενος</span> <span class='ocrx_word' id='word_1_557' title='bbox 2370 2385 2429 2441; x_wconf 80' lang='grc' dir='ltr'>ἐκ</span> <span class='ocrx_word' id='word_1_558' title='bbox 2483 2384 2669 2459; x_wconf 81' lang='grc' dir='ltr'>δεξιῶν</span> <span class='ocrx_word' id='word_1_559' title='bbox 2725 2389 2753 2442; x_wconf 89' lang='lat'><strong>6</strong></span> <span class='ocrx_word' id='word_1_560' title='bbox 2814 2389 2938 2450; x_wconf 75' lang='grc' dir='ltr'><strong>Υἱὸς</strong></span> <span class='ocrx_word' id='word_1_561' title='bbox 2995 2388 3098 2464; x_wconf 79' lang='grc' dir='ltr'>ὁρᾷ</span> <span class='ocrx_word' id='word_1_562' title='bbox 3150 2390 3242 2444; x_wconf 87' lang='grc' dir='ltr'><strong>τὸν</strong></span> <span class='ocrx_word' id='word_1_563' title='bbox 3298 2390 3510 2463; x_wconf 84' lang='grc' dir='ltr'>Πατέρα</span> <span class='ocrx_word' id='word_1_564' title='bbox 3547 2389 3637 2445; x_wconf 89' lang='grc' dir='ltr'><strong>καὶ</strong></span> <span class='ocrx_word' id='word_1_565' title='bbox 3667 2389 3760 2444; x_wconf 79' lang='grc' dir='ltr'><strong>αὐ-</strong></span> 
     </span>
    </p>
   </div>
   <div class='ocr_carea' id='block_1_69' title="bbox 2106 2473 3757 2555">
    <p class='ocr_par' dir='ltr' id='par_1_69' title="bbox 2106 2473 3757 2555">
     <span class='ocr_line' id='line_1_69' title="bbox 2106 2473 3757 2555; baseline 0.004 -26"><span class='ocrx_word' id='word_1_566' title='bbox 2106 2474 2201 2538; x_wconf 84' lang='grc' dir='ltr'>τὸς</span> <span class='ocrx_word' id='word_1_567' title='bbox 2231 2478 2345 2548; x_wconf 88' lang='grc'><strong>(71)</strong></span> <span class='ocrx_word' id='word_1_568' title='bbox 2377 2474 2436 2530; x_wconf 73' lang='grc' dir='ltr'>ἐκ</span> <span class='ocrx_word' id='word_1_569' title='bbox 2465 2473 2673 2548; x_wconf 81' lang='grc' dir='ltr'>δεξιῶν,</span> <span class='ocrx_word' id='word_1_570' title='bbox 2705 2475 2801 2531; x_wconf 73' lang='grc' dir='ltr'><strong>κᾶν</strong></span> <span class='ocrx_word' id='word_1_571' title='bbox 2834 2477 2911 2540; x_wconf 84' lang='grc' dir='ltr'>ὡς</span> <span class='ocrx_word' id='word_1_572' title='bbox 2940 2478 3223 2554; x_wconf 84' lang='grc' dir='ltr'>ἄνθρωπος</span> <span class='ocrx_word' id='word_1_573' title='bbox 3259 2477 3549 2553; x_wconf 89' lang='grc' dir='ltr'>γενόμενος</span> <span class='ocrx_word' id='word_1_574' title='bbox 3583 2478 3715 2555; x_wconf 74' lang='grc' dir='ltr'>λέγῃ</span> <span class='ocrx_word' id='word_1_575' title='bbox 3744 2498 3757 2512; x_wconf 88' lang='grc'>⁶</span> 
     </span>
    </p>
   </div>
   <div class='ocr_carea' id='block_1_70' title="bbox 2109 2564 3761 2641">
    <p class='ocr_par' dir='ltr' id='par_1_70' title="bbox 2109 2564 3761 2641">
     <span class='ocr_line' id='line_1_70' title="bbox 2109 2564 3761 2641; baseline 0.002 -23"><span class='ocrx_word' id='word_1_576' title='bbox 2109 2564 2473 2640; x_wconf 83' lang='grc' dir='ltr'>Προωρώμην</span> <span class='ocrx_word' id='word_1_577' title='bbox 2550 2565 2642 2619; x_wconf 81' lang='grc' dir='ltr'><strong>τὸν</strong></span> <span class='ocrx_word' id='word_1_578' title='bbox 2718 2564 2910 2641; x_wconf 80' lang='grc' dir='ltr'>Κύριόν</span> <span class='ocrx_word' id='word_1_579' title='bbox 3000 2586 3105 2638; x_wconf 90' lang='grc' dir='ltr'><strong>μου</strong></span> <span class='ocrx_word' id='word_1_580' title='bbox 3178 2566 3407 2622; x_wconf 74' lang='grc' dir='ltr'>ἰνώπιόν</span> <span class='ocrx_word' id='word_1_581' title='bbox 3490 2588 3594 2640; x_wconf 88' lang='grc' dir='ltr'><strong>μου</strong></span> <span class='ocrx_word' id='word_1_582' title='bbox 3671 2566 3761 2622; x_wconf 80' lang='grc' dir='ltr'><strong>διὰ</strong></span> 
     </span>
    </p>
   </div>
   <div class='ocr_carea' id='block_1_71' title="bbox 2107 2652 3758 2729">
    <p class='ocr_par' dir='ltr' id='par_1_71' title="bbox 2107 2652 3758 2729">
     <span class='ocr_line' id='line_1_71' title="bbox 2107 2652 3758 2729; baseline 0.002 -22"><span class='ocrx_word' id='word_1_583' title='bbox 2107 2653 2307 2715; x_wconf 87' lang='grc' dir='ltr'>παντὸς</span> <span class='ocrx_word' id='word_1_584' title='bbox 2337 2656 2474 2726; x_wconf 86' lang='grc'>(72),</span> <span class='ocrx_word' id='word_1_585' title='bbox 2519 2653 2601 2709; x_wconf 83' lang='grc' dir='ltr'><strong>ὅτι</strong></span> <span class='ocrx_word' id='word_1_586' title='bbox 2659 2653 2720 2709; x_wconf 78' lang='grc' dir='ltr'>ἐκ</span> <span class='ocrx_word' id='word_1_587' title='bbox 2775 2652 2963 2726; x_wconf 78' lang='grc' dir='ltr'>δεξιῶν</span> <span class='ocrx_word' id='word_1_588' title='bbox 3029 2675 3133 2728; x_wconf 89' lang='grc' dir='ltr'><strong>μου</strong></span> <span class='ocrx_word' id='word_1_589' title='bbox 3191 2653 3355 2728; x_wconf 82' lang='grc' dir='ltr'>ἐστὶν,</span> <span class='ocrx_word' id='word_1_590' title='bbox 3394 2654 3486 2710; x_wconf 72' lang='grc' dir='ltr'>’ἱνα</span> <span class='ocrx_word' id='word_1_591' title='bbox 3535 2657 3610 2729; x_wconf 83' lang='grc' dir='ltr'>μὴ</span> <span class='ocrx_word' id='word_1_592' title='bbox 3667 2677 3758 2711; x_wconf 87' lang='grc' dir='ltr'>σα-</span> 
     </span>
    </p>
   </div>
   <div class='ocr_carea' id='block_1_72' title="bbox 2110 2740 3760 2818">
    <p class='ocr_par' dir='ltr' id='par_1_72' title="bbox 2110 2740 3760 2818">
     <span class='ocr_line' id='line_1_72' title="bbox 2110 2740 3760 2818; baseline 0.001 -21"><span class='ocrx_word' id='word_1_593' title='bbox 2110 2740 2308 2797; x_wconf 83' lang='grc' dir='ltr'>λευθῶ.</span> <span class='ocrx_word' id='word_1_594' title='bbox 2367 2742 2642 2799; x_wconf 88' lang='grc' dir='ltr'>Δείκνυται</span> <span class='ocrx_word' id='word_1_595' title='bbox 2700 2744 2801 2818; x_wconf 78' lang='grc' dir='ltr'>γὰρ</span> <span class='ocrx_word' id='word_1_596' title='bbox 2859 2740 3027 2798; x_wconf 88' lang='grc' dir='ltr'>πάλιν</span> <span class='ocrx_word' id='word_1_597' title='bbox 3084 2742 3175 2798; x_wconf 87' lang='grc' dir='ltr'><strong>καὶ</strong></span> <span class='ocrx_word' id='word_1_598' title='bbox 3234 2742 3288 2798; x_wconf 79' lang='grc' dir='ltr'>ἐν</span> <span class='ocrx_word' id='word_1_599' title='bbox 3343 2743 3546 2816; x_wconf 81' lang='grc' dir='ltr'>τούτῳ,</span> <span class='ocrx_word' id='word_1_600' title='bbox 3606 2745 3681 2807; x_wconf 86' lang='grc' dir='ltr'><strong>ὡς</strong></span> <span class='ocrx_word' id='word_1_601' title='bbox 3731 2746 3760 2799; x_wconf 92' lang='lat'><strong>6</strong></span> 
     </span>
    </p>
   </div>
   <div class='ocr_carea' id='block_1_73' title="bbox 2108 2828 3760 2907">
    <p class='ocr_par' dir='ltr' id='par_1_73' title="bbox 2108 2828 3760 2907">
     <span class='ocr_line' id='line_1_73' title="bbox 2108 2828 3760 2907; baseline 0.003 -23"><span class='ocrx_word' id='word_1_602' title='bbox 2108 2830 2232 2892; x_wconf 77' lang='grc' dir='ltr'><strong>Υἱὸς</strong></span> <span class='ocrx_word' id='word_1_603' title='bbox 2277 2828 2330 2885; x_wconf 80' lang='grc' dir='ltr'>ἐν</span> <span class='ocrx_word' id='word_1_604' title='bbox 2377 2831 2457 2903; x_wconf 84' lang='grc' dir='ltr'>τῷ</span> <span class='ocrx_word' id='word_1_605' title='bbox 2501 2830 2669 2907; x_wconf 84' lang='grc' dir='ltr'>Πατρὶ</span> <span class='ocrx_word' id='word_1_606' title='bbox 2711 2830 2803 2887; x_wconf 84' lang='grc' dir='ltr'><strong>καὶ</strong></span> <span class='ocrx_word' id='word_1_607' title='bbox 2846 2832 2875 2885; x_wconf 88' lang='lat'><strong>6</strong></span> <span class='ocrx_word' id='word_1_608' title='bbox 2926 2832 3114 2907; x_wconf 80' lang='grc' dir='ltr'>Πατὴρ</span> <span class='ocrx_word' id='word_1_609' title='bbox 3145 2834 3257 2905; x_wconf 88' lang='grc'>(73)</span> <span class='ocrx_word' id='word_1_610' title='bbox 3281 2831 3333 2887; x_wconf 74' lang='grc' dir='ltr'>ἐν</span> <span class='ocrx_word' id='word_1_611' title='bbox 3374 2836 3455 2905; x_wconf 80' lang='grc' dir='ltr'>τῷ</span> <span class='ocrx_word' id='word_1_612' title='bbox 3502 2834 3632 2905; x_wconf 60' lang='lat' dir='ltr'><strong>ne.</strong></span> <span class='ocrx_word' id='word_1_613' title='bbox 3666 2841 3760 2888; x_wconf 82' lang='grc' dir='ltr'><strong>Δε-</strong></span> 
     </span>
    </p>
   </div>
   <div class='ocr_carea' id='block_1_74' title="bbox 2108 2915 3761 2995">
    <p class='ocr_par' dir='ltr' id='par_1_74' title="bbox 2108 2915 3761 2995">
     <span class='ocr_line' id='line_1_74' title="bbox 2108 2915 3761 2995; baseline 0.003 -23"><span class='ocrx_word' id='word_1_614' title='bbox 2108 2918 2222 2990; x_wconf 77' lang='grc' dir='ltr'><strong>ξιοῦ</strong></span> <span class='ocrx_word' id='word_1_615' title='bbox 2278 2920 2383 2993; x_wconf 79' lang='grc' dir='ltr'><strong>γὰρ</strong></span> <span class='ocrx_word' id='word_1_616' title='bbox 2442 2915 2597 2982; x_wconf 78' lang='grc' dir='ltr'>ὄντος</span> <span class='ocrx_word' id='word_1_617' title='bbox 2654 2924 2751 2974; x_wconf 78' lang='grc' dir='ltr'><strong>τοῦ</strong></span> <span class='ocrx_word' id='word_1_618' title='bbox 2803 2918 3035 2995; x_wconf 73' lang='grc' dir='ltr'>Πατρός,</span> <span class='ocrx_word' id='word_1_619' title='bbox 3067 2919 3117 2974; x_wconf 71' lang='grc' dir='ltr'>ἰν</span> <span class='ocrx_word' id='word_1_620' title='bbox 3177 2925 3257 2993; x_wconf 79' lang='grc' dir='ltr'>τῷ</span> <span class='ocrx_word' id='word_1_621' title='bbox 3315 2918 3474 2994; x_wconf 78' lang='grc' dir='ltr'>δεξιῷ</span> <span class='ocrx_word' id='word_1_622' title='bbox 3532 2920 3674 2977; x_wconf 79' lang='grc' dir='ltr'>ἐστιν</span> <span class='ocrx_word' id='word_1_623' title='bbox 3732 2923 3761 2978; x_wconf 93' lang='lat'><strong>6</strong></span> 
     </span>
    </p>
   </div>
   <div class='ocr_carea' id='block_1_75' title="bbox 2108 3006 3760 3088">
    <p class='ocr_par' dir='ltr' id='par_1_75' title="bbox 2108 3006 3760 3088">
     <span class='ocr_line' id='line_1_75' title="bbox 2108 3006 3760 3088; baseline 0.002 -26"><span class='ocrx_word' id='word_1_624' title='bbox 2108 3007 2253 3069; x_wconf 75' lang='grc' dir='ltr'>Υἱός·</span> <span class='ocrx_word' id='word_1_625' title='bbox 2296 3008 2385 3062; x_wconf 88' lang='grc' dir='ltr'><strong>καὶ</strong></span> <span class='ocrx_word' id='word_1_626' title='bbox 2434 3008 2747 3080; x_wconf 71' lang='grc' dir='ltr'>καθημένου</span> <span class='ocrx_word' id='word_1_627' title='bbox 2801 3013 2899 3064; x_wconf 84' lang='grc' dir='ltr'>τοῦ</span> <span class='ocrx_word' id='word_1_628' title='bbox 2956 3010 3085 3063; x_wconf 71' lang='grc' dir='ltr'>Υἱοῦ</span> <span class='ocrx_word' id='word_1_629' title='bbox 3141 3008 3201 3063; x_wconf 74' lang='grc' dir='ltr'>ἑκ</span> <span class='ocrx_word' id='word_1_630' title='bbox 3249 3006 3459 3083; x_wconf 78' lang='grc' dir='ltr'>δεξιῶν,</span> <span class='ocrx_word' id='word_1_631' title='bbox 3493 3011 3521 3066; x_wconf 94' lang='lat'><strong>6</strong></span> <span class='ocrx_word' id='word_1_632' title='bbox 3569 3012 3760 3088; x_wconf 75' lang='grc' dir='ltr'>Πατήρ</span> 
     </span>
    </p>
   </div>
   <div class='ocr_carea' id='block_1_76' title="bbox 2109 3095 3758 3174">
    <p class='ocr_par' dir='ltr' id='par_1_76' title="bbox 2109 3095 3758 3174">
     <span class='ocr_line' id='line_1_76' title="bbox 2109 3095 3758 3174; baseline 0.002 -23"><span class='ocrx_word' id='word_1_633' title='bbox 2109 3095 2248 3151; x_wconf 77' lang='grc' dir='ltr'>ἐστιν</span> <span class='ocrx_word' id='word_1_634' title='bbox 2301 3095 2353 3152; x_wconf 82' lang='grc' dir='ltr'>ἐν</span> <span class='ocrx_word' id='word_1_635' title='bbox 2398 3101 2478 3151; x_wconf 89' lang='grc' dir='ltr'><strong>τῶ</strong></span> <span class='ocrx_word' id='word_1_636' title='bbox 2527 3098 2655 3169; x_wconf 72' lang='grc' dir='ltr'><strong>Υἱῷ.</strong></span> <span class='ocrx_word' id='word_1_637' title='bbox 2707 3098 2806 3152; x_wconf 83' lang='grc' dir='ltr'>Καὶ</span> <span class='ocrx_word' id='word_1_638' title='bbox 2864 3099 2917 3152; x_wconf 87' lang='lat'><strong>01</strong></span> <span class='ocrx_word' id='word_1_639' title='bbox 2979 3098 3072 3171; x_wconf 77' lang='grc' dir='ltr'>μὲν</span> <span class='ocrx_word' id='word_1_640' title='bbox 3128 3095 3359 3174; x_wconf 78' lang='grc' dir='ltr'>ἄγγελοι</span> <span class='ocrx_word' id='word_1_641' title='bbox 3414 3097 3758 3155; x_wconf 75' lang='grc' dir='ltr'>διακονοῦσιν</span> 
     </span>
    </p>
   </div>
   <div class='ocr_carea' id='block_1_77' title="bbox 2109 3183 3762 3263">
    <p class='ocr_par' dir='ltr' id='par_1_77' title="bbox 2109 3183 3762 3263">
     <span class='ocr_line' id='line_1_77' title="bbox 2109 3183 3762 3263; baseline 0.002 -24"><span class='ocrx_word' id='word_1_642' title='bbox 2109 3183 2464 3260; x_wconf 83' lang='grc' dir='ltr'>ἀνερχόμενοι</span> <span class='ocrx_word' id='word_1_643' title='bbox 2516 3186 2605 3240; x_wconf 86' lang='grc' dir='ltr'><strong>καὶ</strong></span> <span class='ocrx_word' id='word_1_644' title='bbox 2663 3187 3060 3262; x_wconf 84' lang='grc' dir='ltr'>κατερχόμενοι</span> <span class='ocrx_word' id='word_1_645' title='bbox 3094 3204 3108 3219; x_wconf 84' lang='grc'><em>’</em></span> <span class='ocrx_word' id='word_1_646' title='bbox 3167 3188 3293 3263; x_wconf 82' lang='grc' dir='ltr'>περὶ</span> <span class='ocrx_word' id='word_1_647' title='bbox 3366 3185 3425 3243; x_wconf 73' lang='grc' dir='ltr'>δὶ</span> <span class='ocrx_word' id='word_1_648' title='bbox 3478 3192 3576 3242; x_wconf 80' lang='grc' dir='ltr'>τοῦ</span> <span class='ocrx_word' id='word_1_649' title='bbox 3635 3189 3762 3244; x_wconf 76' lang='grc' dir='ltr'>Υῖοῦ</span> 
     </span>
    </p>
   </div>
   <div class='ocr_carea' id='block_1_78' title="bbox 2114 3273 3760 3351">
    <p class='ocr_par' dir='ltr' id='par_1_78' title="bbox 2114 3273 3760 3351">
     <span class='ocr_line' id='line_1_78' title="bbox 2114 3273 3760 3351; baseline 0.003 -24"><span class='ocrx_word' id='word_1_650' title='bbox 2114 3295 2246 3351; x_wconf 79' lang='grc' dir='ltr'>φησι</span> <span class='ocrx_word' id='word_1_651' title='bbox 2314 3291 2328 3306; x_wconf 86' lang='grc'><em>’</em></span> <span class='ocrx_word' id='word_1_652' title='bbox 2442 3273 2544 3330; x_wconf 87' lang='grc' dir='ltr'>Καὶ</span> <span class='ocrx_word' id='word_1_653' title='bbox 2653 3276 3178 3347; x_wconf 85' lang='grc' dir='ltr'>προσκυνησάτωσαν</span> <span class='ocrx_word' id='word_1_654' title='bbox 3294 3276 3442 3348; x_wconf 79' lang='grc' dir='ltr'><strong>αὐτῷ</strong></span> <span class='ocrx_word' id='word_1_655' title='bbox 3565 3281 3760 3341; x_wconf 82' lang='grc' dir='ltr'>πάντες</span> 
     </span>
    </p>
   </div>
   <div class='ocr_carea' id='block_1_79' title="bbox 2114 3358 3760 3439">
    <p class='ocr_par' dir='ltr' id='par_1_79' title="bbox 2114 3358 3760 3439">
     <span class='ocr_line' id='line_1_79' title="bbox 2114 3358 3760 3439; baseline 0.002 -23"><span class='ocrx_word' id='word_1_656' title='bbox 2114 3360 2332 3438; x_wconf 80' lang='grc' dir='ltr'>ἄγγελοι</span> <span class='ocrx_word' id='word_1_657' title='bbox 2407 3366 2576 3417; x_wconf 85' lang='grc' dir='ltr'><strong>Θεοῦ·</strong></span> <span class='ocrx_word' id='word_1_658' title='bbox 2618 3358 2709 3418; x_wconf 78' lang='grc' dir='ltr'>καὶ</span> <span class='ocrx_word' id='word_1_659' title='bbox 2784 3362 2874 3419; x_wconf 75' lang='grc' dir='ltr'><strong>ὅτε</strong></span> <span class='ocrx_word' id='word_1_660' title='bbox 2950 3365 3046 3436; x_wconf 75' lang='grc' dir='ltr'>μὲν</span> <span class='ocrx_word' id='word_1_661' title='bbox 3123 3362 3353 3439; x_wconf 77' lang='grc' dir='ltr'>ἄγγελοι</span> <span class='ocrx_word' id='word_1_662' title='bbox 3429 3362 3760 3437; x_wconf 69' lang='grc' dir='ltr'>διακονοῦσι,</span> 
     </span>
    </p>
   </div>
   <div class='ocr_carea' id='block_1_80' title="bbox 2114 3449 3758 3530">
    <p class='ocr_par' dir='ltr' id='par_1_80' title="bbox 2114 3449 3758 3530">
     <span class='ocr_line' id='line_1_80' title="bbox 2114 3449 3758 3530; baseline 0.003 -25"><span class='ocrx_word' id='word_1_663' title='bbox 2114 3449 2361 3525; x_wconf 70' lang='grc' dir='ltr'>λέγουσιν</span> <span class='ocrx_word' id='word_1_664' title='bbox 2419 3450 2503 3506; x_wconf 79' lang='grc' dir='ltr'><strong>ὅτι</strong></span> <span class='ocrx_word' id='word_1_665' title='bbox 2563 3455 2699 3527; x_wconf 82' lang='grc'>(74),</span> <span class='ocrx_word' id='word_1_666' title='bbox 2757 3452 3093 3523; x_wconf 88' lang='grc' dir='ltr'>Ἀπεστάλην</span> <span class='ocrx_word' id='word_1_667' title='bbox 3151 3454 3287 3530; x_wconf 86' lang='grc' dir='ltr'>πρὸς</span> <span class='ocrx_word' id='word_1_668' title='bbox 3345 3454 3439 3509; x_wconf 72' lang='grc' dir='ltr'><strong>σέο</strong></span> <span class='ocrx_word' id='word_1_669' title='bbox 3486 3455 3597 3524; x_wconf 79' lang='grc' dir='ltr'>καὶ,</span> <span class='ocrx_word' id='word_1_670' title='bbox 3655 3455 3758 3510; x_wconf 81' lang='grc' dir='ltr'><strong>Κύ-</strong></span> 
     </span>
    </p>
   </div>
   <div class='ocr_carea' id='block_1_81' title="bbox 2110 3538 3759 3620">
    <p class='ocr_par' dir='ltr' id='par_1_81' title="bbox 2110 3538 3759 3620">
     <span class='ocr_line' id='line_1_81' title="bbox 2110 3538 3759 3620; baseline 0.004 -28"><span class='ocrx_word' id='word_1_671' title='bbox 2110 3558 2225 3612; x_wconf 89' lang='grc' dir='ltr'>ριος</span> <span class='ocrx_word' id='word_1_672' title='bbox 2280 3538 2602 3595; x_wconf 73' lang='grc' dir='ltr'>ἐνετείλατοο</span> <span class='ocrx_word' id='word_1_673' title='bbox 2637 3540 2665 3595; x_wconf 92' lang='lat'><strong>6</strong></span> <span class='ocrx_word' id='word_1_674' title='bbox 2722 3538 2779 3597; x_wconf 77' lang='grc' dir='ltr'>δὶ</span> <span class='ocrx_word' id='word_1_675' title='bbox 2839 3542 2981 3613; x_wconf 77' lang='grc' dir='ltr'>Υἱὸς,</span> <span class='ocrx_word' id='word_1_676' title='bbox 3032 3540 3125 3597; x_wconf 79' lang='grc' dir='ltr'><strong>κᾶν</strong></span> <span class='ocrx_word' id='word_1_677' title='bbox 3191 3540 3327 3618; x_wconf 73' lang='grc' dir='ltr'>λέγῃ</span> <span class='ocrx_word' id='word_1_678' title='bbox 3384 3543 3759 3620; x_wconf 83' lang='grc' dir='ltr'>ἀνθρωπίνως,</span> 
     </span>
    </p>
   </div>
   <div class='ocr_carea' id='block_1_82' title="bbox 2108 3626 3761 3707">
    <p class='ocr_par' dir='ltr' id='par_1_82' title="bbox 2108 3626 3761 3707">
     <span class='ocr_line' id='line_1_82' title="bbox 2108 3626 3761 3707; baseline 0.003 -25"><span class='ocrx_word' id='word_1_679' title='bbox 2108 3626 2213 3695; x_wconf 76' lang='grc' dir='ltr'>ὅτι,</span> <span class='ocrx_word' id='word_1_680' title='bbox 2246 3626 2584 3698; x_wconf 84' lang='grc' dir='ltr'>Ἀπεστάλην</span> <span class='ocrx_word' id='word_1_681' title='bbox 2613 3631 2749 3703; x_wconf 89' lang='grc'>(75),</span> <span class='ocrx_word' id='word_1_682' title='bbox 2778 3630 2869 3685; x_wconf 84' lang='grc' dir='ltr'><strong>καὶ</strong></span> <span class='ocrx_word' id='word_1_683' title='bbox 2905 3628 3123 3705; x_wconf 79' lang='grc' dir='ltr'>ἔρχεται</span> <span class='ocrx_word' id='word_1_684' title='bbox 3155 3631 3216 3685; x_wconf 89' lang='grc' dir='ltr'>τὸ</span> <span class='ocrx_word' id='word_1_685' title='bbox 3266 3629 3423 3707; x_wconf 73' lang='grc' dir='ltr'>ἔργον</span> <span class='ocrx_word' id='word_1_686' title='bbox 3472 3631 3761 3688; x_wconf 81' lang='grc' dir='ltr'>τελειῶσαι</span> 
     </span>
    </p>
   </div>
   <div class='ocr_carea' id='block_1_83' title="bbox 2107 3714 3760 3795">
    <p class='ocr_par' dir='ltr' id='par_1_83' title="bbox 2107 3714 3760 3795">
     <span class='ocr_line' id='line_1_83' title="bbox 2107 3714 3760 3795; baseline 0.004 -25"><span class='ocrx_word' id='word_1_687' title='bbox 2107 3717 2197 3771; x_wconf 85' lang='grc' dir='ltr'><strong>καὶ</strong></span> <span class='ocrx_word' id='word_1_688' title='bbox 2229 3714 2569 3787; x_wconf 72' lang='grc' dir='ltr'>διακονῆσαι,</span> <span class='ocrx_word' id='word_1_689' title='bbox 2603 3716 2748 3795; x_wconf 73' lang='grc' dir='ltr'>λέγει</span> <span class='ocrx_word' id='word_1_690' title='bbox 2780 3718 2956 3792; x_wconf 79' lang='grc' dir='ltr'>ὅμως,</span> <span class='ocrx_word' id='word_1_691' title='bbox 2991 3720 3065 3781; x_wconf 86' lang='grc' dir='ltr'>ὡς</span> <span class='ocrx_word' id='word_1_692' title='bbox 3096 3722 3205 3792; x_wconf 90' lang='grc'>(76)</span> <span class='ocrx_word' id='word_1_693' title='bbox 3238 3719 3418 3795; x_wconf 88' lang='grc' dir='ltr'>Λόγος</span> <span class='ocrx_word' id='word_1_694' title='bbox 3461 3721 3549 3776; x_wconf 88' lang='grc' dir='ltr'>καὶ</span> <span class='ocrx_word' id='word_1_695' title='bbox 3598 3721 3760 3777; x_wconf 75' lang='grc' dir='ltr'>εἰκὼν</span> 
     </span>
    </p>
   </div>
   <div class='ocr_carea' id='block_1_84' title="bbox 2109 3804 3758 3885">
    <p class='ocr_par' dir='ltr' id='par_1_84' title="bbox 2109 3804 3758 3885">
     <span class='ocr_line' id='line_1_84' title="bbox 2109 3804 3758 3885; baseline 0.003 -27"><span class='ocrx_word' id='word_1_696' title='bbox 2109 3804 2411 3880; x_wconf 80' lang='grc' dir='ltr'>ὑπάρχων’</span> <span class='ocrx_word' id='word_1_697' title='bbox 2477 3806 2620 3880; x_wconf 84' lang='grc' dir='ltr'><strong>Ἐγὼ</strong></span> <span class='ocrx_word' id='word_1_698' title='bbox 2695 3805 2747 3861; x_wconf 75' lang='grc' dir='ltr'>ἐν</span> <span class='ocrx_word' id='word_1_699' title='bbox 2821 3805 2901 3879; x_wconf 78' lang='grc' dir='ltr'><strong>τῷ</strong></span> <span class='ocrx_word' id='word_1_700' title='bbox 2977 3806 3172 3883; x_wconf 81' lang='grc' dir='ltr'>Πατρὶ,</span> <span class='ocrx_word' id='word_1_701' title='bbox 3230 3809 3321 3862; x_wconf 84' lang='grc' dir='ltr'>καὶ</span> <span class='ocrx_word' id='word_1_702' title='bbox 3375 3809 3403 3862; x_wconf 89' lang='grc' dir='ltr'><strong>ὁ</strong></span> <span class='ocrx_word' id='word_1_703' title='bbox 3462 3810 3647 3885; x_wconf 77' lang='grc' dir='ltr'>Πατὴρ</span> <span class='ocrx_word' id='word_1_704' title='bbox 3705 3808 3758 3864; x_wconf 83' lang='grc' dir='ltr'>ἐν</span> 
     </span>
    </p>
   </div>
   <div class='ocr_carea' id='block_1_85' title="bbox 2108 3890 3758 3971">
    <p class='ocr_par' dir='ltr' id='par_1_85' title="bbox 2108 3890 3758 3971">
     <span class='ocr_line' id='line_1_85' title="bbox 2108 3890 3758 3971; baseline 0.005 -25"><span class='ocrx_word' id='word_1_705' title='bbox 2108 3890 2232 3966; x_wconf 80' lang='grc' dir='ltr'>ἐμοί</span> <span class='ocrx_word' id='word_1_706' title='bbox 2287 3892 2418 3948; x_wconf 85' lang='grc' dir='ltr'>ἐστι’</span> <span class='ocrx_word' id='word_1_707' title='bbox 2449 3894 2562 3963; x_wconf 82' lang='grc' dir='ltr'>καὶ,</span> <span class='ocrx_word' id='word_1_708' title='bbox 2593 3896 2654 3953; x_wconf 89' lang='grc' dir='ltr'>Ὁ</span> <span class='ocrx_word' id='word_1_709' title='bbox 2700 3894 2955 3971; x_wconf 73' lang='grc' dir='ltr'>ἑωρακὼς</span> <span class='ocrx_word' id='word_1_710' title='bbox 3006 3895 3102 3968; x_wconf 72' lang='grc' dir='ltr'><strong>ἐμὲ</strong></span> <span class='ocrx_word' id='word_1_711' title='bbox 3149 3896 3354 3971; x_wconf 67' lang='grc' dir='ltr'>ἑώρακε</span> <span class='ocrx_word' id='word_1_712' title='bbox 3400 3897 3493 3952; x_wconf 86' lang='grc' dir='ltr'><strong>τὸν</strong></span> <span class='ocrx_word' id='word_1_713' title='bbox 3528 3900 3758 3970; x_wconf 67' lang='grc' dir='ltr'>Πατὲρον</span> 
     </span>
    </p>
   </div>
   <div class='ocr_carea' id='block_1_86' title="bbox 2105 3980 3764 4062">
    <p class='ocr_par' dir='ltr' id='par_1_86' title="bbox 2105 3980 3764 4062">
     <span class='ocr_line' id='line_1_86' title="bbox 2105 3980 3764 4062; baseline 0.004 -27"><span class='ocrx_word' id='word_1_714' title='bbox 2105 3980 2219 4049; x_wconf 82' lang='grc' dir='ltr'>καὶ,</span> <span class='ocrx_word' id='word_1_715' title='bbox 2277 3982 2339 4038; x_wconf 89' lang='grc' dir='ltr'>Ὁ</span> <span class='ocrx_word' id='word_1_716' title='bbox 2415 3984 2601 4055; x_wconf 78' lang='grc' dir='ltr'>Πατὴρ</span> <span class='ocrx_word' id='word_1_717' title='bbox 2673 3982 2725 4038; x_wconf 78' lang='grc' dir='ltr'>ἐν</span> <span class='ocrx_word' id='word_1_718' title='bbox 2803 3983 2928 4057; x_wconf 77' lang='grc' dir='ltr'>ἐμοὶ</span> <span class='ocrx_word' id='word_1_719' title='bbox 3008 3983 3202 4057; x_wconf 68' lang='grc' dir='ltr'>μένων,</span> <span class='ocrx_word' id='word_1_720' title='bbox 3261 3983 3423 4047; x_wconf 84' lang='grc' dir='ltr'>αὐτὸς</span> <span class='ocrx_word' id='word_1_721' title='bbox 3497 3987 3567 4041; x_wconf 78' lang='grc' dir='ltr'>τὰ</span> <span class='ocrx_word' id='word_1_722' title='bbox 3630 3983 3764 4062; x_wconf 78' lang='grc' dir='ltr'>ἔργα</span> 
     </span>
    </p>
   </div>
   <div class='ocr_carea' id='block_1_87' title="bbox 2105 4069 3761 4149">
    <p class='ocr_par' dir='ltr' id='par_1_87' title="bbox 2105 4069 3761 4149">
     <span class='ocr_line' id='line_1_87' title="bbox 2105 4069 3761 4149; baseline 0.004 -26"><span class='ocrx_word' id='word_1_723' title='bbox 2105 4075 2254 4124; x_wconf 83' lang='grc' dir='ltr'>ποιεῖ</span> <span class='ocrx_word' id='word_1_724' title='bbox 2299 4072 2430 4143; x_wconf 87' lang='grc'>(77)·</span> <span class='ocrx_word' id='word_1_725' title='bbox 2464 4069 2497 4125; x_wconf 78' lang='grc' dir='ltr'><strong>ἆ</strong></span> <span class='ocrx_word' id='word_1_726' title='bbox 2552 4072 2653 4148; x_wconf 79' lang='grc' dir='ltr'><strong>γὰρ</strong></span> <span class='ocrx_word' id='word_1_727' title='bbox 2711 4071 2762 4127; x_wconf 68' lang='grc' dir='ltr'>ἐν</span> <span class='ocrx_word' id='word_1_728' title='bbox 2820 4076 2891 4147; x_wconf 78' lang='grc' dir='ltr'><strong>τῇ</strong></span> <span class='ocrx_word' id='word_1_729' title='bbox 2951 4072 3118 4127; x_wconf 83' lang='grc' dir='ltr'>εἰκόνι</span> <span class='ocrx_word' id='word_1_730' title='bbox 3173 4094 3257 4137; x_wconf 89' lang='grc' dir='ltr'><strong>τις</strong></span> <span class='ocrx_word' id='word_1_731' title='bbox 3312 4073 3480 4149; x_wconf 78' lang='grc' dir='ltr'>ταύτῃ</span> <span class='ocrx_word' id='word_1_732' title='bbox 3540 4075 3761 4149; x_wconf 83' lang='grc' dir='ltr'>θεωρεῖ,</span> 
     </span>
    </p>
   </div>
   <div class='ocr_carea' id='block_1_88' title="bbox 2105 4157 3765 4236">
    <p class='ocr_par' dir='ltr' id='par_1_88' title="bbox 2105 4157 3765 4236">
     <span class='ocr_line' id='line_1_88' title="bbox 2105 4157 3765 4236; baseline 0.004 -24"><span class='ocrx_word' id='word_1_733' title='bbox 2105 4163 2271 4213; x_wconf 81' lang='grc' dir='ltr'>ταῦτα</span> <span class='ocrx_word' id='word_1_734' title='bbox 2324 4163 2422 4213; x_wconf 79' lang='grc' dir='ltr'><strong>τοῦ</strong></span> <span class='ocrx_word' id='word_1_735' title='bbox 2483 4161 2690 4233; x_wconf 87' lang='grc' dir='ltr'>Πατρός</span> <span class='ocrx_word' id='word_1_736' title='bbox 2748 4160 2888 4216; x_wconf 79' lang='grc' dir='ltr'>ἐστιν</span> <span class='ocrx_word' id='word_1_737' title='bbox 2949 4157 3097 4236; x_wconf 77' lang='grc' dir='ltr'>ἔργα.</span> <span class='ocrx_word' id='word_1_738' title='bbox 3131 4162 3281 4219; x_wconf 82' lang='grc' dir='ltr'>Ἐστι</span> <span class='ocrx_word' id='word_1_739' title='bbox 3346 4162 3439 4235; x_wconf 75' lang='grc' dir='ltr'><strong>μὶν</strong></span> <span class='ocrx_word' id='word_1_740' title='bbox 3474 4162 3566 4217; x_wconf 83' lang='grc' dir='ltr'><strong>οὗν</strong></span> <span class='ocrx_word' id='word_1_741' title='bbox 3599 4162 3765 4218; x_wconf 75' lang='grc' dir='ltr'>ἱκανὰ</span> 
     </span>
    </p>
   </div>
   <div class='ocr_carea' id='block_1_89' title="bbox 2103 4243 3761 4325">
    <p class='ocr_par' dir='ltr' id='par_1_89' title="bbox 2103 4243 3761 4325">
     <span class='ocr_line' id='line_1_89' title="bbox 2103 4243 3761 4325; baseline 0.002 -23"><span class='ocrx_word' id='word_1_742' title='bbox 2103 4252 2272 4303; x_wconf 82' lang='grc' dir='ltr'>ταυτα</span> <span class='ocrx_word' id='word_1_743' title='bbox 2320 4243 2638 4313; x_wconf 80' lang='grc' dir='ltr'>δυσωπῆσαι</span> <span class='ocrx_word' id='word_1_744' title='bbox 2687 4248 2814 4312; x_wconf 83' lang='grc' dir='ltr'>τοὺς</span> <span class='ocrx_word' id='word_1_745' title='bbox 2865 4251 3216 4325; x_wconf 74' lang='grc' dir='ltr'>μαχομένους</span> <span class='ocrx_word' id='word_1_746' title='bbox 3273 4251 3412 4323; x_wconf 85' lang='grc' dir='ltr'>πρὸς</span> <span class='ocrx_word' id='word_1_747' title='bbox 3459 4251 3625 4320; x_wconf 69' lang='grc' dir='ltr'>αὐτὴν</span> <span class='ocrx_word' id='word_1_748' title='bbox 3657 4252 3761 4320; x_wconf 78' lang='grc' dir='ltr'>τὴν</span> 
     </span>
    </p>
   </div>
   <div class='ocr_carea' id='block_1_90' title="bbox 2107 4335 3763 4417">
    <p class='ocr_par' dir='ltr' id='par_1_90' title="bbox 2107 4335 3763 4417">
     <span class='ocr_line' id='line_1_90' title="bbox 2107 4335 3763 4417; baseline 0.002 -25"><span class='ocrx_word' id='word_1_749' title='bbox 2107 4335 2382 4408; x_wconf 65' lang='grc' dir='ltr'>ἀλήθειαν*</span> <span class='ocrx_word' id='word_1_750' title='bbox 2419 4336 2465 4392; x_wconf 79' lang='grc' dir='ltr'>εἷ</span> <span class='ocrx_word' id='word_1_751' title='bbox 2515 4336 2561 4393; x_wconf 85' lang='grc' dir='ltr'>δ’</span> <span class='ocrx_word' id='word_1_752' title='bbox 2610 4337 2692 4393; x_wconf 77' lang='grc' dir='ltr'><strong>ὅτι</strong></span> <span class='ocrx_word' id='word_1_753' title='bbox 2740 4345 3057 4416; x_wconf 75' lang='grc' dir='ltr'>γέγραπται,</span> <span class='ocrx_word' id='word_1_754' title='bbox 3116 4339 3410 4416; x_wconf 85' lang='grc' dir='ltr'>γενόμενος</span> <span class='ocrx_word' id='word_1_755' title='bbox 3472 4339 3763 4417; x_wconf 85' lang='grc' dir='ltr'>κρείττων,</span> 
     </span>
    </p>
   </div>
   <div class='ocr_carea' id='block_1_91' title="bbox 2103 4420 3765 4505">
    <p class='ocr_par' dir='ltr' id='par_1_91' title="bbox 2103 4420 3765 4505">
     <span class='ocr_line' id='line_1_91' title="bbox 2103 4420 3765 4505; baseline 0.001 -24"><span class='ocrx_word' id='word_1_756' title='bbox 2103 4426 2188 4498; x_wconf 84' lang='grc' dir='ltr'>τὸ,</span> <span class='ocrx_word' id='word_1_757' title='bbox 2215 4420 2526 4501; x_wconf 67' lang='grc' dir='ltr'>γενόμενος,</span> <span class='ocrx_word' id='word_1_758' title='bbox 2559 4425 2620 4482; x_wconf 81' lang='grc' dir='ltr'>οὗ</span> <span class='ocrx_word' id='word_1_759' title='bbox 2672 4425 2944 4499; x_wconf 74' lang='grc' dir='ltr'>θέλουσιν,</span> <span class='ocrx_word' id='word_1_760' title='bbox 2978 4427 3052 4490; x_wconf 86' lang='grc' dir='ltr'>ὡς</span> <span class='ocrx_word' id='word_1_761' title='bbox 3095 4429 3219 4503; x_wconf 84' lang='grc' dir='ltr'>περὶ</span> <span class='ocrx_word' id='word_1_762' title='bbox 3269 4428 3400 4483; x_wconf 69' lang='lat' dir='ltr'><strong>r105</strong></span> <span class='ocrx_word' id='word_1_763' title='bbox 3448 4430 3563 4501; x_wconf 86' lang='lat'><strong>(78)</strong></span> <span class='ocrx_word' id='word_1_764' title='bbox 3606 4428 3765 4505; x_wconf 88' lang='grc' dir='ltr'>λεγό-</span> 
     </span>
    </p>
   </div>
   <div class='ocr_carea' id='block_1_92' title="bbox 2111 4511 3758 4592">
    <p class='ocr_par' dir='ltr' id='par_1_92' title="bbox 2111 4511 3758 4592">
     <span class='ocr_line' id='line_1_92' title="bbox 2111 4511 3758 4592; baseline 0.002 -22"><span class='ocrx_word' id='word_1_765' title='bbox 2111 4535 2289 4590; x_wconf 87' lang='grc' dir='ltr'>μενον,</span> <span class='ocrx_word' id='word_1_766' title='bbox 2322 4511 2435 4571; x_wconf 60' lang='grc' dir='ltr'>ἴσον</span> <span class='ocrx_word' id='word_1_767' title='bbox 2468 4516 2713 4586; x_wconf 79' lang='grc' dir='ltr'>ἀκοῦσαι,</span> <span class='ocrx_word' id='word_1_768' title='bbox 2756 4517 3099 4592; x_wconf 85' lang='grc' dir='ltr'>γεγενῆσθαι,</span> <span class='ocrx_word' id='word_1_769' title='bbox 3131 4516 3221 4572; x_wconf 81' lang='grc' dir='ltr'><strong>καὶ</strong></span> <span class='ocrx_word' id='word_1_770' title='bbox 3271 4514 3432 4585; x_wconf 83' lang='grc' dir='ltr'>ἔστιν,</span> <span class='ocrx_word' id='word_1_771' title='bbox 3465 4518 3500 4587; x_wconf 72' lang='grc' dir='ltr'><strong>ἢ</strong></span> <span class='ocrx_word' id='word_1_772' title='bbox 3554 4514 3644 4573; x_wconf 79' lang='grc' dir='ltr'><strong>διὰ</strong></span> <span class='ocrx_word' id='word_1_773' title='bbox 3694 4518 3758 4573; x_wconf 87' lang='grc' dir='ltr'><strong>τὸ</strong></span> 
     </span>
    </p>
   </div>
   <div class='ocr_carea' id='block_1_93' title="bbox 411 4695 1995 4775">
    <p class='ocr_par' dir='ltr' id='par_1_93' title="bbox 411 4700 1943 4775">
     <span class='ocr_line' id='line_1_93' title="bbox 411 4700 1943 4775; baseline -0.005 -10"><span class='ocrx_word' id='word_1_774' title='bbox 411 4709 458 4747; x_wconf 79' lang='grc'>¹²</span> <span class='ocrx_word' id='word_1_775' title='bbox 483 4711 650 4765; x_wconf 86' lang='lat' dir='ltr'><strong>Joan.</strong></span> <span class='ocrx_word' id='word_1_776' title='bbox 683 4724 722 4774; x_wconf 77' lang='grc' dir='ltr'><strong>ι,</strong></span> <span class='ocrx_word' id='word_1_777' title='bbox 758 4706 844 4762; x_wconf 90' lang='grc'><strong>17.</strong></span> <span class='ocrx_word' id='word_1_778' title='bbox 925 4705 968 4742; x_wconf 70' lang='grc'>1³</span> <span class='ocrx_word' id='word_1_779' title='bbox 996 4705 1165 4762; x_wconf 89' lang='lat' dir='ltr'><strong>Joan.</strong></span> <span class='ocrx_word' id='word_1_780' title='bbox 1196 4720 1310 4775; x_wconf 74' lang='lat' dir='ltr'><strong>xvr,</strong></span> <span class='ocrx_word' id='word_1_781' title='bbox 1345 4705 1431 4759; x_wconf 83' lang='grc'>15.</span> <span class='ocrx_word' id='word_1_782' title='bbox 1510 4703 1554 4738; x_wconf 72' lang='grc'><strong>³⁸</strong></span> <span class='ocrx_word' id='word_1_783' title='bbox 1582 4700 1731 4758; x_wconf 81' lang='lat' dir='ltr'><strong>Psal.</strong></span> <span class='ocrx_word' id='word_1_784' title='bbox 1763 4718 1857 4771; x_wconf 87' lang='lat' dir='ltr'><strong>xv,</strong></span> <span class='ocrx_word' id='word_1_785' title='bbox 1889 4702 1943 4757; x_wconf 92' lang='lat'><strong>8.</strong></span> 
     </span>
    </p>
   </div>
   <div class='ocr_carea' id='block_1_94' title="bbox 2114 4695 3536 4775">
    <p class='ocr_par' dir='ltr' id='par_1_94' title="bbox 2114 4695 3536 4768">
     <span class='ocr_line' id='line_1_94' title="bbox 2114 4695 3536 4768; baseline -0.001 -13"><span class='ocrx_word' id='word_1_786' title='bbox 2114 4698 2269 4756; x_wconf 66' lang='lat' dir='ltr'><strong>iebr.</strong></span> <span class='ocrx_word' id='word_1_787' title='bbox 2306 4715 2348 4767; x_wconf 83' lang='lat'><strong>1,</strong></span> <span class='ocrx_word' id='word_1_788' title='bbox 2378 4699 2435 4754; x_wconf 88' lang='grc'>6.</span> <span class='ocrx_word' id='word_1_789' title='bbox 2512 4696 2553 4732; x_wconf 85' lang='grc'><strong>¹⁶</strong></span> <span class='ocrx_word' id='word_1_790' title='bbox 2580 4695 2752 4752; x_wconf 85' lang='lat' dir='ltr'><strong>Joan.</strong></span> <span class='ocrx_word' id='word_1_791' title='bbox 2785 4712 2902 4768; x_wconf 77' lang='lat' dir='ltr'><strong>xiv,</strong></span> <span class='ocrx_word' id='word_1_792' title='bbox 2937 4696 3024 4752; x_wconf 93' lang='grc'>10.</span> <span class='ocrx_word' id='word_1_793' title='bbox 3104 4696 3147 4732; x_wconf 86' lang='grc'>¹⁷</span> <span class='ocrx_word' id='word_1_794' title='bbox 3184 4696 3325 4754; x_wconf 92' lang='lat' dir='ltr'><strong>ibid.</strong></span> <span class='ocrx_word' id='word_1_795' title='bbox 3358 4696 3415 4767; x_wconf 88' lang='lat'><strong>9,</strong></span> <span class='ocrx_word' id='word_1_796' title='bbox 3450 4697 3536 4754; x_wconf 82' lang='grc'>10.</span> 
     </span>
    </p>
   </div>
   <div class='ocr_carea' id='block_1_95' title="bbox 405 4881 1250 4962">
    <p class='ocr_par' dir='ltr' id='par_1_95' title="bbox 405 4881 1250 4962">
     <span class='ocr_line' id='line_1_95' title="bbox 405 4881 1250 4962; baseline -0.007 -18"><span class='ocrx_word' id='word_1_797' title='bbox 405 4889 517 4962; x_wconf 73' lang='grc'>(67)</span> <span class='ocrx_word' id='word_1_798' title='bbox 545 4893 782 4961; x_wconf 82' lang='lat' dir='ltr'><strong>Seguer.</strong></span> <span class='ocrx_word' id='word_1_799' title='bbox 812 4881 1250 4962; x_wconf 23' lang='lat' dir='ltr'><strong>105107311nwv.</strong></span> 
     </span>
    </p>
   </div>
   <div class='ocr_carea' id='block_1_96' title="bbox 405 4951 1988 5031">
    <p class='ocr_par' dir='ltr' id='par_1_96' title="bbox 405 4951 1988 5031">
     <span class='ocr_line' id='line_1_96' title="bbox 405 4951 1988 5031; baseline -0.005 -15"><span class='ocrx_word' id='word_1_800' title='bbox 405 4951 652 5031; x_wconf 67' lang='grc' dir='ltr'>(6858ἱᾷ</span> <span class='ocrx_word' id='word_1_801' title='bbox 681 4965 912 5031; x_wconf 82' lang='lat' dir='ltr'><strong>Seguer.</strong></span> <span class='ocrx_word' id='word_1_802' title='bbox 964 4951 1197 5012; x_wconf 60' lang='lat' dir='ltr'><strong>G&#39;obler.</strong></span> <span class='ocrx_word' id='word_1_803' title='bbox 1249 4957 1307 5008; x_wconf 87' lang='lat' dir='ltr'><strong>ct</strong></span> <span class='ocrx_word' id='word_1_804' title='bbox 1353 4951 1502 5009; x_wconf 88' lang='lat' dir='ltr'><strong>Felc.</strong></span> <span class='ocrx_word' id='word_1_805' title='bbox 1555 4953 1606 5008; x_wconf 94' lang='lat'><strong>1.</strong></span> <span class='ocrx_word' id='word_1_806' title='bbox 1659 4953 1732 5007; x_wconf 86' lang='lat' dir='ltr'><strong>At</strong></span> <span class='ocrx_word' id='word_1_807' title='bbox 1780 4951 1877 5008; x_wconf 87' lang='lat' dir='ltr'><strong>alii</strong></span> <span class='ocrx_word' id='word_1_808' title='bbox 1930 4958 1988 5008; x_wconf 89' lang='lat' dir='ltr'><strong>et</strong></span> 
     </span>
    </p>
   </div>
   <div class='ocr_carea' id='block_1_97' title="bbox 288 5027 1026 5105">
    <p class='ocr_par' dir='ltr' id='par_1_97' title="bbox 288 5027 1026 5105">
     <span class='ocr_line' id='line_1_97' title="bbox 288 5027 1026 5105; baseline -0.004 -18"><span class='ocrx_word' id='word_1_809' title='bbox 288 5040 295 5049; x_wconf 86' lang='lat'><strong><em>&#39;</em></strong></span> <span class='ocrx_word' id='word_1_810' title='bbox 333 5027 595 5105; x_wconf 21' lang='lat' dir='ltr'><strong>editi,i16_</strong></span> <span class='ocrx_word' id='word_1_811' title='bbox 632 5027 711 5097; x_wconf 69' lang='grc' dir='ltr'>δὲ,</span> <span class='ocrx_word' id='word_1_812' title='bbox 740 5027 1026 5105; x_wconf 60' lang='grc' dir='ltr'>κρείττων.</span> 
     </span>
    </p>
   </div>
   <div class='ocr_carea' id='block_1_98' title="bbox 403 5094 1981 5174">
    <p class='ocr_par' dir='ltr' id='par_1_98' title="bbox 403 5094 1981 5174">
     <span class='ocr_line' id='line_1_98' title="bbox 403 5094 1981 5174; baseline -0.004 -16"><span class='ocrx_word' id='word_1_813' title='bbox 403 5094 522 5173; x_wconf 78' lang='lat'>(69)</span> <span class='ocrx_word' id='word_1_814' title='bbox 543 5103 635 5158; x_wconf 87' lang='lat' dir='ltr'><strong>Sic</strong></span> <span class='ocrx_word' id='word_1_815' title='bbox 689 5094 922 5174; x_wconf 74' lang='lat' dir='ltr'><strong>Seguer.</strong></span> <span class='ocrx_word' id='word_1_816' title='bbox 978 5102 1113 5171; x_wconf 83' lang='lat' dir='ltr'><strong>Reg.</strong></span> <span class='ocrx_word' id='word_1_817' title='bbox 1148 5096 1321 5174; x_wconf 78' lang='lat' dir='ltr'><strong>Basil.</strong></span> <span class='ocrx_word' id='word_1_818' title='bbox 1372 5095 1594 5174; x_wconf 59' lang='lat' dir='ltr'><strong>anglic.</strong></span> <span class='ocrx_word' id='word_1_819' title='bbox 1638 5099 1701 5174; x_wconf 81' lang='lat' dir='ltr'><strong>et</strong></span> <span class='ocrx_word' id='word_1_820' title='bbox 1748 5094 1893 5174; x_wconf 77' lang='lat' dir='ltr'><strong>Felc.</strong></span> 
     </span>
    </p>
   </div>
   <div class='ocr_carea' id='block_1_99' title="bbox 330 5165 1980 5238">
    <p class='ocr_par' dir='ltr' id='par_1_99' title="bbox 330 5165 1980 5238">
     <span class='ocr_line' id='line_1_99' title="bbox 330 5165 1980 5238; baseline -0.006 -7"><span class='ocrx_word' id='word_1_821' title='bbox 330 5165 420 5231; x_wconf 40' lang='lat' dir='ltr'><strong>In‘</strong></span> <span class='ocrx_word' id='word_1_822' title='bbox 443 5165 577 5231; x_wconf 79' lang='lat' dir='ltr'><strong>aliis</strong></span> <span class='ocrx_word' id='word_1_823' title='bbox 620 5165 861 5230; x_wconf 40' lang='lat' dir='ltr'><strong>verovet</strong></span> <span class='ocrx_word' id='word_1_824' title='bbox 909 5165 1089 5229; x_wconf 72' lang='lat' dir='ltr'><strong>editis</strong></span> <span class='ocrx_word' id='word_1_825' title='bbox 1134 5172 1350 5225; x_wconf 84' lang='lat' dir='ltr'><strong>desunt</strong></span> <span class='ocrx_word' id='word_1_826' title='bbox 1381 5165 1503 5238; x_wconf 69' lang='lat' dir='ltr'><strong>haec</strong></span> <span class='ocrx_word' id='word_1_827' title='bbox 1527 5169 1730 5238; x_wconf 74' lang='lat' dir='ltr'><strong>verba,</strong></span> <span class='ocrx_word' id='word_1_828' title='bbox 1760 5165 1850 5221; x_wconf 80' lang='grc' dir='ltr'>καὶ</span> <span class='ocrx_word' id='word_1_829' title='bbox 1880 5168 1980 5236; x_wconf 77' lang='grc' dir='ltr'>τὴν</span> 
     </span>
    </p>
   </div>
   <div class='ocr_carea' id='block_1_100' title="bbox 330 5236 1629 5317">
    <p class='ocr_par' dir='ltr' id='par_1_100' title="bbox 330 5236 1629 5317">
     <span class='ocr_line' id='line_1_100' title="bbox 330 5236 1629 5317; baseline -0.008 -17"><span class='ocrx_word' id='word_1_830' title='bbox 330 5243 559 5317; x_wconf 77' lang='grc' dir='ltr'>θεότητα</span> <span class='ocrx_word' id='word_1_831' title='bbox 587 5248 684 5298; x_wconf 69' lang='grc' dir='ltr'><strong>τοῦ</strong></span> <span class='ocrx_word' id='word_1_832' title='bbox 714 5244 922 5317; x_wconf 86' lang='grc' dir='ltr'>Πατρὸς</span> <span class='ocrx_word' id='word_1_833' title='bbox 952 5243 1153 5312; x_wconf 77' lang='grc' dir='ltr'>ταύτην</span> <span class='ocrx_word' id='word_1_834' title='bbox 1186 5240 1319 5317; x_wconf 73' lang='grc' dir='ltr'>εἶναι</span> <span class='ocrx_word' id='word_1_835' title='bbox 1348 5236 1446 5317; x_wconf 29' lang='lat'><strong>1‘05</strong></span> <span class='ocrx_word' id='word_1_836' title='bbox 1480 5237 1629 5317; x_wconf 49' lang='lat' dir='ltr'><strong>ficii:</strong></span> 
     </span>
    </p>
   </div>
   <div class='ocr_carea' id='block_1_101' title="bbox 397 5307 1982 5392">
    <p class='ocr_par' dir='ltr' id='par_1_101' title="bbox 397 5307 1982 5392">
     <span class='ocr_line' id='line_1_101' title="bbox 397 5307 1982 5392; baseline -0.004 -20"><span class='ocrx_word' id='word_1_837' title='bbox 397 5307 511 5392; x_wconf 70' lang='lat'><strong>(7(5)</strong></span> <span class='ocrx_word' id='word_1_838' title='bbox 541 5307 1041 5392; x_wconf 35' lang='lat' dir='ltr'><strong>SeguerLGobler.</strong></span> <span class='ocrx_word' id='word_1_839' title='bbox 1087 5307 1143 5370; x_wconf 70' lang='lat' dir='ltr'><strong>et</strong></span> <span class='ocrx_word' id='word_1_840' title='bbox 1181 5313 1330 5369; x_wconf 87' lang='lat' dir='ltr'><strong>Felc.</strong></span> <span class='ocrx_word' id='word_1_841' title='bbox 1368 5313 1419 5380; x_wconf 89' lang='lat'><strong>1,</strong></span> <span class='ocrx_word' id='word_1_842' title='bbox 1450 5308 1538 5363; x_wconf 70' lang='grc' dir='ltr'><strong>καὶ</strong></span> <span class='ocrx_word' id='word_1_843' title='bbox 1576 5307 1818 5385; x_wconf 66' lang='grc' dir='ltr'>βλέπων.</span> <span class='ocrx_word' id='word_1_844' title='bbox 1852 5310 1982 5366; x_wconf 81' lang='lat' dir='ltr'><strong>Mox</strong></span> 
     </span>
    </p>
   </div>
   <div class='ocr_carea' id='block_1_102' title="bbox 326 5387 1026 5460">
    <p class='ocr_par' dir='ltr' id='par_1_102' title="bbox 326 5387 1026 5460">
     <span class='ocr_line' id='line_1_102' title="bbox 326 5387 1026 5460; baseline -0.004 -16"><span class='ocrx_word' id='word_1_845' title='bbox 326 5387 584 5460; x_wconf 68' lang='lat' dir='ltr'><strong>Seguer.,</strong></span> <span class='ocrx_word' id='word_1_846' title='bbox 615 5387 703 5441; x_wconf 81' lang='grc' dir='ltr'><strong>καὶ</strong></span> <span class='ocrx_word' id='word_1_847' title='bbox 738 5387 895 5449; x_wconf 80' lang='grc' dir='ltr'>οὗτος</span> <span class='ocrx_word' id='word_1_848' title='bbox 930 5387 1026 5447; x_wconf 79' lang='grc' dir='ltr'>εἷς.</span> 
     </span>
    </p>
   </div>
   <div class='ocr_carea' id='block_1_103' title="bbox 400 5450 1603 5529">
    <p class='ocr_par' dir='ltr' id='par_1_103' title="bbox 400 5450 1603 5529">
     <span class='ocr_line' id='line_1_103' title="bbox 400 5450 1603 5529; baseline -0.01 -9"><span class='ocrx_word' id='word_1_849' title='bbox 400 5450 506 5529; x_wconf 69' lang='lat' dir='ltr'><strong>r71)</strong></span> <span class='ocrx_word' id='word_1_850' title='bbox 539 5450 627 5515; x_wconf 79' lang='lat' dir='ltr'><strong>Sic</strong></span> <span class='ocrx_word' id='word_1_851' title='bbox 653 5466 886 5529; x_wconf 73' lang='lat' dir='ltr'><strong>Seguer.</strong></span> <span class='ocrx_word' id='word_1_852' title='bbox 916 5465 979 5513; x_wconf 67' lang='lat' dir='ltr'><strong>At</strong></span> <span class='ocrx_word' id='word_1_853' title='bbox 1008 5457 1104 5512; x_wconf 75' lang='lat' dir='ltr'><strong>alii</strong></span> <span class='ocrx_word' id='word_1_854' title='bbox 1136 5462 1195 5512; x_wconf 91' lang='lat' dir='ltr'><strong>et</strong></span> <span class='ocrx_word' id='word_1_855' title='bbox 1225 5456 1389 5521; x_wconf 79' lang='lat' dir='ltr'><strong>editi,</strong></span> <span class='ocrx_word' id='word_1_856' title='bbox 1420 5450 1603 5529; x_wconf 62' lang='grc' dir='ltr'>αιτιν.</span> 
     </span>
    </p>
   </div>
   <div class='ocr_carea' id='block_1_104' title="bbox 392 5464 1978 5605">
    <p class='ocr_par' dir='ltr' id='par_1_104' title="bbox 392 5464 1978 5605">
     <span class='ocr_line' id='line_1_104' title="bbox 400 5464 1603 5529; baseline -0.01 -9"><span class='ocrx_word' id='word_1_857' title='bbox 400 5464 479 5520; x_wconf 73' lang='grc'><strong>(71</strong></span> <span class='ocrx_word' id='word_1_858' title='bbox 539 5464 627 5515; x_wconf 80' lang='lat' dir='ltr'><strong>Sic</strong></span> <span class='ocrx_word' id='word_1_859' title='bbox 653 5466 886 5529; x_wconf 73' lang='lat' dir='ltr'><strong>Seguer.</strong></span> <span class='ocrx_word' id='word_1_860' title='bbox 916 5465 979 5513; x_wconf 67' lang='lat' dir='ltr'><strong>At</strong></span> <span class='ocrx_word' id='word_1_861' title='bbox 1008 5464 1104 5512; x_wconf 79' lang='lat' dir='ltr'><strong>alii</strong></span> <span class='ocrx_word' id='word_1_862' title='bbox 1136 5464 1195 5512; x_wconf 91' lang='lat' dir='ltr'><strong>et</strong></span> <span class='ocrx_word' id='word_1_863' title='bbox 1225 5464 1389 5521; x_wconf 79' lang='lat' dir='ltr'><strong>editi,</strong></span> <span class='ocrx_word' id='word_1_864' title='bbox 1420 5464 1603 5508; x_wconf 70' lang='grc' dir='ltr'>αὶτόν.</span> 
     </span>
     <span class='ocr_line' id='line_1_105' title="bbox 392 5464 1978 5605; baseline -0.006 -19"><span class='ocrx_word' id='word_1_865' title='bbox 392 5464 896 5605; x_wconf 25' lang='lat' dir='ltr'><strong>(72gsic‘Seguer.</strong></span> <span class='ocrx_word' id='word_1_866' title='bbox 934 5531 1081 5583; x_wconf 84' lang='lat' dir='ltr'><strong>Editi</strong></span> <span class='ocrx_word' id='word_1_867' title='bbox 1118 5544 1296 5605; x_wconf 38' lang='lat' dir='ltr'><strong>‘vero,</strong></span> <span class='ocrx_word' id='word_1_868' title='bbox 1320 5521 1678 5605; x_wconf 60' lang='grc' dir='ltr'>προωρῴμην</span> <span class='ocrx_word' id='word_1_869' title='bbox 1736 5521 1829 5605; x_wconf 71' lang='grc' dir='ltr'><strong>τὸν</strong></span> <span class='ocrx_word' id='word_1_870' title='bbox 1875 5522 1978 5605; x_wconf 60' lang='grc' dir='ltr'><strong>ΙίύΤ</strong></span> 
     </span>
    </p>
   </div>
   <div class='ocr_carea' id='block_1_105' title="bbox 360 5587 1981 5672">
    <p class='ocr_par' dir='ltr' id='par_1_105' title="bbox 360 5587 1981 5672">
     <span class='ocr_line' id='line_1_106' title="bbox 360 5587 1981 5672; baseline -0.002 -16"><span class='ocrx_word' id='word_1_871' title='bbox 360 5587 575 5670; x_wconf 14' lang='grc' dir='ltr'>ιόν,ψδτήι</span> <span class='ocrx_word' id='word_1_872' title='bbox 628 5601 686 5656; x_wconf 77' lang='grc' dir='ltr'>ἐκ</span> <span class='ocrx_word' id='word_1_873' title='bbox 734 5587 920 5671; x_wconf 72' lang='grc' dir='ltr'>δεξιῶν</span> <span class='ocrx_word' id='word_1_874' title='bbox 972 5597 1224 5672; x_wconf 45' lang='grc' dir='ltr'>μον)γέπῖ</span> <span class='ocrx_word' id='word_1_875' title='bbox 1257 5587 1584 5672; x_wconf 17' lang='grc' dir='ltr'>Ῠδιαπαντόςί</span> <span class='ocrx_word' id='word_1_876' title='bbox 1619 5587 1797 5672; x_wconf 83' lang='lat' dir='ltr'><strong>P_a_ulo</strong></span> <span class='ocrx_word' id='word_1_877' title='bbox 1817 5599 1981 5672; x_wconf 66' lang='lat' dir='ltr'><strong>_pt_)§t</strong></span> 
     </span>
    </p>
   </div>
   <div class='ocr_carea' id='block_1_106' title="bbox 358 5668 1973 5750">
    <p class='ocr_par' dir='ltr' id='par_1_106' title="bbox 358 5668 1973 5750">
     <span class='ocr_line' id='line_1_107' title="bbox 358 5668 1973 5750; baseline -0.004 -20"><span class='ocrx_word' id='word_1_878' title='bbox 358 5668 577 5750; x_wconf 60' lang='lat' dir='ltr'><strong>agnem,</strong></span> <span class='ocrx_word' id='word_1_879' title='bbox 614 5675 687 5736; x_wconf 83' lang='grc' dir='ltr'><strong>ὡς</strong></span> <span class='ocrx_word' id='word_1_880' title='bbox 719 5668 921 5750; x_wconf 19' lang='grc' dir='ltr'>ὁλὶᾗός.</span> <span class='ocrx_word' id='word_1_881' title='bbox 958 5668 1340 5750; x_wconf 59' lang='lat' dir='ltr'><strong>Editietalii.</strong></span> <span class='ocrx_word' id='word_1_882' title='bbox 1373 5668 1612 5750; x_wconf 27' lang='grc' dir='ltr'><strong>ιτξςιΥἱόςζ</strong></span> <span class='ocrx_word' id='word_1_883' title='bbox 1646 5669 1774 5750; x_wconf 54' lang='grc' dir='ltr'>1)(οΧ</span> <span class='ocrx_word' id='word_1_884' title='bbox 1795 5668 1973 5750; x_wconf 64' lang='grc' dir='ltr'>βοΜ.</span> 
     </span>
    </p>
   </div>
   <div class='ocr_carea' id='block_1_107' title="bbox 1601 5738 1614 5756">
    <p class='ocr_par' dir='ltr' id='par_1_107' title="bbox 1601 5738 1614 5756">
     <span class='ocr_line' id='line_1_108' title="bbox 1601 5738 1614 5756; baseline 0 0"><span class='ocrx_word' id='word_1_885' title='bbox 1601 5738 1614 5756; x_wconf 60' lang='grc' dir='ltr'><strong>κ</strong></span> 
     </span>
    </p>
   </div>
   <div class='ocr_carea' id='block_1_108' title="bbox 318 5739 1866 5815">
    <p class='ocr_par' dir='ltr' id='par_1_108' title="bbox 318 5739 1866 5815">
     <span class='ocr_line' id='line_1_109' title="bbox 318 5739 1866 5815; baseline -0.007 -11"><span class='ocrx_word' id='word_1_886' title='bbox 318 5751 375 5804; x_wconf 84' lang='lat' dir='ltr'><strong>et</strong></span> <span class='ocrx_word' id='word_1_887' title='bbox 394 5739 576 5805; x_wconf 46' lang='grc' dir='ltr'>’1101οί</span> <span class='ocrx_word' id='word_1_888' title='bbox 598 5750 646 5815; x_wconf 84' lang='grc'><strong>1,</strong></span> <span class='ocrx_word' id='word_1_889' title='bbox 681 5748 769 5801; x_wconf 78' lang='grc' dir='ltr'><strong>καὶ</strong></span> <span class='ocrx_word' id='word_1_890' title='bbox 801 5748 828 5799; x_wconf 91' lang='lat'><strong>6</strong></span> <span class='ocrx_word' id='word_1_891' title='bbox 856 5745 1060 5815; x_wconf 57' lang='grc' dir='ltr'>Πατήρ.</span> <span class='ocrx_word' id='word_1_892' title='bbox 1100 5742 1209 5795; x_wconf 85' lang='lat' dir='ltr'><strong>Alii</strong></span> <span class='ocrx_word' id='word_1_893' title='bbox 1244 5749 1299 5795; x_wconf 76' lang='lat' dir='ltr'><strong>et</strong></span> <span class='ocrx_word' id='word_1_894' title='bbox 1329 5742 1494 5815; x_wconf 62' lang='lat' dir='ltr'><strong>editi,</strong></span> <span class='ocrx_word' id='word_1_895' title='bbox 1525 5739 1615 5815; x_wconf 75' lang='grc' dir='ltr'><strong>καὶ</strong></span> <span class='ocrx_word' id='word_1_896' title='bbox 1650 5739 1866 5815; x_wconf 58' lang='grc' dir='ltr'>Πατήρ.</span> 
     </span>
    </p>
   </div>
   <div class='ocr_carea' id='block_1_109' title="bbox 391 5811 1979 5899">
    <p class='ocr_par' dir='ltr' id='par_1_109' title="bbox 391 5811 1979 5899">
     <span class='ocr_line' id='line_1_110' title="bbox 391 5811 1979 5899; baseline -0.005 -25"><span class='ocrx_word' id='word_1_897' title='bbox 391 5821 507 5896; x_wconf 86' lang='grc'>(73)</span> <span class='ocrx_word' id='word_1_898' title='bbox 537 5811 676 5893; x_wconf 77' lang='lat' dir='ltr'><strong>Reg.</strong></span> <span class='ocrx_word' id='word_1_899' title='bbox 730 5818 897 5878; x_wconf 82' lang='lat' dir='ltr'><strong>Gobl.</strong></span> <span class='ocrx_word' id='word_1_900' title='bbox 949 5811 1021 5874; x_wconf 76' lang='lat' dir='ltr'><strong>et</strong></span> <span class='ocrx_word' id='word_1_901' title='bbox 1052 5815 1201 5872; x_wconf 90' lang='lat' dir='ltr'><strong>Felc.</strong></span> <span class='ocrx_word' id='word_1_902' title='bbox 1238 5816 1289 5886; x_wconf 87' lang='lat'><strong>1,</strong></span> <span class='ocrx_word' id='word_1_903' title='bbox 1321 5813 1349 5866; x_wconf 88' lang='grc' dir='ltr'>ὁ</span> <span class='ocrx_word' id='word_1_904' title='bbox 1400 5812 1708 5899; x_wconf 25' lang='lat' dir='ltr'><strong>“Tr/192111</strong></span> <span class='ocrx_word' id='word_1_905' title='bbox 1761 5811 1891 5868; x_wconf 89' lang='lat' dir='ltr'><strong>aliis</strong></span> <span class='ocrx_word' id='word_1_906' title='bbox 1920 5816 1979 5867; x_wconf 91' lang='lat' dir='ltr'><strong>et</strong></span> 
     </span>
    </p>
   </div>
   <div class='ocr_carea' id='block_1_110' title="bbox 2015 4876 2542 4951">
    <p class='ocr_par' dir='ltr' id='par_1_110' title="bbox 2015 4876 2542 4951">
     <span class='ocr_line' id='line_1_111' title="bbox 2015 4876 2542 4951; baseline -0.013 -15"><span class='ocrx_word' id='word_1_907' title='bbox 2015 4885 2062 4951; x_wconf 86' lang='grc' dir='ltr'>Ι)</span> <span class='ocrx_word' id='word_1_908' title='bbox 2094 4878 2269 4935; x_wconf 88' lang='lat' dir='ltr'><strong>editis</strong></span> <span class='ocrx_word' id='word_1_909' title='bbox 2300 4876 2328 4930; x_wconf 83' lang='lat'><strong>6</strong></span> <span class='ocrx_word' id='word_1_910' title='bbox 2358 4877 2542 4932; x_wconf 88' lang='lat' dir='ltr'><strong>deest.</strong></span> 
     </span>
    </p>
   </div>
   <div class='ocr_carea' id='block_1_111' title="bbox 2167 4941 3585 5021">
    <p class='ocr_par' dir='ltr' id='par_1_111' title="bbox 2167 4941 3585 5021">
     <span class='ocr_line' id='line_1_112' title="bbox 2167 4941 3585 5021; baseline -0.002 -18"><span class='ocrx_word' id='word_1_911' title='bbox 2167 4950 2277 5021; x_wconf 84' lang='grc'>(74)</span> <span class='ocrx_word' id='word_1_912' title='bbox 2303 4954 2537 5021; x_wconf 78' lang='lat' dir='ltr'><strong>Seguer.</strong></span> <span class='ocrx_word' id='word_1_913' title='bbox 2572 4945 2887 5021; x_wconf 77' lang='lat' dir='ltr'><strong>eobler._et</strong></span> <span class='ocrx_word' id='word_1_914' title='bbox 2915 4945 3125 5021; x_wconf 84' lang='lat' dir='ltr'><strong>Felc._1</strong></span> <span class='ocrx_word' id='word_1_915' title='bbox 3162 4944 3447 5021; x_wconf 77' lang='lat' dir='ltr'><strong>omittunt</strong></span> <span class='ocrx_word' id='word_1_916' title='bbox 3478 4941 3585 5021; x_wconf 55' lang='grc' dir='ltr'>ότι.</span> 
     </span>
    </p>
   </div>
   <div class='ocr_carea' id='block_1_112' title="bbox 2168 5013 3758 5093">
    <p class='ocr_par' dir='ltr' id='par_1_112' title="bbox 2168 5013 3758 5093">
     <span class='ocr_line' id='line_1_113' title="bbox 2168 5013 3758 5093; baseline -0.001 -20"><span class='ocrx_word' id='word_1_917' title='bbox 2168 5013 2551 5093; x_wconf 69' lang='lat' dir='ltr'><strong>(75)beler_._</strong></span> <span class='ocrx_word' id='word_1_918' title='bbox 2601 5025 2659 5077; x_wconf 85' lang='lat' dir='ltr'><strong>et</strong></span> <span class='ocrx_word' id='word_1_919' title='bbox 2693 5017 2876 5093; x_wconf 73' lang='lat' dir='ltr'><strong>_Felc.</strong></span> <span class='ocrx_word' id='word_1_920' title='bbox 2949 5016 3002 5081; x_wconf 82' lang='lat'><strong>1,</strong></span> <span class='ocrx_word' id='word_1_921' title='bbox 3059 5014 3438 5093; x_wconf 77' lang='grc' dir='ltr'>ἀνθρωπίνως,</span> <span class='ocrx_word' id='word_1_922' title='bbox 3497 5013 3758 5093; x_wconf 67' lang='grc' dir='ltr'>ἐστάλην.</span> 
     </span>
    </p>
   </div>
   <div class='ocr_carea' id='block_1_113' title="bbox 2096 5087 3762 5164">
    <p class='ocr_par' dir='ltr' id='par_1_113' title="bbox 2096 5087 3762 5164">
     <span class='ocr_line' id='line_1_114' title="bbox 2096 5087 3762 5164; baseline -0.002 -14"><span class='ocrx_word' id='word_1_923' title='bbox 2096 5087 2632 5164; x_wconf 73' lang='grc' dir='ltr'>Βιιείιξ,ἀπεστάλη.</span> <span class='ocrx_word' id='word_1_924' title='bbox 2668 5087 3173 5164; x_wconf 61' lang='grc' dir='ltr'>Ιθὶἀοιῐιβεειυειζξ</span> <span class='ocrx_word' id='word_1_925' title='bbox 3224 5089 3456 5145; x_wconf 90' lang='lat' dir='ltr'><strong>Gobler.</strong></span> <span class='ocrx_word' id='word_1_926' title='bbox 3502 5094 3560 5146; x_wconf 89' lang='lat' dir='ltr'><strong>et</strong></span> <span class='ocrx_word' id='word_1_927' title='bbox 3604 5087 3762 5146; x_wconf 89' lang='lat' dir='ltr'><strong>Felc.</strong></span> 
     </span>
    </p>
   </div>
   <div class='ocr_carea' id='block_1_114' title="bbox 2095 5156 3370 5238">
    <p class='ocr_par' dir='ltr' id='par_1_114' title="bbox 2095 5156 3370 5238">
     <span class='ocr_line' id='line_1_115' title="bbox 2095 5156 3370 5238; baseline -0.006 -17"><span class='ocrx_word' id='word_1_928' title='bbox 2095 5167 2144 5235; x_wconf 84' lang='lat'><strong>1,</strong></span> <span class='ocrx_word' id='word_1_929' title='bbox 2178 5164 2267 5218; x_wconf 87' lang='grc' dir='ltr'><strong>καὶ</strong></span> <span class='ocrx_word' id='word_1_930' title='bbox 2288 5156 2538 5238; x_wconf 69' lang='grc' dir='ltr'><strong>⁷ἔρχεται.</strong></span> <span class='ocrx_word' id='word_1_931' title='bbox 2572 5156 2727 5221; x_wconf 76' lang='lat' dir='ltr'><strong>Editi</strong></span> <span class='ocrx_word' id='word_1_932' title='bbox 2759 5168 2815 5217; x_wconf 89' lang='lat' dir='ltr'><strong>et</strong></span> <span class='ocrx_word' id='word_1_933' title='bbox 2846 5161 2966 5225; x_wconf 81' lang='lat' dir='ltr'><strong>alii,</strong></span> <span class='ocrx_word' id='word_1_934' title='bbox 2995 5156 3370 5238; x_wconf 34' lang='grc' dir='ltr'><strong>και-εὔχηταιἶ</strong></span> 
     </span>
    </p>
   </div>
   <div class='ocr_carea' id='block_1_115' title="bbox 2164 5229 3767 5308">
    <p class='ocr_par' dir='ltr' id='par_1_115' title="bbox 2164 5229 3767 5308">
     <span class='ocr_line' id='line_1_116' title="bbox 2164 5229 3767 5308; baseline -0.002 -19"><span class='ocrx_word' id='word_1_935' title='bbox 2164 5239 2276 5308; x_wconf 86' lang='grc'>(76)</span> <span class='ocrx_word' id='word_1_936' title='bbox 2310 5229 2594 5308; x_wconf 79' lang='lat' dir='ltr'><strong>abest</strong></span> <span class='ocrx_word' id='word_1_937' title='bbox 2642 5254 2674 5292; x_wconf 85' lang='lat' dir='ltr'><strong>a</strong></span> <span class='ocrx_word' id='word_1_938' title='bbox 2713 5240 2949 5308; x_wconf 54' lang='grc' dir='ltr'>ξοραες.</span> <span class='ocrx_word' id='word_1_939' title='bbox 2980 5229 3220 5308; x_wconf 53' lang='lat' dir='ltr'><strong>Goblpr</strong></span> <span class='ocrx_word' id='word_1_940' title='bbox 3247 5239 3320 5308; x_wconf 28' lang='lat' dir='ltr'><strong>etA</strong></span> <span class='ocrx_word' id='word_1_941' title='bbox 3354 5229 3506 5308; x_wconf 56' lang='lat' dir='ltr'><strong>Felc:</strong></span> <span class='ocrx_word' id='word_1_942' title='bbox 3541 5230 3597 5308; x_wconf 89' lang='lat'><strong>1._</strong></span> <span class='ocrx_word' id='word_1_943' title='bbox 3628 5230 3767 5287; x_wconf 82' lang='lat' dir='ltr'><strong>Mox</strong></span> 
     </span>
    </p>
   </div>
   <div class='ocr_carea' id='block_1_116' title="bbox 2092 5298 3620 5373">
    <p class='ocr_par' dir='ltr' id='par_1_116' title="bbox 2092 5298 3620 5373">
     <span class='ocr_line' id='line_1_117' title="bbox 2092 5298 3620 5373; baseline -0.004 -12"><span class='ocrx_word' id='word_1_944' title='bbox 2092 5298 2294 5373; x_wconf 71' lang='lat' dir='ltr'><strong>iidem,</strong></span> <span class='ocrx_word' id='word_1_945' title='bbox 2328 5306 2380 5360; x_wconf 73' lang='grc' dir='ltr'>ἐν</span> <span class='ocrx_word' id='word_1_946' title='bbox 2405 5305 2530 5361; x_wconf 70' lang='grc' dir='ltr'>ἐαοί</span> <span class='ocrx_word' id='word_1_947' title='bbox 2562 5305 2696 5362; x_wconf 77' lang='grc' dir='ltr'>ἐστι.</span> <span class='ocrx_word' id='word_1_948' title='bbox 2734 5298 2796 5359; x_wconf 87' lang='lat' dir='ltr'><strong>ln</strong></span> <span class='ocrx_word' id='word_1_949' title='bbox 2828 5303 2961 5360; x_wconf 87' lang='lat' dir='ltr'><strong>aliis</strong></span> <span class='ocrx_word' id='word_1_950' title='bbox 2993 5310 3051 5360; x_wconf 89' lang='lat' dir='ltr'><strong>et</strong></span> <span class='ocrx_word' id='word_1_951' title='bbox 3080 5304 3258 5359; x_wconf 88' lang='lat' dir='ltr'><strong>editis</strong></span> <span class='ocrx_word' id='word_1_952' title='bbox 3290 5304 3454 5359; x_wconf 91' lang='lat' dir='ltr'><strong>deest</strong></span> <span class='ocrx_word' id='word_1_953' title='bbox 3486 5298 3620 5373; x_wconf 77' lang='grc' dir='ltr'>ἐστί.</span> 
     </span>
    </p>
   </div>
   <div class='ocr_carea' id='block_1_117' title="bbox 2162 5372 3760 5451">
    <p class='ocr_par' dir='ltr' id='par_1_117' title="bbox 2162 5372 3760 5451">
     <span class='ocr_line' id='line_1_118' title="bbox 2162 5372 3760 5451; baseline -0.004 -18"><span class='ocrx_word' id='word_1_954' title='bbox 2162 5382 2277 5451; x_wconf 90' lang='grc'>(77)</span> <span class='ocrx_word' id='word_1_955' title='bbox 2305 5382 2396 5434; x_wconf 69' lang='lat' dir='ltr'><strong>sic</strong></span> <span class='ocrx_word' id='word_1_956' title='bbox 2443 5388 2680 5451; x_wconf 59' lang='lat' dir='ltr'><strong>Seguer.</strong></span> <span class='ocrx_word' id='word_1_957' title='bbox 2712 5375 2946 5451; x_wconf 60' lang='lat' dir='ltr'><strong>Gobler.</strong></span> <span class='ocrx_word' id='word_1_958' title='bbox 2976 5381 3033 5430; x_wconf 91' lang='lat' dir='ltr'><strong>et</strong></span> <span class='ocrx_word' id='word_1_959' title='bbox 3078 5374 3244 5451; x_wconf 76' lang='lat' dir='ltr'><strong>Fech</strong></span> <span class='ocrx_word' id='word_1_960' title='bbox 3286 5379 3334 5429; x_wconf 87' lang='grc'><strong>1.</strong></span> <span class='ocrx_word' id='word_1_961' title='bbox 3381 5372 3760 5451; x_wconf 43' lang='lat' dir='ltr'><strong>Galerian-</strong></span> 
     </span>
    </p>
   </div>
   <div class='ocr_carea' id='block_1_118' title="bbox 2089 5442 3757 5537">
    <p class='ocr_par' dir='ltr' id='par_1_118' title="bbox 2089 5442 3757 5537">
     <span class='ocr_line' id='line_1_119' title="bbox 2089 5442 3757 5537; baseline -0.005 -30"><span class='ocrx_word' id='word_1_962' title='bbox 2089 5442 2204 5537; x_wconf 52' lang='lat' dir='ltr'>tem</span> <span class='ocrx_word' id='word_1_963' title='bbox 2240 5442 2297 5506; x_wconf 75' lang='lat' dir='ltr'><strong>et</strong></span> <span class='ocrx_word' id='word_1_964' title='bbox 2325 5451 2490 5537; x_wconf 68' lang='lat' dir='ltr'><strong>editi,</strong></span> <span class='ocrx_word' id='word_1_965' title='bbox 2516 5442 2558 5537; x_wconf 20' lang='grc' dir='ltr'>(ὁ</span> <span class='ocrx_word' id='word_1_966' title='bbox 2607 5447 2663 5537; x_wconf 56' lang='grc' dir='ltr'>ἐν</span> <span class='ocrx_word' id='word_1_967' title='bbox 2711 5445 3063 5537; x_wconf 39' lang='grc' dir='ltr'>ἐμοὶῖμενων</span> <span class='ocrx_word' id='word_1_968' title='bbox 3105 5445 3174 5499; x_wconf 81' lang='grc' dir='ltr'>τὰ</span> <span class='ocrx_word' id='word_1_969' title='bbox 3217 5442 3347 5537; x_wconf 82' lang='grc' dir='ltr'>ἔργα</span> <span class='ocrx_word' id='word_1_970' title='bbox 3391 5443 3757 5537; x_wconf 44' lang='grc' dir='ltr'>ποιεῖῖλὺίάὶ</span> 
     </span>
    </p>
   </div>
   <div class='ocr_carea' id='block_1_119' title="bbox 2088 5513 3760 5596">
    <p class='ocr_par' dir='ltr' id='par_1_119' title="bbox 2088 5513 3760 5596">
     <span class='ocr_line' id='line_1_120' title="bbox 2088 5513 3760 5596; baseline -0.002 -20"><span class='ocrx_word' id='word_1_971' title='bbox 2088 5526 2437 5592; x_wconf 70' lang='lat' dir='ltr'><strong>Seguer.,‘A</strong></span> <span class='ocrx_word' id='word_1_972' title='bbox 2468 5522 2578 5596; x_wconf 62' lang='grc' dir='ltr'><strong>γᾶιρΔ</strong></span> <span class='ocrx_word' id='word_1_973' title='bbox 2604 5519 2656 5574; x_wconf 70' lang='grc' dir='ltr'>ἂν</span> <span class='ocrx_word' id='word_1_974' title='bbox 2707 5513 2777 5591; x_wconf 73' lang='grc' dir='ltr'><strong>τῇ</strong></span> <span class='ocrx_word' id='word_1_975' title='bbox 2827 5513 2992 5572; x_wconf 76' lang='grc' dir='ltr'>εἰκόνι</span> <span class='ocrx_word' id='word_1_976' title='bbox 3038 5536 3121 5578; x_wconf 90' lang='grc' dir='ltr'><strong>τις</strong></span> <span class='ocrx_word' id='word_1_977' title='bbox 3162 5513 3356 5591; x_wconf 57' lang='grc' dir='ltr'>ταύτῇ.</span> <span class='ocrx_word' id='word_1_978' title='bbox 3391 5522 3455 5573; x_wconf 84' lang='lat' dir='ltr'><strong>In</strong></span> <span class='ocrx_word' id='word_1_979' title='bbox 3510 5513 3644 5571; x_wconf 81' lang='lat' dir='ltr'><strong>aliis</strong></span> <span class='ocrx_word' id='word_1_980' title='bbox 3695 5521 3760 5573; x_wconf 87' lang='lat' dir='ltr'><strong>et</strong></span> 
     </span>
    </p>
   </div>
   <div class='ocr_carea' id='block_1_120' title="bbox 2089 5590 2673 5665">
    <p class='ocr_par' dir='ltr' id='par_1_120' title="bbox 2089 5590 2673 5665">
     <span class='ocr_line' id='line_1_121' title="bbox 2089 5590 2673 5665; baseline -0.007 -16"><span class='ocrx_word' id='word_1_981' title='bbox 2089 5596 2263 5649; x_wconf 79' lang='lat' dir='ltr'><strong>editis</strong></span> <span class='ocrx_word' id='word_1_982' title='bbox 2295 5590 2455 5648; x_wconf 80' lang='lat' dir='ltr'><strong>deest</strong></span> <span class='ocrx_word' id='word_1_983' title='bbox 2483 5590 2673 5665; x_wconf 77' lang='grc' dir='ltr'>ταύτῃ.</span> 
     </span>
    </p>
   </div>
   <div class='ocr_carea' id='block_1_121' title="bbox 2159 5656 3747 5737">
    <p class='ocr_par' dir='ltr' id='par_1_121' title="bbox 2159 5656 3747 5737">
     <span class='ocr_line' id='line_1_122' title="bbox 2159 5656 3747 5737; baseline -0.006 -15"><span class='ocrx_word' id='word_1_984' title='bbox 2159 5667 2271 5737; x_wconf 84' lang='lat'><strong>(78)</strong></span> <span class='ocrx_word' id='word_1_985' title='bbox 2303 5676 2563 5731; x_wconf 53' lang='lat' dir='ltr'><strong>neuneu,</strong></span> <span class='ocrx_word' id='word_1_986' title='bbox 2611 5656 2737 5737; x_wconf 71' lang='grc' dir='ltr'>περὶ</span> <span class='ocrx_word' id='word_1_987' title='bbox 2784 5661 2986 5737; x_wconf 77' lang='grc' dir='ltr'>Ἰησοῦ.</span> <span class='ocrx_word' id='word_1_988' title='bbox 3037 5660 3170 5737; x_wconf 82' lang='lat' dir='ltr'><strong>Mox</strong></span> <span class='ocrx_word' id='word_1_989' title='bbox 3228 5663 3464 5737; x_wconf 79' lang='lat' dir='ltr'><strong>Seguer.</strong></span> <span class='ocrx_word' id='word_1_990' title='bbox 3509 5656 3747 5737; x_wconf 57' lang='grc' dir='ltr'><strong>(ξίφιον.</strong></span> 
     </span>
    </p>
   </div>
   <div class='ocr_carea' id='block_1_122' title="bbox 2086 5729 3748 5810">
    <p class='ocr_par' dir='ltr' id='par_1_122' title="bbox 2086 5729 3748 5810">
     <span class='ocr_line' id='line_1_123' title="bbox 2086 5729 3748 5810; baseline -0.002 -20"><span class='ocrx_word' id='word_1_991' title='bbox 2086 5729 2339 5810; x_wconf 60' lang='grc' dir='ltr'>θὶίθεέιο.</span> <span class='ocrx_word' id='word_1_992' title='bbox 2380 5729 2446 5804; x_wconf 47' lang='grc'>’1,</span> <span class='ocrx_word' id='word_1_993' title='bbox 2478 5729 2794 5810; x_wconf 72' lang='grc' dir='ltr'>γεγενῆσθαι</span> <span class='ocrx_word' id='word_1_994' title='bbox 2828 5731 2936 5810; x_wconf 33' lang='grc' dir='ltr'>,τὸν</span> <span class='ocrx_word' id='word_1_995' title='bbox 2984 5730 3286 5810; x_wconf 70' lang='grc' dir='ltr'>κρείττονα,</span> <span class='ocrx_word' id='word_1_996' title='bbox 3309 5729 3488 5810; x_wconf 47' lang='lat' dir='ltr'><strong>Felc.</strong></span> <span class='ocrx_word' id='word_1_997' title='bbox 3519 5731 3555 5784; x_wconf 88' lang='lat'>5</span> <span class='ocrx_word' id='word_1_998' title='bbox 3601 5729 3748 5786; x_wconf 82' lang='lat' dir='ltr'><strong>item</strong></span> 
     </span>
    </p>
   </div>
   <div class='ocr_carea' id='block_1_123' title="bbox 2084 5800 3541 5885">
    <p class='ocr_par' dir='ltr' id='par_1_123' title="bbox 2084 5800 3541 5885">
     <span class='ocr_line' id='line_1_124' title="bbox 2084 5800 3541 5885; baseline -0.003 -22"><span class='ocrx_word' id='word_1_999' title='bbox 2084 5800 2442 5885; x_wconf 64' lang='grc' dir='ltr'>γεγενῆσθαι.</span> <span class='ocrx_word' id='word_1_1000' title='bbox 2462 5800 2582 5865; x_wconf 72' lang='grc' dir='ltr'><strong>Ᾰιῖἰ</strong></span> <span class='ocrx_word' id='word_1_1001' title='bbox 2613 5800 2671 5866; x_wconf 79' lang='lat' dir='ltr'><strong>et</strong></span> <span class='ocrx_word' id='word_1_1002' title='bbox 2700 5804 2863 5878; x_wconf 78' lang='lat' dir='ltr'><strong>editi,</strong></span> <span class='ocrx_word' id='word_1_1003' title='bbox 2894 5800 3137 5880; x_wconf 75' lang='grc' dir='ltr'>γενέσθαι</span> <span class='ocrx_word' id='word_1_1004' title='bbox 3166 5800 3257 5856; x_wconf 83' lang='grc' dir='ltr'>τὸν</span> <span class='ocrx_word' id='word_1_1005' title='bbox 3289 5802 3541 5879; x_wconf 82' lang='grc' dir='ltr'>κρείττω.</span> 
     </span>
    </p>
   </div>
  </div>
