4076 6344
388 409 497 471 151

927 412 989 473 8.
1039 413 1463 475 ATHANASII
1510 414 1685 476 OPP.
1733 412 1935 475 PARS
1978 414 2026 473 Ι.
2058 446 2135 456 -
2167 411 2582 477 HlSTORlCA
2628 413 2731 474 ET
2775 411 3259 475 DOGMATICA.

3690 412 3803 471 152

384 541 666 599 nimirum
697 544 785 598 est
830 558 898 599 ex
944 543 1261 609 voluntate,
1313 544 1543 617 poterit,
1591 562 1810 617 quasso,
1862 543 2039 600 ﬁeri?

2166 542 2249 612 τήν
2283 542 2500 599 ἐκείνων
2535 540 2735 617 ἄνοιαν,
2767 547 2884 605 πῶς
2920 542 2983 598 τὸ
3036 538 3304 618 δεύτερον,
3338 537 3469 617 ὅπερ
3519 539 3629 597 ἐστὶ
3667 539 3802 596 κατᾶ

384 631 561 703 Atqui
590 631 755 703 prius
789 635 879 688 est
921 632 1202 702 Verbum,
1232 634 1521 705 posterior
1552 649 1644 689 res
1684 638 1897 690 creata.
1932 633 2041 689 Ve-

386 736 518 776 rum
552 720 782 776 exsistit
830 721 1110 790 Verbum,
1145 720 1373 778 etiamsi
1426 722 1651 794 majora
1679 726 1882 778 contra
1913 737 2039 777 mo-

386 807 611 866 liantur
638 808 840 882 impii:
874 826 1011 866 nam
1045 827 1149 876 per
1175 810 1372 883 ipsum
1406 810 1565 867 facta:
1596 816 1736 867 sunt
1765 828 1859 867 res
1890 827 2045 867 crea-

390 902 485 955 ιω.
518 898 585 954 Et
614 902 767 954 certe
805 897 1028 955 clarum
1080 903 1168 955 est
1199 904 1401 966 Deum,
1433 904 1497 955 ut
1526 900 1877 970 effectorem,
1907 899 2045 955 Ver-

390 988 531 1043 bum
564 987 738 1044 etiam
760 987 1020 1043 efﬁciens
1038 988 1253 1044 habere
1273 1006 1388 1045 non
1411 993 1735 1057 externum,
1757 989 1858 1045 sed
1887 990 2039 1062 quod

390 1076 480 1131 sui
510 1075 587 1131 sit
616 1075 944 1148 proprium.
970 1076 1130 1132 Idem
1163 1077 1317 1133 enim
1350 1094 1558 1133 rursus
1588 1078 1902 1133 dicendum
1934 1082 2041 1133 est.

386 1160 676 1218 Nimirum
722 1163 772 1219 si
818 1163 1178 1218 voluntatem
1229 1163 1423 1233 habet,
1478 1164 1725 1237 ejusque
1773 1164 2045 1220 voluntas

387 1252 593 1308 efﬁcax
623 1256 735 1317 est,
767 1255 823 1307 et
854 1252 1072 1307 sufﬁcit
1100 1253 1168 1306 ad
1206 1268 1401 1308 rerum
1436 1252 1719 1309 factarum
1760 1254 2043 1309 constitu-

385 1341 653 1397 tionem:
708 1341 756 1396 si
808 1345 1082 1414 prssterea
1130 1341 1385 1397 Verbum
1436 1344 1564 1413 ejus
1610 1345 1700 1399 est
1747 1342 1953 1399 efﬁcax
1989 1345 2047 1399 et

387 1429 618 1500 opifex;
651 1429 897 1486 dubium
941 1431 1150 1502 utique
1182 1446 1297 1486 non
1329 1434 1419 1487 est
1449 1431 1591 1504 quin
1624 1431 1776 1488 idem
1808 1446 2045 1504 quoque

392 1517 471 1574 sit
498 1518 692 1574 Patris
718 1517 918 1575 vivens
951 1517 1262 1574 consilium
1295 1520 1414 1575 sive
1442 1518 1738 1593 voluntas,
1768 1521 2046 1578 substan-

387 1605 546 1662 tialis
574 1607 907 1673 efﬁcientia,
952 1612 1010 1663 et
1034 1623 1238 1663 verum
1289 1607 1569 1677 Verbum,
1603 1608 1663 1664 in
1696 1626 1810 1679 quo
1849 1609 2049 1666 omnia

389 1699 449 1751 et
477 1698 750 1752 constant
778 1700 835 1753 et
862 1701 1017 1759 recte
1048 1697 1555 1753 administrantur.
1582 1698 1763 1756 Nemo
1795 1715 1928 1755 vero
1957 1698 2045 1754 vel

393 1785 689 1857 ambigere
708 1785 893 1857 possit
915 1785 1054 1857 quin
1079 1787 1435 1859 compositor
1457 1791 1513 1843 et
1546 1788 1967 1860 compositione
1991 1791 2048 1844 et

393 1874 570 1929 rebus
626 1874 970 1946 compositis
999 1875 1161 1947 prior
1208 1876 1305 1932 sit.
1337 1876 1635 1932 Posterius
1666 1877 1802 1932 item
1839 1882 1950 1947 est,
1983 1881 2049 1932 ut

384 1962 511 2031 jam
562 1961 701 2033 dixi,
752 1967 931 2019 Deum
988 1980 1206 2034 creare,
1258 1981 1435 2037 quam
1492 1965 1749 2039 gignere.
1781 1966 2047 2038 Namque

392 2050 575 2106 Filius
596 2051 829 2123 proprie
852 2057 910 2107 et
928 2067 1060 2108 vere
1077 2070 1145 2109 ex
1170 2053 1339 2110 beata
1369 2053 1470 2109 illa
1492 2071 1837 2128 semperque
1866 2055 2050 2111 exsis-

389 2141 549 2193 tente
579 2142 790 2193 natura
819 2143 911 2195 est
939 2145 1172 2197 exortus
1197 2158 1211 2197 :
1240 2159 1367 2214 quas
1397 2146 1594 2199 autem
1625 2160 1691 2199 ex
1709 2144 1836 2215 ejus
1853 2143 2053 2200 volun-

388 2230 508 2282 tate
530 2228 1327 2298 producuntur,extrinsecus
1355 2231 1601 2299 ﬁunt,ac
1623 2249 1726 2305 per
1745 2233 2050 2306 proprium

392 2319 451 2370 et
479 2331 549 2371 ex
578 2315 707 2388 ipsa
740 2322 952 2373 natura
982 2323 1247 2375 exortum
1281 2318 1459 2375 fetum
1495 2326 1894 2392 procreantur.

463 2494 519 2548 3.
552 2494 698 2550 Cum
746 2492 927 2566 igitur
969 2496 1400 2554 ostenderimus
1450 2499 1876 2571 perabsurdam
1922 2516 2051 2556 esse

393 2598 597 2638 eorum
646 2584 995 2640 sententiam
1030 2586 1129 2657 qui
1186 2586 1495 2642 Dominum
1528 2587 1627 2643 Dei
1678 2587 1889 2644 Filium
1921 2605 2049 2645 esse

394 2676 630 2744 negant,
665 2673 767 2729 sed
818 2689 969 2745 opus
1022 2689 1150 2730 esse
1197 2677 1747 2747 contendunt;jam
1794 2678 2049 2751 profecto

392 2776 635 2817 necesse
692 2761 869 2816 fuerit
926 2762 1243 2819 Dominum
1302 2764 1513 2820 Filium
1569 2781 1699 2822 esse
1762 2767 2046 2822 conﬁteri.

394 2850 558 2915 Quod
592 2849 642 2906 si
692 2849 875 2906 Filius
905 2856 1014 2919 est,
1049 2851 1137 2907 uti
1187 2867 1386 2908 revera
1427 2858 1535 2924 est,
1589 2871 2051 2927 concessumque

391 2943 483 2994 est
510 2937 722 2995 Filium
752 2956 869 2995 non
917 2941 1283 2997 extrinsecus
1311 2943 1410 2997 sed
1462 2960 1530 2999 ex
1560 2944 1834 3017 gignente
1872 2961 2000 3001 esse
2032 2962 2044 3001 ε

395 3043 468 3083 ne
499 3044 634 3098 ergo
678 3027 935 3099 amplius
985 3030 1056 3085 de
1084 3029 1304 3099 verbis,
1339 3035 1404 3086 ut
1450 3048 1633 3105 supra
1682 3032 2047 3103 monuimus,

393 3116 722 3187 disputent,
755 3116 803 3173 si
837 3118 1023 3173 sancti
1056 3118 1127 3174 de
1156 3119 1344 3174 Verbo
1376 3119 1503 3193 ipso
1536 3120 1869 3193 loquentes,
1900 3122 2045 3187 loco,

2155 630 2444 708 βούλησιν,
2497 632 2693 707 γίνοιτ’
2737 627 2842 703 ἄν,
2895 630 3164 707 Πρότερον
3226 627 3283 686 δέ
3330 628 3470 686 ἐστιν
3521 631 3549 685 6
3597 629 3801 705 Λόγος,

2150 719 2239 775 καὶ
2302 718 2548 797 δεύτερον
2605 723 2640 791 ἡ
2697 720 2888 783 κτίσις.
2939 719 3100 776 Ἀλλ’
3157 714 3300 775 ἔστιν
3362 720 3389 774 6
3449 717 3649 795 Λόγος,
3707 718 3803 773 κᾶν

2151 807 2377 865 πλείονα
2422 809 2703 885 τολμῶσιν
2756 811 2808 865 οἱ
2860 804 3091 871 ἀσεϐεῖς·
3126 806 3195 863 δι’
3228 809 3391 865 αὑτοῦ
3433 808 3537 884 γὰρ
3579 809 3799 883 γέγονεν

2151 899 2186 967 ἡ
2219 897 2414 961 κτίσιςο
2445 900 2536 954 καὶ
2587 896 2755 965 δῆλον
2791 898 2849 953 ἂν
2883 896 2990 969 εἶή,
3023 897 3128 971 ὅτι,
3159 899 3397 969 ποιητὴς
3448 895 3523 952 ὢν
3573 898 3601 951 6
3648 897 3800 965 Θεὸς,

2152 984 2268 1062 ἔχει
2317 987 2404 1042 καὶ
2456 988 2547 1042 τὸν
2597 984 2994 1065 δημιουργικὸν
3036 986 3208 1064 Λόγον
3257 987 3358 1043 οὑκ
3415 982 3627 1057 ἔξωθεν,
3674 985 3802 1042 ἀλλ’

2154 1072 2297 1131 ξ’διον
2326 1076 2539 1132 ἑαυτοῦ·
2573 1076 2738 1132 πάλιν
2766 1076 2868 1153 γὰρ
2898 1076 2961 1131 τὸ
3012 1077 3143 1131 αὑτὸ
3202 1074 3417 1153 ῥητέον.
3452 1074 3515 1132 El
3564 1074 3626 1130 16
3675 1073 3803 1151 βού-

2153 1162 2339 1230 λεσθαι
2372 1161 2508 1241 ἔχει,
2544 1166 2632 1221 καὶ
2679 1166 2743 1221 τὸ
2794 1164 3059 1242 βούλημα
3106 1164 3272 1221 αὑτοῦ
3321 1164 3607 1235 ποιητικόν
3668 1162 3803 1234 ἐστι,

2151 1254 2241 1309 καὶ
2272 1254 2426 1331 ἀρκεῖ
2453 1253 2516 1310 16
2559 1252 2821 1329 βούλημα
2868 1254 3032 1309 αὑτοῦ
3072 1253 3211 1330 πρὸς
3260 1255 3508 1309 σύστασιν
3563 1256 3668 1308 τῶν
3717 1273 3803 1327 γι-

2150 1342 2413 1415 νομένων·
2474 1344 2502 1397 6
2561 1339 2619 1398 δὲ
2674 1342 2853 1419 Λόγος
2908 1342 3050 1398 ἐστὶν
3110 1343 3276 1399 αὑτοῦ
3333 1342 3622 1414 ποιητικδς
3668 1343 3802 1416 (38),

2151 1430 2241 1486 καὶ
2301 1428 2642 1509 δημιουργός
2676 1450 2688 1464 ⁸
2752 1432 2852 1488 οὑκ
2906 1427 3252 1511 ἀμφίϐολον,
3310 1431 3393 1488 ὅτι
3443 1430 3603 1494 αὐτός
3661 1430 3800 1486 ἔστιν

2153 1520 2188 1590 ἡ
2220 1524 2316 1576 τοῦ
2370 1521 2581 1599 Πατρὸς
2636 1525 2779 1592 ζῶσα
2841 1520 3039 1597 βουλὴ,
3089 1522 3179 1578 καὶ
3237 1520 3475 1584 ἓνούσιος
3538 1519 3801 1597 ἐνέργεια,

2152 1609 2242 1664 καὶ
2275 1609 2451 1686 Λόγος
2481 1608 2763 1682 ἀληθινὸς,
2791 1611 2843 1666 ἐν
2876 1610 2922 1684 ᾧ
2951 1612 3040 1666 καὶ
3101 1609 3388 1682 συνέστηκε
3434 1610 3524 1665 καὶ
3576 1607 3800 1665 διοικεῖ-

2154 1718 2240 1753 ται
2288 1700 2356 1754 τὰ
2402 1701 2574 1755 πάντα
2623 1699 2826 1763 καλῶς.
2861 1698 3054 1763 Οὖδεῖς
3103 1697 3161 1756 δὲ
3193 1697 3319 1756 οὐδὲ
3349 1697 3635 1770 διατάξειεν
3667 1699 3801 1773 (39),

2156 1787 2230 1849 ὡς
2287 1787 2315 1842 6
2364 1788 2616 1865 ἁρμόζων
2666 1794 2766 1855 τῆς
2816 1788 3082 1866 ἁρμονίας
3125 1789 3217 1844 καὶ
3264 1794 3371 1844 τῶν
3414 1788 3806 1864 ἁρμοζομένων

2155 1875 2397 1951 πρόεστι.
2448 1878 2546 1933 Καὶ
2596 1876 2842 1953 δεύτερόν
2892 1878 3022 1952 ἐστι,
3066 1879 3205 1943 καθὰ
3259 1883 3541 1954 προεῖπον,
3593 1876 3655 1932 τὸ
3705 1874 3803 1948 δη-

2165 1971 2444 2042 μιουργεῖν
2502 1972 2598 2023 τοῦ
2639 1973 2826 2045 γεννᾷν
2891 1966 2984 2023 τόν
3057 1966 3209 2025 Θεόν.
3256 1968 3334 2025 Τὸ
3387 1968 3481 2040 μὲν
3530 1967 3633 2042 γάρ
3680 1966 3805 2028 Υἱὸς

2160 2050 2299 2110 ἴδιον
2348 2055 2436 2109 καὶ
2482 2054 2703 2127 ἀληθῶς
2735 2058 2849 2131 (40)
2880 2058 2940 2112 lx
2989 2059 3086 2126 τῆς
3138 2056 3403 2132 μακαρίας
3462 2054 3671 2126 ἱκείνης
3717 2054 3807 2109 καὶ

2161 2142 2241 2199 ἀεὶ
2296 2141 2460 2215 οὔσης
2515 2144 2699 2207 ούσίας
2757 2143 2887 2201 ἐστί·
2927 2145 2994 2201 τὰ
3051 2142 3109 2201 δὲ
3156 2144 3215 2200 ἐκ
3266 2144 3584 2221 βουλήσεως
3638 2142 3807 2213 αὐτῆς

2159 2230 2348 2306 ἔξωθεν
2401 2233 2753 2308 συνιστάμενα
2816 2234 3043 2310 γίνεται,
3091 2235 3181 2289 καὶ
3243 2230 3655 2311 δημιουργεῖται
3717 2229 3807 2289 διὰ

2157 2326 2254 2375 τοῦ
2285 2324 2397 2396 (41)
2431 2318 2567 2377 ἰδίου
2596 2323 2685 2377 καὶ
2718 2322 2769 2394 ἐξ
2800 2321 2968 2394 αὐτῆς
2998 2324 3361 2400 γεννήματος.

2228 2499 2262 2554 3
2314 2496 2522 2556 Οὐκοῦν
2577 2503 2675 2554 τοῦ
2735 2497 2910 2577 Λόγου
2968 2496 3270 2562 δεικνύντος
3311 2497 3529 2568 πολλὴν
3578 2496 3804 2554 ἀτοπίαν

2158 2587 2294 2642 κατὰ
2321 2592 2428 2642 τῶν
2461 2586 2732 2662 λεγόντων
2768 2590 2844 2661 μὴ
2878 2589 3008 2644 εἶναι
3042 2588 3162 2643 Υἱὸν
3201 2592 3356 2658 Θεοῦ,
3388 2584 3535 2643 ἆλλᾶ
3564 2588 3800 2661 ποίημα·

2160 2675 2366 2752 ἀνάγκη
2424 2676 2616 2732 λοιγὸν
2673 2679 2822 2749 ἡμᾶς
2881 2675 3268 2753 συνομολογεῖν
3327 2677 3452 2732 Υἱὸν
3518 2678 3654 2732 εἶναι
3709 2676 3800 2731 τὸν

2160 2762 2381 2838 Κύριον.
2416 2764 2480 2819 Ei
2513 2764 2570 2818 ὁὶ
2600 2764 2724 2826 Υἶὸς
2767 2763 2925 2834 ἐστιν,
2957 2763 3136 2839 ὥσπερ
3169 2763 3259 2820 οὖν
3309 2766 3401 2820 καὶ
3450 2761 3615 2835 ἔστιν,
3647 2764 3805 2838 ὡμο-

2160 2853 2390 2927 Ικόγηται
2422 2850 2478 2907 δὲ
2527 2853 2555 2906 6
2607 2853 2730 2915 Υἱὸς
2771 2850 2870 2909 ούκ
2912 2850 3129 2925 ἔξωθεν,
3159 2851 3288 2909 ἀλλ’
3334 2853 3395 2909 ἐκ
3437 2858 3535 2909 τοῦ
3573 2858 3804 2931 γεννῶν-

2156 2963 2249 3004 τος
2301 2941 2434 2997 εἶναι
2483 2944 2618 3016 (42)·
2673 2945 2747 3016 μὴ
2800 2942 3229 3021 διαφερὲσθωσαν
3276 2948 3395 3006 ταῖς
3441 2941 3635 3014 λέξεσι,
3671 2941 3810 3006 καθᾶ

2156 3036 2444 3106 προεῖπον,
2489 3030 2575 3086 ἐὰν
2627 3031 2717 3086 καὶ
2784 3030 2868 3086 ἐπ’
2909 3030 3073 3087 αὐτοῦ
3125 3035 3224 3087 τοῦ
3289 3031 3466 3107 Λόγου
3521 3030 3636 3086 ἀντὶ
3689 3034 3808 3102 τοῦ,

2156 3124 2235 3192 τῷ
2290 3122 2621 3196 γεννήσαντι,
2674 3125 2756 3193 τῷ
2826 3122 3113 3191 ποιήσαντι
3176 3120 3530 3194 ὀνομάζουσιν
3590 3120 3704 3195 (13)
3761 3119 3812 3173 οἱ

393 3206 493 3277 qui
535 3208 746 3277 genuit,
797 3205 1068 3278 dixerint,
1119 3209 1216 3279 qui
1262 3209 1414 3278 fecit.
1471 3209 1641 3266 Modo
1688 3211 1845 3267 enim
1878 3212 1948 3267 de
1980 3228 2047 3268 eo

2166 3210 2328 3284 Ξίγιοι,
2363 3209 2437 3271 ὡς
2468 3206 2766 3286 ἀδιαφόρου
2787 3212 2884 3263 τοῦ
2917 3208 3163 3284 ῥήματος
3196 3206 3352 3272 ὄντος
3383 3208 3470 3264 ἐπὶ
3499 3212 3605 3263 τῶν
3635 3206 3816 3263 τοιού-

395 3294 553 3365 quod
576 3310 644 3349 ex
666 3297 876 3349 natura
900 3296 1408 3363 est,conscntiant,
1431 3298 1593 3370 parvi
1612 3300 1851 3356 omnino
1871 3300 2048 3357 refert

2166 3282 2287 3368 των,
2320 3295 2423 3359 ἓως
2452 3298 2514 3352 16
2555 3282 2692 3353 κατᾶ
2737 3298 2891 3376 φύσιν
2918 3282 3325 3373 όμολογεῖται.
3354 3296 3431 3356 Ού
3480 3298 3579 3374 γάρ
3623 3296 3678 3351 αἱ
3723 3292 3814 3351 λὲ-

397 3399 515 3454 qua
541 3398 682 3439 voce
710 3383 818 3439 hac
848 3382 906 3437 in
941 3399 1002 3439 re
1051 3388 1310 3440 utantur.
1344 3386 1460 3443 Nec
1490 3388 1645 3443 enim
1673 3405 1845 3446 voces
1879 3393 2048 3445 natu-

397 3486 525 3527 ram
556 3471 878 3543 perimunt,
911 3473 1011 3527 sed
1046 3474 1240 3545 potius
1274 3474 1402 3546 ipsa
1450 3481 1662 3533 natura
1692 3495 1859 3534 voces
1890 3480 1960 3535 ad
1991 3495 2052 3536 se

400 3562 807 3617 accommodat
853 3565 911 3617 et
938 3563 1240 3618 convertit.
1274 3563 1418 3619 Nam
1465 3582 1580 3621 non
1614 3583 1783 3623 voces
1827 3567 2053 3624 naturis

397 3653 539 3705 sunt
586 3649 846 3721 priores;
880 3651 982 3707 sed
1032 3656 1252 3708 natura:
1304 3654 1528 3725 priores
1578 3660 1738 3726 sunt,
1782 3661 1840 3712 et
1885 3674 2053 3714 voces

400 3738 627 3794 naturis
685 3739 1060 3811 posteriores.
1093 3742 1259 3797 Unde
1316 3744 1551 3815 quando
1610 3750 1831 3801 natura:
1889 3747 2053 3802 factae

400 3830 541 3883 sunt
568 3827 657 3883 vel
688 3828 843 3885 372
896 3834 1122 3897 creata,
1154 3835 1295 3886 tunc
1326 3832 1557 3903 proprie
1603 3834 1674 3889 de
1705 3833 1821 3890 illis
1851 3834 1937 3890 hae
1966 3836 2053 3890 di-

396 3916 622 3973 ctiones
669 3921 1055 3989 usurpentur,
1088 3920 1243 3988 fecit,
1272 3922 1421 3992 facta
1445 3926 1544 3988 est,
1576 3924 1800 3993 crearit,
1835 3924 2054 3994 quibus

395 4021 545 4077 opus
576 4005 1215 4078 signiﬁcatur.0uando
1242 4017 1437 4065 autem
1463 4015 1671 4067 natura
1697 4016 1785 4068 est
1816 4017 1874 4068 et
1904 4013 2055 4069 fetus

395 4098 454 4150 et
485 4094 663 4163 ﬁlius,
697 4097 839 4151 tunc
869 4096 1086 4151 erdem
1137 4096 1448 4167 dictiones,
1478 4101 1633 4171 fecit,
1681 4103 1843 4166 [acta
1872 4106 1950 4157 est
2000 4106 2058 4157 et

394 4185 628 4255 creavit,
659 4198 775 4240 non
826 4185 1059 4257 proprie
1112 4185 1164 4241 ei
1214 4187 1640 4257 attribuuntur,
1673 4206 1861 4262 neque
1908 4208 2057 4263 opus

399 4272 740 4344 signiﬁcant
774 4288 787 4327 :
821 4273 921 4327 sed
958 4288 1060 4344 pro
1106 4272 1382 4347 dictione,
1417 4277 1631 4345 genuit,
1675 4275 1872 4345 dictio,
1902 4280 2055 4348 fecit,

400 4360 625 4431 absque
677 4360 796 4417 ullo
826 4361 1168 4417 discrimine
1199 4368 1538 4435 usurpatur.
1586 4364 1749 4420 Certe
1779 4383 1893 4422 non
1926 4384 2056 4423 raro

398 4452 602 4520 patres
649 4449 805 4505 ﬁlios
834 4466 901 4505 ex
932 4466 994 4506 se
1024 4451 1272 4522 genitos,
1305 4469 1444 4508 suos
1492 4469 1689 4510 servos
1721 4454 2054 4527 appellant;

397 4552 506 4592 nec
534 4541 732 4594 tamen
764 4539 916 4610 quod
952 4543 1171 4594 natura:
1220 4540 1523 4612 praprium
1579 4548 1668 4598 est
1698 4544 2055 4617 inﬁciantur.

2161 3386 2267 3457 ξεις
2316 3388 2416 3456 τήν
2481 3387 2635 3464 φύσιν
2695 3390 3106 3463 παραιροῦνταιο
3140 3384 3285 3442 ἀλλὰ
3322 3383 3534 3460 μᾶλλον
3576 3387 3612 3455 ἡ
3654 3383 3810 3462 φύσις

2158 3477 2253 3537 τὰς
2286 3474 2455 3546 λέξεις
2505 3476 2580 3538 ε’ς
2640 3476 2833 3545 ἑαυτήν
2883 3472 3118 3531 ἕλκουσα
3170 3470 3523 3549 μεταϐάλλει.
3556 3474 3659 3531 Καὶ
3706 3473 3810 3550 γὰρ

2163 3564 2225 3618 ού
2270 3564 2526 3641 πρότεραι
2572 3569 2679 3620 τῶν
2730 3564 2925 3619 οὐσιῶν
2977 3565 3032 3619 αἱ
3084 3564 3253 3635 Λὲξεις
3286 3566 3421 3639 (44),
3453 3562 3580 3622 ἀλλ’
3610 3564 3665 3617 αἱ
3716 3562 3809 3618 οἰ-

2163 3652 2269 3708 σῖαι
2302 3658 2535 3726 πρῶται,
2569 3653 2658 3708 καὶ
2703 3650 2943 3730 δεύτεραι
2990 3652 3199 3709 τούτων
3251 3654 3306 3708 αἱ
3354 3650 3548 3723 λέξεις.
3582 3652 3676 3707 Διὸ
3721 3650 3812 3706 καὶ

2164 3741 2287 3796 ὅταν
2343 3744 2378 3811 ἡ
2437 3740 2593 3796 οὐσία
2638 3742 2853 3814 ποίημα
2909 3741 2945 3810 ἢ
2999 3740 3204 3815 κτίσμα
3427 3740 3489 3815 ᾖ,
3548 3740 3672 3795 τότε
3726 3739 3810 3809 16,

2165 3829 2406 3903 ἆποίησε,
2464 3829 2555 3884 καὶ
2625 3831 2708 3899 τὸ,
2768 3829 2994 3907 ἐγένετο,
3065 3831 3156 3885 καὶ
3226 3832 3309 3899 τὸ,
3360 3826 3554 3903 ἔκτισε,
3611 3827 3815 3904 κυρίως

2164 3918 2248 3975 ἐπ’
2278 3919 2451 3974 αὐτῶν
2480 3917 2699 3996 λέγεταί
2728 3940 2785 3975 τε
2831 3920 2920 3974 καὶ
2969 3917 3224 3993 σημαίνει
3270 3919 3334 3974 τὸ
3381 3918 3618 3992 ποίημα.
3649 3920 3809 3973 Ὅταν

2166 4006 2223 4064 δὲ
2270 4011 2305 4079 ἡ
2355 4008 2509 4063 οὐσία
2574 4008 2818 4084 γέννημα
2946 4006 3035 4063 καὶ
3086 4007 3226 4079 υἱὸς,
3274 4002 3397 4062 τότε
3440 4006 3527 4076 16,
3570 4004 3813 4078 ἐποίησε,

2163 4097 2252 4153 καὶ
2296 4097 2379 4165 τὸ,
2431 4095 2658 4173 ἐγένετο,
2700 4096 2790 4151 καὶ
2859 4095 2946 4169 16,
2995 4092 3198 4151 ἔκτισεν
3244 4097 3381 4170 (46),
3431 4096 3531 4150 οὐκ
3596 4092 3674 4150 ἔτι
3723 4115 3819 4150 κυ-

2167 4185 2298 4262 ρίως
2357 4185 2438 4241 ἐπ’
2489 4185 2653 4241 αὐτοῦ
2700 4190 2898 4258 κεῖται,
2932 4181 3058 4240 οὐδὲ
3101 4184 3318 4258 ποίημα
3362 4182 3637 4259 σημαίνει’
3693 4180 3820 4239 ἀλλ’

2166 4276 2283 4331 ἀντὶ
2337 4280 2457 4349 τοῦ,
2517 4274 2791 4351 ἐγέννησε,
2848 4274 2949 4349 τῷ,
3023 4274 3300 4349 ἐποίησεν,
3357 4272 3668 4353 ἀδιαφόρως
3732 4293 3817 4336 τις

2165 4364 2432 4441 κέχρηται
2466 4367 2576 4437 (47)
2619 4364 2845 4441 ῥήματι.
2897 4362 3177 4427 Πολλάκις
3222 4368 3352 4439 γοῦν
3405 4366 3631 4439 πατέρες
3688 4362 3816 4424 τοὺς

2168 4454 2218 4527 ἐξ
2249 4453 2425 4508 αὐτῶν
2457 4451 2853 4531 φύνταςέυὶοὺς
2905 4449 3136 4516 δούλους
3184 4453 3388 4508 ἑαυτῶν
3443 4451 3774 4526 ὀνομάζουσι
3800 4467 3815 4483 ·

2165 4544 2255 4599 καὶ
2305 4542 2404 4597 οὐκ
2445 4543 2727 4619 ἀρνοῦνται
2768 4543 2831 4597 τὸ
2881 4542 3102 4618 γνήσιον
3146 4548 3246 4612 τῆς
3279 4541 3507 4620 φύσεως
3541 4541 3630 4597 καὶ
3678 4538 3817 4595 πολ-

400 4624 563 4697 Saspe
586 4628 763 4682 etiam
811 4643 1031 4695 servos,
1066 4628 1475 4685 benevolentia:
1524 4632 1732 4702 gratia,
1767 4633 1919 4689 ﬁlios
1958 4650 2050 4689 vo-

2167 4630 2325 4694 λάκις
2353 4630 2480 4693 τοὺς
2512 4628 2681 4693 ἷδίους
2715 4627 2947 4692 δούλως
2977 4628 3497 4708 φιλοφρονούμενοι,
3526 4631 3686 4686 τέκνα
3719 4648 3816 4683 κα-

400 4718 557 4789 cant,
591 4732 707 4789 quo
752 4731 891 4773 sane
944 4716 1180 4772 nomine
1226 4734 1341 4773 non
1393 4718 1775 4777 dissimulant
1822 4720 1954 4778 illos
1984 4723 2050 4778 ab

2169 4719 2347 4776 λοῦσι·
2388 4721 2478 4775 καὶ
2526 4720 2589 4776 οὐ
2644 4718 2941 4797 κρύπτουσι
2987 4720 3087 4788 τήν
3138 4718 3189 4791 ἐξ
3236 4719 3417 4796 ἀρχῆς
3464 4718 3641 4775 αὐτῶν
3689 4722 3823 4787 κτῆ-

482 4968 857 5051 (68)“Seguer.
891 4967 1127 5051 gobler.
1177 4970 1253 5051 et.
1283 4966 1551 5051 ῙθιξΙρΙίῐῐξ.⁸
1582 4970 1634 5039 1,
1678 4968 1731 5051 6_
1755 4968 2064 5051 ποιητικός.

411 5035 564 5129 (δῖα.
594 5035 853 5129 §egiier.,
888 5035 1304 5115 δημιουργικός.
1337 5044 1466 5097 Mox
1498 5035 1650 5099 idem
1683 5046 1741 5098 et
1784 5035 1976 5099 Fel'ck.
2010 5044 2064 5111 4,

414 5108 496 5163 ὅτι
527 5110 617 5163 καὶ
648 5107 829 5171 αὖτός.

483 5181 599 5252 (39)
630 5181 831 5251 Basil.,
862 5177 1050 5242 Οὐδεὶς
1083 5177 1140 5235 δὲ
1172 5177 1483 5252 διατάξειεν.

632 5254 871 5347 ἓοξιρεῐι.
906 5253 1239 5347 οωὲι(ι’καὶ
1272 5252 1517 5347 dit-getes.

477 5323 600 5409 (41)
629 5323 859 5381 Gobler.
892 5328 950 5381 et
1008 5324 1263 5381 Felckm.
1300 5323 1797 5401 Lanptougyaitat
1853 5327 1919 5381 τὰ
1976 5323 2064 5382 διὰ

479 5416 531 5450 υ.

411 5414 977 5543 τῗῗόῖλβρριθικηβι
1030 5466 1282 5523 Felckm.
1346 5469 1398 5536 1,
1454 5468 1746 5543 γεννῶντός
1803 5467 1913 5524 ἔστι
1971 5469 2061 5543 καί

418 5537 827 5613 εἶναι.1ὺὶἀθω
861 5538 1037 5592 iidem
1089 5545 1145 5593 et
1186 5545 1419 5613 Seguer.
1465 5537 1544 5598 "ac
1599 5542 1853 5599 Felckm.
1885 5543 1938 5613 4,
1970 5540 2060 5597 καὶ

419 5605 871 5685 διαφερὲσοωσαν,
905 5613 964 5685 e_t
994 5626 1149 5685 mox,
1179 5605 1533 5685 προείπομεν.

490 5630 508 5662 ι
552 5630 871 5683 ερεσυωσαν,
905 5630 964 5665 ει
994 5630 1149 5681 mox,
1179 5630 1284 5680 προ

490 5630 606 5750 (Σ3)
633 5682 896 5754 Seguer.,
926 5679 1284 5754 όνομάζωσιν.

493 5749 888 5827 (44)Ε¹οῘοΚω.
951 5749 1122 5824 5,ἀὶ
1179 5750 1372 5824 λέξεις*
1429 5749 1513 5809 διὸ
1567 5773 1655 5809 και
1713 5752 1863 5828 ὅταν,
1920 5758 2054 5826 etc.,

2176 4970 2414 5028 omissis
2446 4970 2826 5027 intermediis.

2247 5043 2359 5169 (45)
2389 5042 2482 5099 Sic
2513 5044 2746 5116 Seguer.
2770 5040 3318 5125 Gobler..Felckm.t
3351 5046 3409 5099 et
3438 5043 3491 5097 4.
3511 5044 3585 5097 At
3616 5056 3649 5097 a
3674 5038 3815 5132 ileg.

2261 5118 2333 5169 Fc
2360 5115 2512 5169 ckm.
2544 5116 2580 5169 5
2608 5115 2775 5169 abest
2801 5113 2857 5169 ἧ.
2918 5114 3091 5169 Edlti.
3149 5113 3363 5169 ποίημα
3415 5113 3453 5169 ἧ
3506 5111 3544 5169 ἢ
3600 5129 3815 5169 κτισμα.

2176 5118 2233 5170 et
2255 5110 2512 5170 'Felckm.
2544 5110 2775 5171 5'abest
2918 5114 3091 5183 Editi,
3149 5113 3363 5185 ποίημα
3506 5111 3544 5181 ἢ
3600 5110 3817 5185 κτίσμα.

2176 5134 2233 5170 οι
2261 5134 2512 5170 ιεέιςκω.
2544 5134 2775 5171 oaoest
2801 5134 2857 5185 ῃ.
2918 5134 3091 5183 nam,
3149 5134 3279 5185 ποιη
3331 5134 3363 5167 α
3415 5134 3452 5184 ῃ
3506 5134 3543 5181 η
3600 5134 3817 5183 κτισμα.

2175 5185 2352 5272 ξομιρ
2382 5197 2513 5272 post
2542 5186 2782 5272 Seguer:
2817 5185 2988 5272 ﬁasjl.
3022 5186 3250 5272 anglie.
3290 5134 3438 5272 ᾖξε..
3487 5183 3823 5272 globler.~et

2181 5255 2435 5313 Felckm.
2468 5259 2493 5312 1
2525 5264 2582 5313 et
2608 5255 2663 5325 5,
2696 5255 2776 5311 ἐπ’
2804 5255 3002 5313 αὐτῶν.
3034 5255 3144 5312 Alii
3189 5264 3247 5312 et
3289 5255 3453 5322 editi,
3486 5255 3573 5309 ὑπ’
3621 5255 3818 5309 αὐτῶν.

2173 5328 2591 5403 lbid_.‘_Seguer.
2625 5328 2856 5403 Gobler.
2890 5335 2948 5384 ct
2974 5327 3316 5403 F_elckm_._l_,
3349 5325 3561 5403 λέγεταί
3599 5346 3678 5380 τε.
3710 5326 3819 5381 Sed

2173 5400 2233 5454 in
2258 5399 2388 5457 aliis
2419 5407 2476 5456 et
2502 5400 2676 5456 editis
2700 5402 2863 5456 deest
2890 5419 2968 5454 τε.
3001 5401 3145 5456 Item
3177 5400 3396 5457 ibidem
3427 5399 3579 5454 'mss.
3612 5412 3820 5454 omnes

2172 5469 2446 5545 σημαίνει.
2480 5471 3007 5545 EditioACommeL,
3041 5470 3304 5545 σημαίνῃ,
3338 5472 3638 5545 mendose.

2206 5535 2619 5631 "(516)89guer.
2653 5542 2885 5600 Gobler.
2920 5535 3173 5600 Felckm.
3208 5545 3234 5599 1
3254 5535 3326 5600 ἐι
3350 5544 3384 5599 4
3414 5543 3700 5599 omittunt
3726 5535 3814 5591 καὶ

2167 5632 2229 5667 το
2260 5632 2481 5669 εκτισεν.

2240 5686 2351 5759 (47)
2381 5686 2618 5759 Seguer.
2649 5682 2879 5744 Gobler.
2910 5683 3166 5745 Felckm.
3202 5685 3228 5743 1
3261 5688 3320 5744 et
3368 5686 3422 5759 4,
3454 5680 3658 5762 χρῆταί
3706 5700 3812 5742 τις.
