4076 6390
375 460 485 520 171

921 457 988 518 S.
1031 453 1458 516 ATHANASII
1503 453 1674 516 OPP.
1720 452 1924 514 PARS
1969 450 2017 512 Ι.
2051 448 2576 512 -ΗῘΒἸὈΒῙΟΑ
2618 450 2719 511 ET
2763 449 3236 513 DOGMATIGA.

3663 457 3776 516 172

374 591 602 649 discant
631 589 843 647 Filium
876 587 1070 661 ipsum
1111 602 1263 656 esse,
1311 591 1367 643 et
1413 603 1594 660 supra
1639 585 1861 642 dictum
1911 588 2018 652 est,

2137 572 2362 637 νέτωσαν
2395 582 2508 656 (48)
2538 585 2779 658 πρῶτον,
2811 578 2894 636 ὅτι
2936 579 3059 644 Υἱός
3105 579 3269 654 ἔστιν,
3301 582 3380 647 ὡς
3419 583 3508 640 καὶ
3556 584 3608 640 ἐν
3655 593 3772 652 τοῖς

375 699 483 738 nec
526 679 783 736 Verbum
833 694 956 734 rem
1008 678 1217 733 factam
1268 693 1418 744 esse,
1449 692 1552 731 nec
1583 673 1685 731 illa
1710 674 1839 730 loca
1867 673 2020 730 379

377 772 449 828 de
479 771 607 843 ejus
637 768 940 825 divinitate
969 782 1097 823 esse
1127 765 1528 837 intelligenda,
1564 765 1663 820 sed
1695 763 2022 836 expenden-

377 860 520 916 dum
553 875 670 932 qua
699 857 771 914 de
801 873 981 914 causa
1028 871 1211 928 quove
1259 855 1430 911 modo
1477 853 1695 925 scripta
1743 852 1959 908 fuerint
2007 869 2020 908 :

378 949 536 1022 quod
565 947 618 1004 si
637 946 772 1019 quis
800 945 1162 1018 exquirat,ea
1181 945 1250 1000 de
1271 943 1532 1000 humana
1561 941 2022 1015 dispensatione,

381 1053 559 1110 quam
591 1035 776 1092 nostri
809 1051 986 1090 causa
1035 1033 1318 1106 suscepit,
1373 1033 1526 1088 dicta
1572 1047 1702 1088 esse
1750 1029 2021 1102 reperiet.

378 1125 524 1183 Hinc
570 1123 724 1181 enim
771 1139 906 1180 cum
933 1123 1136 1179 Petrus
1167 1121 1430 1188 dixisset,
1463 1122 1758 1178 Dominum
1786 1123 1839 1176 et
1868 1118 2028 1175 Chri-

374 1218 522 1270 stum
549 1229 677 1270 eum
703 1211 856 1284 fecit,
889 1211 1167 1268 continuo
1198 1210 1442 1280 addidit,
1474 1211 1620 1265 hunc
1646 1210 1829 1266 Jesum
1866 1224 2025 1280 quem

373 1319 466 1361 vos
494 1301 926 1373 cruciﬁxistis“:
942 1316 1010 1356 ex
1031 1299 1247 1373 quibus
1268 1300 1524 1372 profecto
1551 1297 1770 1354 nemini
1800 1313 1912 1352 non
1935 1299 2026 1352 est

375 1390 969 1461 manifestum,idque
998 1393 1058 1444 et
1085 1387 1215 1444 istis
1247 1387 1666 1461 patebit,modo
1695 1383 1872 1442 velint
1901 1401 2022 1442 ser-

373 1479 569 1537 monis
601 1480 934 1536 contextum
967 1477 1294 1544 observare,
1325 1475 1420 1532 his
1452 1474 1603 1532 Petri
1626 1474 1818 1530 verbis
1871 1471 2021 1528 indi-

373 1569 494 1626 cari
521 1585 636 1624 non
669 1567 909 1641 quidem
939 1569 1210 1623 naturam
1242 1563 1436 1632 Verbi,
1461 1565 1558 1620 sed
1592 1563 1788 1636 ipsum
1821 1577 2026 1620 secun-

373 1660 518 1716 dum
569 1661 844 1714 naturam
885 1655 1210 1710 humanam
1255 1653 1472 1710 factum
1505 1669 1652 1710 esse.
1683 1651 1828 1718 Quid
1861 1652 2019 1708 enim

372 1747 720 1805 cruciﬁxum
753 1749 842 1801 est
873 1748 1080 1818 praeter
1123 1743 1378 1816 corpus?
1425 1743 1524 1814 qui
1574 1758 1708 1798 vero
1755 1741 1814 1797 id
1863 1742 2019 1814 quod

370 1837 550 1894 Verbi
583 1849 926 1908 corporeum
959 1837 1046 1888 est
1078 1831 1270 1904 potuit
1285 1829 1480 1900 aptius
1497 1830 1826 1904 significare
1842 1847 2019 1902 quam

2133 666 2432 748 ἔμπροσθεν
2483 669 2715 746 εἷ’ρηται,
2765 669 2854 726 καὶ
2903 671 2966 726 οὐ
3010 671 3227 746 ποίημα
3273 673 3302 728 6
3349 673 3542 750 Λόγος,
3579 675 3673 732 καὶ
3713 676 3772 732 οὗ

2133 758 2216 816 δεῖ
2243 761 2337 823 τὰς
2361 760 2614 822 τοιαύτας
2651 757 2822 834 λέξεις
2873 759 2948 823 si;
2997 761 3090 830 τὴν
3140 761 3368 834 θεότητα
3415 763 3580 820 αὐτοῦ
3627 765 3772 842 λαμ-

2133 845 2331 924 ϐάνειν,
2365 849 2490 906 ἀλλ’
2531 848 2744 926 ἐρευνᾷν
2805 845 2895 904 διὰ
2938 850 2992 905 τί
3036 849 3123 906 acui
3172 852 3288 914 πῶς
3335 857 3503 908 ταῦτα
3690 855 3774 933 γὲ-

2133 959 2389 1015 γραπται,
2420 939 2510 994 καὶ
2558 939 2772 1000 πάντως
2821 938 3114 1010 ἀπαντήσει
3165 946 3281 1004 τοῖς
3331 947 3582 1013 ζητοῦσιν
3613 947 3649 1016 ἡ
3682 946 3774 1000 ἀν-

2133 1027 2378 1105 θρωπίνη
2429 1026 2735 1101 οῗκονομία,
2766 1029 2828 1097 ἣν
2879 1025 2950 1083 δι’
2993 1031 3143 1102 ἡμᾶς
3195 1027 3496 1104 ἀνεδέξατο.
3528 1032 3625 1088 Καὶ
3673 1035 3771 1111 γὰρ

2130 1117 2219 1173 καὶ
2267 1119 2296 1173 6
2348 1116 2552 1194 Πέτρος
2609 1115 2864 1197 εθρηκὼς,
2913 1116 3109 1195 Κύριον
3167 1119 3256 1174 καὶ
3321 1122 3548 1196 Χριστὸν
3615 1123 3772 1178 αὐτὸν

2134 1205 2384 1278 ἐποίησεν
2416 1252 2430 1276 ,
2487 1205 2642 1268 εὐθὺς
2727 1205 3002 1283 ἐπήγαγε,
3083 1211 3272 1264 τοῦτον
3343 1211 3438 1265 τὸν
3524 1211 3772 1283 Ἰησοῦν,

2131 1297 2189 1352 ὃν
2251 1297 2406 1370 ὑμεῖς
2462 1295 2866 1372 εσταυρώσατεο
2925 1295 3015 1350 καὶ
3072 1301 3201 1352 πᾶσι
3261 1299 3451 1374 γέγονε
3507 1302 3768 1379 φανερόν·

2131 1385 2343 1461 γένοιτο
2385 1381 2432 1440 δ’
2470 1384 2528 1439 ἂν
2579 1384 2668 1440 καὶ
2715 1382 2954 1458 τούτοις,
2986 1383 3073 1440 ἐὰν
3133 1387 3233 1456 τὴν
3445 1387 3770 1456 ἀκολουθίαν

2128 1475 2464 1549 τηρήσωσιν,
2499 1471 2583 1530 ὅτι
2613 1471 2674 1528 οὐ
2703 1475 2802 1543 τήν
2837 1473 3021 1529 οὖσίαν
3070 1479 3170 1530 τοῦ
3218 1475 3416 1553 Λόγου,
3451 1476 3597 1534 ἀλλὰ
3643 1481 3777 1536 κατὰ

2129 1565 2192 1620 τὸ
2223 1562 2586 1639 ἀνθρώπινον,
2614 1562 2772 1618 αὐτὸν
2805 1570 3136 1634 πεποιῆσθαι
3189 1561 3358 1642 ἔλεγε.
3394 1568 3462 1624 Τί
3511 1567 3616 1644 γάρ
3666 1568 3773 1626 ἐστι

2128 1653 2192 1710 τὸ
2223 1650 2621 1729 σταυρούμενον
2667 1652 2703 1722 ἢ
2755 1652 2818 1708 τὸ
2867 1657 3062 1727 cibum;
3093 1654 3156 1709 τὸ
3207 1651 3264 1710 δὲ
3313 1657 3624 1730 σωματικὸν
3679 1663 3772 1714 τοῦ

2131 1740 2306 1818 Λόγου
2336 1745 2452 1803 πῶς
2482 1740 2600 1818 εἶχε
2631 1746 2867 1814 σημᾶναι
2899 1742 2934 1810 ἢ
2969 1738 3056 1796 διὰ
3100 1747 3199 1797 τοῦ
3248 1742 3438 1814 εἰπεῖν,
3472 1743 3768 1818 ἐποίησεν;

2130 1828 2317 1894 ἄλλως
2371 1852 2430 1886 τε
2483 1831 2573 1885 καὶ
2624 1830 2688 1885 τὸ
2736 1829 3034 1908 λεγόμενον
3089 1831 3330 1905 ἐνταῦθα,
3379 1831 3654 1906 ἐποίησεν,
3687 1835 3772 1914 ὀρ-

370 1923 675 1990 vocabulo,
707 1924 875 1992 fecit?
903 1937 1243 1994 quanquam
1273 1920 1396 1976 haec
1441 1919 1572 1992 ipsa
1618 1919 1818 1990 dictio,
1863 1921 2018 1991 fecit,

2137 1921 2228 1990 Βήν
2257 1916 2373 1997 ἔχει
2404 1920 2506 1989 τὴν
2537 1917 2797 1976 διάνοιαν,
2831 1919 2908 1978 Οὐ
2943 1920 3047 1996 γὰρ
3079 1919 3287 1997 εἷ’ρηκε,
3319 1924 3458 1987 καθά
3485 1931 3771 2000 προεῖπον,

369 2019 591 2071 rectam
639 2013 734 2069 hic
782 2011 1006 2068 obtinet
1048 2009 1562 2084 signiﬁcationem.
1592 2009 1708 2065 Nec
1738 2008 1896 2064 enim
1928 2008 2014 2063 di-

367 2103 474 2174 xit,
506 2106 572 2158 ut
599 2117 780 2174 supra
803 2099 1230 2169 annotavimus,
1263 2097 1418 2154 Fecit
1445 2113 1580 2154 eum
1612 2097 2016 2168 Verbum,sed,

369 2193 667 2250 Dominum
694 2206 818 2246 eum
850 2206 863 2245 :
897 2205 1088 2262 neque
1115 2188 1174 2244 id
1203 2191 1459 2257 tantum,
1491 2187 1616 2258 sed,
1647 2187 1793 2260 apud
1824 2190 2016 2256 vos,et,

369 2287 432 2338 in
463 2281 648 2337 medio
675 2280 841 2336 vestri
865 2279 1020 2350 fecit,
1071 2277 1226 2348 quod
1279 2277 1433 2333 idem
1482 2279 1573 2332 est
1625 2293 1691 2332 ac
1739 2275 2016 2332 ostendit.

373 2371 524 2427 Sane
565 2368 622 2424 id
655 2367 858 2424 Petrus
887 2366 1035 2439 ipse,
1067 2364 1409 2437 primariam
1441 2363 1662 2420 hancce
1692 2364 2018 2420 doctrinam

371 2457 746 2533 promulgare
791 2453 1104 2528 incipiens,
1141 2453 1336 2510 verbis
1385 2453 1726 2524 hujusmodi
1775 2457 2018 2510 annota-

371 2547 502 2602 vit:
541 2547 656 2602 Viri
676 2545 972 2614 Israelitc'e,
1005 2542 1196 2598 audite
1226 2542 1391 2598 verba
1437 2541 1555 2600 haec
1607 2558 1620 2599 :
1665 2546 1858 2600 Iesum
1902 2544 2020 2598 Na-

373 2651 660 2705 zarenam,
691 2635 874 2690 virum
903 2648 1064 2705 quem
1093 2633 1236 2688 Deus
1265 2631 1412 2702 apud
1448 2647 1541 2688 vos
1568 2632 1810 2688 ostendit
1839 2633 2022 2688 uirtu-

376 2725 546 2791 tibus,
573 2722 841 2796 prodigiis
867 2723 919 2778 et
943 2722 1144 2795 signis,
1188 2737 1305 2792 quae
1354 2725 1496 2776 Deus
1539 2737 1639 2794 per
1683 2721 1844 2776 illum
1889 2722 2025 2793 fecit

375 2816 438 2870 in
487 2812 668 2869 medio
707 2813 895 2879 vestri,
941 2813 1083 2866 sicut
1132 2811 1240 2882 ipsi
1264 2811 1414 2866 scitis
1443 2810 1507 2866 ⁸⁸.
1543 2813 1746 2882 Itaque
1777 2809 1930 2882 quod
1963 2809 2022 2864 in

376 2903 495 2959 ﬁne
525 2901 626 2970 ait,
655 2901 809 2974 fecit,
858 2900 1015 2956 idem
1057 2898 1246 2967 initio,
1278 2898 1585 2969 vocabulo,
1633 2899 1883 2967 ostendit,
1935 2898 2024 2954 di-

373 2995 556 3049 xerat.
612 2990 880 3063 Namque
922 3005 992 3046 ex
1038 2988 1225 3061 signis
1271 2991 1329 3044 et
1358 2987 1658 3044 miraculis
1689 3005 1814 3061 quas
1844 2987 2029 3044 edidit

380 3079 962 3147 Dominus,ostensus
993 3081 1083 3134 est
1112 3092 1224 3132 non
1258 3076 1509 3150 simplex
1535 3076 1840 3146 homo,sed
1871 3077 2028 3132 Deus

379 3183 508 3225 esse
537 3167 598 3222 in
629 3183 890 3239 corpore,
940 3170 998 3221 et
1048 3165 1332 3222 Dominus
1375 3183 1442 3222 ac
1487 3165 1777 3223 Christus.
1827 3165 2029 3222 Simile

379 3271 614 3329 quoque
661 3259 752 3311 est
797 3254 954 3327 quod
1001 3271 1036 3310 α
1079 3254 1306 3310 Joanne
1335 3253 1395 3309 in
1425 3255 1734 3328 Evangelia
1763 3254 1978 3313 dicitur
2011 3272 2025 3314 :

2127 2009 2416 2080 Ἐποίησεν
2453 2007 2612 2064 αὐτὸν
2657 2007 2855 2086 Λόγον,
2886 2006 3051 2082 ἀλλὰ,
3085 2008 3280 2086 Κύριον
3329 2010 3508 2068 αὐτόν·
3541 2012 3628 2068 καὶ
3661 2015 3777 2086 (51)

2126 2099 2236 2176 οὐχ
2285 2097 2513 2169 ἁπλῶς,
2571 2095 2696 2154 ἀλλ’
2745 2097 2822 2160 εἷς
2869 2097 3047 2172 ὑμᾶς,
3105 2099 3194 2154 καὶ
3222 2143 3236 2170 ,
3297 2099 3347 2156 ἐν
3411 2101 3560 2175 μέσῳ
3621 2102 3770 2176 ὑμῶν

2127 2187 2396 2260 ἐποίησεν,
2448 2182 2562 2242 ἴσον
2617 2190 2697 2258 τῷ
2761 2185 2954 2256 εἷπεῖν,
3005 2185 3268 2262 ἀπέδειξε.
3319 2189 3417 2244 Καὶ
3465 2195 3626 2246 τοῦτο
3673 2191 3773 2246 αὖ·

2124 2279 2188 2334 τὸ
2217 2280 2330 2352 (52)
2361 2277 2388 2331 ὁ
2423 2274 2650 2350 Πέτρος,
2680 2273 2990 2350 ἀρχόμενος
3029 2283 3132 2347 τῆς
3172 2277 3432 2350 τοιαύτης
3481 2276 3768 2356 ἀρχιδιδα-

2129 2365 2373 2438 σκαλίας,
2426 2364 2560 2438 μετὰ
2615 2365 3050 2440 παρατηρήσεως
3095 2364 3382 2440 ἐσήμανεν,
3427 2366 3588 2438 ἡνίκα
3635 2369 3772 2446 πρὸς

2130 2454 2328 2517 αὑτοὺς
2425 2450 2602 2531 ἔλεγεν
2643 2471 2654 2487 ·
2739 2451 2964 2530 ’Ἄνδρες
3050 2454 3428 2532 Ἰσραηλῖται,
3515 2455 3776 2515 ἀκούσατε

2127 2543 2256 2608 τοὺς
2312 2542 2515 2619 λόγους
2569 2540 2832 2604 τούτους·
2889 2545 3102 2614 Ἰησοῦν
3161 2544 3254 2600 τὸν
3308 2550 3623 2622 Ναζωραῖον
3684 2545 3774 2602 ἄν·

2131 2629 2232 2708 δρα
2285 2629 2391 2685 ἀπὸ
2445 2633 2544 2685 τοῦ
2619 2633 2752 2684 Θεοῦ
2828 2627 3278 2706 ἀποδεδειγμένον
3336 2632 3413 2696 είς
3469 2634 3607 2708 ὑμᾶς
3664 2637 3776 2710 (53)

2132 2718 2432 2792 δυνάμεσι,
2491 2717 2581 2774 καὶ
2635 2719 2859 2792 τέρασι,
2917 2718 3008 2774 καὶ
3067 2719 3359 2795 σημείοις,
3413 2723 3498 2785 οἷς
3555 2723 3780 2796 ἐποίησε

2133 2807 2204 2865 δι’
2265 2807 2428 2863 αὐτοῦ
2487 2807 2515 2862 6
2571 2806 2702 2869 Θεὸς
2776 2805 2826 2862 ἰν
2913 2809 3058 2882 μέσῳ
3117 2809 3310 2883 ὑμῶν,
3370 2813 3548 2874 καθὼς
3625 2813 3779 2870 αὐτοὶ

2134 2894 2335 2953 οἴδατε.
2385 2897 2455 2950 Τὸ
2522 2893 2624 2971 ἄρα
2664 2895 2802 2969 πρὸς
2848 2899 2928 2970 τῷ
2972 2894 3117 2953 τὲλει
3167 2895 3486 2975 λεγόμενον,
3535 2901 3781 2975 ἐποίησε,

2132 2983 2294 3042 τοῦτο
2341 2983 2394 3040 ἐν
2443 2987 2512 3059 τῇ
2559 2983 2710 3060 ἀρχῇ
2759 2981 2996 3060 εἴρηκεν,
3031 2983 3339 3058 ἀπέδειξεν·
3367 2989 3474 3045 ἀπὸ
3513 2991 3615 3068 γὰρ
3671 2996 3778 3047 τῶν

2136 3073 2378 3148 σημείων
2463 3071 2553 3128 καὶ
2621 3073 2694 3128 ὧν
2744 3071 2913 3128 ἐποίει
2961 3075 3074 3148 (54)
3121 3075 3436 3150 θαυμασίων
3485 3079 3514 3133 6
3562 3079 3782 3156 Κύριος,

2137 3160 2436 3238 ἀπεδείχθη
2497 3160 2606 3236 οὐχ
2650 3159 2840 3224 ἁπλῶς
2890 3159 3193 3238 ἄνθρωπος,
3247 3162 3390 3221 ἀλλὰ
3431 3167 3558 3230 Θεὸς
3610 3165 3684 3223 ὢν
3729 3169 3780 3224 ἐν

2142 3252 2376 3326 σώματι,
2405 3249 2495 3306 καὶ
2554 3248 2757 3326 Κύριος
2803 3248 2964 3314 αὐτὸς
3167 3250 3240 3308 ὢν
3291 3255 3320 3310 6
3367 3255 3618 3332 Χριστός.
3651 3259 3782 3316 Tm-

379 3319 584 3402 idcirco
613 3360 738 3416 ergo
766 3319 889 3400 eum
927 3343 1110 3401 Judaei
1159 3345 1337 3415 magis
1381 3319 1868 3416 persequebantur,
1919 3363 2023 3403 non

2143 3319 2298 3398 οὖτὸν
2330 3319 2440 3396 ἐστι
2471 3338 2560 3395 καὶ
2589 3319 2652 3394 1:6
2683 3337 2735 3394 ἐν
2765 3344 2884 3402 τοῖς
2910 3319 3272 3418 Εὐαγγέλίοις
3304 3319 3602 3420 λεγόμενον
3643 3347 3788 3424 παρᾶ

380 3439 600 3491 tantum
645 3432 786 3506 quod
830 3432 1074 3488 solvebat
1107 3432 1431 3502 Sabbatum,
1457 3433 1552 3488 sed
1579 3443 1631 3490 et
1658 3439 1878 3492 Patrem
1905 3451 2033 3508 pro-

380 3523 572 3597 prium
599 3522 808 3578 dicebat
853 3522 1064 3589 Deum;
1107 3521 1377 3592 aqualem
1428 3537 1486 3577 se
1540 3524 1750 3590 faciens
1806 3525 1909 3580 Deo
1963 3525 2030 3580 ⁸⁷.

385 3613 503 3668 Nec
546 3611 703 3668 enim
734 3614 874 3666 tunc
908 3609 1190 3665 Dominus
1219 3609 1410 3682 seipse
1445 3611 1623 3666 Deum
1655 3611 1822 3668 ﬁnxit
1850 3629 1865 3668 :
1897 3629 2033 3670 cum

387 3702 543 3758 Deus
571 3699 810 3756 omnino
841 3697 964 3755 fieri
994 3715 1110 3754 non
1160 3703 1363 3771 queat;
1413 3699 1514 3755 sed
1565 3716 1627 3756 se
1676 3705 1858 3757 Deum
1905 3717 2036 3759 esse

389 3789 666 3862 operibus
714 3787 1074 3858 ostendebat,
1124 3788 1206 3842 uti
1243 3787 1370 3860 ipse
1399 3786 1499 3854 ait,
1533 3787 1594 3844 Si
1619 3788 1762 3844 mihi
1787 3805 1898 3846 non
1925 3806 2038 3848 cre-

388 3879 550 3950 ditis,
579 3879 776 3934 saltem
803 3876 1056 3950 operibus
1077 3875 1299 3944 credite,
1329 3885 1391 3932 ut
1415 3881 1754 3949 cognoscatis
1781 3881 1915 3952 quia
1941 3895 2036 3953 ego

383 3969 445 4025 in
469 3970 634 4024 Patre
659 3971 712 4024 et
739 3969 904 4022 Pater
931 3983 990 4021 in
1015 3981 1105 4020 me
1148 3969 1228 4021 est
1274 3966 1340 4020 ⁸⁸.
1390 3966 1482 4020 Sic
1537 3982 1675 4039 ergo
1721 3967 2035 4024 Dominum

383 4060 440 4112 et
486 4057 701 4130 Regem
733 4071 867 4112 eum
901 4055 1036 4110 fecit
1065 4055 1234 4110 Pater
1264 4055 1323 4109 in
1356 4054 1546 4110 medio
1577 4055 1760 4112 nostri
1791 4060 1851 4113 et
1879 4057 2036 4130 apud

381 4161 491 4202 nos
522 4147 622 4218 qui
653 4145 819 4218 prius
847 4161 962 4201 non
1011 4143 1418 4200 credebamus.
1467 4143 1630 4200 Unde
1677 4145 1854 4201 etiam
1906 4163 2036 4218 per-

383 4234 657 4307 spicuum
689 4239 780 4291 est
803 4251 960 4304 eum,
993 4233 1093 4306 qui
1124 4249 1192 4290 eo
1223 4236 1484 4306 tempore
1511 4232 1794 4290 Dominus
1822 4251 1888 4290 ac
1919 4235 2036 4292 Rex

383 4338 514 4379 esse
543 4324 980 4392 ostendebatur,
1028 4339 1144 4378 non
1191 4326 1331 4378 tunc
1374 4321 1666 4393 incepisse
1713 4323 1930 4396 Regem
1980 4327 2038 4380 et

382 4410 695 4468 Dominum
727 4411 874 4478 ﬁeri,
909 4412 1012 4468 sed
1043 4410 1288 4484 ccepisse
1314 4410 1685 4468 dominatum
1730 4412 2036 4470 ostendere

2139 3436 2237 3487 τοῦ
2291 3431 2564 3485 Ἰωάννου·
2608 3427 2705 3482 Διὰ
2759 3432 2920 3484 τοῦτο
2979 3427 3072 3484 οὖν
3136 3430 3345 3504 μᾶλλον
3407 3431 3632 3490 ἐδίωκον
3688 3435 3788 3491 αύ-

2140 3521 2232 3578 τὸν
2293 3520 2344 3575 οἱ
2403 3515 2684 3591 Ἰουδαῖοι,
2716 3515 2798 3572 ὅτι
2857 3516 2918 3572 ού
2979 3517 3142 3592 μόνον
3189 3517 3314 3576 ἔλυε
3360 3522 3424 3578 τὸ
3482 3519 3789 3597 Σάϐϐατον,

2143 3609 2290 3667 ἀλλά
2370 3607 2460 3664 καὶ
2528 3607 2738 3684 Πατέρα
2819 3601 2954 3662 ἴδιον
3028 3603 3183 3684 ἔλεγε
3263 3609 3354 3666 τὸν
3431 3612 3601 3687 Θεὸν,
3675 3611 3789 3669 ἴσον

2145 3701 2329 3756 ἑαυτὸν
2390 3701 2561 3752 ποιῶν
2617 3700 2697 3768 τῷ
2755 3699 2888 3768 Θεῷ.
2921 3695 2998 3754 Ού
3055 3697 3158 3774 γὰρ
3217 3693 3475 3756 ἔπλαττεν
3535 3701 3720 3758 ἑαυτὸν
3763 3703 3793 3759 6

2143 3789 2340 3865 Κύριος
2366 3787 2490 3843 τότε
2515 3784 2666 3841 Θεόν·
2699 3781 2825 3840 οὐδὲ
2861 3786 2964 3862 γὰρ
3019 3784 3165 3850 ὅλως
3337 3787 3415 3844 ἔνι
3465 3789 3794 3866 ποιούμενος

2145 3877 2274 3940 Θεός
2305 3896 2318 3909 °
2361 3873 2508 3931 ἀλλὰ
2553 3871 2862 3929 ἀπεδείκνυε
2905 3871 2994 3928 διὰ
3040 3879 3146 3929 τῶν
3195 3870 3394 3953 ἔργων,
3439 3875 3639 3956 λέγων.
3685 3880 3790 3936 Κᾶν

2144 3966 2268 4040 ἐμοὶ
2327 3965 2403 4038 μὴ
2449 3962 2751 4033 πιστεύητε,
2789 3967 2906 4025 τοῖς
2947 3959 3122 4040 ἔργοις
3179 3985 3285 4038 μου
3335 3968 3446 4042 (57)
3491 3969 3794 4044 πιστεύετε,

2138 4054 2232 4111 ’ἱνα
2285 4058 2474 4131 γνῶτε,
2533 4051 2615 4108 ὅτι
2675 4050 2781 4128 ἐγὼ
2853 4051 2904 4106 ἐν
2983 4057 3062 4125 τῷ
3119 4054 3314 4130 Πατρὶ,
3370 4055 3460 4111 καὶ
3519 4059 3548 4114 6
3603 4061 3791 4132 Πατὴρ

2145 4143 2196 4200 ἐν
2252 4141 2398 4217 ἐμοί.
2453 4139 2641 4204 Οὕτως
2698 4141 2880 4195 τοίνυν
2945 4139 3146 4217 Κύριον
3198 4143 3288 4197 καὶ
3345 4143 3580 4201 Βασιλέα
3629 4145 3792 4204 αὐτὸν

2143 4232 2438 4302 πεποίηκεν
2499 4231 2527 4285 6
2586 4229 2775 4305 Πατὴρ
2833 4227 2885 4283 ἐν
2948 4227 3094 4304 μέσῳ
3147 4232 3308 4305 ἡμῶν
3372 4235 3508 4308 (58),
3566 4236 3656 4290 καὶ
3714 4235 3794 4302 είς

2143 4325 2292 4396 ἡμᾶς
2347 4317 2476 4382 τοὺς
2530 4313 2793 4394 πρότερον
2853 4316 3228 4384 ἀπειθοῦντας.
3258 4321 3361 4378 Κσὶ
3421 4318 3592 4394 δῆλόν
3625 4323 3794 4398 ἐστιν,

2144 4411 2219 4474 ὡς
2261 4411 2290 4465 6
2337 4412 2429 4464 νῦν
2483 4405 2684 4484 Κύριος
2731 4404 2824 4462 καὶ
2873 4406 3140 4471 Βασιλεὺς
3189 4407 3662 4488 ἀναδεικνύμενος,
3697 4413 3800 4471 οὐκ

447 4565 496 4602 ⁸⁸
520 4565 646 4622 Act.
679 4581 744 4632 ιι,
772 4565 860 4620 36.
944 4565 990 4600 ⁸⁸
1019 4563 1164 4620 ibid.
1195 4565 1286 4620 22.
1361 4565 1406 4600 ⁸⁷
1430 4563 1602 4621 Joan.
1633 4581 1690 4635 v,
1722 4566 1814 4634 16,
1845 4566 1933 4622 18.
2009 4567 2023 4604 ε

2137 4582 2254 4624 ›αιι.
2283 4582 2340 4634 x,
2373 4565 2463 4622 38.

444 4721 558 4792 (48)
588 4718 684 4792 Sic
737 4719 994 4792 Seguer.
1027 4716 1256 4775 Gobler.
1294 4716 1464 4792 _Felc.
1494 4719 1538 4792 _1
1590 4721 1648 4774 et
1689 4719 1744 4792 4,

372 4789 640 4864 Nannius
669 4789 839 4864 legit:
849 4791 998 4864 Editi
1023 4805 1156 4864 vero
1178 4794 1236 4846 et
1257 4789 1354 4864 alii
1389 4789 1672 4864 omittunt
1689 4789 1758 4842 τὰ
1774 4789 1914 4864 aera.
1933 4790 2022 4846 καὶ

419 4859 805 4933 ανθανέτωσᾶν.
851 4862 983 4918 Mox
1028 4861 1265 4933 Sgguer.
1315 4859 1552 4933 Gobler.
1595 4866 1652 4916 et.
1691 4861 1844 4918 Felc.
1893 4865 1918 4920 1
1966 4869 2026 4933 et

419 4884 805 4926 ανυανετωσαν.
851 4884 983 4918 mox
1029 4884 1265 4933 Deguer.
1315 4884 1546 4917 uomer.
1595 4884 1652 4916 ei.
1691 4884 1844 4918 neno.
1893 4884 1918 4920 1
1966 4884 2022 4920 et

368 4884 424 5006 ἕ,
457 4931 686 5010 εἹρηται.
735 4933 986 5006 Anglio.,
1049 4929 1296 5003 ε’ίπομεν.
1354 4931 1556 4990 Ceteri
1615 4936 1674 4988 et
1728 4934 1890 5005 editi,
1941 4931 2022 4988 ε’ί-

365 5025 750 5160 παᾷᾷ”[αὖτα
779 5076 943 5160 abest
973 5073 1411 5160 a‘Segu‘erian.“
1439 5145 1451 5158 .

458 5143 1071 5220 _50')‘Seguerian.,_t6v
1100 5143 1338 5220 δίαξ-την.
1375 5144 1515 5202 ibid.
1561 5143 1735 5220 R93",
1759 5150 1816 5202 et
1861 5145 2010 5220 Felc.

361 5221 420 5296 5,
442 5215 777 5296 ’ἀκολουόίαν
805 5215 1139 5296 φυλάξουσιν.
1172 5215 1827 5296 Matths‘eguetjt‘gob‘ler.
1861 5219 2011 5296 Felc.

358 5287 492 5377 tet
519 5293 578 5377 4,
603 5290 740 5377 κατά
766 5287 832 5344 τὸ
859 5287 1218 5362 ἀνθρώπινον.
1249 5290 1358 5344 Alii
1391 5287 1448 5346 ἐι
1475 5287 1657 5346 editio
1703 5287 2011 5362 Commel.,

357 5363 496 5417 κατὰ
524 5363 617 5417 τὸν
651 5359 956 5434 ἄνθρωπον.

431 5435 544 5505 (51)
579 5431 817 5505 Seguer.
848 5431 1260 5505 Gobler._F_elc.
1291 5433 1323 5505 1
1370 5435 1450 5505 et
1471 5433 1526 5504 4,
1557 5431 1647 5487 καί
1707 5432 2011 5505 omittunt.

431 5451 544 5505 (οι)
579 5451 648 5490 se
695 5451 817 5491 uer.
848 5451 1078 5488 uomer.
1114 5451 1260 5487 rem.
1299 5451 1323 5486 1
1370 5451 1427 5488 et
1471 5451 1526 5504 ιι,
1557 5451 1646 5487 και
1707 5451 2009 5491 omnium.

355 5504 580 5588 Ibidem
631 5451 893 5588 gobler."
927 5507 1012 5588 iet
1042 5503 1254 5588 fele.“
1279 5503 1330 5569 1,
1362 5500 1488 5588 ἀλλ’
1521 5505 1596 5588 εἰς
1626 5502 1898 5588 ﬁnienti
1939 5501 2009 5588 ’ἐν

407 5573 511 5704 trp
539 5577 721 5705 quas.
750 5575 858 5633 Alii
889 5579 946 5629 et
991 5573 1169 5631 editio
1216 5576 1522 5643 Commel.,
1557 5573 1698 5650 ὑμᾶς
1751 5579 1808 5630 et
1857 5574 2008 5646 ὑμῶν

402 5665 436 5704 a
479 5666 548 5704 en
585 5691 598 5704 .

479 5666 598 5704 ent.

429 5720 540 5791 (52)
575 5721 712 5791 Reg.
748 5715 1004 5791 Gobler.,
1036 5719 1090 5772 et
1131 5715 1278 5791 ποια.
1328 5714 1616 5791 ,1,,τοῦςτοΑ
1665 5715 1826 5791 αὐτό..
1879 5717 2012 5774 Mox

353 5785 590 5866 Seguer.
640 5785 999 5860 Goblerian.,
1036 5792 1095 5845 et
1132 5787 1283 5844 Felo.
1317 5785 1911 5864 1,⁷ἀρχιδιδασκαλίας,
1945 5793 2012 5846 ut

1837 4736 1922 4775 uae
1967 4724 2100 4791 etD

2135 4725 2192 4778 et
2219 4717 2485 4789 Nannius
2517 4717 2676 4789 legit.
2709 4715 2832 4789 Alii,
2852 4720 2910 4773 et
2937 4715 3101 4789 editi,
3136 4711 3510 4780 διδασκαλίας.

2163 4785 2603 4882 ’.(53).(Ξοὶ)ιοῐο.ζ
2634 4793 2691 4844 et
2745 4788 2894 4846 Felc.
2931 4789 2982 4856 1,
3016 4785 3092 4850 εἷς
3149 4789 3320 4862 ἡμᾶς.
3354 4790 3470 4846 Alii
3516 4795 3574 4848 et
3624 4792 3792 4866 editi,

2135 4873 2210 4924 εἵς
2245 4873 2405 4924 ὑμᾶς.

2127 4883 2729 5058 ῖςὲιίῗὲθευθτὶαηη
2769 4934 2827 4986 et
2873 4930 3040 5004 Reg.,
3073 4928 3316 5002 ἐποίησε.
3349 4931 3462 4988 Alii
3513 4937 3570 4990 et
3617 4933 3787 5004 editi,

2154 5024 2224 5058 πο
2257 5024 2324 5058 ει.

2154 5024 2324 5060 ποιει.

2217 5078 2310 5148 55)
2338 5074 2674 5148 Seguerian.
2707 5069 3030 5148 Κύριος-καὶ
3052 5069 3245 5148 αὐτός,

2217 5081 2290 5132 55
2338 5081 2674 5148 Seguerian.
2708 5081 2910 5145 Κύριος
2939 5081 3030 5126 καί
3061 5081 3245 5134 αὑτός.

2217 5081 2706 5231 Sagittam?”
2741 5150 2799 5200 et
2846 5143 2997 5200 Felc.
3048 5145 3104 5214 7,
3137 5141 3264 5200 ούδὶ
3311 5143 3415 5220 γὰρ
3464 5143 3634 5209 ὅλως.
3665 5147 3787 5204 Alii

2123 5223 2181 5275 et
2202 5212 2372 5289 editi,
2405 5212 2533 5272 ιῖὐδὲ
2565 5212 2736 5276 ὅλως.

2215 5292 2309 5360 57)
2339 5285 2466 5346 Μου
2494 5289 2663 5345 abest
2691 5304 2725 5343 a
2751 5285 3112 5360 Segerian”
3133 5290 3192 5360 et
3220 5287 3370 5343 Felc.
3405 5288 3459 5343 4.

2217 5360 2803 5488 ῗδίδίῗὲῥξξέῖῖὶέαῗ.
2817 5356 3114 5488 ,Ἰξῗιθὲειξῖ
3148 5358 3202 5488 si
3213 5359 3549 5488 6:34:62]:
3563 5356 3786 5488 Aiiiait

2119 5427 2254 5490 τῶν.
2289 5427 2436 5488 Ibid.
2469 5427 2830 5503 Seguerian.,
2865 5434 2922 5484 et
2965 5427 3114 5503 Felc.
3148 5427 3311 5503 4,ἐίς
3357 5430 3528 5503 ᾗμᾶς.
3563 5427 3673 5486 Alii
3725 5437 3790 5488 et.

2123 5505 2300 5560 editio
2351 5497 2668 5572 Commel.,
2704 5500 2883 5574 ὑμῶν,
2907 5504 2986 5567 et,
3026 5497 3118 5574 εἷς
3154 5499 3329 5574 ὓμᾷςε
3359 5497 3492 5574 Μοχ
3537 5507 3781 5574 Seguer.

2121 5575 2344 5648 Anglic.
2403 5569 2830 5648 Q0blerﬁlj'elc.
2865 5573 2891 5626 1
2927 5578 2982 5648 et
3013 5571 3065 5639 4,
3097 5570 3126 5625 ὃ
3166 5569 3258 5648 ita}
3297 5569 3498 5648 δῆλον.
3533 5569 3783 5648 ιᾲηάιὶἱε

2120 5651 2179 5701 et
2209 5643 2386 5702 Editis
2414 5643 2444 5698 ὅ
2475 5647 2658 5702 deest.
2695 5645 2912 5700 Ibidem
2945 5647 3163 5714 Seguer
3209 5645 3441 5700 Gobler.
3473 5646 3620 5702 Felc.
3657 5647 3683 5701 1
3719 5651 3782 5702 et

2119 5721 2174 5791 4,
2207 5717 2280 5780 ὡς
2311 5718 2338 5772 ὀ
2369 5713 2481 5773 νῦν.
2515 5717 2625 5772 Alii
2653 5722 2713 5774 et
2741 5715 2918 5773 editio
2957 5713 3262 5786 Commel.,
3295 5715 3371 5779 ὡς
3401 5719 3518 5774 νῦν.
