4076 6400
447 459 562 522 175

1020 459 1087 521 S.
1134 459 1563 523 ATHANASII
1608 458 1779 521 OPP.
1826 456 2027 519 PARS
2071 455 2121 518 1-.
2152 488 2231 501 —
2259 455 2679 521 HlSTORlCA
2719 455 2820 519 ET
2863 454 3341 521 DOGMATIGA.

3739 463 3839 522 176

444 554 590 647 tiam
621 590 694 649 ab
722 607 789 648 eo
833 591 894 647 in
933 592 1199 666 singulos
1246 591 1516 649 collatam
1562 590 1808 648 indicari
1843 608 1856 648 :
1890 590 1972 646 ita
2001 606 2080 646 ea-

2212 585 2401 662 λόγος,
2433 585 2515 642 ὅτι
2550 588 2625 661 μή
2656 590 2824 643 ταῦτα
2852 587 3080 664 γενητὸν
3123 590 3233 664 (68)
3287 586 3521 646 δείκνυσι
3563 592 3652 648 τὸν
3702 594 3841 669 Θεὸν,

450 680 584 737 dem
616 685 706 737 est
732 680 1044 737 verborum
1076 681 1231 738 Petri
1264 680 1639 754 signiﬁcatio.

520 947 606 1003 14.
643 947 892 1003 Verbum
922 947 1080 1004 enim
1111 963 1245 1003 cum
1303 947 1379 1005 sit
1428 946 1554 1019 ipse
1604 946 1706 1003 Dei
1737 945 1940 1015 Filius,
1972 961 2098 1001 0m-

444 1038 610 1094 nium
642 1042 734 1093 est
758 1037 1037 1094 Dominus
1062 1055 1075 1092 :
1101 1054 1207 1094 nos
1231 1042 1448 1107 autem,
1472 1041 1787 1110 antequam
1811 1052 2098 1103 essemus,

440 1127 709 1185 servituti
741 1126 1135 1198 corruptionis
1172 1130 1231 1181 et
1258 1125 1405 1198 legis
1438 1124 1834 1181 maledictioni
1864 1124 2100 1179 obnoxii

440 1216 514 1272 ab
544 1214 714 1271 initio
743 1215 1127 1271 tenebamur:
1154 1214 1365 1270 deinde
1386 1231 1520 1270 cum
1551 1213 1831 1287 paulatim
1858 1229 1944 1280 ea,
1968 1229 2097 1284 quas

439 1321 557 1360 non
588 1308 806 1371 essent,
832 1303 998 1359 nobis
1028 1303 1144 1376 ipsi
1167 1302 1626 1368 efﬁnxissemus,
1651 1302 1744 1357 his
1766 1302 1864 1373 qui
1889 1306 2099 1358 natura

439 1392 523 1449 dii
555 1409 672 1448 non
704 1395 891 1459 erant,
925 1396 990 1447 ut
1028 1392 1196 1447 docet
1238 1392 1445 1447 beatus
1474 1391 1795 1463 Apostolus
1815 1391 1880 1459 ⁷⁸,
1913 1390 2092 1446 servi-

436 1481 651 1551 vimus,
679 1480 916 1553 verique
949 1480 1046 1536 Dei
1080 1480 1290 1553 ignari,
1313 1496 1382 1535 ea
1410 1497 1537 1552 quae
1569 1478 1733 1536 nulla
1761 1483 1927 1536 erant
1955 1479 2093 1535 veri-

438 1570 542 1625 tati
573 1569 1046 1642 anteposuimus.
1071 1569 1280 1625 Postea
1306 1584 1461 1639 vero,
1491 1558 1554 1624 ut
1582 1573 1748 1624 vetus
1780 1566 1877 1623 ille
1907 1585 2091 1640 popu-

438 1658 534 1715 lus
578 1658 640 1713 in
686 1659 929 1731 £gypto
962 1674 1280 1730 oppressus
1328 1657 1780 1730 ingemiscebat;
1831 1656 1913 1712 ita
1960 1673 2090 1713 cum

439 1764 547 1805 nos
572 1747 826 1804 naturali
856 1746 1046 1803 ornati
1076 1746 1225 1819 lege,
1255 1746 1679 1802 inenarrabiles
1708 1745 1964 1819 Spiritus
1991 1762 2090 1818 ge-

439 1838 622 1893 mitus
672 1836 1077 1901 edebamus",
1111 1837 1535 1908 aiebamusque
1580 1853 1593 1892 :
1649 1834 1896 1905 Domine,
1952 1836 2092 1891 Deus

434 1931 637 1997 noster,
667 1925 887 1998 posside
930 1926 1119 1993 nos";
1153 1924 1652 1996 quemadmodum
1683 1925 1871 1980 tactus
1903 1928 1993 1980 est
2027 1923 2089 1979 in

436 2016 680 2071 domum
724 2013 934 2086 refugii
986 2018 1044 2070 et
1087 2013 1146 2069 in
1198 2013 1386 2069 Deum
1436 2016 1867 2084 protectorem:
1901 2012 1985 2068 sic
2033 2015 2090 2068 et

434 2104 561 2177 ipse
592 2102 879 2160 Dominus
918 2106 1117 2159 noster
1146 2105 1235 2158 est
1264 2101 1472 2158 factus.
1507 2104 1622 2157 Nec
1662 2100 1761 2157 ille
1789 2106 1931 2157 tunc
1960 2117 2090 2157 esse

436 2192 630 2265 ccepit,
662 2193 763 2248 sed
797 2208 905 2248 nos
943 2208 1078 2248 eum
1109 2190 1428 2247 Dominum
1480 2190 1692 2246 habere
1733 2189 2085 2261 incepimus.

435 2281 581 2337 Nam
616 2285 767 2337 Deus
799 2280 900 2353 qui
949 2281 1141 2337 bonus
1170 2283 1260 2336 est
1289 2284 1348 2336 et
1373 2280 1543 2335 Pater
1570 2279 1826 2350 Domini,
1860 2278 2087 2335 miseri-

437 2369 635 2427 cordia
664 2373 880 2437 motus,
913 2368 1231 2441 volensque
1263 2372 1437 2425 notus
1468 2367 1743 2425 omnibus
1775 2368 1922 2435 ﬁeri,
1954 2368 2088 2424 fecit

437 2465 504 2516 ut
524 2475 669 2515 suus
691 2456 871 2515 Filius
892 2474 1106 2530 corpus
1131 2444 1457 2513 humanum
1478 2456 1769 2525 indueret,
1794 2456 2088 2529 homoque

434 2549 623 2616 fleret,
648 2550 705 2603 et
733 2551 1036 2604 vocaretur
1061 2547 1261 2614 Jssus,
1281 2550 1348 2602 ut
1376 2546 1434 2601 in
1466 2561 1533 2603 eo
1563 2561 1802 2618 corpore
1824 2563 1927 2618 pro
1957 2562 2087 2601 0m-

435 2638 612 2694 nibus
642 2653 705 2693 se
732 2637 1004 2706 offerens,
1034 2652 1239 2693 omnes
1268 2634 1600 2691 idololatria
1627 2637 1685 2691 et
1714 2635 2089 2707 corruptione
2131 2690 2134 2693 λ

434 2724 730 2797 liberaret,
763 2742 830 2781 ac
859 2724 1124 2780 omnium
1154 2723 1438 2781 Dominus
1478 2728 1536 2779 et
1574 2723 1690 2779 Rex
1726 2722 1905 2779 fleret.
1940 2724 2086 2779 Eum

435 2831 571 2888 ergo
603 2814 713 2871 hac
740 2813 965 2871 ratione
1009 2813 1318 2869 Dominum
1348 2816 1405 2869 et
1436 2811 1653 2886 Regem
1685 2812 1902 2868 factum
1934 2827 2084 2880 esse,

435 2904 696 2977 idipsum
727 2907 818 2960 est
847 2903 1004 2976 quod
1051 2902 1259 2959 Petrus
1288 2902 1389 2969 ait,
1420 2904 1565 2959 Fecit
1609 2918 1740 2958 eum
1788 2903 2088 2959 Dominum

435 3001 491 3048 et
540 2984 820 3049 Christum
866 2991 1103 3062 misit",
1135 2991 1290 3063 quod
1325 2990 1481 3047 idem
1510 2995 1620 3058 est,
1653 3006 1719 3046 ac
1767 2990 1817 3046 si
1866 2990 2087 3047 diceret

436 3085 666 3138 Patrem
692 3096 826 3136 cum
848 3080 1056 3137 fecisse
1076 3079 1396 3136 hominem.
1425 3078 1573 3136 Fieri
1594 3079 1753 3135 enim
1781 3079 2085 3152 proprium

435 3174 526 3227 est
555 3169 883 3226 hominum.
908 3170 1023 3225 Nec
1058 3184 1190 3225 vero
1232 3186 1368 3225 eum
1397 3167 1766 3225 solummodo
1797 3167 1932 3224 fecit
1976 3167 2084 3225 h0-

430 3258 674 3329 minem,
703 3259 804 3314 sed
838 3262 902 3314 ut
938 3258 999 3313 in
1031 3274 1234 3315 omnes
1265 3257 1689 3325 dominaretur,
1722 3274 1939 3329 eosque
1968 3274 2084 3313 un-

2213 674 2357 732 ἀλλὰ
2379 677 2480 746 τήν
2512 676 2587 738 είς
2618 673 2839 733 ἕκαστον
2888 678 3183 754 γινομένην
3235 678 3536 755 εὐεργεσίαν
3593 683 3721 760 παρ’
3762 681 3843 740 αύ-

2209 762 2326 819 τοῦ·
2361 765 2505 822 οὕτω
2562 768 2651 822 καὶ
2699 766 2763 822 τὸ
2808 771 2906 823 τοῦ
2953 768 3160 844 Πέτρου
3212 768 3377 845 ῥητὸν
3410 776 3508 841 τὴν
3542 771 3710 844 αὐτὴν
3741 771 3844 850 ἔχει

2211 849 2477 913 διάνοιαν.

2283 946 2369 1000 14.
2402 943 2579 1020 Λόγος
2615 945 2709 1019 μὲν
2737 945 2839 1022 γὰρ
2872 942 2945 1001 ὢν
2978 945 3137 1009 αὐτὸς
3168 949 3197 1003 6
3219 952 3317 1005 τοῦ
3366 954 3501 1005 Θεοῦ
3548 950 3699 1022 Υἱὸς,
3744 953 3843 1009 Κύ-

2210 1032 2325 1105 ριός
2355 1030 2464 1087 ἐστι
2494 1037 2590 1089 τοῦ
2622 1034 2840 1097 παντός’
2876 1037 3039 1109 ἡμεῖς
3072 1036 3131 1092 δὲ
3157 1037 3220 1092 τὸ
3244 1039 3370 1113 πρὶν
3423 1041 3560 1113 ἦμεν
3624 1040 3845 1096 ὑπεύθυ-

2206 1142 2291 1175 νοι
2320 1121 2370 1192 ἐξ
2428 1122 2608 1198 ἀρχῆς
2665 1124 2759 1197 μὶν
2791 1129 2862 1200 τῇ
2895 1123 3117 1198 δουλείᾳ
3143 1130 3244 1192 τῆς
3277 1129 3483 1205 φθορᾶς
3511 1128 3604 1183 καὶ
3633 1133 3702 1204 τῇ
3755 1152 3842 1185 κα-

2205 1209 2341 1286 τάρᾳ
2368 1215 2464 1265 τοῦ
2492 1211 2687 1285 νόμου,
2716 1208 2900 1270 ἔπειτα
2932 1211 2988 1270 δὲ
3034 1215 3125 1269 καὶ
3154 1217 3267 1290 (69)
3317 1218 3434 1272 κατ’
3489 1215 3677 1294 ὀλίγον
3734 1219 3842 1274 ἑαυ-

2203 1304 2319 1361 τοῖς
2395 1299 2792 1364 ἆναπλάσαντες
2864 1303 2932 1358 τὰ
2996 1302 3143 1376 ὅντα,
3203 1301 3585 1378 ἐδουλεύομεν,
3653 1308 3724 1371 ὡς
3774 1308 3841 1363 εἶ’-

2204 1408 2301 1442 πεν
2334 1389 2362 1443 6
2396 1392 2657 1466 μακάριος
2699 1391 3055 1461 Ἀπόστολος,
3086 1399 3202 1456 τοῖς
3234 1393 3387 1472 φύσει
3423 1396 3501 1469 μὴ
3534 1394 3651 1451 οὖσι
3684 1403 3835 1461 θεοῖς·

2204 1475 2412 1532 καὶτὸν
2448 1477 2542 1551 μὲν
2571 1477 2829 1551 ἀληθινὸν
2865 1483 2979 1553 (70)
3011 1480 3140 1537 Θεὸν
3170 1483 3496 1558 ἠγνοοῦμεν,
3553 1484 3622 1540 τὰ
3663 1481 3720 1540 δὲ
3767 1487 3838 1559 μὴ

2203 1559 2328 1621 ὄντα
2356 1573 2739 1642 προετιμῶμεν
2769 1571 2867 1639 τῆς
2899 1568 3179 1641 ἀληθείας.
3214 1570 3367 1629 Ἀλλ’
3398 1571 3617 1650 ὕστερον
3669 1572 3838 1651 ὣσπερ

2202 1655 2230 1708 6
2261 1652 2430 1710 πάλαι
2463 1654 2593 1719 λαὸς
2621 1659 2733 1732 (71)
2779 1656 2830 1713 έν
2873 1658 3134 1734 Αἰγύπτῳ
3192 1660 3528 1737 βαρούμενος
3560 1661 3837 1739 ἐστέναξεν,

2201 1741 2346 1797 οὕτω
2391 1743 2481 1798 καὶ
2535 1745 2568 1815 ἠ
2581 1748 2695 1818 μῶν
2749 1741 3090 1823 ἔχόντωνθτὸ
3121 1741 3359 1826 ἔμφυτον
3390 1748 3560 1823 νόμον
3593 1749 3684 1805 καὶ
3714 1751 3842 1807 κατὰ

2197 1829 2326 1894 τοὺς
2358 1834 2470 1905 (72)
2519 1830 2834 1904 ἀλαλητους
2877 1835 3212 1911 στεναγμοὺς
3256 1841 3354 1892 τοῦ
3406 1837 3717 1912 Πνεύματος
3764 1838 3842 1895 έν-

2119 1920 2581 2029 Βτυγχανόντων
2640 1922 2731 1976 καὶ
2791 1920 3085 1998 λεγόντων
3141 1924 3328 1999 Κύριε,
3388 1926 3416 1981 6
3473 1927 3605 1990 Θεὸς
3661 1930 3840 2003 ἡμῶν,

2274 2012 2299 2022 θ’
2443 2012 2549 2029 "una
2609 2013 2623 2029 ο
2690 2018 2713 2027 υ
2864 2013 2875 2029 Ι
3102 2008 3127 2029 Ἰ
3355 2014 3369 2029 ι
3467 2017 3484 2029 ι

2197 2012 2391 2079 κτῆσαι
2439 2012 2552 2084 (73)
2600 2013 2767 2084 ἡμᾶς’
2819 2013 3035 2089 γέγονεν
3089 2008 3271 2091 ὥσπερ
3326 2014 3403 2078 είς
3436 2017 3583 2072 οἷκον
3615 2037 3842 2096 καταφυ-

2197 2105 2302 2173 γῆς
2347 2098 2437 2153 καὶ
2503 2098 2578 2160 εἰς
2645 2100 2773 2155 Θεὸν
2832 2101 3259 2176 ὑπερασπιστήν,
3318 2103 3461 2159 οὕτω
3517 2103 3607 2159 καί
3652 2105 3839 2180 Κύριος

2196 2190 2357 2260 ἡμῶν
2401 2186 2611 2264 γέγονε.
2666 2190 2773 2245 Καὶ
2828 2190 2928 2245 οὑκ
2966 2190 3147 2268 ἀρχὴν
3194 2197 3291 2247 τοῦ
3348 2194 3483 2248 εἶναι
3522 2192 3683 2258 αὐτός
3718 2193 3841 2271 ἔσχε

2194 2275 2336 2330 τότε·
2389 2275 2514 2332 ἀλλ’
2560 2277 2724 2350 ἡμεῖς
2773 2278 2951 2354 ἀρχὴν
2985 2277 3219 2356 ἔσχομεν
3251 2285 3347 2336 τοῦ
3380 2282 3510 2337 εἶναι
3542 2285 3653 2358 (74)
3684 2283 3836 2339 αὐτὸν

2196 2363 2392 2460 Κύριον
2427 2367 2632 2460 “imam.
2682 2367 3043 2460 dom6vu-{a‘tp
3094 2362 3303 2453 apes;
3355 2364 3429 2426 ὥν
3483 2371 3510 2426 ὁ
3542 2371 3696 2442 Θεός,
3750 2372 3840 2429 καὶ
3872 2370 3912 2460 \/

2196 2454 2383 2531 Πατὴρ
2415 2448 2489 2508 ὥν
2518 2458 2614 2509 τοῦ
2647 2454 2869 2530 Κύριου,
2897 2454 3123 2528 ἐλεήσας
3138 2448 3243 2513 vui
3296 2457 3468 2524 θέλών
3526 2466 3657 2516 πᾶσι
3701 2484 3837 2540 γνω-

2197 2549 2387 2613 σθῆναι
2436 2545 2570 2617 (75),
2614 2549 2763 2599 ποιεῖ
2805 2544 2897 2600 τὸν
2949 2545 3141 2601 ἑαυτοῦ
3188 2548 3312 2602 Υἱὸν
3342 2545 3655 2614 ἐνδύσασθαι
3688 2556 3843 2626 σῶμα

2195 2631 2556 2707 ἀνθρώπινον,
2608 2633 2697 2687 καὶ
2770 2631 3015 2709 γενέσθαι
3075 2637 3383 2713 ἄνθρωπον,
3460 2637 3734 2711 κληθῆναί
3786 2663 3844 2697 1s

2195 2718 2354 2776 αὐτὸν
2435 2721 2643 2790 Ἰησοῦν
2722 2724 2875 2796 (76),
2947 2720 3022 2778 ἵν’
3088 2722 3143 2779 έν
3197 2725 3377 2800 τούτῳ
3431 2726 3616 2784 ἑαυτὸν
3675 2749 3841 2806 προσ⁹

2196 2808 2414 2885 ενέγκας
2448 2809 2578 2883 ὑπὲρ
2617 2808 2850 2880 πάντων,
2899 2810 3027 2875 τοὺς
3074 2811 3276 2876 πάντας
3338 2813 3678 2893 ἐλευθερώσῃ
3736 2818 3840 2874 ἀπὸ

2193 2898 2291 2969 τῆς
2334 2896 2732 2968 θεοπλανησίας
2944 2898 3034 2955 καὶ
3081 2907 3180 2971 τῆς
3228 2909 3454 2980 φθορᾶς,
3485 2904 3575 2960 καὶ
3626 2907 3836 2963 πάντων

2194 2987 2415 3062 γένηται
2464 2987 2664 3061 Κύριος
2711 2988 2800 3043 καὶ
2844 2988 3107 3053 Βασιλεὺς
3153 2989 3335 3055 αὐτὸς.
3377 2994 3455 3051 Τὸ
3486 2991 3552 3063 δὴ
3586 2996 3701 3069 (78)
3750 2997 3839 3052 οὗν

2191 3076 2430 3151 γενέσθαι
2508 3074 2663 3131 αὐτὸν
2743 3075 2886 3131 οὕτω
2962 3077 3157 3152 Κύριον
3226 3080 3314 3135 καὶ
3392 3081 3637 3157 βασιλέα,
3693 3087 3837 3141 τοῦτ’

2193 3162 2333 3219 ἔστιν
2393 3162 2424 3219 6'
2479 3160 2661 3240 ἔλεγεν
2719 3166 2747 3221 6
2805 3167 3026 3241 Πέτρος.
3078 3168 3362 3241 Ἐποίησεν
3393 3170 3551 3226 αὐτὸν
3614 3173 3835 3249 Κύριον,

2192 3252 2281 3309 καὶ
2340 3254 2388 3310 Χ
2525 3254 2539 3273 “
2630 3254 2727 3309 ἀέ
2849 3255 2870 3310 )
2948 3276 2961 3288 ο
3023 3253 3049 3277 ”
3231 3262 3260 3274 ⁸·
3450 3265 3474 3276 ’⁸
3625 3261 3633 3279 ’
3819 3266 3835 3285 ‘

2397 3274 2576 3330 ριστον
2665 3276 2940 3311 π-στει.εν
3026 3278 3135 3313 ισον
3193 3280 3272 3332 τῳ
3333 3258 3542 3334 εἷπιιν,
3602 3263 3686 3317 ὁτι
3743 3285 3836 3319 και

430 3347 621 3404 ctione
651 3353 887 3403 sanctos
914 3348 1199 3404 redderet.
1219 3346 1367 3402 Nam
1389 3347 1499 3403 etsi
1518 3346 1776 3403 Verbum
1809 3346 1868 3402 in
1896 3348 2080 3403 forma

2201 3343 2488 3418 ἄνθρωπον
2522 3342 2682 3399 αὐτὸν
2716 3365 2949 3416 ποιησας
2983 3345 3011 3402 6
3044 3330 3252 3420 Πατήρέ
3283 3344 3420 3404 ἴδιον
3470 3330 3574 3427 γᾶιρ
3623 3352 3836 3430 ἀνθρώ-

426 3435 530 3493 Dei
560 3435 817 3492 existens
866 3434 1019 3491 servi
1069 3435 1319 3490 formam
1366 3435 1610 3506 accepit,
1642 3435 1836 3491 carnis
1882 3438 2081 3492 tamen

426 3523 752 3597 assumptio
780 3523 1060 3595 Verbum,
1093 3522 1194 3595 qui
1224 3522 1509 3580 Dominus
1540 3528 1754 3580 natura
1781 3528 1925 3596 erat,
1957 3541 2076 3580 ser-

425 3631 563 3670 vum
608 3630 723 3669 non
774 3612 972 3681 efﬁcit,
1005 3612 1106 3669 sed
1158 3611 1491 3668 universam
1525 3612 1721 3685 potius
1768 3612 2076 3670 hominum

423 3706 697 3757 naturam
747 3700 940 3774 ipsum
985 3700 1233 3757 Verbum
1284 3698 1573 3769 liberavit,
1606 3702 1761 3772 quod
1794 3701 2074 3771 Verbum,

424 3789 524 3862 qui
558 3793 768 3846 natura
791 3788 1074 3845 Dominus
1105 3788 1252 3844 381
1289 3793 1433 3857 erat,
1457 3789 1631 3846 etiam
1658 3790 1850 3846 factus
1876 3790 2074 3858 homo,

420 3895 526 3951 per
554 3879 703 3935 servi
737 3879 1011 3947 formam,
1041 3878 1305 3933 omnium
1336 3878 1526 3934 factus
1565 3884 1655 3934 est
1702 3877 1986 3936 Dominus
2017 3884 2075 3936 et

420 3967 711 4035 Christus,
743 3966 799 4022 id
834 3969 942 4032 est,
966 3971 1033 4022 ut
1063 3982 1269 4022 omnes
1297 3982 1397 4037 per
1427 3965 1711 4037 Spiritum
1746 3967 2074 4025 sanctiﬁca-

417 4059 526 4111 ret.
561 4059 753 4129 Atque
802 4060 868 4110 ut
914 4054 1066 4111 Deus
1108 4055 1296 4109 factus
1350 4053 1409 4108 in
1440 4054 1625 4109 Deum
1684 4058 2072 4126 protectorem

418 4148 475 4200 et
516 4143 737 4213 dicens,
788 4146 893 4200 Ero
951 4143 1073 4199 illis
1127 4142 1350 4213 Deus",
1386 4158 1501 4196 non
1562 4148 1703 4197 tunc
1763 4144 1951 4216 magis
2010 4146 2075 4201 fit

416 4232 594 4298 Deus,
624 4231 713 4288 vel
744 4229 869 4287 ﬁeri
924 4230 1132 4303 incipit
1161 4246 1175 4285 :
1211 4230 1313 4287 sed
1364 4230 1517 4301 quod
1578 4247 1812 4303 semper
1868 4237 1977 4304 est,
2012 4235 2070 4290 id

416 4320 593 4377 etiam
624 4321 689 4375 fit
718 4320 1139 4392 indigentibus,
1164 4335 1298 4375 cum
1330 4319 1442 4391 ipsi
1473 4317 1795 4390 placuerit:
1820 4322 1901 4377 ita
1921 4338 2071 4394 quo-

416 4423 531 4479 que
551 4408 821 4464 Christus
843 4407 942 4478 qui
974 4412 1186 4463 natura
1210 4407 1491 4463 Dominus
1523 4411 1581 4463 et
1612 4407 1732 4464 Rex
1762 4410 2070 4482 sempiter-

415 4510 529 4553 nus
560 4500 669 4564 est,
688 4512 804 4552 non
836 4496 1024 4568 magis
1057 4496 1123 4551 ﬁt
1153 4495 1435 4553 Dominus
1464 4500 1593 4552 tum
1624 4513 1757 4552 cum
1792 4498 2066 4573 mittitur,

483 4603 529 4638 ⁷⁸
560 4602 728 4659 Rom.
761 4618 803 4669 ι,
832 4602 923 4656 25.
999 4601 1044 4636 ⁷⁸
1075 4600 1241 4656 Rom.
1272 4617 1397 4671 vui,
1428 4602 1518 4656 26.
1595 4602 1637 4637 ⁷⁷
1670 4602 1782 4660 Isa.
1814 4621 1969 4672 xxvx,
2004 4607 2091 4663 13.

2190 3452 2306 3486 πων
2336 3433 2399 3487 τὸ
2428 3434 2719 3491 ποιεῖσθαι.
2752 3433 2875 3510 Οὐχ
2904 3433 3094 3497 ἁπλῶς
3125 3432 3183 3491 δὲ
3200 3439 3309 3509 (79)
3343 3436 3595 3510 ἐποίησεν
3628 3440 3840 3517 ἄνθρω-

2188 3542 2312 3592 πον,
2344 3518 2474 3576 ἀλλ’
2501 3521 2578 3584 είς
2615 3521 2678 3577 τὸ
2735 3527 3009 3598 κυριεῦσαι
3056 3525 3270 3581 πάντων
3321 3526 3507 3597 αὐτὸν,
3556 3529 3647 3584 καὶ
3681 3531 3842 3607 ἁγιά-

2190 3614 2295 3680 ζειν
2324 3611 2524 3673 πάντας
2576 3607 2664 3665 διὰ
2719 3616 2815 3667 τοῦ
2872 3612 3179 3689 χρίσματος
3234 3615 3550 3687 πεποίηκεν.
3608 3618 3674 3676 Εἰ
3732 3619 3839 3696 γὰρ

2185 3698 2275 3753 καὶ
2307 3696 2508 3754 δούλου
2542 3702 2758 3777 μορφὴν
2793 3696 2981 3757 ἔλαϐεν
3013 3703 3041 3757 6
3074 3703 3123 3758 ἒν
3160 3708 3347 3785 μορφῇ
3388 3710 3521 3761 Θεοῦ
3573 3706 3836 3785 ὑπάρχων

2185 3786 2386 3864 Λόγος,
2422 3786 2546 3843 ἀλλ’
2567 3791 2602 3859 ἡ
2634 3789 2947 3865 πρόσληψις
2970 3798 3074 3875 τῆς
3104 3795 3300 3870 σαρκὸς
3331 3793 3431 3849 οὐκ
3460 3791 3690 3852 ἐδούλου
3721 3800 3838 3875 (80)

2181 3877 2272 3931 τὸν
2305 3876 2480 3952 Λόγον
2510 3878 2662 3955 φύσει
2696 3878 2893 3954 Κύριον
2948 3874 3093 3935 ὅντα’
3149 3880 3296 3938 ἀλλὰ
3346 3882 3559 3957 μᾶλλον
3613 3884 3838 3942 ἐλευθές

2185 3986 2349 4042 ρωσις
2386 3967 2479 4038 μὶν
2508 3969 2572 4035 ἦν
2606 3969 2639 4037 ἡ
2672 3969 2933 4043 γινομένη
2969 3970 3113 4045 παρὰ
3141 3976 3238 4026 τοῦ
3279 3971 3464 4048 Λόγου
3508 3972 3686 4044 πάσης
3728 3983 3834 4047 τῆς

2184 4055 2620 4130 ἀνθρωπότητος’
2656 4055 2815 4119 αὐτὸς
2876 4054 2933 4112 δὲ
2976 4059 3004 4113 6
3054 4057 3205 4137 φύσει
3253 4062 3365 4134 (81)
3396 4061 3593 4137 Κύριος
3622 4063 3832 4140 Λόγος,

2181 4144 2278 4200 κπὶ
2311 4143 2592 4220 ἄνθρωπος
2622 4144 2990 4231 ποιηθεὶς,διά
3005 4150 3103 4218 τῆς
3134 4154 3230 4204 τοῦ
3261 4147 3464 4206 δούλου
3497 4159 3713 4231 μορφῆς
3734 4153 3845 4208 K6-

2184 4250 2299 4306 ριος
2332 4230 2541 4286 πάντων
2575 4230 2664 4286 καὶ
2714 4232 2971 4309 Χριστὸς,
3000 4235 3301 4307 τουτέστιν,
3352 4237 3427 4300 εἰς
3476 4239 3540 4293 τὸ
3597 4230 3842 4317 ἇγιάζειν

2179 4325 2261 4394 τῷ
2320 4320 2589 4393 Πνεύματι
2641 4318 2865 4395 πάντας,
2916 4322 3233 4395 πεποίηται.
3288 4324 3383 4380 Καὶ
3432 4325 3614 4404 ὥσπερ
3644 4329 3673 4383 6
3705 4330 3843 4394 Θεὸς

2180 4409 2468 4486 γινόμενος
2499 4407 2576 4471 εἷς
2612 4408 2740 4464 Θεὸν
2794 4410 3216 4487 ὑπερασπιστὴνι,
3263 4415 3352 4470 καὶ
3409 4413 3609 4491 λέγων’
3671 4422 3846 4474 Ἔσο-

2184 4520 2278 4573 μαι
2309 4498 2492 4561 αὐτοῖς
2524 4497 2677 4560 Θεός·
2731 4496 2792 4553 οὐ
2848 4499 3063 4573 μᾶλλον
3107 4497 3230 4557 τότε
3280 4502 3482 4580 γίνεται
3540 4505 3690 4576 Θεὸς,
3741 4506 3844 4563 οὐ-

2166 4609 2210 4644 7'
2241 4609 2373 4663 Act.
2404 4622 2467 4675 ιι,
2499 4606 2591 4661 36.
2666 4607 2712 4642 ⁷⁸
2744 4607 2793 4663 ΙΙ
2824 4607 2953 4664 Cor.
2984 4624 3063 4678 vx,
3098 4610 3185 4666 16.
3254 4660 3263 4669 .

484 4709 608 4800 (68),
637 4710 786 4769 Felc.
833 4709 887 4780 4,
945 4704 1221 4782 γεννητόν.
1259 4707 1371 4763 Alii
1421 4712 1478 4764 et
1523 4708 1701 4765 editio
1754 4709 2060 4785 Commel.,

2193 4720 2338 4800 tam,
2371 4708 2719 4800 θεοτξλμσέριςο
2751 4713 2883 4769 Mox
2909 4716 3444 4800 βεευενίιυ--ῆβεο
3493 4720 3839 4800 Galate-iss.

412 4779 885 4937 γεέᾆῗὲοεαθνη
944 4845 1129 4904 ἔπειτα
1185 4844 1243 4903 δὲ
1298 4847 1407 4907 καί.
1466 4848 1582 4904 Alii
1637 4854 1694 4906 et
1745 4851 1908 4923 editi,
1966 4850 2057 4907 καί

411 4929 789 5069 ﬁiiiugi’m
821 4994 986 5051 abest
1017 5009 1050 5048 a
1077 4991 1275 5048 Basili.
1327 4991 1457 5048 Mox
1505 4992 1768 5061 Seguer.,
1814 4992 1903 5046 καὶ
1960 4994 2054 5049 τὸν

408 5065 695 5136 ἀληθινόν.

475 5140 589 5212 (71)
618 5135 982 5211 Begueriah.,
1041 5134 1069 5189 ὁ
1126 5131 1384 5196 παλαιός·
1446 5138 1571 5190 Mox
1631 5134 1780 5191 Felc.
1821 5134 2054 5208 4,6016-

396 5213 1078 5354 δοευειζηνόμον
1119 5277 1256 5331 κατὰ
1307 5276 1452 5339 τούς.
1514 5277 1716 5335 Castori
1773 5283 1831 5334 et
1886 5279 2047 5350 editi,

395 5348 853 5425 νόμονααὶξκατὰ
877 5348 1027 5425 τούς.

466 5418 581 5496 (ῑ3)
612 5422 865 5496 Felckm.
900 5422 955 5490 4,
984 5418 1185 5496 πτίσαιῖ

466 5490 577 5569 (74)
608 5494 946 5569 Β-θευοτὶᾳῃ.
982 5490 1508 5569 Reg:__Gob_lerian.,
1554 5496 1611 5548 et
1644 5491 1788 5550 Felc.
1826 5496 1876 5563 1,
1912 5494 1943 5549 4
1993 5499 2050 5551 et

393 5564 430 5620 5
479 5563 577 5621 τοῦ
609 5563 767 5620 εἶναι.
799 5564 948 5621 Editi
979 5571 1035 5620 et
1067 5563 1188 5628 alii,
1219 5565 1299 5632 τῷ
1329 5582 1484 5618 ειναι.

434 5612 581 5710 ’(75)
610 5638 974 5710 Seguerian.,
1007 5636 1097 5690 καὶ
1128 5632 1301 5689 Θέλων
1333 5634 1422 5688 καὶ
1452 5638 1581 5688 πᾶσι

466 5684 581 5791 ea;
608 5684 1113 5789 gingivae").
1142 5684 1292 5771 ἐι
1316 5684 1646 5770 Ᾱῐεᾶιιίὲι
1675 5713 1794 5784 alii,
1825 5684 1971 5773 ru'v.

467 5801 579 5873 (77)
609 5800 972 5873 Seguerian.,
1005 5793 1111 5852 ἀπό
1157 5815 1217 5850 τε
1258 5801 1356 5863 τῆς
1405 5791 1754 5857 θεοπλασίας.
1803 5796 1953 5856 Εθιο.
1988 5800 2042 5872 4,

2169 4786 2342 4842 Felc..
2376 4786 2414 4864 1‘
2439 4789 2497 4864 et
2611 4782 2807 4864 ιςύριος
2835 4786 2924 4864 iui
2962 4782 3239 4860 βῖισιλεύς.
3267 4782 3422 4847 Εάίιῖ
3467 4798 3526 4848 et
3569 4792 3688 4864 alii,
3723 4791 3841 4847 Κύ-

2170 4877 2286 4932 ριος
2328 4854 2417 4909 καὶ
2448 4855 2596 4923 Θεὸς,
2635 4853 2911 4931 βασιλεύς.

2237 4939 2352 5010 (78)
2385 4937 2458 5007 Δή
2490 4939 2721 5010 abestis
2753 4938 3091 5010 Seguerian.
3122 4940 3353 4997 Gobler.
3408 4941 3559 5000 Felc.
3602 4947 3617 4998 1
3679 4947 3740 5001 et
3776 4946 3839 5001 4.

2165 5007 2382 5088 Ibidem
2427 5025 2597 5088 mea.
2631 5007 2772 5088 οὕτω
2804 5007 3028 5088 Κύριον..
3062 5019 3273 5088 praeter
3305 5013 3453 5070 Felo-
3485 5016 3540 5083 2.
3573 5014 3633 5070 in
3660 5033 3841 5088 quo.

2164 5086 2244 5157 ut
2259 5085 2316 5157 et
2342 5081 2401 5157 in
2433 5081 2845 5157 editis,_d_eest,
2878 5081 3211 5157 06116.'Mox
3239 5081 3834 5157 εοειιθιεητουτέᾰτινζ

2163 5152 2567 5231 Ibid._Anglic.
2594 5147 3071 5231 16né’leyév._ltem
3102 5147 3370 5227 Seguer‘i,
3403 5147 3825 5231 ibid.Gobler.,

2162 5231 2219 5280 et
2244 5223 2399 5299 Felc.
2433 5217 2464 5279 ἷ
2495 5229 2553 5280 et
2583 5225 2636 5299 ᾇ,
2668 5217 2825 5299 ἔλεγὲ
2856 5224 3080 5299 Πέτρος.

2232 5296 2346 5368 (79)
2375 5293 2711 5367 Seguerian.
2748 5293 2914 5368 Reg,
2948 5293 3004 5353 et
3032 5296 3184 5353 Felc.
3219 5298 3270 5369 4,
3305 5293 3363 5352 δέ
3392 5300 3693 5356 omittunt.

2233 5377 2347 5453 (80)
2377 5376 2520 5453 Felc
2554 5377 2611 5453 ﬁ,
2642 5372 2876 5453 ἐδήλου..
2916 5378 3097 5453 Paulo
3145 5381 3689 5453 post‘Seguerian”
3753 5382 3834 5451 ἦν

2158 5448 2447 5577 χιέομένη.
2483 5448 2705 5504 Ibidem
2737 5449 3094 5521 Goblerian.,
3123 5448 3182 5507 εἰ
3220 5450 3371 5508 Felc.
3401 5448 3477 5521 ’1,
3536 5448 3683 5527 περὸ
3719 5448 3835 5508 τοῦ

2241 5540 2368 5577 γου.

2278 5540 2368 5577 ου.

2232 5590 2340 5665 (81)
2381 5590 3118 5671 Seguerjan._Goblerian.,
3173 5597 3251 5671 et“
3297 5593 3563 5671 Felc.},
3614 5594 3832 5671 Κύριος

2156 5660 2355 5737 Λόγος,
2391 5660 2541 5737 μῑῖοι
2570 5662 2834 5737 Ncnnius
2865 5661 3026 5737 legit.
3062 5671 3122 5720 1n
3157 5664 3288 5721 aliis
3318 5670 3375 5722 et
3423 5660 3598 5724 editis
3651 5660 3837 5726 deest

2153 5732 2355 5809 Λόγος.
2389 5735 2611 5791 Ibidem
2643 5732 2733 5789 καί
2762 5732 3042 5793 οωὶῐῖυηι
3067 5737 3425 5795 Goblerian..
3457 5746 3517 5795 et
3572 5738 3723 5796 Felc.
3760 5741 3827 5799 1.
