4076 6318
319 363 437 422 181

1456 358 1749 421 ORATIO
1794 358 1847 420 II
1891 358 2206 419 CONTRA
2248 359 2616 420 AIlIANOS.

316 490 494 553 αὐτός
527 489 668 545 ἔστιν
698 489 726 544 6
757 489 882 551 Υἱὸς
910 493 1008 544 τοῦ
1063 493 1198 545 Θεοῦ
1222 507 1234 522 ’
1294 489 1572 565 ἄνθρωποι
1628 490 1728 566 γὰρ
1787 490 1977 552 πάντες

2103 490 2276 565 bigat,
2306 492 2409 548 sed
2440 509 2544 565 pro
2574 493 2729 546 certo
2768 488 2984 545 habeat
3038 484 3232 542 omnis
3286 484 3500 539 domus
3556 481 3735 538 Israel

318 579 620 643 ὑπεύθυνοι
664 576 893 632 θανάτου
942 576 1064 633 sici.
1098 578 1303 649 Μηκέτι
1356 582 1645 655 τοιγαροῦν
1705 573 1982 654 ἀμφιϐαλα

319 668 475 725 λὲτω
532 670 607 743 (8)
638 689 743 736 τις,
802 666 929 723 ἀλλ’
986 666 1245 745 ἀσφαλῶς
1301 666 1609 742 γινωσκέτω
1665 674 1767 730 πᾶς
1831 668 1980 731 οἶκος

318 756 579 833 Ἰσραὴλ,
611 755 693 812 ὅτι
727 756 884 818 οὗτος
915 757 943 811 ὁ
975 758 1209 829 Ἰησοῦς,
1250 757 1308 811 6v
1354 756 1692 832 ἐοεωρήσατε
1735 759 1981 833 σχήματι

320 846 644 919 ἄνθρωπον,
676 851 938 901 ποιοῦντα
968 852 1171 929 σημεῖα
1201 845 1291 902 καὶ
1336 851 1559 902 τοιαῦτα
1606 844 1761 924 ἔργα,
1793 846 1826 901 ἃ
1874 869 1982 921 μη-

320 934 442 998 δεὶς
493 937 717 991 πώποτε
771 935 1090 1007 πεποίηκεν,
1123 935 1281 999 αύτός
1335 935 1473 991 ἐστιν
1526 936 1554 990 6
1610 937 1837 1013 Χριστὸς
1891 936 1983 992 καὶ

323 1024 541 1101 Κύριος
570 1026 649 1097 (9)
695 1025 931 1082 πάντων.
964 1023 1063 1078 Καὶ
1118 1025 1219 1101 γὰρ
1272 1024 1361 1080 καὶ
1420 1022 1702 1103 ἄνθρωπος
1760 1021 1983 1102 γενόμε-

320 1134 442 1181 νος,
474 1112 567 1168 καὶ
623 1110 852 1182 κληθεὶς
911 1114 1144 1183 Ἰησοῦς,
1175 1112 1356 1190 ὥσπερ
1414 1113 1465 1169 ἐν
1524 1120 1640 1177 τοῖς
1698 1116 1985 1191 προτέροις

322 1200 560 1275 εἴπομεν
620 1203 755 1277 (10),
792 1201 892 1257 ούκ
946 1200 1242 1274 ἠλαττώθη
1300 1208 1380 1277 τῷ
1435 1204 1755 1278 ἀνθρωπίνῳ
1802 1204 1982 1276 πάθει,

324 1292 483 1349 ἀλλὰ
543 1291 755 1366 μᾶλλον
806 1292 896 1348 καὶ
956 1292 1007 1348 ἐν
1056 1298 1136 1366 τῷ
1180 1296 1478 1365 ποιηθῆναι
1524 1296 1635 1369 (11)
1676 1293 1982 1369 ἅνθρωπος,

332 1384 560 1452 ζώντων
620 1382 709 1437 καὶ
766 1386 970 1459 νεκρῶν
1031 1380 1408 1439 ἀποδείκνυται
1483 1383 1699 1461 Κύριος.
1758 1382 1983 1454 Ἐπειδὴ

326 1471 461 1547 γὰρ,
497 1472 574 1533 ὡς
618 1471 760 1526 εἶπεν
795 1472 823 1526 6
854 1470 1210 1542 Ἀπόστολος,
1244 1472 1296 1528 ἐν
1349 1476 1418 1548 τῇ
1468 1473 1641 1552 Σοφίᾳ
1695 1478 1793 1530 106
1850 1478 1985 1529 Θεοῦ

333 1561 442 1616 οὐκ
500 1556 642 1636 ἔγνῶ
695 1561 723 1615 6
779 1560 985 1635 κόσμος
1042 1558 1131 1616 διὰ
1184 1569 1285 1632 τῆς
1345 1562 1535 1643 σοφίας
1581 1564 1674 1618 τὸν
1703 1564 1853 1637 Θεὸν,
1885 1563 1985 1634 ηύ-

331 1648 571 1721 δόκησεν
649 1649 678 1704 6
744 1650 873 1713 Θεὸς
930 1652 1042 1725 (12)
1104 1648 1193 1705 διὰ
1242 1658 1363 1722 ,τῆς
1431 1650 1640 1728 μωρίας
1713 1651 1810 1708 106
1882 1674 1984 1723 κη·

334 1738 625 1816 ρύγματος
724 1743 894 1794 σῶσαι
987 1739 1116 1802 τοὺς
1209 1742 1556 1804 πιστεύοντας
1590 1760 1602 1773 °
1677 1742 1821 1797 οὕτω
1892 1743 1983 1799 καὶ

326 1831 501 1930 ἡμεῖς
532 1829 586 1883 οἱ
615 1826 930 1930 ’ἅνθρωποῃ
962 1826 1149 1900 ἐπειδὴ
1199 1829 1298 1885 οὐκ
1342 1828 1687 1905 ἠθελήσαμεν
1747 1829 1837 1886 διὰ
1881 1836 1984 1889 106
2014 1865 2064 1930 B

328 1915 523 1991 Λόγου
569 1915 734 1971 αὐτοῦ
781 1915 1071 1991 ἐπιγνῶναι
1110 1918 1200 1972 τὸν
1261 1918 1529 1988 Θεὸν,καὶ
1577 1916 1861 1976 δουλεῦσαι
1909 1926 1989 1994 τῷ

333 2004 497 2082 φύσει
529 2002 762 2079 δεσπότῃ
792 2006 946 2079 ὑμῶν
975 2010 1054 2079 τῷ
1101 2006 1259 2082 Λόγῳ
1295 2012 1393 2063 106
1446 2015 1599 2064 Θεου·
1630 2007 1926 2081 ηὐδόκησεν
1956 2011 1986 2065 6

330 2094 468 2157 Θεὸς
526 2093 576 2149 ἐν
636 2095 903 2169 ἀνθρώπῳ
950 2092 1117 2166 δεῖξαι
1159 2097 1262 2166 τὴν
1316 2098 1506 2153 ἑαυτοῦ
1548 2099 1867 2176 κυριότητα,
1896 2099 1986 2156 καὶ

328 2184 543 2245 πάντας
594 2181 816 2240 ἒλκῦσαι
862 2185 998 2260 πρὸς
1056 2184 1265 2242 ἑαυτόν.
1303 2192 1379 2241 Δι’
1428 2187 1714 2262 ἀνθρώπου
1764 2186 1822 2244 δὲ
1872 2193 1986 2264 (13)

326 2273 507 2345 ψιλοῦ
548 2277 710 2328 τοῦτο
758 2279 986 2342 ποιῆσαι
1028 2273 1263 2350 ἀπρεπὲς
1305 2276 1392 2344 ἦν’
1423 2274 1518 2330 ’ίνα
1569 2278 1669 2350 μὴ,
1701 2278 1984 2354 ἄνθρωπον

330 2360 541 2437 Κύριον
572 2358 816 2438 ἔχοντες,
848 2361 1301 2440 ἀνθρωπολοὶτραι
1349 2366 1656 2440 γενώμεθα·
1690 2365 1781 2423 διὰ
1823 2373 1986 2425 τοῦτο

324 2450 496 2512 αὐτὸς
528 2451 557 2505 6
588 2451 764 2525 Λόγος
823 2450 951 2527 σὰρξ
1008 2451 1240 2528 ἐγένετο,
1272 2452 1361 2508 καὶ
1419 2452 1637 2511 ἐκάλεσε
1691 2457 1753 2512 τὸ
1812 2453 1987 2532 ὄνομα

323 2539 504 2594 αὖτοῦ
533 2537 741 2609 Ἰησοῦν
773 2542 911 2613 (14),
938 2540 1027 2595 καὶ
1060 2541 1236 2605 οὕτως
1284 2541 1534 2614 ἐποίησεν
1582 2544 1743 2601 αὐτὸν
1789 2547 1982 2621 Κύριον

322 2628 426 2683 καὶ
486 2628 716 2703 Χριστὸν
776 2629 804 2683 6
845 2631 1050 2705 Πατήρ·
1103 2626 1219 2685 ί¹σον
1271 2636 1350 2703 τῷ
1406 2632 1594 2701 εἴπεῖν,
1625 2634 1717 2697 Εἷς
1773 2635 1836 2690 τὸ
1888 2657 1983 2692 κυ-

2090 580 2247 637 hunc
2275 582 2480 639 Jesum
2514 595 2686 653 quem
2717 578 2906 651 ﬁgura
2935 576 3235 632 hominem
3264 572 3519 640 vidistis,
3540 570 3742 643 signo-

2090 688 2224 727 rum
2258 676 2670 742 tantorumque
2728 673 3024 724 auctorem
3057 680 3313 738 operum,
3373 678 3501 733 quae
3541 658 3743 715 nullus

2094 778 2355 833 unquam
2384 761 2522 833 egit,
2555 760 2748 832 ipsum
2780 773 2909 814 esse
2965 755 3269 813 Christum
3315 755 3374 808 et
3422 749 3742 807 Dominum

2093 850 2378 906 omnium.
2415 851 2677 921 Namque
2700 848 2888 904 factus
2911 846 3045 902 licet
3093 848 3150 899 et
3179 844 3420 898 vocatus
3454 839 3648 906 Jesus,
3682 840 3746 896 ut

2094 944 2264 996 antea
2293 940 2575 1006 diximus,
2608 955 2723 994 non
2764 941 2852 993 est
2884 940 3081 992 tamen
3118 932 3381 989 humana
3409 928 3745 987 conditione

2093 1029 2552 1097 diminutus,sed
2576 1027 2790 1101 potius,
2813 1043 2947 1082 cum
2979 1024 3152 1081 homo
3182 1022 3375 1078 factus
3406 1023 3515 1085 est,
3549 1017 3745 1074 viven-

2095 1119 2244 1176 tium
2274 1123 2331 1177 et
2352 1122 2719 1175 mortuorum
2749 1115 3036 1173 Dominus
3066 1117 3159 1170 est
3210 1108 3566 1167 declaratus.
3601 1106 3748 1176 Quid

2094 1209 2264 1281 enim,
2297 1213 2362 1265 ut
2390 1209 2473 1264 ait
2501 1206 2837 1281 Apostolus,
2873 1207 2934 1261 in
2963 1203 3256 1275 Sapientia
3288 1201 3389 1256 Dei
3416 1214 3524 1255 non
3551 1212 3750 1266 cogno-

2097 1302 2173 1356 vit
2204 1298 2442 1354 mundus
2472 1298 2644 1353 Deum
2691 1311 2791 1368 per
2831 1294 3187 1367 sapientiam,
3215 1290 3429 1361 placuit
3484 1288 3590 1343 Deo
3643 1300 3747 1355 per

2092 1389 2392 1445 stultitiam
2445 1386 2864 1460 praedicationis
2912 1384 3089 1439 salvos
3152 1382 3337 1452 facere
3380 1376 3654 1433 credentes
3674 1373 3743 1429 ”.

2094 1479 2185 1534 Sic
2204 1477 2403 1543 etiam,
2437 1476 2575 1548 quia
2604 1492 2710 1531 nos
2733 1472 3003 1529 homines
3053 1487 3158 1543 per
3185 1470 3314 1540 ejus
3352 1465 3598 1522 Verbum
3633 1479 3744 1519 no-

2094 1566 2315 1624 luimus
2346 1567 2530 1623 Deum
2562 1579 2899 1637 agnoscere,
2932 1577 3036 1617 nec
3104 1558 3205 1615 Dei
3262 1555 3468 1624 Verbo,
3515 1553 3613 1626 qui
3644 1568 3744 1608 na-

2095 1661 2228 1713 tura
2258 1660 2455 1713 noster
2486 1654 2769 1711 Dominus
2797 1655 2906 1721 est,
2966 1648 3181 1706 servire
3208 1665 3221 1702 :
3255 1644 3477 1719 placuit
3534 1647 3647 1699 Deo
3676 1640 3739 1698 in

2096 1746 2331 1802 homine
2359 1761 2534 1801 suum
2564 1741 2867 1799 ostendere
2899 1737 3281 1807 dominatum,
3311 1748 3636 1804 omnesque
3667 1730 3741 1786 ad

2093 1836 2358 1908 seipsum
2389 1833 2700 1890 attrahere.
2731 1835 2840 1887 Per
2860 1845 3090 1886 merum
3123 1829 3320 1883 autem
3353 1820 3649 1879 hominem
3681 1819 3741 1875 id

2097 1925 2411 1982 dedecebat
2439 1923 2588 1989 fieri,
2621 1939 2692 1978 ne
2722 1919 3020 1976 hominem
3071 1914 3378 1973 dominum
3433 1910 3742 1977 habentes,

2097 2014 2355 2071 hominis
2394 2012 2648 2069 cultores
2704 2011 3090 2067 efﬁcercmur.
3137 2005 3503 2077 Quapropter
3545 2000 3745 2072 ipsum

2094 2104 2352 2161 Verbum
2384 2120 2517 2161 caro
2550 2103 2769 2158 factum
2800 2103 2911 2168 est,
2958 2101 3015 2153 et
3076 2093 3300 2152 vocavit
3350 2106 3562 2148 nomen
3616 2088 3747 2161 ejus

2094 2194 2318 2262 Jesum,
2352 2197 2526 2264 atque
2549 2190 2633 2247 ita
2658 2206 2795 2246 eum
2824 2186 3137 2245 Dominum
3167 2187 3225 2239 et
3269 2180 3568 2238 Christum
3612 2177 3749 2234 fecit

2095 2287 2285 2351 Pater,
2335 2281 2391 2336 id
2424 2286 2536 2347 est,
2568 2278 2703 2337 fecit
2734 2281 2797 2333 ut
2825 2274 3228 2332 dominaretur
3268 2275 3325 2326 et
3357 2270 3649 2342 regnaret,
3682 2269 3748 2322 ut

2095 2371 2155 2427 in
2188 2370 2423 2427 nomine
2460 2370 2622 2437 Jesu,
2656 2383 2832 2440 quem
2890 2382 2991 2422 vos
3022 2359 3422 2428 crucifixistis,
3458 2356 3745 2427 quemad-

2096 2462 2338 2518 modum
2362 2476 2533 2517 omne
2557 2474 2711 2532 genu
2740 2453 3101 2521 flectitur,ita
3128 2457 3185 2509 et
3212 2448 3529 2508 Dominum
3559 2450 3616 2503 et
3636 2446 3746 2502 Re-

2094 2568 2227 2623 gem
2264 2550 2462 2622 ipsum
2489 2549 2723 2617 Filium,
2775 2550 2832 2602 et
2887 2548 3113 2618 patrem
3160 2558 3261 2614 per
3309 2554 3447 2597 eum
3475 2551 3749 2610 agnosce-

2096 2658 2316 2698 remus.

327 2716 537 2794 ριεύειν
596 2716 752 2772 αὐτὸν
803 2717 894 2772 καὶ
956 2716 1256 2794 βασιλεύειν
1316 2720 1588 2793 ἐποίησεν,
1615 2721 1689 2778 ’ἶν’
1719 2723 1772 2780 ἐν
1815 2729 1895 2798 τῷ
1944 2724 2172 2801 ὀνόματι
2223 2732 2425 2798 Ἰησοῦ,
2465 2727 2524 2782 ’ὀν
2587 2726 2740 2799 ὑμεῖς
2799 2721 3188 2793 ἐσταυρώσατε,
3230 2715 3412 2793 ὥσπερ
3469 2718 3573 2770 πᾶν
3618 2711 3747 2788 γόνυ

326 2805 600 2879 κάμπτει,
634 2805 779 2861 οὕτω
809 2806 902 2861 καὶ
933 2807 1132 2884 Κύριον
1163 2810 1252 2864 καὶ
1281 2810 1517 2867 Βασιλέα
1545 2812 1703 2868 αὐτόν
1734 2834 1794 2870 1s
1825 2815 1917 2870 16v
1949 2817 2072 2872 Υἱὸν
2102 2817 2565 2893 ἐπιγινώσκωμεν,
2593 2814 2684 2871 καὶ
2715 2811 2784 2869 δι’
2813 2812 2977 2868 αὐτοῦ
3006 2811 3096 2865 τὸν
3126 2806 3355 2884 Πατέρα.

412 2898 503 2952 17.
566 2892 841 2952 Ἰουδαίων
907 2897 1001 2970 μὶν
1070 2896 1161 2953 οὖν
1220 2902 1334 2974 (15)
1393 2901 1445 2955 οἱ
1500 2901 1770 2975 πλεῖστοι,
1827 2910 1986 2961 ταῦτα

2178 2911 2264 2965 17.
2322 2909 2426 2964 His
2483 2906 2697 2965 auditis
2754 2904 3020 2977 plerique
3064 2901 3402 2958 Judaeorum
3453 2896 3539 2952 ita
3588 2894 3753 2949 fuere

330 2984 651 3054 ἀκούοντες,
714 2983 1102 3060 ἑνετράπησαν,
1132 2988 1222 3042 καὶ
1280 2986 1473 3045 λοιπὸν
1534 2990 1838 3067 ἐπέγνωσαν
1896 2994 1987 3050 τὸν

328 3070 597 3146 Χριστὸν,
632 3071 707 3135 ὡς
765 3071 819 3128 ἐν
876 3080 995 3136 ταῖς
1052 3076 1282 3152 ΙῙράξεσι
1339 3077 1652 3154 γέγραπται·
1687 3079 1872 3152 ἔπειδή
1934 3080 1993 3138 δὲ

334 3161 395 3216 οἱ
450 3162 865 3237 Ἀρειομανῖται
924 3163 1197 3241 αἱροῦνται
1252 3165 1542 3240 ἀπομένειν
1590 3168 1845 3227 Ἰουδαῖοι
1900 3172 1991 3227 καὶ

337 3251 621 3326 μάχεσθαι
646 3249 728 3325 τῷ
773 3251 986 3329 Πέτρῳ,
1021 3255 1169 3331 φέρε,
1199 3257 1295 3319 τὰς
1344 3256 1539 3330 ὁμοίας
1594 3259 1759 3331 λέξεις
1807 3260 1990 3326 αὐτοῖς

332 3343 739 3415 παραθώμεθαθ
786 3339 918 3405 ἴσως
967 3342 1062 3399 κᾶν
1127 3341 1298 3408 οὕτως
1354 3344 1678 3423 ἐντραπῶσι,
1735 3350 1993 3423 μαθόντες

331 3428 442 3497 τὴν
502 3431 782 3500 συνήθειαν
840 3437 941 3501 τῆς
999 3432 1144 3496 θείας
1192 3438 1429 3510 Γραφῆς.
1463 3439 1585 3495 ’Ότι
1623 3437 1717 3511 μὲν
1775 3438 1865 3494 06v
1908 3438 1990 3495 ἀί-

335 3515 461 3579 διος
495 3519 608 3592 (16)
642 3517 839 3595 Κύριός
870 3519 979 3575 ἐστι
1007 3520 1099 3577 καὶ
1154 3523 1420 3588 Βασιλεὺς
1470 3527 1499 3581 ὁ
1536 3528 1784 3598 Χριστὸς,
1819 3526 1990 3599 δῆλον

336 3606 568 3682 γέγονεν
622 3605 683 3663 ἐκ
732 3612 839 3663 τῶν
898 3611 1331 3687 προειρημένων,
1362 3614 1450 3669 καὶ
1511 3613 1685 3678 οὐδεῖς
1733 3616 1896 3688 ἐστιν,
1929 3620 1991 3683 ὃς

339 3689 690 3774 ἀμφιϐάλλει
747 3697 873 3774 περὶ
922 3698 1140 3759 τούτου.
1209 3703 1335 3765 Υἱὸς
1388 3703 1492 3779 γὰρ
1546 3702 1618 3760 ὢν
1676 3711 1774 3762 106
1830 3713 1990 3781 Θεοῦ,

339 3783 549 3855 ὅμοιος
579 3784 747 3840 αὐτοῦ
777 3789 890 3861 (17)
918 3786 978 3842 ἂν
1010 3786 1115 3860 ε’ίη⁹
1148 3788 1342 3864 ὅμοιος
1374 3790 1432 3847 δὲ
1479 3790 1577 3866 ὣν,
1607 3793 1823 3860 πάντως
1879 3795 1991 3853 ἐστὶ

336 3873 435 3928 καὶ
498 3873 695 3950 Κύριος
741 3875 833 3930 καὶ
892 3876 1165 3941 Βασιλεύς·
1200 3878 1360 3944 αὐτὸς
1406 3880 1508 3958 γάρ
1567 3904 1749 3961 φησιν·
1780 3887 1837 3939 Ὀ
1895 3885 1993 3961 ἐμὲ

339 3962 607 4035 ἑωρακὼς
660 3962 867 4039 ἑώρακε
915 3965 1005 4020 τὸν
1038 3966 1268 4042 Πατέρα.
1299 3969 1421 4026 ’Ότι
1481 3967 1539 4024 δὲ
1586 3972 1677 4025 καὶ
1728 3971 1857 4028 αὐτὸ
1890 3975 1990 4047 μό-

338 4070 437 4104 νον
483 4050 546 4104 τὸ
591 4048 893 4126 λεγόμενον
919 4054 1065 4130 παρᾶ
1116 4060 1214 4111 106
1244 4057 1472 4132 Πέτρου,
1503 4060 1614 4132 (18)
1646 4059 1841 4134 Κύριον
1894 4062 1989 4119 αύ-

335 4140 436 4195 τὸν
466 4138 691 4210 ἐποίησε
735 4141 824 4196 καὶ
857 4144 1108 4218 Χριστὸν,
1143 4144 1205 4200 ού
1261 4146 1477 4220 ποίημα
1533 4150 1666 4204 εἶναι
1722 4152 1824 4206 τὸν⁴
1865 4153 1986 4208 Υἱὸν

340 4227 625 4301 σημαίνει,
657 4224 852 4302 ἔξεστιν
886 4229 1017 4287 ἰδεῖν
1045 4233 1150 4288 ἀπὸ
1187 4242 1285 4305 τῆς
1338 4234 1589 4313 εὐλογίας
1644 4243 1742 4295 τοῦ
1788 4241 1986 4298 Ἰσαάκ⁶

336 4315 439 4371 κᾶν
472 4314 692 4393 ἀμυδρά
720 4340 838 4383 πως
870 4322 905 4390 ἡ
938 4321 1099 4377 εἰκὼν
1146 4322 1280 4396 αὕτη
1333 4325 1468 4402 πρὸς
1512 4329 1577 4383 16
1632 4329 1988 4404 προκείμενον

335 4407 398 4495 ᾖΣ
434 4407 580 4484 Ἔφη
638 4408 818 4463 τοίνυν
871 4414 952 4482 τῷ
1012 4412 1108 4483 μὶν
1169 4409 1384 4485 Ἰακῶϐ,
1437 4415 1592 4471 Γίνου
1649 4416 1837 4495 κύριος
1894 4424 1991 4476 106

334 4491 585 4568 ἀδελφοῦ
663 4514 807 4551 σου’
861 4503 941 4571 τῷ
1000 4496 1058 4554 δὲ
1114 4501 1299 4575 Ἠσαῦ,
1348 4501 1489 4560 Ἰδοὺ
1564 4491 1758 4580 Κύριον
1830 4508 1988 4565 αὐτὸν

333 4582 576 4653 ἰποίησά
608 4606 725 4643 σου.
756 4586 822 4642 Et
857 4589 952 4661 μὶν
992 4587 1084 4643 οὖν
1115 4590 1202 4663 τὸ,
1227 4589 1470 4666 ἐποίησε,
1502 4595 1601 4664 τήν
1660 4596 1842 4652 οὑσίαν
1898 4598 1989 4654 καὶ

329 4675 436 4743 τήν
470 4671 653 4749 ἀρχὴν
681 4677 794 4751 (19)
827 4683 928 4748 τῆς
985 4677 1247 4754 γενέσεως
1300 4685 1399 4737 106
1430 4679 1623 4739 Ἰακὼϐ
1678 4684 1988 4762 ἐσήμαινεν,

408 4820 456 4856 ⁹²
486 4820 512 4876 Ι
541 4818 669 4876 Cor.
702 4837 744 4889 ι,
772 4822 862 4878 21.
966 4823 1011 4859 ⁸³
1058 4827 1185 4881 Act.
1218 4842 1280 4894 ιι,
1311 4827 1406 4886 37.
1513 4830 1558 4865 ⁸⁸
1583 4829 1731 4888 Joan
1762 4841 1876 4907 xiv,
1917 4834 1971 4892 9.

521 4980 620 5069 Sic
640 4983 975 5069 Seguerian.
1000 4985 1151 5069 ‘Reg.
1179 4987 1508 5061 Anglican.,
1540 4995 1599 5048 et
1645 4993 1795 5050 Felc.
1827 4996 1879 5050 4.
1913 4998 1989 5051 At

336 5050 551 5133 σερε-ξ
570 5057 629 5108 et
657 5050 822 5133 editi,
855 5050 1232 5133 ἀμφιϐᾳλῖτιυ.

408 5123 485 5266 (9)
519 5123 1004 5207 εοευεῐίοο.,’κ’πὶ
1036 5129 1064 5182 ὁ
1104 5127 1321 5205 Κύριος.

436 5195 529 5266 10)
558 5202 652 5252 Sic
697 5200 1037 5266 Seguerian.
1071 5205 1210 5266 Reg.
1242 5203 1321 5260 Go

558 5195 666 5278 Sic
697 5200 1037 5278 Seguerian.
1071 5195 1210 5278 Reg.
1242 5203 1573 5264 Goblerian.
1605 5208 1755 5265 Felc.
1789 5211 1841 5278 1,
1874 5211 1906 5265 4
1937 5213 1994 5267 et

331 5268 388 5322 5.
562 5265 859 5346 autem'et
887 5271 1049 5346 editi.
1081 5265 1324 5346 ε’ίπναμεν.

406 5338 821 5428 (11)βθςιιθι·.,
883 5338 1221 5417 γενηθῆναιξ
1283 5347 1543 5418 Gobler.,
1599 5354 1655 5407 et
1711 5351 1877 5409 Felc.
1938 5354 1990 5422 1,

332 5410 604 5484 γεννηθῆν
614 5410 663 5466 αἶ
675 5456 689 5470 .

404 5482 527 5567 ﬁt?)
556 5484 1012 5567 ξρυθερξρεθει
1040 5487 1118 5567 in
1162 5488 1322 5567 _Seg.,
1351 5494 1424 5567 et-
1451 5492 1610 5567 _FeIc.
1638 5495 1696 5567 ,4,
1730 5495 1992 5567 Ξεευειςη

334 5553 513 5635 ibi_d_.,
543 5553 1217 5635 &}1:.n_666xncav._Paulo
1244 5553 1381 5634 post
1410 5553 1773 5635 idem,061wc
1805 5553 1993 5635 ἔπειδῆ

448 5627 625 5706 ημᾶς
657 5624 957 5706 ἅνθρωποι,
990 5628 1106 5686 οὐκ.

412 5699 529 5773 (13)
562 5701 629 5756 At
659 5699 827 5761 abest
857 5721 893 5761 a
918 5699 1255 5777 Seguerian.
1289 5704 1522 5766 Gobler.
1562 5708 1710 5767 Felc.
1764 5711 1785 5769 1
1838 5714 1895 5767 et
1942 5710 1994 5766 4.

2102 2998 2449 3055 commutati
2481 3000 2545 3053 ut
2560 2996 2857 3052 Christum
2879 2983 3747 3065 agnoverint,quemadmodum

2100 3086 2160 3143 in
2184 3088 2428 3143 Actibus
2452 3085 2731 3143 scribitur
2749 3084 2812 3140 ⁸³.
2844 3082 3061 3139 Verum
3082 3074 3561 3151 quandoquidem
3583 3070 3753 3128 Aria-

2102 3176 2161 3232 ni
2178 3176 2365 3233 Judazi
2390 3190 2732 3248 permanere
2755 3176 2932 3245 atque
2952 3171 3234 3227 adversus
3264 3166 3501 3222 Petrum
3514 3164 3755 3219 conten-

2101 3266 2234 3322 dere
2252 3266 2633 3322 decreverunt
2654 3280 2667 3319 :
2691 3262 2845 3320 883
2866 3257 3224 3334 age,similes
3247 3253 3525 3327 loquendi
3546 3250 3754 3307 modos

2100 3354 2185 3411 eis
2212 3371 2609 3427 proponamus
2634 3354 2919 3409 :t'uturum
2934 3350 3080 3406 forte
3100 3356 3191 3405 est
3212 3350 3276 3402 ut
3295 3345 3407 3400 hoc
3428 3344 3597 3415 pacto
3619 3343 3747 3397 tan-

2101 3445 2235 3500 dem
2254 3442 2589 3515 cedant,ubi
2605 3442 2812 3497 divina:
2826 3438 3142 3511 Scripturae
3164 3450 3388 3492 morem
3408 3430 3744 3488 didicerint.

2103 3534 2304 3605 Itaque
2325 3532 2624 3590 Christum
2650 3537 2933 3587 aeternum
2957 3526 3273 3583 Dominum
3295 3528 3354 3580 et
3379 3522 3594 3594 Regem
3615 3534 3748 3575 esse

2101 3628 2335 3679 constat
2360 3639 2430 3679 ex
2460 3638 2643 3694 supra
2672 3620 2864 3685 dictis,
2925 3616 3243 3688 nullusque
3289 3617 3379 3671 est
3409 3611 3512 3685 qui
3540 3608 3650 3666 hac
3676 3608 3750 3664 de

2100 3728 2162 3768 re
2183 3712 2430 3769 dubitet.
2463 3710 2608 3767 Cum
2640 3709 2797 3767 enim
2826 3706 3008 3764 Filius
3038 3705 3141 3763 Dei
3169 3704 3267 3772 sit,
3301 3700 3462 3758 illius
3491 3696 3751 3756 similem

2100 3802 2297 3873 ipsum
2320 3818 2449 3857 esse
2480 3817 2718 3857 necesse
2746 3796 3009 3863 est.Quia
3038 3811 3211 3869 porro
3235 3790 3449 3849 similis
3478 3789 3607 3860 ejus
3638 3790 3750 3854 est,

2100 3890 2387 3947 Dominus
2418 3894 2477 3945 et
2506 3890 2626 3945 Rex
2656 3886 2985 3944 necessario
3016 3888 3125 3941 est.
3160 3884 3290 3956 Ipse
3310 3879 3468 3936 enim
3499 3878 3610 3934 ait:
3644 3876 3754 3944 Qui

2102 3996 2188 4035 me
2223 3979 2384 4049 vidit,
2416 3978 2555 4035 vidit
2584 3982 2811 4034 Patrem
2865 3976 2929 4031 9‘.
2980 3973 3143 4041 Quod
3201 3980 3394 4027 autem
3452 3966 3579 4024 sola
3627 3965 3751 4020 haec

2099 4069 2257 4125 Petri
2311 4069 2507 4136 verba,
2566 4068 2861 4124 Dominum
2914 4081 3040 4121 eum
3090 4065 3141 4118 et
3185 4061 3462 4117 Christum
3510 4056 3643 4128 fecit
3683 4054 3750 4122 9‘,

2102 4155 2312 4213 Filium
2345 4173 2492 4227 opus
2521 4171 2652 4212 esse
2705 4171 2820 4210 non
2850 4150 3206 4225 signiﬁcent,
3252 4164 3320 4204 ex
3345 4142 3752 4201 benedictione

2104 4248 2264 4303 Isaac
2293 4244 2429 4301 licet
2457 4243 2785 4317 perspicere
2822 4257 2837 4298 :
2880 4254 3220 4313 quanquam
3270 4236 3391 4292 haec
3436 4233 3629 4304 imago
3673 4230 3749 4288 ed

2102 4352 2221 4391 rem
2247 4335 2318 4390 de
2348 4351 2466 4406 qua
2494 4333 2727 4405 agimus
2757 4328 3199 4404 exprimendam
3244 4325 3416 4398 paulo
3447 4320 3755 4379 obscurior

2102 4428 2209 4480 est.
2230 4423 2413 4496 Igitur
2443 4421 2540 4479 ille
2571 4422 2643 4478 ad
2691 4421 2872 4478 Jacob
2904 4418 3085 4474 dixit:
3119 4418 3242 4472 Fias
3270 4414 3527 4472 dominus
3555 4408 3754 4484 fratris

2101 4515 2187 4569 tui
2230 4513 2315 4582 9°;
2344 4512 2417 4568 ad
2477 4516 2628 4567 Esau
2685 4514 2911 4580 autem,
2967 4509 3099 4563 Ecce
3154 4522 3281 4563 eum
3327 4504 3413 4559 tui
3466 4500 3755 4558 dominum

2097 4604 2208 4674 feci
2236 4603 2303 4658 ’7.
2338 4602 2502 4667 Quod
2534 4600 2584 4658 si
2635 4600 2835 4671 dictio,
2891 4599 3042 4671 fecit,
3095 4595 3184 4652 hic
3243 4598 3515 4650 naturam
3570 4587 3751 4646 Jacob

2100 4692 2345 4764 ejusque
2375 4695 2538 4747 ortus
2568 4688 2922 4762 principium
2943 4684 3322 4758 signiﬁcaret,
3343 4696 3531 4754 neque
3552 4681 3753 4735 tamen

2074 4835 2119 4871 ⁹⁸
2148 4836 2273 4892 Act.
2324 4852 2387 4907 ιι,
2442 4835 2531 4890 36.
2635 4835 2681 4870 ⁸⁸
2712 4834 2920 4890 Genes.
2966 4847 3142 4899 xxvn,
3199 4828 3292 4884 29.
3388 4825 3431 4860 9"
3479 4822 3624 4878 ibid.
3655 4821 3750 4878 3’7.

2169 4996 2285 5063 (14)
2315 4993 2594 5060 (ΞιοϋιεθιυηΔ
2630 4997 2689 5048 et
2737 4991 2887 5048 Felc.
2942 4992 2968 5045 1
2998 5032 3013 5058 ,
3074 4984 3295 5063 ἐκάλεσε
3347 4982 3439 5040 καὶ
3495 4978 3752 5050 ἐποίησεν

2098 5061 2507 5153 αὐτόνὲΚίύριον,
2539 5065 2779 5153 omissis
2806 5061 3191 5144 intermediis.

2314 5133 2422 5216 96v
2452 5139 2615 5216 deest
2637 5136 2696 5191 in
2725 5133 3101 5216 Segueriano.

2173 5192 2281 5275 116)
2312 5192 2721 5278 Seguerianus,
2754 5192 3064 5262 G6blerian
3114 5202 3262 5259 Felc.
3299 5200 3319 5258 l
3359 5203 3416 5257 et
3446 5200 3499 5271 4,
3530 5192 3743 5257 ἆϊδίως.

2102 5281 2248 5335 Editi
2282 5286 2339 5336 et
2369 5276 2490 5349 alii,
2524 5276 2717 5338 ἀΐδιος.

2174 5354 2289 5422 (17)
2316 5340 2492 5409 Basili
2526 5349 2754 5408 Gobler.
2789 5349 2930 5422 Reg.
2963 5346 3112 5403 Felc.
3146 5345 3168 5422 l_
3209 5340 3570 5422 θι-ξίζαύτῷδ

2174 5415 2287 5495 (18)
2318 5424 2669 5488 Goblerian.,
2701 5427 2758 5477 et
2785 5415 2933 5495 Fe16_.
2966 5415 3305 5495 _l,_1tapi§05
3345 5415 3574 5495 ῌέτρρυο

2316 5482 2845 5575 Sic_mss..,.praater
2889 5482 3148 5575 Felckm'.’
3188 5490 3243 5556 2,
3285 5488 3407 5575 qqi,
3454 5482 3532 5575 ἰιι
3585 5482 3747 5575 edit},

2103 5554 2283 5622 habet,
2325 5566 2466 5650 ξτὴν
2520 5554 2700 5620 οὐσίαν
2751 5562 2841 5618 καὶ
2890 5567 2989 5630 τῆς
3038 5554 3545 5687 γενέσεωίᾶἴςχήν.
3600 5554 3747 5610 Ibid.

2104 5643 2466 5687 Sequanam-
2518 5636 2799 5687 ἐσήμαινε.
2852 5634 3081 5687 Gobler.
3142 5638 3199 5687 et
3253 5631 3381 5687 Felc
3428 5624 3747 5687 ω.1.ἐσή·

2104 5624 2466 5710 Βοευειιῑαηί,
2518 5636 2799 5710 ἐσήμαινε.
2852 5624 3081 5710 Gobler.
3142 5638 3199 5688 et
3253 5624 3506 5688 Felcli'fn'.
3538 5629 3590 5695 1,
3622 5624 3747 5696 ἐσή-

2110 5704 2260 5782 μαινε.
2295 5711 2405 5767 Alii
2436 5704 2494 5768 et
2524 5704 2666 5768 editi
2695 5704 2971 5780 σημαίνει.

3629 350 3748 409 182
3850 394 3857 401 .
