  <div class='ocr_page' id='page_1' title='image "/cluster/home/n/w/nwhite01/storage/ocr_20150623/26/hvd.32044019208479/135.png"; bbox 0 0 4076 6340; ppageno 0'>
   <div class='ocr_carea' id='block_1_1' title="bbox 385 383 502 452">
    <p class='ocr_par' dir='ltr' id='par_1_1' title="bbox 385 383 502 452">
     <span class='ocr_line' id='line_1_1' title="bbox 385 383 502 452; baseline 0.026 -6"><span class='ocrx_word' id='word_1_1' title='bbox 385 383 502 452; x_wconf 83' lang='grc'>183</span> 
     </span>
    </p>
   </div>
   <div class='ocr_carea' id='block_1_2' title="bbox 920 389 3246 460">
    <p class='ocr_par' dir='ltr' id='par_1_2' title="bbox 920 389 3246 460">
     <span class='ocr_line' id='line_1_2' title="bbox 920 389 3246 460; baseline 0.003 -11"><span class='ocrx_word' id='word_1_2' title='bbox 920 389 984 449; x_wconf 92' lang='lat' dir='ltr'>S.</span> <span class='ocrx_word' id='word_1_3' title='bbox 1032 389 1458 454; x_wconf 84' lang='lat' dir='ltr'><strong>ATHANASII</strong></span> <span class='ocrx_word' id='word_1_4' title='bbox 1505 397 1678 456; x_wconf 86' lang='lat' dir='ltr'>OPP.</span> <span class='ocrx_word' id='word_1_5' title='bbox 1728 397 1923 456; x_wconf 79' lang='lat' dir='ltr'>PARS</span> <span class='ocrx_word' id='word_1_6' title='bbox 1971 399 2016 457; x_wconf 92' lang='lat' dir='ltr'>l.</span> <span class='ocrx_word' id='word_1_7' title='bbox 2050 430 2125 440; x_wconf 92' lang='lat'><strong><em>—</em></strong></span> <span class='ocrx_word' id='word_1_8' title='bbox 2163 396 2580 459; x_wconf 78' lang='lat' dir='ltr'><strong>HISTORICA</strong></span> <span class='ocrx_word' id='word_1_9' title='bbox 2623 399 2724 459; x_wconf 87' lang='lat' dir='ltr'>ET</span> <span class='ocrx_word' id='word_1_10' title='bbox 2770 398 3246 460; x_wconf 81' lang='lat' dir='ltr'>DOGMATICA.</span> 
     </span>
    </p>
   </div>
   <div class='ocr_carea' id='block_1_3' title="bbox 3691 398 3808 457">
    <p class='ocr_par' dir='ltr' id='par_1_3' title="bbox 3691 398 3808 457">
     <span class='ocr_line' id='line_1_3' title="bbox 3691 398 3808 457; baseline 0 -1"><span class='ocrx_word' id='word_1_11' title='bbox 3691 398 3808 457; x_wconf 72' lang='lat'>184</span> 
     </span>
    </p>
   </div>
   <div class='ocr_carea' id='block_1_4' title="bbox 383 517 2036 604">
    <p class='ocr_par' dir='ltr' id='par_1_4' title="bbox 383 517 2036 601">
     <span class='ocr_line' id='line_1_4' title="bbox 383 517 2036 601; baseline 0.006 -27"><span class='ocrx_word' id='word_1_12' title='bbox 383 517 600 575; x_wconf 91' lang='lat' dir='ltr'>idcirco</span> <span class='ocrx_word' id='word_1_13' title='bbox 631 518 786 575; x_wconf 91' lang='lat' dir='ltr'>idem</span> <span class='ocrx_word' id='word_1_14' title='bbox 826 519 896 576; x_wconf 81' lang='lat' dir='ltr'>de</span> <span class='ocrx_word' id='word_1_15' title='bbox 918 520 1017 577; x_wconf 88' lang='lat' dir='ltr'>Dei</span> <span class='ocrx_word' id='word_1_16' title='bbox 1051 522 1238 580; x_wconf 89' lang='lat' dir='ltr'>Verbo</span> <span class='ocrx_word' id='word_1_17' title='bbox 1279 530 1439 582; x_wconf 85' lang='lat' dir='ltr'>esset</span> <span class='ocrx_word' id='word_1_18' title='bbox 1478 528 1893 601; x_wconf 83' lang='lat' dir='ltr'>cogitandum;</span> <span class='ocrx_word' id='word_1_19' title='bbox 1929 547 2036 585; x_wconf 91' lang='lat' dir='ltr'>nec</span> 
     </span>
    </p>
   </div>
   <div class='ocr_carea' id='block_1_5' title="bbox 2152 517 3795 604">
    <p class='ocr_par' dir='ltr' id='par_1_5' title="bbox 2152 525 3795 604">
     <span class='ocr_line' id='line_1_5' title="bbox 2152 525 3795 604; baseline 0 -22"><span class='ocrx_word' id='word_1_20' title='bbox 2152 525 2261 582; x_wconf 72' lang='grc' dir='ltr'>οὐδ’</span> <span class='ocrx_word' id='word_1_21' title='bbox 2293 527 2435 582; x_wconf 75' lang='grc' dir='ltr'>οὕτω</span> <span class='ocrx_word' id='word_1_22' title='bbox 2473 531 2565 602; x_wconf 79' lang='grc' dir='ltr'>μὲν</span> <span class='ocrx_word' id='word_1_23' title='bbox 2600 527 2768 604; x_wconf 79' lang='grc' dir='ltr'>ἐχρῆν</span> <span class='ocrx_word' id='word_1_24' title='bbox 2802 528 2993 590; x_wconf 72' lang='grc' dir='ltr'>αὐτοὺς</span> <span class='ocrx_word' id='word_1_25' title='bbox 3033 532 3257 583; x_wconf 87' lang='grc' dir='ltr'>τοιαῦτα</span> <span class='ocrx_word' id='word_1_26' title='bbox 3299 529 3423 604; x_wconf 86' lang='grc' dir='ltr'>περὶ</span> <span class='ocrx_word' id='word_1_27' title='bbox 3471 532 3566 582; x_wconf 92' lang='grc' dir='ltr'>τοῦ</span> <span class='ocrx_word' id='word_1_28' title='bbox 3616 527 3795 604; x_wconf 87' lang='grc' dir='ltr'>Λόγου</span> 
     </span>
    </p>
   </div>
   <div class='ocr_carea' id='block_1_6' title="bbox 385 607 2035 690">
    <p class='ocr_par' dir='ltr' id='par_1_6' title="bbox 385 607 2035 690">
     <span class='ocr_line' id='line_1_6' title="bbox 385 607 2035 690; baseline 0.005 -26"><span class='ocrx_word' id='word_1_29' title='bbox 385 607 541 664; x_wconf 88' lang='lat' dir='ltr'>enim</span> <span class='ocrx_word' id='word_1_30' title='bbox 571 607 750 665; x_wconf 89' lang='lat' dir='ltr'>Filius</span> <span class='ocrx_word' id='word_1_31' title='bbox 768 608 862 664; x_wconf 87' lang='lat' dir='ltr'>Dei</span> <span class='ocrx_word' id='word_1_32' title='bbox 882 625 972 666; x_wconf 90' lang='lat' dir='ltr'>res</span> <span class='ocrx_word' id='word_1_33' title='bbox 996 611 1141 667; x_wconf 82' lang='lat' dir='ltr'>facta</span> <span class='ocrx_word' id='word_1_34' title='bbox 1155 614 1443 680; x_wconf 89' lang='lat' dir='ltr'>est,sicuti</span> <span class='ocrx_word' id='word_1_35' title='bbox 1463 617 1641 675; x_wconf 82' lang='lat' dir='ltr'>Jacob</span> <span class='ocrx_word' id='word_1_36' title='bbox 1660 636 1672 672; x_wconf 86' lang='lat'>:</span> <span class='ocrx_word' id='word_1_37' title='bbox 1694 636 2035 690; x_wconf 84' lang='lat' dir='ltr'>quanquam</span> 
     </span>
    </p>
   </div>
   <div class='ocr_carea' id='block_1_7' title="bbox 383 698 2036 780">
    <p class='ocr_par' dir='ltr' id='par_1_7' title="bbox 383 698 2036 780">
     <span class='ocr_line' id='line_1_7' title="bbox 383 698 2036 780; baseline 0.005 -27"><span class='ocrx_word' id='word_1_38' title='bbox 383 703 647 772; x_wconf 79' lang='lat' dir='ltr'>possent,</span> <span class='ocrx_word' id='word_1_39' title='bbox 681 698 732 755; x_wconf 90' lang='lat' dir='ltr'>si</span> <span class='ocrx_word' id='word_1_40' title='bbox 761 699 977 755; x_wconf 87' lang='lat' dir='ltr'>vellent</span> <span class='ocrx_word' id='word_1_41' title='bbox 1025 701 1170 758; x_wconf 86' lang='lat' dir='ltr'>alios</span> <span class='ocrx_word' id='word_1_42' title='bbox 1202 703 1585 778; x_wconf 80' lang='lat' dir='ltr'>interrogare,</span> <span class='ocrx_word' id='word_1_43' title='bbox 1630 725 1745 763; x_wconf 92' lang='lat' dir='ltr'>non</span> <span class='ocrx_word' id='word_1_44' title='bbox 1780 707 2036 780; x_wconf 79' lang='lat' dir='ltr'>amplius</span> 
     </span>
    </p>
   </div>
   <div class='ocr_carea' id='block_1_8' title="bbox 385 787 2037 869">
    <p class='ocr_par' dir='ltr' id='par_1_8' title="bbox 385 787 2037 869">
     <span class='ocr_line' id='line_1_8' title="bbox 385 787 2037 869; baseline 0.006 -27"><span class='ocrx_word' id='word_1_45' title='bbox 385 787 670 859; x_wconf 81' lang='lat' dir='ltr'>desipere.</span> <span class='ocrx_word' id='word_1_46' title='bbox 703 787 916 844; x_wconf 88' lang='lat' dir='ltr'>Verum</span> <span class='ocrx_word' id='word_1_47' title='bbox 941 789 990 844; x_wconf 97' lang='lat' dir='ltr'>si</span> <span class='ocrx_word' id='word_1_48' title='bbox 1021 789 1134 846; x_wconf 86' lang='lat' dir='ltr'>ista</span> <span class='ocrx_word' id='word_1_49' title='bbox 1157 809 1347 864; x_wconf 88' lang='lat' dir='ltr'>neque</span> <span class='ocrx_word' id='word_1_50' title='bbox 1389 796 1459 851; x_wconf 90' lang='lat' dir='ltr'>de</span> <span class='ocrx_word' id='word_1_51' title='bbox 1497 801 1707 852; x_wconf 89' lang='lat' dir='ltr'>natura</span> <span class='ocrx_word' id='word_1_52' title='bbox 1736 813 1925 869; x_wconf 90' lang='lat' dir='ltr'>neque</span> <span class='ocrx_word' id='word_1_53' title='bbox 1966 797 2037 851; x_wconf 90' lang='lat' dir='ltr'>de</span> 
     </span>
    </p>
   </div>
   <div class='ocr_carea' id='block_1_9' title="bbox 384 876 2038 952">
    <p class='ocr_par' dir='ltr' id='par_1_9' title="bbox 384 876 2038 952">
     <span class='ocr_line' id='line_1_9' title="bbox 384 876 2038 952; baseline 0.005 -20"><span class='ocrx_word' id='word_1_54' title='bbox 384 880 548 932; x_wconf 90' lang='lat' dir='ltr'>ortus</span> <span class='ocrx_word' id='word_1_55' title='bbox 579 876 1381 952; x_wconf 81' lang='lat' dir='ltr'>principiointelligunt,cum</span> <span class='ocrx_word' id='word_1_56' title='bbox 1407 887 1597 940; x_wconf 86' lang='lat' dir='ltr'>tamen</span> <span class='ocrx_word' id='word_1_57' title='bbox 1628 887 1805 940; x_wconf 89' lang='lat' dir='ltr'>Jacob</span> <span class='ocrx_word' id='word_1_58' title='bbox 1827 890 2038 940; x_wconf 80' lang='lat' dir='ltr'>natura</span> 
     </span>
    </p>
   </div>
   <div class='ocr_carea' id='block_1_10' title="bbox 384 965 2036 1046">
    <p class='ocr_par' dir='ltr' id='par_1_10' title="bbox 384 965 2036 1046">
     <span class='ocr_line' id='line_1_10' title="bbox 384 965 2036 1046; baseline 0.005 -26"><span class='ocrx_word' id='word_1_59' title='bbox 384 969 615 1022; x_wconf 87' lang='lat' dir='ltr'>creatus</span> <span class='ocrx_word' id='word_1_60' title='bbox 645 965 722 1021; x_wconf 88' lang='lat' dir='ltr'>sit</span> <span class='ocrx_word' id='word_1_61' title='bbox 749 970 806 1022; x_wconf 93' lang='lat' dir='ltr'>et</span> <span class='ocrx_word' id='word_1_62' title='bbox 838 966 1048 1034; x_wconf 80' lang='lat' dir='ltr'>factus,</span> <span class='ocrx_word' id='word_1_63' title='bbox 1079 986 1151 1024; x_wconf 89' lang='lat' dir='ltr'>an</span> <span class='ocrx_word' id='word_1_64' title='bbox 1185 987 1301 1026; x_wconf 92' lang='lat' dir='ltr'>non</span> <span class='ocrx_word' id='word_1_65' title='bbox 1360 973 1578 1029; x_wconf 83' lang='lat' dir='ltr'>furiose</span> <span class='ocrx_word' id='word_1_66' title='bbox 1635 974 1824 1046; x_wconf 86' lang='lat' dir='ltr'>magis</span> <span class='ocrx_word' id='word_1_67' title='bbox 1857 991 2036 1046; x_wconf 89' lang='lat' dir='ltr'>quam</span> 
     </span>
    </p>
   </div>
   <div class='ocr_carea' id='block_1_11' title="bbox 385 1053 2037 1135">
    <p class='ocr_par' dir='ltr' id='par_1_11' title="bbox 385 1053 2037 1135">
     <span class='ocr_line' id='line_1_11' title="bbox 385 1053 2037 1135; baseline 0.005 -25"><span class='ocrx_word' id='word_1_68' title='bbox 385 1053 654 1111; x_wconf 79' lang='lat' dir='ltr'>diabolus</span> <span class='ocrx_word' id='word_1_69' title='bbox 685 1054 942 1112; x_wconf 79' lang='lat' dir='ltr'>insanire</span> <span class='ocrx_word' id='word_1_70' title='bbox 973 1057 1204 1114; x_wconf 88' lang='lat' dir='ltr'>dicendi</span> <span class='ocrx_word' id='word_1_71' title='bbox 1238 1065 1378 1116; x_wconf 92' lang='lat' dir='ltr'>sunt</span> <span class='ocrx_word' id='word_1_72' title='bbox 1426 1062 1524 1134; x_wconf 91' lang='lat' dir='ltr'>qui</span> <span class='ocrx_word' id='word_1_73' title='bbox 1573 1079 1658 1128; x_wconf 88' lang='lat' dir='ltr'>ea,</span> <span class='ocrx_word' id='word_1_74' title='bbox 1705 1080 1830 1135; x_wconf 78' lang='lat' dir='ltr'>quas</span> <span class='ocrx_word' id='word_1_75' title='bbox 1863 1063 2037 1119; x_wconf 82' lang='lat' dir='ltr'>rebus</span> 
     </span>
    </p>
   </div>
   <div class='ocr_carea' id='block_1_12' title="bbox 384 1144 2034 1208">
    <p class='ocr_par' dir='ltr' id='par_1_12' title="bbox 384 1144 2034 1208">
     <span class='ocr_line' id='line_1_12' title="bbox 384 1144 2034 1208; baseline 0.005 -10"><span class='ocrx_word' id='word_1_76' title='bbox 384 1147 597 1199; x_wconf 86' lang='lat' dir='ltr'>natura</span> <span class='ocrx_word' id='word_1_77' title='bbox 630 1144 794 1200; x_wconf 80' lang='lat' dir='ltr'>faelis</span> <span class='ocrx_word' id='word_1_78' title='bbox 827 1163 934 1201; x_wconf 87' lang='lat' dir='ltr'>non</span> <span class='ocrx_word' id='word_1_79' title='bbox 965 1147 1182 1203; x_wconf 83' lang='lat' dir='ltr'>audent</span> <span class='ocrx_word' id='word_1_80' title='bbox 1222 1149 1448 1206; x_wconf 88' lang='lat' dir='ltr'>similes</span> <span class='ocrx_word' id='word_1_81' title='bbox 1486 1151 1556 1207; x_wconf 93' lang='lat' dir='ltr'>ob</span> <span class='ocrx_word' id='word_1_82' title='bbox 1616 1152 1902 1208; x_wconf 84' lang='lat' dir='ltr'>dictiones</span> <span class='ocrx_word' id='word_1_83' title='bbox 1951 1156 2034 1207; x_wconf 87' lang='lat' dir='ltr'>at-</span> 
     </span>
    </p>
   </div>
   <div class='ocr_carea' id='block_1_13' title="bbox 382 1231 2037 1312">
    <p class='ocr_par' dir='ltr' id='par_1_13' title="bbox 382 1231 2037 1312">
     <span class='ocr_line' id='line_1_13' title="bbox 382 1231 2037 1312; baseline 0.005 -25"><span class='ocrx_word' id='word_1_84' title='bbox 382 1231 660 1302; x_wconf 89' lang='lat' dir='ltr'>tribuere,</span> <span class='ocrx_word' id='word_1_85' title='bbox 691 1234 792 1290; x_wconf 93' lang='lat' dir='ltr'>Dei</span> <span class='ocrx_word' id='word_1_86' title='bbox 823 1234 965 1290; x_wconf 84' lang='lat' dir='ltr'>Filio</span> <span class='ocrx_word' id='word_1_87' title='bbox 999 1236 1110 1308; x_wconf 87' lang='lat' dir='ltr'>ipsi</span> <span class='ocrx_word' id='word_1_88' title='bbox 1159 1238 1466 1312; x_wconf 77' lang='lat' dir='ltr'>efﬁngant,</span> <span class='ocrx_word' id='word_1_89' title='bbox 1499 1257 1751 1312; x_wconf 89' lang='lat' dir='ltr'>eumque</span> <span class='ocrx_word' id='word_1_90' title='bbox 1798 1257 1919 1297; x_wconf 89' lang='lat' dir='ltr'>rem</span> <span class='ocrx_word' id='word_1_91' title='bbox 1951 1241 2037 1296; x_wconf 86' lang='lat' dir='ltr'>fa-</span> 
     </span>
    </p>
   </div>
   <div class='ocr_carea' id='block_1_14' title="bbox 385 1325 2037 1386">
    <p class='ocr_par' dir='ltr' id='par_1_14' title="bbox 385 1325 2037 1386">
     <span class='ocr_line' id='line_1_14' title="bbox 385 1325 2037 1386; baseline 0.004 -9"><span class='ocrx_word' id='word_1_92' title='bbox 385 1325 536 1378; x_wconf 90' lang='lat' dir='ltr'>ctam</span> <span class='ocrx_word' id='word_1_93' title='bbox 569 1338 695 1378; x_wconf 89' lang='lat' dir='ltr'>esse</span> <span class='ocrx_word' id='word_1_94' title='bbox 717 1325 1073 1380; x_wconf 87' lang='lat' dir='ltr'>contendant</span> <span class='ocrx_word' id='word_1_95' title='bbox 1097 1329 1119 1380; x_wconf 72' lang='grc' dir='ltr'><strong><em>Ρ</em></strong></span> <span class='ocrx_word' id='word_1_96' title='bbox 1140 1327 1206 1382; x_wconf 84' lang='grc' dir='ltr'>Ει</span> <span class='ocrx_word' id='word_1_97' title='bbox 1236 1343 1368 1384; x_wconf 89' lang='lat' dir='ltr'>vero</span> <span class='ocrx_word' id='word_1_98' title='bbox 1433 1331 1594 1385; x_wconf 86' lang='lat' dir='ltr'>lsaac</span> <span class='ocrx_word' id='word_1_99' title='bbox 1625 1347 1759 1385; x_wconf 90' lang='lat' dir='ltr'>cum</span> <span class='ocrx_word' id='word_1_100' title='bbox 1819 1330 2037 1386; x_wconf 85' lang='lat' dir='ltr'>diceret</span> 
     </span>
    </p>
   </div>
   <div class='ocr_carea' id='block_1_15' title="bbox 383 1411 2034 1490">
    <p class='ocr_par' dir='ltr' id='par_1_15' title="bbox 383 1411 2034 1490">
     <span class='ocr_line' id='line_1_15' title="bbox 383 1411 2034 1490; baseline 0.006 -25"><span class='ocrx_word' id='word_1_101' title='bbox 383 1411 505 1480; x_wconf 79' lang='lat' dir='ltr'>ﬁas,</span> <span class='ocrx_word' id='word_1_102' title='bbox 540 1419 618 1476; x_wconf 80' lang='lat' dir='ltr'>et,</span> <span class='ocrx_word' id='word_1_103' title='bbox 650 1413 779 1481; x_wconf 77' lang='lat' dir='ltr'>feci,</span> <span class='ocrx_word' id='word_1_104' title='bbox 804 1430 910 1470; x_wconf 87' lang='lat' dir='ltr'>nec</span> <span class='ocrx_word' id='word_1_105' title='bbox 941 1414 1296 1487; x_wconf 83' lang='lat' dir='ltr'>principium</span> <span class='ocrx_word' id='word_1_106' title='bbox 1359 1423 1521 1474; x_wconf 86' lang='lat' dir='ltr'>ortus</span> <span class='ocrx_word' id='word_1_107' title='bbox 1545 1419 1722 1474; x_wconf 89' lang='lat' dir='ltr'>Jacob</span> <span class='ocrx_word' id='word_1_108' title='bbox 1773 1436 1876 1475; x_wconf 92' lang='lat' dir='ltr'>nec</span> <span class='ocrx_word' id='word_1_109' title='bbox 1908 1420 2034 1490; x_wconf 89' lang='lat' dir='ltr'>ejus</span> 
     </span>
    </p>
   </div>
   <div class='ocr_carea' id='block_1_16' title="bbox 383 1499 2036 1580">
    <p class='ocr_par' dir='ltr' id='par_1_16' title="bbox 383 1499 2036 1580">
     <span class='ocr_line' id='line_1_16' title="bbox 383 1499 2036 1580; baseline 0.007 -26"><span class='ocrx_word' id='word_1_110' title='bbox 383 1499 758 1571; x_wconf 81' lang='lat' dir='ltr'>signiﬁcabat</span> <span class='ocrx_word' id='word_1_111' title='bbox 810 1508 1102 1558; x_wconf 89' lang='lat' dir='ltr'>naturam.</span> <span class='ocrx_word' id='word_1_112' title='bbox 1139 1505 1438 1575; x_wconf 88' lang='lat' dir='ltr'>Siquidem</span> <span class='ocrx_word' id='word_1_113' title='bbox 1494 1513 1626 1578; x_wconf 90' lang='lat' dir='ltr'>post</span> <span class='ocrx_word' id='word_1_114' title='bbox 1682 1508 1924 1580; x_wconf 82' lang='lat' dir='ltr'>triginta</span> <span class='ocrx_word' id='word_1_115' title='bbox 1979 1514 2036 1565; x_wconf 88' lang='lat' dir='ltr'>et</span> 
     </span>
    </p>
   </div>
   <div class='ocr_carea' id='block_1_17' title="bbox 383 1587 2032 1667">
    <p class='ocr_par' dir='ltr' id='par_1_17' title="bbox 383 1587 2032 1667">
     <span class='ocr_line' id='line_1_17' title="bbox 383 1587 2032 1667; baseline 0.007 -26"><span class='ocrx_word' id='word_1_116' title='bbox 383 1587 640 1659; x_wconf 87' lang='lat' dir='ltr'>amplius</span> <span class='ocrx_word' id='word_1_117' title='bbox 669 1605 874 1658; x_wconf 87' lang='lat' dir='ltr'>annos,</span> <span class='ocrx_word' id='word_1_118' title='bbox 909 1607 978 1647; x_wconf 80' lang='lat' dir='ltr'>ex</span> <span class='ocrx_word' id='word_1_119' title='bbox 1007 1609 1122 1663; x_wconf 88' lang='lat' dir='ltr'>quo</span> <span class='ocrx_word' id='word_1_120' title='bbox 1153 1593 1331 1650; x_wconf 85' lang='lat' dir='ltr'>Jacob</span> <span class='ocrx_word' id='word_1_121' title='bbox 1386 1602 1558 1652; x_wconf 90' lang='lat' dir='ltr'>natus</span> <span class='ocrx_word' id='word_1_122' title='bbox 1607 1603 1751 1667; x_wconf 88' lang='lat' dir='ltr'>erat,</span> <span class='ocrx_word' id='word_1_123' title='bbox 1787 1598 1905 1652; x_wconf 58' lang='lat' dir='ltr'>hac</span> <span class='ocrx_word' id='word_1_124' title='bbox 1936 1597 2032 1652; x_wconf 91' lang='lat' dir='ltr'>ille</span> 
     </span>
    </p>
   </div>
   <div class='ocr_carea' id='block_1_18' title="bbox 385 1675 2034 1758">
    <p class='ocr_par' dir='ltr' id='par_1_18' title="bbox 385 1675 2034 1758">
     <span class='ocr_line' id='line_1_18' title="bbox 385 1675 2034 1758; baseline 0.007 -28"><span class='ocrx_word' id='word_1_125' title='bbox 385 1675 599 1745; x_wconf 79' lang='lat' dir='ltr'>aiebat,</span> <span class='ocrx_word' id='word_1_126' title='bbox 631 1677 735 1733; x_wconf 91' lang='lat' dir='ltr'>sed</span> <span class='ocrx_word' id='word_1_127' title='bbox 765 1679 895 1748; x_wconf 87' lang='lat' dir='ltr'>ejus</span> <span class='ocrx_word' id='word_1_128' title='bbox 926 1680 984 1734; x_wconf 89' lang='lat' dir='ltr'>in</span> <span class='ocrx_word' id='word_1_129' title='bbox 1018 1681 1258 1738; x_wconf 80' lang='lat' dir='ltr'>fratrem</span> <span class='ocrx_word' id='word_1_130' title='bbox 1293 1687 1806 1757; x_wconf 77' lang='lat' dir='ltr'>potestatem,qua:</span> <span class='ocrx_word' id='word_1_131' title='bbox 1837 1691 2034 1758; x_wconf 85' lang='lat' dir='ltr'>postea</span> 
     </span>
    </p>
   </div>
   <div class='ocr_carea' id='block_1_19' title="bbox 385 1764 1014 1834">
    <p class='ocr_par' dir='ltr' id='par_1_19' title="bbox 385 1764 1014 1834">
     <span class='ocr_line' id='line_1_19' title="bbox 385 1764 1014 1834; baseline 0.006 -15"><span class='ocrx_word' id='word_1_132' title='bbox 385 1764 541 1820; x_wconf 82' lang='lat' dir='ltr'>facta</span> <span class='ocrx_word' id='word_1_133' title='bbox 569 1769 674 1834; x_wconf 91' lang='lat' dir='ltr'>est,</span> <span class='ocrx_word' id='word_1_134' title='bbox 700 1766 1014 1824; x_wconf 87' lang='lat' dir='ltr'>indicabat.</span> 
     </span>
    </p>
   </div>
   <div class='ocr_carea' id='block_1_20' title="bbox 2147 615 3796 692">
    <p class='ocr_par' dir='ltr' id='par_1_20' title="bbox 2147 615 3796 692">
     <span class='ocr_line' id='line_1_20' title="bbox 2147 615 3796 692; baseline 0 -22"><span class='ocrx_word' id='word_1_135' title='bbox 2147 621 2243 671; x_wconf 88' lang='grc' dir='ltr'>τοῦ</span> <span class='ocrx_word' id='word_1_136' title='bbox 2301 622 2435 671; x_wconf 88' lang='grc' dir='ltr'>Θεοῦ</span> <span class='ocrx_word' id='word_1_137' title='bbox 2495 618 2590 672; x_wconf 66' lang='grc' dir='ltr'>κᾶν</span> <span class='ocrx_word' id='word_1_138' title='bbox 2643 618 3005 691; x_wconf 79' lang='grc' dir='ltr'>ἐνθυμεῖσθαι·</span> <span class='ocrx_word' id='word_1_139' title='bbox 3042 618 3104 672; x_wconf 78' lang='grc' dir='ltr'>οὗ</span> <span class='ocrx_word' id='word_1_140' title='bbox 3144 617 3242 692; x_wconf 75' lang='grc' dir='ltr'>γάρ</span> <span class='ocrx_word' id='word_1_141' title='bbox 3291 615 3430 671; x_wconf 77' lang='grc' dir='ltr'>ἐστιν</span> <span class='ocrx_word' id='word_1_142' title='bbox 3471 616 3498 671; x_wconf 85' lang='lat'>6</span> <span class='ocrx_word' id='word_1_143' title='bbox 3553 617 3670 678; x_wconf 71' lang='grc' dir='ltr'>Υἱὸς</span> <span class='ocrx_word' id='word_1_144' title='bbox 3701 621 3796 671; x_wconf 81' lang='grc' dir='ltr'>τοῦ</span> 
     </span>
    </p>
   </div>
   <div class='ocr_carea' id='block_1_21' title="bbox 2148 701 3807 778">
    <p class='ocr_par' dir='ltr' id='par_1_21' title="bbox 2148 701 3807 778">
     <span class='ocr_line' id='line_1_21' title="bbox 2148 701 3807 778; baseline 0.001 -19"><span class='ocrx_word' id='word_1_145' title='bbox 2148 709 2280 759; x_wconf 85' lang='grc' dir='ltr'>Θεοῦ</span> <span class='ocrx_word' id='word_1_146' title='bbox 2312 705 2548 778; x_wconf 85' lang='grc' dir='ltr'>ποίημα,</span> <span class='ocrx_word' id='word_1_147' title='bbox 2583 707 2656 768; x_wconf 82' lang='grc' dir='ltr'>ὡς</span> <span class='ocrx_word' id='word_1_148' title='bbox 2681 707 2708 760; x_wconf 98' lang='lat'>6</span> <span class='ocrx_word' id='word_1_149' title='bbox 2739 701 2959 763; x_wconf 78' lang='grc' dir='ltr'>Ἰακώϐ·</span> <span class='ocrx_word' id='word_1_150' title='bbox 2990 704 3138 774; x_wconf 72' lang='grc' dir='ltr'>πλὴν</span> <span class='ocrx_word' id='word_1_151' title='bbox 3167 703 3418 760; x_wconf 74' lang='grc' dir='ltr'>ἐδόναντό</span> <span class='ocrx_word' id='word_1_152' title='bbox 3470 727 3587 767; x_wconf 90' lang='grc' dir='ltr'>πως</span> <span class='ocrx_word' id='word_1_153' title='bbox 3635 704 3807 760; x_wconf 81' lang='grc' dir='ltr'>πυθό-</span> 
     </span>
    </p>
   </div>
   <div class='ocr_carea' id='block_1_22' title="bbox 2153 792 3805 872">
    <p class='ocr_par' dir='ltr' id='par_1_22' title="bbox 2153 792 3805 872">
     <span class='ocr_line' id='line_1_22' title="bbox 2153 792 3805 872; baseline 0 -24"><span class='ocrx_word' id='word_1_154' title='bbox 2153 815 2326 867; x_wconf 87' lang='grc' dir='ltr'>μενοι,</span> <span class='ocrx_word' id='word_1_155' title='bbox 2363 796 2558 867; x_wconf 85' lang='grc' dir='ltr'>μηκέτι</span> <span class='ocrx_word' id='word_1_156' title='bbox 2608 801 3006 872; x_wconf 82' lang='grc' dir='ltr'>παραφρονεῖν·</span> <span class='ocrx_word' id='word_1_157' title='bbox 3037 796 3081 850; x_wconf 86' lang='grc' dir='ltr'>εί</span> <span class='ocrx_word' id='word_1_158' title='bbox 3127 792 3184 849; x_wconf 72' lang='grc' dir='ltr'>δὲ</span> <span class='ocrx_word' id='word_1_159' title='bbox 3227 799 3394 849; x_wconf 90' lang='grc' dir='ltr'>ταῦτα</span> <span class='ocrx_word' id='word_1_160' title='bbox 3446 794 3544 849; x_wconf 77' lang='grc' dir='ltr'>οὐκ</span> <span class='ocrx_word' id='word_1_161' title='bbox 3587 793 3674 848; x_wconf 82' lang='grc' dir='ltr'>ἐπὶ</span> <span class='ocrx_word' id='word_1_162' title='bbox 3705 802 3805 863; x_wconf 76' lang='grc' dir='ltr'>τῆς</span> 
     </span>
    </p>
   </div>
   <div class='ocr_carea' id='block_1_23' title="bbox 2149 878 3796 959">
    <p class='ocr_par' dir='ltr' id='par_1_23' title="bbox 2149 878 3796 959">
     <span class='ocr_line' id='line_1_23' title="bbox 2149 878 3796 959; baseline -0.001 -22"><span class='ocrx_word' id='word_1_163' title='bbox 2149 881 2510 954; x_wconf 73' lang='grc' dir='ltr'>οὖσίας,οὖδὶ</span> <span class='ocrx_word' id='word_1_164' title='bbox 2569 885 2654 938; x_wconf 81' lang='grc' dir='ltr'>ἐπὶ</span> <span class='ocrx_word' id='word_1_165' title='bbox 2714 891 2812 954; x_wconf 77' lang='grc' dir='ltr'>τῆς</span> <span class='ocrx_word' id='word_1_166' title='bbox 2872 885 3050 959; x_wconf 79' lang='grc' dir='ltr'>ἀρχῆς</span> <span class='ocrx_word' id='word_1_167' title='bbox 3107 891 3206 953; x_wconf 77' lang='grc' dir='ltr'>τῆς</span> <span class='ocrx_word' id='word_1_168' title='bbox 3265 883 3522 958; x_wconf 89' lang='grc' dir='ltr'>γενέσεως</span> <span class='ocrx_word' id='word_1_169' title='bbox 3581 878 3796 955; x_wconf 76' lang='grc' dir='ltr'>λαμϐά-</span> 
     </span>
    </p>
   </div>
   <div class='ocr_carea' id='block_1_24' title="bbox 2147 967 3802 1051">
    <p class='ocr_par' dir='ltr' id='par_1_24' title="bbox 2147 967 3802 1051">
     <span class='ocr_line' id='line_1_24' title="bbox 2147 967 3802 1051; baseline 0 -25"><span class='ocrx_word' id='word_1_170' title='bbox 2147 993 2320 1042; x_wconf 87' lang='grc' dir='ltr'>νουσι,</span> <span class='ocrx_word' id='word_1_171' title='bbox 2353 972 2529 1028; x_wconf 89' lang='grc' dir='ltr'>καίτοι</span> <span class='ocrx_word' id='word_1_172' title='bbox 2567 973 2700 1028; x_wconf 80' lang='grc' dir='ltr'>κατᾶ</span> <span class='ocrx_word' id='word_1_173' title='bbox 2732 973 2886 1051; x_wconf 76' lang='grc' dir='ltr'>φύσιν</span> <span class='ocrx_word' id='word_1_174' title='bbox 2934 968 3090 1035; x_wconf 75' lang='grc' dir='ltr'>ὄντος</span> <span class='ocrx_word' id='word_1_175' title='bbox 3139 976 3236 1027; x_wconf 88' lang='grc' dir='ltr'>τοῦ</span> <span class='ocrx_word' id='word_1_176' title='bbox 3269 967 3460 1029; x_wconf 74' lang='grc' dir='ltr'>Ἰακὼϐ</span> <span class='ocrx_word' id='word_1_177' title='bbox 3507 972 3802 1046; x_wconf 77' lang='grc' dir='ltr'>κτίσματος</span> 
     </span>
    </p>
   </div>
   <div class='ocr_carea' id='block_1_25' title="bbox 2146 1056 3803 1135">
    <p class='ocr_par' dir='ltr' id='par_1_25' title="bbox 2146 1056 3803 1135">
     <span class='ocr_line' id='line_1_25' title="bbox 2146 1056 3803 1135; baseline 0 -20"><span class='ocrx_word' id='word_1_178' title='bbox 2146 1061 2235 1116; x_wconf 84' lang='grc' dir='ltr'>καὶ</span> <span class='ocrx_word' id='word_1_179' title='bbox 2268 1063 2595 1134; x_wconf 76' lang='grc' dir='ltr'>ποιήματος·</span> <span class='ocrx_word' id='word_1_180' title='bbox 2629 1067 2744 1125; x_wconf 82' lang='grc' dir='ltr'>πῶς</span> <span class='ocrx_word' id='word_1_181' title='bbox 2776 1061 2838 1117; x_wconf 89' lang='lat' dir='ltr'>o6</span> <span class='ocrx_word' id='word_1_182' title='bbox 2871 1061 3035 1118; x_wconf 83' lang='grc' dir='ltr'>πλέον</span> <span class='ocrx_word' id='word_1_183' title='bbox 3066 1067 3163 1117; x_wconf 89' lang='grc' dir='ltr'>τοῦ</span> <span class='ocrx_word' id='word_1_184' title='bbox 3195 1056 3456 1117; x_wconf 73' lang='grc' dir='ltr'>διαϐόλου</span> <span class='ocrx_word' id='word_1_185' title='bbox 3501 1061 3803 1135; x_wconf 79' lang='grc' dir='ltr'>μαίνονται,</span> 
     </span>
    </p>
   </div>
   <div class='ocr_carea' id='block_1_26' title="bbox 2147 1148 3797 1229">
    <p class='ocr_par' dir='ltr' id='par_1_26' title="bbox 2147 1148 3797 1229">
     <span class='ocr_line' id='line_1_26' title="bbox 2147 1148 3797 1229; baseline -0.001 -24"><span class='ocrx_word' id='word_1_186' title='bbox 2147 1149 2192 1205; x_wconf 84' lang='grc' dir='ltr'>εἶ</span> <span class='ocrx_word' id='word_1_187' title='bbox 2242 1151 2344 1225; x_wconf 78' lang='grc' dir='ltr'>ἄρα</span> <span class='ocrx_word' id='word_1_188' title='bbox 2391 1150 2424 1204; x_wconf 77' lang='grc' dir='ltr'>ἆ</span> <span class='ocrx_word' id='word_1_189' title='bbox 2485 1148 2624 1226; x_wconf 75' lang='grc' dir='ltr'>μῃδὲ</span> <span class='ocrx_word' id='word_1_190' title='bbox 2653 1155 2766 1225; x_wconf 81' lang='grc'>(20)</span> <span class='ocrx_word' id='word_1_191' title='bbox 2812 1156 2932 1214; x_wconf 88' lang='grc' dir='ltr'>τοῖς</span> <span class='ocrx_word' id='word_1_192' title='bbox 2983 1149 3137 1229; x_wconf 69' lang='grc' dir='ltr'>φύσει</span> <span class='ocrx_word' id='word_1_193' title='bbox 3185 1156 3468 1226; x_wconf 74' lang='grc' dir='ltr'>γεννητοῖς</span> <span class='ocrx_word' id='word_1_194' title='bbox 3516 1149 3797 1224; x_wconf 87' lang='grc' dir='ltr'>τολμωσιν</span> 
     </span>
    </p>
   </div>
   <div class='ocr_carea' id='block_1_27' title="bbox 2149 1237 3802 1313">
    <p class='ocr_par' dir='ltr' id='par_1_27' title="bbox 2149 1237 3802 1313">
     <span class='ocr_line' id='line_1_27' title="bbox 2149 1237 3802 1313; baseline 0.001 -20"><span class='ocrx_word' id='word_1_195' title='bbox 2149 1238 2207 1294; x_wconf 79' lang='grc' dir='ltr'>ἐκ</span> <span class='ocrx_word' id='word_1_196' title='bbox 2234 1237 2342 1294; x_wconf 76' lang='grc' dir='ltr'>τῶν</span> <span class='ocrx_word' id='word_1_197' title='bbox 2384 1241 2592 1312; x_wconf 79' lang='grc' dir='ltr'>ὁμοίων</span> <span class='ocrx_word' id='word_1_198' title='bbox 2640 1239 2835 1313; x_wconf 77' lang='grc' dir='ltr'>λέξεων</span> <span class='ocrx_word' id='word_1_199' title='bbox 2887 1239 3187 1309; x_wconf 64' lang='grc' dir='ltr'>συνάπτειν,</span> <span class='ocrx_word' id='word_1_200' title='bbox 3215 1244 3383 1295; x_wconf 88' lang='grc' dir='ltr'>ταῦτα</span> <span class='ocrx_word' id='word_1_201' title='bbox 3427 1244 3506 1312; x_wconf 81' lang='grc' dir='ltr'>τῷ</span> <span class='ocrx_word' id='word_1_202' title='bbox 3555 1240 3664 1312; x_wconf 73' lang='grc' dir='ltr'>Υἱῷ</span> <span class='ocrx_word' id='word_1_203' title='bbox 3704 1244 3802 1294; x_wconf 90' lang='grc' dir='ltr'>τοῦ</span> 
     </span>
    </p>
   </div>
   <div class='ocr_carea' id='block_1_28' title="bbox 2145 1326 3802 1404">
    <p class='ocr_par' dir='ltr' id='par_1_28' title="bbox 2145 1326 3802 1404">
     <span class='ocr_line' id='line_1_28' title="bbox 2145 1326 3802 1404; baseline 0 -22"><span class='ocrx_word' id='word_1_204' title='bbox 2145 1332 2278 1383; x_wconf 87' lang='grc' dir='ltr'>Θεοῦ</span> <span class='ocrx_word' id='word_1_205' title='bbox 2309 1326 2736 1401; x_wconf 73' lang='grc' dir='ltr'>προσπλέκουσι,</span> <span class='ocrx_word' id='word_1_206' title='bbox 2770 1327 3021 1404; x_wconf 88' lang='grc' dir='ltr'>λέγοντες</span> <span class='ocrx_word' id='word_1_207' title='bbox 3051 1331 3164 1402; x_wconf 87' lang='grc'>(21)</span> <span class='ocrx_word' id='word_1_208' title='bbox 3194 1327 3351 1384; x_wconf 82' lang='grc' dir='ltr'>αὐτὸν</span> <span class='ocrx_word' id='word_1_209' title='bbox 3385 1327 3601 1401; x_wconf 86' lang='grc' dir='ltr'>ποίημα</span> <span class='ocrx_word' id='word_1_210' title='bbox 3633 1330 3802 1398; x_wconf 77' lang='grc' dir='ltr'>εἷναι;</span> 
     </span>
    </p>
   </div>
   <div class='ocr_carea' id='block_1_29' title="bbox 2147 1414 3796 1492">
    <p class='ocr_par' dir='ltr' id='par_1_29' title="bbox 2147 1414 3796 1492">
     <span class='ocr_line' id='line_1_29' title="bbox 2147 1414 3796 1492; baseline -0.002 -20"><span class='ocrx_word' id='word_1_211' title='bbox 2147 1415 2338 1492; x_wconf 83' lang='grc' dir='ltr'>Ἔλεγε</span> <span class='ocrx_word' id='word_1_212' title='bbox 2387 1417 2490 1492; x_wconf 75' lang='grc' dir='ltr'>γὰρ</span> <span class='ocrx_word' id='word_1_213' title='bbox 2541 1417 2568 1470; x_wconf 92' lang='lat'>6</span> <span class='ocrx_word' id='word_1_214' title='bbox 2609 1419 2806 1486; x_wconf 75' lang='grc' dir='ltr'>Ἰσαὰκ,</span> <span class='ocrx_word' id='word_1_215' title='bbox 2839 1417 3016 1492; x_wconf 89' lang='grc' dir='ltr'>γίνου,</span> <span class='ocrx_word' id='word_1_216' title='bbox 3065 1417 3176 1488; x_wconf 78' lang='grc' dir='ltr'>καὶ,</span> <span class='ocrx_word' id='word_1_217' title='bbox 3226 1417 3478 1487; x_wconf 81' lang='grc' dir='ltr'>ἐποίησα,</span> <span class='ocrx_word' id='word_1_218' title='bbox 3529 1414 3651 1472; x_wconf 70' lang='grc' dir='ltr'>οὔτε</span> <span class='ocrx_word' id='word_1_219' title='bbox 3697 1419 3796 1486; x_wconf 74' lang='grc' dir='ltr'>τήν</span> 
     </span>
    </p>
   </div>
   <div class='ocr_carea' id='block_1_30' title="bbox 2148 1501 3794 1581">
    <p class='ocr_par' dir='ltr' id='par_1_30' title="bbox 2148 1501 3794 1581">
     <span class='ocr_line' id='line_1_30' title="bbox 2148 1501 3794 1581; baseline 0.001 -23"><span class='ocrx_word' id='word_1_220' title='bbox 2148 1505 2324 1580; x_wconf 71' lang='grc' dir='ltr'>ἀρχὴν</span> <span class='ocrx_word' id='word_1_221' title='bbox 2359 1508 2470 1579; x_wconf 89' lang='grc'>(22)</span> <span class='ocrx_word' id='word_1_222' title='bbox 2503 1505 2602 1572; x_wconf 70' lang='grc' dir='ltr'>τῆς</span> <span class='ocrx_word' id='word_1_223' title='bbox 2629 1505 2881 1581; x_wconf 87' lang='grc' dir='ltr'>γενέσεως</span> <span class='ocrx_word' id='word_1_224' title='bbox 2910 1511 3011 1561; x_wconf 89' lang='grc' dir='ltr'>τοῦ</span> <span class='ocrx_word' id='word_1_225' title='bbox 3043 1501 3259 1577; x_wconf 74' lang='grc' dir='ltr'>Ἰακὼϐ,</span> <span class='ocrx_word' id='word_1_226' title='bbox 3291 1503 3414 1561; x_wconf 75' lang='grc' dir='ltr'>οῦτε</span> <span class='ocrx_word' id='word_1_227' title='bbox 3460 1506 3558 1574; x_wconf 75' lang='grc' dir='ltr'>τὴν</span> <span class='ocrx_word' id='word_1_228' title='bbox 3611 1505 3794 1560; x_wconf 74' lang='grc' dir='ltr'>οὐσίαν</span> 
     </span>
    </p>
   </div>
   <div class='ocr_carea' id='block_1_31' title="bbox 2145 1592 3796 1670">
    <p class='ocr_par' dir='ltr' id='par_1_31' title="bbox 2145 1592 3796 1670">
     <span class='ocr_line' id='line_1_31' title="bbox 2145 1592 3796 1670; baseline 0.001 -23"><span class='ocrx_word' id='word_1_229' title='bbox 2145 1593 2308 1648; x_wconf 84' lang='grc' dir='ltr'>αὐτοῦ</span> <span class='ocrx_word' id='word_1_230' title='bbox 2340 1594 2638 1666; x_wconf 72' lang='grc' dir='ltr'>σημαίνων·</span> <span class='ocrx_word' id='word_1_231' title='bbox 2677 1596 2812 1667; x_wconf 82' lang='grc' dir='ltr'>μετᾶ</span> <span class='ocrx_word' id='word_1_232' title='bbox 2843 1595 2943 1670; x_wconf 73' lang='grc' dir='ltr'>γὰρ</span> <span class='ocrx_word' id='word_1_233' title='bbox 2976 1596 3266 1669; x_wconf 76' lang='grc' dir='ltr'>τριάκοντα</span> <span class='ocrx_word' id='word_1_234' title='bbox 3325 1595 3414 1649; x_wconf 84' lang='grc' dir='ltr'>καὶ</span> <span class='ocrx_word' id='word_1_235' title='bbox 3464 1592 3654 1649; x_wconf 88' lang='grc' dir='ltr'>πλεῖον</span> <span class='ocrx_word' id='word_1_236' title='bbox 3704 1593 3796 1665; x_wconf 82' lang='grc' dir='ltr'>ἔτη</span> 
     </span>
    </p>
   </div>
   <div class='ocr_carea' id='block_1_32' title="bbox 2142 1680 3795 1760">
    <p class='ocr_par' dir='ltr' id='par_1_32' title="bbox 2142 1680 3795 1760">
     <span class='ocr_line' id='line_1_32' title="bbox 2142 1680 3795 1760; baseline 0 -24"><span class='ocrx_word' id='word_1_237' title='bbox 2142 1689 2241 1751; x_wconf 78' lang='grc' dir='ltr'>τῆς</span> <span class='ocrx_word' id='word_1_238' title='bbox 2271 1683 2529 1758; x_wconf 83' lang='grc' dir='ltr'>γενέσεως</span> <span class='ocrx_word' id='word_1_239' title='bbox 2562 1683 2725 1738; x_wconf 81' lang='grc' dir='ltr'>αὐτοῦ</span> <span class='ocrx_word' id='word_1_240' title='bbox 2771 1689 2937 1738; x_wconf 77' lang='grc' dir='ltr'>ταῦτα</span> <span class='ocrx_word' id='word_1_241' title='bbox 2986 1680 3188 1760; x_wconf 78' lang='grc' dir='ltr'>ἔλεγεν·</span> <span class='ocrx_word' id='word_1_242' title='bbox 3225 1682 3371 1739; x_wconf 80' lang='grc' dir='ltr'>ἀλλᾶ</span> <span class='ocrx_word' id='word_1_243' title='bbox 3418 1684 3515 1752; x_wconf 70' lang='grc' dir='ltr'>τὴν</span> <span class='ocrx_word' id='word_1_244' title='bbox 3570 1682 3645 1746; x_wconf 61' lang='grc' dir='ltr'>είς</span> <span class='ocrx_word' id='word_1_245' title='bbox 3705 1683 3795 1738; x_wconf 86' lang='grc' dir='ltr'>τὸν</span> 
     </span>
    </p>
   </div>
   <div class='ocr_carea' id='block_1_33' title="bbox 2145 1768 3799 1848">
    <p class='ocr_par' dir='ltr' id='par_1_33' title="bbox 2145 1768 3799 1848">
     <span class='ocr_line' id='line_1_33' title="bbox 2145 1768 3799 1848; baseline 0.002 -23"><span class='ocrx_word' id='word_1_246' title='bbox 2145 1768 2374 1848; x_wconf 64' lang='grc' dir='ltr'>ἀδελφὸν</span> <span class='ocrx_word' id='word_1_247' title='bbox 2423 1770 2656 1842; x_wconf 78' lang='grc' dir='ltr'>ἐξουσίαν</span> <span class='ocrx_word' id='word_1_248' title='bbox 2710 1771 2895 1842; x_wconf 80' lang='grc' dir='ltr'>αὐτοῦ,</span> <span class='ocrx_word' id='word_1_249' title='bbox 2924 1773 3022 1842; x_wconf 72' lang='grc' dir='ltr'>τὴν</span> <span class='ocrx_word' id='word_1_250' title='bbox 3077 1772 3212 1845; x_wconf 84' lang='grc' dir='ltr'>μετᾶ</span> <span class='ocrx_word' id='word_1_251' title='bbox 3257 1777 3425 1827; x_wconf 87' lang='grc' dir='ltr'>ταῦτα</span> <span class='ocrx_word' id='word_1_252' title='bbox 3473 1771 3799 1847; x_wconf 72' lang='grc' dir='ltr'>γενομένην.</span> 
     </span>
    </p>
   </div>
   <div class='ocr_carea' id='block_1_34' title="bbox 461 1854 2036 1966">
    <p class='ocr_par' dir='ltr' id='par_1_34' title="bbox 461 1854 2027 1931">
     <span class='ocr_line' id='line_1_34' title="bbox 461 1854 2027 1931; baseline 0.005 -22"><span class='ocrx_word' id='word_1_253' title='bbox 461 1854 545 1909; x_wconf 88' lang='grc'>18.</span> <span class='ocrx_word' id='word_1_254' title='bbox 571 1859 716 1927; x_wconf 79' lang='lat' dir='ltr'>Ergo</span> <span class='ocrx_word' id='word_1_255' title='bbox 749 1856 933 1912; x_wconf 88' lang='lat' dir='ltr'>multo</span> <span class='ocrx_word' id='word_1_256' title='bbox 965 1859 1154 1931; x_wconf 86' lang='lat' dir='ltr'>magis</span> <span class='ocrx_word' id='word_1_257' title='bbox 1188 1860 1392 1917; x_wconf 90' lang='lat' dir='ltr'>Petrus</span> <span class='ocrx_word' id='word_1_258' title='bbox 1423 1877 1538 1917; x_wconf 89' lang='lat' dir='ltr'>non</span> <span class='ocrx_word' id='word_1_259' title='bbox 1599 1862 1690 1919; x_wconf 92' lang='lat' dir='ltr'>his</span> <span class='ocrx_word' id='word_1_260' title='bbox 1722 1863 1911 1919; x_wconf 90' lang='lat' dir='ltr'>verbis</span> <span class='ocrx_word' id='word_1_261' title='bbox 1947 1864 2027 1920; x_wconf 89' lang='lat' dir='ltr'>si-</span> 
     </span>
    </p>
   </div>
   <div class='ocr_carea' id='block_1_35' title="bbox 2152 1854 3795 1966">
    <p class='ocr_par' dir='ltr' id='par_1_35' title="bbox 2185 1859 3795 1966">
     <span class='ocr_line' id='line_1_35' title="bbox 2219 1859 3795 1936; baseline 0 -20"><span class='ocrx_word' id='word_1_262' title='bbox 2219 1862 2301 1916; x_wconf 90' lang='grc'>18.</span> <span class='ocrx_word' id='word_1_263' title='bbox 2328 1859 2536 1917; x_wconf 82' lang='grc' dir='ltr'>Οὐκοῦν</span> <span class='ocrx_word' id='word_1_264' title='bbox 2568 1859 2766 1933; x_wconf 81' lang='grc' dir='ltr'>πολλῷ</span> <span class='ocrx_word' id='word_1_265' title='bbox 2801 1860 3011 1933; x_wconf 77' lang='grc' dir='ltr'>μᾶλλον</span> <span class='ocrx_word' id='word_1_266' title='bbox 3048 1862 3075 1916; x_wconf 91' lang='lat'>6</span> <span class='ocrx_word' id='word_1_267' title='bbox 3108 1861 3308 1936; x_wconf 87' lang='grc' dir='ltr'>Πέτρος</span> <span class='ocrx_word' id='word_1_268' title='bbox 3341 1860 3402 1916; x_wconf 90' lang='lat' dir='ltr'>o6</span> <span class='ocrx_word' id='word_1_269' title='bbox 3433 1859 3648 1934; x_wconf 86' lang='grc' dir='ltr'>ποίημα</span> <span class='ocrx_word' id='word_1_270' title='bbox 3695 1862 3795 1929; x_wconf 70' lang='grc' dir='ltr'>τὴν</span> 
     </span>
     <span class='ocr_line' id='line_1_36' title="bbox 2185 1946 3751 1966; baseline 0 0"><span class='ocrx_word' id='word_1_271' title='bbox 2185 1947 2198 1966; x_wconf 78' lang='lat'>.</span> <span class='ocrx_word' id='word_1_272' title='bbox 2251 1949 2262 1966; x_wconf 78' lang='grc' dir='ltr'><em>ι</em></span> <span class='ocrx_word' id='word_1_273' title='bbox 2450 1953 2474 1964; x_wconf 85' lang='grc'>..</span> <span class='ocrx_word' id='word_1_274' title='bbox 2543 1958 2553 1966; x_wconf 92' lang='grc'>.</span> <span class='ocrx_word' id='word_1_275' title='bbox 2591 1949 2602 1966; x_wconf 82' lang='grc'>.</span> <span class='ocrx_word' id='word_1_276' title='bbox 2916 1949 2928 1966; x_wconf 79' lang='grc' dir='ltr'><em>ι</em></span> <span class='ocrx_word' id='word_1_277' title='bbox 3165 1954 3190 1964; x_wconf 56' lang='grc' dir='ltr'><em>η</em></span> <span class='ocrx_word' id='word_1_278' title='bbox 3231 1951 3244 1966; x_wconf 88' lang='grc'>.</span> <span class='ocrx_word' id='word_1_279' title='bbox 3287 1948 3333 1966; x_wconf 55' lang='grc' dir='ltr'>..κ</span> <span class='ocrx_word' id='word_1_280' title='bbox 3524 1946 3590 1966; x_wconf 70' lang='grc' dir='ltr'>ηρ.</span> <span class='ocrx_word' id='word_1_281' title='bbox 3737 1951 3751 1966; x_wconf 64' lang='grc' dir='ltr'>ι</span> 
     </span>
    </p>
   </div>
   <div class='ocr_carea' id='block_1_36' title="bbox 386 1943 2030 2025">
    <p class='ocr_par' dir='ltr' id='par_1_36' title="bbox 386 1943 2030 2025">
     <span class='ocr_line' id='line_1_37' title="bbox 386 1943 2030 2025; baseline 0.006 -27"><span class='ocrx_word' id='word_1_282' title='bbox 386 1943 683 2016; x_wconf 81' lang='lat' dir='ltr'>gnificavit</span> <span class='ocrx_word' id='word_1_283' title='bbox 712 1945 922 2002; x_wconf 87' lang='lat' dir='ltr'>factam</span> <span class='ocrx_word' id='word_1_284' title='bbox 940 1963 1068 2003; x_wconf 89' lang='lat' dir='ltr'>esse</span> <span class='ocrx_word' id='word_1_285' title='bbox 1097 1948 1270 2004; x_wconf 89' lang='lat' dir='ltr'>Verbi</span> <span class='ocrx_word' id='word_1_286' title='bbox 1303 1954 1573 2007; x_wconf 87' lang='lat' dir='ltr'>naturam</span> <span class='ocrx_word' id='word_1_287' title='bbox 1600 1971 1612 2008; x_wconf 90' lang='lat'><strong>:</strong></span> <span class='ocrx_word' id='word_1_288' title='bbox 1638 1953 1833 2024; x_wconf 91' lang='lat' dir='ltr'>ipsum</span> <span class='ocrx_word' id='word_1_289' title='bbox 1848 1953 2030 2025; x_wconf 88' lang='lat' dir='ltr'>siqui-</span> 
     </span>
    </p>
   </div>
   <div class='ocr_carea' id='block_1_37' title="bbox 386 2033 2031 2114">
    <p class='ocr_par' dir='ltr' id='par_1_37' title="bbox 386 2033 2031 2114">
     <span class='ocr_line' id='line_1_38' title="bbox 386 2033 2031 2114; baseline 0.006 -27"><span class='ocrx_word' id='word_1_290' title='bbox 386 2033 520 2088; x_wconf 89' lang='lat' dir='ltr'>dem</span> <span class='ocrx_word' id='word_1_291' title='bbox 554 2033 763 2090; x_wconf 87' lang='lat' dir='ltr'>Filium</span> <span class='ocrx_word' id='word_1_292' title='bbox 801 2035 896 2092; x_wconf 93' lang='lat' dir='ltr'>Dei</span> <span class='ocrx_word' id='word_1_293' title='bbox 929 2053 1059 2093; x_wconf 91' lang='lat' dir='ltr'>esse</span> <span class='ocrx_word' id='word_1_294' title='bbox 1105 2045 1342 2096; x_wconf 89' lang='lat' dir='ltr'>noverat</span> <span class='ocrx_word' id='word_1_295' title='bbox 1371 2041 1794 2114; x_wconf 89' lang='lat' dir='ltr'>confessusque</span> <span class='ocrx_word' id='word_1_296' title='bbox 1826 2044 2031 2113; x_wconf 80' lang='lat' dir='ltr'>fuerat,</span> 
     </span>
    </p>
   </div>
   <div class='ocr_carea' id='block_1_38' title="bbox 378 2125 2033 2201">
    <p class='ocr_par' dir='ltr' id='par_1_38' title="bbox 378 2125 2033 2201">
     <span class='ocr_line' id='line_1_39' title="bbox 378 2125 2033 2201; baseline 0.005 -22"><span class='ocrx_word' id='word_1_297' title='bbox 378 2139 513 2179; x_wconf 87' lang='lat' dir='ltr'>cum</span> <span class='ocrx_word' id='word_1_298' title='bbox 547 2125 626 2179; x_wconf 88' lang='lat' dir='ltr'>ait</span> <span class='ocrx_word' id='word_1_299' title='bbox 659 2142 671 2180; x_wconf 91' lang='lat'>:</span> <span class='ocrx_word' id='word_1_300' title='bbox 707 2126 780 2180; x_wconf 83' lang='grc' dir='ltr'>Ἰιι</span> <span class='ocrx_word' id='word_1_301' title='bbox 797 2141 850 2180; x_wconf 84' lang='lat' dir='ltr'>es</span> <span class='ocrx_word' id='word_1_302' title='bbox 873 2126 1327 2199; x_wconf 75' lang='lat' dir='ltr'>Cl:risius,Filius</span> <span class='ocrx_word' id='word_1_303' title='bbox 1348 2131 1448 2186; x_wconf 82' lang='lat' dir='ltr'>Dei</span> <span class='ocrx_word' id='word_1_304' title='bbox 1462 2133 1692 2186; x_wconf 77' lang='lat' dir='ltr'>viventis</span> <span class='ocrx_word' id='word_1_305' title='bbox 1709 2133 1881 2198; x_wconf 70' lang='lat' dir='ltr'>’9,sed</span> <span class='ocrx_word' id='word_1_306' title='bbox 1905 2133 2033 2201; x_wconf 85' lang='lat' dir='ltr'>ejus</span> 
     </span>
    </p>
   </div>
   <div class='ocr_carea' id='block_1_39' title="bbox 376 2210 2032 2292">
    <p class='ocr_par' dir='ltr' id='par_1_39' title="bbox 376 2210 2032 2292">
     <span class='ocr_line' id='line_1_40' title="bbox 376 2210 2032 2292; baseline 0.006 -26"><span class='ocrx_word' id='word_1_307' title='bbox 376 2210 435 2266; x_wconf 91' lang='lat' dir='ltr'>in</span> <span class='ocrx_word' id='word_1_308' title='bbox 469 2229 576 2268; x_wconf 91' lang='lat' dir='ltr'>nos</span> <span class='ocrx_word' id='word_1_309' title='bbox 607 2213 921 2285; x_wconf 90' lang='lat' dir='ltr'>imperium</span> <span class='ocrx_word' id='word_1_310' title='bbox 953 2221 1010 2272; x_wconf 88' lang='lat' dir='ltr'>et</span> <span class='ocrx_word' id='word_1_311' title='bbox 1039 2217 1411 2274; x_wconf 88' lang='lat' dir='ltr'>dominatum</span> <span class='ocrx_word' id='word_1_312' title='bbox 1463 2237 1530 2276; x_wconf 79' lang='lat' dir='ltr'>ex</span> <span class='ocrx_word' id='word_1_313' title='bbox 1586 2221 1774 2292; x_wconf 80' lang='lat' dir='ltr'>gratia</span> <span class='ocrx_word' id='word_1_314' title='bbox 1815 2221 2032 2276; x_wconf 87' lang='lat' dir='ltr'>factum</span> 
     </span>
    </p>
   </div>
   <div class='ocr_carea' id='block_1_40' title="bbox 376 2299 2034 2376">
    <p class='ocr_par' dir='ltr' id='par_1_40' title="bbox 376 2299 2034 2376">
     <span class='ocr_line' id='line_1_41' title="bbox 376 2299 2034 2376; baseline 0.007 -22"><span class='ocrx_word' id='word_1_315' title='bbox 376 2299 765 2373; x_wconf 77' lang='lat' dir='ltr'>intelligebat.</span> <span class='ocrx_word' id='word_1_316' title='bbox 788 2303 934 2359; x_wconf 91' lang='lat' dir='ltr'>Hinc</span> <span class='ocrx_word' id='word_1_317' title='bbox 966 2306 1145 2361; x_wconf 90' lang='lat' dir='ltr'>etiam</span> <span class='ocrx_word' id='word_1_318' title='bbox 1178 2307 1300 2362; x_wconf 68' lang='lat' dir='ltr'>haec</span> <span class='ocrx_word' id='word_1_319' title='bbox 1333 2309 1601 2376; x_wconf 90' lang='lat' dir='ltr'>dicendo,</span> <span class='ocrx_word' id='word_1_320' title='bbox 1636 2312 1706 2364; x_wconf 89' lang='lat' dir='ltr'>de</span> <span class='ocrx_word' id='word_1_321' title='bbox 1737 2314 1949 2365; x_wconf 79' lang='lat' dir='ltr'>aeterna</span> <span class='ocrx_word' id='word_1_322' title='bbox 1977 2317 2034 2366; x_wconf 87' lang='lat' dir='ltr'>et</span> 
     </span>
    </p>
   </div>
   <div class='ocr_carea' id='block_1_41' title="bbox 377 2391 2032 2468">
    <p class='ocr_par' dir='ltr' id='par_1_41' title="bbox 377 2391 2032 2468">
     <span class='ocr_line' id='line_1_42' title="bbox 377 2391 2032 2468; baseline 0.007 -24"><span class='ocrx_word' id='word_1_323' title='bbox 377 2396 623 2461; x_wconf 86' lang='lat' dir='ltr'>paterna</span> <span class='ocrx_word' id='word_1_324' title='bbox 652 2391 781 2446; x_wconf 83' lang='lat' dir='ltr'>Filii</span> <span class='ocrx_word' id='word_1_325' title='bbox 813 2393 914 2448; x_wconf 88' lang='lat' dir='ltr'>Dei</span> <span class='ocrx_word' id='word_1_326' title='bbox 963 2394 1270 2451; x_wconf 86' lang='lat' dir='ltr'>divinitate</span> <span class='ocrx_word' id='word_1_327' title='bbox 1301 2413 1415 2452; x_wconf 91' lang='lat' dir='ltr'>non</span> <span class='ocrx_word' id='word_1_328' title='bbox 1479 2397 1664 2463; x_wconf 87' lang='lat' dir='ltr'>siluit,</span> <span class='ocrx_word' id='word_1_329' title='bbox 1716 2400 1817 2454; x_wconf 93' lang='lat' dir='ltr'>sed</span> <span class='ocrx_word' id='word_1_330' title='bbox 1872 2399 2032 2468; x_wconf 89' lang='lat' dir='ltr'>prius</span> 
     </span>
    </p>
   </div>
   <div class='ocr_carea' id='block_1_42' title="bbox 378 2478 2031 2558">
    <p class='ocr_par' dir='ltr' id='par_1_42' title="bbox 378 2478 2031 2558">
     <span class='ocr_line' id='line_1_43' title="bbox 378 2478 2031 2558; baseline 0.007 -26"><span class='ocrx_word' id='word_1_331' title='bbox 378 2478 628 2550; x_wconf 79' lang='lat' dir='ltr'>dixerat,</span> <span class='ocrx_word' id='word_1_332' title='bbox 662 2479 827 2536; x_wconf 91' lang='lat' dir='ltr'>illum</span> <span class='ocrx_word' id='word_1_333' title='bbox 855 2483 913 2537; x_wconf 87' lang='lat' dir='ltr'>in</span> <span class='ocrx_word' id='word_1_334' title='bbox 947 2500 1053 2540; x_wconf 93' lang='lat' dir='ltr'>nos</span> <span class='ocrx_word' id='word_1_335' title='bbox 1103 2484 1389 2556; x_wconf 87' lang='lat' dir='ltr'>Spiritum</span> <span class='ocrx_word' id='word_1_336' title='bbox 1449 2487 1728 2543; x_wconf 81' lang='lat' dir='ltr'>eﬂ’udisse</span> <span class='ocrx_word' id='word_1_337' title='bbox 1759 2490 1822 2543; x_wconf 71' lang='lat'>9°.</span> <span class='ocrx_word' id='word_1_338' title='bbox 1855 2487 2031 2558; x_wconf 90' lang='lat' dir='ltr'>Atqui</span> 
     </span>
    </p>
   </div>
   <div class='ocr_carea' id='block_1_43' title="bbox 375 2567 2032 2644">
    <p class='ocr_par' dir='ltr' id='par_1_43' title="bbox 375 2567 2032 2644">
     <span class='ocr_line' id='line_1_44' title="bbox 375 2567 2032 2644; baseline 0.005 -21"><span class='ocrx_word' id='word_1_339' title='bbox 375 2567 663 2640; x_wconf 87' lang='lat' dir='ltr'>Spiritum</span> <span class='ocrx_word' id='word_1_340' title='bbox 695 2585 829 2625; x_wconf 92' lang='lat' dir='ltr'>cum</span> <span class='ocrx_word' id='word_1_341' title='bbox 861 2578 1147 2644; x_wconf 79' lang='lat' dir='ltr'>potestate</span> <span class='ocrx_word' id='word_1_342' title='bbox 1173 2575 1312 2630; x_wconf 88' lang='lat' dir='ltr'>dare</span> <span class='ocrx_word' id='word_1_343' title='bbox 1337 2593 1450 2631; x_wconf 89' lang='lat' dir='ltr'>non</span> <span class='ocrx_word' id='word_1_344' title='bbox 1485 2577 1565 2631; x_wconf 90' lang='lat' dir='ltr'>rei</span> <span class='ocrx_word' id='word_1_345' title='bbox 1591 2583 1793 2632; x_wconf 64' lang='lat' dir='ltr'>creata:</span> <span class='ocrx_word' id='word_1_346' title='bbox 1827 2578 2032 2642; x_wconf 89' lang='lat' dir='ltr'>est,vel</span> 
     </span>
    </p>
   </div>
   <div class='ocr_carea' id='block_1_44' title="bbox 376 2655 2032 2728">
    <p class='ocr_par' dir='ltr' id='par_1_44' title="bbox 376 2655 2032 2728">
     <span class='ocr_line' id='line_1_45' title="bbox 376 2655 2032 2728; baseline 0.007 -18"><span class='ocrx_word' id='word_1_347' title='bbox 376 2655 560 2728; x_wconf 74' lang='lat' dir='ltr'>factm,</span> <span class='ocrx_word' id='word_1_348' title='bbox 595 2657 695 2714; x_wconf 90' lang='lat' dir='ltr'>sed</span> <span class='ocrx_word' id='word_1_349' title='bbox 723 2658 820 2714; x_wconf 88' lang='lat' dir='ltr'>Dei</span> <span class='ocrx_word' id='word_1_350' title='bbox 850 2661 1070 2716; x_wconf 90' lang='lat' dir='ltr'>donum</span> <span class='ocrx_word' id='word_1_351' title='bbox 1099 2668 1206 2718; x_wconf 89' lang='lat' dir='ltr'>est.</span> <span class='ocrx_word' id='word_1_352' title='bbox 1241 2663 1387 2718; x_wconf 89' lang='lat' dir='ltr'>Nam</span> <span class='ocrx_word' id='word_1_353' title='bbox 1447 2681 1540 2720; x_wconf 91' lang='lat' dir='ltr'>res</span> <span class='ocrx_word' id='word_1_354' title='bbox 1579 2671 1784 2721; x_wconf 82' lang='lat' dir='ltr'>creatae</span> <span class='ocrx_word' id='word_1_355' title='bbox 1815 2673 2032 2722; x_wconf 79' lang='lat' dir='ltr'>sanctas</span> 
     </span>
    </p>
   </div>
   <div class='ocr_carea' id='block_1_45' title="bbox 374 2746 2028 2822">
    <p class='ocr_par' dir='ltr' id='par_1_45' title="bbox 374 2746 2028 2822">
     <span class='ocr_line' id='line_1_46' title="bbox 374 2746 2028 2822; baseline 0.007 -23"><span class='ocrx_word' id='word_1_356' title='bbox 374 2746 614 2816; x_wconf 87' lang='lat' dir='ltr'>quidem</span> <span class='ocrx_word' id='word_1_357' title='bbox 645 2747 982 2804; x_wconf 81' lang='lat' dir='ltr'>efficiuntur</span> <span class='ocrx_word' id='word_1_358' title='bbox 1015 2768 1046 2806; x_wconf 88' lang='lat' dir='ltr'>a</span> <span class='ocrx_word' id='word_1_359' title='bbox 1077 2750 1297 2822; x_wconf 78' lang='lat' dir='ltr'>Spiritu</span> <span class='ocrx_word' id='word_1_360' title='bbox 1323 2759 1565 2808; x_wconf 89' lang='lat' dir='ltr'>sancto:</span> <span class='ocrx_word' id='word_1_361' title='bbox 1618 2753 1802 2809; x_wconf 87' lang='lat' dir='ltr'>Filius</span> <span class='ocrx_word' id='word_1_362' title='bbox 1834 2759 2028 2810; x_wconf 90' lang='lat' dir='ltr'>autem</span> 
     </span>
    </p>
   </div>
   <div class='ocr_carea' id='block_1_46' title="bbox 375 2837 2025 2914">
    <p class='ocr_par' dir='ltr' id='par_1_46' title="bbox 375 2837 2025 2914">
     <span class='ocr_line' id='line_1_47' title="bbox 375 2837 2025 2914; baseline 0.005 -25"><span class='ocrx_word' id='word_1_363' title='bbox 375 2849 491 2890; x_wconf 90' lang='lat' dir='ltr'>non</span> <span class='ocrx_word' id='word_1_364' title='bbox 524 2840 766 2892; x_wconf 88' lang='lat' dir='ltr'>sanctus</span> <span class='ocrx_word' id='word_1_365' title='bbox 789 2837 1091 2895; x_wconf 83' lang='lat' dir='ltr'>efﬂoitura</span> <span class='ocrx_word' id='word_1_366' title='bbox 1122 2841 1345 2912; x_wconf 86' lang='lat' dir='ltr'>Spiritu</span> <span class='ocrx_word' id='word_1_367' title='bbox 1380 2845 1713 2909; x_wconf 85' lang='lat' dir='ltr'>sancto,sed</span> <span class='ocrx_word' id='word_1_368' title='bbox 1748 2844 1873 2914; x_wconf 89' lang='lat' dir='ltr'>ipse</span> <span class='ocrx_word' id='word_1_369' title='bbox 1895 2861 2025 2898; x_wconf 91' lang='lat' dir='ltr'>eum</span> 
     </span>
    </p>
   </div>
   <div class='ocr_carea' id='block_1_47' title="bbox 375 2923 2030 2998">
    <p class='ocr_par' dir='ltr' id='par_1_47' title="bbox 375 2923 2030 2998">
     <span class='ocr_line' id='line_1_48' title="bbox 375 2923 2030 2998; baseline 0.007 -21"><span class='ocrx_word' id='word_1_370' title='bbox 375 2923 475 2978; x_wconf 89' lang='lat' dir='ltr'>dat</span> <span class='ocrx_word' id='word_1_371' title='bbox 497 2924 1052 2998; x_wconf 84' lang='lat' dir='ltr'>omnibus,indeque</span> <span class='ocrx_word' id='word_1_372' title='bbox 1086 2934 1243 2994; x_wconf 86' lang='lat' dir='ltr'>patet</span> <span class='ocrx_word' id='word_1_373' title='bbox 1275 2947 1388 2984; x_wconf 92' lang='lat' dir='ltr'>non</span> <span class='ocrx_word' id='word_1_374' title='bbox 1412 2933 1800 2997; x_wconf 88' lang='lat' dir='ltr'>creatum,sed</span> <span class='ocrx_word' id='word_1_375' title='bbox 1827 2950 2030 2988; x_wconf 90' lang='lat' dir='ltr'>verum</span> 
     </span>
    </p>
   </div>
   <div class='ocr_carea' id='block_1_48' title="bbox 377 3011 2028 3092">
    <p class='ocr_par' dir='ltr' id='par_1_48' title="bbox 377 3011 2028 3092">
     <span class='ocr_line' id='line_1_49' title="bbox 377 3011 2028 3092; baseline 0.005 -25"><span class='ocrx_word' id='word_1_376' title='bbox 377 3011 565 3069; x_wconf 88' lang='lat' dir='ltr'>Patris</span> <span class='ocrx_word' id='word_1_377' title='bbox 595 3029 723 3070; x_wconf 88' lang='lat' dir='ltr'>esse</span> <span class='ocrx_word' id='word_1_378' title='bbox 759 3015 1054 3072; x_wconf 80' lang='lat' dir='ltr'>Filium.ls</span> <span class='ocrx_word' id='word_1_379' title='bbox 1071 3017 1458 3075; x_wconf 86' lang='lat' dir='ltr'>nihilominus</span> <span class='ocrx_word' id='word_1_380' title='bbox 1480 3019 1579 3091; x_wconf 79' lang='lat' dir='ltr'>qui</span> <span class='ocrx_word' id='word_1_381' title='bbox 1599 3021 1698 3075; x_wconf 89' lang='lat' dir='ltr'>dat</span> <span class='ocrx_word' id='word_1_382' title='bbox 1726 3021 2028 3092; x_wconf 90' lang='lat' dir='ltr'>Spiritum,</span> 
     </span>
    </p>
   </div>
   <div class='ocr_carea' id='block_1_49' title="bbox 376 3100 2030 3175">
    <p class='ocr_par' dir='ltr' id='par_1_49' title="bbox 376 3100 2030 3175">
     <span class='ocr_line' id='line_1_50' title="bbox 376 3100 2030 3175; baseline 0.005 -19"><span class='ocrx_word' id='word_1_383' title='bbox 376 3100 502 3173; x_wconf 90' lang='lat' dir='ltr'>ipse</span> <span class='ocrx_word' id='word_1_384' title='bbox 541 3119 774 3175; x_wconf 88' lang='lat' dir='ltr'>quoque</span> <span class='ocrx_word' id='word_1_385' title='bbox 805 3105 994 3161; x_wconf 87' lang='lat' dir='ltr'>factus</span> <span class='ocrx_word' id='word_1_386' title='bbox 1025 3123 1153 3162; x_wconf 88' lang='lat' dir='ltr'>esse</span> <span class='ocrx_word' id='word_1_387' title='bbox 1213 3108 1446 3162; x_wconf 88' lang='lat' dir='ltr'>dicitur.</span> <span class='ocrx_word' id='word_1_388' title='bbox 1499 3109 1790 3164; x_wconf 84' lang='lat' dir='ltr'>Nimirum</span> <span class='ocrx_word' id='word_1_389' title='bbox 1844 3111 2030 3166; x_wconf 79' lang='lat' dir='ltr'>factus</span> 
     </span>
    </p>
   </div>
   <div class='ocr_carea' id='block_1_50' title="bbox 377 3193 2028 3266">
    <p class='ocr_par' dir='ltr' id='par_1_50' title="bbox 377 3193 2028 3266">
     <span class='ocr_line' id='line_1_51' title="bbox 377 3193 2028 3266; baseline 0.004 -20"><span class='ocrx_word' id='word_1_390' title='bbox 377 3206 508 3246; x_wconf 88' lang='lat' dir='ltr'>esse</span> <span class='ocrx_word' id='word_1_391' title='bbox 538 3193 692 3263; x_wconf 83' lang='lat' dir='ltr'>apud</span> <span class='ocrx_word' id='word_1_392' title='bbox 719 3195 1130 3266; x_wconf 59' lang='lat' dir='ltr'>nospominus</span> <span class='ocrx_word' id='word_1_393' title='bbox 1152 3196 1371 3251; x_wconf 86' lang='lat' dir='ltr'>dicitur</span> <span class='ocrx_word' id='word_1_394' title='bbox 1392 3199 1464 3253; x_wconf 93' lang='lat' dir='ltr'>ob</span> <span class='ocrx_word' id='word_1_395' title='bbox 1497 3198 1818 3253; x_wconf 88' lang='lat' dir='ltr'>humanam</span> <span class='ocrx_word' id='word_1_396' title='bbox 1855 3204 2028 3253; x_wconf 88' lang='lat' dir='ltr'>natu-</span> 
     </span>
    </p>
   </div>
   <div class='ocr_carea' id='block_1_51' title="bbox 2144 1946 3792 2025">
    <p class='ocr_par' dir='ltr' id='par_1_51' title="bbox 2144 1946 3792 2025">
     <span class='ocr_line' id='line_1_52' title="bbox 2144 1946 3792 2025; baseline 0.001 -22"><span class='ocrx_word' id='word_1_397' title='bbox 2144 1947 2326 2003; x_wconf 76' lang='grc' dir='ltr'>οὐσίαν</span> <span class='ocrx_word' id='word_1_398' title='bbox 2381 1953 2478 2004; x_wconf 89' lang='grc' dir='ltr'>τοῦ</span> <span class='ocrx_word' id='word_1_399' title='bbox 2529 1949 2705 2024; x_wconf 84' lang='grc' dir='ltr'>Λόγου</span> <span class='ocrx_word' id='word_1_400' title='bbox 2755 1949 3034 2024; x_wconf 76' lang='grc' dir='ltr'>σημαίνων</span> <span class='ocrx_word' id='word_1_401' title='bbox 3093 1951 3244 2005; x_wconf 83' lang='grc' dir='ltr'>ταῦτ’</span> <span class='ocrx_word' id='word_1_402' title='bbox 3285 1948 3485 2024; x_wconf 79' lang='grc' dir='ltr'>ἔλεγεν·</span> <span class='ocrx_word' id='word_1_403' title='bbox 3521 1946 3640 2024; x_wconf 73' lang='grc' dir='ltr'>ᾔδει</span> <span class='ocrx_word' id='word_1_404' title='bbox 3690 1951 3792 2025; x_wconf 75' lang='grc' dir='ltr'>γὰρ</span> 
     </span>
    </p>
   </div>
   <div class='ocr_carea' id='block_1_52' title="bbox 2143 2037 3790 2116">
    <p class='ocr_par' dir='ltr' id='par_1_52' title="bbox 2143 2037 3790 2116">
     <span class='ocr_line' id='line_1_53' title="bbox 2143 2037 3790 2116; baseline 0.002 -24"><span class='ocrx_word' id='word_1_405' title='bbox 2143 2038 2301 2093; x_wconf 83' lang='grc' dir='ltr'>αὐτὸν</span> <span class='ocrx_word' id='word_1_406' title='bbox 2361 2040 2483 2092; x_wconf 76' lang='grc' dir='ltr'>Υἱὸν</span> <span class='ocrx_word' id='word_1_407' title='bbox 2531 2043 2626 2094; x_wconf 89' lang='grc' dir='ltr'>τοῦ</span> <span class='ocrx_word' id='word_1_408' title='bbox 2677 2043 2809 2094; x_wconf 92' lang='grc' dir='ltr'>Θεοῦ</span> <span class='ocrx_word' id='word_1_409' title='bbox 2859 2037 3236 2114; x_wconf 74' lang='grc' dir='ltr'>ὁμολογήσας·</span> <span class='ocrx_word' id='word_1_410' title='bbox 3274 2039 3348 2093; x_wconf 79' lang='grc' dir='ltr'>Σὺ</span> <span class='ocrx_word' id='word_1_411' title='bbox 3379 2039 3424 2094; x_wconf 77' lang='grc' dir='ltr'>εί</span> <span class='ocrx_word' id='word_1_412' title='bbox 3455 2039 3483 2094; x_wconf 77' lang='lat'>6</span> <span class='ocrx_word' id='word_1_413' title='bbox 3534 2041 3790 2116; x_wconf 86' lang='grc' dir='ltr'>Χριστὸς.</span> 
     </span>
    </p>
   </div>
   <div class='ocr_carea' id='block_1_53' title="bbox 2143 2127 3791 2205">
    <p class='ocr_par' dir='ltr' id='par_1_53' title="bbox 2143 2127 3791 2205">
     <span class='ocr_line' id='line_1_54' title="bbox 2143 2127 3791 2205; baseline 0.001 -24"><span class='ocrx_word' id='word_1_414' title='bbox 2143 2127 2172 2181; x_wconf 91' lang='lat'>6</span> <span class='ocrx_word' id='word_1_415' title='bbox 2230 2128 2354 2189; x_wconf 68' lang='grc' dir='ltr'>Υἱὸς</span> <span class='ocrx_word' id='word_1_416' title='bbox 2413 2131 2508 2181; x_wconf 88' lang='grc' dir='ltr'>τοῦ</span> <span class='ocrx_word' id='word_1_417' title='bbox 2579 2132 2711 2182; x_wconf 89' lang='grc' dir='ltr'>Θεοῦ</span> <span class='ocrx_word' id='word_1_418' title='bbox 2789 2133 2989 2198; x_wconf 79' lang='grc' dir='ltr'>ζῶντος</span> <span class='ocrx_word' id='word_1_419' title='bbox 3023 2146 3035 2159; x_wconf 93' lang='grc'>·</span> <span class='ocrx_word' id='word_1_420' title='bbox 3095 2127 3238 2182; x_wconf 74' lang='grc' dir='ltr'>ἀλλὰ</span> <span class='ocrx_word' id='word_1_421' title='bbox 3286 2129 3385 2196; x_wconf 75' lang='grc' dir='ltr'>τὴν</span> <span class='ocrx_word' id='word_1_422' title='bbox 3444 2129 3578 2184; x_wconf 77' lang='grc' dir='ltr'>κατὰ</span> <span class='ocrx_word' id='word_1_423' title='bbox 3629 2129 3791 2205; x_wconf 84' lang='grc' dir='ltr'>χάριν</span> 
     </span>
    </p>
   </div>
   <div class='ocr_carea' id='block_1_54' title="bbox 2142 2216 3796 2291">
    <p class='ocr_par' dir='ltr' id='par_1_54' title="bbox 2142 2216 3796 2291">
     <span class='ocr_line' id='line_1_55' title="bbox 2142 2216 3796 2291; baseline 0.002 -21"><span class='ocrx_word' id='word_1_424' title='bbox 2142 2218 2460 2286; x_wconf 74' lang='grc' dir='ltr'>ποιηθεῖσαν</span> <span class='ocrx_word' id='word_1_425' title='bbox 2518 2216 2608 2270; x_wconf 79' lang='grc' dir='ltr'>καὶ</span> <span class='ocrx_word' id='word_1_426' title='bbox 2659 2218 2947 2291; x_wconf 72' lang='grc' dir='ltr'>γενομένην</span> <span class='ocrx_word' id='word_1_427' title='bbox 2997 2217 3087 2271; x_wconf 72' lang='grc' dir='ltr'>καὶ</span> <span class='ocrx_word' id='word_1_428' title='bbox 3149 2216 3225 2279; x_wconf 85' lang='grc' dir='ltr'>είς</span> <span class='ocrx_word' id='word_1_429' title='bbox 3283 2219 3431 2290; x_wconf 79' lang='grc' dir='ltr'>ἡμᾶς</span> <span class='ocrx_word' id='word_1_430' title='bbox 3489 2218 3651 2273; x_wconf 78' lang='grc' dir='ltr'>αὐτοῦ</span> <span class='ocrx_word' id='word_1_431' title='bbox 3682 2221 3796 2290; x_wconf 80' lang='grc'>(23)</span> 
     </span>
    </p>
   </div>
   <div class='ocr_carea' id='block_1_55' title="bbox 2147 2303 3796 2382">
    <p class='ocr_par' dir='ltr' id='par_1_55' title="bbox 2147 2303 3796 2382">
     <span class='ocr_line' id='line_1_56' title="bbox 2147 2303 3796 2382; baseline 0.002 -23"><span class='ocrx_word' id='word_1_432' title='bbox 2147 2303 2424 2381; x_wconf 86' lang='grc' dir='ltr'>βασιλείαν</span> <span class='ocrx_word' id='word_1_433' title='bbox 2457 2306 2546 2359; x_wconf 76' lang='grc' dir='ltr'>καὶ</span> <span class='ocrx_word' id='word_1_434' title='bbox 2604 2307 2920 2380; x_wconf 75' lang='grc' dir='ltr'>κυριότητα.</span> <span class='ocrx_word' id='word_1_435' title='bbox 2955 2305 3051 2360; x_wconf 73' lang='grc' dir='ltr'>Καὶ</span> <span class='ocrx_word' id='word_1_436' title='bbox 3098 2307 3202 2379; x_wconf 70' lang='grc' dir='ltr'>γὰρ</span> <span class='ocrx_word' id='word_1_437' title='bbox 3251 2311 3416 2361; x_wconf 88' lang='grc' dir='ltr'>ταῦτα</span> <span class='ocrx_word' id='word_1_438' title='bbox 3465 2304 3664 2382; x_wconf 89' lang='grc' dir='ltr'>λέγων,</span> <span class='ocrx_word' id='word_1_439' title='bbox 3698 2306 3796 2362; x_wconf 78' lang='grc' dir='ltr'>οὐκ</span> 
     </span>
    </p>
   </div>
   <div class='ocr_carea' id='block_1_56' title="bbox 2143 2392 3796 2472">
    <p class='ocr_par' dir='ltr' id='par_1_56' title="bbox 2143 2392 3796 2472">
     <span class='ocr_line' id='line_1_57' title="bbox 2143 2392 3796 2472; baseline 0.001 -24"><span class='ocrx_word' id='word_1_440' title='bbox 2143 2393 2414 2464; x_wconf 84' lang='grc' dir='ltr'>ἐσιώπησε</span> <span class='ocrx_word' id='word_1_441' title='bbox 2445 2393 2696 2467; x_wconf 79' lang='grc' dir='ltr'>περὶτῆς</span> <span class='ocrx_word' id='word_1_442' title='bbox 2728 2392 2904 2450; x_wconf 79' lang='grc' dir='ltr'>ἀϊδίου</span> <span class='ocrx_word' id='word_1_443' title='bbox 2943 2395 3031 2450; x_wconf 72' lang='grc' dir='ltr'>καὶ</span> <span class='ocrx_word' id='word_1_444' title='bbox 3083 2397 3350 2472; x_wconf 70' lang='grc' dir='ltr'>πατρικῆς</span> <span class='ocrx_word' id='word_1_445' title='bbox 3398 2394 3654 2466; x_wconf 83' lang='grc' dir='ltr'>θεότητος</span> <span class='ocrx_word' id='word_1_446' title='bbox 3700 2401 3796 2452; x_wconf 87' lang='grc' dir='ltr'>τοῦ</span> 
     </span>
    </p>
   </div>
   <div class='ocr_carea' id='block_1_57' title="bbox 2141 2481 3798 2560">
    <p class='ocr_par' dir='ltr' id='par_1_57' title="bbox 2141 2481 3798 2560">
     <span class='ocr_line' id='line_1_58' title="bbox 2141 2481 3798 2560; baseline 0.001 -24"><span class='ocrx_word' id='word_1_447' title='bbox 2141 2484 2271 2537; x_wconf 76' lang='grc' dir='ltr'>Υἱοῦ</span> <span class='ocrx_word' id='word_1_448' title='bbox 2299 2486 2396 2537; x_wconf 86' lang='grc' dir='ltr'>τοῦ</span> <span class='ocrx_word' id='word_1_449' title='bbox 2422 2487 2556 2537; x_wconf 87' lang='grc' dir='ltr'>Θεοῦ</span> <span class='ocrx_word' id='word_1_450' title='bbox 2588 2485 2716 2555; x_wconf 68' lang='grc'>(24)·</span> <span class='ocrx_word' id='word_1_451' title='bbox 2755 2481 2901 2539; x_wconf 79' lang='grc' dir='ltr'>ἀλλὰ</span> <span class='ocrx_word' id='word_1_452' title='bbox 2941 2485 3031 2538; x_wconf 78' lang='grc' dir='ltr'>καὶ</span> <span class='ocrx_word' id='word_1_453' title='bbox 3079 2484 3424 2560; x_wconf 86' lang='grc' dir='ltr'>προειρηκὼς</span> <span class='ocrx_word' id='word_1_454' title='bbox 3455 2487 3543 2554; x_wconf 75' lang='grc' dir='ltr'>ἦν,</span> <span class='ocrx_word' id='word_1_455' title='bbox 3577 2483 3659 2539; x_wconf 81' lang='lat'>6&#39;1:</span> <span class='ocrx_word' id='word_1_456' title='bbox 3707 2485 3798 2540; x_wconf 80' lang='grc' dir='ltr'>καὶ</span> 
     </span>
    </p>
   </div>
   <div class='ocr_carea' id='block_1_58' title="bbox 2141 2569 3800 2650">
    <p class='ocr_par' dir='ltr' id='par_1_58' title="bbox 2141 2569 3800 2650">
     <span class='ocr_line' id='line_1_59' title="bbox 2141 2569 3800 2650; baseline 0.002 -25"><span class='ocrx_word' id='word_1_457' title='bbox 2141 2571 2203 2626; x_wconf 85' lang='lat'>16</span> <span class='ocrx_word' id='word_1_458' title='bbox 2237 2576 2454 2644; x_wconf 77' lang='grc' dir='ltr'>Πνεῦμα</span> <span class='ocrx_word' id='word_1_459' title='bbox 2488 2569 2692 2645; x_wconf 77' lang='grc' dir='ltr'>ἐξέχεεν</span> <span class='ocrx_word' id='word_1_460' title='bbox 2738 2571 2818 2650; x_wconf 70' lang='grc' dir='ltr'>ἐφ’</span> <span class='ocrx_word' id='word_1_461' title='bbox 2847 2574 3018 2644; x_wconf 77' lang='grc' dir='ltr'>ἡμᾶς.</span> <span class='ocrx_word' id='word_1_462' title='bbox 3051 2573 3128 2628; x_wconf 86' lang='grc' dir='ltr'>Τὸ</span> <span class='ocrx_word' id='word_1_463' title='bbox 3177 2569 3234 2627; x_wconf 75' lang='grc' dir='ltr'>δὶ</span> <span class='ocrx_word' id='word_1_464' title='bbox 3285 2579 3398 2646; x_wconf 85' lang='grc' dir='ltr'>μετ’</span> <span class='ocrx_word' id='word_1_465' title='bbox 3428 2571 3668 2644; x_wconf 78' lang='grc' dir='ltr'>ἐξουσίας</span> <span class='ocrx_word' id='word_1_466' title='bbox 3720 2571 3800 2628; x_wconf 84' lang='grc' dir='ltr'>δι-</span> 
     </span>
    </p>
   </div>
   <div class='ocr_carea' id='block_1_59' title="bbox 2144 2658 3797 2735">
    <p class='ocr_par' dir='ltr' id='par_1_59' title="bbox 2144 2658 3797 2735">
     <span class='ocr_line' id='line_1_60' title="bbox 2144 2658 3797 2735; baseline 0.002 -21"><span class='ocrx_word' id='word_1_467' title='bbox 2144 2658 2298 2715; x_wconf 87' lang='grc' dir='ltr'>δόναι</span> <span class='ocrx_word' id='word_1_468' title='bbox 2325 2661 2387 2715; x_wconf 88' lang='grc' dir='ltr'>τὸ</span> <span class='ocrx_word' id='word_1_469' title='bbox 2420 2665 2637 2733; x_wconf 88' lang='grc' dir='ltr'>Πνεῦμα</span> <span class='ocrx_word' id='word_1_470' title='bbox 2667 2659 2729 2714; x_wconf 89' lang='lat'>06</span> <span class='ocrx_word' id='word_1_471' title='bbox 2755 2661 3051 2734; x_wconf 79' lang='grc' dir='ltr'>κτίσματος</span> <span class='ocrx_word' id='word_1_472' title='bbox 3100 2658 3224 2716; x_wconf 76' lang='grc' dir='ltr'>οὐδὲ</span> <span class='ocrx_word' id='word_1_473' title='bbox 3270 2662 3582 2735; x_wconf 78' lang='grc' dir='ltr'>ποιήματός</span> <span class='ocrx_word' id='word_1_474' title='bbox 3631 2661 3797 2732; x_wconf 82' lang='grc' dir='ltr'>ἐστιν,</span> 
     </span>
    </p>
   </div>
   <div class='ocr_carea' id='block_1_60' title="bbox 2141 2745 3799 2826">
    <p class='ocr_par' dir='ltr' id='par_1_60' title="bbox 2141 2745 3799 2826">
     <span class='ocr_line' id='line_1_61' title="bbox 2141 2745 3799 2826; baseline 0.001 -22"><span class='ocrx_word' id='word_1_475' title='bbox 2141 2746 2287 2804; x_wconf 69' lang='grc' dir='ltr'>ἀλλὰ</span> <span class='ocrx_word' id='word_1_476' title='bbox 2317 2753 2448 2803; x_wconf 87' lang='grc' dir='ltr'>Θεοῦ</span> <span class='ocrx_word' id='word_1_477' title='bbox 2508 2745 2704 2820; x_wconf 82' lang='grc' dir='ltr'>δῶρον.</span> <span class='ocrx_word' id='word_1_478' title='bbox 2738 2751 2821 2806; x_wconf 71' lang='grc' dir='ltr'>Τὰ</span> <span class='ocrx_word' id='word_1_479' title='bbox 2881 2750 2976 2821; x_wconf 73' lang='grc' dir='ltr'>μὲν</span> <span class='ocrx_word' id='word_1_480' title='bbox 3035 2749 3138 2825; x_wconf 74' lang='grc' dir='ltr'>γὰρ</span> <span class='ocrx_word' id='word_1_481' title='bbox 3196 2750 3464 2823; x_wconf 89' lang='grc' dir='ltr'>κτίσματα</span> <span class='ocrx_word' id='word_1_482' title='bbox 3522 2750 3799 2826; x_wconf 82' lang='grc' dir='ltr'>ἀγιαζεται</span> 
     </span>
    </p>
   </div>
   <div class='ocr_carea' id='block_1_61' title="bbox 2139 2835 3797 2915">
    <p class='ocr_par' dir='ltr' id='par_1_61' title="bbox 2139 2835 3797 2915">
     <span class='ocr_line' id='line_1_62' title="bbox 2139 2835 3797 2915; baseline 0.001 -24"><span class='ocrx_word' id='word_1_483' title='bbox 2139 2838 2286 2912; x_wconf 75' lang='grc' dir='ltr'>παρὰ</span> <span class='ocrx_word' id='word_1_484' title='bbox 2308 2843 2406 2892; x_wconf 86' lang='grc' dir='ltr'>τοῦ</span> <span class='ocrx_word' id='word_1_485' title='bbox 2437 2838 2591 2911; x_wconf 83' lang='grc' dir='ltr'>ἁγίου</span> <span class='ocrx_word' id='word_1_486' title='bbox 2625 2838 2955 2909; x_wconf 71' lang='grc' dir='ltr'>Πνεύματος·</span> <span class='ocrx_word' id='word_1_487' title='bbox 2989 2838 3017 2891; x_wconf 86' lang='lat'>6</span> <span class='ocrx_word' id='word_1_488' title='bbox 3068 2836 3126 2892; x_wconf 79' lang='grc' dir='ltr'>δὲ</span> <span class='ocrx_word' id='word_1_489' title='bbox 3173 2839 3298 2893; x_wconf 80' lang='grc' dir='ltr'>Υἱὸς</span> <span class='ocrx_word' id='word_1_490' title='bbox 3351 2837 3456 2914; x_wconf 83' lang='grc' dir='ltr'>οὐχ</span> <span class='ocrx_word' id='word_1_491' title='bbox 3503 2835 3797 2915; x_wconf 83' lang='grc' dir='ltr'>ἁγιαζόμε-</span> 
     </span>
    </p>
   </div>
   <div class='ocr_carea' id='block_1_62' title="bbox 2139 2925 3795 3001">
    <p class='ocr_par' dir='ltr' id='par_1_62' title="bbox 2139 2925 3795 3001">
     <span class='ocr_line' id='line_1_63' title="bbox 2139 2925 3795 3001; baseline 0.002 -23"><span class='ocrx_word' id='word_1_492' title='bbox 2139 2946 2231 2988; x_wconf 89' lang='grc' dir='ltr'>νος</span> <span class='ocrx_word' id='word_1_493' title='bbox 2288 2926 2434 3000; x_wconf 70' lang='grc' dir='ltr'>παρὰ</span> <span class='ocrx_word' id='word_1_494' title='bbox 2480 2930 2578 2980; x_wconf 91' lang='grc' dir='ltr'>τοῦ</span> <span class='ocrx_word' id='word_1_495' title='bbox 2621 2926 2934 2997; x_wconf 76' lang='grc' dir='ltr'>ΙΙνεόματος</span> <span class='ocrx_word' id='word_1_496' title='bbox 2981 2928 3116 3000; x_wconf 88' lang='grc'>(25),</span> <span class='ocrx_word' id='word_1_497' title='bbox 3163 2925 3311 2982; x_wconf 83' lang='grc' dir='ltr'>ἀλλά</span> <span class='ocrx_word' id='word_1_498' title='bbox 3371 2925 3581 3001; x_wconf 81' lang='grc' dir='ltr'>μᾶλλον</span> <span class='ocrx_word' id='word_1_499' title='bbox 3637 2926 3795 2989; x_wconf 76' lang='grc' dir='ltr'>αὐτὸς</span> 
     </span>
    </p>
   </div>
   <div class='ocr_carea' id='block_1_63' title="bbox 2142 3012 3798 3088">
    <p class='ocr_par' dir='ltr' id='par_1_63' title="bbox 2142 3012 3798 3088">
     <span class='ocr_line' id='line_1_64' title="bbox 2142 3012 3798 3088; baseline 0 -19"><span class='ocrx_word' id='word_1_500' title='bbox 2142 3012 2326 3077; x_wconf 80' lang='grc' dir='ltr'>διδοὺς</span> <span class='ocrx_word' id='word_1_501' title='bbox 2358 3013 2488 3069; x_wconf 87' lang='lat'>0:616</span> <span class='ocrx_word' id='word_1_502' title='bbox 2517 3020 2634 3076; x_wconf 90' lang='grc' dir='ltr'>τοῖς</span> <span class='ocrx_word' id='word_1_503' title='bbox 2665 3021 2818 3081; x_wconf 79' lang='grc' dir='ltr'>πᾶσι,</span> <span class='ocrx_word' id='word_1_504' title='bbox 2845 3012 3111 3069; x_wconf 80' lang='grc' dir='ltr'>δείκνυται</span> <span class='ocrx_word' id='word_1_505' title='bbox 3149 3018 3224 3088; x_wconf 81' lang='grc' dir='ltr'>μὴ</span> <span class='ocrx_word' id='word_1_506' title='bbox 3251 3015 3472 3088; x_wconf 86' lang='grc' dir='ltr'>κτίσμα,</span> <span class='ocrx_word' id='word_1_507' title='bbox 3497 3014 3641 3071; x_wconf 84' lang='grc' dir='ltr'>ἆλλά</span> <span class='ocrx_word' id='word_1_508' title='bbox 3672 3016 3798 3078; x_wconf 78' lang='grc' dir='ltr'>Υἱὸς</span> 
     </span>
    </p>
   </div>
   <div class='ocr_carea' id='block_1_64' title="bbox 2140 3101 3795 3179">
    <p class='ocr_par' dir='ltr' id='par_1_64' title="bbox 2140 3101 3795 3179">
     <span class='ocr_line' id='line_1_65' title="bbox 2140 3101 3795 3179; baseline -0.001 -19"><span class='ocrx_word' id='word_1_509' title='bbox 2140 3106 2399 3175; x_wconf 81' lang='grc' dir='ltr'>ἀληθινὸς</span> <span class='ocrx_word' id='word_1_510' title='bbox 2429 3109 2524 3158; x_wconf 89' lang='grc' dir='ltr'>τοῦ</span> <span class='ocrx_word' id='word_1_511' title='bbox 2558 3105 2764 3179; x_wconf 88' lang='grc' dir='ltr'>Πατρὸς</span> <span class='ocrx_word' id='word_1_512' title='bbox 2798 3101 3065 3173; x_wconf 78' lang='grc' dir='ltr'>ὤν.Πλήν</span> <span class='ocrx_word' id='word_1_513' title='bbox 3095 3103 3176 3159; x_wconf 78' lang='grc' dir='ltr'>ὅτι</span> <span class='ocrx_word' id='word_1_514' title='bbox 3200 3102 3433 3174; x_wconf 41' lang='grc' dir='ltr'>δ’διδοὺς</span> <span class='ocrx_word' id='word_1_515' title='bbox 3463 3106 3527 3160; x_wconf 86' lang='grc' dir='ltr'>τὸ</span> <span class='ocrx_word' id='word_1_516' title='bbox 3558 3109 3795 3177; x_wconf 86' lang='grc' dir='ltr'>Πνεῦμα.</span> 
     </span>
    </p>
   </div>
   <div class='ocr_carea' id='block_1_65' title="bbox 2142 3191 3797 3268">
    <p class='ocr_par' dir='ltr' id='par_1_65' title="bbox 2142 3191 3797 3268">
     <span class='ocr_line' id='line_1_66' title="bbox 2142 3191 3797 3268; baseline -0.001 -20"><span class='ocrx_word' id='word_1_517' title='bbox 2142 3195 2170 3248; x_wconf 92' lang='lat'>6</span> <span class='ocrx_word' id='word_1_518' title='bbox 2202 3195 2315 3265; x_wconf 79' lang='lat'>(26)</span> <span class='ocrx_word' id='word_1_519' title='bbox 2346 3193 2506 3254; x_wconf 83' lang='grc' dir='ltr'>αὐτὸς</span> <span class='ocrx_word' id='word_1_520' title='bbox 2538 3191 2753 3266; x_wconf 86' lang='grc' dir='ltr'>λέγεται</span> <span class='ocrx_word' id='word_1_521' title='bbox 2785 3194 2874 3247; x_wconf 83' lang='grc' dir='ltr'>καὶ</span> <span class='ocrx_word' id='word_1_522' title='bbox 2900 3194 3252 3263; x_wconf 81' lang='grc' dir='ltr'>πεποιῆσθαι·</span> <span class='ocrx_word' id='word_1_523' title='bbox 3277 3201 3604 3263; x_wconf 82' lang='grc' dir='ltr'>πεποιῆσθαι</span> <span class='ocrx_word' id='word_1_524' title='bbox 3628 3196 3721 3268; x_wconf 80' lang='grc' dir='ltr'>μὲν</span> <span class='ocrx_word' id='word_1_525' title='bbox 3747 3193 3797 3247; x_wconf 82' lang='grc' dir='ltr'>ἐν</span> 
     </span>
    </p>
   </div>
   <div class='ocr_carea' id='block_1_66' title="bbox 377 3265 2036 3358">
    <p class='ocr_par' dir='ltr' id='par_1_66' title="bbox 377 3265 2026 3358">
     <span class='ocr_line' id='line_1_67' title="bbox 377 3265 2026 3358; baseline 0.005 -24"><span class='ocrx_word' id='word_1_526' title='bbox 377 3295 543 3336; x_wconf 88' lang='lat' dir='ltr'>ram:</span> <span class='ocrx_word' id='word_1_527' title='bbox 579 3280 680 3336; x_wconf 90' lang='lat' dir='ltr'>dat</span> <span class='ocrx_word' id='word_1_528' title='bbox 720 3265 917 3338; x_wconf 85' lang='lat' dir='ltr'>autem</span> <span class='ocrx_word' id='word_1_529' title='bbox 949 3284 1257 3354; x_wconf 83' lang='lat' dir='ltr'>Spiritum,</span> <span class='ocrx_word' id='word_1_530' title='bbox 1291 3287 1432 3358; x_wconf 79' lang='lat' dir='ltr'>quia</span> <span class='ocrx_word' id='word_1_531' title='bbox 1502 3287 1598 3342; x_wconf 89' lang='lat' dir='ltr'>Dei</span> <span class='ocrx_word' id='word_1_532' title='bbox 1629 3287 1886 3342; x_wconf 82' lang='lat' dir='ltr'>Verbum</span> <span class='ocrx_word' id='word_1_533' title='bbox 1918 3292 2026 3343; x_wconf 87' lang='lat' dir='ltr'>est.</span> 
     </span>
    </p>
   </div>
   <div class='ocr_carea' id='block_1_67' title="bbox 2152 3265 3800 3358">
    <p class='ocr_par' dir='ltr' id='par_1_67' title="bbox 2152 3265 3800 3357">
     <span class='ocr_line' id='line_1_68' title="bbox 2152 3265 3800 3357; baseline -0.001 -21"><span class='ocrx_word' id='word_1_534' title='bbox 2152 3286 2282 3355; x_wconf 73' lang='grc' dir='ltr'>ἡμῖν</span> <span class='ocrx_word' id='word_1_535' title='bbox 2309 3281 2503 3356; x_wconf 82' lang='grc' dir='ltr'>Κύριος</span> <span class='ocrx_word' id='word_1_536' title='bbox 2537 3265 2624 3336; x_wconf 70' lang='grc' dir='ltr'>δια</span> <span class='ocrx_word' id='word_1_537' title='bbox 2649 3283 2710 3336; x_wconf 86' lang='grc' dir='ltr'>τὸ</span> <span class='ocrx_word' id='word_1_538' title='bbox 2742 3283 3102 3357; x_wconf 73' lang='grc' dir='ltr'>ἀνθρώπινον,</span> <span class='ocrx_word' id='word_1_539' title='bbox 3126 3279 3308 3344; x_wconf 83' lang='grc' dir='ltr'>διδοὺς</span> <span class='ocrx_word' id='word_1_540' title='bbox 3337 3280 3416 3350; x_wconf 73' lang='grc' dir='ltr'>δὲ,</span> <span class='ocrx_word' id='word_1_541' title='bbox 3437 3283 3520 3336; x_wconf 73' lang='grc' dir='ltr'>ὅτι</span> <span class='ocrx_word' id='word_1_542' title='bbox 3547 3265 3645 3337; x_wconf 86' lang='grc' dir='ltr'>τοῦ</span> <span class='ocrx_word' id='word_1_543' title='bbox 3667 3287 3800 3338; x_wconf 81' lang='grc' dir='ltr'>Θεοῦ</span> 
     </span>
    </p>
   </div>
   <div class='ocr_carea' id='block_1_68' title="bbox 377 3368 2032 3444">
    <p class='ocr_par' dir='ltr' id='par_1_68' title="bbox 377 3368 2032 3444">
     <span class='ocr_line' id='line_1_69' title="bbox 377 3368 2032 3444; baseline 0.005 -22"><span class='ocrx_word' id='word_1_544' title='bbox 377 3368 680 3440; x_wconf 84' lang='lat' dir='ltr'>Siquidem</span> <span class='ocrx_word' id='word_1_545' title='bbox 700 3387 934 3444; x_wconf 87' lang='lat' dir='ltr'>semper</span> <span class='ocrx_word' id='word_1_546' title='bbox 963 3373 1071 3428; x_wconf 87' lang='lat' dir='ltr'>fuit</span> <span class='ocrx_word' id='word_1_547' title='bbox 1100 3383 1157 3429; x_wconf 83' lang='lat' dir='ltr'>et</span> <span class='ocrx_word' id='word_1_548' title='bbox 1186 3376 1457 3441; x_wconf 85' lang='lat' dir='ltr'>est,sicut</span> <span class='ocrx_word' id='word_1_549' title='bbox 1492 3376 1692 3444; x_wconf 87' lang='lat' dir='ltr'>Filius,</span> <span class='ocrx_word' id='word_1_550' title='bbox 1721 3376 1800 3430; x_wconf 86' lang='lat' dir='ltr'>ita</span> <span class='ocrx_word' id='word_1_551' title='bbox 1830 3382 1887 3430; x_wconf 92' lang='lat' dir='ltr'>et</span> <span class='ocrx_word' id='word_1_552' title='bbox 1919 3377 2032 3430; x_wconf 92' lang='lat' dir='ltr'>Do-</span> 
     </span>
    </p>
   </div>
   <div class='ocr_carea' id='block_1_69' title="bbox 379 3456 2032 3534">
    <p class='ocr_par' dir='ltr' id='par_1_69' title="bbox 379 3456 2032 3534">
     <span class='ocr_line' id='line_1_70' title="bbox 379 3456 2032 3534; baseline 0.004 -22"><span class='ocrx_word' id='word_1_553' title='bbox 379 3456 582 3513; x_wconf 85' lang='lat' dir='ltr'>minus</span> <span class='ocrx_word' id='word_1_554' title='bbox 613 3463 670 3514; x_wconf 91' lang='lat' dir='ltr'>ot</span> <span class='ocrx_word' id='word_1_555' title='bbox 701 3477 974 3516; x_wconf 87' lang='lat' dir='ltr'>summus</span> <span class='ocrx_word' id='word_1_556' title='bbox 1003 3463 1268 3517; x_wconf 90' lang='lat' dir='ltr'>omnium</span> <span class='ocrx_word' id='word_1_557' title='bbox 1294 3462 1630 3534; x_wconf 88' lang='lat' dir='ltr'>imperator,</span> <span class='ocrx_word' id='word_1_558' title='bbox 1666 3466 1721 3518; x_wconf 89' lang='lat' dir='ltr'>in</span> <span class='ocrx_word' id='word_1_559' title='bbox 1755 3464 2032 3519; x_wconf 90' lang='lat' dir='ltr'>omnibus</span> 
     </span>
    </p>
   </div>
   <div class='ocr_carea' id='block_1_70' title="bbox 380 3545 2036 3624">
    <p class='ocr_par' dir='ltr' id='par_1_70' title="bbox 380 3545 2036 3624">
     <span class='ocr_line' id='line_1_71' title="bbox 380 3545 2036 3624; baseline 0.004 -23"><span class='ocrx_word' id='word_1_560' title='bbox 380 3545 536 3602; x_wconf 84' lang='lat' dir='ltr'>Patri</span> <span class='ocrx_word' id='word_1_561' title='bbox 558 3547 1114 3623; x_wconf 86' lang='lat' dir='ltr'>similis.omniaque</span> <span class='ocrx_word' id='word_1_562' title='bbox 1145 3551 1368 3607; x_wconf 88' lang='lat' dir='ltr'>habens</span> <span class='ocrx_word' id='word_1_563' title='bbox 1400 3570 1527 3624; x_wconf 67' lang='lat' dir='ltr'>quas</span> <span class='ocrx_word' id='word_1_564' title='bbox 1560 3552 1746 3608; x_wconf 85' lang='lat' dir='ltr'>Patris</span> <span class='ocrx_word' id='word_1_565' title='bbox 1778 3559 1937 3620; x_wconf 86' lang='lat' dir='ltr'>sunt,</span> <span class='ocrx_word' id='word_1_566' title='bbox 1972 3557 2036 3608; x_wconf 90' lang='lat' dir='ltr'>ut</span> 
     </span>
    </p>
   </div>
   <div class='ocr_carea' id='block_1_71' title="bbox 379 3633 2032 3711">
    <p class='ocr_par' dir='ltr' id='par_1_71' title="bbox 379 3633 2032 3711">
     <span class='ocr_line' id='line_1_72' title="bbox 379 3633 2032 3711; baseline 0.005 -24"><span class='ocrx_word' id='word_1_567' title='bbox 379 3633 507 3705; x_wconf 85' lang='lat' dir='ltr'>ipse</span> <span class='ocrx_word' id='word_1_568' title='bbox 538 3636 685 3691; x_wconf 87' lang='lat' dir='ltr'>dixit</span> <span class='ocrx_word' id='word_1_569' title='bbox 719 3641 756 3691; x_wconf 87' lang='grc'>¹.</span> <span class='ocrx_word' id='word_1_570' title='bbox 787 3638 918 3694; x_wconf 87' lang='lat' dir='ltr'>Jam</span> <span class='ocrx_word' id='word_1_571' title='bbox 951 3656 1103 3706; x_wconf 76' lang='lat' dir='ltr'>vero,</span> <span class='ocrx_word' id='word_1_572' title='bbox 1139 3640 1186 3694; x_wconf 90' lang='lat' dir='ltr'>si</span> <span class='ocrx_word' id='word_1_573' title='bbox 1221 3639 1430 3711; x_wconf 87' lang='lat' dir='ltr'>placet,</span> <span class='ocrx_word' id='word_1_574' title='bbox 1494 3641 1650 3695; x_wconf 85' lang='lat' dir='ltr'>istud</span> <span class='ocrx_word' id='word_1_575' title='bbox 1701 3639 2032 3696; x_wconf 80' lang='lat' dir='ltr'>Proverbia-</span> 
     </span>
    </p>
   </div>
   <div class='ocr_carea' id='block_1_72' title="bbox 381 3728 2032 3784">
    <p class='ocr_par' dir='ltr' id='par_1_72' title="bbox 381 3728 2032 3784">
     <span class='ocr_line' id='line_1_73' title="bbox 381 3728 2032 3784; baseline 0.003 -6"><span class='ocrx_word' id='word_1_576' title='bbox 381 3739 515 3778; x_wconf 90' lang='lat' dir='ltr'>rum</span> <span class='ocrx_word' id='word_1_577' title='bbox 541 3742 553 3779; x_wconf 93' lang='lat'><strong>:</strong></span> <span class='ocrx_word' id='word_1_578' title='bbox 582 3728 850 3782; x_wconf 73' lang='lat' dir='ltr'>Dominus</span> <span class='ocrx_word' id='word_1_579' title='bbox 868 3731 1074 3784; x_wconf 80' lang='lat' dir='ltr'>creavit</span> <span class='ocrx_word' id='word_1_580' title='bbox 1103 3746 1190 3784; x_wconf 85' lang='lat' dir='ltr'>me</span> <span class='ocrx_word' id='word_1_581' title='bbox 1223 3731 1456 3784; x_wconf 78' lang='lat' dir='ltr'>initium</span> <span class='ocrx_word' id='word_1_582' title='bbox 1486 3730 1702 3784; x_wconf 79' lang='lat' dir='ltr'>viarum</span> <span class='ocrx_word' id='word_1_583' title='bbox 1723 3746 1949 3784; x_wconf 73' lang='lat' dir='ltr'>suarum</span> <span class='ocrx_word' id='word_1_584' title='bbox 1975 3731 2032 3784; x_wconf 89' lang='lat' dir='ltr'>in</span> 
     </span>
    </p>
   </div>
   <div class='ocr_carea' id='block_1_73' title="bbox 383 3816 2032 3889">
    <p class='ocr_par' dir='ltr' id='par_1_73' title="bbox 383 3816 2032 3889">
     <span class='ocr_line' id='line_1_74' title="bbox 383 3816 2032 3889; baseline 0.002 -20"><span class='ocrx_word' id='word_1_585' title='bbox 383 3828 549 3884; x_wconf 81' lang='lat' dir='ltr'>opera</span> <span class='ocrx_word' id='word_1_586' title='bbox 571 3831 674 3869; x_wconf 80' lang='lat' dir='ltr'>sua</span> <span class='ocrx_word' id='word_1_587' title='bbox 703 3817 742 3885; x_wconf 76' lang='lat'>’,</span> <span class='ocrx_word' id='word_1_588' title='bbox 777 3816 1194 3888; x_wconf 89' lang='lat' dir='ltr'>dispiciamus:</span> <span class='ocrx_word' id='word_1_589' title='bbox 1229 3834 1568 3889; x_wconf 89' lang='lat' dir='ltr'>quanquam</span> <span class='ocrx_word' id='word_1_590' title='bbox 1605 3835 1738 3873; x_wconf 88' lang='lat' dir='ltr'>cum</span> <span class='ocrx_word' id='word_1_591' title='bbox 1771 3817 2032 3873; x_wconf 89' lang='lat' dir='ltr'>Verbum</span> 
     </span>
    </p>
   </div>
   <div class='ocr_carea' id='block_1_74' title="bbox 384 3903 2030 3978">
    <p class='ocr_par' dir='ltr' id='par_1_74' title="bbox 384 3903 2030 3978">
     <span class='ocr_line' id='line_1_75' title="bbox 384 3903 2030 3978; baseline 0.004 -23"><span class='ocrx_word' id='word_1_592' title='bbox 384 3918 507 3956; x_wconf 86' lang='lat' dir='ltr'>rem</span> <span class='ocrx_word' id='word_1_593' title='bbox 540 3903 750 3958; x_wconf 79' lang='lat' dir='ltr'>factam</span> <span class='ocrx_word' id='word_1_594' title='bbox 787 3922 898 3959; x_wconf 89' lang='lat' dir='ltr'>non</span> <span class='ocrx_word' id='word_1_595' title='bbox 931 3923 1062 3960; x_wconf 88' lang='lat' dir='ltr'>esse</span> <span class='ocrx_word' id='word_1_596' title='bbox 1091 3907 1546 3972; x_wconf 87' lang='lat' dir='ltr'>ostenderimus,</span> <span class='ocrx_word' id='word_1_597' title='bbox 1582 3907 1749 3978; x_wconf 86' lang='lat' dir='ltr'>plane</span> <span class='ocrx_word' id='word_1_598' title='bbox 1782 3923 1886 3962; x_wconf 89' lang='lat' dir='ltr'>nec</span> <span class='ocrx_word' id='word_1_599' title='bbox 1910 3924 2030 3962; x_wconf 85' lang='lat' dir='ltr'>rem</span> 
     </span>
    </p>
   </div>
   <div class='ocr_carea' id='block_1_75' title="bbox 386 3993 2032 4065">
    <p class='ocr_par' dir='ltr' id='par_1_75' title="bbox 386 3993 2032 4065">
     <span class='ocr_line' id='line_1_76' title="bbox 386 3993 2032 4065; baseline 0.005 -22"><span class='ocrx_word' id='word_1_600' title='bbox 386 3996 637 4046; x_wconf 84' lang='lat' dir='ltr'>creatam</span> <span class='ocrx_word' id='word_1_601' title='bbox 663 4009 790 4048; x_wconf 89' lang='lat' dir='ltr'>esse</span> <span class='ocrx_word' id='word_1_602' title='bbox 822 3993 995 4048; x_wconf 89' lang='lat' dir='ltr'>simul</span> <span class='ocrx_word' id='word_1_603' title='bbox 1031 3995 1341 4065; x_wconf 88' lang='lat' dir='ltr'>probatum</span> <span class='ocrx_word' id='word_1_604' title='bbox 1373 3997 1648 4050; x_wconf 84' lang='lat' dir='ltr'>est.ldem</span> <span class='ocrx_word' id='word_1_605' title='bbox 1683 3996 1838 4050; x_wconf 88' lang='lat' dir='ltr'>enim</span> <span class='ocrx_word' id='word_1_606' title='bbox 1874 4001 1961 4051; x_wconf 86' lang='lat' dir='ltr'>est</span> <span class='ocrx_word' id='word_1_607' title='bbox 1983 3996 2032 4051; x_wconf 89' lang='lat' dir='ltr'>si</span> 
     </span>
    </p>
   </div>
   <div class='ocr_carea' id='block_1_76' title="bbox 385 4080 2030 4158">
    <p class='ocr_par' dir='ltr' id='par_1_76' title="bbox 385 4080 2030 4158">
     <span class='ocr_line' id='line_1_77' title="bbox 385 4080 2030 4158; baseline 0.004 -25"><span class='ocrx_word' id='word_1_608' title='bbox 385 4095 508 4134; x_wconf 90' lang='lat' dir='ltr'>rem</span> <span class='ocrx_word' id='word_1_609' title='bbox 543 4080 752 4136; x_wconf 82' lang='lat' dir='ltr'>factam</span> <span class='ocrx_word' id='word_1_610' title='bbox 784 4081 870 4136; x_wconf 89' lang='lat' dir='ltr'>vel</span> <span class='ocrx_word' id='word_1_611' title='bbox 901 4088 1155 4136; x_wconf 85' lang='lat' dir='ltr'>creatam</span> <span class='ocrx_word' id='word_1_612' title='bbox 1192 4082 1444 4137; x_wconf 84' lang='lat' dir='ltr'>dixeris:</span> <span class='ocrx_word' id='word_1_613' title='bbox 1482 4085 1834 4155; x_wconf 83' lang='lat' dir='ltr'>proindeque</span> <span class='ocrx_word' id='word_1_614' title='bbox 1859 4101 2030 4158; x_wconf 80' lang='lat' dir='ltr'>argu-</span> 
     </span>
    </p>
   </div>
   <div class='ocr_carea' id='block_1_77' title="bbox 384 4170 2034 4242">
    <p class='ocr_par' dir='ltr' id='par_1_77' title="bbox 384 4170 2034 4242">
     <span class='ocr_line' id='line_1_78' title="bbox 384 4170 2034 4242; baseline 0.003 -19"><span class='ocrx_word' id='word_1_615' title='bbox 384 4173 583 4224; x_wconf 90' lang='lat' dir='ltr'>menta</span> <span class='ocrx_word' id='word_1_616' title='bbox 609 4170 826 4241; x_wconf 89' lang='lat' dir='ltr'>quibus</span> <span class='ocrx_word' id='word_1_617' title='bbox 879 4172 1161 4242; x_wconf 88' lang='lat' dir='ltr'>probatur</span> <span class='ocrx_word' id='word_1_618' title='bbox 1193 4188 1325 4226; x_wconf 89' lang='lat' dir='ltr'>eum</span> <span class='ocrx_word' id='word_1_619' title='bbox 1361 4189 1475 4226; x_wconf 90' lang='lat' dir='ltr'>non</span> <span class='ocrx_word' id='word_1_620' title='bbox 1509 4188 1636 4228; x_wconf 87' lang='lat' dir='ltr'>esse</span> <span class='ocrx_word' id='word_1_621' title='bbox 1668 4174 1910 4241; x_wconf 83' lang='lat' dir='ltr'>factum,</span> <span class='ocrx_word' id='word_1_622' title='bbox 1944 4189 2034 4228; x_wconf 88' lang='lat' dir='ltr'>ea-</span> 
     </span>
    </p>
   </div>
   <div class='ocr_carea' id='block_1_78' title="bbox 385 4257 2030 4334">
    <p class='ocr_par' dir='ltr' id='par_1_78' title="bbox 385 4257 2030 4334">
     <span class='ocr_line' id='line_1_79' title="bbox 385 4257 2030 4334; baseline 0.002 -21"><span class='ocrx_word' id='word_1_623' title='bbox 385 4257 516 4314; x_wconf 87' lang='lat' dir='ltr'>dem</span> <span class='ocrx_word' id='word_1_624' title='bbox 549 4259 868 4314; x_wconf 89' lang='lat' dir='ltr'>ostendunt</span> <span class='ocrx_word' id='word_1_625' title='bbox 896 4265 1154 4315; x_wconf 84' lang='lat' dir='ltr'>creatum</span> <span class='ocrx_word' id='word_1_626' title='bbox 1180 4277 1293 4316; x_wconf 89' lang='lat' dir='ltr'>non</span> <span class='ocrx_word' id='word_1_627' title='bbox 1326 4277 1474 4317; x_wconf 91' lang='lat' dir='ltr'>esse.</span> <span class='ocrx_word' id='word_1_628' title='bbox 1509 4263 1788 4329; x_wconf 83' lang='lat' dir='ltr'>Quocirca</span> <span class='ocrx_word' id='word_1_629' title='bbox 1816 4261 2030 4334; x_wconf 86' lang='lat' dir='ltr'>permi-</span> 
     </span>
    </p>
   </div>
   <div class='ocr_carea' id='block_1_79' title="bbox 386 4347 2034 4424">
    <p class='ocr_par' dir='ltr' id='par_1_79' title="bbox 386 4347 2034 4424">
     <span class='ocr_line' id='line_1_80' title="bbox 386 4347 2034 4424; baseline 0.003 -22"><span class='ocrx_word' id='word_1_630' title='bbox 386 4363 521 4402; x_wconf 88' lang='lat' dir='ltr'>rum</span> <span class='ocrx_word' id='word_1_631' title='bbox 553 4364 695 4404; x_wconf 81' lang='lat' dir='ltr'>sane</span> <span class='ocrx_word' id='word_1_632' title='bbox 725 4353 814 4403; x_wconf 92' lang='lat' dir='ltr'>est</span> <span class='ocrx_word' id='word_1_633' title='bbox 853 4347 986 4405; x_wconf 94' lang='lat' dir='ltr'>illos</span> <span class='ocrx_word' id='word_1_634' title='bbox 1044 4349 1200 4406; x_wconf 75' lang='lat'><strong>384</strong></span> <span class='ocrx_word' id='word_1_635' title='bbox 1257 4351 1670 4406; x_wconf 69' lang='lat' dir='ltr'>conﬁrmandis</span> <span class='ocrx_word' id='word_1_636' title='bbox 1710 4351 2034 4424; x_wconf 88' lang='lat' dir='ltr'>impietatis</span> 
     </span>
    </p>
   </div>
   <div class='ocr_carea' id='block_1_80' title="bbox 463 4544 1532 4620">
    <p class='ocr_par' dir='ltr' id='par_1_80' title="bbox 463 4544 1532 4620">
     <span class='ocr_line' id='line_1_81' title="bbox 463 4544 1532 4620; baseline 0.004 -19"><span class='ocrx_word' id='word_1_637' title='bbox 463 4544 505 4581; x_wconf 77' lang='grc'>³⁸</span> <span class='ocrx_word' id='word_1_638' title='bbox 535 4544 739 4602; x_wconf 83' lang='lat' dir='ltr'>Matth.</span> <span class='ocrx_word' id='word_1_639' title='bbox 772 4563 886 4616; x_wconf 80' lang='lat' dir='ltr'>xvr,</span> <span class='ocrx_word' id='word_1_640' title='bbox 918 4549 1000 4603; x_wconf 82' lang='lat'>16.</span> <span class='ocrx_word' id='word_1_641' title='bbox 1108 4549 1154 4583; x_wconf 67' lang='lat'><strong>’9</strong></span> <span class='ocrx_word' id='word_1_642' title='bbox 1184 4552 1312 4604; x_wconf 82' lang='lat' dir='ltr'>Act.</span> <span class='ocrx_word' id='word_1_643' title='bbox 1345 4566 1407 4620; x_wconf 81' lang='grc' dir='ltr'>ιι,</span> <span class='ocrx_word' id='word_1_644' title='bbox 1444 4551 1532 4606; x_wconf 87' lang='grc'>17.</span> 
     </span>
    </p>
   </div>
   <div class='ocr_carea' id='block_1_81' title="bbox 469 4725 2124 4809">
    <p class='ocr_par' dir='ltr' id='par_1_81' title="bbox 469 4725 2124 4809">
     <span class='ocr_line' id='line_1_82' title="bbox 469 4725 2124 4809; baseline 0.002 -27"><span class='ocrx_word' id='word_1_645' title='bbox 614 4729 851 4809; x_wconf 68' lang='lat' dir='ltr'>Seguer.</span> <span class='ocrx_word' id='word_1_646' title='bbox 905 4729 1150 4809; x_wconf 50' lang='lat' dir='ltr'>_Gobler:</span> <span class='ocrx_word' id='word_1_647' title='bbox 1205 4729 1354 4809; x_wconf 55' lang='lat' dir='ltr'>Felc,</span> <span class='ocrx_word' id='word_1_648' title='bbox 1412 4732 1564 4809; x_wconf 44' lang='lat' dir='ltr'>inet</span> <span class='ocrx_word' id='word_1_649' title='bbox 1612 4726 1743 4809; x_wconf 39' lang='lat'>1,11‘</span> <span class='ocrx_word' id='word_1_650' title='bbox 1802 4725 1863 4809; x_wconf 70' lang='lat'>&#39;6_</span> <span class='ocrx_word' id='word_1_651' title='bbox 1883 4727 2042 4802; x_wconf 84' lang='grc' dir='ltr'>μηδέ.</span> <span class='ocrx_word' id='word_1_652' title='bbox 2079 4745 2124 4809; x_wconf 83' lang='lat' dir='ltr'><strong>D</strong></span> 
     </span>
    </p>
   </div>
   <div class='ocr_carea' id='block_1_82' title="bbox 398 4797 2042 4884">
    <p class='ocr_par' dir='ltr' id='par_1_82' title="bbox 398 4797 2042 4884">
     <span class='ocr_line' id='line_1_83' title="bbox 398 4797 2042 4884; baseline 0.002 -32"><span class='ocrx_word' id='word_1_653' title='bbox 398 4797 570 4884; x_wconf 24' lang='lat' dir='ltr'>Editi’</span> <span class='ocrx_word' id='word_1_654' title='bbox 609 4807 665 4855; x_wconf 87' lang='lat' dir='ltr'>et</span> <span class='ocrx_word' id='word_1_655' title='bbox 692 4797 841 4870; x_wconf 53' lang='lat' dir='ltr'>&#39;alii,</span> <span class='ocrx_word' id='word_1_656' title='bbox 875 4800 920 4854; x_wconf 78' lang='grc' dir='ltr'>εἰ</span> <span class='ocrx_word' id='word_1_657' title='bbox 971 4801 1072 4874; x_wconf 81' lang='grc' dir='ltr'>ἄρα</span> <span class='ocrx_word' id='word_1_658' title='bbox 1130 4800 1163 4853; x_wconf 79' lang='grc' dir='ltr'>ἃ</span> <span class='ocrx_word' id='word_1_659' title='bbox 1221 4797 1383 4873; x_wconf 76' lang='grc' dir='ltr'>μηδὲ.</span> <span class='ocrx_word' id='word_1_660' title='bbox 1445 4802 1591 4858; x_wconf 89' lang='lat' dir='ltr'>Ibid.</span> <span class='ocrx_word' id='word_1_661' title='bbox 1653 4797 1798 4857; x_wconf 79' lang='lat' dir='ltr'>Felc.</span> <span class='ocrx_word' id='word_1_662' title='bbox 1835 4797 2042 4875; x_wconf 70' lang='grc' dir='ltr'>5,·γεν-</span> 
     </span>
    </p>
   </div>
   <div class='ocr_carea' id='block_1_83' title="bbox 398 4889 606 4930">
    <p class='ocr_par' dir='ltr' id='par_1_83' title="bbox 398 4889 606 4930">
     <span class='ocr_line' id='line_1_84' title="bbox 398 4889 606 4930; baseline 0.01 -8"><span class='ocrx_word' id='word_1_663' title='bbox 398 4889 606 4930; x_wconf 81' lang='grc' dir='ltr'>νητοις.</span> 
     </span>
    </p>
   </div>
   <div class='ocr_carea' id='block_1_84' title="bbox 449 4913 1346 5017">
    <p class='ocr_par' dir='ltr' id='par_1_84' title="bbox 449 4913 1346 5017">
     <span class='ocr_line' id='line_1_85' title="bbox 449 4913 1346 5017; baseline 0.004 -21"><span class='ocrx_word' id='word_1_664' title='bbox 449 4913 762 5017; x_wconf 40' lang='lat' dir='ltr'>‘(éiYFelm</span> <span class='ocrx_word' id='word_1_665' title='bbox 795 4943 849 5010; x_wconf 88' lang='grc'>5,</span> <span class='ocrx_word' id='word_1_666' title='bbox 885 4942 1032 5017; x_wconf 79' lang='grc' dir='ltr'>οὗτοι</span> <span class='ocrx_word' id='word_1_667' title='bbox 1077 4941 1346 5017; x_wconf 78' lang='grc' dir='ltr'>λέγοντες.</span> 
     </span>
    </p>
   </div>
   <div class='ocr_carea' id='block_1_85' title="bbox 494 5013 2044 5086">
    <p class='ocr_par' dir='ltr' id='par_1_85' title="bbox 494 5013 2044 5086">
     <span class='ocr_line' id='line_1_86' title="bbox 494 5013 2044 5086; baseline 0.003 -21"><span class='ocrx_word' id='word_1_668' title='bbox 494 5014 597 5086; x_wconf 17' lang='grc'>22),</span> <span class='ocrx_word' id='word_1_669' title='bbox 615 5013 707 5068; x_wconf 85' lang='lat' dir='ltr'>Sic</span> <span class='ocrx_word' id='word_1_670' title='bbox 735 5016 1068 5086; x_wconf 85' lang='lat' dir='ltr'>Seguerian.</span> <span class='ocrx_word' id='word_1_671' title='bbox 1099 5013 1428 5086; x_wconf 87' lang='lat' dir='ltr'>Goblerian.</span> <span class='ocrx_word' id='word_1_672' title='bbox 1461 5015 1792 5086; x_wconf 84' lang='lat' dir='ltr'>Felckman.</span> <span class='ocrx_word' id='word_1_673' title='bbox 1831 5016 1854 5069; x_wconf 97' lang='lat'><strong>1</strong></span> <span class='ocrx_word' id='word_1_674' title='bbox 1891 5018 1948 5069; x_wconf 90' lang='lat' dir='ltr'>et</span> <span class='ocrx_word' id='word_1_675' title='bbox 1991 5017 2044 5070; x_wconf 85' lang='lat'>5.</span> 
     </span>
    </p>
   </div>
   <div class='ocr_carea' id='block_1_86' title="bbox 404 5084 2048 5158">
    <p class='ocr_par' dir='ltr' id='par_1_86' title="bbox 404 5084 2048 5158">
     <span class='ocr_line' id='line_1_87' title="bbox 404 5084 2048 5158; baseline 0.004 -23"><span class='ocrx_word' id='word_1_676' title='bbox 404 5086 474 5137; x_wconf 85' lang='lat' dir='ltr'>At</span> <span class='ocrx_word' id='word_1_677' title='bbox 505 5084 603 5138; x_wconf 91' lang='lat' dir='ltr'>alii</span> <span class='ocrx_word' id='word_1_678' title='bbox 633 5091 690 5140; x_wconf 91' lang='lat' dir='ltr'>et</span> <span class='ocrx_word' id='word_1_679' title='bbox 719 5084 899 5141; x_wconf 83' lang='lat' dir='ltr'>editio</span> <span class='ocrx_word' id='word_1_680' title='bbox 930 5087 1233 5155; x_wconf 86' lang='lat' dir='ltr'>Commel.,</span> <span class='ocrx_word' id='word_1_681' title='bbox 1270 5087 1330 5140; x_wconf 76' lang='grc' dir='ltr'>οὗ</span> <span class='ocrx_word' id='word_1_682' title='bbox 1359 5085 1482 5140; x_wconf 88' lang='grc' dir='ltr'>τότε</span> <span class='ocrx_word' id='word_1_683' title='bbox 1511 5087 1608 5153; x_wconf 69' lang='grc' dir='ltr'>τὴν</span> <span class='ocrx_word' id='word_1_684' title='bbox 1641 5085 1841 5158; x_wconf 66' lang='grc' dir='ltr'>ἀρχήν.</span> <span class='ocrx_word' id='word_1_685' title='bbox 1868 5086 2048 5141; x_wconf 90' lang='lat' dir='ltr'>Paulo</span> 
     </span>
    </p>
   </div>
   <div class='ocr_carea' id='block_1_87' title="bbox 401 5103 2050 5228">
    <p class='ocr_par' dir='ltr' id='par_1_87' title="bbox 401 5103 2050 5228">
     <span class='ocr_line' id='line_1_88' title="bbox 404 5103 2048 5158; baseline 0.004 -23"><span class='ocrx_word' id='word_1_686' title='bbox 404 5103 474 5137; x_wconf 69' lang='lat' dir='ltr'>At</span> <span class='ocrx_word' id='word_1_687' title='bbox 505 5103 603 5138; x_wconf 82' lang='lat' dir='ltr'>an:</span> <span class='ocrx_word' id='word_1_688' title='bbox 633 5103 690 5140; x_wconf 74' lang='lat' dir='ltr'>et</span> <span class='ocrx_word' id='word_1_689' title='bbox 719 5103 899 5141; x_wconf 78' lang='lat' dir='ltr'>ennio</span> <span class='ocrx_word' id='word_1_690' title='bbox 930 5103 1233 5155; x_wconf 76' lang='lat' dir='ltr'>uommei.,</span> <span class='ocrx_word' id='word_1_691' title='bbox 1270 5103 1330 5140; x_wconf 79' lang='grc' dir='ltr'>ου</span> <span class='ocrx_word' id='word_1_692' title='bbox 1359 5103 1482 5140; x_wconf 88' lang='grc' dir='ltr'>τοτε</span> <span class='ocrx_word' id='word_1_693' title='bbox 1511 5103 1608 5153; x_wconf 77' lang='grc' dir='ltr'>την</span> <span class='ocrx_word' id='word_1_694' title='bbox 1641 5105 1672 5138; x_wconf 93' lang='grc' dir='ltr'>α</span> <span class='ocrx_word' id='word_1_695' title='bbox 1714 5103 1841 5158; x_wconf 79' lang='grc' dir='ltr'>χην.</span> <span class='ocrx_word' id='word_1_696' title='bbox 1868 5103 2048 5141; x_wconf 74' lang='grc' dir='ltr'>ιιειυιο</span> 
     </span>
     <span class='ocr_line' id='line_1_89' title="bbox 401 5103 2050 5228; baseline 0.002 -18"><span class='ocrx_word' id='word_1_697' title='bbox 401 5161 536 5228; x_wconf 88' lang='lat' dir='ltr'>post</span> <span class='ocrx_word' id='word_1_698' title='bbox 575 5161 811 5228; x_wconf 86' lang='lat' dir='ltr'>Seguer.</span> <span class='ocrx_word' id='word_1_699' title='bbox 845 5159 1073 5215; x_wconf 85' lang='lat' dir='ltr'>Gobler.</span> <span class='ocrx_word' id='word_1_700' title='bbox 1107 5160 1358 5216; x_wconf 81' lang='lat' dir='ltr'>Felckm.</span> <span class='ocrx_word' id='word_1_701' title='bbox 1396 5161 1420 5214; x_wconf 90' lang='lat'><strong>1</strong></span> <span class='ocrx_word' id='word_1_702' title='bbox 1456 5163 1511 5213; x_wconf 93' lang='lat' dir='ltr'>et</span> <span class='ocrx_word' id='word_1_703' title='bbox 1539 5161 1592 5226; x_wconf 84' lang='lat'>5,</span> <span class='ocrx_word' id='word_1_704' title='bbox 1625 5103 1812 5212; x_wconf 52' lang='lat' dir='ltr'>«iam.</span> <span class='ocrx_word' id='word_1_705' title='bbox 1849 5158 1960 5213; x_wconf 86' lang='lat' dir='ltr'>Alii</span> <span class='ocrx_word' id='word_1_706' title='bbox 1995 5164 2050 5214; x_wconf 86' lang='lat' dir='ltr'>et</span> 
     </span>
    </p>
   </div>
   <div class='ocr_carea' id='block_1_88' title="bbox 401 5227 814 5292">
    <p class='ocr_par' dir='ltr' id='par_1_88' title="bbox 401 5227 814 5292">
     <span class='ocr_line' id='line_1_90' title="bbox 401 5227 814 5292; baseline 0.005 -10"><span class='ocrx_word' id='word_1_707' title='bbox 401 5227 565 5292; x_wconf 88' lang='lat' dir='ltr'>editi,</span> <span class='ocrx_word' id='word_1_708' title='bbox 600 5227 814 5284; x_wconf 83' lang='grc' dir='ltr'>πλεῖον.</span> 
     </span>
    </p>
   </div>
   <div class='ocr_carea' id='block_1_89' title="bbox 471 5299 1510 5373">
    <p class='ocr_par' dir='ltr' id='par_1_89' title="bbox 471 5299 1510 5373">
     <span class='ocr_line' id='line_1_91' title="bbox 471 5299 1510 5373; baseline 0.001 -19"><span class='ocrx_word' id='word_1_709' title='bbox 471 5300 583 5373; x_wconf 86' lang='lat'>(23)</span> <span class='ocrx_word' id='word_1_710' title='bbox 613 5300 973 5373; x_wconf 84' lang='lat' dir='ltr'>Seguerian.,</span> <span class='ocrx_word' id='word_1_711' title='bbox 1008 5300 1082 5361; x_wconf 84' lang='grc' dir='ltr'>είς</span> <span class='ocrx_word' id='word_1_712' title='bbox 1116 5303 1263 5371; x_wconf 79' lang='grc' dir='ltr'>ἡμᾶς</span> <span class='ocrx_word' id='word_1_713' title='bbox 1294 5299 1510 5361; x_wconf 73' lang='grc' dir='ltr'>αὐτούς.</span> 
     </span>
    </p>
   </div>
   <div class='ocr_carea' id='block_1_90' title="bbox 469 5371 2049 5444">
    <p class='ocr_par' dir='ltr' id='par_1_90' title="bbox 469 5371 2049 5444">
     <span class='ocr_line' id='line_1_92' title="bbox 469 5371 2049 5444; baseline 0 -19"><span class='ocrx_word' id='word_1_714' title='bbox 469 5371 1088 5444; x_wconf 62' lang='grc' dir='ltr'>(24)8θέζιιϐῐ“ἰθ,η.,τοῦ</span> <span class='ocrx_word' id='word_1_715' title='bbox 1137 5373 1264 5425; x_wconf 75' lang='grc' dir='ltr'>Υἱοῦ</span> <span class='ocrx_word' id='word_1_716' title='bbox 1317 5376 1413 5426; x_wconf 89' lang='grc' dir='ltr'>τοῦ</span> <span class='ocrx_word' id='word_1_717' title='bbox 1469 5376 1620 5427; x_wconf 88' lang='grc' dir='ltr'>Θεοῦ.</span> <span class='ocrx_word' id='word_1_718' title='bbox 1683 5374 1742 5428; x_wconf 84' lang='grc' dir='ltr'>Ιη</span> <span class='ocrx_word' id='word_1_719' title='bbox 1781 5371 1934 5444; x_wconf 3' lang='lat' dir='ltr'>(aliis</span> <span class='ocrx_word' id='word_1_720' title='bbox 1991 5373 2049 5426; x_wconf 90' lang='lat' dir='ltr'>et</span> 
     </span>
    </p>
   </div>
   <div class='ocr_carea' id='block_1_91' title="bbox 401 5443 2044 5524">
    <p class='ocr_par' dir='ltr' id='par_1_91' title="bbox 401 5443 2044 5524">
     <span class='ocr_line' id='line_1_93' title="bbox 401 5443 2044 5524; baseline 0 -28"><span class='ocrx_word' id='word_1_721' title='bbox 401 5443 767 5524; x_wconf 75' lang='lat' dir='ltr'>editis_d_eest</span> <span class='ocrx_word' id='word_1_722' title='bbox 796 5449 891 5524; x_wconf 81' lang='grc' dir='ltr'>τοῦ</span> <span class='ocrx_word' id='word_1_723' title='bbox 924 5443 1075 5524; x_wconf 70' lang='grc' dir='ltr'>Θεοῦ.</span> <span class='ocrx_word' id='word_1_724' title='bbox 1125 5450 1268 5524; x_wconf 35' lang='lat' dir='ltr'>Mox.</span> <span class='ocrx_word' id='word_1_725' title='bbox 1303 5445 1644 5524; x_wconf 57' lang='lat' dir='ltr'>S_egu_erian.</span> <span class='ocrx_word' id='word_1_726' title='bbox 1667 5443 2044 5524; x_wconf 53' lang='lat' dir='ltr'>__(_}ob_leria_n:,</span> 
     </span>
    </p>
   </div>
   <div class='ocr_carea' id='block_1_92' title="bbox 400 5515 2043 5589">
    <p class='ocr_par' dir='ltr' id='par_1_92' title="bbox 400 5515 2043 5589">
     <span class='ocr_line' id='line_1_94' title="bbox 400 5515 2043 5589; baseline -0.001 -21"><span class='ocrx_word' id='word_1_727' title='bbox 400 5519 457 5589; x_wconf 70' lang='lat' dir='ltr'>9t</span> <span class='ocrx_word' id='word_1_728' title='bbox 501 5515 831 5589; x_wconf 60' lang='grc' dir='ltr'>Εειοιίαῃω.</span> <span class='ocrx_word' id='word_1_729' title='bbox 869 5520 919 5588; x_wconf 91' lang='grc'>1,</span> <span class='ocrx_word' id='word_1_730' title='bbox 968 5515 1049 5570; x_wconf 76' lang='grc' dir='ltr'>ὅτι</span> <span class='ocrx_word' id='word_1_731' title='bbox 1080 5515 1170 5570; x_wconf 83' lang='grc' dir='ltr'>καὶ</span> <span class='ocrx_word' id='word_1_732' title='bbox 1217 5515 1279 5570; x_wconf 90' lang='lat'>16</span> <span class='ocrx_word' id='word_1_733' title='bbox 1331 5515 1572 5589; x_wconf 77' lang='grc' dir='ltr'>Πνεῦμα.</span> <span class='ocrx_word' id='word_1_734' title='bbox 1619 5515 1726 5572; x_wconf 79' lang='lat' dir='ltr'>Alii</span> <span class='ocrx_word' id='word_1_735' title='bbox 1774 5521 1832 5571; x_wconf 92' lang='lat' dir='ltr'>et</span> <span class='ocrx_word' id='word_1_736' title='bbox 1881 5515 2043 5585; x_wconf 82' lang='lat' dir='ltr'>editi,</span> 
     </span>
    </p>
   </div>
   <div class='ocr_carea' id='block_1_93' title="bbox 403 5583 845 5660">
    <p class='ocr_par' dir='ltr' id='par_1_93' title="bbox 403 5583 845 5660">
     <span class='ocr_line' id='line_1_95' title="bbox 403 5583 845 5660; baseline 0.011 -23"><span class='ocrx_word' id='word_1_737' title='bbox 403 5583 577 5660; x_wconf 75' lang='lat'>81:16</span> <span class='ocrx_word' id='word_1_738' title='bbox 610 5585 845 5660; x_wconf 86' lang='grc' dir='ltr'>Πνεῦμα.</span> 
     </span>
    </p>
   </div>
   <div class='ocr_carea' id='block_1_94' title="bbox 473 5653 2042 5733">
    <p class='ocr_par' dir='ltr' id='par_1_94' title="bbox 473 5653 2042 5733">
     <span class='ocr_line' id='line_1_96' title="bbox 473 5653 2042 5733; baseline -0.006 -14"><span class='ocrx_word' id='word_1_739' title='bbox 473 5659 586 5730; x_wconf 86' lang='grc'>(25)</span> <span class='ocrx_word' id='word_1_740' title='bbox 617 5653 1050 5733; x_wconf 73' lang='lat' dir='ltr'>Gobie_rian.,et</span> <span class='ocrx_word' id='word_1_741' title='bbox 1101 5658 1250 5733; x_wconf 84' lang='lat' dir='ltr'>Felc.</span> <span class='ocrx_word' id='word_1_742' title='bbox 1301 5660 1352 5729; x_wconf 84' lang='lat'>1,</span> <span class='ocrx_word' id='word_1_743' title='bbox 1383 5657 1508 5733; x_wconf 87' lang='grc' dir='ltr'>περὶ</span> <span class='ocrx_word' id='word_1_744' title='bbox 1558 5660 1652 5712; x_wconf 89' lang='grc' dir='ltr'>τοῦ</span> <span class='ocrx_word' id='word_1_745' title='bbox 1709 5653 2042 5728; x_wconf 74' lang='grc' dir='ltr'>Πνεῦματος.</span> 
     </span>
    </p>
   </div>
   <div class='ocr_carea' id='block_1_95' title="bbox 403 5729 1208 5806">
    <p class='ocr_par' dir='ltr' id='par_1_95' title="bbox 403 5729 1208 5806">
     <span class='ocr_line' id='line_1_97' title="bbox 403 5729 1208 5806; baseline 0.007 -24"><span class='ocrx_word' id='word_1_746' title='bbox 403 5729 637 5797; x_wconf 50' lang='grc' dir='ltr'>Εθίορ4,</span> <span class='ocrx_word' id='word_1_747' title='bbox 670 5731 817 5806; x_wconf 75' lang='grc' dir='ltr'>παρὰ</span> <span class='ocrx_word' id='word_1_748' title='bbox 842 5735 938 5785; x_wconf 90' lang='grc' dir='ltr'>τοῦ</span> <span class='ocrx_word' id='word_1_749' title='bbox 977 5729 1208 5803; x_wconf 83' lang='grc' dir='ltr'>Πατρός.</span> 
     </span>
    </p>
   </div>
   <div class='ocr_carea' id='block_1_96' title="bbox 1646 4548 2134 4620">
    <p class='ocr_par' dir='ltr' id='par_1_96' title="bbox 1646 4548 2134 4620">
     <span class='ocr_line' id='line_1_98' title="bbox 1646 4548 2134 4620; baseline 0.004 -14"><span class='ocrx_word' id='word_1_750' title='bbox 1646 4553 1664 4586; x_wconf 84' lang='grc'>¹</span> <span class='ocrx_word' id='word_1_751' title='bbox 1696 4550 1868 4608; x_wconf 84' lang='lat' dir='ltr'>Joan.</span> <span class='ocrx_word' id='word_1_752' title='bbox 1901 4566 2018 4620; x_wconf 80' lang='lat' dir='ltr'>XVI,</span> <span class='ocrx_word' id='word_1_753' title='bbox 2043 4548 2134 4608; x_wconf 82' lang='lat'>15.</span> 
     </span>
    </p>
   </div>
   <div class='ocr_carea' id='block_1_97' title="bbox 2145 3368 3801 3445">
    <p class='ocr_par' dir='ltr' id='par_1_97' title="bbox 2145 3368 3801 3445">
     <span class='ocr_line' id='line_1_99' title="bbox 2145 3368 3801 3445; baseline -0.001 -19"><span class='ocrx_word' id='word_1_754' title='bbox 2145 3371 2317 3445; x_wconf 87' lang='grc' dir='ltr'>Λόγος</span> <span class='ocrx_word' id='word_1_755' title='bbox 2348 3369 2510 3427; x_wconf 69' lang='grc' dir='ltr'>ἐστίν.</span> <span class='ocrx_word' id='word_1_756' title='bbox 2546 3373 2644 3424; x_wconf 88' lang='grc' dir='ltr'>Ἦν</span> <span class='ocrx_word' id='word_1_757' title='bbox 2672 3370 2771 3445; x_wconf 80' lang='grc' dir='ltr'>γὰρ</span> <span class='ocrx_word' id='word_1_758' title='bbox 2804 3369 2885 3424; x_wconf 81' lang='grc' dir='ltr'>ἀεὶ</span> <span class='ocrx_word' id='word_1_759' title='bbox 2917 3371 3007 3424; x_wconf 81' lang='grc' dir='ltr'>καὶ</span> <span class='ocrx_word' id='word_1_760' title='bbox 3049 3368 3213 3439; x_wconf 80' lang='grc' dir='ltr'>ἔστιν,</span> <span class='ocrx_word' id='word_1_761' title='bbox 3247 3369 3425 3443; x_wconf 81' lang='grc' dir='ltr'>ὥσπερ</span> <span class='ocrx_word' id='word_1_762' title='bbox 3475 3371 3624 3440; x_wconf 78' lang='grc' dir='ltr'>Υἱὸς,</span> <span class='ocrx_word' id='word_1_763' title='bbox 3657 3371 3801 3425; x_wconf 74' lang='grc' dir='ltr'>οὕτω</span> 
     </span>
    </p>
   </div>
   <div class='ocr_carea' id='block_1_98' title="bbox 2143 3454 3798 3534">
    <p class='ocr_par' dir='ltr' id='par_1_98' title="bbox 2143 3454 3798 3534">
     <span class='ocr_line' id='line_1_100' title="bbox 2143 3454 3798 3534; baseline -0.001 -20"><span class='ocrx_word' id='word_1_764' title='bbox 2143 3461 2232 3514; x_wconf 77' lang='grc' dir='ltr'>καὶ</span> <span class='ocrx_word' id='word_1_765' title='bbox 2269 3460 2464 3534; x_wconf 76' lang='grc' dir='ltr'>Κύριος</span> <span class='ocrx_word' id='word_1_766' title='bbox 2496 3459 2586 3513; x_wconf 78' lang='grc' dir='ltr'>καὶ</span> <span class='ocrx_word' id='word_1_767' title='bbox 2619 3454 2997 3530; x_wconf 72' lang='grc' dir='ltr'>παμϐασιλεῦς</span> <span class='ocrx_word' id='word_1_768' title='bbox 3048 3464 3155 3513; x_wconf 80' lang='grc' dir='ltr'>τῶν</span> <span class='ocrx_word' id='word_1_769' title='bbox 3204 3459 3442 3527; x_wconf 80' lang='grc' dir='ltr'>πάντων,</span> <span class='ocrx_word' id='word_1_770' title='bbox 3475 3461 3670 3533; x_wconf 77' lang='grc' dir='ltr'>ὅμοιος</span> <span class='ocrx_word' id='word_1_771' title='bbox 3725 3457 3798 3513; x_wconf 80' lang='grc' dir='ltr'>ὢν</span> 
     </span>
    </p>
   </div>
   <div class='ocr_carea' id='block_1_99' title="bbox 2143 3547 3797 3620">
    <p class='ocr_par' dir='ltr' id='par_1_99' title="bbox 2143 3547 3797 3620">
     <span class='ocr_line' id='line_1_101' title="bbox 2143 3547 3797 3620; baseline 0 -17"><span class='ocrx_word' id='word_1_772' title='bbox 2143 3550 2280 3603; x_wconf 81' lang='grc' dir='ltr'>κατᾶ</span> <span class='ocrx_word' id='word_1_773' title='bbox 2339 3547 2512 3602; x_wconf 77' lang='grc' dir='ltr'>πάντα</span> <span class='ocrx_word' id='word_1_774' title='bbox 2587 3552 2686 3602; x_wconf 90' lang='grc' dir='ltr'>τοῦ</span> <span class='ocrx_word' id='word_1_775' title='bbox 2744 3548 2976 3620; x_wconf 82' lang='grc' dir='ltr'>ΙΙατρὸς,</span> <span class='ocrx_word' id='word_1_776' title='bbox 3032 3549 3121 3603; x_wconf 79' lang='grc' dir='ltr'>καὶ</span> <span class='ocrx_word' id='word_1_777' title='bbox 3181 3547 3353 3602; x_wconf 75' lang='grc' dir='ltr'>πάντα</span> <span class='ocrx_word' id='word_1_778' title='bbox 3407 3549 3474 3602; x_wconf 78' lang='grc' dir='ltr'>τὰ</span> <span class='ocrx_word' id='word_1_779' title='bbox 3527 3553 3624 3603; x_wconf 89' lang='grc' dir='ltr'>τοῦ</span> <span class='ocrx_word' id='word_1_780' title='bbox 3684 3555 3797 3603; x_wconf 85' lang='grc' dir='ltr'>Πα-</span> 
     </span>
    </p>
   </div>
   <div class='ocr_carea' id='block_1_100' title="bbox 2144 3634 3800 3713">
    <p class='ocr_par' dir='ltr' id='par_1_100' title="bbox 2144 3634 3800 3713">
     <span class='ocr_line' id='line_1_102' title="bbox 2144 3634 3800 3713; baseline 0 -21"><span class='ocrx_word' id='word_1_781' title='bbox 2144 3638 2270 3711; x_wconf 84' lang='grc' dir='ltr'>τρὸς</span> <span class='ocrx_word' id='word_1_782' title='bbox 2323 3639 2435 3710; x_wconf 85' lang='grc'>(27)</span> <span class='ocrx_word' id='word_1_783' title='bbox 2467 3634 2638 3711; x_wconf 63' lang='grc' dir='ltr'>ἔχων,</span> <span class='ocrx_word' id='word_1_784' title='bbox 2670 3637 2745 3698; x_wconf 84' lang='grc' dir='ltr'>ὡς</span> <span class='ocrx_word' id='word_1_785' title='bbox 2796 3634 3011 3712; x_wconf 74' lang='grc' dir='ltr'>εἷ’ρηκεν</span> <span class='ocrx_word' id='word_1_786' title='bbox 3063 3637 3242 3699; x_wconf 82' lang='grc' dir='ltr'>αὐτός.</span> <span class='ocrx_word' id='word_1_787' title='bbox 3277 3637 3415 3713; x_wconf 82' lang='grc' dir='ltr'>Φέρε</span> <span class='ocrx_word' id='word_1_788' title='bbox 3467 3635 3661 3692; x_wconf 86' lang='grc' dir='ltr'>λοιπὸν</span> <span class='ocrx_word' id='word_1_789' title='bbox 3711 3638 3800 3692; x_wconf 86' lang='grc' dir='ltr'>καὶ</span> 
     </span>
    </p>
   </div>
   <div class='ocr_carea' id='block_1_101' title="bbox 2145 3724 3802 3802">
    <p class='ocr_par' dir='ltr' id='par_1_101' title="bbox 2145 3724 3802 3802">
     <span class='ocr_line' id='line_1_103' title="bbox 2145 3724 3802 3802; baseline 0.001 -22"><span class='ocrx_word' id='word_1_790' title='bbox 2145 3727 2274 3780; x_wconf 80' lang='grc' dir='ltr'>αὑτὸ</span> <span class='ocrx_word' id='word_1_791' title='bbox 2307 3726 2368 3779; x_wconf 91' lang='lat'>16</span> <span class='ocrx_word' id='word_1_792' title='bbox 2404 3725 2456 3780; x_wconf 84' lang='grc' dir='ltr'>ἐν</span> <span class='ocrx_word' id='word_1_793' title='bbox 2485 3731 2602 3786; x_wconf 88' lang='grc' dir='ltr'>ταῖς</span> <span class='ocrx_word' id='word_1_794' title='bbox 2652 3724 2980 3799; x_wconf 86' lang='grc' dir='ltr'>Παροιμίαις</span> <span class='ocrx_word' id='word_1_795' title='bbox 3032 3724 3346 3801; x_wconf 86' lang='grc' dir='ltr'>λεγόμενον·</span> <span class='ocrx_word' id='word_1_796' title='bbox 3384 3727 3580 3802; x_wconf 71' lang='grc' dir='ltr'>Κύριος</span> <span class='ocrx_word' id='word_1_797' title='bbox 3627 3724 3802 3782; x_wconf 80' lang='grc' dir='ltr'>ἕκτισέ</span> 
     </span>
    </p>
   </div>
   <div class='ocr_carea' id='block_1_102' title="bbox 2149 3811 3794 3892">
    <p class='ocr_par' dir='ltr' id='par_1_102' title="bbox 2149 3811 3794 3892">
     <span class='ocr_line' id='line_1_104' title="bbox 2149 3811 3794 3892; baseline -0.001 -22"><span class='ocrx_word' id='word_1_798' title='bbox 2149 3835 2215 3888; x_wconf 79' lang='grc' dir='ltr'>με</span> <span class='ocrx_word' id='word_1_799' title='bbox 2245 3815 2422 3890; x_wconf 79' lang='grc' dir='ltr'>ἀρχὴν</span> <span class='ocrx_word' id='word_1_800' title='bbox 2476 3811 2616 3869; x_wconf 81' lang='grc' dir='ltr'>ὁδῶν</span> <span class='ocrx_word' id='word_1_801' title='bbox 2652 3813 2833 3882; x_wconf 76' lang='grc' dir='ltr'>αὐτοῦ,</span> <span class='ocrx_word' id='word_1_802' title='bbox 2869 3813 2946 3875; x_wconf 62' lang='grc' dir='ltr'>εἷς</span> <span class='ocrx_word' id='word_1_803' title='bbox 3007 3811 3133 3890; x_wconf 77' lang='grc' dir='ltr'>ἔργα</span> <span class='ocrx_word' id='word_1_804' title='bbox 3191 3814 3376 3883; x_wconf 82' lang='grc' dir='ltr'>αὐτοῦ,</span> <span class='ocrx_word' id='word_1_805' title='bbox 3410 3818 3794 3892; x_wconf 70' lang='grc' dir='ltr'>Θεωρήσωμεν·</span> 
     </span>
    </p>
   </div>
   <div class='ocr_carea' id='block_1_103' title="bbox 2145 3899 3796 3978">
    <p class='ocr_par' dir='ltr' id='par_1_103' title="bbox 2145 3899 3796 3978">
     <span class='ocr_line' id='line_1_105' title="bbox 2145 3899 3796 3978; baseline 0.001 -21"><span class='ocrx_word' id='word_1_806' title='bbox 2145 3903 2190 3957; x_wconf 80' lang='grc' dir='ltr'>εἰ</span> <span class='ocrx_word' id='word_1_807' title='bbox 2231 3904 2321 3958; x_wconf 80' lang='grc' dir='ltr'>καὶ</span> <span class='ocrx_word' id='word_1_808' title='bbox 2375 3901 2611 3976; x_wconf 76' lang='grc' dir='ltr'>μάλιστα</span> <span class='ocrx_word' id='word_1_809' title='bbox 2659 3904 2795 3974; x_wconf 80' lang='grc'>(28),</span> <span class='ocrx_word' id='word_1_810' title='bbox 2830 3899 3143 3978; x_wconf 76' lang='grc' dir='ltr'>δειχθέντος</span> <span class='ocrx_word' id='word_1_811' title='bbox 3193 3908 3290 3957; x_wconf 90' lang='grc' dir='ltr'>τοῦ</span> <span class='ocrx_word' id='word_1_812' title='bbox 3346 3903 3547 3978; x_wconf 80' lang='grc' dir='ltr'>Λόγου,</span> <span class='ocrx_word' id='word_1_813' title='bbox 3582 3903 3664 3959; x_wconf 85' lang='lat'>6&#39;1:</span> <span class='ocrx_word' id='word_1_814' title='bbox 3722 3907 3796 3977; x_wconf 82' lang='grc' dir='ltr'>μή</span> 
     </span>
    </p>
   </div>
   <div class='ocr_carea' id='block_1_104' title="bbox 2142 3989 3800 4065">
    <p class='ocr_par' dir='ltr' id='par_1_104' title="bbox 2142 3989 3800 4065">
     <span class='ocr_line' id='line_1_106' title="bbox 2142 3989 3800 4065; baseline 0.001 -19"><span class='ocrx_word' id='word_1_815' title='bbox 2142 3992 2358 4065; x_wconf 77' lang='grc' dir='ltr'>ποίημά</span> <span class='ocrx_word' id='word_1_816' title='bbox 2415 3991 2548 4062; x_wconf 83' lang='grc' dir='ltr'>ἐστι,</span> <span class='ocrx_word' id='word_1_817' title='bbox 2582 3989 2868 4060; x_wconf 84' lang='grc' dir='ltr'>δέδεικται,</span> <span class='ocrx_word' id='word_1_818' title='bbox 2903 3991 2986 4045; x_wconf 80' lang='lat'>6&#39;1:</span> <span class='ocrx_word' id='word_1_819' title='bbox 3050 3989 3189 4064; x_wconf 79' lang='grc' dir='ltr'>μηδὲ</span> <span class='ocrx_word' id='word_1_820' title='bbox 3244 3992 3450 4065; x_wconf 90' lang='grc' dir='ltr'>κτίσμα</span> <span class='ocrx_word' id='word_1_821' title='bbox 3499 3993 3632 4049; x_wconf 82' lang='grc' dir='ltr'>ἐστί.</span> <span class='ocrx_word' id='word_1_822' title='bbox 3665 3993 3800 4048; x_wconf 80' lang='grc' dir='ltr'>Ταύ-</span> 
     </span>
    </p>
   </div>
   <div class='ocr_carea' id='block_1_105' title="bbox 2140 4080 3800 4157">
    <p class='ocr_par' dir='ltr' id='par_1_105' title="bbox 2140 4080 3800 4157">
     <span class='ocr_line' id='line_1_107' title="bbox 2140 4080 3800 4157; baseline 0.001 -22"><span class='ocrx_word' id='word_1_823' title='bbox 2140 4082 2233 4135; x_wconf 77' lang='grc' dir='ltr'>τὸν</span> <span class='ocrx_word' id='word_1_824' title='bbox 2263 4083 2363 4157; x_wconf 69' lang='grc' dir='ltr'>γάρ</span> <span class='ocrx_word' id='word_1_825' title='bbox 2425 4080 2566 4135; x_wconf 77' lang='grc' dir='ltr'>ἐστιν</span> <span class='ocrx_word' id='word_1_826' title='bbox 2619 4081 2788 4136; x_wconf 88' lang='grc' dir='ltr'>εἰπεῖν</span> <span class='ocrx_word' id='word_1_827' title='bbox 2846 4080 3062 4153; x_wconf 85' lang='grc' dir='ltr'>ποίημα</span> <span class='ocrx_word' id='word_1_828' title='bbox 3117 4081 3207 4134; x_wconf 76' lang='grc' dir='ltr'>καὶ</span> <span class='ocrx_word' id='word_1_829' title='bbox 3256 4081 3478 4155; x_wconf 86' lang='grc' dir='ltr'>κτίσμα·</span> <span class='ocrx_word' id='word_1_830' title='bbox 3514 4081 3653 4137; x_wconf 83' lang='grc' dir='ltr'>ὥστε</span> <span class='ocrx_word' id='word_1_831' title='bbox 3711 4083 3800 4137; x_wconf 86' lang='grc' dir='ltr'>καὶ</span> 
     </span>
    </p>
   </div>
   <div class='ocr_carea' id='block_1_106' title="bbox 2140 4166 3800 4244">
    <p class='ocr_par' dir='ltr' id='par_1_106' title="bbox 2140 4166 3800 4244">
     <span class='ocr_line' id='line_1_108' title="bbox 2140 4166 3800 4244; baseline 0 -20"><span class='ocrx_word' id='word_1_832' title='bbox 2140 4171 2240 4238; x_wconf 80' lang='grc' dir='ltr'>τήν</span> <span class='ocrx_word' id='word_1_833' title='bbox 2275 4166 2543 4242; x_wconf 77' lang='grc' dir='ltr'>ἀπόδειξιν</span> <span class='ocrx_word' id='word_1_834' title='bbox 2573 4170 2671 4238; x_wconf 79' lang='grc' dir='ltr'>τήν</span> <span class='ocrx_word' id='word_1_835' title='bbox 2707 4168 2831 4241; x_wconf 87' lang='grc' dir='ltr'>περὶ</span> <span class='ocrx_word' id='word_1_836' title='bbox 2861 4173 2958 4222; x_wconf 89' lang='grc' dir='ltr'>τοῦ</span> <span class='ocrx_word' id='word_1_837' title='bbox 2994 4169 3069 4242; x_wconf 78' lang='grc' dir='ltr'>μὴ</span> <span class='ocrx_word' id='word_1_838' title='bbox 3120 4168 3258 4224; x_wconf 79' lang='grc' dir='ltr'>εἶναι</span> <span class='ocrx_word' id='word_1_839' title='bbox 3291 4173 3404 4244; x_wconf 79' lang='grc'>(29)</span> <span class='ocrx_word' id='word_1_840' title='bbox 3435 4170 3657 4244; x_wconf 87' lang='grc' dir='ltr'>ποίημα</span> <span class='ocrx_word' id='word_1_841' title='bbox 3702 4173 3800 4240; x_wconf 72' lang='grc' dir='ltr'>τὴν</span> 
     </span>
    </p>
   </div>
   <div class='ocr_carea' id='block_1_107' title="bbox 2146 4257 3803 4333">
    <p class='ocr_par' dir='ltr' id='par_1_107' title="bbox 2146 4257 3803 4333">
     <span class='ocr_line' id='line_1_109' title="bbox 2146 4257 3803 4333; baseline 0.001 -20"><span class='ocrx_word' id='word_1_842' title='bbox 2146 4258 2312 4330; x_wconf 76' lang='grc' dir='ltr'>αὐτὴν</span> <span class='ocrx_word' id='word_1_843' title='bbox 2367 4257 2501 4313; x_wconf 72' lang='grc' dir='ltr'>εἶναι</span> <span class='ocrx_word' id='word_1_844' title='bbox 2559 4257 2650 4313; x_wconf 83' lang='grc' dir='ltr'>καὶ</span> <span class='ocrx_word' id='word_1_845' title='bbox 2698 4257 2822 4332; x_wconf 82' lang='grc' dir='ltr'>περὶ</span> <span class='ocrx_word' id='word_1_846' title='bbox 2873 4262 2968 4312; x_wconf 90' lang='grc' dir='ltr'>τοῦ</span> <span class='ocrx_word' id='word_1_847' title='bbox 3014 4259 3089 4330; x_wconf 74' lang='grc' dir='ltr'>μὴ</span> <span class='ocrx_word' id='word_1_848' title='bbox 3143 4259 3275 4313; x_wconf 72' lang='grc' dir='ltr'>εἶναι</span> <span class='ocrx_word' id='word_1_849' title='bbox 3306 4258 3526 4333; x_wconf 90' lang='grc' dir='ltr'>κτίσμα.</span> <span class='ocrx_word' id='word_1_850' title='bbox 3564 4262 3656 4316; x_wconf 87' lang='grc' dir='ltr'>Διὸ</span> <span class='ocrx_word' id='word_1_851' title='bbox 3713 4262 3803 4316; x_wconf 89' lang='grc' dir='ltr'>καὶ</span> 
     </span>
    </p>
   </div>
   <div class='ocr_carea' id='block_1_108' title="bbox 2148 4345 3806 4426">
    <p class='ocr_par' dir='ltr' id='par_1_108' title="bbox 2148 4345 3806 4426">
     <span class='ocr_line' id='line_1_110' title="bbox 2148 4345 3806 4426; baseline 0.002 -23"><span class='ocrx_word' id='word_1_852' title='bbox 2148 4349 2469 4422; x_wconf 81' lang='grc' dir='ltr'>θαυμάσειεν</span> <span class='ocrx_word' id='word_1_853' title='bbox 2528 4345 2588 4402; x_wconf 78' lang='grc' dir='ltr'>ἄν</span> <span class='ocrx_word' id='word_1_854' title='bbox 2645 4368 2728 4410; x_wconf 86' lang='grc' dir='ltr'>τις</span> <span class='ocrx_word' id='word_1_855' title='bbox 2790 4346 2984 4410; x_wconf 78' lang='grc' dir='ltr'>αὐτοὺς</span> <span class='ocrx_word' id='word_1_856' title='bbox 3041 4345 3391 4412; x_wconf 81' lang='grc' dir='ltr'>ἐπινοοῦντας</span> <span class='ocrx_word' id='word_1_857' title='bbox 3447 4349 3806 4426; x_wconf 75' lang='grc' dir='ltr'>ἑαυτοῖς</span> 
     </span>
    </p>
   </div>
   <div class='ocr_carea' id='block_1_109' title="bbox 2234 4549 2735 4621">
    <p class='ocr_par' dir='ltr' id='par_1_109' title="bbox 2234 4549 2735 4621">
     <span class='ocr_line' id='line_1_111' title="bbox 2234 4549 2735 4621; baseline 0 -17"><span class='ocrx_word' id='word_1_858' title='bbox 2234 4549 2258 4584; x_wconf 75' lang='grc'><em>³</em></span> <span class='ocrx_word' id='word_1_859' title='bbox 2286 4551 2456 4606; x_wconf 88' lang='lat' dir='ltr'>Prov.</span> <span class='ocrx_word' id='word_1_860' title='bbox 2489 4565 2612 4621; x_wconf 82' lang='lat' dir='ltr'>vui,</span> <span class='ocrx_word' id='word_1_861' title='bbox 2646 4549 2735 4604; x_wconf 86' lang='lat'>22.</span> 
     </span>
    </p>
   </div>
   <div class='ocr_carea' id='block_1_110' title="bbox 2229 4725 3806 4799">
    <p class='ocr_par' dir='ltr' id='par_1_110' title="bbox 2229 4725 3806 4799">
     <span class='ocr_line' id='line_1_112' title="bbox 2229 4725 3806 4799; baseline 0.001 -17"><span class='ocrx_word' id='word_1_862' title='bbox 2229 4728 2341 4799; x_wconf 83' lang='lat'>(26)</span> <span class='ocrx_word' id='word_1_863' title='bbox 2376 4728 2516 4799; x_wconf 83' lang='lat' dir='ltr'>Reg.</span> <span class='ocrx_word' id='word_1_864' title='bbox 2554 4725 2802 4799; x_wconf 75' lang='lat' dir='ltr'>_Gobler.</span> <span class='ocrx_word' id='word_1_865' title='bbox 2865 4729 3015 4799; x_wconf 75' lang='lat' dir='ltr'>_Fe.c.</span> <span class='ocrx_word' id='word_1_866' title='bbox 3048 4727 3072 4781; x_wconf 89' lang='lat'><strong>1</strong></span> <span class='ocrx_word' id='word_1_867' title='bbox 3117 4731 3174 4782; x_wconf 88' lang='lat' dir='ltr'>et</span> <span class='ocrx_word' id='word_1_868' title='bbox 3198 4729 3256 4793; x_wconf 88' lang='grc'>5,</span> <span class='ocrx_word' id='word_1_869' title='bbox 3285 4728 3312 4781; x_wconf 85' lang='grc' dir='ltr'>ὁ</span> <span class='ocrx_word' id='word_1_870' title='bbox 3341 4725 3640 4799; x_wconf 83' lang='lat' dir='ltr'>omittunt.</span> <span class='ocrx_word' id='word_1_871' title='bbox 3676 4727 3806 4784; x_wconf 83' lang='lat' dir='ltr'>Mox</span> 
     </span>
    </p>
   </div>
   <div class='ocr_carea' id='block_1_111' title="bbox 2156 4797 3802 4872">
    <p class='ocr_par' dir='ltr' id='par_1_111' title="bbox 2156 4797 3802 4872">
     <span class='ocr_line' id='line_1_113' title="bbox 2156 4797 3802 4872; baseline -0.002 -17"><span class='ocrx_word' id='word_1_872' title='bbox 2156 4797 3038 4872; x_wconf 24' lang='lat' dir='ltr'>Seguer._G‘Oblerian:_Felckm.</span> <span class='ocrx_word' id='word_1_873' title='bbox 3076 4801 3097 4853; x_wconf 83' lang='grc'>1</span> <span class='ocrx_word' id='word_1_874' title='bbox 3135 4800 3284 4872; x_wconf 15' lang='lat' dir='ltr'>eth/1,</span> <span class='ocrx_word' id='word_1_875' title='bbox 3315 4797 3406 4851; x_wconf 83' lang='grc' dir='ltr'>καὶ</span> <span class='ocrx_word' id='word_1_876' title='bbox 3455 4800 3802 4872; x_wconf 71' lang='grc' dir='ltr'>πεποιῆσθαι·</span> 
     </span>
    </p>
   </div>
   <div class='ocr_carea' id='block_1_112' title="bbox 2158 4867 3805 4940">
    <p class='ocr_par' dir='ltr' id='par_1_112' title="bbox 2158 4867 3805 4940">
     <span class='ocr_line' id='line_1_114' title="bbox 2158 4867 3805 4940; baseline 0.002 -16"><span class='ocrx_word' id='word_1_877' title='bbox 2158 4867 2486 4937; x_wconf 70' lang='grc' dir='ltr'>πεῖτοιῆσθαι</span> <span class='ocrx_word' id='word_1_878' title='bbox 2550 4867 2666 4940; x_wconf 82' lang='grc' dir='ltr'>μέν.</span> <span class='ocrx_word' id='word_1_879' title='bbox 2702 4868 2812 4923; x_wconf 80' lang='lat' dir='ltr'>Alii</span> <span class='ocrx_word' id='word_1_880' title='bbox 2858 4886 2992 4925; x_wconf 91' lang='lat' dir='ltr'>vero</span> <span class='ocrx_word' id='word_1_881' title='bbox 3049 4875 3106 4924; x_wconf 93' lang='lat' dir='ltr'>et</span> <span class='ocrx_word' id='word_1_882' title='bbox 3151 4871 3312 4940; x_wconf 86' lang='lat' dir='ltr'>editi,</span> <span class='ocrx_word' id='word_1_883' title='bbox 3345 4871 3526 4927; x_wconf 86' lang='lat' dir='ltr'>semel</span> <span class='ocrx_word' id='word_1_884' title='bbox 3575 4877 3805 4927; x_wconf 91' lang='lat' dir='ltr'>tantum</span> 
     </span>
    </p>
   </div>
   <div class='ocr_carea' id='block_1_113' title="bbox 2160 4942 2754 5008">
    <p class='ocr_par' dir='ltr' id='par_1_113' title="bbox 2160 4942 2754 5008">
     <span class='ocr_line' id='line_1_115' title="bbox 2160 4942 2754 5008; baseline -0.012 -10"><span class='ocrx_word' id='word_1_885' title='bbox 2160 4944 2378 4998; x_wconf 84' lang='lat' dir='ltr'>habent</span> <span class='ocrx_word' id='word_1_886' title='bbox 2407 4942 2754 5008; x_wconf 72' lang='grc' dir='ltr'>πεποιῆσθαι.</span> 
     </span>
    </p>
   </div>
   <div class='ocr_carea' id='block_1_114' title="bbox 2231 5011 3810 5094">
    <p class='ocr_par' dir='ltr' id='par_1_114' title="bbox 2231 5011 3810 5094">
     <span class='ocr_line' id='line_1_116' title="bbox 2231 5011 3810 5094; baseline 0.001 -29"><span class='ocrx_word' id='word_1_887' title='bbox 2231 5013 2464 5094; x_wconf 58' lang='lat' dir='ltr'>(27)Sic</span> <span class='ocrx_word' id='word_1_888' title='bbox 2513 5012 2860 5094; x_wconf 46' lang='grc' dir='ltr'>ξορρεξτ-ἰαῦ.</span> <span class='ocrx_word' id='word_1_889' title='bbox 2921 5011 3087 5084; x_wconf 86' lang='lat' dir='ltr'>Reg.,</span> <span class='ocrx_word' id='word_1_890' title='bbox 3143 5017 3196 5068; x_wconf 88' lang='lat' dir='ltr'>et</span> <span class='ocrx_word' id='word_1_891' title='bbox 3257 5011 3589 5069; x_wconf 87' lang='lat' dir='ltr'>Felckman.</span> <span class='ocrx_word' id='word_1_892' title='bbox 3635 5013 3688 5068; x_wconf 87' lang='lat'>2.</span> <span class='ocrx_word' id='word_1_893' title='bbox 3734 5015 3810 5066; x_wconf 85' lang='lat' dir='ltr'>At</span> 
     </span>
    </p>
   </div>
   <div class='ocr_carea' id='block_1_115' title="bbox 2159 5080 2906 5154">
    <p class='ocr_par' dir='ltr' id='par_1_115' title="bbox 2159 5080 2906 5154">
     <span class='ocr_line' id='line_1_117' title="bbox 2159 5080 2906 5154; baseline -0.008 -14"><span class='ocrx_word' id='word_1_894' title='bbox 2159 5080 2418 5149; x_wconf 40' lang='lat' dir='ltr'>editiﬁm‘:</span> <span class='ocrx_word' id='word_1_895' title='bbox 2445 5081 2541 5135; x_wconf 80' lang='grc' dir='ltr'>τοῦ</span> <span class='ocrx_word' id='word_1_896' title='bbox 2575 5080 2906 5154; x_wconf 79' lang='grc' dir='ltr'>Πνεύματος.</span> 
     </span>
    </p>
   </div>
   <div class='ocr_carea' id='block_1_116' title="bbox 2228 5149 3315 5226">
    <p class='ocr_par' dir='ltr' id='par_1_116' title="bbox 2228 5149 3315 5226">
     <span class='ocr_line' id='line_1_118' title="bbox 2228 5149 3315 5226; baseline 0.001 -18"><span class='ocrx_word' id='word_1_897' title='bbox 2228 5157 2341 5220; x_wconf 79' lang='grc'>(28)</span> <span class='ocrx_word' id='word_1_898' title='bbox 2372 5149 2734 5226; x_wconf 73' lang='lat' dir='ltr'>Seguerian.,</span> <span class='ocrx_word' id='word_1_899' title='bbox 2768 5152 2814 5206; x_wconf 82' lang='grc' dir='ltr'>εἷ’</span> <span class='ocrx_word' id='word_1_900' title='bbox 2842 5150 2932 5207; x_wconf 81' lang='grc' dir='ltr'>καὶ</span> <span class='ocrx_word' id='word_1_901' title='bbox 2961 5150 3039 5226; x_wconf 76' lang='lat'>10‘:</span> <span class='ocrx_word' id='word_1_902' title='bbox 3056 5149 3315 5226; x_wconf 82' lang='grc' dir='ltr'>μάλιστα.</span> 
     </span>
    </p>
   </div>
   <div class='ocr_carea' id='block_1_117' title="bbox 2230 5225 3807 5306">
    <p class='ocr_par' dir='ltr' id='par_1_117' title="bbox 2230 5225 3807 5306">
     <span class='ocr_line' id='line_1_119' title="bbox 2230 5225 3807 5306; baseline -0.001 -25"><span class='ocrx_word' id='word_1_903' title='bbox 2230 5225 2466 5306; x_wconf 60' lang='grc' dir='ltr'>(29λξιὶο</span> <span class='ocrx_word' id='word_1_904' title='bbox 2493 5227 2847 5306; x_wconf 30' lang='lat' dir='ltr'>Seguerian.‘</span> <span class='ocrx_word' id='word_1_905' title='bbox 2893 5225 3123 5306; x_wconf 62' lang='lat' dir='ltr'>Anglic.</span> <span class='ocrx_word' id='word_1_906' title='bbox 3158 5226 3571 5306; x_wconf 45' lang='lat' dir='ltr'>Gohl_er.-Felc.</span> <span class='ocrx_word' id='word_1_907' title='bbox 3611 5227 3632 5280; x_wconf 88' lang='lat'><strong>1</strong></span> <span class='ocrx_word' id='word_1_908' title='bbox 3669 5229 3725 5306; x_wconf 81' lang='lat' dir='ltr'>et</span> <span class='ocrx_word' id='word_1_909' title='bbox 3755 5225 3807 5292; x_wconf 77' lang='grc'>4,</span> 
     </span>
    </p>
   </div>
   <div class='ocr_carea' id='block_1_118' title="bbox 2159 5295 3807 5369">
    <p class='ocr_par' dir='ltr' id='par_1_118' title="bbox 2159 5295 3807 5369">
     <span class='ocr_line' id='line_1_120' title="bbox 2159 5295 3807 5369; baseline -0.002 -17"><span class='ocrx_word' id='word_1_910' title='bbox 2159 5295 2616 5369; x_wconf 32' lang='lat' dir='ltr'>ut&#39;etiNanniu&#39;s</span> <span class='ocrx_word' id='word_1_911' title='bbox 2640 5300 2876 5369; x_wconf 78' lang='lat' dir='ltr'>legerat.</span> <span class='ocrx_word' id='word_1_912' title='bbox 2911 5295 3021 5369; x_wconf 84' lang='lat' dir='ltr'>Alii</span> <span class='ocrx_word' id='word_1_913' title='bbox 3063 5301 3131 5369; x_wconf 81' lang='lat' dir='ltr'>et_</span> <span class='ocrx_word' id='word_1_914' title='bbox 3169 5299 3330 5363; x_wconf 89' lang='lat' dir='ltr'>editi,</span> <span class='ocrx_word' id='word_1_915' title='bbox 3368 5297 3533 5351; x_wconf 75' lang='grc' dir='ltr'>εἶπεῖν</span> <span class='ocrx_word' id='word_1_916' title='bbox 3591 5295 3807 5367; x_wconf 81' lang='grc' dir='ltr'>ποίημα</span> 
     </span>
    </p>
   </div>
   <div class='ocr_carea' id='block_1_119' title="bbox 2156 5364 3591 5440">
    <p class='ocr_par' dir='ltr' id='par_1_119' title="bbox 2156 5364 3591 5440">
     <span class='ocr_line' id='line_1_121' title="bbox 2156 5364 3591 5440; baseline 0.001 -17"><span class='ocrx_word' id='word_1_917' title='bbox 2156 5369 2248 5423; x_wconf 85' lang='grc' dir='ltr'>τὸν</span> <span class='ocrx_word' id='word_1_918' title='bbox 2283 5366 2438 5422; x_wconf 79' lang='grc' dir='ltr'>αὐτὸν</span> <span class='ocrx_word' id='word_1_919' title='bbox 2474 5370 2546 5440; x_wconf 77' lang='grc' dir='ltr'>μὴ</span> <span class='ocrx_word' id='word_1_920' title='bbox 2582 5364 2732 5423; x_wconf 72' lang='grc' dir='ltr'>εἶναῖ·</span> <span class='ocrx_word' id='word_1_921' title='bbox 2767 5364 2856 5421; x_wconf 80' lang='grc' dir='ltr'>καί</span> <span class='ocrx_word' id='word_1_922' title='bbox 2885 5364 3134 5440; x_wconf 80' lang='grc' dir='ltr'>περὶτοῦ</span> <span class='ocrx_word' id='word_1_923' title='bbox 3171 5369 3246 5439; x_wconf 75' lang='grc' dir='ltr'>μὴ</span> <span class='ocrx_word' id='word_1_924' title='bbox 3294 5369 3445 5435; x_wconf 85' lang='grc' dir='ltr'>εἶναι,</span> <span class='ocrx_word' id='word_1_925' title='bbox 3480 5375 3591 5426; x_wconf 88' lang='lat' dir='ltr'>etc.</span> 
     </span>
    </p>
   </div>
   <div class='ocr_carea' id='block_1_120' title="bbox 2227 5439 3809 5512">
    <p class='ocr_par' dir='ltr' id='par_1_120' title="bbox 2227 5439 3809 5512">
     <span class='ocr_line' id='line_1_122' title="bbox 2227 5439 3809 5512; baseline -0.001 -16"><span class='ocrx_word' id='word_1_926' title='bbox 2227 5443 2336 5510; x_wconf 90' lang='lat'>(30)</span> <span class='ocrx_word' id='word_1_927' title='bbox 2367 5439 2628 5512; x_wconf 78' lang='lat' dir='ltr'>Seguer.,</span> <span class='ocrx_word' id='word_1_928' title='bbox 2681 5440 2898 5496; x_wconf 86' lang='lat' dir='ltr'>omittit</span> <span class='ocrx_word' id='word_1_929' title='bbox 2946 5439 3173 5500; x_wconf 66' lang='grc' dir='ltr'>ἑαυτοῖς.</span> <span class='ocrx_word' id='word_1_930' title='bbox 3209 5442 3336 5496; x_wconf 86' lang='lat' dir='ltr'>Mox</span> <span class='ocrx_word' id='word_1_931' title='bbox 3395 5443 3548 5496; x_wconf 90' lang='lat' dir='ltr'>idem</span> <span class='ocrx_word' id='word_1_932' title='bbox 3613 5440 3809 5505; x_wconf 86' lang='lat' dir='ltr'>habet,</span> 
     </span>
    </p>
   </div>
   <div class='ocr_carea' id='block_1_121' title="bbox 2158 5509 3808 5658">
    <p class='ocr_par' dir='ltr' id='par_1_121' title="bbox 2158 5509 3808 5658">
     <span class='ocr_line' id='line_1_123' title="bbox 2158 5509 3806 5604; baseline 0.001 -40"><span class='ocrx_word' id='word_1_933' title='bbox 2158 5509 2593 5586; x_wconf 69' lang='grc' dir='ltr'>αἶ’σχυνομένοις.</span> <span class='ocrx_word' id='word_1_934' title='bbox 2616 5509 2850 5567; x_wconf 34' lang='lat' dir='ltr'>&#39;lbidem</span> <span class='ocrx_word' id='word_1_935' title='bbox 2882 5514 3117 5604; x_wconf 67' lang='lat' dir='ltr'>Seguer.</span> <span class='ocrx_word' id='word_1_936' title='bbox 3150 5515 3380 5568; x_wconf 78' lang='lat' dir='ltr'>Gobier.</span> <span class='ocrx_word' id='word_1_937' title='bbox 3422 5514 3571 5568; x_wconf 78' lang='lat' dir='ltr'>Felc.</span> <span class='ocrx_word' id='word_1_938' title='bbox 3606 5517 3629 5567; x_wconf 91' lang='grc'>1</span> <span class='ocrx_word' id='word_1_939' title='bbox 3668 5520 3723 5568; x_wconf 87' lang='lat' dir='ltr'>et</span> <span class='ocrx_word' id='word_1_940' title='bbox 3754 5512 3806 5577; x_wconf 79' lang='grc'>4,</span> 
     </span>
     <span class='ocr_line' id='line_1_124' title="bbox 2158 5580 3808 5658; baseline 0.001 -22"><span class='ocrx_word' id='word_1_941' title='bbox 2158 5581 2246 5637; x_wconf 78' lang='grc' dir='ltr'>ἐπὶ</span> <span class='ocrx_word' id='word_1_942' title='bbox 2276 5589 2401 5658; x_wconf 64' lang='grc' dir='ltr'>Δτοῖς</span> <span class='ocrx_word' id='word_1_943' title='bbox 2451 5583 2764 5658; x_wconf 79' lang='grc' dir='ltr'>γινομένοις</span> <span class='ocrx_word' id='word_1_944' title='bbox 2808 5582 2929 5658; x_wconf 52' lang='grc' dir='ltr'>καρί</span> <span class='ocrx_word' id='word_1_945' title='bbox 2953 5583 3173 5658; x_wconf 69' lang='grc' dir='ltr'>ἕκαστον</span> <span class='ocrx_word' id='word_1_946' title='bbox 3214 5580 3498 5658; x_wconf 58' lang='grc' dir='ltr'>ἐλέγχοις.</span> <span class='ocrx_word' id='word_1_947' title='bbox 3537 5585 3700 5655; x_wconf 78' lang='lat' dir='ltr'>ch.,</span> <span class='ocrx_word' id='word_1_948' title='bbox 3729 5604 3808 5654; x_wconf 90' lang='grc' dir='ltr'>γι-</span> 
     </span>
    </p>
   </div>
   <div class='ocr_carea' id='block_1_122' title="bbox 2156 5647 3806 5782">
    <p class='ocr_par' dir='ltr' id='par_1_122' title="bbox 2156 5647 3806 5782">
     <span class='ocr_line' id='line_1_125' title="bbox 2156 5647 3806 5782; baseline -0.001 -75"><span class='ocrx_word' id='word_1_949' title='bbox 2156 5655 2407 5782; x_wconf 63' lang='grc' dir='ltr'>νιὶμένοις</span> <span class='ocrx_word' id='word_1_950' title='bbox 2435 5647 2788 5726; x_wconf 77' lang='grc' dir='ltr'>κάθεκάστην.</span> <span class='ocrx_word' id='word_1_951' title='bbox 2822 5653 2933 5710; x_wconf 81' lang='lat' dir='ltr'>Alii</span> <span class='ocrx_word' id='word_1_952' title='bbox 2980 5660 3038 5713; x_wconf 90' lang='lat' dir='ltr'>et</span> <span class='ocrx_word' id='word_1_953' title='bbox 3086 5656 3250 5726; x_wconf 82' lang='lat' dir='ltr'>editi,</span> <span class='ocrx_word' id='word_1_954' title='bbox 3278 5647 3806 5729; x_wconf 50' lang='grc' dir='ltr'>κὰθὶκάστηννγινο-</span> 
     </span>
     <span class='ocr_line' id='line_1_126' title="bbox 2159 5747 2361 5782; baseline 0 0"><span class='ocrx_word' id='word_1_955' title='bbox 2159 5747 2200 5782; x_wconf 76' lang='grc' dir='ltr'>υ.</span> <span class='ocrx_word' id='word_1_956' title='bbox 2231 5747 2361 5782; x_wconf 84' lang='grc' dir='ltr'>νοις.</span> 
     </span>
    </p>
   </div>
   <div class='ocr_carea' id='block_1_123' title="bbox 2158 5747 2361 5799">
    <p class='ocr_par' dir='ltr' id='par_1_123' title="bbox 2158 5747 2361 5799">
     <span class='ocr_line' id='line_1_127' title="bbox 2158 5747 2361 5799; baseline 0.015 -17"><span class='ocrx_word' id='word_1_957' title='bbox 2158 5747 2361 5799; x_wconf 87' lang='grc' dir='ltr'>μενοις.</span> 
     </span>
    </p>
   </div>
  </div>
