4076 6320
377 399 487 460 191

944 399 1009 460 S.
1058 399 1484 460 ATHANASII
1529 400 1702 460 OPP.
1754 399 1948 460 PARS
1995 400 2039 458 l.
2067 433 2144 443 —
2177 400 2592 462 HISTOBICA
2636 401 2733 460 ET
2775 399 3258 461 DOGMATICA.

3671 397 3786 456 192

377 528 567 604 possit
595 528 912 600 producere
933 535 1260 585 creaturam
1288 547 1301 585 :
1326 534 1478 586 certe
1503 529 1654 585 idem
1679 531 1748 585 de
1775 528 2025 602 singulis

2149 535 2456 604 μιουργεῖν;
2501 529 2563 585 Ei
2611 526 2668 583 δὲ
2715 527 2916 601 κτίσμα
2959 526 3032 580 ὣν
3092 523 3424 601 δημιουργεῖ
3481 525 3570 580 καὶ
3628 525 3786 586 αὑτὸς

378 619 661 675 creaturis
709 619 818 674 erit
848 618 1318 690 intelligendum,
1355 635 1562 691 nempe
1610 619 1744 675 illas
1793 635 2026 690 quoque

379 727 573 765 creare
597 709 954 780 posse.Quod
979 711 1079 764 sia
1102 711 1264 765 vobis
1287 711 1642 780 conceditur,
1669 710 1807 782 quid
1841 710 2025 765 Verbo

377 816 528 871 opus
547 799 812 868 fuit,cum
833 799 1134 854 inferiores
1148 817 1178 854 a
1191 800 1592 870 superioribus
1605 801 1752 855 efﬁci
1768 805 2022 871 queant:

377 887 465 944 vel
502 887 707 943 saltem
741 905 872 942 cum
925 905 1015 943 res
1048 887 1295 959 singulae
1326 889 1486 943 facta:
1520 888 1814 960 potuerint
1845 905 1877 943 a
1911 888 2026 943 Deo

375 977 545 1032 initio
585 977 805 1044 audire,
860 977 1008 1044 Fies,
1043 982 1120 1044 et,
1155 978 1412 1048 Efficere,
1463 982 1638 1050 atque
1667 979 1747 1033 ita
1779 977 2029 1032 fuissent

381 1067 696 1139 productae.
723 1066 937 1121 Verum
969 1083 1155 1139 neque
1177 1066 1233 1121 id
1259 1067 1544 1138 scriptum
1568 1073 1870 1137 est,neque
1903 1067 2028 1122 ﬁcri

379 1155 590 1228 potuit.
627 1155 795 1212 Nulla
823 1156 981 1211 enim
1015 1172 1211 1211 rerum
1244 1173 1370 1228 qua:
1404 1157 1554 1212 ﬁunt
1582 1175 1758 1212 causa
1789 1161 1876 1214 est
1905 1157 2025 1212 efﬁ-

380 1247 538 1302 ciens
572 1263 584 1300 :
621 1262 754 1300 nam
807 1245 1000 1300 omnia
1030 1263 1130 1317 per
1181 1247 1435 1301 Verbum
1480 1246 1629 1301 facta
1681 1251 1837 1312 sunt,
1873 1247 2027 1318 quod

379 1352 521 1392 sane
551 1352 664 1389 non
689 1333 919 1390 fecisset
939 1335 1211 1402 omnia,si
1238 1336 1432 1407 ipsum
1461 1352 1693 1407 quoque
1725 1337 1977 1391 Verbum
1999 1353 2029 1391 e

381 1425 557 1480 rebus
603 1424 812 1479 creatis
843 1429 1018 1479 esset.
1052 1425 1166 1480 Nec
1206 1426 1362 1479 enim
1409 1424 1498 1480 vel
1544 1425 1732 1496 angeli
1783 1430 2030 1496 possunt

383 1530 600 1578 creare,
633 1530 765 1568 cum
800 1513 908 1584 ipsi
942 1514 1061 1568 sint
1103 1514 1302 1579 creati,
1332 1514 1466 1570 licet
1494 1515 1574 1569 ita
1600 1516 1890 1570 senserint
1914 1513 2028 1569 Va-

380 1601 923 1669 lentinus,Marcion
955 1609 1012 1658 et
1040 1603 1344 1674 Basilides,
1374 1621 1625 1676 quorum
1658 1621 1757 1659 vos
1788 1603 2028 1658 aemula-

385 1698 541 1748 tores
571 1692 754 1759 estis;
788 1707 892 1747 nec
931 1692 1039 1757 sol,
1074 1699 1134 1748 ut
1165 1699 1295 1764 pote
1325 1699 1575 1764 creatus,
1609 1695 1762 1765 quod
1797 1711 1911 1748 non
1944 1698 2032 1749 est

387 1781 557 1837 faciet
604 1787 668 1836 ut
710 1781 826 1848 sit;
863 1798 966 1836 nec
1013 1782 1186 1837 homc
1236 1781 1530 1838 hominem
1582 1782 1874 1852 formabit,
1925 1798 2031 1837 nec

389 1869 1084 1968 lapisefﬁngetlapidem,
1119 1889 1222 1928 nec
1244 1871 1652 1968 lignolignum
1675 1871 2032 1927 dabitincre-
2063 1905 2112 1968 B

391 1965 676 2017 mentum.
710 1960 819 2015 Sed
852 1960 1006 2015 Deus
1045 1960 1168 2032 ipse
1199 1967 1288 2015 est
1309 1961 1408 2032 qui
1450 1962 1744 2017 hominem
1779 1963 1834 2016 in
1871 1966 2032 2016 utero

389 2050 620 2115 format,
653 2049 753 2121 qui
787 2055 1012 2106 montes
1043 2049 1421 2122 collocat,qui
1454 2050 1679 2122 lignum
1714 2050 1983 2122 producit
2016 2067 2028 2104 :

387 2138 514 2209 ipse
534 2143 728 2192 autem
759 2138 1055 2208 homo,qui
1081 2138 1333 2193 scientiae
1357 2155 1538 2212 capax
1559 2143 1666 2205 est,
1704 2139 1874 2194 istam
1910 2155 2030 2193 ma-

389 2227 596 2282 teriam
623 2227 778 2282 varie
803 2227 1016 2282 format
1039 2232 1094 2282 et
1113 2228 1614 2299 componit,atque
1636 2245 1702 2282 ea
1724 2246 1850 2300 qua
1873 2234 2031 2296 sunt,

391 2315 474 2370 uti
507 2315 962 2387 didicit,efﬁngit
992 2321 1048 2370 et
1077 2315 1322 2387 ﬁgurat;
1353 2317 1617 2387 satisque
1648 2316 1732 2370 illi
1761 2321 1849 2371 est
1878 2315 2032 2387 quod

389 2404 509 2460 sint
540 2404 694 2460 facta
716 2420 728 2458 :
754 2409 879 2459 tum
907 2421 1037 2459 vero
1065 2409 1284 2459 natura:
1308 2423 1420 2459 non
1448 2405 1691 2477 ignarus
1721 2423 1860 2471 sua,
1892 2405 1941 2460 si
1975 2421 2034 2459 re

390 2494 582 2564 aliqua
615 2493 889 2565 indigeat,
926 2512 957 2548 a
988 2493 1102 2548 Deo
1135 2493 1189 2547 id
1225 2495 1384 2548 novit
1413 2511 1540 2550 esse
1571 2495 1952 2566 poscendum.

2135 617 2334 690 κτίσμα
2363 621 2496 692 (60)
2531 616 2677 672 ἔσται
2709 617 2796 671 καὶ
2829 616 2908 694 ἐφ’
2939 616 3162 671 ὲκάστου
3192 616 3486 687 κτίσματος
3535 615 3598 670 τὸ
3654 613 3783 668 αὑτὸ

2135 705 2450 779 νοούμενον,
2483 707 2618 762 ὥστε
2649 704 2902 761 δύνασθαι
2951 706 3040 760 καὶ
3094 705 3226 759 αὑτὰ
3256 707 3369 778 (61)
3401 701 3783 780 δημιουργεῖν.

2137 795 2240 850 Καὶ
2275 795 2319 849 εί
2350 801 2510 850 τοῦτο
2542 794 2683 850 οὕτω
2718 793 2996 870 βούλεσθε,
3021 793 3101 856 τίς
3153 794 3187 863 ἠ
3239 793 3399 869 χρεία
3441 797 3537 848 106
3585 787 3784 866 Λόγου,

2139 880 2448 957 δυναμένων
2499 891 2606 940 τῶν
2659 879 3082 954 ὑποϐεϐηκότων
3139 883 3283 958 παρὰ
3326 887 3434 936 τῶν
3484 880 3784 956 ὑπερεχόν-

2134 995 2242 1028 των
2275 974 2505 1048 γίνεσθαι
2535 1002 2550 1042 ;
2579 976 2614 1044 ἢ
2643 972 2788 1036 ὅλως
2821 971 3120 1046 δυναμένου
3157 971 3247 1027 καὶ
3292 971 3427 1026 κατὰ
3473 972 3569 1040 τήν
3604 971 3780 1046 ἀρχὴν

2135 1062 2356 1117 ἑκάστου
2386 1068 2493 1132 τῶν
2532 1063 2834 1138 γενομένων
2887 1062 3108 1116 ἀκοῦσαι
3154 1062 3300 1137 παρὰ
3346 1066 3444 1116 τοῦ
3501 1063 3654 1116 Θεοῦ⁰
3690 1066 3782 1115 Γε-

2136 1156 2252 1221 v06,
2285 1154 2398 1224 καὶ,
2433 1153 2726 1224 ΙΙοιηΘητν
2761 1152 2847 1206 καὶ
2880 1151 3052 1214 οὕτως
3113 1150 3170 1205 ἂν
3206 1147 3430 1206 ἕκαστον
3487 1147 3580 1220 ἐδη
3595 1169 3782 1222 μιουρ-

2135 1248 2303 1315 γεῖτο.
2368 1239 2522 1298 Ἀλλ’
2579 1239 2704 1296 οὑδέ
2763 1241 3062 1317 γέγραπται
3119 1244 3305 1307 τοῦτο,
3363 1235 3484 1295 οὕτε
3561 1237 3782 1294 δυνατὸν

2137 1331 2202 1399 ἦν
2264 1333 2396 1402 (6'2).
2427 1335 2539 1384 Τῶν
2598 1330 2697 1407 γάρ
2758 1331 3061 1405 γινομένων
3121 1327 3276 1387 οὐδέν
3336 1328 3445 1383 ἐστι
3500 1327 3786 1398 ποιητικὸν

2138 1417 2330 1474 α’ίτιον·
2365 1419 2538 1474 πάντα
2593 1421 2696 1494 γὰρ
2756 1416 2845 1473 διὰ
2898 1423 2993 1473 106
3052 1418 3232 1493 Λόγου
3290 1418 3528 1493 γέγονεν’
3574 1417 3672 1471 οὑκ
3724 1415 3782 1470 ἂν

2140 1508 2506 1584 ἐργασαμένου
2537 1509 2624 1562 καὶ
2658 1510 2820 1564 αὑτοῦ
2849 1508 2915 1562 τὰ
2945 1509 3136 1575 πάντα,
3161 1506 3205 1561 εί
3236 1505 3323 1561 καί
3357 1508 3513 1568 αὑτὸς
3546 1507 3573 1561 6
3608 1505 3783 1580 Λόγος

2139 1604 2243 1653 τῶν
2275 1597 2582 1670 κτισμάτων
2615 1601 2701 1666 ἦν’
2737 1595 2860 1652 οὑδὲ
2889 1598 2989 1674 γάρ
3021 1594 3145 1651 οὑδὲ
3175 1597 3398 1672 ἄγγελοι
3431 1594 3781 1670 δημιουργεῖν

2143 1685 2480 1758 δυνήσονται,
2503 1686 2770 1760 κτίσματα
2797 1690 2908 1760 (63)
2941 1683 3088 1748 ὄντες
3119 1685 3207 1741 καὶ
3240 1685 3523 1756 αὑτοὶ,κᾶν
3553 1682 3787 1742 Οὑαλεν-

2139 1783 2284 1838 τῖνος
2315 1776 2404 1830 καὶ
2439 1776 2696 1851 Μαρκίων
2735 1776 2822 1830 καὶ
2870 1772 3192 1846 Βασιλείδης
3251 1779 3473 1830 τοιαῦτα
3523 1777 3784 1851 φρονῶσι,

2140 1868 2227 1921 καὶ
2279 1867 2432 1940 ὑμεῖς
2480 1865 2694 1920 ἐκείνων
2743 1865 2985 1935 ζηλωταὶ
3033 1864 3333 1941 τυγχάνητε
3381 1865 3494 1939 (64)
3523 1883 3536 1895 °
3579 1861 3703 1918 οὑδὲ
3756 1865 3784 1918 6

2143 1955 2327 2024 ἥλιος,
2359 1955 2560 2028 κτίσμα
2591 1954 2688 2027 ὣν,
2723 1957 2937 2026 ποιήσει
2968 1955 3099 2009 ποτὶ
3127 1955 3188 2009 τὸ
3223 1955 3298 2027 μὴ
3331 1955 3390 2008 ’ὸν
3421 1953 3494 2015 εἷς
3525 1953 3588 2008 τὸ
3619 1952 3784 2008 εἶναι·

2141 2043 2266 2100 οὑδὲ
2297 2046 2578 2118 ἄνθρωπος
2610 2041 2894 2114 ἄνθρωπον
2931 2043 3125 2099 πλάσει
3163 2046 3294 2115 (65),
3328 2041 3452 2098 οὑδὲ
3501 2041 3654 2106 λίθος
3702 2041 3787 2098 λί-

2142 2136 2232 2188 θον
2269 2134 2566 2205 ἐπινοήσει,
2600 2130 2724 2188 οὑδὲ
2767 2132 2924 2204 ξύλον
2977 2132 3135 2204 ξύλον
3174 2133 3412 2202 αὑξήσευ
3440 2129 3566 2187 ἀλλ’
3599 2132 3626 2186 6
3658 2132 3787 2193 Θεὸς

2147 2224 2240 2297 μὲν
2276 2225 2414 2278 ἐστιν
2476 2224 2504 2277 6
2548 2223 2800 2278 πλάσσων
2849 2223 2900 2276 ἐν
2954 2222 3139 2293 κοιλίᾳ
3197 2223 3503 2296 ἄνθρωπον,
3537 2222 3625 2276 καὶ
3685 2215 3786 2296 ὅρη

2141 2313 2327 2382 τιθεὶς,
2377 2312 2466 2366 καὶ
2518 2311 2678 2382 ξύλον
2714 2312 2998 2385 μηκύνων·
3038 2313 3066 2366 6
3118 2309 3174 2366 δὶ
3232 2309 3513 2385 ἅνθρωπος
3563 2310 3790 2380 ἐπιστή-

2148 2424 2254 2476 μης
2287 2401 2359 2455 ῶν
2393 2399 2658 2470 δεκτικὸς,
2690 2401 2887 2472 ταύτην
2923 2404 3029 2474 (66)
3057 2402 3154 2470 τήν
3185 2399 3322 2469 ὕλην
3359 2399 3636 2471 συντίθησι
3697 2399 3788 2454 καὶ

2150 2490 2588 2567 μεταρῥυθμίζει,
2644 2490 2733 2545 καὶ
2789 2491 2855 2545 τά
2913 2486 3039 2545 ὅντα
3086 2489 3382 2566 ἐργάζεται,
3443 2489 3519 2552 ὡς
3581 2487 3785 2561 ἔμαθεο

387 2605 476 2638 και
543 2584 739 2657 ἀγαπᾷ,
772 2580 854 2636 ὅτι
912 2579 1073 2654 μόνον
1130 2581 1354 2657 γὲγονε’
1405 2583 1504 2652 τήν
1558 2603 1618 2637 τε
1674 2581 1828 2662 φύσιν
1890 2579 2258 2658 ἐπιγινώσκων
2314 2581 2413 2649 τήν
2465 2582 2577 2653 (67)
2630 2581 2843 2648 ἑαυτοῦ,
2903 2578 2990 2634 ἐάν
3047 2601 3192 2641 τινος
3251 2575 3459 2649 δέηται,
3512 2579 3603 2632 τὸν
3660 2577 3787 2632 Θεὸν

387 2669 524 2727 οἶδεν
559 2670 743 2728 αίτεῖν.

457 2765 546 2818 22.
575 2763 773 2836 Itaque
805 2763 852 2819 si
886 2765 1034 2818 Deus
1060 2779 1289 2835 quoque
1314 2763 1438 2834 ipse
1459 2779 1526 2817 ex
1549 2762 1793 2818 materia
1824 2779 1916 2819 res
1952 2763 2032 2818 fa-

382 2869 510 2909 cere
535 2858 590 2908 et
611 2869 958 2925 componere
982 2853 1212 2907 dicatur
1233 2868 1246 2907 :
1270 2851 1390 2906 hinc
1411 2870 1552 2907 sane
1574 2852 1862 2908 sententia
1883 2854 2032 2908 Gen-

381 2942 574 2997 tilium
603 2951 708 3012 est,
735 2941 1078 3012 artifexque,
1099 2959 1214 2996 non
1235 2945 1429 2995 autem
1454 2942 1688 2996 effector
1716 2942 1826 2996 erit
1856 2941 2029 2996 Deus.

383 3031 688 3086 Materiam
739 3037 937 3086 tamen
985 3031 1096 3086 hoc
1147 3031 1317 3085 modo
1347 3031 1602 3084 Verbum
1652 3032 1761 3086 Deo
1794 3031 2031 3101 jubenti

327 3165 331 3169 .
383 3120 727 3175 ministrans
777 3120 1009 3175 efﬁciat.
1043 3121 1150 3175 Sed
1205 3120 1252 3174 si
1286 3135 1354 3174 ea
1405 3137 1530 3192 quae
1577 3137 1692 3175 non
1742 3128 1897 3186 sunt,
1933 3137 2034 3192 per

381 3208 686 3280 proprium
717 3208 973 3263 Verbum
1001 3213 1168 3262 vocat
1193 3213 1256 3263 ut
1276 3209 1430 3262 sint:
1459 3213 1612 3263 certe
1634 3208 1886 3264 Verbum
1915 3226 2030 3264 non

383 3301 472 3352 est
495 3297 648 3351 inter
670 3314 737 3350 ea
759 3314 885 3368 quas
918 3314 1032 3350 non
1057 3302 1195 3351 sunt
1220 3302 1278 3352 et
1306 3302 1606 3364 vocantur,
1641 3313 1711 3351 ne
1733 3296 1892 3351 aliud
1925 3314 2032 3352 no-

2213 2761 2300 2815 22.
2337 2757 2399 2813 Ei
2463 2759 2556 2831 μὶν
2605 2756 2696 2812 06v
2741 2756 2829 2812 καὶ
2864 2759 2890 2813 6
2921 2757 3050 2819 Θεὸς
3103 2756 3154 2827 ἑξ
3203 2754 3340 2827 ὕλης
3383 2754 3519 2809 ἐστὶν
3567 2754 3789 2831 ἐργαζό-

2147 2869 2304 2920 μενος
2337 2847 2426 2902 καὶ
2453 2847 2736 2915 συντιθείς,
2767 2845 3090 2917 Ἑλληνικὸν
3151 2846 3244 2919 μὲν
3307 2847 3418 2918 (68)
3459 2846 3522 2899 τὸ
3580 2845 3790 2922 φρόνη-

2147 2958 2240 3009 μα,
2273 2937 2360 2991 καὶ
2390 2936 2668 3012 τεχνίτης,
2699 2936 2760 2990 οὑ
2792 2936 3028 3004 ποιητὴς
3061 2935 3119 2988 ἃν
3149 2933 3382 3006 κληθείη
3427 2935 3454 2988 ὁ
3486 2934 3632 2995 Θεός.
3666 2936 3787 3009 Ἑρ-

2139 3024 2380 3100 γαζέσΟω
2411 3029 2520 3098 (69)
2554 3024 2610 3080 δὲ
2641 3023 2792 3097 ὅμως
2826 3023 2968 3078 οὕτω
2998 3024 3094 3092 τήν
3129 3022 3265 3094 ὕλην
3322 3024 3349 3077 6
3392 3021 3568 3098 Λόγος
3621 3043 3790 3097 προσ-

2138 3113 2464 3186 ταττόμενος
2493 3114 2583 3168 καὶ
2618 3113 2898 3189 ὑπουργῶν
2931 3117 3008 3184 τῷ
3038 3117 3172 3184 Θεῷ.
3207 3111 3268 3166 Ei
3302 3109 3359 3166 δὲ
3406 3112 3472 3166 τὰ
3519 3111 3619 3166 οὑκ
3661 3106 3790 3165 ὄντα

2139 3202 2298 3257 καλεῖ
2329 3200 2416 3257 διὰ
2443 3207 2540 3256 106
2575 3199 2712 3256 ἰδίου
2746 3199 2920 3276 Λόγου
2953 3201 3026 3263 εἰς
3071 3199 3134 3256 16
3184 3201 3340 3271 εἶναι,
3373 3201 3471 3255 οὑκ
3513 3196 3621 3254 ἔστι
3680 3204 3784 3254 τῶν

2142 3291 2220 3362 μὴ
2255 3286 2423 3345 ὄντων
2456 3291 2544 3345 καὶ
2587 3289 2940 3363 καλουμένων
2971 3290 2997 3344 6
3027 3289 3226 3365 Λόγος,
3251 3288 3344 3345 ’ίνα
3400 3291 3474 3362 μὴ
3533 3287 3622 3343 καὶ
3679 3283 3788 3343 ἕτε-

382 3385 472 3439 bis
495 3385 872 3454 quaerendum
891 3385 968 3438 sit
993 3386 1378 3455 Verbum,per
1403 3387 1555 3456 quod
1581 3385 1736 3440 istud
1759 3391 2029 3441 vocatum

2149 3400 2237 3456 ρον
2295 3379 2466 3455 Λόγον
2531 3384 2803 3452 ζητῶμεν,
2839 3376 2908 3434 δι’
2936 3379 2996 3434 06
3055 3379 3144 3434 καὶ
3207 3379 3362 3441 οὗτος
3391 3381 3503 3453 (70)
3554 3377 3781 3448 ἰκληθη·

383 3473 578 3528 fuerit.
612 3473 756 3526 Nam
794 3472 981 3527 Verbo
1032 3473 1230 3528 omnia
1279 3473 1429 3528 facta
1459 3479 1617 3529 sunt.
1651 3474 1812 3539 Quod
1856 3475 1903 3529 si
1935 3491 2034 3545 per

381 3561 641 3616 Verbum
669 3567 814 3616 Deus
838 3578 928 3616 res
951 3567 1106 3616 creat
1135 3568 1191 3617 et
1212 3562 1366 3627 facit,
1398 3562 1593 3632 ipsum
1627 3564 1882 3633 profecto
1914 3581 2028 3619 non

384 3655 473 3704 est
503 3666 532 3703 e
565 3649 739 3704 rebus
762 3649 972 3704 creatis
993 3655 1051 3703 et
1075 3649 1261 3712 factis,
1297 3649 1397 3704 sed
1425 3649 1620 3720 potius
1652 3649 1748 3704 Dei
1782 3649 2034 3704 creantis

385 3737 639 3793 Verbum
693 3743 803 3803 est,
836 3739 988 3809 quod
1024 3738 1201 3793 etiam
1235 3754 1303 3792 ex
1351 3737 1539 3793 Patris
1577 3737 1874 3809 operibus,
1909 3756 2033 3809 qua:

385 3827 579 3899 ipsum
615 3826 868 3882 Verbum
903 3827 1062 3896 facit,
1096 3827 1490 3897 cognoscitur,
1525 3826 1803 3897 quoniam
1839 3827 2033 3899 ipsum

385 3921 474 3971 est
505 3917 561 3970 in
596 3916 845 3985 Patre,et
877 3915 1046 3970 Pater
1077 3916 1133 3969 in
1168 3919 1322 3980 eo,et
1353 3914 1453 3986 qui
1486 3915 1680 3986 ipsum
1711 3915 2036 3981 vidit,vidit

387 4009 617 4060 Patrem
653 4005 720 4070 ¹²,
755 4004 826 4058 ob
881 4008 1102 4058 natura;
1151 4002 1371 4058 scilicet
1412 4005 1823 4075 proprietatem
1875 4023 2036 4060 sum-

389 4109 666 4165 mamque
703 4091 825 4146 Filii
860 4093 916 4146 in
967 4092 1242 4146 omnibus
1272 4092 1419 4146 387
1467 4108 1598 4146 cum
1634 4092 1798 4147 Patre
1831 4093 2035 4148 simili-

385 4183 671 4237 tudinem.
691 4181 990 4245 Quomodo
1023 4180 1220 4250 itaque
1250 4195 1342 4235 res
1377 4197 1477 4250 per
1506 4180 1702 4250 ipsum
1731 4180 2036 4248 creat,nisi

385 4272 516 4340 ejus
549 4269 625 4325 sit
647 4269 896 4324 Verbum
931 4273 988 4324 et.
1034 4268 1379 4338 Sapientia?
1400 4270 1698 4334 Quomodo
1731 4287 1862 4326 vero
1903 4270 2038 4326 Ver-

392 4360 526 4414 bum
559 4363 616 4412 et
645 4357 942 4428 Sapientia
965 4357 1151 4429 possit
1171 4357 1384 4423 esse,si
1413 4357 1541 4427 ejus
1567 4362 1784 4413 naturae
1819 4376 1933 4414 non
1965 4360 2040 4416 sit

386 4447 542 4503 fetus
565 4445 856 4518 preprius,
877 4446 980 4502 sed
1002 4461 1069 4501 ex
1089 4443 1272 4501 nihilo
1291 4461 1523 4517 quoque
1543 4445 1728 4502 factus
1759 4447 1884 4520 ipse
1915 4449 1992 4504 sit
2015 4447 2040 4504 ἓ

363 4543 368 4547 ’
465 4555 509 4590 ¹²
535 4553 702 4609 Joan.
736 4568 848 4620 xxv,
883 4553 968 4623 10,
999 4553 1053 4608 9.

481 4660 572 4730 60)
605 4657 856 4714 Felckm.
894 4660 942 4724 4,
973 4657 1258 4730 κτίσματα.

481 4661 552 4714 60
605 4660 856 4714 Felckm.
894 4660 942 4724 4,
973 4660 1258 4730 κτίσματα.

460 4660 572 4804 itit)
604 4732 962 4804 Sic_Seguer.
1021 4731 1249 4804 Gobler.
1281 4731 1558 4804 _Felckm.
1596 4735 1618 4790 1
1655 4738 1711 4790 et
1741 4735 1790 4789 4.
1825 4738 1896 4790 At
1939 4733 2039 4790 alii

390 4809 445 4860 et
467 4797 634 4869 editi,
669 4797 924 4865 δύνασθαί
955 4822 1085 4856 ποτε
1115 4802 1202 4855 καὶ
1236 4801 1386 4860 αὑτά.

461 4878 567 4946 (62)
595 4875 686 4931 Sic
743 4880 981 4947 Seguer.
1032 4877 1270 4947 (Gobler.
1313 4875 1626 4947 Felckm._1
1663 4881 1720 4947 et
1749 4878 1802 4932 4.
1836 4878 2034 4933 Caeteri

389 4943 526 5021 vero
556 4943 614 5002 et
642 4943 959 5017 σῶα-οὕτε
986 4946 1496 5021 γέγραπτᾳιτοὺτο,
1528 4943 1649 5000 οὕτε
1691 4944 1911 5021 δυνατὸν
1943 4951 2032 5016 ἦν.

463 5020 574 5092 (63)
604 5025 838 5092 Seguer.
879 5018 1108 5092 Gobler.
1168 5019 1420 5076 Felckm.
1458 5021 1480 5074 1
1546 5025 1604 5075 et
1661 5021 1712 5090 4,
1744 5018 2030 5092 κτίσματα.

388 5091 499 5146 Alii
532 5095 587 5145 et
614 5091 772 5157 editi,
807 5090 1028 5163 κτίσμα.

461 5163 694 5244 (6ft)__Sic
722 5161 959 5244 Seg'uer'.
1007 5162 1237 5220 Gobler.
1285 5161 1540 5218 Felckm.
1575 5163 1599 5217 1
1637 5166 1694 5218 et
1722 5164 1778 5220 4.
1820 5166 1892 5220 At
1938 5163 2036 5220 alii

389 5239 445 5289 et
475 5233 636 5297 editi,
669 5233 979 5306 τυγχάνετε.

461 5307 574 5377 (65)
607 5302 856 5377 Eelclrm.
913 5307 969 5377 4,
1005 5302 1279 5377 ,πλάσσειτ
1341 5306 1477 5377 Mox
1515 5310 1788 5377 (Seguerq
1847 5303 1972 5359 ἀλλ’
2009 5305 2035 5359 6

392 5373 519 5437 Θεὸς
545 5373 673 5452 -Ἀμλὲν
699 5375 868 5452 ’ἐστιν
903 5375 930 5430 6
962 5373 1241 5452 71)\1'0c_rwv_
1262 5374 1320 5430 ἐκ
1375 5374 1560 5452 κοιλία
1592 5373 1893 5452 ἄνθρωπον.
1917 5377 2038 5452 ‘Alii

394 5454 450 5521 et
494 5445 657 5521 editi,
689 5445 833 5502 ἀλλὰ
890 5448 1017 5510 Θεὸς
1079 5447 1171 5521 μὲν
1225 5446 1364 5503 ἐστιν
1394 5448 1421 5502 6
1451 5445 1703 5504 πλάσσων
1739 5448 1797 5504 ἐκ
1825 5445 2039 5511 κοιλίας

392 5518 482 5574 τὸν
505 5516 822 5594 ,ἄνθρωπρκη

466 5592 580 5676 ίίξίξί
608 5590 858 5676 Each"
892 5592 944 5676 1‘:
978 5590 1214 5676 ταύτὩῖ..
1259 5663 1278 5676 .
1301 5664 1315 5676 .
1451 5662 1484 5676 ..
1513 5662 1525 5676 .

493 5664 584 5734 67)
615 5667 683 5719 Se
730 5681 849 5720 uer.
872 5663 970 5716 τίν
1006 5663 1419 5719 omittit.1dsm
1449 5663 1664 5748 ibidem
1699 5663 2038 5748 etogoblerq

399 5663 654 5792 Feickm.
688 5680 724 5791 ἵ
752 5741 808 5792 et
836 5737 890 5806 4,
923 5697 1008 5791 ίάν
1034 5755 1180 5797 τινος
1207 5730 1413 5804 δίηται.
1441 5736 1590 5792 Edltl
1619 5741 1674 5792 et
1705 5735 1822 5807 alii,
1856 5734 1918 5789 ἂν
1965 5754 2043 5790 τι·

2145 3467 2304 3545 Λόγῳ
2355 3470 2455 3544 γὰρ
2513 3468 2578 3524 τὰ
2625 3469 2724 3523 οὑκ
2799 3464 2925 3524 ὄντα
2999 3467 3202 3544 γέγονε.
3264 3467 3361 3523 Καὶ
3420 3468 3462 3523 εἰ
3525 3464 3571 3522 δ’
3620 3466 3785 3522 αὑτοῦ

2139 3557 2307 3626 κτίζει
2337 3558 2425 3612 καὶ
2457 3558 2737 3629 ποιεῖ,οὑκ
2767 3554 2874 3613 ἔστι
2904 3563 3007 3612 τῶν
3040 3558 3371 3632 κτιζομὲνων
3403 3557 3492 3612 καὶ
3523 3555 3787 3629 ποιουμέ-

2141 3669 2246 3702 νων
2282 3647 2460 3710 αὑτός·
2499 3647 2643 3703 ἀλλὰ
2677 3646 2889 3721 μᾶλλον
2935 3652 3033 3703 106
3090 3646 3370 3716 κτίζοντος
3429 3651 3562 3701 Θεοῦ
3616 3645 3791 3721 Λόγος

2144 3735 2303 3809 ἐστὶν,
2337 3736 2481 3798 ὅστις
2541 3736 2630 3791 καὶ
2691 3735 2749 3791 ἐκ
2802 3743 2908 3791 τῶν
2965 3733 3138 3813 ἔργων
3182 3741 3280 3792 106
3310 3736 3544 3812 ΙΙατρὸς,
3577 3735 3651 3789 ὧν
3683 3736 3796 3808 (71)

2145 3825 2302 3880 αὑτὸς
2367 3824 2394 3878 6
2453 3820 2620 3901 Λόγος
2701 3824 3003 3900 ἐργάζεται,
3064 3826 3406 3900 γινώσκεται,
3475 3823 3556 3878 δτι
3635 3822 3794 3883 αὑτὸς

2145 3913 2197 3968 ἐν
2254 3918 2332 3986 τῷ
2389 3915 2560 3987 ΙΙατρί
2620 3912 2752 3981 ἐστι,
2812 3915 2902 3969 καὶ
2949 3915 2976 3970 6
3039 3916 3228 3990 Πατὴρ
3282 3913 3331 3968 ἐν
3393 3914 3560 3985 αὑτῷ,
3615 3910 3704 3966 καὶ
3768 3910 3795 3965 6

2146 4003 2401 4078 ἑωρακὼς
2463 4003 2619 4058 αὑτὸν
2687 4004 2893 4078 ἑώρακε
2947 4004 3036 4058 τὸν
3094 4002 3331 4075 Πατέρα,
3393 3999 3480 4056 διὰ
3534 4001 3597 4056 τὸ
3648 3997 3791 4054 ’ίδιον

2144 4099 2243 4162 τῆς
2301 4092 2483 4154 οὑσίας
2541 4092 2631 4147 καὶ
2695 4094 2795 4162 τὴν
2871 4093 3004 4148 κατᾶ
3078 4092 3251 4148 πάντα
3337 4085 3638 4165 ὁμοιότητα
3693 4092 3791 4144 106

2146 4181 2274 4234 Υἱοῦ
2330 4181 2464 4256 πρὸς
2519 4181 2612 4236 τὸν
2669 4183 2900 4258 ΙΙατὲρα.
2937 4184 3059 4244 Πῶς
3121 4179 3213 4237 οὖν
3277 4178 3345 4236 δι’
3388 4181 3552 4235 αὑτοῦ
3598 4177 3790 4248 κτίζει,

2149 4269 2194 4324 εἷ
2232 4270 2308 4342 μὴ
2359 4269 2386 4324 6
2431 4269 2614 4346 Λόγος
2661 4269 2801 4325 ἐστὶν
2854 4270 3018 4326 αὑτοῦ
3061 4271 3150 4325 καὶ
3199 4272 3233 4340 ἡ
3287 4269 3458 4349 Σοφία
3487 4271 3635 4343 (72);
3671 4271 3795 4329 Ιίῶς

2150 4355 2207 4419 δὲ
2238 4358 2410 4435 Λόγος
2451 4358 2510 4414 ἂν
2557 4357 2639 4430 ε’ίη
2691 4360 2781 4414 καὶ
2817 4359 3009 4439 Σοφία,
3044 4359 3087 4414 εἴ
3121 4361 3197 4434 μὴ
3224 4357 3365 4414 ’ίδιον
3398 4359 3641 4436 γέννημα
3695 4362 3798 4426 τῆς

2152 4447 2336 4512 οὐσίας
2368 4447 2555 4520 αὑτοῦ,
2591 4447 2719 4506 ἀλλ’
2758 4448 2810 4521 ἰξ
2855 4449 2954 4506 οὐκ
2997 4445 3164 4506 ὅντων
3209 4448 3299 4505 καὶ
3348 4448 3509 4511 αὐτὸς
3557 4445 3799 4524 ἐγένετο;

2069 4667 2116 4732 D
2147 4685 2260 4733 νος,
2291 4669 2423 4731 etc.,
2458 4665 2558 4721 ubi
2591 4665 2870 4721 mendose
2916 4665 3093 4721 editio
3125 4664 3430 4730 Commel.,
3465 4659 3644 4717 δέκται
3695 4679 3797 4734 pro

2151 4734 2521 4809 δέηταιηΜοξ
2555 4743 2792 4809 Seguer.
2839 4741 2978 4809 Beg.
3023 4737 3252 4793 Gobler.
3307 4735 3562 4809 Felckm.
3594 4737 3646 4800 1,
3680 4735 3710 4788 4
3743 4739 3800 4809 et

2145 4810 2200 4880 5,
2236 4803 2297 4863 Ei
2336 4807 2428 4879 μὲν
2463 4805 2554 4860 οὖν
2584 4803 2671 4862 xuii
2705 4807 2732 4861 ὁ
2764 4803 3010 4867 ΘεόςΪΙῐι
3043 4809 3175 4864 aliis
3207 4813 3263 4863 et
3291 4809 3465 4864 editis
3495 4808 3658 4880 deest
3685 4803 3797 4880 καί.

2217 4877 2451 4962 (βωβίο
2485 4881 2728 4962 εοειιθντ
2757 4881 2988 4935 Gobler.
3022 4887 3078 4936 et
3107 4880 3360 4936 Felckm.
3394 4882 3446 4938 1.
3485 4881 3558 4934 Αι
3610 4877 3710 4934 alii
3741 4882 3799 4933 et

2147 4951 2289 5006 editi
2329 4951 2422 5022 μὲν
2457 4951 2662 5022 omittu
2676 4957 2758 5006 nt.

2218 5020 2337 5097 (69)
2367 5022 2559 5097 Basil”
2594 5021 2927 5097 ἐργάζεσθαι.
2953 5022 3094 5097 ΔΗεξᾳ
3143 5027 3340 5097 autem
3376 5022 3572 5090 verba,
3607 5020 3800 5097 Ἐργα-

2151 5089 2318 5162 ξιάθω
2377 5090 2434 5167 δὲ
2468 5089 2678 5167 ,ὅμως
2708 5094 2850 5147 οὕτω
2908 5093 3006 5160 τήν
3037 5091 3175 5162 ὕλην
3209 5093 3236 5146 6
3266 5092 3443 5167 Λόγος
3469 5089 3806 5167 προσταττόο

2151 5184 2310 5249 μενος
2337 5164 2427 5218 καὶ
2461 5164 2746 5242 ὑπουργῶν
2780 5170 2858 5238 τῷ
2891 5169 3028 5237 Θεῷ,
3062 5167 3250 5223 deleta
3297 5164 3436 5222 sunt
3466 5164 3526 5220 in
3558 5181 3667 5220 ms.
3703 5169 3799 5219 Se-

2190 5253 2409 5292 uertan.

2147 5254 2596 5380 Suggigeguer.
2630 5309 2858 5365 Gobler.
2911 5308 3166 5380 Felckm.
3198 5309 3225 5380 1
3263 5309 3401 5380 ett,
3431 5306 3610 5380 οὗτος.
3647 5305 3798 5380 Editi

2149 5375 2380 5446 et'alii,
2411 5375 2589 5440 αὑτός.
2625 5380 2754 5435 Mox
2811 5397 2978 5448 mss.,
3020 5379 3109 5434 καὶ
3167 5379 3212 5434 εί
3267 5375 3336 5432 δι’
3385 5379 3548 5433 αὑτοῦ
3606 5378 3798 5446 κτίζει.

2149 5452 2339 5508 Editio
2365 5451 2642 5508 Commel.
2676 5450 2722 5505 εί
2755 5452 2992 5508 omittit.

2241 5524 2333 5596 71)
2363 5529 2623 5596 Seguer.,
2657 5519 2758 5596 ὥν,
2784 5525 3083 5596 mendose.

2244 5591 2335 5671 7.2)
2365 5591 2700 5671 seguerian.
2734 5595 2872 5669 Reg.
2900 5595 3050 5652 Felc.
3107 5595 3164 5664 5,
3221 5591 3310 5646 καὶ
3371 5591 3564 5671 Σοφία,
3599 5591 3712 5648 Alii
3742 5596 3800 5649 et

2149 5665 2324 5738 editi,
2339 5665 2494 5736 καὶ
2524 5665 2718 5744 Σοφία.
