4076 6404
371 497 490 558 203

917 497 984 557 S.
1033 495 1462 558 ATHANASII
1505 497 1681 558 OPP.
1727 495 1928 557 PARS
1973 494 2024 554 Ι.
2057 527 2134 540 -
2164 493 2587 558 HISTORICA
2628 496 2729 557 ET
2771 493 3260 558 DOGMATICA.

3672 500 3791 560 204

373 641 611 684 necesse
643 630 752 684 est.
807 630 894 684 An
947 644 1082 685 vero
1125 629 1378 685 necdum
1412 629 1594 685 factas
1623 643 1752 686 esse
1781 627 2013 700 opinan-

2139 623 2312 690 οὕτως
2353 620 2519 696 ἀσεϐῆ
2577 623 2668 682 καὶ
2723 623 2909 702 μωρὰν
2969 623 3207 682 διάνοιαν
3236 626 3430 698 αὐτῶν,
3463 625 3578 684 οὔδ’
3610 629 3670 685 ἂν
3704 629 3796 691 ὑπ,

373 721 491 789 tur,
505 716 916 774 intermedium
927 733 1039 790 que
1056 717 1311 790 aliquem
1335 718 1529 774 adhuc
1545 715 1858 790 quaerunt?
1877 717 2026 772 Nam

2137 715 2262 786 έστη
2295 717 2362 770 τὰ
2389 710 2517 770 ὄντα
2547 717 2682 790 (26),
2720 716 2796 790 μή
2828 715 3216 792 εὑρισκομένου
3246 721 3342 772 τοῦ
3377 715 3564 792 μέσοῦ.

368 808 541 880 juxta
570 805 816 880 impiam
848 807 1002 864 hanc
1032 811 1090 862 et
1118 805 1360 864 stultam
1394 805 1629 864 illorum
1661 805 2041 877 sententiam,
2072 805 2320 863 minime
2349 806 2699 864 exsisterent
2724 807 2902 864 etiam
2931 823 3000 865 ea
3029 823 3157 880 quis
3197 808 3512 878 exsistunt,
3543 826 3678 868 cum
3702 810 3792 867 in-

374 895 697 952 termedius
727 912 843 951 non
873 895 1218 969 reperiatur.

445 985 538 1042 27.
569 987 640 1041 At
666 1001 802 1042 vero
856 985 998 1057 quid
1047 985 1330 1057 objiciant
1374 984 1696 1042 videamus.
1741 985 1908 1052 Ecce,
1939 983 2030 1039 in-

377 1073 610 1148 quiunt,
667 1079 817 1130 Deus
874 1091 980 1147 per
1038 1075 1300 1148 Moysem
1358 1074 1641 1148 populum
1701 1072 1940 1130 deduxit
1963 1089 2032 1128 ex

375 1167 642 1236 Egypto,
672 1179 777 1236 per
822 1164 1095 1219 eumdem
1140 1164 1326 1235 legem
1373 1163 1557 1230 dedit,
1589 1163 1823 1219 tametsi
1854 1161 2030 1218 homo

374 1253 504 1324 ipse
533 1256 694 1308 erat:
745 1268 812 1308 ac
871 1251 1114 1324 proinde
1165 1251 1385 1308 similia
1416 1269 1520 1325 per
1559 1251 1749 1308 simile
1783 1254 2032 1324 possunt

374 1339 522 1396 ﬁeri.
557 1339 768 1412 Utique
798 1341 1052 1396 maxime
1069 1341 1266 1396 decuit
1294 1341 1414 1396 huic
1443 1357 1543 1398 eos
1573 1341 1823 1395 latenter
1843 1338 2027 1410 loqui,

374 1445 448 1485 ne
493 1444 730 1485 summo
779 1427 1154 1486 afﬁcerentur
1185 1429 1425 1502 pudore.
1475 1430 1590 1485 Nec
1618 1429 1772 1486 enim
1807 1431 2030 1501 Moyses

375 1518 596 1574 missus
647 1522 738 1575 est
796 1518 869 1574 ad
928 1518 1270 1589 creandum,
1304 1535 1490 1590 neque
1537 1523 1721 1584 utea,
1753 1534 1880 1590 quae
1911 1533 2028 1572 non

371 1608 520 1664 891
556 1611 716 1674 sunt,
747 1611 980 1664 vocaret
1005 1611 1069 1662 ut
1091 1607 1229 1674 sint,
1254 1623 1446 1680 neque
1475 1612 1540 1664 ut
1569 1607 1837 1663 homines
1861 1605 2028 1662 simi-

371 1696 457 1754 les
481 1697 778 1763 formaret,
811 1697 912 1752 sed
945 1699 1176 1752 tantum
1202 1700 1266 1751 ut
1287 1696 1439 1774 apud
1475 1697 1755 1770 p0pulum
1787 1699 1843 1751 et
1869 1695 2026 1768 apud

371 1801 564 1858 regem
586 1786 950 1842 Pharaonem
971 1801 1309 1842 sermonum
1331 1790 1484 1842 esset
1499 1784 1870 1841 administer:
1897 1800 2025 1856 qua

372 1875 632 1948 profecto
691 1874 945 1931 multum
1006 1875 1160 1930 inter
1207 1891 1270 1930 se
1321 1873 1621 1930 differunt.
1671 1874 1815 1930 Nam
1849 1873 2026 1928 mini-

375 1969 562 2022 strare
594 1981 790 2022 rerum
815 1965 1097 2022 fectarum
1130 1969 1221 2022 est
1250 1972 1528 2037 tanquam
1561 1979 1894 2020 servorum:
1931 1979 2024 2019 res

2207 987 2296 1040 27.
2331 981 2483 1040 Ἀλλ’
2517 985 2686 1040 έκεῖνο
2716 984 3030 1064 φάσκουσιν·
3065 982 3205 1042 ’ἰδοὺ
3239 982 3305 1056 δὴ
3351 987 3443 1042 καὶ
3493 983 3583 1042 διὰ
3623 989 3790 1044 Μωυ-

2139 1072 2274 1134 σέως
2333 1071 2560 1149 ἐξήγαγε
2613 1074 2704 1128 τὸν
2768 1072 2898 1129 λαὸν
2954 1073 3006 1144 ἐξ
3053 1073 3330 1150 Αίγύπτου
3371 1074 3466 1130 καὶ
3513 1072 3585 1131 δι’
3622 1075 3790 1132 αὐτοῦ

2135 1160 2229 1214 τὸν
2259 1159 2426 1232 νόμον
2455 1158 2656 1216 δέδωκε
2684 1163 2822 1234 (27),
2851 1161 3029 1217 καίτοι
3059 1162 3150 1218 καὶ
3199 1162 3365 1219 αὐτοῦ
3417 1163 3787 1241 τυγχάνοντος

2137 1247 2460 1326 ἀνθρώπου·
2512 1249 2650 1306 ὥστε
2707 1247 2928 1306 δυνατὸν
2983 1248 3074 1306 διὰ
3118 1257 3214 1307 τοῦ
3261 1252 3458 1326 ὁμοίου
3507 1254 3575 1308 τὰ
3623 1253 3790 1328 ὅμοια

2135 1335 2394 1413 γίνεσθαι.
2453 1343 2623 1394 Τοῦτο
2680 1337 2738 1394 δὲ
2793 1337 2967 1414 λέγειν
3025 1339 3219 1404 αὐτοὺς
3280 1338 3790 1418 ἐγκαλυπτομένους

2136 1420 2386 1502 ἔπρεπεν,
2436 1423 2529 1482 ἵνα
2605 1429 2680 1501 μὴ
2759 1425 2979 1498 πολλὴν
3037 1427 3306 1506 αἶ’σχύνην
3366 1429 3787 1508 ἀπενέγκωνται.

2137 1521 2371 1586 Μωυσῆς
2415 1515 2515 1592 γὰρ
2565 1515 2628 1572 οὐ
2675 1514 3028 1594 δημιουργεῖν
3079 1517 3378 1593 ἐπέμπετο,
3410 1516 3536 1574 οὐδὲ
3590 1521 3659 1576 τὰ
3707 1523 3783 1596 μὴ

2135 1599 2264 1659 ὅντα
2285 1606 2393 1679 (28)
2419 1605 2495 1668 εἰς
2525 1605 2588 1660 τὸ
2618 1606 2750 1660 εἶναι
2779 1603 3027 1674 καλέσαι,
3045 1607 3134 1662 καὶ
3165 1606 3370 1664 πλάσαι
3397 1607 3526 1672 τοὺς
3557 1609 3784 1683 ὁμοίους

2135 1692 2476 1770 ἀνθρώπους,
2509 1692 2656 1749 ἀλλὰ
2681 1691 3000 1765 διακονῆσαι
3037 1695 3202 1770 μόνον
3239 1695 3457 1773 ῥήματα
3497 1702 3634 1774 πρὸς
3691 1700 3782 1755 τὸν

2134 1780 2266 1837 λαὸν
2320 1781 2410 1838 καί
2463 1783 2603 1859 πρὸς
2657 1783 2748 1838 τὸν
2809 1781 3037 1860 βασιλέα
3095 1787 3212 1858 (29)
3253 1787 3478 1862 Φαραώ.
3509 1790 3668 1865 Ἔχει
3727 1786 3785 1844 δὲ

2131 1875 2294 1926 τοῦτο
2321 1869 2542 1942 πολλὴν
2572 1873 2672 1942 τὴν
2694 1870 2978 1952 διαφορὰν,
3011 1872 3094 1930 ὅτι
3123 1875 3186 1930 τὸ
3221 1875 3315 1948 μὲν
3361 1872 3628 1931 διακονεῖν
3673 1881 3782 1932 τῶν

2133 1965 2376 2036 γενητῶν
2409 1961 2483 2025 ὡς
2512 1959 2724 2018 δούλων
2759 1961 2890 2016 ἐστί’
2923 1963 2986 2018 τὸ
3019 1961 3376 2039 δημιουργεῖν
3431 1961 3490 2020 δὲ
3529 1965 3619 2020 καὶ
3667 1966 3784 2021 κτί-

373 2071 507 2110 vero
538 2055 858 2128 producere
886 2058 944 2110 et
979 2070 1174 2110 creare
1216 2053 1399 2110 solius
1438 2053 1539 2108 Dei
1571 2057 1660 2108 est
1688 2051 2013 2125 propriique

2135 2056 2242 2120 ζειν
2278 2050 2443 2124 μόνου
2474 2055 2569 2106 τοῦ
2599 2055 2732 2106 Θεοῦ
2764 2050 2896 2123 ἔστι,
2927 2051 3018 2107 καὶ
3061 2057 3160 2108 τοῦ
3206 2050 3346 2107 ῗδίου
3396 2051 3560 2109 αὐτοῦ
3606 2054 3784 2132 Λόγου

374 2143 504 2215 ejus
527 2142 698 2199 Verbi
731 2150 782 2198 et
813 2141 1136 2214 sapientiae.
1181 2143 1328 2198 Hinc
1360 2157 1532 2198 nemo
1577 2141 1727 2198 alius
1757 2141 1814 2196 in
1847 2141 2025 2197 rebus

375 2231 646 2288 creandis
675 2231 930 2287 occurrit
949 2235 1154 2304 praeter
1171 2231 1362 2287 solum
1388 2231 1482 2286 Dei
1516 2230 1803 2288 Verbum:
1827 2229 2028 2286 omnia

372 2315 667 2392 siquid'em
703 2319 761 2375 in
813 2319 1106 2392 sapientia
1136 2321 1287 2376 facta
1325 2323 1464 2376 sunt
1493 2321 1560 2388 ³³,
1590 2323 1646 2375 et
1676 2319 1802 2374 sine
1831 2319 2021 2400 Verbo

370 2409 590 2466 factum
623 2414 714 2466 est
744 2409 890 2465 nihil
919 2410 983 2472 3‘,
1017 2410 1178 2476 Quod
1212 2414 1405 2466 autem
1446 2409 1520 2464 ad
1570 2423 1670 2464 eos
1715 2407 1815 2480 qui
1845 2406 2024 2462 mini-

369 2501 561 2555 strant
590 2501 966 2570 spectat,non
991 2515 1145 2555 unus
1177 2503 1349 2568 certe,
1375 2498 1473 2554 sed
1508 2513 1577 2552 ex
1598 2497 1875 2553 omnibus
1888 2495 2017 2568 plu-

364 2587 500 2644 rimi
523 2591 684 2655 sunt,
707 2603 856 2659 quos
887 2587 1165 2643 nimirum
1188 2586 1435 2643 Domino
1458 2585 1742 2658 placuerit
1763 2585 2014 2642 mittere.

361 2677 589 2734 Etenim
621 2676 791 2733 multi
824 2675 1366 2750 archangeli,multi
1389 2676 1582 2732 throni
1610 2681 1666 2732 et
1697 2679 2018 2748 potestates

363 2783 431 2823 ac
461 2765 895 2823 dominationes
925 2766 1227 2839 milliaque
1258 2764 1506 2821 millium
1541 2769 1599 2822 et
1646 2764 1840 2822 decies
1883 2765 2015 2820 mil-

363 2854 472 2912 lies
503 2856 654 2912 dena
686 2853 870 2912 millia
897 2855 1236 2912 ministrant
1265 2871 1332 2911 ac
1361 2860 1572 2928 praesto
1603 2858 1744 2911 sunt
1773 2855 1843 2910 ad
1869 2855 2014 2910 mis-

363 2947 588 3004 sionem
611 2946 677 3002 ³⁵.
709 2945 874 3002 Multi
899 2961 1128 3019 quoque
1160 2949 1301 3002 sunt
1333 2946 1626 3018 prophetae
1653 2961 1668 3001 :
1701 2946 2012 3003 duodecim

365 3041 505 3092 sunt
535 3036 674 3092 item
707 3034 980 3109 apostoli,
1011 3039 1068 3091 et
1095 3035 1334 3092 Paulus.
1365 3036 1436 3091 Et
1464 3052 1595 3093 vero
1634 3035 1761 3108 ipse
1786 3035 2013 3109 Moyses

363 3142 480 3182 non
512 3125 696 3196 solus,
715 3125 815 3181 sed
851 3127 1035 3180 Aaron
1055 3140 1188 3182 cum
1213 3141 1302 3196 eo,
1325 3141 1393 3181 ac
1414 3124 1623 3181 deinde
1653 3124 1751 3179 alii
1776 3129 2011 3197 septua-

363 3213 526 3287 ginta
555 3216 760 3268 sancto
791 3213 1012 3284 Spiritu
1048 3212 1249 3286 repleti
1271 3217 1411 3270 sunt
1439 3213 1483 3248 ³⁸
1507 3230 1520 3268 :
1547 3229 1614 3269 ac
1633 3213 1816 3285 Moysi
1838 3213 2012 3270 Jesus

363 3299 523 3356 ﬁlius
553 3301 709 3360 Nave
739 3301 1047 3368 successit,
1083 3301 1175 3356 cui
1208 3317 1544 3358 successere
1564 3302 1820 3374 judices,
1845 3302 2012 3373 judi-

363 3389 531 3446 cibus
586 3405 738 3488 veron
778 3406 893 3444 non
952 3407 1104 3446 unus
1145 3391 1246 3488 sed
1295 3389 1467 3446 multi
1500 3407 1686 3464 reges.
1721 3391 1780 3447 Si
1827 3391 2011 3464 igitur
2037 3422 2085 3488 ο

361 3482 592 3535 creatus
623 3481 678 3534 et
711 3478 898 3535 factus
929 3485 1087 3536 esset
1135 3478 1336 3550 Filius,
1369 3479 1590 3536 multos
1619 3496 1854 3553 quoque
1898 3480 2008 3536 hu-

353 3567 617 3640 jusmodi
647 3566 798 3645 ﬁlios
828 3583 959 3624 esse
984 3572 1293 3639 oporteret,
1322 3572 1385 3624 ut
1409 3567 1623 3624 multos
1653 3571 1868 3642 pariter
1882 3571 2010 3642 ejus

359 3655 592 3727 generis
647 3655 951 3712 ministros
1010 3657 1252 3714 haberet
1299 3657 1477 3722 Deus,
1509 3658 2008 3728 quemadmodum

359 3744 605 3801 aliorum
637 3761 847 3816 magna
901 3750 991 3802 est
1035 3745 1371 3802 multitudo.
1423 3746 1586 3810 Quod
1638 3746 1689 3802 si
1721 3747 1778 3802 id
1807 3763 2007 3804 verum

356 3849 471 3889 non
503 3837 612 3906 est,
646 3835 746 3890 sed
781 3850 874 3889 res
905 3833 1142 3906 quidem
1175 3839 1379 3890 (ιι-θείω
1409 3834 1608 3890 multa
1639 3839 1798 3902 sunt,
1823 3853 2008 3893 unum

356 3927 555 3978 autem
586 3926 677 3978 est
698 3923 954 3978 Verbum
985 3941 997 3992 ;
1030 3921 1160 3994 quis
1193 3938 1307 3979 non
1341 3923 1477 3979 inde
1509 3923 2008 3996 perspicitFilium

357 4011 429 4068 ab
450 4011 725 4068 omnibus
745 4011 998 4079 differre,
1013 4027 1118 4068 nec
1136 4029 1228 4067 res
1251 4017 1472 4068 creatas
1494 4012 1579 4067 illi
1597 4029 1725 4069 esse
1737 4013 2006 4085 aquales,

355 4101 454 4156 sed
512 4117 646 4156 eum
697 4101 1001 4174 pr0priuru
1052 4116 1180 4158 esse
1215 4101 1446 4156 Patris?
1487 4100 1650 4157 Unde
1673 4119 1788 4158 non
1821 4103 2010 4161 multa

353 4193 494 4244 sunt
515 4188 717 4260 Verba,
753 4191 853 4246 sed
884 4189 1074 4246 solum
1098 4207 1282 4245 unum
1317 4189 1493 4246 unius
1514 4191 1702 4247 Patris
1723 4192 2006 4265 Verbum,

351 4293 586 4350 unaque
641 4279 822 4336 unius
870 4279 971 4334 Dei
1030 4280 1224 4352 imago
1281 4284 1391 4334 est.
1445 4281 1648 4353 Atqui,
1701 4281 2004 4354 inquiunt,

351 4367 528 4424 etiam
559 4367 642 4424 sol
701 4385 856 4424 unus
906 4373 1016 4435 est,
1067 4373 1126 4424 et
1180 4373 1331 4425 terra
1362 4387 1500 4427 una.
1550 4373 1783 4428 Addant
1811 4372 2005 4429 insani

349 4472 530 4512 unam
562 4471 776 4528 aquam
809 4473 1109 4528 unumque
1143 4457 1335 4528 ignem
1378 4475 1529 4532 esse,
1563 4465 1629 4516 ut
1657 4462 1870 4518 deinde
1900 4479 2004 4519 au-

350 4545 535 4615 diant,
567 4544 894 4618 quamlibet
949 4545 1188 4618 quidem
1248 4563 1444 4604 rerum
1504 4549 1793 4608 factarum
1826 4568 2004 4608 unam

451 4715 498 4752 ³³
527 4713 680 4772 Psal.
713 4730 838 4784 cur,
870 4715 962 4772 24.
1073 4715 1120 4752 ⁸⁸
1143 4717 1314 4774 Joan.
1349 4735 1389 4788 ι,
1420 4718 1474 4774 3.

415 4895 918 4979 (26)_S_eguerian..
938 4894 1270 4979 Goblerian.
1295 4966 1306 4979 '
1327 4901 1422 4979 et”
1441 4897 1783 4979 Eelckrnan.
1835 4901 1892 4979 1,_
1934 4901 2002 4954 τὰ

344 4960 490 5044 6v1_a_.
512 4960 669 5044 'Edifl
697 4973 773 5044 _et
809 4967 969 5044 Aalii,_
1001 4965 1067 5022 τὰ
1114 4966 1332 5044 γενητά.
1385 4970 1604 5044 [bidem
1661 4973 1808 5044 Segu

342 5037 577 5110 Gobler.
617 5039 763 5110 Felc.
797 5042 822 5094 1
857 5045 915 5097 et
945 5041 996 5106 4,
1046 5037 1144 5110 τοῦ
1199 5037 1386 5110 μέσου.
1417 5041 1570 5098 Editi
1619 5048 1676 5098 et
1722 5037 1845 5110 alii,
1897 5047 1994 5098 τοῦ

347 5107 584 5181 μεσίτου.
614 5109 746 5166 Mox
776 5112 930 5170 Felc.
963 5114 1016 5181 4,
1051 5109 1169 5167 ἰδοὺ
1193 5107 1250 5168 δὲ
1280 5111 1393 5168 καί.

410 5182 790 5270 βεβερθιι.
839 5179 1069 5240 Gobler.
1117 5190 1176 5242 et
1224 5185 1375 5242 Felc.
1435 5185 1484 5256 1,
1527 5179 1747 5241 δέδωκε.
1793 5186 1992 5243 ϐᾶθιεεί

339 5256 397 5308 et
425 5251 589 5319 editi,
623 5251 814 5308 ἔδωκε.

411 5325 526 5398 (28)
557 5325 898 5398 Sgguerian.
933 5325 1073 5398 Reg.
1108 5326 1452 5398 Goblerian.
1487 5331 1552 5398 et
1592 5327 1742 5384 Felc.
1778 5329 1828 5396 1,
1863 5325 1992 5383 οὐδὲ

332 5391 530 5521 υἷ’μή
587 5391 982 5525 ἓντα.ιῌὶἱεει
1018 5391 1190 5466 ἒάὶῑὶ,
1222 5395 1346 5453 οὐδὲ
1397 5398 1474 5472 μὴ
1521 5393 1670 5456 ὄντα.
1713 5391 1866 5471 Moi,
1897 5400 1989 5478 καὶ

332 5486 374 5520 π
413 5485 557 5525 ασαι.
639 5485 734 5525 θθβ
789 5485 844 5523 In
917 5484 1111 5525 82081⁸.

332 5486 557 5537 πΑασαι,
593 5486 761 5526 deest
789 5486 844 5523 1n
878 5486 1111 5537 neguer.

401 5485 557 5537 ιασαι,
593 5485 761 5526 deest
789 5485 844 5523 1n
878 5485 1111 5540 seguer.

401 5539 517 5613 (29)
547 5541 911 5613 Seguerian.,
941 5539 1080 5613 πρὸς
1115 5537 1364 5613 βασιλέα.

549 5610 854 5695 gohlgrian
909 5610 1326 5695 et'FeLckman.
1361 5610 1479 5695 1,.οἢ
1514 5612 1606 5695 μὴ.
1630 5610 1817 5695 μόνον.

402 5683 518 5757 (31)
547 5683 640 5757 Sic
685 5684 1023 5757 Seguerian.
1076 5685 1214 5757 Reg.
1271 5683 1737 5757 Basili.AGobler.
1769 5683 1918 5757 Felc,
1954 5687 1980 5741 1

2131 5684 2180 5740 αὶ

329 5755 469 5878 egit.
499 5751 616 5812 'Alii
648 5760 706 5814 et
735 5751 873 5814 editi
905 5756 1010 5831 γάρ
1042 5751 1343 5812 omittunt.
1381 5755 1602 5814 Ibidem
1634 5756 1782 5812 Felc.
1811 5757 1863 5826 4,
1883 5751 1984 5832 ἄγ-

329 5842 364 5878 Ύ
434 5845 507 5878 οι.

329 5842 507 5898 γεΛοι.

1587 4719 1632 4755 ⁸⁸
1665 4721 1886 4779 Daniel.
1915 4739 2016 4794 vn,
2049 4723 2138 4780 10.

2132 2139 2222 2195 καὶ
2249 2147 2350 2210 τῆς
2379 2140 2591 2217 σοφίας.
2625 2141 2722 2196 Διὰ
2749 2145 2912 2197 τοῦτο
2946 2145 3080 2218 γοῦν
3113 2140 3200 2197 ἐπὶ
3235 2143 3332 2216 μὲν
3360 2147 3458 2198 τοῦ
3511 2140 3782 2220 δημιουρ-

2131 2233 2241 2305 γεῖν
2275 2228 2375 2284 οὐκ
2403 2229 2462 2284 ἄν
2489 2250 2570 2292 τις
2601 2227 2770 2285 ἄλλον
2803 2226 2974 2306 εὕροι,
2993 2231 3028 2300 ἢ
3067 2229 3230 2304 μόνον
3261 2232 3370 2304 (30)
3401 2231 3491 2286 τὸν
3522 2236 3620 2287 τοῦ
3649 2237 3782 2288 Θεοῦ

2133 2319 2330 2392 Λόγον·
2363 2319 2536 2374 πάντα
2583 2319 2684 2396 γὰρ
2743 2320 2794 2375 ἐν
2854 2319 3018 2398 σοφίᾳ
3071 2319 3274 2396 γέγονε,
3305 2321 3401 2376 καὶ
3449 2323 3626 2398 χωρὶς
3683 2328 3780 2380 τοῦ

2131 2407 2308 2484 Λόγου
2338 2406 2548 2483 ἐγένετο
2581 2405 2706 2464 οὐδὲ
2732 2405 2808 2465 ἓν.
2842 2409 2985 2485 Πρὸς
3017 2407 3076 2464 δὲ
3105 2411 3200 2472 τὰς
3233 2407 3508 2474 διακονίας
3541 2411 3649 2487 οὐχ
3678 2413 3776 2480 εἷς,

2131 2494 2258 2554 ἀλλ’
2288 2497 2348 2551 ἐκ
2375 2497 2588 2552 πάντων
2623 2495 2828 2553 πολλοί
2868 2497 3024 2568 εἰσιν,
3058 2497 3151 2560 οὓς
3211 2498 3298 2554 ἐὰν
3359 2497 3490 2574 θέλῃ
3540 2500 3774 2573 πέμπειν

2127 2586 2156 2640 6
2186 2585 2402 2660 Κύριος.
2450 2583 2661 2642 Πολλοὶ
2709 2587 2806 2660 μὲν
2852 2586 2954 2663 γὰρ
3001 2585 3334 2664 ἀρχάγγελοι
3383 2591 3518 2664 (31),
3566 2587 3775 2645 πολλοὶ

2127 2672 2184 2730 δὲ
2214 2675 2398 2751 θρόνοι
2427 2674 2518 2731 καὶ
2562 2673 2814 2748 ἐξουσίαι,
2846 2675 2935 2730 καὶ
2984 2675 3320 2752 κυριότητες,
3351 2675 3534 2753 χίλιαί
3577 2698 3638 2734 τε
3685 2697 3776 2754 χι-

2126 2761 2331 2832 λιάδες,
2381 2763 2472 2819 καὶ
2530 2763 2719 2840 μύριαι
2779 2760 3036 2840 μήριάδες
3091 2767 3460 2838 παρεστήκασι
3519 2764 3825 2843 λειτουρ-ι]

2123 2852 2364 2928 γούντων
2395 2851 2486 2908 καὶ
2517 2853 2750 2926 ἑτοίμων
2802 2853 2881 2915 εἷς
2929 2853 2992 2908 τὸ
3042 2851 3470 2919 ἀποστέλλεσθαι
3505 2857 3637 2927 (32).
3673 2857 3772 2912 Καὶ

2122 2948 2396 3020 προφῆται
2433 2941 2526 3016 μὲν
2558 2939 2786 3014 πολλοὶ,
2816 2941 2907 2996 καὶ
2937 2938 3236 2996 ἀπόστολοι
3269 2939 3327 2997 δὲ
3356 2939 3484 2998 δέκα
3526 2942 3616 3000 καὶ
3650 2941 3773 3015 δύο,
3845 2957 3848 2962 ’

2120 3031 2210 3086 καὶ
2241 3031 2269 3084 6
2301 3029 2515 3092 Παῦλος
2544 3032 2677 3104 (33)’
2709 3029 2800 3085 καὶ
2851 3035 3089 3101 Μωϋσῆς
3131 3027 3188 3086 δὶ
3239 3029 3399 3094 αὐτὸς
3457 3030 3520 3086 οὗ
3581 3031 3767 3105 μόνος,

2122 3119 2267 3176 ἀλλὰ
2311 3118 2401 3174 καὶ
2433 3120 2644 3196 ’Λαρὼν
2704 3117 2796 3174 σὺν
2860 3116 3028 3191 αὐτῷ,
3057 3119 3147 3175 καί
3207 3120 3340 3194 μετᾶ
3389 3124 3559 3176 ταῦτα
3607 3119 3772 3178 ἄλλοι

2121 3203 2497 3282 ἑϐδομήκοντα
2553 3206 2865 3282 Πνεῦματος
2941 3205 3342 3284 ἐπληρώθησαν
3417 3209 3575 3286 ἁγίου
3609 3229 3622 3243 ·
3681 3211 3776 3266 καὶ

2119 3303 2357 3368 Μωυσῆν
2415 3295 2684 3369 διεδέξατο
2737 3299 2946 3368 Ἰησοῦς
2999 3299 3028 3353 6
3085 3302 3182 3354 τοῦ
3231 3305 3403 3371 Ναυῆ,
3435 3299 3682 3354 κάκεῖνον
3720 3301 3774 3356 οἱ

2121 3387 2322 3464 κριταὶ,
2367 3385 2646 3448 κάκείνους
2689 3385 2798 3463 οὔχ
2845 3388 2944 3459 εἷς,
3002 3384 3150 3442 ἀλλὰ
3193 3386 3444 3444 πλεῖστοι
3506 3387 3770 3465 βασιλεῖς.

2123 3475 2292 3552 Εἶπερ
2347 3474 2438 3531 οὗν
2495 3475 2587 3531 καὶ
2645 3473 2847 3549 κτίσμα
2877 3477 2991 3550 (34)
3021 3478 3086 3545 ἦν
3145 3475 3235 3531 καὶ
3291 3481 3401 3532 τῶν
3453 3482 3697 3552 γενητῶν
3744 3479 3774 3534 6

2120 3567 2266 3635 Υἱὸς,
2299 3561 2405 3621 ἔδει
2435 3565 2524 3620 καὶ
2555 3561 2806 3626 πολλοὺς
2837 3563 2966 3620 εἶναι
3006 3563 3294 3628 τοιούτους
3343 3565 3516 3634 υἱοὺς,
3541 3564 3634 3622 ἵνα
3681 3569 3772 3622 καὶ

2118 3653 2366 3716 πολλοὺς
2395 3654 2676 3716 τοιούτους
2707 3647 2992 3716 διακόνους
3023 3649 3127 3731 ἔχῃ
3157 3655 3186 3710 6
3217 3655 3369 3729 Θεὸς,
3401 3655 3640 3730 καθάπερ
3677 3657 3770 3712 καὶ

2118 3743 2205 3799 ἐπὶ
2237 3747 2346 3799 τῶν
2381 3741 2566 3798 ἄλλων
2600 3741 2815 3811 πλῆθός
2857 3739 3021 3800 ἐστιν.
3053 3743 3116 3797 El
3167 3740 3226 3798 δὲ
3273 3747 3435 3799 τοῦτο
3484 3743 3584 3800 οὐκ
3631 3742 3772 3801 ἔστιν

2121 3830 2275 3906 ἰδεῖν,
2307 3830 2454 3888 ἀλλὰ
2482 3831 2547 3886 τὰ
2589 3832 2682 3905 μὲν
2731 3829 3002 3905 κτίσματα
3050 3829 3258 3902 πολλὰ,
3289 3832 3320 3888 6
3367 3829 3424 3888 δὲ
3471 3831 3643 3909 Λόγος
3691 3835 3769 3898 εἷς

2119 3921 2248 3978 ἐστι’
2290 3921 2374 3984 τίς
2423 3920 2485 3976 οὗ
2535 3925 2734 3996 συνορᾷ
2779 3920 2870 3976 καὶ
2915 3919 2976 3976 ἐκ
3022 3921 3229 3976 τούτων
3275 3923 3410 3994 (35),
3444 3919 3526 3976 δτι
3576 3923 3605 3977 6
3644 3923 3770 3986 Υἱὸς

2119 4009 2368 4082 διέστηκε
2393 4013 2501 4066 τῶν
2547 4010 2786 4077 πάντων,
2817 4009 2907 4065 καὶ
2957 4008 3018 4064 οὐ
3065 4009 3203 4086 πρὸς
3250 4009 3318 4065 τὰ
3360 4009 3625 4084 κτίσματα
3669 4013 3772 4082 τὴν

2118 4100 2359 4172 ἐξίσωσιν
2392 4097 2530 4176 ἔχει,
2565 4097 2710 4156 ἀλλᾶ
2736 4099 2873 4174 πρὸς
2933 4099 3026 4154 τὸν
3076 4099 3288 4175 Πατέρα
3329 4099 3430 4169 τήν
3480 4096 3767 4173 ἰδιότητας

2115 4192 2270 4245 Ὅθεν
2331 4187 2454 4244 οὐδὲ
2499 4186 2707 4244 πολλοὶ
2756 4187 2951 4264 Λόγοι,
2993 4185 3139 4244 ἀλλὰ
3187 4189 3349 4262 μόνος
3388 4190 3464 4252 εἷς
3511 4194 3609 4245 τοῦ
3653 4190 3772 4254 ἑνὸς

2116 4279 2326 4356 Πατρὸς
2381 4277 2558 4354 Λόγος
2627 4276 2716 4332 καὶ
2779 4277 2874 4352 μία
2927 4282 3026 4334 τοῦ
3087 4279 3204 4342 ἑνὸς
3262 4283 3398 4334 Θεοῦ
3453 4282 3562 4351 (36)
3610 4279 3772 4336 εἰκών

2117 4369 2280 4426 ἐστιν.
2311 4365 2473 4424 Ἀλλ’
2505 4365 2646 4434 ἰδοὺ,
2679 4365 2827 4446 φασὶ,
2857 4366 2947 4422 καὶ
2976 4366 3140 4437 ἥλιος
3175 4368 3338 4442 μόνος
3370 4369 3449 4432 εἷς
3475 4369 3566 4424 καὶ
3608 4371 3644 4440 ἡ
3695 4373 3768 4446 γῆ

2119 4457 2236 4534 μία.
2267 4459 2528 4536 ’Ἃφρονες
2579 4455 2883 4512 εἰπάτωσαν
2941 4455 3024 4512 ὅτι
3077 4455 3168 4511 καὶ
3229 4454 3376 4534 ὕδωρ
3405 4455 3485 4529 ἓν,
3516 4458 3609 4514 καὶ
3659 4463 3768 4534 πῦρ

2111 4546 2312 4622 ἓν,“ίνα
2370 4545 2696 4616 ἀκούσωσιν,
2727 4544 2811 4602 ὅτι
2868 4549 2976 4602 τῶν
3030 4546 3336 4623 γενομένων
3542 4543 3764 4603 ἕκαστον

2249 4721 2297 4758 ³⁸
2322 4718 2498 4775 Num.
2524 4733 2604 4789 χι,
2634 4715 2728 4774 25.

2184 4899 2295 4971 (32)
2323 4897 2418 4971 Sic
2455 4894 2809 4971 ASeguerian.
2852 4893 3186 4971 Goblerian.
3236 4895 3387 4971 Felc.
3435 4897 3459 4953 1
3493 4898 3652 4971 et}.
3689 4901 3765 4953 At

1813 4965 1996 5030 erian.

2131 4965 2210 5041 ιΙίῘ
2241 4965 2300 5041 et
2327 4968 2490 5037 editi,
2520 4965 2853 5041 λειτουργῶν
2893 4965 2984 5020 καὶ
3035 4965 3270 5038 ἑτοίμων
3321 4965 3398 5030 εἰς
3452 4967 3516 5022 τὸ
3565 4965 3766 5038 ἐξαπο-

2107 5039 2445 5104 στέλλεσθαι.

2174 5115 2289 5186 (33)
2318 5113 2411 5186 sic
2449 5111 2796 5186 Beguerian.
2848 5106 3204 5186 Goblerian.‘
3232 5108 3383 5186 Βίοις.
3438 5111 3464 5165 1
3517 5114 3576 5186 et
3598 5111 3655 5186 ﬁ.
3686 5113 3762 5186 At

2104 5179 2202 5242 alii
2235 5179 2294 5242 et
2321 5182 2486 5252 editi,
2516 5179 2607 5252 καὶ
2639 5179 2881 5242 Παῦλος.
2917 5181 3135 5236 Ibidem
3168 5180 3400 5238 Gobler.
3433 5187 3492 5238 et
3519 5181 3669 5238 Felc.
3707 5185 3758 5252 1,

2100 5255 2262 5319 αὐτὸς
2291 5255 2382 5310 καὶ
2418 5251 2627 5328 ’Δαρών
2643 5297 2656 5310 .

2193 5318 2678 5400 3/1)_Seguer_ian.,
2733 5321 2828 5400 καὶ.
2865 5319 3118 5400 κτίσμα,
3173 5326 3236 5400 et
3267 5338 3462 5400 _mox,_
3501 5318 3610 5378 ἔδει
3665 5323 3762 5379 καὶ

2097 5394 2367 5460 πολλούς.
2389 5394 2467 5454 in
2494 5397 2626 5452 aliis
2653 5400 2721 5468 οἳ.Δ
2739 5394 2936 5468 editis,
2967 5413 3056 5448 και
3089 5394 3400 5468 utrobique
3431 5394 3615 5454 deest.

2167 5473 2282 5541 (35)
2311 5469 2670 5542 Seguerian.,
2704 5464 2764 5522 ἐκ
2779 5465 3008 5542 τούτου.

2309 5536 2676 5616 Sagittarum,
2705 5537 2954 5616 τοῦ-ἑνὸς
2983 5539 3140 5616 Θεοῦ.
3173 5536 3416 5616 Editi_et
3445 5537 3549 5616 alii
3578 5539 3754 5616 ornit-

2095 5605 2229 5671 tuut
2255 5605 2670 5684 Evéqfseguer.
2720 5607 3007 5684 ἱὶξίᾁημκαὶ
3066 5605 3231 5684 ἥλιος
3282 5607 3448 5684 μόνος
3499 5609 3576 5672 εἷς
3617 5607 3752 5678 ἐστι,

2341 5684 2458 5758 μία.
2491 5679 2666 5758 Editi,
2696 5681 2797 5758 uel.
2820 5681 2848 5735 6
2874 5679 3045 5758 ἥλιος
3075 5680 3175 5750 εἴς,
3275 5681 3348 5754 γῆ
3383 5681 3502 5754 μία,

2161 5751 2278 5831 (37)
2305 5751 2452 5814 Fclc.
2490 5757 2542 5824 1,
2573 5759 2632 5813 et
2657 5753 3014 5823 Goblerian.,
3044 5751 3370 5825 γινομένων.
