4076 6334
394 349 514 410 223

950 356 1015 416 S.
1061 319 1488 421 ATHANASII
1535 361 1710 422 OPP.
1754 359 1962 421 PARS
2005 360 2056 420 Ι.
2088 390 2163 403 -
2195 355 2615 419 HISTOBICA
2657 355 2757 415 ΕΤ
2799 352 3280 416 DOGMA'I‘ICA.

3686 349 3808 410 22$

402 476 538 564 μέγα
565 485 680 543 τοῖς
711 481 1018 560 ὀφθαλμοῖς
1047 485 1232 557 αὐτοῦ,
1264 487 1401 564 πρός
1424 487 1480 544 ὅν
1513 490 1651 564 ἡμῖν
1685 489 1712 544 6
1745 486 1934 564 λόγος.
1968 485 2318 563 Δημιουργὸς
2351 483 2442 540 οῦν
2475 483 2586 540 ἐστι
2616 485 2749 558 (31),
2782 481 2872 538 καὶ
2903 481 3082 559 χωρὶς
3114 480 3276 536 αὐτοῦ
3323 479 3536 555 ἐγένετο
3573 475 3698 534 ούδὶ
3725 474 3804 548 ἓν,

398 563 526 622 οὐδὲ
557 565 777 625 δυνατόν
807 592 860 626 τι
891 572 1122 648 γίνεσθαι
1153 563 1330 652 χωρὶς
1359 577 1542 637 αὐτοῦ.

475 659 562 714 36.
595 659 711 716 Nec
739 679 874 718 vero
904 669 1210 735 quaerenda
1229 672 1321 724 est
1350 671 1496 726 ratio
1527 687 1633 726 cur
1665 669 1760 726 Dei
1789 667 2044 724 Verbum

2229 667 2316 721 36.
2350 663 2428 721 Οὐ
2459 660 2542 718 δεῖ
2591 659 2649 718 δέ
2680 666 2880 734 ζητεῖν,
2931 658 3020 716 διὰ
3067 657 3121 716 τί
3183 661 3258 734 μὴ
3317 661 3566 720 τοιοῦτος
3623 657 3653 712 6
3707 659 3806 712 τοῦ

405 764 520 803 non
573 749 684 806 tale
733 751 811 806 sit
867 753 1041 824 quale
1083 760 1390 814 nostrum:
1423 758 1901 831 quandoquidem
1935 773 2051 812 non

404 836 543 892 talis
564 844 652 895 est
673 845 821 896 Deus
843 843 1047 914 quales
1072 846 1288 913 nos,uti
1306 847 1431 918 jam
1457 847 1852 904 diximus.Nec
1871 846 2048 902 etiam

407 923 758 1000 investigare
779 933 1050 988 convenit
1069 935 1365 1005 quomodo
1407 937 1661 993 Verbum
1694 954 1762 993 ex
1791 937 1906 992 Deo
1937 939 2047 1006 est,

403 1029 592 1086 quove
625 1019 794 1074 modo
826 1019 1105 1092 splendor
1135 1023 1214 1080 sit
1241 1024 1368 1092 Dei,
1401 1031 1504 1082 aut
1537 1027 1828 1098 quomodo
1858 1024 2051 1097 gignit

396 1103 574 1174 Deus,
609 1109 812 1178 quisve
841 1108 938 1165 ille
969 1111 1047 1166 sit
1081 1113 1176 1168 Dei
1224 1113 1503 1186 gignendi
1537 1116 1766 1172 modus.
1801 1115 2052 1170 Insanus

392 1193 550 1250 enim
583 1195 634 1251 is
662 1201 751 1254 est
782 1199 1188 1270 aestimandus,
1222 1203 1322 1274 qui
1373 1205 1491 1259 ista
1521 1203 1771 1260 scrutari
1803 1221 1917 1258 non
1950 1219 2050 1258 ve-

400 1284 644 1352 rebitur,
677 1287 897 1359 quippe
927 1289 1030 1360 qui
1080 1291 1374 1348 existimet
1421 1309 1544 1349 rem
1578 1291 2048 1365 inexplicabilem

401 1374 724 1450 divinaeque
747 1381 1041 1451 propriam
1077 1388 1212 1438 natu
1223 1383 1431 1449 rae,soli
1465 1385 1580 1440 Deo
1602 1401 1668 1440 ac
1689 1383 1833 1440 Filio
1851 1382 2048 1456 cogni-

403 1467 550 1534 tam,
582 1483 754 1539 posse
781 1470 974 1527 verbis
1005 1471 1272 1544 exprimi.
1303 1473 1459 1528 Idem
1491 1474 1646 1529 enim
1679 1477 1770 1530 est
1794 1472 2049 1545 profecto

405 1569 473 1609 ac
501 1554 551 1610 si
582 1555 690 1626 ipsi
723 1561 1320 1628 qumrerent,ubinam
1353 1579 1538 1634 quove
1569 1563 1740 1618 modo
1764 1563 1842 1619 sit
1871 1563 2046 1630 Deus,

399 1649 457 1698 et
485 1645 680 1715 qualis
709 1648 786 1704 sit
819 1647 1090 1705 Pater.Ut
1119 1667 1256 1723 ergo
1284 1651 1348 1708 ie
1369 1651 1504 1708 istis
1536 1653 1708 1708 rebus
1739 1651 2047 1722 sciscitari,

399 1733 634 1790 nonnisi
666 1735 980 1808 impiorum
1006 1743 1062 1794 et
1095 1740 1274 1796 Deum
1303 1741 1701 1813 ignorantium
1725 1745 1814 1797 est
1834 1741 1937 1796 :ita
1957 1744 2047 1796 ta-

395 1818 479 1875 lia
508 1821 578 1876 de
610 1822 736 1879 Filii
765 1826 859 1880 Dei
891 1826 1267 1898 generatione
1289 1829 1504 1886 audere
1530 1829 2047 1902 indagarepeum-

401 1925 514 1982 que
543 1926 610 1966 ac
641 1911 770 1982 ejus
791 1913 1136 1986 sapientiam
1163 1922 1362 1973 nostra
1390 1922 1596 1973 natura
1622 1923 1680 1974 et
1707 1918 2048 1974 infirmitate

403 1997 618 2068 metiri,
651 2017 890 2072 prorsus
921 2005 1086 2060 nefas
1114 2010 1223 2061 est.
1278 2007 1403 2062 Non
1435 2007 1648 2063 idcirco
1681 2012 1874 2063 tamen
1907 2006 2046 2078 quid

398 2092 610 2159 przeter
635 2089 937 2147 veritatem
989 2093 1245 2166 cogitare
1291 2094 1446 2160 licet,
1480 2113 1584 2152 nec
1617 2096 1666 2151 si
1697 2095 1832 2168 quis
1862 2095 1921 2151 in
1954 2095 2048 2151 his

395 2176 772 2247 exquirendis
802 2180 1099 2250 defecerit,
1123 2183 1296 2239 debet
1325 2184 1502 2240 etiam
1535 2184 1708 2240 ﬁdem
1739 2185 2046 2256 Scriptura;

395 2263 1010 2340 derogare.Siquidem
1034 2277 1272 2342 praestat
1297 2271 1635 2330 haesitantes
1661 2272 1831 2329 silere
1861 2277 1917 2329 et
1937 2289 2050 2330 cre-

397 2350 553 2420 dere,
587 2369 766 2426 quam
800 2357 952 2414 nolle
981 2360 1216 2416 credere
1243 2361 1378 2433 quia
1400 2361 1882 2418 hassitaverimus.
1899 2362 2046 2418 Nam

398 2441 453 2496 is
484 2443 584 2514 qui
607 2442 1090 2513 haesitat,veniam
1115 2449 1311 2522 aliquo
1345 2452 1514 2508 modo
1537 2457 1725 2525 potest
1744 2452 2045 2524 consequi,

400 2536 708 2604 prapterea
732 2539 908 2606 quod,
939 2540 1172 2595 tametsi
1207 2545 1504 2597 scrutatus
1545 2546 1652 2610 est,
1684 2545 1879 2596 tamen
1911 2557 2048 2597 con-

402 2619 640 2690 quievit.
672 2622 778 2687 Qui
813 2629 1009 2681 autem
1060 2628 1198 2699 quia
1243 2628 1370 2700 ipse
1400 2629 1649 2699 haesitat,
1680 2646 1748 2685 ea
1777 2645 1904 2701 qua:
1938 2629 2046 2684 mi-

403 2708 560 2764 nime
590 2709 798 2766 decent
829 2714 1006 2769 audet
1033 2716 1422 2787 comminisci,
1457 2722 1632 2790 atque
1662 2717 1905 2790 indigna
1939 2723 2048 2774 Deo

395 2793 914 2868 loquitur,nullam
946 2801 996 2857 is
1028 2804 1286 2875 profecto
1305 2807 1654 2862 temeritatis
1681 2823 1798 2862 suae
1819 2806 2046 2862 veniam

391 2885 968 2962 obtinebit.Namque
994 2891 1052 2946 in
1088 2893 1246 2949 hisce
1269 2894 1724 2950 difficultatibus
1750 2900 1942 2968 potest
1961 2911 2046 2950 so-

394 2973 603 3032 latium
637 2976 874 3050 aliqucd
907 2997 976 3035 ex
1004 2980 1220 3037 divinis
1253 2982 1487 3039 haurire
1521 2984 1955 3056 Scripturis,ita
1985 2988 2051 3040 ut

401 3080 528 3134 qua:
547 3067 765 3138 scripta
777 3069 1608 3144 suntrecteintelligat,nostru
1619 3089 1794 3144 mque
1807 3073 2047 3129 verbum

404 3150 618 3208 habeat
636 3154 825 3210 instar
843 3158 1096 3230 exempli
1127 3164 1184 3215 et
1212 3160 1587 3232 imaginis.Ut
1615 3162 1772 3216 enim
1802 3161 2045 3218 verbum

404 3243 669 3296 nostrum
707 3259 775 3298 ex
817 3245 986 3300 nobis
1033 3251 1142 3318 est,
1175 3264 1282 3304 nec
1311 3247 1547 3321 aliquod
1597 3254 1686 3306 est
1711 3265 1860 3321 opus
1888 3255 2050 3307 extra

400 3346 508 3385 nos
541 3331 867 3398 factum,ita
896 3340 954 3389 et
982 3336 1084 3391 Dei
1113 3337 1362 3394 Verbum
1388 3339 1684 3412 pr0prium
1711 3357 1779 3396 ex
1807 3340 1906 3396 illo
1927 3346 2040 3408 est,

2161 757 2295 808 Θεοῦ
2326 751 2498 828 Λόγος
2548 751 2661 813 οἶος
2709 751 2798 806 καὶ
2848 751 2876 806 6
2918 748 3208 824 ἡμέτερος·
3242 745 3357 802 ἐπεὶ
3389 747 3466 819 μὴ
3495 748 3744 806 τοιοῦτος
3777 745 3806 799 6

2161 843 2290 905 Θεὸς
2341 841 2448 898 οἶοι
2499 839 2588 895 καὶ
2641 842 2828 913 ἡμεῖς,
2875 839 2949 902 ὡς
2997 835 3320 914 προείρηται
3359 838 3492 910 (32)*
3525 833 3650 890 ἀλλ’
3681 830 3808 888 οὐδὲ

2159 931 2354 1007 πρέπει
2415 935 2594 1000 ζητεῖν
2652 933 2770 992 πῶς
2821 927 2880 983 ἐκ
2924 931 3022 983 τοῦ
3067 930 3204 981 Θεοῦ
3251 925 3389 980 ἐστιν
3442 924 3471 978 6
3515 921 3706 1000 Λόγος,
3766 921 3804 992 ἢ
3880 996 3886 1001 ἢ

2159 1025 2280 1083 πῶς
2312 1017 2642 1096 ἀπαύγασμά
2671 1018 2781 1074 ἐστι
2809 1021 2907 1073 τοῦ
2937 1021 3092 1090 Θεοῦ,
3124 1017 3160 1086 ἢ
3201 1019 3320 1077 πῶς
3366 1017 3526 1091 γεννᾷ
3571 1013 3600 1067 6
3651 1011 3806 1084 Θεὸς,

2165 1111 2254 1166 καὶ
2322 1109 2403 1172 τίς
2447 1111 2476 1164 6
2522 1109 2723 1185 τρόπος
2768 1114 2870 1178 τῆς
2917 1111 3013 1162 τοῦ
3041 1109 3174 1161 Θεοῦ
3201 1105 3520 1182 γεννήσεωςο
3558 1101 3806 1176 μαίνοιτο

2159 1201 2263 1276 γᾶρ
2319 1199 2377 1254 ἂν
2429 1219 2514 1261 τις
2561 1201 2786 1254 τοιαῦτα
2828 1195 3092 1270 τολμῶν,
3149 1193 3230 1250 ὅτι
3285 1193 3509 1270 πράγμα
3571 1190 3804 1268 ἄῤῥητον

2157 1289 2249 1344 καὶ
2281 1287 2491 1366 φύσεως
2553 1284 2692 1342 ξ’διον
2743 1289 2897 1357 Θεοῦ,
2956 1283 3106 1360 μόνῳ
3151 1305 3211 1338 τε
3260 1281 3407 1355 αὗτῷ
3453 1280 3542 1338 καὶ
3589 1285 3668 1353 τῷ
3696 1281 3808 1353 Γιῷ

2157 1377 2582 1454 γινωσκόμενον,
2638 1375 2781 1446 ἀξιοῖ
2809 1373 3001 1450 λόγοις
3049 1371 3179 1428 αὐτὸ
3225 1374 3338 1447 (33)
3385 1370 3806 1448 έρμηνευθῆναιο

2158 1463 2272 1522 ἴσον
2320 1467 2421 1542 γάρ
2471 1465 2580 1520 ἐστι
2629 1463 2757 1527 τοὺς
2797 1461 3081 1525 τοιούτους
3113 1467 3309 1534 ζητεῖν,
3341 1465 3447 1515 ποῦ
3477 1460 3504 1514 ὁ
3535 1460 3687 1528 Θεὸς,
3715 1457 3804 1513 καὶ

2157 1563 2274 1620 πῶς
2305 1558 2447 1612 ἔστιν
2479 1556 2507 1612 ὅ
2569 1557 2721 1627 Θεὸς,
2773 1554 2860 1610 καὶ
2909 1551 3153 1615 ποταπὸς
3202 1555 3312 1625 (34)
3361 1550 3501 1606 ἐστιν
3532 1551 3560 1606 6
3592 1549 3802 1622 Πατήρ.

2159 1644 2316 1702 Ἀλλ’
2379 1642 2559 1718 ὥσπερ
2611 1643 2674 1699 τὸ
2730 1647 2951 1699 τοιοῦτο
2999 1641 3202 1719 ἐρωτᾷν
3265 1635 3453 1702 ἀσεϐές
3521 1636 3653 1708 ἐστὶ,
3713 1638 3803 1692 καὶ

2159 1733 2500 1810 ἀγνοούντων
2559 1733 2651 1788 τὸν
2685 1732 2835 1801 Θεὸν,
2893 1731 3038 1786 οὕτω
3065 1732 3153 1787 καὶ
3198 1728 3260 1786 ού
3308 1728 3464 1804 Θέμις
3509 1725 3634 1784 οὐδὶ
3679 1725 3802 1800 περὶ

2153 1831 2255 1894 τῆς
2313 1828 2409 1880 τοῦ
2457 1825 2584 1878 Υῖοῦ
2632 1827 2726 1877 τοῦ
2775 1825 2908 1878 Θεοῦ
2952 1822 3253 1898 γεννήσεως
3293 1822 3516 1874 τοιαῦτα
3562 1813 3802 1890 τολμᾷν,

2157 1911 2281 1970 ούδὶ
2332 1917 2400 1979 τῆ
2449 1914 2650 1968 ἑαυτῶν
2702 1911 2853 1990 φύσει
2903 1911 2993 1966 καὶ
3043 1908 3282 1981 ἀσθενείᾳ
3327 1909 3654 1982 συμμετρεῖν
3708 1905 3800 1960 τὸν

2155 2005 2283 2058 Θεὸν
2309 2003 2400 2058 καὶ
2428 2004 2527 2072 τὴν
2557 1999 2753 2057 τούτου
2785 2000 2992 2079 σοφίαν·
3026 1997 3153 2055 ἀλλ’
3185 1994 3310 2052 οὐδὲ
3350 1994 3439 2052 διὰ
3480 1999 3642 2051 τοῦτο
3689 1995 3804 2068 (35)

2155 2091 2246 2147 καὶ
2277 2090 2422 2167 παρὰ
2467 2091 2565 2160 τήν
2610 2087 2865 2160 ἀλήθειαν
2894 2092 3034 2143 νοεῖν
3069 2088 3354 2161 προσήκει·
3389 2080 3514 2138 οὐδὲ
3542 2081 3592 2138 εἴ
3612 2083 3806 2156 ἀπορεῖ

2153 2193 2238 2235 τι)
2297 2183 2473 2249 ζητῶν
2523 2177 2647 2254 περὶ
2689 2175 2920 2248 τούτων,
2976 2174 3183 2254 ὀφείλει
3247 2172 3338 2229 καὶ
3401 2173 3641 2227 ἀπιστεῖν
3685 2173 3804 2232 τοῖς

2155 2269 2556 2346 γεγραμμένοις
2789 2263 3011 2320 Βέλτιον
3059 2264 3163 2341 γὰρ
3211 2263 3546 2339 ἀποροῦντας
3597 2263 3804 2330 σιωπᾷν

2154 2357 2246 2412 καὶ
2274 2355 2567 2425 πιστεύειν,
2621 2357 2656 2426 ἢ
2703 2355 2946 2409 ἀπιστεῖν
2993 2351 3082 2408 διὰ
3129 2353 3192 2408 τὸ
3239 2352 3461 2428 ἀπορεῖν
3492 2351 3626 2422 (3⁸7)·
3660 2346 3800 2404 διότι

2157 2447 2187 2501 6
2246 2447 2341 2520 μὲν
2399 2445 2618 2520 ἀπορῶν
2678 2440 2898 2499 δύναταί
2945 2463 3062 2504 πως
3109 2441 3199 2496 καὶ
3248 2441 3580 2516 συγγνώμην
3627 2434 3797 2514 ἔχειν,

2157 2535 2239 2592 ὅτι
2273 2535 2421 2598 ὅλως
2449 2534 2548 2590 κ’ὰν
2609 2535 2844 2606 ζητήσας
2877 2530 3199 2606 ,ἠρέμησενο
3248 2531 3276 2584 6
3335 2526 3392 2584 δὲ
3431 2526 3520 2584 διὰ
3547 2527 3610 2583 τὸ
3661 2527 3797 2582 ἀπο-

2158 2631 2266 2700 ρεῖν
2313 2627 2425 2700 (38)
2468 2623 2698 2678 ἐπινοῶν
2753 2622 2929 2693 έαυτῷ
2977 2621 3044 2675 τὰ
3076 2620 3152 2693 μή
3185 2616 3390 2688 δέοντα,
3446 2617 3536 2672 καὶ
3592 2616 3660 2672 τὰ
3721 2617 3796 2686 μὴ

2157 2711 2278 2785 ἄξια
2313 2713 2438 2789 περὶ
2487 2717 2621 2768 Θεοῦ
2671 2709 3065 2790 φθεγγόμενος,
3119 2707 3498 2783 ἀσύγγνωστον
3532 2702 3646 2784 ἔχει
3701 2712 3802 2775 τῆς

2153 2801 2371 2878 τόλμης
2416 2803 2516 2872 τήν
2567 2799 2744 2872 δίκην.
2795 2797 3019 2854 Δύναται
3081 2795 3184 2872 γὰρ
3231 2797 3321 2850 καὶ
3376 2798 3483 2850 τῶν
3540 2793 3802 2850 τοιούτων

2157 2891 2399 2969 ἀποριῶν
2453 2889 2598 2967 ἔχειν
2655 2889 2778 2944 τινὰ
2822 2885 3167 2962 παραμυθίαν
3221 2883 3282 2939 lx
3335 2888 3443 2938 τῶν
3478 2882 3635 2947 θείων
3667 2888 3803 2958 Γρα-

2157 2985 2306 3060 φῶν,
2359 2976 2496 3036 ὥστε
2559 2973 2859 3053 λαμϐάνειν
2919 2976 3012 3050 μὶν
3069 2971 3253 3036 καλῶς
3306 2972 3374 3028 τὰ
3425 2971 3798 3060 γεγραμμένα,

2155 3059 2298 3126 νοεῖν
2331 3067 2389 3125 δὲ
2419 3069 2494 3132 ὡς
2525 3068 2578 3124 έν
2609 3063 3004 3143 παραδείγματι
3061 3064 3150 3119 τὸν
3181 3062 3450 3139 ἡμέτερον
3496 3059 3683 3136 λόγον·
3717 3059 3799 3115 ὅτι

2157 3156 2338 3236 ὣσπερ
2395 3158 2552 3220 οὗτος
2610 3153 2750 3218 ἴδιος
2805 3154 2856 3226 ἐξ
2903 3156 3063 3228 ἡμῶν
3115 3151 3256 3222 ἐστι,
3313 3151 3404 3206 καὶ
3463 3149 3562 3206 οὐκ
3609 3146 3800 3236 ἔξωθεν

2155 3235 2317 3322 ἡμῶν
2365 3249 2479 3322 (39)
2533 3241 2710 3322 ἔργον,
2770 3243 2914 3299 οὕτω
2959 3242 3049 3297 καὶ
3097 3242 3125 3296 6
3154 3245 3251 3296 τοῦ
3281 3244 3415 3296 Θεοῦ
3446 3239 3625 3316 Λόγος
3656 3235 3798 3300 ἴδιός

2159 3337 2299 3392 ἐστιν
2345 3335 2396 3406 ἐξ
2443 3333 2630 3401 αὐτοῦ,
2677 3331 2767 3390 καὶ
2812 3331 2912 3388 οὐκ
2955 3329 3063 3386 ἔστι
3096 3329 3314 3403 ποίημα
3344 3325 3469 3385 οὐδὲ
3498 3328 3572 3391 ὡς
3631 3329 3658 3383 6
3687 3331 3796 3382 τῶν

395 3434 500 3473 nec
519 3435 667 3491 opus
693 3421 930 3494 aliquod
961 3429 1184 3487 est,nec
1199 3427 1374 3482 etiam
1398 3428 1556 3483 velut
1577 3428 1882 3484 hominum
1917 3447 2036 3486 ver-

2164 3425 2444 3502 ἱνθρώπων
2501 3421 2687 3501 λόγος’
2741 3421 2856 3477 ἐπεὶ
2901 3420 2992 3476 καὶ
3056 3420 3146 3475 τὸν
3201 3419 3336 3475 Θεὸν
3395 3417 3600 3494 ἀνάγκη
3654 3421 3798 3472 νοεῖν

397 3505 564 3562 bum.
595 3507 868 3574 Alioquin
919 3517 1100 3568 Deum
1131 3513 1428 3570 hominem
1461 3532 1589 3572 esse
1619 3518 1858 3574 omnino
1887 3524 2044 3574 esset

398 3593 1106 3669 intelligendumEtenim
1123 3602 1376 3674 plurima
1404 3609 1461 3660 et
1489 3606 1716 3662 diversa
1735 3607 2042 3663 hominum

404 3685 577 3740 verba
601 3687 864 3754 quotidie
885 3693 1400 3764 praetereunt,quia
1420 3693 1614 3764 priora
1645 3711 1759 3750 non
1785 3700 2044 3764 manent,

403 3774 504 3829 sed
539 3779 1102 3849 evanescunt.Cujus
1130 3780 1213 3836 rei
1244 3780 1366 3838 hac
1393 3799 1573 3838 causa
1601 3789 1708 3854 est,
1733 3785 1887 3856 quod
1917 3783 2046 3840 illo-

402 3879 530 3919 rum
566 3869 924 3936 patres,cum
944 3867 1214 3925 homines
1241 3869 1572 3934 sint,ﬂuxas
1591 3872 1806 3929 habent
1825 3879 2045 3942 aetates,

396 3951 663 4025 aliasque
694 3953 826 4010 aliis
873 3958 1258 4015 succedentes
1308 3960 1714 4032 cogitationes,
1747 3979 1814 4018 ac
1852 3961 2052 4034 qualia

393 4039 509 4114 ipsi
539 4043 800 4116 rogitant
829 4049 886 4101 et
914 4045 1296 4116 meditantur,
1333 4049 1472 4104 talia
1500 4055 1557 4104 et
1584 4049 2050 4123 loquunturzquo

399 4130 466 4185 fit
497 4135 564 4186 ut
595 4131 782 4189 multa
805 4132 1062 4192 habeant
1090 4137 1290 4204 verba,
1315 4137 1665 4211 nullumque
1695 4145 1890 4196 tamen
1921 4139 2052 4196 illo-

398 4235 532 4275 rum
568 4225 768 4290 postea
799 4223 1076 4294 supersit.
1109 4228 1252 4280 Cum
1299 4227 1457 4282 enim
1505 4227 1616 4296 bis,
1646 4228 1743 4299 qui
1792 4227 2056 4300 loquitur

395 4307 809 4375 ailuerit,899
840 4327 1043 4368 eorum
1075 4315 1276 4370 statim
1308 4316 1506 4372 deficit
1535 4316 1917 4373 verbum.Dei
1949 4334 2053 4373 au-

392 4399 518 4452 tem
548 4395 804 4454 Verbum
839 4417 1022 4456 unum
1053 4407 1112 4458 et
1143 4403 1298 4459 idem
1330 4408 1605 4476 est,et,ut
1635 4406 1922 4478 scriptum
1941 4411 2054 4476 est,

392 4483 650 4540 Verbum
683 4485 783 4542 Dei
815 4487 872 4542 in
905 4489 1187 4546 saculum
1211 4498 1514 4566 permanet
1540 4493 1608 4565 ⁸³⁸,
1641 4511 1746 4552 nec
1768 4501 2052 4567 mutatur,

472 4659 516 4697 ⁷⁸
545 4657 699 4718 Psal.
730 4677 926 4733 cxvm,
957 4662 1048 4719 89.

477 4831 966 4923 (gilSeggerian.
1001 4837 1058 4923 pt
1091 4833 1332 4923 Felc.},
1347 4835 1500 4923 7061.
1525 4835 2054 4923 ‘Iidempaulopog‘t
2081 4839 2129 4906 D

409 4903 632 5040 2:12:93,
666 4901 792 4959 οῦδὲ
823 4901 1045 4960 δυνατόν
1072 4925 1124 4960 τι
1151 4901 1413 4982 γενέσθαι.
1446 4909 1598 4966 Felc.
1626 4909 1679 4977 4,
1712 4901 1878 4978 ibid.,
1919 4901 2054 4964 ὸύδὶ

443 4991 613 5042 ητειν.

471 5045 584 5116 (32)
618 5047 1238 5129 Seguerian._et_Felc.
1295 5054 1348 5120 4,
1403 5044 1584 5128 ὥσπερ
1634 5047 1866 5127 εἶ’ρηται.
1926 5055 2053 5109 Mox

396 5115 763 5198 Segqerian.,
795 5119 882 5198 καὶ
915 5124 1039 5198 πῶς
1065 5115 1414 5198 ἀπαύγασμα.

469 5189 971 5266 (33)“ξθειιθι·ίιιη.,
1002 5189 1234 5266 ,λόγοις
1263 5189 1438 5266 αιέτόη
1473 5192 1806 5266 Goblerian.
1840 5194 1988 5252 Felc.
2026 5195 2051 5250 1

405 5256 768 5342 erg-Mysi:
800 5256 968 5342 αύτῷξ
997 5256 1149 5342 Edi'ti
1178 5272 1236 5342 et
1264 5267 1393 5342 alii_,
1425 5263 1573 5342 λόγῳ
1604 5264 1770 5342 αὐτῷ.

479 5331 594 5409 (ἓξ)
624 5331 962 5409 ξὲευριιὶοίι.
988 5336 1318 5409 Goblerian.
1340 5331 1565 5409 _Felc.'i
1599 5343 1656 5394 et
1703 5331 1754 5409 li,
1787 5333 2053 5398 ποδαπός.

613 5403 991 5475 ‘Seguerian.,
1024 5405 1150 5462 ἀλλ’
1183 5407 1244 5463 ού
1276 5405 1365 5462 διὸ,
1391 5412 1574 5464 τοῦτο.

501 5473 598 5617 36)
627 5473 775 5532 Felc.
807 5479 862 5541 5,
895 5473 1010 5541 τοῖς
1040 5478 1372 5554 γενομένοις.

507 5545 573 5617 37
631 5547 972 5617 Seguerian.
1001 5552 1141 5617 Reg.
1175 5552 1372 5609 Goblei

450 5545 598 5630 ,(ῙῙΠ)
631 5547 972 5630 Segugriap.
1001 5545 1141 5624 Reg.
1171 5545 1744 5630 Goblerian._Fel_c._l
1782 5557 1839 5610 et
1862 5555 1921 5630 ,4,
1973 5547 2062 5606 διὰ

409 5619 754 5700 τὸ¹ξιπρρξῖν.
787 5622 940 5700 Editi
970 5619 1217 5700 vero'et_
1211 5623 1331 5700 alii,
1365 5619 1542 5700 διὰτρ
1576 5619 1917 5700 μὴμάπορεῖνζ

481 5687 602 5762 (38)
623 5687 977 5765 'Seguerian.
1008 5699 1144 5768 Reg.
1175 5687 1328 5752 Felcl
1361 5697 1396 5751 4
1423 5699 1480 5751 et
1507 5697 1564 5762 5,
1577 5687 1682 5750 ’διὰ
1725 5687 1796 5752 τὸ
1819 5696 2062 5768 ἀπορεῖν.

2151 3512 2458 3592 ἄνθρωπον.
2503 3511 2650 3571 Ἰδοὺ
2678 3512 2779 3590 γὰρ
2809 3509 2973 3566 πάλιν
3002 3514 3110 3565 τῶν
3161 3509 3254 3584 μὲν
3303 3507 3602 3584 ἀνθρώπων
3655 3503 3795 3562 πολ-

2153 3605 2242 3660 λοὶ
2273 3605 2362 3660 καὶ
2395 3601 2645 3682 διάφοροι
2679 3601 2838 3678 λόγοι
2869 3599 2989 3664 καθ’
3017 3599 3228 3672 ἡμέραν
3271 3597 3661 3674 παρέρχονται,
3710 3593 3800 3650 διὰ

2151 3693 2215 3750 τὸ
2243 3693 2370 3756 τοὺς
2400 3693 2651 3769 πρώτους
2687 3692 2763 3765 μὴ
2809 3690 3005 3764 μένειν,
3052 3685 3180 3744 ἀλλ’
3232 3686 3594 3766 ἀφανίζεσθαι.
3652 3683 3805 3741 Γίνε-

2153 3803 2240 3837 ται
2273 3779 2332 3838 δὲ
2358 3779 2522 3837 πάλιν
2555 3781 2668 3856 (40)
2693 3783 2878 3846 τοῦτο,
2905 3775 3020 3832 ἐπεὶ
3068 3774 3158 3830 καὶ
3203 3776 3259 3830 οἱ
3305 3775 3514 3830 τούτων
3557 3774 3802 3850 πατέρες,

2158 3867 2431 3948 ἅνθρωποι
2477 3865 2622 3938 ὄντες
2673 3866 3090 3945 παρερχομένοις
3152 3864 3244 3938 μὶν
3305 3859 3495 3940 ἔχουσι
3543 3864 3640 3927 τὰς
3680 3860 3804 3933 ἧλι-

2157 3959 2300 4030 χίας,
2329 3961 2396 4016 τὰ
2424 3957 2483 4015 δὲ
2513 3961 2764 4033 νοήματα
2794 3954 3157 4033 έπερχόμενα’
3199 3954 3288 4009 καὶ
3319 3953 3457 4030 πρὸς
3489 3953 3524 4008 ἅ
3550 3950 3804 4028 λογίζον-

2157 4071 2245 4106 ται
2274 4049 2364 4105 καὶ
2415 4047 2820 4123 έπιλογίζονται
2875 4047 3004 4119 (41),
3052 4047 3278 4098 τοιαῦτα
3321 4041 3410 4098 καὶ
3461 4041 3798 4120 φθέγγονταιο

2162 4136 2301 4194 ὣστε
2327 4137 2418 4194 καὶ
2465 4134 2712 4198 πολλοὺς
2751 4134 2953 4210 λόγους
3004 4128 3172 4207 ἔχειν,
3227 4130 3317 4187 καὶ
3350 4132 3483 4204 μετᾶ
3509 4129 3636 4192 τοῦς
3665 4129 3807 4186 πολ-

2163 4225 2295 4290 λοὺς
2331 4224 2538 4301 μηδένα
2563 4224 2770 4282 τούτων
2802 4222 2972 4287 ὅλωςο
2998 4224 3264 4279 πέπαυται
3286 4220 3388 4297 γὰρ
3419 4221 3448 4276 6
3478 4218 3687 4290 λαλῶν,
3717 4218 3811 4274 καὶ

2165 4317 2192 4372 6
2223 4314 2386 4394 λόγος
2446 4315 2597 4378 εὐθὺς
2650 4311 2949 4386 ἀνήλωται.
2993 4314 3055 4371 Ὁ
3114 4309 3172 4366 δὶ
3212 4315 3310 4365 τοῦ
3357 4313 3490 4365 Θεοῦ
3521 4309 3702 4384 Λόγος
3733 4307 3808 4371 εἷς

2164 4406 2274 4462 ἐστι
2303 4404 2394 4462 καὶ
2453 4405 2480 4460 6
2527 4403 2707 4478 αὐτὸς,
2763 4401 2881 4474 καὶ,
2929 4402 3005 4466 ὡς
3045 4399 3362 4478 γέγραπται,
3397 4399 3425 4454 6
3481 4397 3652 4474 Λόγος
3713 4401 3811 4454 τοῦ

2167 4498 2302 4552 Θεοῦ
2332 4496 2447 4570 (42)
2478 4493 2554 4558 εἰς
2582 4493 2674 4550 τὸν
2713 4491 2886 4548 αἰῶνα
2933 4488 3197 4566 διαμένει,
3259 4491 3336 4564 μὴ
3391 4485 3811 4564 ἀλλοιούμενος,

2159 4835 2269 4894 Alii
2301 4839 2358 4892 et
2385 4833 2548 4906 editi,
2582 4828 2671 4906 διὰ
2693 4831 2756 4886 τὸ
2793 4830 2868 4906 μη
2902 4829 3144 4906 ἀπορεῖν.

2233 4908 2345 4978 (39)
2375 4896 2703 4962 Goblerian.
2739 4896 2804 4978 et
2827 4896 2956 4978 Felc
2990 4896 3040 4972 θ’,
3071 4896 3558 4978 ἔξῳθενέξήμῶν.

2235 4968 2348 5050 (40)
2379 4977 2721 5050 Βιδειιοιῆιιῐξἶ
2752 4973 2950 5050 Basili.
2984 4968 3244 5050 Anglic._
3267 4968 3600 5050 Goblerian.
3655 4968 3813 5050 Felc.

2167 5053 2194 5107 1
2315 5038 2370 5120 4,
2419 5038 2620 5124 γῗνεται
2678 5043 2738 5102 δὶ
2791 5043 2978 5100 πάλιν·
3041 5038 3246 5100 Obteri
3305 5047 3364 5098 et
3419 5042 3582 5112 editi,
3613 5038 3815 5116 γίνεται

2167 5141 2243 5175 πα
2289 5141 2357 5175 ιν.

2163 5141 2357 5177 παΛιν.

2237 5193 2351 5265 (31)
2382 5192 2477 5265 Sic
2505 5185 3094 5265 Seguerian.‘Anglie.
3129 5181 3480 5265 _G_ob‘leria_n.
3513 5181 3665 5240 Felc.
3700 5183 3726 5238 1
3759 5185 3818 5238 et

2171 5267 2220 5322 4⁶
2242 5253 2455 5320 Ἀῐέιὶὶ
2487 5270 2543 5318 et
2573 5253 2713 5320 aditi
2745 5253 3029 5318 omittuut
3055 5255 3145 5311 καὶ
3171 5253 3598 5330 ἐπιλογίζονται.

2245 5337 2357 5406 (42)
2389 5335 2729 5406 Goblerian._
2753 5337 2812 5389 et
2865 5331 3014 5387 Felc°
3071 5331 3113 5406 1
3149 5325 3431 5406 omituint
3454 5325 3690 5406 646705
3723 5326 3822 5406 τοῦ

2175 5392 2588 5477 Θεὸῦίιδὶἀεπι
2621 5409 2678 5462 et
2705 5404 2946 5477 Seguer.
2975 5417 3041 5477 ac
3071 5401 3222 5477 Felc.
3255 5400 3308 5468 4,
3341 5392 3689 5477 διαμένειίμὴ
3723 5392 3822 5477 ἀλ-

2177 5475 2526 5552 λοιούμενος,
2559 5477 2711 5552 Editi
2741 5465 2944 5552 efalii,
2973 5468 3234 5552 διαμένει,
3283 5465 3373 5552 καὶ
3427 5465 3526 5552 μὴ*
3563 5465 3824 5552 ἀλλοιού-

2180 5539 2360 5626 μεηρςῖ
2396 5539 2528 5626 Mox
2557 5549 2742 5626 ἐτέρου
2771 5539 2938 5604 deest
2985 5546 3044 5601 in
3069 5539 3438 5615 'Seguerian.
3487 5539 3822 5599 Goblerian.

2173 5626 2230 5678 et
2257 5622 2408 5678 Felc.
2443 5624 2492 5678 1.
