4076 6370
383 411 503 472 235

927 413 988 473 S.
1039 413 1464 474 ATHANASII
1511 413 1684 472 OPP.
1732 409 1935 471 PARS
1980 411 2028 469 Ι.
2060 442 2137 453 -
2167 409 2586 473 HISTORIGA
2629 411 2732 470 ET
2774 407 3256 471 DOGMATICA.

3683 411 3803 472 236

385 544 715 600 conﬁrmat.
749 543 855 598 Ubi
891 543 1046 598 cnim
1096 547 1266 598 Pater
1297 547 1406 612 est,
1439 541 1559 596 illic
1591 547 1680 596 est
1727 545 1785 596 et
1833 540 2032 608 Filius,

2154 537 2332 613 ὥσπερ
2365 539 2399 593 ἃ
2429 540 2456 594 ὁ
2481 541 2670 614 Πατὴρ
2702 535 3103 615 ἐργάζεται,διά
3121 543 3218 592 τοῦ
3242 538 3368 593 Υἱοῦ
3399 537 3802 615 ἐργάζεται,καί

383 633 881 707 quemadmodum
923 632 1021 686 ubi
1073 632 1172 686 lux
1201 636 1309 698 est,
1343 631 1422 686 ibi
1454 646 1686 702 quoque
1715 633 1806 685 est
1835 628 2037 702 splen—

384 725 511 780 dor.
547 727 628 779 Ac
659 722 812 778 sicut
840 738 906 776 ea
939 737 1065 792 quae
1099 723 1267 776 Pater
1303 719 1500 788 efﬁcit,
1532 736 1635 790 per
1664 717 1875 774 Filium
1908 717 2038 772 effi-

384 814 484 881 cit,
509 813 660 883 quod
684 811 920 882 quidem
954 810 1080 881 ipse
1106 809 1392 864 Dominus
1417 809 1511 863 his
1532 807 1727 864 verbis
1749 810 2032 862 testatur:

384 904 520 968 Qum
549 901 715 956 video
746 901 972 955 Patrem
1023 899 1352 966 facientem,
1387 897 1508 952 haec
1548 900 1605 952 et
1635 913 1740 969 ego
1790 896 1935 951 facio
1957 895 2033 961 9°;

382 988 464 1044 ita
506 1003 639 1044 cum
689 987 988 1042 confertur
1036 986 1386 1058 baptismus,
1423 1002 1598 1057 quem
1655 985 1824 1039 Pater
1881 984 2034 1038 403

381 1077 659 1148 baptizat,
691 1075 847 1130 hunc
894 1075 1078 1129 Filius
1109 1075 1396 1145 baptizat;
1431 1078 1486 1128 et
1518 1090 1691 1145 quem
1725 1072 1906 1128 Filius
1937 1072 2034 1126 ba-

378 1166 579 1238 ptizat,
613 1163 768 1219 idem
803 1163 863 1217 in
895 1163 1113 1233 Spiritu
1160 1167 1360 1217 sancto
1409 1161 1698 1216 initiatur.
1728 1161 2032 1226 Praeterea,

379 1253 881 1328 quemadmobum
912 1251 1141 1307 lucente
1165 1251 1286 1307 sole
1309 1255 1462 1306 recte
1489 1250 1601 1305 dici
1630 1254 1819 1322 potest
1847 1249 2036 1320 splen-

379 1343 487 1398 dor
514 1341 880 1408 illuminare;
913 1357 1046 1395 cum
1079 1357 1198 1395 una
1228 1343 1282 1395 et
1305 1341 1507 1395 eadem
1532 1339 1610 1394 sit
1640 1339 1739 1393 lux
1771 1355 1897 1409 qua:
1929 1353 2034 1393 nec

379 1431 560 1488 dividi
610 1447 716 1487 nec
746 1429 997 1486 discindi
1045 1429 1276 1501 possit:
1311 1429 1392 1483 ita
1441 1428 1540 1483 ubi
1592 1429 1761 1483 Pater
1809 1432 1899 1482 est
1944 1427 2032 1482 vel

2148 625 2292 702 λέγει
2323 628 2482 691 αὐτὸς
2514 628 2542 684 6
2573 628 2787 704 Κύριος·
2819 629 2888 683 “A
2923 623 3113 702 βλέπω
3141 627 3232 682 τὸν
3267 628 3483 703 ΙΙατὲρα
3512 634 3801 699 ποιοῦντα,

2144 721 2313 770 ταῦτα
2342 718 2492 793 κάγὼ
2519 722 2684 772 ποιῶ⁶
2718 716 2860 772 οὕτω
2889 715 2977 770 καὶ
3009 718 3148 790 (94’)
3177 721 3276 770 τοῦ
3313 716 3688 792 βαπτίσματος
3719 715 3801 772 δι-

2148 802 2474 877 δομὲνου,’ὀν
2513 805 2756 882 βαπτίζει
2787 807 2815 860 6
2843 807 3284 882 ΙΙατήρ,τοῦτον·
3304 806 3397 860 καὶ
3427 806 3486 860 ’ὸν
3512 807 3540 860 6
3565 807 3687 869 Υἱὸς
3711 808 3804 882 βα-

2145 894 2346 964 πτίζει,
2383 896 2410 948 ὁ
2447 895 2573 957 Υἱὸς
2606 894 2874 970 βαπτίζει,
2905 895 3060 955 οὗτος
3113 893 3165 948 ἐν
3213 894 3489 967 Πνεῦματι
3539 894 3674 970 ἁγίῳ
3715 917 3802 952 τε-

2147 980 2408 1040 λειοῦται.
2425 982 2599 1040 ΙΙάλιν
2623 1005 2681 1039 τε
2702 983 2882 1059 ὥσπερ
2897 989 2994 1040 τοῦ
3011 982 3175 1053 ἡλίου
3189 984 3492 1062 φαίνοντος,
3510 981 3666 1060 λέγοι
3689 989 3800 1059 (95)

2145 1072 2205 1126 ἄν
2253 1093 2336 1134 τις
2373 1074 2463 1127 καὶ
2503 1074 2566 1128 τὸ
2620 1073 2947 1148 ἀπαύγασμα
3003 1074 3277 1151 φωτίζειν·
3311 1071 3365 1129 ἓν
3414 1076 3514 1151 γάρ
3575 1073 3684 1130 ἐστι
3736 1076 3799 1130 τὸ

2145 1165 2282 1236 φῶς,
2307 1161 2396 1216 καὶ
2428 1161 2527 1217 οὐκ
2555 1160 2665 1218 ἔστι
2697 1161 2919 1232 διελεῖν,
2954 1160 3079 1217 οὐδὲ
3107 1162 3423 1238 ἀποσχίσαιο
3460 1163 3631 1226 οὕτως
3680 1161 3801 1228 ἔνθα

2143 1248 2308 1304 πάλιν
2361 1251 2388 1305 ὁ
2437 1252 2627 1326 Πατήρ
2670 1250 2815 1306 ἐσυιν
2844 1251 2878 1320 ἢ
2915 1250 3262 1324 ὀνομάζεταί,
3296 1251 3406 1307 ἐκεῖ
3447 1252 3660 1314 πάντως
3707 1251 3799 1308 καὶ

2144 1337 2173 1390 6
2206 1337 2331 1400 Υἱὸς
2384 1339 2640 1416 ὑπάρχειο
2685 1339 3008 1413 ὀνομάζεται
3054 1337 3110 1395 δὲ
3153 1339 3206 1395 ἐν
3255 1345 3334 1413 τῷ
3387 1341 3720 1416 βαπτίσματι
3768 1343 3797 1396 6

2146 1427 2362 1502 Πατὴρ,
2394 1428 2596 1505 ἀνάγκη
2632 1429 2722 1483 καὶ
2751 1431 2844 1485 τὸν
2877 1430 3000 1484 Υἱὸν
3035 1431 3618 1505 συγκατονομάζεσθαι.

377 1521 738 1588 nominatur,
771 1518 853 1574 ibi
885 1518 1124 1574 omnino
1155 1522 1244 1574 est
1273 1517 1412 1574 item
1447 1517 1650 1573 Filius.
1687 1515 1970 1582 Quocirca
2001 1533 2135 1572 cum
2166 1517 2338 1574 Pater
2369 1519 2428 1573 in
2463 1519 2757 1592 baptismo
2794 1520 3152 1588 nominetur,
3184 1521 3246 1577 in
3276 1536 3344 1577 eo
3375 1520 3553 1578 etiam
3587 1521 3798 1579 Filium

377 1627 614 1668 necesse
644 1613 733 1666 est
763 1607 1075 1663 nominari.

448 1701 536 1756 42.
570 1702 886 1771 Eaproptcr
915 1713 1049 1752 cum
1099 1696 1223 1768 ipse
1254 1696 1410 1751 bona
1457 1695 1675 1751 sanctis
1728 1693 2030 1766 promitte-

2213 1697 2302 1750 42.
2337 1696 2436 1749 Διά
2481 1699 2642 1752 τοῦτο
2715 1697 2806 1752 καὶ
2873 1703 2995 1760 τοῖς
3061 1695 3236 1772 ἁγίοις
3294 1666 3797 1774 επαγγελλόμενος,

375 1793 486 1858 rct,
517 1788 601 1844 sic
645 1788 727 1842 ait
759 1804 770 1842 :
810 1787 1102 1843 Veniamus
1151 1802 1252 1854 ego
1281 1793 1334 1840 et
1365 1790 1550 1851 Pater,
1585 1789 1641 1840 et
1685 1785 2032 1840 mansionem

2154 1781 2316 1846 >ἶ5τως
2375 1781 2598 1859 ἔλεγενο
2651 1784 3020 1859 Ἐλευσόμεθα
3058 1784 3164 1862 ἐγὼ
3219 1785 3310 1840 καὶ
3363 1788 3392 1842 6
3449 1788 3665 1862 Πατὴρ,
3706 1789 3796 1842 καὶ

375 1877 520 1951 apud
549 1893 672 1934 eum
695 1877 960 1948 faciemus
980 1877 1042 1930 9'.
1078 1876 1148 1930 Et
1200 1891 1407 1930 rursus
1441 1892 1453 1929 :
1491 1875 1553 1930 Ut
1593 1875 1736 1928 sicut
1765 1889 1864 1943 ego
1893 1879 1944 1928 et
1977 1880 2032 1928 tu

2154 1874 2318 1943 μονὴν
2379 1875 2506 1948 παρ’
2550 1873 2696 1946 αὐτῷ
2771 1877 3119 1947 ποιήσομενο
3176 1874 3267 1929 καὶ
3319 1874 3504 1932 πάλιν.
3563 1877 3662 1932 Ἵν’
3719 1877 3796 1940 ὡς

377 1984 552 2023 unum
581 1981 789 2032 sumus,
823 1967 902 2019 sic
932 1972 981 2019 et
1012 1964 1101 2019 illi
1149 1979 1324 2018 unum
1367 1965 1479 2017 sint
1527 1963 1586 2017 in
1632 1963 1787 2017 nobis
1808 1963 1873 2013 9³.
1907 1961 2032 2016 Una

2154 1959 2252 2036 ἐγὼ
2281 1961 2370 2014 καὶ
2401 1961 2462 2015 ab
2493 1959 2545 2016 ἓν
2599 1963 2757 2034 ἐσμεν
2787 1965 2921 2036 (96),
2952 1963 3190 2017 κάκεῖνοι
3234 1960 3288 2017 ἓν
3341 1961 3469 2017 ὦσιν
3531 1961 3583 2017 ἐν
3632 1966 3792 2037 ἡμῖν.

379 2055 654 2113 similiter
683 2058 774 2110 est
803 2054 1012 2124 gratia,
1047 2069 1182 2124 quae
1207 2069 1241 2108 a
1269 2056 1441 2107 Patre
1474 2052 1533 2106 in
1570 2049 1714 2106 Filio
1745 2051 1938 2121 datur,
1972 2053 2032 2105 ut

2154 2049 2247 2105 Καὶ
2278 2052 2312 2118 ἡ
2349 2047 2608 2122 διδομένη
2645 2048 2702 2105 δὲ
2733 2052 2894 2127 χάρις
2947 2051 3044 2124 μία
3091 2051 3202 2106 ἐστὶ
3247 2052 3394 2126 παρά
3438 2056 3535 2106 τοῦ
3584 2054 3793 2128 Ιιατρὸς

381 2147 441 2201 in
474 2144 750 2201 omnibus
780 2141 1060 2214 Epistolis
1115 2141 1321 2197 scribit
1360 2139 1577 2195 Paulus
1610 2156 1622 2194 :
1659 2140 1848 2195 Gratia
1889 2138 2032 2194 vobis

2154 2136 2196 2192 ἐν
2248 2138 2359 2210 rte)
2408 2135 2693 2211 διδομένη,
2740 2140 2816 2201 ὡς
2868 2141 2895 2193 6
2946 2138 3166 2201 Παῦλος
3213 2137 3302 2194 διὰ
3361 2143 3538 2210 πάσης
3580 2140 3792 2196 ἐπιστο-

388 2242 439 2289 et
464 2250 581 2304 pax
608 2249 641 2286 a
671 2233 775 2288 Deo
803 2232 973 2286 Patre
1009 2237 1199 2286 nostro
1227 2239 1277 2285 et
1307 2230 1534 2285 Domino
1579 2231 1702 2285 Jesu
1732 2229 1946 2284 Christo
1967 2229 2034 2284 ⁹³.

388 2322 706 2379 Necessum
739 2320 892 2376 enim
916 2324 1005 2375 est
1025 2317 1216 2375 lucem
1249 2334 1365 2374 una
1391 2334 1524 2374 cum
1552 2317 1863 2389 splendore
1884 2332 2034 2386 esse,

388 2416 444 2468 et
475 2410 843 2483 splendorem
904 2425 1037 2464 cum
1096 2410 1332 2480 propria
1378 2407 1507 2462 luce
1552 2407 1749 2463 videri.
1789 2405 1912 2470 Qua
1965 2407 2037 2461 de

387 2516 566 2556 causa
593 2497 780 2555 Judaei
811 2497 906 2568 qui
950 2497 1156 2552 Filium
1189 2513 1319 2552 cum
1353 2496 1486 2552 istis
1518 2500 1753 2568 negant,
1785 2512 1891 2551 nec
1922 2495 2035 2566 ipsi

387 2589 562 2645 etiam
594 2587 824 2643 Patrem
859 2586 1097 2641 habent.
1123 2586 1268 2641 Nam
1295 2601 1429 2640 cum
1461 2585 1678 2640 fontem
1711 2585 2032 2656 sapientiae,

385 2681 451 2734 ut
480 2676 596 2732 illis
627 2676 936 2748 exprobrat
979 2674 1205 2730 Baruch
1228 2675 1291 2738 π,
1323 2673 1764 2746 dereliquerint,
1799 2673 2036 2743 sapien-

384 2767 528 2823 tiam
561 2782 795 2838 quoque
825 2782 894 2821 ex
927 2765 1083 2820 fonte
1132 2765 1259 2836 ipso
1291 2767 1758 2836 promanantem,
1791 2780 1918 2834 qum
1948 2767 2038 2818 est

386 2855 673 2914 Dominus
703 2859 902 2910 noster
930 2855 1098 2910 Jesus
1129 2853 1418 2922 Christus,
1453 2871 1485 2908 a
1516 2869 1578 2908 se
1607 2857 1748 2908 tunc
1778 2854 2035 2924 projece-

389 2948 548 3008 runt,
572 2960 708 3000 cum
741 2943 1049 2998 dixerunt:
1073 2943 1184 2997 Non
1213 2941 1476 2997 habemus
1505 2957 1683 3012 regem
1711 2943 1825 2996 nisi
1855 2941 2037 2997 Casa-

388 3047 506 3086 rem
524 3032 587 3085 9‘.
623 3031 872 3086 Christus
919 3031 1088 3096 enim,
1121 3029 1318 3101 inquit
1361 3027 1695 3100 Apostolus,
1727 3030 1823 3083 Dei
1863 3029 2038 3084 virtus

389 3124 442 3177 et
472 3121 569 3175 Dei
603 3121 878 3191 sapientia
919 3123 996 3174 est
1017 3119 1080 3172 9°.
1109 3117 1298 3173 Judaai
1345 3118 1540 3189 itaque
1589 3117 1797 3190 dignas
1845 3117 2035 3188 impias

389 3208 716 3281 negationis
747 3207 1083 3278 persolvunt
1126 3223 1325 3278 poenas
1355 3223 1368 3261 :
1403 3207 1688 3262 rationem
1729 3207 1885 3261 enim
1919 3223 2038 3260 una

387 3279 522 3353 cum
552 3295 696 3352 urbe
725 3312 834 3351 sua
882 3294 1225 3350 amiserunt.
1262 3294 1362 3350 Isti
1393 3299 1584 3350 autem
1617 3295 1674 3348 in
1708 3293 2033 3367 periculum
2067 3279 2110 3346 C

383 3385 628 3441 veniunt
659 3384 996 3440 amittenda
1040 3381 1298 3456 mysterii
1329 3384 1422 3454 (de
1470 3382 1759 3455 baptismo
1807 3383 2037 3455 loquor)

385 3473 738 3546 integritatis
761 3473 892 3545 (94).
925 3474 1071 3528 Nam
1114 3474 1163 3528 si
1204 3473 1263 3528 in
1317 3473 1502 3529 Patris
1534 3477 1589 3528 et
1621 3471 1747 3527 Filii
1799 3473 2035 3528 nomine

384 3561 714 3630 initiamur,
745 3561 827 3616 illi
868 3567 1064 3617 autem
1095 3578 1296 3617 verum
1346 3578 1460 3618 non
1513 3561 1895 3634 pronuntiant
1928 3563 2032 3617 Pa-

384 3657 557 3719 trem,
587 3655 786 3722 utpote
818 3651 914 3723 qui
946 3651 1026 3720 id,
1060 3652 1215 3723 quod
1248 3668 1316 3707 ex
1349 3651 1477 3724 ipso
1508 3655 1615 3719 est,
1648 3652 1896 3722 ejusque
1926 3667 2031 3706 na-

457 3792 500 3827 ⁹⁰
528 3790 691 3847 Joan.
720 3808 776 3857 ν,
809 3790 896 3846 19.
973 3791 1016 3826 ⁹¹
1046 3790 1212 3847 Joan.
1246 3808 1360 3858 xxv,
1409 3792 1498 3846 23.
1577 3792 1620 3826 ⁹²
1645 3794 1812 3847 Joan.
1846 3806 1988 3861 xvu,
2017 3793 2108 3848 22.

384 3880 468 3933 ιιι,
503 3864 591 3920 12.
666 3863 710 3899 ⁰⁵
737 3863 904 3919 Joan.
935 3879 1052 3932 xxx,
1088 3865 1172 3918 16.
1250 3863 1292 3897 ³⁸
1324 3864 1348 3918 I
1379 3866 1502 3920 Cor.
1535 3880 1573 3931 1,
1600 3863 1692 3919 24.

457 4009 567 4080 (94)
598 4008 680 4064 Ex
708 4007 817 4064 hoc
842 4008 968 4064 loco
999 4008 1360 4080 contendunt
1386 4007 1653 4064 nonnulli
1685 4007 1866 4064 fuisse
1897 4025 2030 4064 san-

385 4079 471 4136 cti
508 4080 817 4136 Athanasii
872 4079 1246 4147 sententiam,
1281 4081 1571 4151 baptisma
1628 4080 2032 4136 haereticorum

383 4152 557 4224 plane
586 4153 818 4207 irritum
844 4168 991 4221 esse,
1017 4153 1346 4224 iterumque
1369 4169 1497 4208 csse
1522 4153 1907 4223 baptizandus
1930 4152 2031 4223 qui

384 4223 450 4279 ex
501 4224 788 4280 haereticis
821 4224 892 4278 ad
926 4223 1240 4279 Ecclesiam
1291 4224 1640 4281 catholicam
1689 4229 2030 4280 convertun-

381 4300 498 4350 tur.
530 4295 746 4351 Verum
778 4294 833 4348 id
868 4293 1020 4350 clare
1072 4312 1186 4349 non
1240 4297 1489 4366 probant
1539 4297 1725 4351 sancti
1776 4297 2031 4351 doctoris

382 4367 577 4438 verba,
610 4366 711 4438 qui
743 4366 888 4421 forte
930 4383 998 4438 ea
1043 4370 1274 4421 tantum
1323 4369 1544 4423 ratione
1572 4384 1821 4423 vacuum
1856 4373 1912 4422 et
1942 4371 2029 4422 in-

383 4435 526 4510 utile
559 4435 690 4510 esse
717 4438 884 4510 docet
930 4437 1335 4510 hiaireticorum
1390 4440 1702 4509 baptisma,
1737 4444 2031 4510 quatenus

383 4507 528 4563 nihil
560 4509 789 4578 proficit
819 4509 888 4579 ad
924 4509 1197 4579 pietatem
1249 4510 1369 4564 sive
1418 4507 1617 4566 verum
1655 4507 2028 4576 Dei—cultum,

382 4580 484 4651 qui
515 4579 574 4633 in
605 4579 727 4634 sola
771 4578 1054 4634 cathOlica
1089 4581 1394 4635 exhibetur
1442 4581 1718 4636 Ecclesia.
1754 4582 1866 4636 Nec
1897 4597 2029 4636 vero

381 4634 580 4734 ihepte
611 4651 848 4734 ait-eos,
881 4651 979 4732 qui
1013 4651 1413 4734 haereticorum
1439 4634 2028 4734 asperguntur—aqua,
2065 4634 2110 4698 Ῑ)

383 4722 584 4796 foedari
614 4722 806 4796 potius
837 4723 1155 4796 impietate,
1181 4739 1358 4794 quam
1381 4722 1861 4796 rediinifquippe
1893 4722 2024 4780 cum

380 4793 488 4862 illi,
515 4793 816 4868 baptisma
846 4793 932 4849 ab’
963 4793 1250 4868 haereticis
1308 4793 1680 4868 accipiendo,
1704 4793 2028 4868 Ain—eorum

379 4867 749 4949 ascribantur
793 4882 1128 4949 numerum,
1162 4866 1512 4949 fiantque—et
1542 4868 1654 4949 ipsi
1703 4866 1810 4921 hoc
1863 4873 2028 4949 pacto

379 4936 654 5008 haeretici,
685 4955 752 4993 ac
781 4938 1023 5008 proinde
1054 4955 1244 4992 veram
1277 4936 1439 4993 citra
1479 4936 1815 5008 religionem
1849 4936 1904 4995 et
1935 4957 2026 4994 sa-

380 5010 519 5063 lutis
552 5011 725 5082 viam.
760 5009 1254 5082 Similiaﬁpassim
1305 5010 1480 5064 habet
1511 5011 1870 5082 Augustinus
1902 5011 2030 5082 ipse

380 5084 580 5135 contra
610 5081 966 5135 Donatistas.
997 5081 1253 5152 Exempli
1288 5082 1475 5153 gratia
1504 5081 1614 5137 lib.
1641 5084 1711 5138 De
1736 5084 1898 5137 unico
1931 5081 2027 5137 ba-

373 5154 578 5224 ptismo
608 5160 796 5224 contra
827 5153 1192 5224 Petilianum,
1228 5171 1283 5207 η.
1317 5156 1372 5220 8,
1405 5155 1484 5208 ait
1515 5155 1876 5224 baptismum
1911 5171 2026 5209 non

379 5223 570 5278 solum
593 5222 738 5278 nihil
755 5223 1032 5294 prodesse
1050 5223 1337 5280 haereticis
1351 5226 1418 5280 ad
1443 5222 1716 5293 salut—em,
1733 5227 1834 5279 sed
1853 5227 2025 5280 etiam

379 5295 584 5350 obesse
604 5295 703 5368 ‘ad
757 5294 1217 5368 damnationem.
1252 5295 1434 5351 Verba
1474 5297 1662 5352 sancti
1712 5297 2025 5368 Augustini

377 5370 519 5421 sunt
547 5383 560 5422 :
592 5364 746 5420 Sicut
793 5367 939 5419 nihil
969 5367 1050 5421 eis
1079 5368 1336 5437 proderat
1382 5369 1455 5423 ad
1499 5371 1734 5424 salutem
1765 5364 1860 5439 qui
1897 5371 2025 5423 Ver-

379 5440 508 5493 bum
560 5439 730 5492 Deum
777 5439 1115 5507 ignorantes,
1145 5455 1269 5493 eum
1317 5449 1499 5494 tamen
1525 5441 1786 5508 colebant,
1821 5443 1930 5494 imo
1978 5444 2028 5494 et

377 5509 562 5564 oberat
591 5509 660 5564 ad
686 5511 1020 5578 perniciem,
1046 5511 1190 5581 quod
1217 5513 1386 5582 falsos
1417 5515 1540 5567 deos
1571 5513 1739 5566 simul
1770 5512 2023 5578 colentes,

377 5582 553 5652 eidem
584 5596 706 5636 vero
735 5585 845 5652 Deo
891 5583 1226 5651 sacrilegam
1272 5584 1541 5651 iniuriam
1589 5583 1867 5652 [aciebant
1898 5599 1916 5636 :
1947 5583 2028 5637 sic

376 5651 525 5726 nihil
547 5651 1072 5726 prodesthwrcticis
1102 5654 1172 5710 ad
1208 5657 1446 5711 salutem
1489 5651 1631 5726 quad
1661 5663 1818 5710 ecetra
1847 5655 2027 5726 Eccle-

376 5723 516 5779 siam
544 5741 736 5782 verum
770 5725 1104 5798 baptismum
1138 5741 1237 5798 per
1281 5723 1654 5798 ignorantiam
1705 5730 1755 5782 et
1803 5724 2028 5781 tradunt

2145 2223 2250 2294 λῆς
2300 2229 2414 2299 (97)
2460 2229 2689 2305 γράφει·
2724 2229 2893 2300 Χάρις
2946 2229 3073 2300 ὑμῖν
3123 2229 3213 2283 καὶ
3263 2228 3454 2303 εἰρήνη
3505 2229 3612 2284 ἀπὸ
3664 2235 3796 2284 θεοῦ

2146 2315 2357 2387 ΙΙατρὸς
2406 2317 2567 2387 ἡμῶν
2617 2316 2706 2370 καὶ
2759 2316 2956 2392 Κυρίου
3007 2318 3186 2387 Ἰησοῦ
3235 2321 3490 2392 Χριστοῦ.
3549 2323 3639 2372 Δεῖ
3689 2319 3794 2393 γὰρ

2141 2404 2205 2458 τὸ
2263 2409 2375 2481 φῶς
2432 2404 2569 2458 εἶναι
2631 2406 2766 2478 μετά
2821 2411 2920 2475 τῆς
2977 2404 3170 2479 αὐγῆς,
3215 2406 3305 2460 καὶ
3360 2408 3424 2461 τὸ
3470 2405 3796 2483 ἀπαύγασμα

2146 2495 2465 2566 συνορᾶσθαι
2499 2495 2611 2567 (98)
2646 2493 2779 2566 μετὰ
2834 2497 2932 2549 τοῦ
2991 2491 3131 2549 ἰδίου
3190 2495 3392 2572 φωτός.
3444 2496 3603 2558 Ὅθεν
3654 2496 3794 2551 Ἰου-

2147 2579 2288 2636 δαῖοι
2327 2582 2458 2655 μετά
2493 2582 2699 2637 τούτων
2731 2581 3056 2658 ἀρνούμενοι
3105 2583 3195 2637 τὸν
3247 2583 3394 2651 Υὶὸν,
3427 2582 3526 2638 οὐκ
3573 2582 3792 2658 ἔχουσιν

2146 2668 2272 2724 οὐδὲ
2299 2672 2388 2725 τὸν
2423 2671 2638 2744 Ιιατὲρα
2661 2688 2676 2703 ⁶
2717 2671 3138 2746 καταλείψαντες
3183 2671 3288 2746 γὰρ
3336 2673 3435 2741 τὴν
3608 2674 3795 2747 πηγὴν

2141 2761 2240 2829 τῆς
2299 2759 2510 2838 σοφίας,
2544 2760 2618 2822 ὡς
2677 2757 2957 2830 ὀνειδίζων
3013 2759 3206 2822 αὐτοὺς
3254 2760 3395 2816 εἶπεν
3459 2762 3486 2816 ὁ
3545 2761 3790 2838 Βαροὺγ,

2143 2843 2417 2903 ἀπέϐαλον
2459 2848 2547 2911 ἀφ’
2594 2849 2797 2903 ἑαυτῶν
2843 2849 2932 2903 καὶ
2980 2851 3080 2918 τὴν
3132 2847 3190 2903 in
3235 2850 3436 2920 ταύτης
3482 2850 3671 2928 σοφίαν
3699 2851 3792 2906 τὸν

2146 2937 2550 3012 Κύριον·ημῶιο
2590 2938 2800 3008 Ἰησοῦν
2854 2937 3081 3013 Χριστόν
3109 2955 3122 2970 ·
3173 2939 3403 3014 Χριστὸς
3451 2939 3578 3015 γὰρ,
3627 2939 3789 3016 φησὶν

2145 3028 2174 3081 6
2228 3025 2586 3096 Ἀπόστολος,
2637 3030 2771 3081 Θεοῦ
2829 3023 3058 3100 δύναμις
3110 3027 3200 3081 καὶ
3260 3031 3392 3082 Θεοῦ
3451 3028 3647 3105 σοφία·
3698 3026 3792 3084 λὲ-

2144 3135 2328 3190 γοντες
2361 3136 2373 3150 ·
2433 3113 2545 3170 Οὐκ
2630 3111 2830 3190 ἔχομεν
2915 3113 3143 3190 βασιλέα
3217 3115 3265 3171 εἷ’
3350 3115 3426 3188 μή
3513 3115 3793 3193 Καίσαρα.

2147 3201 2401 3261 Ἰουδαῖοι
2436 3204 2530 3276 μὲν
2573 3201 2663 3258 οὖν
2715 3201 2906 3278 ἔχουσι
2953 3207 3051 3269 τῆς
3101 3204 3377 3280 ἀρνήσεως
3423 3205 3490 3259 τὰ
3542 3204 3797 3280 ἐπίχειρα

2145 3299 2245 3362 τῆς
2278 3290 2576 3366 ἐπιτιμίας’
2611 3291 2896 3347 ἀπώλεσαν
2927 3294 3029 3369 γὰρ
3089 3293 3180 3347 σὺν
3235 3297 3302 3368 τῇ
3355 3291 3515 3348 πόλει
3570 3293 3660 3348 καὶ
3705 3295 3797 3349 τὸν

2147 3379 2434 3456 λογισμόν.
2467 3381 2631 3439 Οὗτοι
2665 3379 2722 3437 δὲ
2751 3380 3115 3437 κινδυνεύουσι
3148 3381 3342 3438 λοιπὸν
3373 3383 3463 3438 καὶ
3493 3383 3616 3459 περὶ
3665 3383 3796 3438 αὐτὸ

2144 3471 2206 3526 τὸ
2264 3469 2548 3546 πλήρωμα
2599 3475 2696 3526 τοῦ
2750 3470 3072 3544 μυστηρίου*
3107 3471 3250 3544 φημὶ
3302 3469 3369 3540 δὴ
3398 3472 3461 3526 τὸ
3496 3472 3793 3546 βάπτισμα.

2144 3559 2213 3617 Ei’
2259 3561 2364 3635 γὰρ
2421 3559 2496 3621 εἴς
2555 3555 2731 3633 ὄνομα
2779 3562 2857 3633 (1)
2909 3560 3120 3632 Πατρὸς
3179 3560 3267 3615 καὶ
3325 3561 3453 3614 Υἱοῦ
3512 3557 3790 3628 δίδοταιὴ

2143 3646 2444 3716 τελείωσις,
2494 3647 2557 3703 οὐ
2610 3647 2830 3724 λέγουσι
2884 3644 2942 3702 δὲ
3000 3649 3214 3725 Πατέρα
3271 3647 3555 3719 ἀληθινὸν,
3585 3645 3676 3703 διὰ
3730 3648 3792 3702 τὸ

2185 3793 2228 3827 ⁸³
2259 3793 2423 3849 Bom.
2455 3808 2494 3860 ι,
2523 3794 2590 3861 7;
2644 3791 2667 3849 Ι
2697 3794 2825 3849 Cor.
2859 3809 2898 3860 ι,
2929 3793 2992 3862 3;
3042 3791 3254 3864 Ephes.
3289 3809 3327 3863 ι,
3359 3795 3412 3848 2.
3489 3793 3534 3827 ⁹⁴
3562 3792 3790 3849 Baruch

2141 4017 2192 4066 et
2221 4014 2435 4074 tenent;
2465 4011 2575 4064 imo
2603 4012 2658 4064 et
2687 4008 2829 4064 obest
2876 4009 2952 4065 ad
2981 4009 3410 4077 damnationem,
3443 4009 3584 4080 quod
3613 4011 3670 4065 in
3701 4027 3792 4065 sa-

2141 4082 2350 4151 crilega
2376 4082 2666 4152 iniquitate
2695 4082 2899 4136 erroris
2928 4081 3178 4150 humani,
3201 4084 3375 4137 etiam
3399 4081 3579 4136 divini
3612 4098 3797 4136 sacra-

2139 4155 2316 4208 menti
2342 4169 2450 4207 non
2480 4169 2579 4223 per
2606 4169 2772 4224 quam
2810 4153 3169 4218 mandentur,
3202 4153 3295 4208 sed
3322 4168 3422 4223 per
3452 4169 3618 4223 quam
3645 4169 3791 4208 seve-

2141 4228 2259 4280 rius
2295 4224 2638 4293 judicentur,
2687 4225 2940 4279 detinent
2989 4226 3294 4290 veritatem.
3333 4225 3458 4278 llaec
3501 4224 3616 4280 ille.
3648 4224 3796 4280 Vide

2139 4296 2546 4351 Praefationem
2586 4295 2934 4366 generalem.

2211 4368 2349 4439 (94')
2381 4367 2475 4422 Sic
2513 4365 2752 4439 Seguer.
2787 4366 3016 4423 Gobler.
3049 4365 3199 4421 Felo.
3236 4366 3259 4420 1
3291 4368 3349 4420 et
3379 4367 3430 4420 4.
3463 4367 3536 4421 At
3565 4365 3623 4422 in
3657 4365 3789 4422 aliis

2141 4443 2197 4494 et
2218 4435 2396 4494 ‘editis
2426 4435 2729 4493 deest'xai.

2233 4511 2337 4582 95)-
2353 4511 2592 4583 Seguer.
2625 4506 2855 4583 λέγοιεν.

2233 4575 2323 4650 96)
2354 4575 2594 4654 Segucr.
2631 4575 2861 4654 Gdbler.
2895 4583 2952 4654 et
2988 4577 3178 4654 Felqk.
3212 4581 3262 4648 1,
3294 4575 3661 4654 ποιῃσᾷμερα,
3693 4577 3804 4654 διαὶ.

2140 4647 2328 4725 πάλιν·
2359 4647 2475 4725 Ἵνα
2519 4651 2656 4707 ὅπου
2708 4650 2811 4725 ἐγὼ
2862 4649 2974 4725 καὶ-
3001 4647 3064 4703 σύ
3109 4647 3409 4725 ἐσμενριαὶ
3438 4647 3790 4725 Αήδιδομὲνη

2139 4722 2323 4798 χάρις,
2357 4724 2502 4779 Ibid.
2553 4719 2792 4795 Seguer.
2843 4721 2988 4801 παρά
3037 4719 3348 4807 Πατρὸςυέν
3396 4721 3524 4805 fit}.
3559 4719 3790 4802 Gobler.

2140 4803 2195 4852 et
2253 4796 2436 4852 Felck.
2492 4796 2542 4861 1,
2596 4795 2741 4866 παρά
2767 4813 2892 4866 Ῠ-του
2917 4864 2924 4866 Α
2947 4792 3152 4866 ίΙατρᾷς
3184 4794 3313 4866 nep.
3351 4795 3526 4849 BaSII.
3561 4792 3790 4866 Anglic.

2141 4813 2195 4852 et
2253 4813 2436 4852 relCK.
2492 4813 2542 4861 1,
2596 4813 2741 4869 παρα
2795 4813 2892 4847 του
2947 4813 3152 4866 ιιατρος
3189 4813 3313 4863 ιιῳ.
3351 4813 3526 4849 nasu.
3561 4813 3786 4865 angue.

2141 4869 2282 4958 "Reg;
2315 4867 2582 4958 F,elck.“4_
2598 4872 2654 4922 et
2681 4869 2736 4933 5,
2764 4862 2856 4920 'iva
2887 4864 3066 4938 ὥσπερ
3101 4862 3229 4940 ἐγώ,
3261 4871 3371 4921 etc.
3397 4866 3546 4922 Editi
3577 4871 3634 4920 et
3661 4864 3786 4931 alii,

2133 4936 2208 4992 τίν’
2230 4936 2313 4999 ὧς
2347 4936 2472 5010 ἐγώ,
2499 4943 2608 4993 etc.
3040 4936 3046 4938 ⁷
3140 4936 3149 4940 ⁷
3567 5005 3578 5017 _

2139 5011 2328 5137 F6321).
2501 5009 2678 5076 πάσης
2727 5005 3021 5076 ἐπιστολῆς
3066 5008 3234 5063 abest
3281 5024 3313 5063 a
3351 5005 3682 5063 Goblerian.
3732 5009 3792 5062 et

2183 5099 2328 5137 610K.
2361 5099 2410 5136 1.

2210 5155 2325 5224 (98)
2356 5153 2594 5224 Seguer.
2625 5150 2854 5224 Gobler.
2889 5149 3076 5224 Felck_.
3113 5151 3229 5224 μοι
3259 5151 3310 5224 li,
3348 5148 3591 5224 6p‘aigeai.
3638 5147 3788 5224 Ibid.

2139 5218 2375 5308 §eguer.
2397 5218 2547 5308 ,μετά
2573 5225 2669 5308 τοῦ
2701 5218 2882 5308 ἀξδίνου
2913 5219 3110 5292 φωτός.
3145 5218 3391 5277 (Γιοὺιειιζ
3427 5220 3616 5276 Felck.
3653 5222 3679 5275 1
3735 5224 3793 5275 et

2137 5297 2192 5364 5,
2213 5289 2367 5352 ibid.
2392 5289 2511 5357 ὅθεν
2545 5295 2596 5347 οἳ
2626 5289 2904 5349 Ἰουδαῖοι.

2209 5369 2315 5438 (99)
2349 5367 2588 5438 Seguer.
2641 5371 2697 5420 et
2756 5359 3514 5438 Felck.‘5_,xa1a)\sifl;1v1ég
3563 5379 3626 5438 τε
3667 5361 3787 5438 τήνἶ

2136 5432 2368 5494 Gobler.
2402 5432 2460 5494 ei.
2490 5438 2681 5493 Felck.
2718 5439 2767 5505 1,
2818 5432 3235 5508 καταλείψαντες
3277 5432 3381 5508 γᾶρ
3431 5435 3552 5503 τήν.
3588 5432 3792 5488 Εωιειηί

2138 5517 2196 5566 et
2225 5510 2400 5564 editio
2432 5508 2710 5565 Commel.
2745 5503 3163 5579 itu-raleitlravu;
3193 5503 3251 5560 δὲ

2208 5581 2286 5663 (ί)
2319 5582 2560 5663 ξεειιειι.
2583 5585 2651 5663 et
2684 5580 2836 5663 Reg:
2857 5569 3220 5663 et‘Felck.,}3,
3249 5576 3306 5632 Ei
3335 5569 3442 5652 γὰρ
3477 5575 3552 5638 εἰς
3586 5569 3783 5646 ὄνομα.

2135 5644 2338 5708 Alii'et
2368 5644 2548 5708 (ditio
2579 5644 2865 5710 Comufel.
2899 5649 2974 5712 εἷς
3006 5650 3108 5724 γὰρ
3143 5644 3338 5722 ὄνομα.
