4076 6358
431 456 551 518 239

432 691 548 750 que
577 674 879 731 hominem
908 673 1101 728 visum
1131 671 1417 726 duntaxat
1441 669 1644 739 fuisse,
1669 684 1734 724 eo
1768 667 1941 722 modo
1971 681 2087 736 quo

436 765 566 821 visa
597 760 1044 820 somniantibus
1073 764 1410 815 occurrunt.
1434 757 1632 813 Ariani
1666 760 1861 812 autem
1893 758 2091 826 aperte

433 853 495 909 in
544 852 740 924 ipsum
792 850 1020 905 Patrem
1072 847 1239 918 impii
1294 851 1456 913 sunt,
1489 847 1663 917 cujus
1694 843 2090 935 divinitatem,

435 955 616 1013 quam
641 940 701 993 in
728 937 870 994 Filio
901 941 1181 1008 tanquam
1207 935 1266 989 in
1298 934 1554 1005 imagine
1574 931 1895 1003 Scripturis
1917 931 2093 987 testa;
2138 958 2153 967 ε

433 1034 556 1085 tam
588 1027 859 1091 audiunt,
892 1024 1279 1096 blasphemiis
1310 1026 1528 1078 audent
1556 1024 1930 1094 impugnare,
1964 1035 2090 1074 eam

434 1120 692 1174 creatam
724 1131 853 1171 esse
890 1114 1279 1181 afﬁrmantes,
1310 1116 1368 1167 et
1408 1126 1761 1184 quocunque
1789 1126 1852 1165 se
1880 1113 2086 1164 contu-

431 1205 634 1273 lerint,
664 1202 933 1260 voculam
988 1201 1162 1268 hanc,
1192 1216 1305 1256 non
1354 1209 1491 1270 erat,
1523 1198 1702 1254 veluti
1755 1214 1984 1252 caenum
2027 1197 2088 1251 in

429 1309 573 1367 pera
602 1308 802 1349 secum
836 1290 1280 1357 circumferunt,
1306 1289 1616 1361 sicque,ut
1644 1302 1884 1357 serpens
1905 1285 2085 1354 virus,

429 1384 723 1440 evomunt.
758 1379 979 1437 Deinde
1023 1394 1160 1433 vero
1211 1379 1449 1450 quando
1508 1376 1744 1431 illorum
1798 1374 2089 1430 sententia

428 1485 711 1528 nauseam
756 1467 911 1541 parit
938 1467 1236 1531 omnibus,
1273 1465 1551 1521 continuo
1587 1464 1910 1518 humanum
1941 1480 2087 1535 prae-

430 1559 650 1616 sidium
668 1557 1217 1626 auctoritatemque,
1238 1553 1495 1609 labantis
1519 1552 1760 1608 haeresis
1782 1551 2086 1606 fulciendas

432 1664 631 1715 causa,
663 1645 1036 1703 substituunt
1064 1648 1121 1700 et
1166 1647 1530 1715 supponunt,
1566 1647 1631 1697 ut
1677 1641 1805 1711 ejus
1847 1645 2086 1712 aspectu

435 1741 538 1794 aut
567 1739 747 1801 metu,
780 1749 959 1806 quam
991 1732 1165 1788 noxia
1196 1732 1275 1787 sit
1310 1732 1492 1803 impia
1520 1731 1789 1803 ipsorum
1820 1728 2087 1784 doctrina

436 1843 555 1882 non
594 1823 929 1896 intelligant
967 1820 1341 1876 incautiores.
1374 1822 1459 1875 An
1490 1836 1607 1875 non
1637 1819 1818 1891 igitur
1846 1819 2085 1873 misera-

435 1914 661 1970 ratione
692 1910 850 1982 digni
885 1913 1024 1965 sunt
1049 1908 1147 1981 qui
1180 1909 1261 1964 ita
1289 1907 1699 1980 decipiuntur?
1725 1911 1809 1961 An
1843 1923 1955 1962 non
1989 1922 2086 1961 eos

436 2017 671 2074 aequum
703 2002 793 2054 est
832 1998 1066 2064 deflere,
1100 1996 1199 2070 qui
1250 1996 1523 2069 praesenti
1573 1995 1959 2067 mendacique
1986 2011 2086 2050 vo-

435 2090 733 2162 luptatum
766 2086 958 2159 specie
987 2084 1148 2151 victi,
1180 2100 1353 2141 suum
1404 2086 1662 2157 produnt
1689 2085 2085 2147 commodum,

436 2184 495 2236 et
527 2179 725 2234 futura
772 2192 874 2248 spe
912 2174 1168 2231 cadunt?
1198 2173 1305 2240 Qui
1336 2175 1493 2231 enim
1552 2173 1613 2228 in
1672 2172 1908 2228 nomine
1936 2173 2084 2243 ejus,

436 2267 538 2338 qui
571 2265 772 2322 nullus
802 2268 910 2335 est,
937 2264 1298 2336 baptismum
1326 2262 1602 2317 videntur
1630 2261 1911 2332 accipere,
1937 2259 2085 2314 nihil

435 2361 589 2412 certe
636 2353 945 2427 accipient,
979 2352 1080 2407 sed
1137 2351 1217 2406 rei
1270 2354 1472 2406 creatae
1505 2349 1824 2421 con)uncti,
1857 2346 2084 2403 nullum

434 2444 508 2500 ab
539 2460 605 2501 ea
653 2446 1088 2513 consequentur
1134 2439 1439 2495 auxilium.
1472 2438 1614 2494 Cum
1667 2438 1801 2493 item
1849 2438 1909 2492 in
1959 2452 2083 2492 rem

433 2536 647 2589 natura
677 2549 709 2587 a
744 2532 912 2586 Patre
961 2528 1213 2585 alienam
1244 2532 1303 2583 et
1346 2525 1694 2582 dissimilem
1745 2526 1921 2581 iidem
1954 2540 2083 2581 cre-

435 2623 599 2686 dant,
634 2618 856 2675 nullam
889 2633 1124 2689 quoque
1171 2632 1302 2671 cum
1334 2631 1400 2670 eo
1439 2613 1911 2685 conjunctionem
1944 2617 2086 2668 sunt

433 2708 716 2776 habituri,
744 2708 961 2780 quippe
1007 2705 1107 2777 qui
1157 2703 1460 2776 proprium
1491 2707 1548 2758 et
1577 2707 1788 2759 natura
1818 2719 1886 2758 ex
1915 2702 2084 2758 Patre

435 2797 695 2869 genitum
728 2811 843 2850 non
882 2794 1139 2850 habeant
1168 2792 1401 2859 Filium,
1433 2791 1532 2863 qui
1573 2798 1631 2847 et
1667 2791 1794 2863 ipse
1823 2791 1881 2845 in
1915 2792 2085 2846 Patre

435 2890 545 2954 est,
577 2889 636 2942 et
665 2884 723 2940 in
754 2900 870 2957 quo
909 2888 1000 2939 est
1030 2881 1306 2938 similiter
1334 2881 1521 2951 Pater,
1555 2884 1619 2935 ut
1646 2879 1801 2935 idem
1832 2883 2084 2935 testatur

432 2975 613 3031 Filius
637 2974 711 3043 ⁹⁹;
745 2973 844 3029 sed
879 2971 1162 3033 infelices.
1188 2970 1424 3025 illorum
1456 2969 1836 3025 circumventi
1869 2970 2084 3039 impro-

434 3062 795 3131 bitate,nudi
830 3060 998 3133 plane
1018 3065 1075 3116 et
1095 3060 1360 3116 destituti
1384 3058 1692 3113 Divinitate
1716 3062 2079 3129 permanent.

433 3152 551 3208 Nec
583 3150 738 3206 enim
768 3148 930 3221 ipsos
961 3148 1276 3203 morientes
1307 3150 1629 3218 sequentur
1660 3145 1886 3201 fallacia
1915 3150 2081 3201 terras

434 3240 609 3306 bona,
633 3253 736 3294 nec
757 3254 889 3293 cum
916 3236 1428 3307 Dominum,quem
1452 3238 1830 3307 negaverunt,
1846 3234 1905 3289 in
1929 3234 2084 3289 thro-

969 455 1037 513 S.
1082 451 1510 514 ATHANASII
1555 451 1728 511 OPP.
1777 447 1979 509 PARS
2023 446 2073 505 Ι.
2106 478 2182 489 -
2213 442 2633 507 HISTORICA
2681 443 2784 503 E'l‘
2829 438 3311 503 DOGMA'I‘ICA.

429 603 641 661 corpus
675 584 948 642 similiter
996 583 1213 656 specie,
1244 599 1358 638 non
1391 598 1522 636 vere
1570 580 1881 645 habuisse;
1919 577 2082 633 deni-

2196 574 2497 653 φαίνεσθαι,
2558 573 2633 635 ὡς
2696 570 2746 626 ἐν
2808 571 3004 646 ὀνείρῳ
3062 567 3385 661 φαντασίας·
3446 566 3592 623 οὗτοι
3656 565 3713 623 δὲ
3770 569 3815 624 εἰ

3736 439 3855 499 240

3824 563 3849 604 ς

2198 662 2356 717 αὐτὸν
2408 664 2495 717 τὸν
2547 662 2757 738 Πατέρα
2801 680 3043 739 φανερως
3094 653 3368 714 ἀσεϐοῦσι.
3414 657 3520 726 Τὴν
3571 657 3675 733 γὰρ
3725 657 3842 713 θεό-

2196 771 2335 821 τητα
2360 750 2522 806 αὐτοῦ
2553 751 2628 813 εἷς
2665 752 2755 805 τὸν
2801 750 2922 805 Υἱὸν
2975 750 3051 812 ὡς
3082 747 3133 804 ἐν
3186 748 3351 804 εἰκόνι
3397 748 3845 823 μαρτυρουμένην

2201 838 2486 901 ἀκούοντες
2535 840 2639 894 ἀπὸ
2686 843 2794 893 τῶν
2840 842 3089 916 Γραφῶν,
3146 836 3554 914 βλασφημοῦσι,
3599 834 3846 910 λέγοντες

2199 929 2365 999 αὐτὴν
2419 930 2551 984 εἶναι
2604 927 2806 1002 κτίσμα
2864 927 2955 983 καὶ
3016 930 3299 1001 πανταχοῦ
3348 927 3461 1000 (14)
3507 925 3631 1002 περὶ
3682 924 3848 996 αὐτῆς

2196 1020 2279 1091 τὸ,
2314 1018 2411 1074 ούκ
2440 1020 2529 1088 ἦν,
2564 1018 2639 1080 ὡς
2672 1018 2724 1073 ἐν
2755 1020 2907 1092 πήρᾳ
2959 1014 3250 1093 βόρβορον,
3281 1016 3343 1071 τὸ
3394 1012 3652 1087 λεξείδιον
3684 1020 3846 1071 τοῦτο

2198 1111 2567 1189 περιφέρουσι,
2616 1109 2706 1164 καὶ
2758 1110 2832 1171 ὡς
2878 1104 3001 1186 ὄφις
3050 1109 3163 1182 (15)
3208 1108 3299 1162 τὸν
3347 1107 3454 1175 ἱὸν,
3498 1110 3661 1162 τοῦτο
3712 1128 3847 1182 προ-

2198 1195 2518 1256 ϐάλλονται.
2577 1198 2748 1268 Εἶτα,
2806 1195 2992 1267 ἐπειδὴ
3051 1196 3318 1272 ναυσηρὸν
3377 1196 3524 1270 παρὰ
3598 1201 3729 1251 πᾶσι
3785 1197 3845 1251 τὸ

2197 1290 2323 1363 παρ’
2367 1288 2552 1349 αὐτοῖς
2602 1285 2712 1341 ἐστι
2762 1284 2975 1363 δόγμα,
3026 1285 3182 1350 εὐθὺς
3231 1283 3414 1360 ὥσπερ
3463 1280 3687 1361 ἔρεισμα
3737 1287 3849 1359 (16)

2195 1381 2274 1448 τῷ
2329 1377 2584 1450 πτώματι
2640 1382 2741 1445 τῆς
2797 1374 3094 1450 αἱρέσεως,
3150 1375 3252 1444 τὴν
3310 1373 3652 1448 ἀνθρωπίνην
3710 1395 3840 1451 προ-

2198 1465 2413 1521 στασίαν
2449 1463 2891 1536 ὑποτιθέασι,ἵνα
2911 1463 3112 1534 ταύτην
3151 1464 3369 1539 βλέπων
3397 1464 3424 1518 ὁ
3457 1462 3850 1541 ἁπλούστερος,

2194 1555 2230 1625 ἧ
2261 1555 2352 1609 καὶ
2384 1552 2601 1621 δεδιὼς,
2655 1555 2730 1627 μὴ
2781 1557 3017 1628 κατανοῇ
3069 1555 3181 1627 (17)
3209 1553 3271 1608 τὸ
3325 1546 3592 1628 βλαϐερὸν
3622 1559 3723 1622 τῆς
3754 1574 3851 1608 κα-

2193 1641 2536 1719 κοφροσύνης
2595 1643 2770 1699 αὐτῶν
2807 1686 2819 1701 .
2882 1644 3007 1703 ΙῙῶς
3055 1639 3147 1696 οὖν
3206 1640 3306 1696 οὐκ
3358 1637 3504 1711 ἄξιον
3568 1640 3848 1716 οἰκτείρειν

2191 1731 2319 1793 τοὺς
2377 1733 2504 1807 παρ’
2574 1731 2748 1788 αὐτῶν
2809 1730 3199 1803 ἀπατωμένους
3247 1748 3261 1798 ;
3322 1731 3391 1786 ‘H
3424 1733 3542 1791 πῶς
3602 1729 3702 1784 οὐκ
3760 1729 3849 1784 ἐπὶ

2192 1820 2407 1882 τούτοις
2467 1818 2726 1897 δακρῦσαι
2784 1819 2972 1887 καλὸν,
3006 1817 3088 1874 ὅτι
3144 1822 3214 1894 τῇ
3271 1818 3575 1894 παραυτίκα
3624 1815 3713 1873 διὰ
3751 1819 3846 1881 τὰς

2192 1906 2393 1980 ἡδονὰς
2426 1910 2531 1983 (18)
2566 1910 2829 1986 φαντασίᾳ
2848 1905 3167 1984 προδιδόασι
3197 1907 3260 1962 τὸ
3302 1907 3515 1970 ἑαυτοῖς
3546 1905 3848 1986 συμφέρον,

2192 1998 2283 2053 καὶ
2316 1996 2632 2053 ἐκπίπτουσι
2680 2001 2782 2063 τῆς
2818 1995 3132 2070 μελλούσης
3183 1993 3408 2058 ἐλπίδος
3442 2022 3457 2063 ς
3490 1994 3585 2058 Εἷς
3617 1996 3721 2071 γὰρ
3750 1996 3844 2050 τὸν

2195 2085 2300 2141 οὐκ
2343 2080 2472 2141 ὄντα
2518 2082 2798 2148 δοκοῦντες
2848 2079 3163 2158 λαμϐάνειν,
3197 2081 3349 2139 οὐδὲν
3383 2081 3670 2162 εἰληφότες
3698 2081 3849 2139 ἔσον-

2191 2194 2301 2230 ται·
2354 2173 2609 2243 κτίσματί
2655 2194 2714 2230 τε
2761 2172 3203 2246 συντασσόμενοι,
3255 2170 3512 2244 οὐδεμίαν
3572 2173 3718 2249 παρὰ
3746 2180 3846 2243 τῆς

2191 2262 2416 2325 κτίσεως
2479 2261 2654 2333 ἕξουσι
2708 2263 2987 2339 βοήθειαν.
3039 2263 3137 2316 Καὶ
3195 2261 3270 2322 εἰς
3329 2256 3588 2334 ἀνόμοιον
3651 2259 3706 2317 δὲ
3753 2262 3847 2317 καὶ

2193 2348 2488 2427 ἀλλότριον
2545 2352 2662 2406 κατ’
2720 2350 2902 2406 οὐσίαν
2959 2354 3057 2406 τοῦ
3115 2351 3327 2424 Πατρὸς
3370 2351 3738 2419 πιστεύοντες,
3781 2350 3844 2405 οὐ

2194 2440 2618 2512 συναφθήσονται
2646 2443 2727 2512 τῷ
2759 2438 2951 2515 Πατρὶ,
2989 2439 3063 2512 μή
3117 2436 3335 2515 ἔχοντες
3378 2438 3471 2493 τὸν
3502 2434 3639 2492 ἴδιον
3670 2438 3760 2493 καὶ
3793 2436 3846 2509 ἐξ

2192 2525 2356 2581 αὐτοῦ
2379 2527 2529 2605 φύσει
2550 2526 2697 2593 Υἱὸν,
2729 2527 2821 2582 τὸν
2874 2523 3002 2581 ὄντα
3032 2525 3084 2581 ἐν
3111 2531 3191 2598 τῷ
3221 2526 3391 2603 Πατρὶ
3418 2529 3554 2597 (19).
3588 2524 3641 2581 ἰν
3676 2526 3722 2599 ᾧ
3752 2529 3846 2581 καὶ

2192 2615 2221 2669 ὁ
2260 2617 2445 2691 Πατήρ
2490 2615 2652 2687 ἐστιν,
2685 2615 2759 2678 ὡς
2805 2615 2963 2677 αὐτὸς
2997 2612 3231 2691 εἷ’ρηκεν·
3281 2612 3428 2669 ἀλλᾶ
3474 2613 3842 2685 πλανηθέντες

2190 2703 2337 2780 παρᾶ
2363 2703 2593 2780 τούτων,
2646 2702 2843 2778 ἔρημοι
2892 2705 2982 2758 καὶ
3028 2703 3225 2780 γυμνοὶ
3274 2702 3465 2759 λοιπὸν
3510 2703 3845 2777 ἀπομένουσι

2188 2799 2289 2861 τῆς
2337 2792 2593 2863 θεότητος
2642 2794 2693 2847 οἱ
2742 2790 2954 2850 ἄθλιοι.
3006 2790 3142 2848 Οὐδὲ
3179 2793 3279 2868 γὰρ
3333 2790 3692 2863 ἀκολουθήσει
3722 2795 3837 2865 (20)

2188 2880 2406 2935 τούτοις
2464 2881 2893 2952 ἀποθνήσκουσιν
2952 2883 2988 2951 ἡ
3045 2885 3152 2937 τῶν
3215 2880 3301 2936 ἐπὶ
3360 2886 3464 2956 γῆς
3523 2880 3787 2959 φαντασία
3822 2901 3835 2914 ·

2192 2965 2306 3023 οὖδ⁹
2348 2967 2472 3024 ὅταν
2517 2966 2733 3038 Ἱδωσιν,
2783 2969 2840 3025 ὃν
2892 2971 3232 3045 ἠρνήσαντο,
3283 2968 3479 3041 Κύριον
3524 2971 3837 3043 καθήμενον

2192 3055 2279 3111 ἐπὶ
2308 3056 2401 3112 τὸν
2438 3055 2628 3132 θρόνον
2661 3060 2772 3131 (21)
2821 3061 2918 3113 τοῦ
2966 3059 3178 3134 Πατρὸς
3226 3057 3413 3128 αὐτοῦ,
3455 3058 3544 3113 καὶ
3590 3058 3851 3134 κρίνοντα

2194 3150 2396 3214 ζῶντας
2453 3146 2544 3201 καὶ
2596 3145 2818 3216 νεκροὺς
2852 3191 2865 3214 ,
2928 3143 3211 3216 δυνήσεταί
3280 3167 3363 3207 τις
3441 3146 3516 3209 εἷς
3584 3147 3842 3220 βοήθειαν

2190 3232 2609 3290 ἐπικαλέσασοαί
2656 3237 2764 3309 (22)
2810 3255 2929 3289 τινα
2977 3238 3084 3290 τῶν
3129 3239 3220 3290 νῦν
3278 3233 3689 3304 ἀπατησάντων.
3720 3242 3847 3312 Κρι-

436 3344 512 3383 no
542 3326 731 3383 Patris
760 3325 909 3382 405
947 3324 1039 3379 sui
1079 3325 1378 3380 sedentem
1408 3323 1678 3393 viderint,
1709 3323 1987 3394 vivosque
2016 3338 2082 3377 ac

2194 3322 2455 3392 νομένους
2482 3322 2581 3399 γὰρ
2612 3322 2701 3377 καὶ
2746 3321 2942 3384 αὐτοὺς
2990 3317 3212 3397 ὄψονται
3241 3321 3330 3377 καί
3365 3321 3847 3397 μεταμελομένους

438 3419 704 3471 mortuos
753 3414 1142 3486 judicantem,
1176 3412 1431 3485 aliquem
1486 3411 1745 3472 illorum,
1790 3429 1825 3466 a
1872 3411 2088 3483 quibus

2198 3410 2279 3488 ἐφ’
2312 3411 2392 3473 οἷς
2420 3408 2686 3481 ἠδίκησαν
2719 3411 2809 3466 καὶ
2840 3406 3133 3483 ἥσέϐησαν.

440 3503 821 3560 circumventi
855 3506 1014 3569 sunt,
1041 3501 1101 3556 in
1135 3500 1228 3557 sui
1259 3499 1541 3556 auxilium
1575 3500 1772 3556 licebit
1799 3499 1884 3556 eis
1915 3501 2216 3557 advocare.
2247 3501 2387 3557 Nam
2425 3499 2560 3557 illos
2593 3518 2827 3575 quoque
2862 3502 3143 3573 judicari,
3174 3505 3230 3557 et
3259 3501 3547 3569 omnium,
3580 3519 3707 3576 quae
3737 3502 3855 3559 ini-

442 3608 555 3666 que
586 3596 644 3649 et
674 3591 850 3664 impie
879 3589 1123 3662 egerint,
1153 3590 1438 3645 videbunt
1468 3588 1768 3662 poenitere.

510 3682 600 3737 44.
657 3685 787 3736 Hec
845 3695 1033 3752 psrro,
1091 3678 1201 3736 loci
1261 3679 1704 3734 Proverbiorum
1759 3678 2087 3750 explicandi

440 3768 650 3842 gratia,
672 3769 955 3824 hactenus
987 3766 1404 3839 praemisimus,
1428 3766 1821 3838 absurdisque
1849 3765 2085 3823 illorum

438 3857 773 3915 refellendis
822 3855 1173 3912 commentis
1228 3856 1586 3923 institimus;
1620 3860 1682 3911 ut
1714 3859 2084 3928 perspectum

436 3946 744 4014 habentes,
778 3944 986 4001 Filium
1037 3943 1132 4000 Dei
1189 3944 1302 3999 dici
1362 3949 1620 4000 creatum
1679 3961 1793 3999 non
1852 3943 2084 4013 debere,

434 4039 588 4090 recte
645 4033 837 4106 legere
877 4033 1106 4087 discant
1162 4031 1331 4087 illum
1390 4031 1834 4087 Proverbiorum
1866 4031 2082 4099 locum,

433 4124 603 4195 cujus
651 4139 797 4179 sana
848 4121 1050 4194 utique
1082 4126 1171 4176 est
1200 4120 1507 4176 sententia.
1542 4121 1746 4192 Itaque
1796 4120 2082 4192 scriptum

432 4214 671 4285 quidem
713 4214 801 4267 est
833 4227 846 4265 :
880 4211 1145 4266 Dominus
1196 4211 1398 4266 creavit
1449 4225 1535 4265 me
1586 4209 1814 4265 initium
1868 4210 2085 4265 viarum

430 4317 662 4357 suarum
689 4301 747 4354 in
779 4314 946 4371 Opera
996 4301 1169 4366 sua';
1202 4314 1401 4353 verum
1457 4297 1597 4369 quia
1649 4297 1955 4370 proverbia
1982 4296 2086 4353 illa

435 4392 594 4455 sunt,
615 4386 995 4459 idqueinstar
1015 4387 1303 4458 proverbii
1331 4390 1419 4442 est
1441 4387 1693 4454 dictum;
1728 4386 2083 4442 haecidcirco

432 4475 611 4532 verba
663 4490 801 4541 non,
835 4480 900 4529 ut
937 4474 1092 4529 nude
1137 4476 1356 4546 jacent,
1391 4479 1531 4531 sunt
1584 4473 1946 4546 explicanda,
1979 4475 2079 4529 sed

2269 3679 2355 3733 44.
2405 3681 2581 3733 Ταῦτα
2636 3677 2744 3751 πρὸ
2789 3682 2887 3732 τοῦ
2946 3676 3115 3754 ῥητοῦ
3165 3683 3272 3734 τῶν
3331 3683 3650 3754 Παροιμιῶν
3708 3678 3850 3743 τέως

2196 3760 2544 3841 διελάϐομεν,
2577 3765 2915 3839 ἐνιστάμενοι
2946 3766 3083 3841 πρὸς
3128 3768 3224 3830 τὰς
3267 3765 3501 3841 ἀλόγους
3533 3767 3593 3823 ἐκ
3621 3764 3847 3843 καρδίας

2194 3852 2367 3908 αὐτῶν
2426 3852 2856 3926 μυθοπλαστὶας’
2906 3851 2999 3909 ’ίνα
3052 3854 3289 3929 γνόντες,
3339 3855 3414 3917 ὡς
3469 3854 3574 3931 οὐχ
3617 3855 3847 3929 ἁρμόζει

2195 3938 2372 4016 λέγειν
2404 3941 2608 4016 κτίσμα
2634 3943 2726 3997 τὸν
2760 3943 2883 3997 Υἱὸν
2929 3946 3027 3998 τοῦ
3068 3946 3223 4014 Θεοῦ,
3260 3941 3470 4016 μάθωσι
3500 3942 3683 4004 καλῶς
3715 3942 3842 3998 ἄνα-

2191 4030 2472 4105 γινώσκειν
2531 4032 2620 4086 καὶ
2671 4029 2822 4085 αὐτοὶ
2879 4031 2941 4085 τὸ
2999 4029 3050 4085 ἐν
3108 4036 3227 4094 ταῖς
3280 4031 3606 4106 Παροιμίαις
3651 4030 3840 4108 ῥητὸν,

2194 4117 2356 4194 ὀρθὴν
2415 4115 2543 4194 ἕχον
2600 4117 2689 4173 καὶ
2748 4118 2878 4174 αὐτὸ
2923 4120 3023 4189 τὴν
3075 4116 3337 4175 διάνοιαν.
3375 4120 3677 4196 Γέγραπταῖ
3740 4120 3843 4194 μὶν

2192 4207 2343 4282 γάρ’
2403 4206 2599 4283 Κύριος
2659 4206 2834 4263 ἔκτισέ
2909 4228 2976 4280 με
3048 4207 3226 4284 ἀρχὴν
3305 4205 3445 4263 ὁδῶν
3524 4208 3688 4263 αὐτοῦ
3765 4209 3843 4272 είς

2192 4292 2325 4371 ἔργα
2356 4295 2539 4351 αὐτοῦ·
2589 4295 2717 4352 ἀλλ’
2766 4295 2953 4366 ἐπειδὴ
3004 4297 3293 4375 παροιμίαι
3340 4297 3465 4367 εἶσὶ,
3512 4299 3601 4353 καὶ
3645 4319 3844 4373 παροι-

2195 4381 2415 4458 μιωδῶς
2466 4383 2694 4460 ἐλέχθη,
2728 4385 2791 4440 ού
2841 4384 2922 4441 δεῖ
2965 4387 3065 4455 τήν
3111 4387 3407 4464 πρόχειρον
3457 4386 3598 4458 λέξιν
3649 4386 3844 4451 ἁπλῶς

2190 4472 2361 4535 οὕτως
2418 4468 2799 4548 ἐκλαμϐάνειν,
2847 4473 2991 4530 ἀλλά
3045 4475 3108 4531 τὸ
3164 4474 3457 4551 πρόσωπον
3662 4481 3843 4547 ζητεῖν

433 4536 857 4621 attendendum
888 4566 977 4618 est
1005 4562 1075 4618 ad
1113 4536 1444 4634 pversonam,
1470 4536 1675 4636 itaque
1700 4536 2082 4634 congruenter

2194 4559 2281 4617 καὶ
2314 4561 2457 4616 οὕτω
2508 4536 2622 4634 μετ’
2668 4557 2936 4625 εὐσεϐείας
2978 4563 3072 4619 τὸν
3124 4536 3246 4619 νοῦν
3299 4536 3627 4643 ἑφαρμόξειν
3671 4536 3841 4638 αύτῷ.

502 4692 546 4728 ⁹⁹
572 4691 745 4748 Joan.
777 4706 895 4761 xxv,
934 4690 1017 4745 10.
1095 4693 1112 4726 ¹
1148 4690 1315 4745 Prov.
1347 4707 1469 4758 vm,
1498 4692 1590 4745 22.

499 4826 611 4900 (14)
668 4824 860 4901 F_elck.
908 4826 974 4901 _4,
1014 4822 1122 4878 ἀπὸ
1145 4827 1284 4901 ¹τῶν
1338 4827 1564 4901 Γρᾳφῷν
1601 4826 1955 4901 μαρτυροῦσι,
1989 4822 2078 4901 λέτ

424 4892 608 4974 γοντες
654 4895 824 4974 αὐτὴν
883 4892 1018 4951 εἶναι
1069 4893 1292 4969 κτίσμα,
1352 4892 1473 4949 καῖ’
1504 4892 1892 4971 βλασφημοῦσι
1918 4892 1950 4964 ,’
1988 4896 2078 4950 καὶ

423 4972 726 5043 πανταχοῦ,
756 4974 867 5024 etc.

496 5032 776 5113 (15)"Be'g.
808 5046 875 5114 et
898 5037 1102 5114 ΔΕθιοιί.
1133 5038 1188 5106 5,
1220 5036 1296 5100 ὡς
1344 5032 1512 5114 ὄφεις.
1556 5035 1740 5093 Iidem
1790 5041 1848 5093 et
1876 5036 2066 5093 Felck.

423 5112 478 5178 4,
503 5104 704 5183 τοῦτου
720 5104 1162 5183 ’προϐἀληονταιτ

491 5183 607 5254 (16)
666 5173 939 5254 Ρθιὸιςηζ
969 5180 1253 5254 et__editiq
1290 5178 1573 5234 Commel.
1630 5176 1784 5240 εὐθὺς
1826 5173 2068 5251 ἔρεισμα.

422 5245 625 5310 Οώῑθίιί
659 5269 798 5307 mss.
833 5248 986 5313 εὐθὺς
1005 5248 1196 5324 ῥύσπερ
1228 5245 1470 5322 ἔρεισμα.

495 5325 609 5395 (17)
639 5324 878 5395 Seguer.
910 5326 968 5395 et
1003 5321 1572 5395 ΕοΙοΚκ1ηκατανοεῖ.

495 5326 587 5394 (17
639 5326 878 5395 Seguer.
910 5326 968 5376 et
1003 5326 1185 5378 Felck.
1222 5326 1274 5386 1,
1304 5326 1572 5376 κατανοεῖ.

494 5326 609 5465 (181
636 5395 875 5465 Seguer.
914 5392 1151 5465 Gobler.
1205 5393 1392 5465 Eelclg.
1446 5396 1469 5447 1
1520 5397 1578 5448 et
1608 5393 1660 5460 4,
1696 5388 1784 5448 διὰ
1809 5396 1904 5458 τὰς
1936 5392 2069 5465 ἡδο·

419 5459 532 5541 νᾴξ.
568 5459 744 5541 Editi'
768 5470 830 5541 et
876 5462 995 5541 alii,
1158 5461 1285 5541 fni;
1312 5460 1535 5541 ᾐδονῆς.
1574 5459 1970 5541 MoyHAnglic.‘
2002 5468 2069 5524 Oi

419 5536 523 5612 γὰρ
546 5537 639 5591 τὸν
673 5535 771 5590 οὐκ
791 5530 1047 5612 civ-riunt
1076 5540 1135 5591 et
1158 5534 1722 5612 legit.Nanniu_s.Al_ii
1752 5530 1885 5612 vei-lo
1924 5557 2068 5595 mss.

416 5604 623 5681 omnes
642 5619 710 5681 _et
740 5607 919 5662 editio
948 5605 1238 5681 Geminei.
1265 5604 1359 5666 Εἰς
1384 5605 1491 5681 χὰρ
1519 5606 1740 5681 τὸνῄοὐκ
1769 5604 1925 5681 ὄντα,
1956 5616 2069 5681 etc.

491 5680 603 5751 (19)
634 5679 871 5751 seguer.
907 5680 1061 5751 Reg_._
1097 5677 1328 5751 _Gol_)ler.
1384 5677 1573 5751 li‘elgk.
1610 5679 1632 5731 1
1669 5684 1725 5734 et
1766 5684 1821 5751 5,
1854 5677 1982 5735 ὄντα
2015 5680 2067 5735 ἐν

413 5742 507 5822 τῷ
526 5742 858 5825 Πατρί.”Α1ἱί
889 5753 943 5804 et
972 5742 1149 5803 e‘ditio
1179 5748 1458 5804 Commel.
1489 5742 1613 5801 ὄντα
1630 5752 1710 5820 τῷ
1741 5742 1931 5827 Πάτρε,

2191 4829 2318 4882 Mox
2349 4827 2585 4909 _S_e_gu_er._
2626 4826 2765 4909 Reg.
2787 4826 3047 4909 .G‘obler.
3083 4828 3277 4909 Felcl}.
3366 4837 3421 4885 el
3448 4830 3502 4909 5_,
3537 4827 3682 4909 παρὰ
3709 4827 3843 4909 τού-

2190 4917 2330 4968 των.)
2354 4897 2508 4953 Editi
2538 4902 2592 4953 et
2623 4897 2744 4968 alii,
2776 4897 2883 4952 ἀπὸ
2930 4898 3160 4955 τούτων.
3197 4901 3417 4957 Ibidem
3468 4897 3667 4957 Basili.
3717 4899 3838 4956 λοι-

2178 4968 2278 5023 πὸν
2310 4967 2415 5023 ἀπο
2424 4968 2649 5041 μένωσι.

2249 5041 2363 5116 (20)
2404 5036 2640 5115 Seguer.
2690 5036 2815 5095 οὐδὲ
2858 5038 3239 5110 ἀκολουθήσει.
3271 5041 3495 5099 Ibidem
3553 5042 3746 5100 Felck.
3778 5044 3836 5116 5,

2176 5110 2433 5173 τούτους.

2183 5254 2215 5265 ..
2246 5183 2540 5265 1ἓ⁴)..κεε-
2593 5186 2649 5265 9t
2698 5182 3008 5265 Ρᾘοιίέξνς.
3045 5180 3131 5265 έτςῖ
3180 5186 3276 5265 τεῦ
3324 5185 3551 5265 θρόνριις.
3589 5186 3835 5265 $9899!-

2179 5253 2564 5344 ἱὶξὶἀζυατρὸς
2598 5254 2806 5308 ἑαυτοῦ.
2861 5254 3052 5310 Felck.
3090 5258 3140 5327 4,
3190 5253 3407 5318 αὐτούς.
3443 5257 3554 5312 Alii
3584 5264 3641 5314 et
3669 5253 3836 5325 éditi,

2179 5345 2364 5470 αυῖἕέᾗ
2414 5397 2654 5470 δθευφιι,
2701 5399 2759 5470 et
2806 5394 2956 5452 Felc.
3010 5397 3060 5465 4,
3123 5394 3560 5470 ἐπικαλέσασθαι.
3608 5399 3834 5455 Ibidem

2180 5467 2420 5561 ξιθειξςξτ.
2474 5467 2797 5561 etangius
2815 5510 2856 5561 ,Ἴ
2885 5470 3021 5561 τῶν,
3039 5471 3130 5521 νῦν
3168 5469 3559 5561 ἀπατήσαντων
3587 5511 3598 5524 .
3652 5471 3834 5558 βθεὶὶ.

2180 5540 2488 5612 Anglican.
2540 5540 2769 5595 Gobler.
2815 5540 2965 5595 Felc.
3002 5540 3027 5593 1
3084 5546 3143 5596 et
3170 5542 3225 5602 5,
3276 5544 3382 5595 τῶν
3412 5540 3832 5610 ἆπατησάντων.

2180 5612 2349 5687 [ﬁdit],
2402 5607 2949 5687 égxuleioﬂaiﬁwa'
2983 5610 3345 5687 κρινομένους
3384 5612 3651 5687 «ntehac.
3686 5614 3834 5685 Ibid.

2181 5682 2598 5759 GoblerLFelc.
2634 5685 2657 5737 1
2693 5682 2835 5759 et},
2866 5682 3217 5759 κρινομένους
3246 5682 3348 5759 γᾲρ
3378 5682 3596 5747 αὐτούς.

2250 5755 2365 5826 (23)
2395 5753 2624 5811 Gobler.
2658 5758 2715 5811 et
2743 5752 2980 5824 Felc.'1,
3014 5752 3161 5811 ἀλλά
3191 5752 3506 5829 πρόσωπον.
