4076 6316
460 367 573 428 251

999 372 1065 431 S.
1112 369 1540 431 ATHANASII
1586 369 1761 430 OPP.
1810 368 2009 429 PAllS
2056 368 2101 426 Ι.
2136 398 2211 409 —
2244 367 2664 430 HISTORICA
2706 368 2810 429 ET
2853 367 3330 430 DOGMA'I‘ICA.

3753 370 3868 429 952

463 499 650 570 Igitur
680 499 822 570 si,ut
853 500 993 570 dixi,
1018 501 1268 556 Verbum
1301 505 1563 557 creatum
1594 503 1768 567 esset,
1799 515 1916 554 non
1949 496 2105 567 prius

2225 494 2427 568 κτίσμα
2473 496 2539 565 ἦν
2592 498 2620 551 6
2672 497 2868 574 Λόγος,
2915 495 3020 552 ἔδει
3075 499 3151 570 μὴ
3201 501 3420 574 πρῶτον
3471 497 3667 568 αὐτῶν,
3727 496 3871 553 ἀλλὰ

465 589 564 642 sed
600 605 717 642 una
747 605 881 642 cum
913 588 1043 644 aliis
1073 589 1389 644 virtutibus
1422 590 1640 644 factum
1674 587 1900 653 fuisset,
1922 603 2113 656 quan-

464 677 683 732 tumvis
741 676 950 733 iisdem
999 677 1180 746 gloria
1207 677 1534 734 antecellat.
1570 679 1654 732 Ita
1698 677 1853 732 enim
1900 693 1963 730 se
2021 692 2114 731 res

465 765 640 820 babet
669 766 726 820 in
761 767 1002 836 caeteris,
1037 785 1164 838 quas
1198 785 1408 840 nempe
1440 767 1616 822 simul
1663 769 1826 820 facta!
1857 767 2112 832 fuerunt,

467 854 745 925 nullaque
796 855 948 910 inter
994 856 1123 911 illas
1174 856 1363 928 prima
1408 863 1497 912 est
1532 856 1621 912 vel
1673 855 1952 924 secunda,
1983 854 2116 910 licet

463 941 651 1014 gloria
682 943 833 999 inter
862 960 924 999 se
953 943 1243 1016 differant,
1278 945 1357 1001 ita
1389 951 1451 1000 ut
1480 945 1603 1000 alia:
1649 945 1884 1015 quidem
1918 961 1950 998 a
1979 943 2114 998 dex-

465 1031 590 1101 tris,
655 1031 778 1086 aliae
836 1032 1080 1105 circum,
1141 1033 1268 1089 aliae
1324 1052 1357 1090 a
1414 1034 1699 1102 sinistris,
1757 1034 1858 1088 sed
1916 1037 2115 1088 tamen

463 1137 667 1176 omnes
700 1121 879 1176 simul
911 1122 1094 1178 Deum
1127 1122 1454 1194 laudent,et
1487 1123 1728 1179 Domino
1757 1121 2112 1177 ministrent.

461 1209 741 1274 Quocirca
769 1211 819 1265 si
856 1210 1112 1267 Verbum
1145 1221 1402 1268 creatum
1435 1217 1545 1281 est,
1581 1229 1685 1268 nec
1720 1213 1974 1282 primum
2010 1227 2114 1266 nec

459 1298 814 1371 principium
865 1300 1114 1356 aliorum
1165 1319 1293 1358 esse
1344 1307 1555 1374 potest.
1589 1301 1647 1356 Si
1678 1317 1809 1356 vero
1859 1305 1991 1354 ante
2023 1317 2114 1354 res

459 1403 663 1442 omnes
691 1388 891 1454 est,uti
926 1406 1120 1445 revera
1152 1395 1259 1459 est,
1283 1391 1598 1462 ipsumque
1631 1390 1822 1445 solum
1856 1388 2112 1460 primum

459 1482 550 1532 est
579 1482 636 1532 et
689 1476 866 1532 Filius
896 1483 1026 1533 est:
1064 1495 1174 1534 non
1233 1479 1410 1549 igitur
1459 1481 1784 1534 secundum
1838 1481 2112 1533 naturam

459 1565 724 1620 omnium
755 1571 845 1621 est
894 1566 1270 1639 principium.
1306 1567 1452 1622 Nam
1508 1567 1660 1623 inter
1707 1566 1906 1622 omnia
1937 1565 2112 1621 etiam

461 1655 727 1710 omnium
779 1654 1133 1728 principium
1183 1672 1550 1712 numeratur.
1585 1656 1746 1722 Quod
1801 1655 1853 1711 si
1901 1654 2114 1726 princi-

460 1741 624 1814 pium
657 1760 773 1799 non
821 1749 947 1812 est;
985 1761 1087 1801 nec
1135 1746 1311 1801 etiam
1361 1751 1622 1802 creatum
1663 1750 1771 1815 est,
1803 1745 1904 1801 sed
1957 1748 2116 1816 patet

462 1831 659 1903 ipsum
694 1833 1025 1890 substantia
1052 1841 1108 1890 et
1140 1840 1349 1890 natura
1380 1853 1413 1891 a
1442 1836 1619 1892 rebus
1642 1835 1880 1907 quidem
1905 1833 2113 1933 creatis
2147 1863 2192 1926 Β

461 1921 1006 2014 difl‘erre,al‘i'udque
1035 1925 1108 1978 ab
1139 1923 1255 1979 illis
1287 1941 1437 1992 esse,
1462 1924 1646 1980 solius
1678 1928 1874 1979 autem
1909 1928 1966 1978 et
1995 1923 2112 1978 veri

459 2010 557 2065 Dei
593 2010 1040 2068 similitudinem
1073 2029 1201 2068 esse
1217 2018 1273 2068 et
1299 2011 1836 2084 imaginem,solum
1860 2013 2114 2083 denique

456 2101 515 2153 et
542 2097 739 2168 ipsum
785 2100 1084 2156 exsistere.
1144 2100 1287 2156 Hinc
1317 2101 1512 2172 ipsum
1561 2101 1715 2156 inter
1745 2117 1837 2156 res
1886 2106 2112 2156 creatas

460 2202 579 2241 non
626 2185 914 2243 colloeant
959 2189 1294 2261 Scripturze.
1349 2191 1470 2245 Imo
1521 2189 1700 2246 David
1750 2206 1870 2255 eos,
1907 2189 2006 2260 qui
2051 2189 2109 2244 id

459 2273 549 2330 vel
581 2290 752 2346 agere
801 2277 1082 2348 cogitant,
1117 2278 1209 2334 his
1240 2278 1431 2334 verbis
1473 2280 1667 2350 arguit
1696 2295 1708 2334 ε
1750 2279 1880 2346 Quis
1905 2279 2114 2334 similis

455 2364 542 2417 lui
571 2364 627 2418 in
658 2363 788 2431 diis,
819 2367 1052 2420 Domine
1078 2364 1166 2420 8°?
1199 2371 1256 2421 et
1289 2383 1300 2420 :
1340 2368 1468 2435 Quis
1497 2367 1702 2422 similis
1739 2369 1847 2422 erit
1881 2369 2113 2422 Domino

462 2452 521 2506 in
569 2451 703 2521 ﬁliis
751 2453 848 2508 Dei
873 2454 914 2488 ³¹
938 2453 964 2507 ?
1012 2455 1080 2508 Et
1127 2453 1402 2510 Baruch:
1459 2457 1553 2510 llic
1598 2457 1675 2510 est
1720 2457 1862 2510 Deus
1903 2465 2109 2524 noster,

459 2556 570 2594 non
601 2542 971 2598 wstimabilur
1020 2542 1172 2598 alius
1217 2543 1483 2599 adversus
1529 2561 1658 2599 eum
1687 2545 1750 2599 3'.
1810 2545 2111 2602 Enimvero

463 2629 554 2685 hic
585 2634 761 2698 creat,
796 2631 897 2686 illa
946 2636 1145 2688 autem
1197 2639 1490 2689 creantur.
1539 2633 1845 2706 Proprium
1897 2634 1994 2690 ille
2024 2639 2114 2692 est

459 2722 683 2774 natura:
716 2720 904 2777 Patris
924 2720 1181 2777 Verbum
1203 2727 1261 2778 et
1283 2722 1581 2795 Sapientia
1607 2739 1618 2778 :
1655 2741 1746 2778 res
1771 2740 1901 2778 vero
1927 2725 2110 2793 factae,

458 2824 593 2864 cum
624 2815 798 2866 antea
827 2827 940 2865 non
973 2816 1192 2879 essent,
1219 2827 1320 2883 per
1354 2811 1545 2884 ipsum
1579 2811 1836 2867 Verbum
1873 2812 2112 2868 fuerunt

461 2897 778 2967 productae.

525 2987 615 3042 50.
649 2987 779 3043 Hzec
810 2988 990 3060 igitur
1019 3006 1146 3061 quae
1187 2993 1312 3046 tam
1369 2992 1572 3047 crebro
1594 2991 1883 3062 jactitatis
1912 2991 2108 3062 verba,

459 3075 642 3130 Filius
673 3093 764 3132 res
811 3082 902 3133 est
942 3083 1155 3146 creata,
1198 3095 1331 3134 vera
1381 3079 1543 3135 nullo
1593 3081 1766 3136 modo
1815 3085 1972 3150 sunt,
2005 3083 2106 3137 sed

457 3179 685 3218 merum
727 3169 928 3221 vestras
988 3168 1202 3224 mentis
1259 3174 1655 3224 commentum
1717 3174 1828 3235 est,
1889 3188 2106 3243 vosque

2228 583 2360 656 μετὰ
2409 589 2515 639 τῶν
2567 581 2753 640 ἄλλων
2813 588 2929 659 (81)
2975 583 3250 659 δυνάμεων
3302 589 3415 659 ἅμα
3463 586 3725 661 γίνεσθαι,
3773 586 3868 641 κᾶν

2223 677 2290 745 τῇ
2347 669 2472 747 δόξῃ
2524 672 2692 729 πλέον
2743 679 2852 730 τῶν
2904 674 3088 730 ἄλλων
3143 675 3402 751 ὑπερέχῃ’
3455 675 3597 730 οὕτω
3648 677 3750 751 γὰρ
3781 675 3870 730 καὶ

2225 762 2448 816 ἐπὶτῶν
2492 760 2678 818 ἄλλων
2709 765 2881 840 εὑρεῖν
2933 764 3097 835 ἔστιν,
3149 763 3230 818 ὅτι
3282 764 3398 837 ἃμα
3454 764 3547 837 μὲν
3598 763 3870 839 γεγόνασι,

2221 850 2311 904 καὶ
2344 850 2442 906 οὐκ
2475 849 2588 906 ἔστι
2635 858 2857 925 πρῶτος
2901 855 2937 923 ἢ
2990 850 3258 927 δεύτερος,
3309 851 3621 931 διαφέρουσι
3667 851 3724 908 δὲ
3773 851 3873 908 ἀλ-

2226 937 2416 1008 λήλων
2453 939 2505 995 ἐν
2537 936 2691 1015 δόξῃ,
2721 942 2810 996 καὶ
2843 943 2894 996 οἱ
2929 942 3022 1014 μὲν
3052 941 3112 996 ἐκ
3142 939 3355 1014 δεξιῶν,
3387 943 3440 996 οἱ
3473 939 3529 997 δὲ
3558 940 3868 1015 κύκλῳ,καὶ

2225 1025 2388 1083 ἄλλοι
2421 1028 2471 1099 ἐξ
2501 1029 2822 1106 ἀριστερῶν,
2846 1031 2935 1085 καὶ
2967 1030 3156 1093 πάντες
3191 1031 3715 1103 ὑμνοῦσιν,ἅμα,καὶ
3732 1050 3869 1104 παρ·

2226 1119 2477 1188 εστήκασι
2508 1117 2944 1194 λειτουργοῦντες
2969 1119 3049 1192 τῷ
3094 1120 3299 1196 Κυρίῳ.
3350 1119 3554 1174 Οὐκοῦν
3599 1119 3645 1174 εῑ
3674 1119 3874 1192 κτίσμα

2225 1205 2364 1261 ἐστὶν
2396 1207 2424 1261 6
2457 1207 2726 1283 Λόγος,οὐ
2758 1213 2974 1283 πρῶτος
3008 1209 3068 1263 ἂν
3098 1206 3337 1280 εἷή,οὐδέ
3366 1209 3637 1284 ἀρχὴτῶν
3662 1208 3870 1264 ἄλλων*

2224 1295 2270 1350 εἷ’
2301 1293 2358 1350 δὲ
2387 1297 2493 1372 πρὸ
2523 1295 2737 1352 πάντων
2767 1297 2935 1368 ἐστὶν,
2971 1297 3152 1373 ὥσπερ
3186 1297 3276 1352 οῦν
3309 1298 3398 1352 καὶ
3439 1295 3669 1367 ἕστι,καὶ
3706 1297 3870 1371 μόνος

2222 1383 2384 1448 αὐτὸς
2413 1391 2626 1462 πρῶτος
2656 1387 2744 1441 καὶ
2772 1387 2896 1450 Υἱός
2929 1386 3092 1457 ἐστιν,
3129 1387 3228 1442 οὐκ
3258 1384 3359 1461 ἄρα
3407 1384 3531 1442 οὐδὲ
3577 1387 3723 1463 ἁρχὴ
3763 1391 3869 1442 τῶν

2222 1475 2438 1529 πάντων
2474 1477 2680 1550 (82)τῇ
2736 1475 2892 1547 οὐσίᾳ
2941 1476 3103 1531 ἐστίν·
3165 1475 3218 1531 ἐν
3264 1477 3364 1553 γὰρ
3413 1481 3530 1537 τοῖς
3560 1482 3687 1530 πᾶσι
3717 1476 3808 1530 καὶ
3837 1479 3871 1546 ἡ

2225 1564 2370 1638 ἀρχὴ
2427 1569 2533 1618 τῶν
2589 1567 2804 1620 πάντων
2865 1571 3291 1639 συναριθμεῖται.
3353 1565 3417 1620 Εἰ
3474 1562 3532 1620 δὲ
3585 1565 3661 1638 μὴ
3724 1565 3871 1641 ἀρχή

2223 1651 2389 1722 ἐστιν,
2417 1651 2541 1708 οὐδὲ
2570 1653 2773 1726 κτίσμα
2801 1653 2965 1727 ἐστὶν,
2998 1653 3124 1710 ἀλλ’
3156 1652 3390 1726 εὔδηλον
3426 1655 3492 1709 ἃν
3543 1652 3651 1725 εἴη,
3701 1654 3776 1716 ὡς
3806 1657 3874 1727 τῇ

2224 1739 2378 1811 οὐσίᾳ
2407 1742 2496 1796 καὶ
2525 1747 2594 1816 τῇ
2647 1742 2798 1819 φύσει
2850 1747 2959 1798 τῶν
3013 1743 3106 1816 μὲν
3134 1745 3445 1818 κτισμάτων
3484 1741 3751 1812 διέστηκε,
3783 1743 3874 1797 καὶ

2223 1829 2395 1892 ἄλλος
2425 1829 2562 1886 ἐστὶν
2599 1832 2795 1887 αὐτῶν·
2832 1837 2928 1888 τοῦ
2959 1831 3016 1888 δὲ
3062 1833 3228 1907 μόνου
3285 1832 3376 1889 καί
3424 1831 3690 1904 ἀληθινοῦ
3740 1837 3874 1888 Θεοῦ

2224 1919 2487 1990 ὁμοίωσις
2548 1921 2637 1976 καὶ
2693 1923 2850 1976 εἰκών
2905 1921 3038 1989 ἐστι,
3084 1922 3246 1996 μόνος
3278 1922 3366 1977 καὶ
3401 1922 3557 1984 αὐτὸς
3589 1921 3872 1997 ὑπάρχων.

2223 2008 2318 2062 Διά
2345 2013 2506 2063 τοῦτο
2561 2015 2690 2086 γοῦν
2752 2009 2877 2066 οὐδὲ
2923 2017 3039 2072 τοῖς
3088 2012 3372 2084 κτίσμασιν
3428 2011 3584 2066 αὐτὸν
3644 2013 3866 2066 συντάτ-

2219 2117 2399 2151 τουσιν
2459 2100 2512 2152 αἱ
2570 2099 2792 2177 Γραφαί·
2854 2097 2980 2154 ἀλλ’
3027 2102 3055 2155 6
3109 2101 3202 2173 μὲν
3251 2097 3413 2154 Δαυίδ
3447 2103 3556 2173 (83)
3599 2098 3867 2169 ἐπιπλήτ-

2220 2206 2299 2239 τει
2345 2191 2464 2249 τοῖς
2521 2192 2766 2243 τοιοῦτον
2816 2188 2974 2244 αὐτὸν
3039 2191 3135 2242 κᾶν
3187 2187 3530 2262 ἐνθυμεῖσθαι
3584 2185 3864 2261 τολμῶσι,

2223 2273 2415 2350 λέγων·
2475 2275 2565 2338 Τίς
2615 2276 2810 2350 ’ὅμοιός
2868 2298 2954 2332 σοι
3012 2277 3063 2332 ἐν
3124 2279 3290 2347 θεοῖς,
3350 2276 3562 2352 Κύριες
3628 2277 3738 2332 καὶ·
3777 2277 3870 2338 Τίς

2222 2365 2623 2437 ὁμοιωθήσεται
2671 2371 2751 2438 τῷ
2799 2366 2981 2441 Κυρίῳ
3035 2365 3086 2422 ἐν
3139 2368 3282 2429 υἱοῖς
3339 2364 3509 2435 Θεοῦ;
3561 2367 3622 2424 Ὀ
3673 2363 3729 2420 δὲ
3758 2367 3866 2422 Βα-

2221 2452 2383 2529 ρούχ.
2445 2455 2616 2517 Οὗτος
2681 2455 2708 2508 6
2767 2456 2893 2516 Θεὸς
2959 2457 3144 2528 ἡμῶν,
3207 2454 3268 2511 οὐ
3326 2454 3705 2532 λογισθήσεται
3761 2451 3870 2508 ἓτε-

2221 2562 2316 2614 ρος
2373 2543 2509 2616 πρὸς
2556 2543 2738 2602 αὐτόν.
2790 2545 2847 2597 Ὀ
2900 2543 2994 2617 μὶν
3043 2546 3143 2620 γὰρ
3191 2544 3380 2614 κτίζει,
3426 2545 3491 2598 τὰ
3523 2540 3580 2598 δὲ
3608 2543 3864 2611 κτίζεται·

2219 2630 2308 2685 καὶ
2339 2632 2367 2685 6
2403 2633 2496 2705 μὶν
2523 2639 2622 2702 τῆς
2647 2637 2744 2688 τοῦ
2777 2633 2986 2708 Πατρὸς
3015 2631 3199 2694 οὐσίας
3241 2629 3375 2695 ἴδιός
3407 2631 3517 2687 ἐστι
3567 2631 3745 2708 Λόγος
3777 2632 3866 2686 καὶ

2222 2717 2413 2798 Σοφίαο
2465 2721 2533 2776 τὰ
2586 2718 2643 2776 δὲ
2693 2718 2976 2796 γενόμενα,
3026 2721 3131 2777 οὐκ
3176 2717 3302 2776 ὄντα
3329 2720 3593 2797 πρότερον
3625 2723 3764 2795 (84),
3797 2717 3870 2774 δι’

2187 2875 2190 2880 ι
2219 2808 2383 2864 αὐτοῦ
2411 2807 2508 2864 τοῦ
2538 2809 2720 2886 Λόγου
2746 2811 3061 2882 πεποίηται.

2285 2992 2374 3046 50.
2405 2989 2482 3046 Τὸ
2514 2990 2616 3066 ἄρα
2661 2987 3120 3066 πολυθρύλλητον
3172 2995 3296 3065 παρ’
3347 2990 3498 3062 ὑμῶν
3549 2987 3862 3062 εἰρημένον,

2218 3077 2427 3149 Κτίσμα
2485 3076 2626 3132 ἐστὶν
2674 3077 2702 3130 6
2754 3076 2898 3147 Υἱὸς,
2947 3075 3046 3132 οὐκ
3098 3076 3236 3133 ἔστιν
3287 3075 3508 3147 ἀληθὲς,
3553 3074 3679 3132 ἀλλ’
3711 3077 3862 3149 ὑμῶν

2217 3163 2478 3242 φαντασία
2505 3165 2671 3238 μόνη,
2701 3166 2789 3220 καὶ
2820 3171 3213 3241 κατηγορεῖσθε
3259 3166 3404 3241 παρᾶ
3449 3169 3545 3220 τοῦ
3595 3166 3708 3238 (85)
3758 3169 3863 3220 Σο-

457 3250 736 3307 Salomon
769 3253 893 3324 ipse
915 3254 1350 3328 increpatquod
1382 3275 1533 3330 saepe
1566 3257 1726 3313 illius
1759 3233 2104 3316 auctoritate

2220 3233 3131 3328 λομῶνοςξὸτι-ιιτολλακιςαὐτοῦ
3179 3233 3588 3328 κατεψεύσασθε.
3639 3251 3714 3310 Οὐ
3761 3253 3863 3329 γὰρ

454 3339 601 3396 false
631 3341 800 3397 abusi
832 3343 1078 3400 fueritis.
1107 3345 1303 3416 Neque
1329 3347 1482 3402 enim
1509 3348 1706 3402 docuit
1739 3346 1948 3403 Filium
1981 3365 2105 3404 rem

453 3435 710 3486 creatam
759 3449 908 3496 esse,
945 3434 1048 3488 sed
1078 3435 1260 3490 fetum
1312 3440 1369 3491 et
1399 3437 1747 3507 sapientiam
1794 3437 1912 3504 Dei,
1948 3443 2010 3493 ut
2037 3455 2107 3494 ex

454 3517 548 3574 his
579 3520 706 3588 ejus
752 3521 944 3577 verbis
975 3521 1196 3577 clarum
1229 3528 1317 3580 est
1345 3541 1358 3580 :
1393 3526 1533 3579 Deus
1578 3527 1860 3596 sapientia
1887 3527 2105 3597 [unda-

452 3609 530 3663 vit
559 3617 764 3664 terram
795 3611 878 3678 33;
913 3615 972 3666 et
1005 3629 1016 3667 :
1049 3612 1333 3682 Sapientia
1379 3613 1687 3683 wdi/icavil
1713 3615 1826 3670 sibi
1858 3615 1966 3686 ipsi
2009 3617 2103 3671 do-

450 3714 602 3752 mum
624 3698 690 3755 “.
719 3699 869 3762 Quin
899 3701 1074 3756 etiam
1126 3701 1308 3768 locus,
1344 3720 1518 3774 quem
1561 3702 1653 3758 hic
1696 3705 2101 3775 expendimus,

451 3790 704 3842 vestram
737 3786 907 3860 plane
937 3792 1203 3845 confutet
1234 3792 1618 3863 impietatem.
1641 3797 1784 3848 Nam
1815 3793 2101 3866 scriptum

449 3879 537 3930 est
571 3891 583 3930 :
619 3877 880 3933 Dominus
907 3882 1121 3935 creavit
1147 3897 1232 3936 me
1263 3882 1493 3936 initium
1527 3884 1746 3936 viJru'n
1774 3899 2012 3938 suarum
2043 3886 2100 3938 in

447 3980 613 4036 Opera
639 3982 740 4022 sua
769 3967 1027 4039 πλείωπ-
1057 3968 1105 4025 si
1139 3969 1264 4041 ipse
1295 3976 1383 4026 est
1413 3974 1547 4025 ante
1577 3970 1795 4037 omnia,
1825 3971 1965 4027 dicit
1993 3989 2101 4028 au-

450 4057 800 4120 tem,creavil
825 4073 930 4125 me,
958 4075 1071 4114 non
1106 4066 1166 4113 ut
1198 4075 1374 4130 opera
1405 4059 1637 4128 faciam,
1661 4061 1762 4115 sed
1796 4063 1855 4115 in
1885 4078 2053 4132 opera
2080 4079 2099 4116 :

448 4145 534 4198 vel
567 4143 643 4209 id,
685 4145 840 4215 quod
893 4147 1010 4201 ista
1057 4163 1212 4214 voce,
1269 4150 1500 4216 creuvil,
1554 4147 1938 4220 significatur,
1973 4149 2100 4221 ipso

448 4235 537 4286 est
567 4234 971 4303 posteriusvel
1006 4235 1132 4306 ipse
1164 4236 1439 4306 operibus
1471 4238 1757 4309 posterior
1786 4238 2097 4310 videbitur,

447 4319 665 4391 quippe
715 4322 814 4393 qui
865 4322 985 4393 illa,
1027 4340 1160 4379 cum
1210 4331 1443 4380 creatur
1490 4327 1634 4397 ipse,
1679 4327 1802 4397 jam
1854 4333 1988 4383 ante
2037 4345 2101 4384 se

447 4408 789 4465 exsistentia
837 4410 1105 4482 reperiat,
1138 4416 1194 4468 et
1243 4430 1492 4485 quorum
1543 4430 1722 4470 causa
1770 4415 1924 4471 idem
1974 4415 2100 4487 ipse

446 4501 692 4554 creetur.
726 4500 860 4564 Quae
893 4499 942 4554 si
973 4516 1106 4556 vera
1135 4506 1294 4570 sunt,
1331 4502 1433 4574 qui
1476 4508 1668 4574 potest
1698 4505 1844 4572 fieri,
1881 4513 1944 4560 ut
1973 4506 2099 4578 ipse

2215 3340 2427 3419 εἶ’ρηκεν
2486 3343 2645 3399 αὐτὸν
2702 3342 2924 3417 κτίσμα,
3001 3341 3148 3398 ἀλλά
3219 3345 3457 3419 γέννημα
3528 3341 3617 3397 καί
3671 3343 3860 3420 σοφίαν

2213 3435 2366 3502 Θεοῦ,
2429 3431 2617 3508 λέγων.
2673 3435 2738 3492 Ὀ
2793 3433 2921 3494 Θεὸς
2988 3437 3056 3506 τῇ
3129 3431 3294 3508 σοφίᾳ
3371 3430 3702 3504 ἐθεμελίωσε
3758 3432 3858 3500 τήν

2210 3520 2476 3596 γῆνοκαί’
2537 3523 2598 3577 Ἦ
2657 3522 2831 3600 Σοφία
2885 3519 3240 3594 ᾠκοδόμησεν
3301 3522 3462 3595 ἑαυτῇ
3515 3522 3686 3578 οἷκον.
3750 3520 3853 3576 Καὶ

2212 3609 2340 3664 αὐτὸ
2373 3607 2430 3664 δὲ
2459 3611 2520 3665 τὸ
2552 3609 2712 3687 ῥητὸν
2746 3613 2859 3684 (86)
2887 3609 3264 3684 ἐξεταζόμενον
3322 3608 3541 3685 ἐλέγχει
3587 3609 3688 3677 τήν
3733 3605 3862 3664 δυσ-

2213 3693 2418 3754 σέϐειαν
2495 3699 2667 3772 ὑμῶν·
2736 3701 3032 3776 γέγραπται
3109 3698 3232 3775 γάρ·
3310 3698 3506 3773 Κύριος
3557 3696 3730 3753 ἕκτισέ
3790 3719 3859 3771 με

2211 3787 2388 3864 ἀρχὴν
2441 3786 2583 3844 ὁδῶν
2627 3787 2789 3843 αὖτοῦ
2838 3787 2912 3849 εἷς
2959 3784 3088 3864 ἔργα
3137 3787 3321 3844 αὐτοῦ.
3385 3786 3594 3845 Οὐκοῦν
3645 3787 3690 3842 εί
3749 3789 3856 3863 πρὸ

2209 3876 2421 3932 πάντων
2473 3876 2612 3932 ἐστὶν
2661 3877 2844 3946 αὐτὸς,
2903 3875 3052 3952 λέγει
3106 3874 3182 3944 δὲ,
3229 3873 3403 3932 ἕκτισέ
3460 3896 3547 3949 με,
3607 3875 3715 3950 οὐχ
3765 3874 3858 3932 ἵνα

2209 3969 2428 4038 ποιήσω
2473 3967 2540 4022 τὰ
2583 3965 2734 4044 ἔργα,
2786 3964 2912 4022 ἀλλ’
2961 3965 3036 4028 εἷς
3083 3965 3150 4021 τὰ
3179 3962 3331 4042 ἔργα,
3364 3966 3399 4035 ἢ
3433 3963 3678 4042 δεύτερόν
3713 3964 3853 4020 ἐστιν

2207 4056 2374 4112 αὐτοῦ
2419 4057 2482 4112 τὸ
2535 4053 2759 4129 ἔκτισεν,
2811 4056 2845 4125 ἢ
2898 4057 3189 4133 φανήσεται
3241 4053 3490 4131 δεύτερος
3539 4054 3698 4116 αὐτὸς
3744 4059 3853 4110 τῶν

2209 4143 2404 4221 ἕργωι,
2458 4144 2716 4222 εὑρίσκων
2779 4143 2913 4200 αὐτὰ
2955 4144 3277 4217 κτιζόμενος
3336 4143 3443 4215 ἤδη
3505 4145 3611 4221 πρὸ
3689 4144 3854 4199 αὐτοῦ

2209 4234 2487 4311 ὑφεστῶτα
2533 4235 2672 4307 (87),
2719 4233 2799 4312 ἐφ’
2850 4236 2881 4288 ἃ
2926 4233 3016 4288 καὶ
3067 4233 3292 4306 γίνεται.
3341 4233 3404 4288 Εἰ
3436 4231 3493 4289 δὲ
3521 4237 3706 4306 τοῦτο,
3732 4239 3852 4296 πῶς

2207 4320 2286 4378 ἔτι
2317 4324 2423 4399 πρὸ
2453 4321 2666 4378 πάντων
2697 4321 2836 4378 ἐστὶν
2895 4321 3096 4391 αὐτός;
3146 4325 3271 4385 Πῶς
3315 4320 3372 4378 δὲ
3419 4322 3509 4378 καὶ
3567 4323 3741 4378 πάντα
3783 4321 3855 4378 δι’

2206 4411 2370 4468 αὐτοῦ
2429 4411 2653 4487 ἰγένετο,
2721 4413 2809 4468 καὶ
2869 4411 2920 4466 ἐν
2982 4411 3128 4485 αὐτῷ
3153 4413 3513 4482 συνέστηκενς
3549 4409 3692 4469 Ἰδοὺ
3747 4412 3850 4489 γὰρ

2207 4503 2324 4567 καθ’
2359 4502 2497 4576 ὑμᾶς
2547 4501 2637 4556 καὶ
2685 4501 2792 4580 πρὸ
2838 4501 3002 4557 αὐτοῦ
3050 4504 3382 4573 συνειστήκει
3430 4502 3495 4558 τὰ
3525 4500 3676 4579 ἔργα,
3710 4502 3786 4565 εἲς
3820 4505 3852 4557 ἅ

515 4640 560 4720 ξο
591 4639 741 4698 Psal.
775 4660 982 4720 anau,
1010 4647 1082 4714 2;
1117 4661 1315 4717 Lxxxv,
1346 4646 1400 4701 8.
1478 4647 1522 4682 ³1
1555 4645 1709 4703 Psal.
1760 4664 2028 4720 unum,
2060 4651 2105 4703 7.

2220 4648 2236 4681 ³
2267 4645 2494 4704 Baruch
2544 4663 2629 4717 ιιι,
2657 4647 2746 4702 36.
2824 4646 2870 4682 ³⁸
2899 4646 3064 4703 Prov.
3117 4663 3200 4717 ιιι,
3237 4647 3321 4703 19.
3397 4647 3440 4682 ³⁸
3472 4647 3636 4703 Prov.
3683 4663 3759 4716 IX,
3795 4647 3844 4702 1.

439 4712 485 4748 ³⁸
508 4717 674 4770 Prov.
709 4731 832 4785 vm,
861 4717 952 4771 22.

513 4837 892 4920 (81)Seguer.
950 4841 1089 4920 βοῆς,
1148 4841 1376 4920 Gobler.
1436 4843 1584 4900 Felc.
1639 4844 1774 4920 1,_l_i
1815 4846 1952 4920 e_t5.
2014 4847 2161 4920 AtD

440 4907 536 4994 alii
571 4907 625 4966 et
650 4907 811 4980 editi,
841 4912 962 4994 μετ’
991 4907 1200 4994 ἄλλων.
1232 4914 1410 4970 Paulo
1443 4921 1600 4994 post,_
1626 4907 1790 4982 editi,
1841 4915 1927 4970 ἐπὶ
1975 4920 2084 4970 τῶν

438 4977 622 5062 ἄλλων
652 4977 982 5054 κτισμάτων.
1016 4985 1350 5062 In_Segue_r.
1387 4977 1737 5062 reclegdeest
1778 4977 1888 5044 vox
1935 5006 2085 5062 κτισ-

440 5057 644 5129 μάτων,
678 5071 783 5129 nec
831 5073 959 5129 eam
1013 5057 1242 5112 videtur
1292 5060 1505 5129 legisse
1552 5059 1856 5116 Nannius:
1919 5061 2091 5116 vertit

435 5124 591 5179 enim
619 5141 631 5180 ε
667 5125 749 5181 lla
779 5128 928 5182 enim
955 5143 1012 5183 se
1041 5145 1156 5184 rem
1186 5124 1383 5185 habere
1407 5134 1574 5186 etiam
1614 5133 1672 5186 in
1703 5133 1831 5186 aliis
1862 5134 2088 5187 invene-

433 5197 530 5250 ris.
573 5199 751 5254 Porro
780 5201 888 5251 τῶν
941 5194 1125 5252 ἄλλων
1186 5202 1554 5258 referendum
1608 5220 1737 5258 esse
1783 5203 1852 5258 ad
1889 5219 2086 5258 vocem

435 5263 737 5344 δυνάμεων,
773 5273 932 5344 patet
962 5287 1030 5326 ex
1049 5271 1153 5344 bis
1184 5289 1309 5342 qua;
1343 5273 1558 5330 ibidem
1592 5280 1940 5344 sequuntur.
1971 5275 2087 5330 Nec

434 5340 628 5394 obstat
658 5343 808 5410 quod
845 5340 1452 5417 masculinumgenus
1477 5346 1554 5400 ibi
1588 5340 1927 5417 usurpetur:
1950 5363 2086 5402 nam

437 5418 641 5490 notum
664 5417 753 5468 est
783 5430 936 5490 saepe
968 5414 1357 5490 Athanasium
1392 5418 1678 5474 rationem
1706 5414 1938 5490 generis
1971 5434 2086 5474 non

437 5483 675 5546 habere.
710 5486 811 5540 sed
852 5483 1045 5541 rerum
1078 5487 1384 5543 duntaxat.

509 5557 622 5627 (82)
651 5557 972 5636 Qobler._ct
1007 5557 1150 5636 Felc.
1264 5559 1354 5636 καὶ
1386 5557 1507 5620 Υῒός
1531 5557 1698 5636 ἐστιν·
1751 5558 1803 5614 έν
1835 5558 1938 5636 γὰρ
1970 5564 2086 5622 τοῖς

434 5630 587 5692 ram,
621 5632 759 5697 etc.,
791 5627 962 5694 male,
996 5630 1233 5686 omissis
1262 5630 1649 5689 intermediis.

507 5700 623 5771 (83)
678 5700 770 5756 Sic
825 5705 1064 5772 Seguer,
1121 5700 1352 5759 Gobler.
1410 5703 1559 5760 Felc.
1594 5705 1621 5759 1
1657 5707 1716 5759 et
1759 5703 1814 5759 4.
1867 5701 1982 5758 Alii
2028 5706 2087 5759 et

2194 4844 2356 4910 editi,
2390 4840 2537 4899 ἀλλὰ
2570 4843 2677 4916 μὴν
2709 4841 2798 4916 καὶ
2824 4842 2853 4896 ὁ
2885 4839 3067 4916 napis.
3104 4843 3234 4900 Mox
3259 4849 3494 4916 Seguer.
3528 4842 3757 4901 Gobler.
3790 4847 3848 4901 et

2197 4917 2385 4972 Felck.
2423 4918 2474 4983 1,
2509 4913 2623 4970 καί’
2655 4914 2752 4976 Τίς
2775 4915 3200 4988 ὁμοιωθήσεται,
3226 4921 3291 4972 ut
3320 4913 3720 4988 étPsalmista
3750 4916 3850 4972 ha-

2199 4990 2314 5045 bet.
2349 4993 2494 5060 ltem
2528 4988 2716 5060 Eelck.
2745 4986 3107 5060 5,'anonym.
3142 4986 3568 5060 ὁμοιωθήσεται.
3602 4990 3757 5045 Editl
3789 4993 3848 5045 et

2199 5060 2321 5123 alii,
2352 5059 2387 5126 ἢ
2418 5057 2500 5132 τίς
2527 5057 2742 5132 ὅμοιος.

2271 5133 2385 5201 (8-1)
2416 5130 2644 5204 [teget
2673 5130 2861 5204 Felck.
2900 5131 2956 5204 5,
2992 5131 3233 5204 apﬁnov.
3289 5132 3417 5189 Mox
3468 5132 3707 5204 Seguer.
3737 5133 3846 5188 Go-

2199 5198 2341 5258 bler.
2369 5198 2567 5258 'Felclk.
2603 5206 2628 5259 1
2663 5207 2720 5258 et
2747 5203 2801 5269 5,
2833 5198 3276 5272 πολυτρύλητον.

2269 5276 2381 5346 (85)
2412 5275 2521 5330 Τοῦ
2553 5277 2718 5330 deest
2747 5275 2805 5329 in
2832 5273 3080 5346 Gobler.
3122 5279 3180 5330 et
3229 5273 3419 5330 Felck.
3461 5275 3513 5328 1.
3574 5274 3754 5330 Iidem
3787 5277 3847 5329 et

2195 5347 2532 5417 Seguerian.
2572 5347 2710 5418 Reg.
2748 5345 2941 5418 lielck.
2985 5347 3017 5399 4
3048 5350 3104 5401 et
3138 5348 3192 5418 5,
3228 5348 3581 5418 Σολομῶνος.
3629 5346 3740 5400 Alii
3791 5350 3849 5401 et

2197 5415 2373 5474 editio
2407 5415 2684 5474 Commel'.
2716 5415 3069 5487 Σαλομῶνος.

2265 5490 2378 5562 (86)
2407 5490 2502 5562 Sic
2532 5490 2770 5562 Seguer.
2805 5493 2942 5562 Reg-
2974 5487 3203 5562 Gobler,
3239 5488 3427 5562 Felck.
3483 5490 3508 5544 1
3561 5492 3620 5544 et
3662 5489 3717 5546 5.
3771 5489 3847 5544 At

2196 5555 2294 5616 alii
2326 5555 2383 5616 et
2411 5561 2588 5617 editio
2609 5555 3060 5632 ἶὶοωωοιῗίαύτὸ
3091 5555 3148 5613 δὲ
3177 5557 3363 5632 ῥητόν.

2268 5633 2380 5706 (87)
2409 5633 2547 5707 Reg.
2579 5631 2810 5690 Gobler.
2841 5631 3029 5690 Felck.
3066 5633 3092 5688 1
3126 5631 3185 5689 et
3212 5633 3264 5702 4,
3301 5633 3621 5686 συνεστῶτα.
