4076 6380
312 474 409 533 253
1400 477 1694 542 ORATIO
1739 481 1792 543 II
1837 479 2150 542 CONTRA
2195 480 2562 543 ARIANOS.

3330 20 3381 31 ..τε
3388 16 3497 27 πυτ-4.
3508 16 3553 25 ..ιι-
3564 14 3581 17 π

3571 482 3691 542 254

310 602 512 673 κτίζεται
567 606 657 660 καὶ
728 606 1143 668 ἀποστέλλεται.
1190 608 1346 667 Ἀλλ’
1394 611 1494 667 οὐκ
1550 610 1691 667 ἔστιν
1743 610 1886 666 οὕτω

2042 611 2122 668 sit
2150 615 2285 668 ante
2316 612 2515 668 omnia
2533 613 2562 668 ’ἒ
2589 613 2889 678 Quomodo
2933 628 3105 685 porro
3134 611 3334 668 omnia
3361 628 3466 684 per
3493 613 3691 685 ipsum

312 694 374 765 μὴ
401 693 600 768 γένοιτο
632 697 643 751 ε
678 694 899 768 Ψευδής
948 698 1057 753 ἐστι
1103 704 1211 754 τῶν
1253 701 1536 776 αἱρετικῶν
1572 704 1683 775 (88)
1723 704 1759 771 ἡ
1810 698 1926 756 διά-

308 804 426 838 νοια.
456 782 528 839 Ού
577 785 681 859 γὰρ
732 786 933 861 κτίσμα
980 786 1139 861 ἐστὶν,
1181 788 1327 845 ἀλλά
1378 791 1596 861 κτίστης
1644 789 1738 864 μέν
1786 789 1927 846 ἐστιν

307 871 453 926 ὁτοῦ
523 878 659 928 Θεοῦ
727 875 942 952 Λόγος’
993 878 1117 933 τότε
1182 876 1240 933 δὲ
1305 877 1447 953 λέγει
1507 876 1924 956 παροιμιωδῶς,

306 956 455 1016 ἔκτισέ
504 982 592 1034 με,
642 961 732 1019 ὅτε
796 966 899 1034 τὴν
968 968 1191 1037 κτιστήν
1260 965 1541 1023 ἐνεδύσατο
1589 969 1779 1043 σάρκα.
1825 967 1924 1023 Καὶ

278 1046 451 1104 τοῦτα
480 1049 648 1107 πάλιν
698 1050 922 1110 δυνατόν
975 1054 1085 1111 ἐστι
1134 1056 1225 1112 καὶ
1277 1048 1328 1128 ἐξ
1377 1046 1542 1113 αύτοῦ
1594 1062 1693 1113 τοῦ
1751 1056 1925 1134 ῥητοῦ

304 1136 617 1196 διανοεῖσθαι.
650 1143 774 1205 Υἱὸς
802 1145 909 1221 γάρ
941 1142 1014 1199 ὢν
1044 1146 1136 1201 καὶ
1169 1148 1378 1222 Πατέρα
1424 1147 1519 1203 τὸν
1571 1147 1699 1203 Θεὸν
1753 1145 1922 1222 ἔχων,

301 1227 439 1283 αὐτοῦ
482 1231 583 1305 γὰρ
632 1229 773 1286 ἴδιόν
823 1232 935 1288 ἐστι
975 1234 1244 1311 γέννημα,
1279 1236 1432 1310 ὅμως
1464 1238 1656 1310 Κύριον
1687 1240 1778 1290 νῦν
1811 1238 1923 1310 (89)

302 1315 527 1391 ὀνομάζει
571 1319 663 1374 τὸν
714 1322 946 1398 Πατέρα·
993 1324 1101 1399 οὐχ
1148 1324 1231 1380 ὅτι
1282 1321 1480 1388 δοῦλος
1528 1328 1618 1394 ἦν,
1669 1324 1794 1381 ἀλλ’
1838 1324 1921 1380 ὅτι

296 1406 378 1474 τὴν
411 1412 498 1461 τοῦ
550 1405 756 1464 δούλου
807 1412 1021 1490 μορφὴν
1215 1409 1496 1472 ἀνέλαϐεν.
1531 1420 1770 1490 Ἕπρεπε
1817 1414 1920 1491 γὰρ

298 1494 453 1566 αὐτὸν,
512 1496 694 1571 ὥσπερ
753 1494 880 1555 ὄντα
936 1501 1108 1578 Λόγον
1170 1501 1229 1558 ἐκ
1282 1501 1379 1558 τοῦ
1428 1504 1660 1580 ΙΙατρὸς,
1712 1504 1923 1579 Πατέρα

297 1583 373 1638 τὸν
414 1586 536 1640 Θεὸν
582 1585 769 1643 καλεῖν
797 1607 811 1621 ⁸
856 1594 1019 1645 τοῦτο
1082 1591 1183 1667 γὰρ
1258 1590 1395 1647 ἴδιον
1450 1595 1562 1666 (91)
1610 1594 1730 1647 υἱοῦ
1783 1591 1919 1668 πρός

295 1672 486 1747 πατέρα’
521 1674 697 1738 οὕτως
746 1675 974 1733 ἐλθόντα
1017 1673 1303 1735 τελεὶὦσαι
1353 1680 1416 1736 τὸ
1460 1677 1641 1756 ἔργον,
1670 1680 1760 1736 καὶ
1794 1678 1920 1735 δού-

297 1757 380 1814 λου
406 1757 636 1818 λαϐόντα
689 1767 928 1844 μορφὴν,
959 1767 1154 1843 Κύριον
1205 1768 1488 1840 ὀνομάζειν
1533 1768 1625 1824 τόν
1684 1769 1916 1845 Πατέρα.

294 1848 375 1903 Καὶ
415 1851 614 1923 ταύτην
664 1856 762 1924 τὴν
817 1853 1077 1934 διαφορὰν
1110 1857 1269 1920 αὑτὸς
1301 1855 1510 1929 έδίδαξε
1567 1858 1699 1930 μετὰ
1741 1856 1917 1928 καλῆς

290 1944 373 2007 τῆς
416 1936 730 2014 διαστολῆς,
765 1942 941 2020 λέγων
987 1944 1039 2000 έν
1086 1952 1206 2009 τοῖς
1256 1944 1639 2023 Εὐαγγελίοις’
1690 1946 1918 2021 Ἐξομο-

290 2024 542 2101 λογοῦμαί
617 2053 739 2103 σοι,
811 2034 1025 2110 Πάτερ·
1078 2035 1230 2090 εἶτα·
1275 2035 1439 2110 Κύριε
1514 2040 1611 2090 τοῦ
1687 2035 1917 2113 ούρανοῦ

291 2116 365 2169 καὶ
407 2124 499 2186 τῆς
559 2126 682 2195 γῆς.
731 2126 954 2177 Ἑαυτοῦ
1023 2124 1118 2196 μὶν
1184 2123 1287 2200 γάρ
1346 2123 1478 2179 εἶναι
1548 2124 1761 2200 Πατέρα
1823 2125 1913 2179 τὸν

290 2204 399 2260 Θεὸν
444 2206 613 2283 λέγει,
642 2214 750 2265 τῶν
804 2207 862 2266 δὲ
909 2214 1218 2285 κτισμάτων
1269 2212 1426 2268 αὐτὸν
1468 2212 1663 2287 Κύριον
1712 2212 1913 2285 ὄνομά-

290 2297 371 2361 ζει”
402 2296 470 2357 ὡς
514 2295 581 2351 ἐκ
618 2298 816 2354 τούτου
860 2297 1161 2356 δείκνυσθαι
1209 2302 1442 2370 λευκῶς,
1485 2301 1591 2375 ὅτι,
1643 2301 1806 2371 ἡνίκα
1849 2303 1913 2357 τὸ

284 2386 470 2440 κτιστὸν
679 2386 986 2459 ἐνεδύσατο,
1034 2390 1157 2445 τότε
1202 2391 1294 2446 τὸν
1342 2390 1553 2468 Πατέρα
1599 2390 1759 2447 καλεῖ
1803 2390 1913 2447 Κύ-

284 2492 403 2547 ριον.
446 2476 544 2530 Καὶ
590 2476 695 2554 γὰρ
744 2478 835 2533 καὶ
885 2478 936 2533 ἐν
984 2481 1056 2551 τῇ
1122 2481 1408 2556 προσευχῇ
1450 2485 1547 2536 τοῦ
1598 2478 1761 2535 Δαυὶδ
1814 2482 1913 2550 τήν

283 2562 429 2631 αὐτὴν
485 2562 750 2643 διαφορὰν
790 2566 1044 2646 σημαίνει
1099 2569 1162 2623 τὸ
1217 2570 1440 2643 Πνεῦμα
1482 2571 1545 2625 τὸ
1605 2571 1777 2646 ἅγιον,
1824 2566 1914 2624 διὰ

281 2652 372 2706 τῶν
420 2640 672 2727 Ψαλμῶν
725 2653 919 2732 λέγον
953 2640 1077 2749 Aio;
1118 2658 1181 2712 τὸ
1235 2640 1433 2733 κράτος
1482 2678 1576 2713 σου
1622 2640 1702 2731 τῷ
1757 2640 1911 2713 παιδί

282 2761 397 2819 σου,
452 2743 539 2798 καὶ
616 2748 788 2800 σῶσον
863 2743 1145 2801 τὸνύἱὸν
1220 2754 1320 2817 τῆς
1408 2744 1701 2819 παιδίσκης
1775 2768 1910 2803 σου.

273 2814 466 2894 ’Ἄλλος
494 2834 601 2909 γάρ
631 2833 770 2890 ἐστιν
803 2835 831 2890 ὁ
862 2834 1014 2913 φύσει
1043 2836 1133 2890 καὶ
1166 2814 1422 2908 ἀληθινὸς
1453 2842 1582 2901 παῖς
1611 2814 1708 2892 τοῦ
1753 2841 1908 2907 Θεοῦ,

282 2919 356 2973 καὶ
411 2920 555 2978 ἄλλα
602 2921 670 2978 τὰ
712 2926 813 2994 τῆς
878 2921 1170 2997 παιδίσκης
1233 2926 1416 3000 τέκνα,
1472 2925 1596 2996 ἥτις
1644 2925 1757 2983 ἐστὶ
1800 2931 1908 2983 τῶν

282 3015 499 3082 γενητῶν
560 3014 599 3081 ἡ
660 3011 820 3091 φύσις
872 3016 1024 3089 (93).
1075 3015 1169 3070 Διὸ
1224 3015 1314 3071 καὶ
1364 3017 1393 3071 ὁ
1446 3016 1585 3090 μὲν,
1632 3017 1707 3079 ὡς
1763 3017 1907 3083 Υἱὸς,

282 3093 383 3172 ἔχει
436 3100 496 3154 τὸ
574 3102 837 3176 πατρικὸν
904 3103 1122 3179 κράτος,
1173 3105 1242 3160 τὰ
1314 3102 1393 3174 δὲ,
1453 3105 1725 3180 σωτηρίας
1799 3103 1909 3160 ἐστὶ

282 3181 509 3260 δεόμενα.

2037 703 2189 756 facta
2234 707 2376 758 sunt
2421 702 2466 738 ³⁸
2496 708 2551 757 et
2580 702 2637 757 in
2671 702 2799 774 ipso
2830 703 3148 758 constituta
3175 701 3267 757 37?
3297 702 3563 774 Namque
3596 719 3692 759 se-

2036 791 2294 845 cundum
2327 807 2429 846 vos
2475 796 2609 846 ante
2640 807 2773 847 eum
2816 790 3164 847 exstiterunt
3206 807 3401 862 opera,
3436 807 3687 862 quorum

2035 894 2214 934 causa
2244 880 2370 952 ipse
2400 884 2488 936 est
2517 883 2767 946 creatus,
2801 884 2859 935 et
2886 879 2957 935 ad
2997 895 3125 951 qua:
3157 879 3376 935 missus
3409 880 3539 935 fuit.
3574 878 3689 935 Ve.

2034 984 2167 1023 rum
2201 985 2319 1024 non
2350 969 2431 1025 ita
2462 986 2524 1025 se
2554 985 2648 1025 res
2678 969 2890 1025 habet:
2916 968 3087 1024 absit.
3112 967 3281 1024 Falsa
3310 968 3432 1024 haec
3453 973 3543 1025 est
3568 968 3690 1023 hm-

2034 1056 2348 1113 reticorum
2379 1056 2692 1114 sententia.
2722 1056 2839 1113 Nec
2867 1057 3025 1113 enim
3056 1055 3158 1112 Dei
3188 1055 3445 1113 Verbum
3477 1073 3570 1113 res
3599 1060 3691 1113 est

2034 1149 2250 1212 creata,
2280 1146 2383 1200 sed
2411 1149 2636 1202 creator
2663 1146 2790 1217 ipse
2819 1149 2910 1202 est
2942 1161 2955 1201 :
2987 1149 3127 1201 tunc
3172 1152 3366 1202 autem
3396 1145 3689 1218 proverbii

2032 1234 2221 1289 instar
2250 1234 2353 1302 ait,
2386 1237 2660 1291 Dominus
2684 1237 2888 1291 creavit
2918 1251 3019 1303 me,
3044 1251 3179 1290 cum
3210 1240 3466 1291 creatam
3494 1233 3692 1291 induit

2032 1340 2290 1387 carnem.
2327 1329 2389 1379 ut
2415 1325 2593 1379 etiam
2623 1340 2692 1380 ex
2720 1324 2831 1380 hoc
2863 1325 2992 1396 ipso
3023 1322 3147 1379 loco
3179 1327 3371 1396 potest
3414 1322 3686 1396 intelligi.

2031 1412 2289 1468 Tametsi
2319 1412 2477 1468 enim
2528 1413 2714 1469 Filius
2742 1418 2853 1484 est,
2884 1418 2941 1468 et
2988 1418 3167 1469 Deum
3224 1412 3396 1469 habet
3429 1412 3685 1485 Patrem,

2032 1517 2162 1556 cum
2196 1500 2468 1573 proprius
2496 1502 2627 1573 ejus
2658 1502 2737 1557 sit
2765 1501 2919 1557 fetus
2946 1518 2959 1557 :
2993 1507 3188 1557 tamen
3222 1501 3455 1557 Patrem
3489 1502 3595 1557 hoc
3624 1500 3685 1557 in

2031 1587 2156 1645 loco
2193 1590 2501 1646 Dominum
2552 1590 2885 1663 appellavit,
2917 1607 3033 1647 non
3080 1590 3218 1663 quia
3248 1607 3452 1647 servus
3503 1594 3686 1662 esset,

2031 1679 2133 1734 sed
2165 1678 2304 1751 quia
2335 1681 2490 1736 410
2520 1680 2669 1736 servi
2697 1680 2946 1736 formam
2980 1680 3455 1754 accepit.Quippe
3485 1695 3687 1751 quem-

2030 1768 2372 1839 admodum,
2405 1774 2698 1841 quatenus
2746 1769 2996 1825 Verbum
3030 1774 3121 1825 est
3161 1786 3231 1825 ex
3278 1769 3468 1834 Patre,
3503 1773 3685 1825 Deum

2028 1857 2438 1914 convenienter
2456 1861 2686 1914 Patrem
2711 1857 2997 1931 appellat:
3022 1874 3277 1931 namque
3299 1858 3359 1914 id
3382 1857 3685 1931 proprium

2029 1946 2132 2001 ﬁlii
2162 1952 2251 2002 est
2297 1961 2436 2019 erga
2468 1952 2691 2016 patrem
2725 1964 2738 2003 :
2775 1948 2857 2004 ita
2885 1963 3020 2004 cum
3066 1964 3217 2019 opus
3243 1947 3403 2003 venit
3447 1946 3684 2004 absolu-

2026 2038 2218 2102 turus,
2249 2040 2307 2091 et
2336 2036 2487 2091 servi
2531 2036 2781 2091 formam
2813 2036 3055 2108 accepit,
3088 2035 3318 2092 Patrem
3364 2035 3683 2091 Dominum

2027 2123 2217 2180 dicere
2245 2140 2377 2180 eum
2402 2125 2639 2181 omnino
2670 2125 2886 2181 decuit.
2912 2125 3264 2196 Hujusmodi
3283 2141 3453 2198 porro
3479 2125 3686 2180 discri-

2024 2228 2157 2269 men
2189 2230 2329 2270 suos
2360 2213 2487 2285 ipse
2518 2214 2840 2286 discipulos
2857 2214 3130 2270 distincte
3161 2214 3484 2269 admodum
3519 2213 3682 2271 hisce

2024 2301 2321 2373 Evangelii
2373 2302 2568 2359 verbis
2628 2303 2828 2358 docuit
2886 2319 2899 2358 :
2963 2304 3236 2375 Conﬁteor
3290 2303 3415 2374 tibi,
3470 2308 3677 2373 Pater;

2023 2390 2234 2447 deinde
2266 2406 2279 2446 :
2315 2393 2551 2448 Domine
2572 2390 2704 2447 σωιί
2730 2394 2783 2447 et
2812 2400 2980 2449 terra:
3007 2392 3073 2447 ³⁸.
3105 2392 3373 2464 Namque
3403 2397 3462 2448 et
3491 2391 3677 2450 Deum

2022 2480 2113 2535 sui
2145 2479 2334 2551 ipsius
2368 2481 2597 2537 Patrem
2626 2497 2755 2538 esse
2779 2485 3051 2551 testatur,
3081 2484 3140 2538 et
3167 2483 3440 2538 eumdem
3478 2498 3673 2539 rerum

2021 2575 2348 2625 creatarum
2400 2571 2707 2625 Dominum
2758 2568 3014 2643 appellat
3044 2587 3057 2626 :
3094 2570 3174 2626 ita
3205 2575 3267 2627 ut
3298 2587 3369 2627 ex
3410 2570 3519 2627 hoc
3550 2571 3676 2628 loco

2021 2659 2398 2731 perspicuum
2421 2659 2499 2715 sit
2523 2676 2822 2731 eum,cum
2851 2666 3122 2715 naturam
3149 2665 3401 2716 creatam
3429 2660 3673 2732 accepit,

2019 2752 2159 2804 tunc
2184 2753 2413 2805 Patrem
2435 2748 2765 2821 appellasse
2794 2748 3284 2815 Dominum.0uin
3311 2750 3488 2806 etiam
3517 2749 3675 2806 idem

2022 2836 2339 2893 discrimen
2397 2837 2458 2892 in
2516 2837 2749 2894 Davidis
2806 2837 3068 2894 oratione
3122 2842 3365 2894 sanctus
3418 2838 3677 2895 declarat

2019 2925 2293 2998 Spiritus,
2353 2926 2438 2983 sic
2494 2927 2555 2983 in
2615 2924 2862 2983 Psalmis
2912 2926 3322 2999 loquens:Da
3377 2927 3677 2999 imperium

2019 3019 2176 3072 tuum
2198 3032 2369 3088 puero
2396 3024 2508 3086 ιιοο,
2542 3024 2598 3072 et
2636 3016 2850 3072 salvum
2877 3018 2968 3088 [ac
2997 3016 3179 3086 ﬁlium
3218 3016 3442 3073 ancillae
3470 3025 3577 3072 tua:
3604 3017 3673 3074 ³ο.

2020 3105 2323 3177 Siquidem
2355 3105 2507 3162 alius
2554 3110 2645 3161 est
2677 3104 2960 3161 naturalis
3008 3109 3066 3161 et
3102 3121 3274 3161 verus
3320 3105 3421 3161 Dei
3467 3104 3673 3174 Filius,

2019 3198 2078 3250 et
2106 3194 2205 3250 alii
2234 3198 2376 3250 sunt
2423 3194 2648 3250 ancilla
2679 3194 2868 3261 liberi,
2900 3192 3097 3266 qualis
3142 3198 3235 3250 est
3278 3193 3551 3251 videlicet
3578 3210 3670 3251 re-

284 3293 397 3333 rum
442 3282 733 3338 factarum
787 3288 1017 3340 natura.
1067 3283 1212 3340 Hinc
1259 3285 1359 3343 ille
1404 3291 1686 3360 tanquam
1740 3285 1942 3358 Filius,
1990 3287 2232 3357 paterno
2283 3284 2500 3357 gaudet
2543 3283 2838 3357 imperio:
2888 3283 2975 3339 haa
3023 3287 3242 3356 autem,
3288 3283 3477 3342 salute
3526 3301 3676 3358 opus

278 3364 498 3427 habent.

332 3456 412 3512 51.
438 3457 499 3514 Εἰ
528 3455 579 3513 δ’
610 3457 692 3514 ὅτι
744 3465 871 3522 παῖς
921 3460 1158 3533 έκλήοη,
1198 3459 1521 3541 φλυαροῦσι,
1570 3463 1907 3540 γινωσκέτωο

2091 3464 2181 3519 51.
2215 3463 2376 3527 Quod
2410 3462 2459 3520 si
2509 3461 2723 3518 idcirco
2754 3462 2910 3543 quod
2960 3479 3107 3536 puer
3144 3463 3224 3520 sit
3267 3467 3530 3536 vocatus,
3563 3480 3673 3520 nu-

273 3562 371 3612 σαν,
418 3545 499 3601 ὅτι
550 3547 646 3601 καὶ
688 3548 871 3604 Ἰσαὰκ
935 3556 1062 3613 παῖς
1144 3551 1434 3625 ὠνομάσθη
1483 3558 1582 3608 τοῦ
1632 3548 1902 3629 Ἀϐραὰμ,

269 3630 342 3685 καὶ
386 3634 412 3688 ὁ
455 3637 574 3699 υίὸς
622 3640 722 3707 τῆς
772 3636 1163 3711 Σουμανίτιδος
1204 3643 1315 3715 (94)
1344 3639 1632 3716 παιδάριον
1670 3641 1903 3714 ἐκλήθη.

270 3718 484 3787 Εἰκότως
538 3724 668 3802 ἄρα,
716 3723 930 3782 δούλων
982 3730 1145 3802 ἡμῶν
1195 3726 1388 3803 ὄντων,
1435 3729 1523 3786 ὅτε
1564 3732 1783 3807 γέγονεν
1829 3731 1903 3794 ὡς

270 3810 408 3881 ἡμεῖς
448 3817 588 3889 (95),
621 3814 816 3885 Κύριον
863 3817 955 3872 τὸν
996 3818 1209 3895 Πατέρα
1256 3818 1416 3874 καλεῖ
1461 3820 1552 3875 καὶ
1613 3818 1796 3890 αύτὸς,
1828 3820 1905 3885 ὡς

270 3898 449 3971 ἡμεῖς’
488 3903 585 3958 καὶ
649 3908 813 3960 τοῦτο
876 3902 935 3960 δὲ
982 3904 1568 3984 φιλανθρωπευόμενος
1616 3907 1764 3963 οὕτω
1807 3930 1903 3964 πε-

273 3988 496 4065 ποίηκεν,
520 3990 622 4048 τἕνα
649 3994 739 4048 καὶ
786 3996 971 4067 ἡμεῖς,
1005 3992 1197 4050 δοῦλοι
1234 3998 1371 4052 κατά
1418 3996 1572 4075 φύσιν
1616 3992 1784 4069 ὅντες,
1813 3999 1903 4054 καὶ

273 4071 528 4152 δεξάμενοι
557 4082 627 4137 τὸ
675 4087 890 4157 πνεῦμα
928 4088 1025 4138 τοῦ
1070 4086 1222 4154 Υίοῦ,
1255 4085 1611 4162 θαρρήσωμεν
1659 4088 1752 4143 τὸν
1803 4088 1902 4166 φύ-

275 4186 339 4220 σει
365 4170 556 4244 Κύριον
590 4171 816 4244 ἑαυτῶν,
848 4176 1039 4229 τοῦτον
1090 4172 1159 4248 τῇ
1210 4173 1396 4250 χάριτι
1442 4175 1654 4253 Πατέρα
1698 4176 1903 4248 καλεῖν,

275 4253 411 4312 Ἀλλ’
463 4260 649 4338 ὥσπερ
699 4264 867 4335 ἡμεῖς
913 4262 1004 4317 τὸν
1055 4262 1250 4336 Κύριον
1314 4263 1526 4340 Πατέρα
1585 4263 1901 4338 καλοῦντες,

274 4344 355 4399 ούκ
396 4348 703 4424 ἀρνούμεθα
745 4351 844 4421 τὴν
885 4351 1021 4407 κατὰ
1059 4352 1215 4430 φύσιν
1268 4349 1518 4409 δουλείαν
1542 4372 1555 4387 ·
1590 4353 1753 4411 αὐτοῦ
1800 4357 1901 4433 γάρ

271 4428 406 4506 ἔσμεν
456 4435 609 4516 ἔργα,
640 4439 735 4494 καὶ
783 4438 945 4502 αὐτὸς
992 4428 1247 4511 ἐποίησεν
1292 4444 1442 4515 ὖμᾶς
1480 4442 1570 4498 καὶ
1601 4441 1709 4519 οὐχ
1736 4428 1900 4517 ἡμεῖς

272 4522 421 4610 οὕτως
449 4527 577 4583 ὅταν
613 4529 642 4583 ό
672 4529 797 4591 Υἱὸς
827 4530 927 4599 τὴν
958 4534 1054 4585 τοῦ
1099 4526 1300 4585 δούλου
1341 4534 1452 4603 (96)
1488 4532 1703 4610 μορφὴν
1757 4530 1902 4607 λαμ-

271 4604 424 4669 εάνων
471 4615 631 4693 λέγῃ,
683 4616 881 4695 Κύριος
931 4614 1105 4674 ἕκτισέ
1162 4640 1229 4693 με
1275 4620 1456 4695 ἀρχὴν
1492 4604 1497 4605 ⁷
1527 4604 1666 4675 ὁδῶν
1716 4604 1904 4691 αὐτοῦ,

2018 3553 2143 3624 gari
2173 3551 2355 3609 velint
2383 3558 2441 3609 et
2470 3552 2671 3620 rixari,
2704 3552 2936 3608 discant
2971 3552 3127 3610 Isaac
3159 3569 3407 3624 puerum
3440 3569 3672 3625 quoque

2015 3641 2263 3697 Abrahae
2307 3640 2669 3713 appellatum
2704 3656 2831 3697 esse
2861 3642 2925 3706 ‘0,
2958 3649 3016 3698 et
3054 3641 3243 3697 {ilium
3290 3641 3675 3699 Sunamitidis

2015 3729 2330 3803 puerulum
2365 3731 2549 3786 fuisse
2580 3729 2804 3786 dictum
2835 3730 2903 3785 ιι.
2938 3729 3139 3786 Merito
3167 3729 3369 3802 itaque
3400 3747 3534 3787 cum
3567 3747 3674 3789 nos

2018 3819 2169 3875 servi
2202 3820 2414 3886 simus,
2447 3817 2545 3875 ille
2574 3819 2760 3874 nostri
2794 3819 2983 3875 factus
3014 3818 3488 3886 similis,Patrem
3521 3836 3674 3891 quo-

2015 3925 2129 3981 que
2181 3909 2518 3975 Dominum,
2552 3908 2725 3963 sicuti
2774 3925 2903 3976 nos,
2934 3912 3149 3964 vocat:
3204 3908 3363 3979 quod
3414 3908 3674 3980 profecto

2013 4014 2257 4055 summae
2272 4015 2389 4053 suae
2404 4013 2542 4069 erga
2554 4014 2660 4054 nos
2675 3996 3052 4069 benignitatis
3065 4002 3475 4070 argumentum
3489 3996 3675 4053 voluit

2013 4092 2239 4153 esse,ut
2268 4085 2490 4142 scilicet
2519 4085 2756 4159 nos,qui
2789 4094 2997 4143 natura
3028 4088 3177 4142 servi
3208 4101 3435 4155 sumus,
3459 4086 3671 4159 spiritu

2016 4177 2142 4233 Filii
2173 4181 2430 4249 accepto,
2452 4176 2621 4232 illum
2644 4175 2742 4248 qui
2774 4180 2985 4231 natura
3015 4180 3215 4232 noster
3240 4180 3332 4231 est
3365 4176 3666 4244 Dominus,

2012 4267 2434 4339 gratiaPatrem
2459 4264 2752 4337 appellare
2775 4264 3368 4321 auderemus.Verum
3393 4267 3672 4337 quemad-

2015 4355 2255 4411 modum
2277 4371 2383 4410 nos
2408 4370 2542 4409 cum
2566 4352 2881 4409 Dominum
2903 4353 3134 4409 Patrem
3159 4351 3669 4425 appellamus,non

2010 4447 2208 4500 tamen
2241 4442 2576 4500 inﬁciamur
2605 4459 2803 4500 servos
2837 4458 2944 4498 nos
2985 4446 3197 4499 natura
3226 4459 3356 4500 esse
3383 4460 3397 4511 ;
3430 4443 3560 4516 ejus
3589 4442 3670 4500 si-

2014 4532 2254 4607 quidem
2286 4548 2461 4605 opera
2492 4548 2724 4599 sumus,
2749 4531 2990 4603 ipseque
3018 4532 3154 4588 fecit
3182 4548 3289 4589 nos
3317 4536 3376 4590 et
3406 4548 3525 4589 non
3554 4532 3670 4604 ipsi

2016 4639 2124 4679 nos
2153 4622 2198 4657 ⁴²
2233 4637 2246 4678 :
2281 4622 2363 4678 ita
2391 4637 2526 4677 cum
2558 4620 2741 4676 Filius
2770 4622 2960 4677 forma
2990 4620 3142 4677 servi
3176 4625 3409 4693 accepta
3432 4622 3532 4693 ait,
3565 4623 3667 4679 Da-

273 4704 337 4772 μή
364 4704 722 4781 ἀρνείσθωσαν
751 4709 851 4777 τήν
901 4705 1185 4780 ἀϊδιότητα
1231 4712 1330 4775 τῆς
1376 4708 1572 4765 τούτου
1625 4709 1901 4785 θεότητος,

2021 4713 2197 4767 minus
2217 4711 2423 4768 creavit
2439 4726 2527 4766 me
2545 4711 2773 4767 initium
2793 4711 3013 4767 viarum
3033 4727 3283 4779 suarum,
3307 4727 3423 4767 non
3449 4710 3668 4768 idcirco

327 4801 367 4837 ³⁸
391 4803 561 4879 .i‘oan.
599 4823 640 4879 ι,
672 4806 727 4861 3.
802 4807 846 4841 ³⁷
873 4804 1093 4863 Coloss.
1126 4824 1166 4877 1,
1201 4808 1285 4863 17.
1362 4806 1408 4843 ⁸⁸
1437 4807 1641 4864 Matth.
1674 4824 1755 4879 xx,
1782 4809 1872 4866 25.

2042 4807 2195 4867 Psal.
2232 4823 2431 4879 mxv,
2466 4806 2555 4862 16.

274 4872 345 4929 18.
411 4877 457 4911 ⁸³
487 4877 641 4934 Psal.
675 4893 822 4945 xeix,
853 4879 907 4934 3.

331 4974 432 5047 (88)
462 4977 616 5055 liditi
667 4981 724 5033 et
774 4976 964 5055 Ifelck.
1021 4978 1078 5046 2,
1134 4980 1241 5032 τῶν
1293 4976 1394 5052 γὰρ
1452 4976 1759 5055 αἱρετικῶν.
1789 4979 1902 5036 Alii

272 5052 531 5123 mss,th
566 5049 877 5123 αἱρετικῶν.
988 5120 1019 5123 ,Α
1202 5121 1236 5123 _
1438 5095 1475 5123 ί.

326 5121 441 5195 (89A),
462 5121 559 5177 Sic
587 5119 824 5195 Seguer.
855 5120 1077 5195 Anglic.
1111 5124 1168 5178 et
1198 5119 1389 5179 Felck.
1422 5122 1472 5181 4.
1507 5126 1583 5179 At
1609 5124 1702 5176 νῦν
1733 5121 1902 5180 abest

270 5188 479 5249 ab'aliis
508 5197 568 5249 et
598 5193 794 5249 editis.

327 5265 704 5343 (90)_Sggu‘er.
753 5265 853 5333 τὴν
914 5258 1117 5318 δούλου
1176 5265 1417 5343 μορφήν.
1469 5265 1620 5323 Editi
1672 5270 1730 5322 et
1774 5265 1897 5334 alii,

267 5330 349 5399 τὴν
374 5330 467 5388 τοῦ
500 5330 731 5392 διῖύλου.

324 5407 423 5479 (91)
455 5409 551 5465 Sic
582 5413 819 5479 Beguer.
872 5407 1101 5479 Gobler.
1146 5408 1334 5464 Felck.
1369 5410 1395 5464 1
1429 5413 1487 5465 et
1516 5408 1567 5464 4.
1599 5408 1749 5464 Editi
1798 5425 1893 5465 ve-

267 5490 319 5553 l’p
344 5477 546 5549 el'alii,
577 5483 740 5553 τοῦτο
765 5477 865 5553 γὰρ
893 5479 984 5553 καὶ
1017 5477 1181 5553 ἴδιον.
1212 5481 1364 5553 Ibidi
1387 5481 1581 5553 ‘Felck.
1607 5481 1661 5553 _2,
1696 5486 1752 5537 et
1780 5482 1897 5553 edi-

269 5545 977 5636 ῑίοροωῐρΘΙ.Αἷ’διο’ν.’Υἰοῦ
1011 5551 1236 5636 μοριξιήν.
1260 5545 1519 5636 λαϐόντα..
1553 5549 1750 5636 Ιςύριον
1781 5551 1898 5607 dvo-

273 5621 455 5691 μάζειν,
484 5630 602 5681 etc.
639 5624 835 5680 Ceteri
868 5621 1019 5681 mss.
1039 5621 1106 5681 ut
1132 5621 1193 5679 in
1220 5628 1380 5681 textu
1411 5621 1679 5681 habetur.

327 5696 429 5768 (92)
459 5695 687 5769 Anglic.
723 5701 781 5769 et
806 5694 1803 5769 _Reg.1§v_icriar6v.Mox_Seguer.
1837 5700 1896 5753 et

412 5759 521 5823 ’Καὶ
552 5759 658 5843 ῖξᾶρ
684 5765 773 5843 καὶ
804 5765 857 5821 ὲν
901 5759 1184 5843 ’τῇηΕάιὶὶὶ
1216 5772 1276 5843 et
1300 5766 1421 5843 alii,
1452 5765 1551 5843 Καὶ
1581 5759 1682 5843 γὰρ
1702 5763 1774 5843 Δἐν
1800 5770 1893 5842 τῇ.

272 5787 389 5892 ἦρε.
424 5787 521 5823 ua:
552 5787 658 5843 γαρ
684 5787 773 5822 και
805 5787 857 5821 εν
908 5787 999 5895 τῖ.
1032 5787 1184 5823 nam
1216 5787 1273 5824 et
1300 5787 1421 5856 an},
1453 5787 1551 5859 nat)
1580 5787 1682 5909 ξαρ
1722 5787 1774 5820 εν
1800 5787 1893 5842 τῃ.

326 5841 397 5899 1d.
425 5845 669 5914 Seguer.
701 5840 843 5913 Reg.
877 5843 950 5897 Fe
978 5839 1068 5897 ck.
1099 5840 1132 5895 4
1161 5843 1219 5897 et
1245 5839 1300 5911 5,
1328 5858 1429 5909 την
1478 5857 1577 5894 αυτ
1699 5834 1895 5916 διαφο-

2649 4807 2695 4841 ⁴⁰
2725 4805 2933 4865 Genes.
2961 4823 3077 4876 xxi,
3109 4806 3163 4862 8.
3239 4806 3281 4842 “
3317 4805 3390 4862 IV
3420 4805 3560 4880 Reg.
3586 4821 3663 4877 iv,

2013 4978 2365 5061 ράνλήῧωιριδί
2392 4981 2450 5033 et
2478 4976 2644 5044 editi,
2677 4973 2844 5061 αὐτὴν
2871 4976 2971 5061 τὴν
3007 4972 3294 5061 διαφοράνἶ

2080 5052 2192 5140 (ρὲ)
2222 5056 2456 5140 δθειιεη
2493 5052 2754 5140 ,γεϊητεδι
2833 5046 3221 5140 vim-.1516.
3260 5047 3468 5140 ἐθέλων.
3491 5047 3657 5140 ,θεας

2009 5117 2234 5179 Gdblér.
2274 5117 2332 5178 et
2359 5117 2550 5177 Felck'.
2586 5117 2635 5190 1,
2669 5120 2763 5175 Διὸ
2791 5117 2880 5175 καὶ
2913 5120 2941 5174 ὁ
2990 5117 3103 5190 μὲν,
3138 5119 3214 5182 ὡς
3260 5117 3403 5180 Υἱός.
3440 5119 3551 5177 Alii
3601 5117 3659 5178 6t

2009 5195 2188 5250 editio
2218 5193 2498 5250 Commel.
2532 5191 2624 5245 Διὸ
2651 5191 2738 5245 καὶ
2772 5191 2800 5244 ὁ
2836 5191 2929 5252 μὲν
2960 5189 3107 5252 Υἱός.

2007 5212 2188 5250 θαιιιο
2218 5212 2498 5250 uommei.
2532 5212 2624 5245 Διο
2651 5212 2738 5245 και
2772 5212 2800 5244 ο
2835 5212 2929 5262 μεν
2965 5212 2985 5243 ι
3008 5212 3107 5252 ιος,

2011 5333 2027 5337 _
2080 5266 2193 5337 (94)
2224 5270 2360 5322 Mss.
2411 5281 2636 5337 omnes,
2686 5258 3098 5337 Σουμανίτιδος.
3146 5262 3297 5319 Editi
3327 5257 3657 5337 Σουναμίτι-

2008 5331 2120 5398 δοά.
2169 5331 2336 5408 Ἁρυά
2377 5331 2734 5407 Scripturam
2783 5331 2999 5407 legitur
3047 5335 3188 5408 Reg.
3241 5337 3294 5400 4,
3324 5331 3651 5406 Σωμανίτις.

2006 5407 2259 5497 vulgata
2287 5409 2479 5497 habet,
2512 5409 2836 5497 :Siim'm‘u‘tf's,
2851 5408 3028 5497 (juifta
3052 5407 3363 5496 _Hebr‘aeut.n
3404 5411 3647 5491 textum.

2005 5551 2019 5564 θ
2074 5482 2185 5567 (95)
2218 5478 2749 5567 Gobler'..et‘l"elcrl‘{.
2769 5478 2907 5545 1,ὡς
2937 5478 3219 5567 ἡμεῖς.καί
3247 5478 3647 5567 ταῦτρωεηίεεξ

2003 5549 2390 5608 intermediis.
2425 5551 2646 5605 Ibidem
2680 5551 2917 5621 Seguer.
2952 5550 3176 5623 Anglic.
3209 5556 3266 5605 et
3296 5549 3439 5605 Felc.
3476 5550 3528 5618 4,
3559 5549 3649 5604 καὶ

2002 5626 2162 5699 τοῦτο
2216 5619 2272 5677 δὲ
2315 5617 2919 5699 φιλανθρωπευόμενος.
2970 5626 3033 5677 In
3078 5621 3211 5678 aliis
3257 5627 3312 5678 et
3359 5620 3536 5677 editis
3588 5617 3648 5676 δέ

2003 5698 2448 5839 ἀθῗϐἑ)8ρευθξκ
2500 5761 2643 5839 ὅταν,
2683 5763 2806 5839 r35;
2859 5763 2961 5839 τήν
3014 5759 3237 5839 δούλου.
3287 5766 3424 5839 Mox
3464 5763 3645 5839 idem,

2002 5833 2233 5898 Go'bler.
2264 5833 2455 5896 Felck.
2486 5838 2514 5895 1
2548 5842 2606 5897 et
2630 5838 2687 5912 5,
2717 5833 2892 5893 ἔκτισέ
2918 5854 3006 5911 με,
3041 5836 3118 5910 μὴ
3149 5833 3533 5909 ἀρνείσθωσαν.
