4076 6326
265 393 393 455 257

1450 385 1745 450 ORATIO
1787 384 1841 446 Ῑῐ
1887 383 2199 447 CONTRA
2242 384 2604 446 ARIANOS.

3569 397 3690 458 258

258 523 607 600 πανταχόθεν
666 521 943 600 φαίνεσθαι
999 524 1097 576 τοῦ
1154 521 1288 575 εἶναι
1319 520 1409 575 τὸν
1464 518 1639 593 Λόγον
1673 513 1919 591 δεύτερον

2046 533 2196 572 mum
2216 516 2513 573 undelibet
2530 522 2618 573 est
2635 518 2863 575 nonnisi
2879 521 3170 593 posterius
3184 538 3360 596 quam
3382 525 3690 585 fueritVer-

262 614 522 690 λέγεσθαι
577 613 662 683 τὸ,
722 609 916 679 ἔκτισε,
974 609 1063 665 καὶ
1118 609 1203 681 τὸ,
1261 605 1463 664 ἔπλασε
1658 606 1763 662 Καὶ
1819 606 1920 681 γὰρ

261 704 448 779 ὥσπερ
480 702 586 775 πρὸ
615 708 715 770 τῆς
747 699 1005 760 πλάσεως
1050 699 1300 773 ὑπῆρχον
1345 698 1399 752 αἱ
1442 694 1611 775 φυλαὶ
1642 692 1712 749 δι’
1743 694 1803 756 ἃς
1830 693 1920 748 καὶ

260 790 534 859 ἐπλάσθη·
598 788 772 851 οὕτως
819 787 1082 863 ὑπάρχειν
1141 786 1231 840 καὶ
1259 786 1326 839 τὶ
1375 781 1502 859 ἔργα
1534 782 1793 861 φαίνεται,
1844 781 1920 843 είς

259 879 413 934 ’ἀκαὶ
463 878 708 947 ἐκτίσθη.
759 875 857 930 Καὶ
916 875 1005 929 ὅτε
1064 875 1159 948 μὲν
1220 873 1274 928 ἐν
1331 873 1480 949 ἀρχῇ
1538 872 1605 941 ἦν
1660 870 1919 944 ὁΛόγος,

259 969 419 1024 οὔπω
475 970 542 1036 ἦν
596 968 664 1021 τά
718 962 868 1041 ἔργα,
925 964 1062 1018 καθὰ
1118 968 1402 1037 προεῖπονο
1454 960 1545 1016 ὅτε
1594 957 1652 1015 δὲ
1693 961 1759 1014 τὰ
1790 958 1921 1034 ἔργα

256 1058 474 1133 γέγονε,
528 1055 620 1110 καὶ
677 1056 712 1124 ἡ
763 1054 923 1129 χρεία
978 1052 1265 1127 ἂπῄτησε,
1319 1050 1445 1106 τότε
1492 1050 1556 1105 τὸ
1590 1095 1604 1121 ,
1664 1048 1867 1103 ἔκτισεν
1903 1091 1919 1116 ,

259 1145 501 1220 εἴρηται.
537 1144 634 1198 Καὶ
685 1142 867 1217 ὥσπερ
919 1142 980 1196 ἃν
1013 1138 1065 1196 εἷ’
1107 1162 1192 1202 τις
1240 1143 1319 1211 (9)
1348 1140 1486 1209 υἱὸς,
1527 1138 1918 1212 παραπολομὲ-

260 1256 370 1289 νων
424 1234 723 1306 κτημάτων
779 1230 883 1306 καὶ.
926 1230 1074 1306 παρὰ
1128 1227 1419 1301 πολεμίοις
1470 1222 1663 1296 ὄντων,
1697 1225 1747 1298 ἰξ
1793 1226 1922 1298 ἀμε-

204 1330 229 1401 }
263 1322 418 1385 λείας
449 1291 649 1388 αὐτῶν,
681 1291 883 1397 χρείαί
896 1341 956 1375 τε
983 1291 1102 1391 (.10)
1131 1312 1545 1386 καταλαϐούσης
1577 1316 1622 1371 εί
1645 1314 1919 1389 πέμποιτο

260 1414 413 1489 παρὰ
461 1415 561 1466 τοῦ
605 1410 809 1485 πατρὸς
842 1403 1227 1463 σψλλαϐἐσθαι
1275 1406 1366 1461 καὶ
1417 1409 1732 1481 συναγαγεῖν
1764 1403 1917 1459 αὐτά·

255 1502 348 1557 καὶ
400 1501 566 1561 οὗτος
614 1498 995 1573 ἀπερχόμενος
1024 1539 1038 1564 ,
1090 1492 1527 1551 ἐπενδιδύσκοιτο
1576 1494 1674 1561 τὴν
1727 1491 1922 1565 ὁμοίαν

254 1589 480 1645 ἐκείνων
531 1587 751 1658 ἐσθῆτα,
791 1585 882 1640 καὶ
933 1583 1267 1660 σχηματίζοι
1319 1582 1528 1652 ἑαυτὸν,
1584 1582 1659 1643 ὡς
1701 1580 1918 1649 ἐκεῖνοι,

248 1677 347 1732 ’ἱνα
405 1677 482 1750 μὴ
532 1675 608 1737 ὡς
658 1672 925 1743 δεσπότην
976 1672 1135 1727 αὐτὸν
1185 1671 1491 1748 ἐπιγνόντες
1544 1674 1655 1743 (11)
1684 1671 1736 1725 οἱ
1766 1671 1919 1725 κατε-

258 1786 453 1843 χοντες
484 1764 717 1843 φύγωσι,
760 1763 851 1819 καὶ
891 1761 1117 1836 κωλυθῇ
1165 1760 1444 1825 κατελθεῖν
1492 1759 1582 1815 καὶ
1625 1759 1763 1836 πρὸς
1792 1757 1920 1821 τοὺς

262 1856 370 1910 ὑπὸ
426 1856 531 1929 γῆν
586 1849 998 1926 κρυπτομένους
1053 1851 1182 1926 παρ’
1238 1849 1455 1905 ἐκείνων
1492 1868 1504 1880 ·

259 1944 592 2007 τωνθάνοιτο
623 1941 822 1996 τούτου
853 1942 986 2012 (12)’
1019 1941 1122 1995 Διὰ
1147 1940 1200 1995 τί
1244 1937 1417 2001 οὕτως
1453 1957 1467 2008 ;
1501 1939 1529 1993 6
1559 1942 1808 2000 τοιοῦτος
1843 1937 1920 1992 εἶ-

263 2053 361 2088 πεν
420 2032 481 2086 ἄν
531 2033 663 2103 (13)’
695 2031 757 2087 Ὁ
805 2030 986 2105 πατὴρ
1035 2028 1178 2083 οὕτω
1229 2049 1296 2101 με
1345 2025 1549 2082 ἔπλασε
1599 2027 1687 2081 καὶ
1717 2028 1920 2102 κατήρ-

262 2142 415 2177 τισεν
446 2120 524 2182 είς
554 2120 622 2173 τὰ
651 2118 781 2195 ἔργα
818 2119 1001 2173 αὑτοῦ·
1056 2116 1232 2192 λέγων
1284 2138 1344 2172 τε
1393 2116 1587 2186 οὕτως,
1641 2113 1764 2171 οὕτε
1793 2113 1923 2171 δοῦ-

268 2210 370 2265 λον
421 2208 610 2263 ἑαυτὸν
652 2205 776 2262 οὔτε
821 2203 913 2260 ἕνα
957 2206 1065 2260 τῶν
1094 2202 1262 2281 ἔργων
1315 2205 1445 2260 εἶναι
1494 2206 1607 2278 (14)
1648 2203 1919 2277 σημαίνει·

267 2295 404 2352 οὔτε
448 2293 509 2351 δὲ
555 2296 652 2364 τήν
710 2295 888 2370 ἀρχὴν
936 2296 1035 2363 τῆς
1083 2291 1342 2369 γενέσεως
1371 2293 1534 2348 α’)τοῦ
1584 2291 1749 2370 λέγει,
1782 2291 1926 2348 ἀλλὰ

264 2388 373 2454 τὴν
433 2384 655 2459 ὕστερον
706 2383 853 2455 αὐτῷ
908 2380 1153 2437 δοθεῖσαν
1209 2382 1286 2443 είς
1336 2382 1404 2436 τὰ
1459 2379 1588 2458 ἔργα
1644 2377 1922 2460 φροντίδαο

258 2476 357 2529 τὸν
402 2474 563 2528 αὑτὸν
614 2472 817 2548 τρόπον
866 2471 956 2526 καὶ
1002 2473 1030 2526 6
1076 2469 1292 2545 Κύριος,
1342 2467 1769 2543 ἐπενδυσάμενος
1814 2473 1925 2545 (15)

262 2565 367 2633 τήν
425 2560 696 2635 ἡμετέραν
746 2561 947 2634 σάρκα,
995 2559 1086 2614 καὶ
1135 2561 1383 2634 σχήματι
1432 2558 1668 2633 εὑρεθεὶς
1710 2559 1785 2621 ὡς
1836 2559 1927 2613 ἄν·

269 2665 521 2726 θρωπος,
551 2650 599 2704 εἷ’
641 2648 940 2726 ἐρωνηθείη
980 2647 1127 2724 παρὰ
1169 2652 1278 2702 τῶν
1329 2646 1503 2709 οὕτως
1555 2647 1713 2702 αὑτὸν
1750 2648 1929 2720 ὁρών-

266 2762 383 2795 των
415 2737 507 2793 καὶ
539 2737 945 2810 θαυμαζόντων,
980 2733 1123 2791 εἷ’ποι
1153 2733 1212 2790 ἄν
1246 2738 1378 2810 (16)·
1414 2734 1614 2809 Κύριος
1657 2733 1832 2790 ἔκτισέ
1863 2756 1931 2808 με

276 2829 465 2904 ἀρχὴν
525 2824 667 2882 ὁδῶν
724 2823 889 2880 αύτοῦ
946 2824 1021 2886 εἷς
1080 2820 1209 2899 ἔργα
1258 2823 1443 2878 αύτοῦο
1500 2823 1637 2878 καί·
1690 2822 1933 2880 Ἕπλασέ

280 2938 350 2989 με
408 2919 510 2970 τοῦ
567 2919 875 2989 συναγαγεῖν
928 2914 1020 2968 τὸν
1079 2912 1299 2987 Ἰσραήλ
1334 2956 1347 2969 .
1397 2916 1566 2966 Τούτο
1640 2909 1699 2967 δὶ
1770 2910 1933 2967 πάλιν

271 3005 467 3060 καὶτὸ
502 3007 720 3075 [Ινεῦμα
762 3006 1141 3078 προσημαῖνον
1184 3000 1237 3055 ἐν
1290 2999 1548 3073 Ψαλμοῖς
1599 2999 1767 3079 ἔλεγε*
1804 3004 1934 3058 Κατ-

273 3094 516 3161 ἑστησας
600 3091 761 3145 αὐτὸν
838 3089 926 3144 ἐπὶ
994 3089 1063 3144 τὰ
1144 3084 1272 3165 ἔργα
1343 3093 1452 3144 τῶν
1536 3094 1739 3165 χειρῶν
1814 3109 1929 3144 σου·

269 3182 410 3254 ὅπερ
439 3181 531 3236 καὶ
574 3179 700 3255 περὶ
755 3177 951 3233 ἑαυτοῦ
1000 3177 1279 3250 σημαίνων
1329 3177 1490 3240 αὐτὸς
1520 3182 1630 3250 (17)
1677 3179 1705 3233 6
1734 3178 1929 3252 Κύριός

270 3290 442 3347 φησιν
473 3286 489 3301 ⁸
545 3269 689 3342 Ἐγὼ
760 3264 819 3321 δὲ
892 3266 1221 3337 κατεστάθην
1299 3265 1551 3341 βασιλεὺς
1621 3266 1711 3321 ὐπ’
1767 3267 1930 3322 αὐτοῦ

271 3358 363 3413 ἐπὶ
412 3358 556 3412 Σιὼν
606 3352 732 3431 ὅρος
776 3356 840 3410 τὸ
888 3357 1042 3430 ἅγιον
1095 3354 1278 3409 αὐτοῦ·
1327 3354 1507 3432 ὥσπερ
1559 3352 1639 3424 δὲ,
1692 3354 1782 3411 ὅτε
1837 3355 1930 3411 ἐπ-

281 3445 507 3519 έλαμψε
551 3449 879 3517 σωματικῶς
908 3447 977 3516 τῇ
1016 3442 1179 3515 Σιὼν,
1211 3442 1311 3499 οὐκ
1338 3444 1516 3519 ἀρχὴν
1544 3443 1689 3519 εἶχεν
1721 3446 1830 3518 (18)
1859 3444 1930 3499 εἶ-

270 3556 363 3589 ναι
413 3532 540 3589 οὐδὲ
584 3538 682 3588 τοῦ
732 3531 1060 3608 βασιλεύειν·
1112 3530 1261 3587 ἀλλὰ
1310 3541 1383 3587 ων
1430 3532 1603 3609 Λόγος
1652 3538 1749 3588 τοῦ
1799 3538 1933 3589 Θεοῦ

276 3624 373 3678 καὶ
430 3621 609 3684 ἀίδιος
669 3619 963 3697 βασιλεὺς,
1019 3620 1346 3691 κατηξίωσεν
1406 3621 1756 3698 ἀνθρωπίνως
1813 3622 1936 3678 ἐπι-

276 3712 500 3787 λάμψαι
549 3713 649 3781 τὴν
704 3710 978 3786 βασιλείαν
1027 3710 1219 3765 ἑαυτοῦ
1246 3712 1362 3783 (19)
1405 3710 1497 3764 καὶ
1546 3709 1599 3765 ἐν
1646 3715 1715 3785 τῇ
1767 3713 1932 3784 Σιὼν,

270 3801 391 3870 ἵνα,
446 3801 554 3855 ἀπὸ
600 3803 698 3869 τῆς
750 3796 1145 3875 βασιλευούσης
1196 3798 1247 3852 ἐν
1297 3797 1480 3860 αὐτοῖς
1527 3799 1793 3875 ἁμαρτίας
1843 3800 1937 3857 λυ-

277 3890 640 3965 τρωσάμενος
698 3887 895 3949 αύτούς
945 3907 1004 3942 τε
1058 3886 1150 3940 καὶ
1205 3887 1376 3959 ἡμᾶς,
1430 3889 1635 3963 ποιήσῃ
1688 3888 1791 3944 ὑπὸ
1835 3891 1936 3959 τὴν

277 3979 554 4052 πατρικὴν
617 3974 893 4051 βασιλείαν
954 3974 1168 4029 ὲαυτοῦ’
1224 3974 1368 4029 οὕτω
1424 3977 1815 4049 καθιστάμενος
1861 3977 1936 4041 είς

276 4070 346 4124 τὰ
379 4064 533 4143 ἔργα,
585 4065 683 4120 ούκ
730 4064 807 4127 εἰς
852 4065 919 4119 τά
965 4060 1196 4136 μηδέπω
1238 4059 1388 4131 ὄντα,
1437 4063 1567 4120 ἀλλ’
1608 4064 1684 4128 εἷς
1732 4066 1799 4121 τὰ
1826 4064 1936 4138 ἤδη

277 4153 409 4212 ὄντα
439 4155 531 4210 καὶ
561 4152 791 4227 δεόμενα
820 4150 1165 4226 διορθώσεως
1194 4151 1534 4210 καθίσταται.

344 4247 439 4302 53.
467 4244 539 4299 Τὸ
587 4242 708 4318 ἄρα,
762 4239 958 4311 ἔκτισε,
1001 4241 1091 4297 καὶ
1132 4242 1218 4311 τὸ,
1267 4237 1494 4313 ἔπλασε,
1546 4243 1635 4298 καὶ
1682 4245 1767 4317 τὸ,
1812 4266 1941 4301 κατ-

350 4408 399 4442 ⁸⁴
430 4404 685 4477 Philipp.
718 4419 784 4470 ιι,
814 4404 868 4459 8.
946 4402 991 4438 ⁴⁸
1019 4400 1173 4459 Psal.
1207 4419 1329 4469 vui,
1358 4404 1414 4459 7.
1492 4404 1536 4439 ⁸⁸
1565 4403 1718 4461 Psal.
1752 4422 1817 4477 ιι,
1848 4408 1902 4462 6.

1568 1849 1680 1903 εἶτα
1740 1846 1793 1902 εἷ’
1840 1868 1921 1909 τις
1953 1883 1998 1947 Β

2030 605 2324 674 bum,haec
2344 607 2774 673 verba,creavit,
2792 613 2849 663 et
2866 610 3135 680 formavit
3154 613 3227 668 de
3248 613 3347 670 illo
3369 617 3687 675 enuntiari.

2030 695 2177 750 Nam
2208 696 2708 767 quemadmodum
2743 702 3058 771 antequam
3094 699 3276 758 Filius
3315 704 3687 778 formaretur,

2029 786 2218 839 tribus
2250 785 2632 855 exsistebant,
2661 791 2901 857 propter
2920 804 3068 858 quas
3092 790 3379 848 formatus
3404 794 3529 867 ipse
3559 803 3685 852 est:

2030 872 2115 928 sic
2143 874 2320 928 ctiam
2371 890 2567 945 opera,
2601 890 2855 944 quorum
2903 893 3083 933 causa
3111 885 3343 937 creatus
3377 888 3489 950 est,
3523 884 3687 956 prius

2030 966 2189 1033 patet
2219 962 2536 1018 exstitisse.
2588 967 2874 1019 Praeterea
2917 981 3048 1021 cum
3084 967 3143 1023 in
3190 970 3480 1043 principio
3533 980 3688 1031 esset

2028 1050 2306 1116 Verbum,
2340 1051 2627 1115 nondum,
2661 1056 2726 1106 ut
2755 1052 2894 1118 dixi,
2940 1062 3108 1109 erant
3152 1074 3331 1127 opera
3362 1075 3376 1115 :
3406 1077 3540 1116 cum
3576 1080 3683 1118 au-

2028 1142 2146 1193 tem
2196 1139 2348 1193 facta
2395 1145 2535 1194 sunt
2581 1155 2776 1209 opera,
2828 1147 2887 1196 et
2934 1143 3125 1216 exegit
3172 1149 3508 1217 necessitas,
3544 1156 3683 1208 tunc

2029 1227 2255 1283 dictum
2306 1231 2415 1289 est,
2448 1228 2672 1283 creavit.
2716 1230 2795 1284 Ac
2838 1233 3338 1301 quemadmodum
3367 1236 3417 1293 si
3464 1238 3683 1313 aliquis

2031 1315 2209 1385 ﬁlius,
2260 1316 2445 1371 servis
2475 1316 2716 1388 perditis
2757 1323 2815 1374 et
2843 1320 2999 1391 apud
3050 1320 3248 1378 hostes
3277 1322 3541 1396 ipsorum
3577 1345 3680 1385 ne-

2029 1403 2306 1475 gligentia
2334 1404 2604 1475 detentis,
2637 1411 2880 1478 cogente
2913 1410 3258 1467 necessitate
3287 1429 3321 1467 a
3353 1420 3515 1485 patre
3549 1417 3681 1474 mit-

2028 1497 2273 1559 teretur,
2306 1499 2372 1548 ut
2411 1493 2544 1549 illos
2576 1495 2880 1566 adjuvaret
2909 1501 2966 1552 et
3018 1499 3342 1568 reduceret,
3376 1502 3590 1577 illeque
3621 1508 3679 1563 in

2033 1579 2242 1637 itinere
2272 1582 2526 1638 similem
2577 1583 2811 1639 illorum
2864 1585 3135 1643 indueret
3181 1595 3422 1657 vestem,
3452 1595 3683 1651 eodem-

2031 1686 2143 1741 que
2173 1685 2240 1724 ac
2269 1669 2356 1725 illi
2403 1686 2466 1726 se
2498 1670 2819 1742 appellaret
2865 1676 3119 1745 nomine,
3153 1694 3224 1733 ne
3274 1681 3418 1736 torte
3466 1681 3546 1750 hi,
3579 1686 3681 1755 qui

2030 1774 2229 1815 servos
2261 1758 2595 1826 retinerent,
2631 1759 2755 1831 ipso
2789 1768 2854 1816 ut
2880 1762 3120 1819 domino
3151 1766 3371 1837 agnito,
3393 1769 3680 1843 fugerent,

2029 1847 2272 1919 ipseque
2323 1847 2431 1903 hoo
2464 1852 2631 1919 pacto
2682 1851 3089 1920 prohiberetur
3117 1854 3187 1908 ad
3237 1872 3434 1913 servos
3481 1861 3684 1918 subter

2031 1940 2248 1991 terram
2276 1936 2348 1991 ab
2381 1935 2497 1991 illis
2527 1939 2849 1993 occultatos
2882 1941 3188 1998 accedere:
3223 1944 3272 1998 si
3305 1947 3437 2016 quis
3469 1948 3680 2007 deinde

2032 2026 2105 2080 ab
2136 2040 2203 2080 eo
2233 2025 2842 2098 sciscitaretur,quare
2872 2028 2954 2083 ita
2984 2030 3221 2101 egisset.
3254 2042 3406 2090 recte
3436 2052 3683 2107 respon-

2032 2114 2195 2168 deret
2233 2130 2247 2168 :
2299 2113 2393 2169 Sio
2440 2129 2532 2170 me
2581 2114 2854 2170 formavit
2900 2121 2956 2172 et
3000 2122 3358 2190 comparavit
3407 2130 3569 2195 pater
3620 2127 3680 2183 in

2033 2217 2211 2274 opera
2238 2217 2347 2257 sua
2369 2218 2382 2255 :
2408 2202 2625 2273 quibus
2658 2204 2891 2274 quidem
2920 2206 3110 2261 verbis
3141 2224 3331 2280 neque
3356 2228 3419 2267 se
3448 2230 3685 2273 servum

2034 2295 2138 2346 aut
2159 2307 2344 2346 unum
2383 2307 2453 2346 ex
2480 2290 2756 2363 operibus
2784 2309 2912 2348 esse
2942 2295 3335 2367 signiﬁcaret;
3369 2317 3475 2358 nec
3502 2305 3683 2361 etiam

2035 2379 2128 2436 sui
2154 2385 2321 2435 ortus
2369 2379 2651 2436 indicaret
2699 2382 3075 2454 principium,
3107 2387 3209 2441 sed
3260 2393 3491 2446 tantum
3522 2409 3681 2449 com-

2037 2468 2281 2524 missam
2314 2468 2426 2525 sibi
2458 2473 2658 2540 postea
2686 2486 2931 2541 operum
2964 2488 3185 2530 curam.
3217 2476 3407 2533 Simili
3459 2484 3683 2539 ratione

2036 2558 2087 2612 si
2116 2557 2414 2624 Dominus,
2451 2563 2651 2613 nostra
2677 2558 2883 2615 induta
2902 2577 3075 2617 carne
3104 2564 3165 2631 “,
3190 2570 3247 2621 et
3267 2566 3457 2635 ﬁgura
3486 2570 3685 2628 inven-

2036 2651 2134 2702 tus
2165 2650 2229 2701 ut
2278 2646 2473 2715 homo,
2505 2646 2578 2701 ab
2609 2646 2703 2701 his
2752 2647 3213 2721 interrogaretur
3241 2656 3342 2725 qui
3391 2657 3585 2729 ipsum
3618 2676 3685 2717 eo

2037 2733 2097 2789 in
2130 2739 2284 2791 statu
2337 2734 2670 2807 suspiciunt
2715 2741 2773 2791 et
2823 2738 3214 2811 admirantur,
3262 2748 3681 2815 responderet:

2040 2825 2305 2880 Dominus
2333 2828 2537 2879 creavit
2568 2840 2654 2879 me
2677 2825 2908 2880 initium
2935 2829 3156 2884 viarum
3182 2846 3415 2887 suarum
3442 2837 3504 2889 in
3522 2851 3690 2908 Opera

2039 2930 2162 2979 sua,
2191 2918 2249 2968 et
2279 2929 2292 2967 :
2326 2913 2609 2968 Formavit
2634 2929 2723 2968 me
2772 2922 2830 2969 ιιι
2859 2916 3245 2987 congreyarem
3290 2921 3485 2977 Israel.
3520 2924 3680 2981 Idem

2043 3007 2238 3057 autem
2288 3002 2412 3071 ipse
2442 3016 2675 3072 quoque
2718 3002 2970 3073 Spiritus
3001 3004 3059 3059 in
3112 3006 3358 3064 Psalmis
3410 3027 3683 3082 pranun-

2042 3092 2198 3146 tians
2226 3089 2419 3145 aiebat
2451 3106 2463 3143 :
2500 3091 2859 3146 Constituiin
2884 3108 3011 3148 eum
3031 3109 3194 3165 super
3219 3112 3386 3168 opera
3416 3115 3685 3159 manuum

2042 3190 2265 3236 tuarum
2294 3179 2337 3213 “
2370 3195 2382 3233 :
2417 3179 2571 3250 quod
2604 3184 2661 3234 et
2708 3182 2990 3237 Dominus
3017 3184 3088 3237 de
3116 3184 3309 3257 seipse
3343 3186 3435 3245 bis
3473 3193 3685 3248 confir-

2043 3273 2168 3324 mat
2212 3267 2404 3324 verbis
2437 3284 2451 3325 :
2482 3268 2589 3339 Ego
2617 3273 2802 3324 autem
2848 3274 3174 3329 constitutus
3221 3291 3343 3331 sum
3371 3294 3475 3335 rex
3520 3280 3597 3336 ab
3626 3296 3687 3338 eo

2038 3374 2200 3431 super
2228 3357 2359 3413 Sion
2388 3361 2628 3412 montem
2674 3362 2926 3414 sanctum
2955 3360 3071 3431 ejus
3099 3362 3163 3417 “.
3197 3362 3373 3421 Porro
3405 3370 3687 3437 quemad-

2041 3447 2282 3502 modum
2314 3461 2447 3512 cum
2481 3447 2663 3501 monti
2696 3446 2831 3502 Sion
2877 3464 3118 3520 corpore
3146 3448 3360 3521 illuxit,
3400 3458 3542 3510 tunc
3572 3473 3688 3513 non

2042 3535 2280 3607 incmpit
2328 3549 2455 3589 esse
2503 3540 2607 3590 aut
2653 3550 2894 3607 regnare
2944 3552 2957 3591 :
3011 3539 3112 3593 sed
3163 3556 3296 3596 cum
3356 3547 3512 3599 esset
3564 3544 3693 3617 ipse

2042 3624 2297 3679 Verbum
2319 3626 2378 3678 et
2398 3638 2496 3678 rex
2516 3625 2929 3694 sempiternus,
2953 3625 3292 3685 humaniter
3314 3629 3500 3688 voluit
3518 3650 3695 3690 suum

2044 3728 2290 3785 regnum
2343 3710 2581 3768 illucere
2612 3729 2844 3785 quoque
2875 3714 2934 3769 in
2963 3714 3119 3783 Sion,
3155 3721 3220 3773 ut
3250 3719 3475 3776 scilicet
3503 3726 3560 3778 et
3592 3740 3699 3780 nos

2045 3806 2104 3857 et
2132 3801 2265 3857 illos
2296 3818 2330 3857 a
2362 3809 2613 3873 peccato,
2648 3804 2802 3873 quod
2839 3804 2893 3857 in
2927 3804 3011 3860 eis
3071 3808 3375 3878 regnabat,
3423 3812 3577 3869 412
3611 3828 3701 3868 re-

2047 3891 2315 3960 dimeret,
2348 3896 2405 3945 et
2438 3889 2496 3945 in
2528 3898 2839 3963 paternum
2875 3893 2967 3948 sui
3019 3893 3333 3965 imperium
3368 3899 3657 3972 redigeret
3687 3918 3701 3957 ς

2049 3997 2167 4052 qua
2214 3980 2417 4052 utique
2467 3980 2688 4035 ratione
2721 3980 2779 4035 in
2829 3998 3005 4053 opera
3036 3986 3126 4038 est
3171 3987 3548 4057 constitutus,
3585 4006 3701 4047 non

2049 4086 2177 4141 qua
2209 4069 2472 4124 nondum
2519 4073 2737 4136 essent,
2770 4070 2869 4125 sed
2919 4086 3047 4142 quas
3069 4072 3197 4143 jam
3250 4075 3615 4149 exsisterent,
3648 4084 3705 4136 et

2050 4157 2456 4216 emendatione
2485 4157 2833 4229 indigerent.

2120 4248 2211 4303 53.
2276 4246 2458 4318 Igitur
2514 4245 2602 4302 hae
2654 4246 2961 4316 dictiones,
3019 4252 3245 4321 creavit,
3299 4254 3587 4325 formavit,
3649 4261 3707 4315 et

351 4566 426 4639 (8)
489 4562 801 4639 Seguerinan
833 4602 846 4616 .
894 4560 1227 4618 Goblerian.
1283 4561 1435 4618 Felc.
1497 4564 1550 4629 1,
1607 4561 1928 4622 πεπλάσθαι.

2046 4564 2219 4631 Editi,
2251 4561 2477 4639 ε’ἰποιεν.
2530 4566 2677 4639 ibid.
2725 4567 3065 4638 Seguerian.
3098 4571 3432 4629 Goblerian.
3466 4577 3525 4631 et
3545 4573 3698 4632 Felc.

280 4630 395 4693 Alii
414 4630 488 4692 et
514 4630 679 4707 editi,
711 4630 933 4688 ἔπλασε.

352 4709 430 4777 (9)
463 4706 558 4763 Sic
606 4702 848 4778 Segner.
901 4702 1127 4778 Anglic.
1161 4702 1394 4778 Gobler.
1423 4703 1599 4778 _Felc.
1634 4706 1659 4760 1
1696 4709 1754 4778 et
1783 4708 1835 4761 4.
1869 4711 1944 4764 At

280 4774 423 4835 editi
477 4786 536 4835 et
582 4774 713 4847 alii;
735 4774 915 4848 ὥσπερ
965 4774 1026 4828 ἄν
1069 4794 1175 4848 τις.
1224 4776 1370 4848 Ibid.
1414 4776 1653 4846 chuer.
1705 4776 1939 4848 Gobler.

282 4852 434 4976 F210.
472 4851 499 4905 1
546 4856 606 4905 et
643 4843 701 4919 5,
748 4843 1244 4923 παραπολομένων.
1279 4847 1430 4904 Felc.
1479 4843 1536 4914 1i,
1580 4847 1938 4919 παραπολΛυ.

288 4945 325 4976 Π.
356 4942 491 4975 νων.

356 4942 464 4975 νων
475 4960 491 4974 ο

286 4945 839 5064 Pu;('1n)(i’).Segner.et
886 4987 1034 5044 Felc.
1087 4989 1140 5056 li,
1192 4985 1381 5064 χρείας
1411 4983 1487 5064 δέ.
1539 4989 1689 5044 Editi
1731 4994 1789 5047 et
1818 4991 1938 5064 alii,

282 5059 475 5140 χρείας
507 5059 612 5140 te:
636 5062 981 5140 Ibidam‘ss.
1027 5059 1253 5131 omnes,
1302 5059 1348 5114 εί
1397 5060 1693 5132 πάμποιτο.
1748 5063 1939 5120 Editio

278 5128 567 5193 Commel.
599 5134 821 5189 omittit
850 5128 916 5186 εἴ.

352 5208 475 5279 (11)
501 5204 844 5279 Seguerian.
886 5199 1076 5279 αὐτὸν-
1091 5198 1420 5279 ἐπιγνόντες.
1454 5202 1658 5279 Ceteri
1687 5207 1746 5279 et
1774 5205 1937 5274 editi,

277 5273 484 5332 ὲαύτῶν
533 5273 1005 5348 ἐπιγινώσκοντες..
1056 5273 1209 5348 Mox:
1236 5274 1473 5348 Seguer.
1520 5274 1848 5331 Goblerian.
1883 5273 1941 5333 et

277 5350 430 5406 Felc.
460 5351 515 5414 1,
549 5342 654 5401 ὑπδ
682 5354 809 5421 γῆν.
844 5345 994 5421 Editi
1025 5351 1083 5421 ei:
1112 5343 1235 5409 alii,
1269 5342 1365 5421 ἐπὶ⁸
1389 5351 1517 5421 γῆν.

350 5422 466 5491 (12)
498 5413 840 5491 seguei'ian.
888 5413 1235 5491 ἐπυνθάνετο.
1266 5413 1637 5491 ‘lbid._i_dem
1691 5422 1749 5472 et
1795 5417 1934 5491 Reg.

275 5487 364 5546 διά
391 5487 455 5545 τί
489 5487 689 5558 agt-(oc,
719 5490 748 5543 6
779 5487 1048 5551 τοιοῦτος,
1098 5494 1207 5542 etc.
1263 5487 1322 5543 in
1370 5488 1544 5543 editis
1569 5503 1727 5558 (vero
1778 5487 1939 5545 nulla

275 5557 683 5641 interponitur;
728 5558 1263 5641 distinctio."Edit.
1324 5557 1606 5615 Commel.
1657 5561 1938 5617 mendose

275 5628 562 5709 praeterea
592 5635 788 5709 habet,
822 5630 911 5709 διὰ
938 5631 1001 5685 τὸ
1031 5628 1229 5709 ρίᾶτωςἶ

344 5708 464 5782 (13)
497 5707 596 5763 Sic
639 5700 983 5778 Seguerian.
1034 5701 1172 5775 Reg.
1214 5700 1445 5757 Gobler.
1499 5700 1649 5758 Felc.
1698 5702 1721 5760 4
1779 5707 1836 5759 et
1881 5704 1931 5758 4.

2049 4640 2100 4706 1,
2131 4637 2469 4715 κατήρτησεν
2486 4678 2507 4715 ._
2540 4638 2700 4715 Felc.
2730 4637 3128 4715 4,ξιατήγαγεν.

2125 4709 2239 4791 (14)
2269 4708 2441 4791 Εἶναι,
2476 4709 2639 4766 deest
2687 4710 2745 4766 in
2793 4708 3047 4784 δεεαιὲιι.’
3066 4713 3168 4786 qui
3217 4731 3373 4783 mox,
3404 4720 3504 4785 τῆς
3552 4713 3702 4791 γενέ-

2053 4799 2188 4840 σεως
2224 4780 2436 4835 ἑαυτοῦ.

2103 4852 2603 4935 '(15)Seguerian.
2647 4852 2980 4910 Goblerian.
3031 4855 3179 4912 Felc.
3215 4857 3239 4911 1
3276 4861 3335 4911 et
3382 4858 3434 4927 4,
3485 4854 3705 4912 ἰπενδυ-

2052 4942 2305 4993 σαμενος.

2082 4990 2505 5079 ’,(16λβοειιοικ
2552 4998 2608 5051 et
2650 4994 2799 5051 Felc.
2851 4996 2903 5060 4,
2939 4990 3141 5050 εἴποιεν
3169 4997 3252 5053 ἄν.
3287 4998 3439 5054 Editi
3489 5003 3545 5057 et
3576 4999 3698 5073 alii,

2051 5083 2195 5119 ε.ποι
2228 5086 2311 5121 αν.

2150 5138 2238 5204 17)
2267 5134 2438 5192 Αὐτόν
2473 5137 2639 5192 abest
2670 5154 2703 5190 a
2728 5136 3068 5208 Seguerian.

2147 5208 2238 5284 18)
2270 5209 2736 5284 SicﬂSeguerian.
2770 5207 3102 5284 Goblerian.
3126 5210 3273 5284 Felc.
3314 5213 3360 5275 1,
3393 5214 3425 5267 4
3456 5216 3513 5269 et
3540 5214 3702 5284 5,qui

2050 5276 2317 5342 ultimus,
2369 5276 2441 5332 ὢν
2478 5276 2523 5332 ’ὁ
2567 5278 2761 5342 Λόγος.
2810 5279 2920 5334 Alii
2975 5288 3034 5338 et
3086 5282 3262 5340 editio
3292 5276 3705 5341 ευωωοι.’όύκ

2050 5298 2317 5342 unumus,
2369 5298 2441 5332 tov
2495 5298 2523 5332 ο
2567 5298 2642 5332 ΛΟ
2681 5298 2761 5339 ος.
2810 5298 2920 5334 Aiu
2975 5298 3005 5335 ι’

2050 5348 2228 5423 ἀρχὴν
2259 5351 2427 5423 εἶχεν,
2460 5347 2607 5404 ἀλλὰ
2640 5298 2713 5403 iiv
2747 5349 2775 5402 6
2808 5348 3007 5422 Λόγος.

2120 5422 2506 5500 (1ξ))βορζιιεει·ζ
2546 5422 2815 5500 G_obl_er._
2833 5423 2982 5478 Felc.
3018 5424 3039 5478 1
3072 5426 3213 5500 etﬁ,
3254 5425 3704 5500 tautoﬁ._Caeteri

2047 5497 2103 5544 et
2132 5493 2294 5557 editi,
2346 5492 2529 5547 αὑτοῦ.
2583 5493 2729 5548 Ibid.
2782 5493 3021 5559 Seguer.
3074 5496 3162 5547 καῖ
3197 5494 3248 5548 ἐν
3286 5499 3353 5559 τῆ
3390 5497 3554 5553 Σιών.
3588 5503 3703 5555 GO-

2048 5510 2103 5544 et
2132 5510 2294 5557 eam,
2346 5512 2529 5547 αυτου.
2583 5510 2729 5548 ιοια.
2782 5510 2852 5548 δε
2901 5512 3021 5550 uer.
3074 5514 3162 5547 και
3197 5510 3248 5548 εν
3286 5517 3353 5559 τη
3390 5510 3554 5553 Σιών.
3588 5510 3703 5555 GO-

2048 5561 2193 5646 bler.
2241 5564 2399 5646 βοῇ).
2450 5566 2476 5646 1
2528 5568 2585 5646 et
2615 5564 2809 5646 ἐι..καί
2858 5510 2911 5620 ᾗ
2964 5568 3038 5640 γῇ
3090 5566 3257 5623 Σιών.
3301 5556 3451 5624 Editi
3483 5586 3614 5628 vero
3646 5574 3705 5628 et

2047 5633 2166 5701 alii,
2198 5632 2362 5690 αὐτοῦ
2392 5634 2480 5690 καὶ
2509 5636 2577 5707 τῇ
2612 5635 2779 5690 Σιών.
