4076 6346
408 416 526 476 2⁷15

950 417 1014 476 S.
1062 416 1488 478 ATHANASII
1534 416 1706 476 OPP.
1756 415 1958 476 PARS
2001 414 2051 474 Ι.
2085 447 2162 458 -
2192 414 2610 476 HISTORICA
2653 415 2752 477 ET
2793 414 3278 476 DOGMATICA.

3702 413 3823 472 276

413 549 522 604 rat.
557 545 701 604 Nam
734 549 1046 619 postquam
1079 545 1226 603 dixit
1255 564 1268 604 :
1303 548 1569 604 Dominus
1595 547 1801 604 creavit
1829 563 1917 604 me
1944 547 2062 603 ini-

2201 543 2386 618 »ιμίαις
2439 543 2727 602 δείκνυσιν.
2783 545 3034 619 Είρηκὼς
3087 545 3192 622 γὰρ
3248 545 3312 600 τὸ
3353 545 3452 618 (3),
3483 542 3680 620 Κύριος
3739 541 3821 599 ἔκ-

415 637 556 692 tium
583 639 799 691 viarum
827 653 1054 692 suarum
1073 636 1138 706 9°,
1171 636 1439 692 subdidit
1470 652 1484 692 :
1516 637 1654 692 Ante
1685 651 1874 691 omnes
1901 636 2070 692 colles

416 727 596 799 gignit
624 727 771 781 me'.
815 725 974 790 Quod
1006 725 1053 780 si
1104 725 1354 781 Verbum
1390 729 1600 780 natura
1647 730 1706 780 et
1735 724 2071 780 substantia

417 818 681 870 creatum
711 819 888 882 esset,
918 813 1182 884 nihilque
1215 831 1336 870 rem
1368 815 1626 887 genitam
1650 813 1804 868 inter
1822 816 1876 868 et
1908 829 2068 868 crea-

417 907 536 960 tam
558 903 956 973 dilierret,non
975 903 1380 974 subjunxisset
1390 905 1572 976 gignit
1589 903 1800 973 me,sed
1813 901 1959 957 satis
1970 901 2072 956 ha-

416 991 645 1048 buisset
664 991 980 1046 dictionem
995 993 1202 1047 creavit
1220 991 1746 1064 usurpare,quipps
1767 1006 1894 1061 quae
1913 990 2068 1044 idem

413 1098 502 1150 ac,
531 1083 740 1153 genuit,
773 1080 1153 1152 significaret.
1181 1081 1398 1137 Verum
1422 1081 1521 1136 ubi
1545 1080 1728 1136 dixit:
1755 1079 2072 1152 Creavitme

413 1172 643 1228 initium
669 1172 894 1226 viarum
908 1185 1139 1226 suarum
1174 1171 1234 1225 in
1262 1186 1426 1242 opera
1442 1187 1564 1235 sua,
1589 1186 1704 1226 non
1727 1167 2074 1242 simpliciter

413 1259 641 1316 addidit
667 1259 868 1333 genuit
882 1259 1103 1327 me,'sed
1124 1274 1257 1314 cum
1292 1258 1701 1328 conjunctione
1722 1261 1947 1326 vero,ut
1963 1256 2072 1312 hoc

411 1349 587 1406 modo
636 1347 951 1404 dictionem
999 1350 1208 1404 creavit
1256 1348 1652 1410 confirmaret,
1705 1363 1839 1402 cum
1879 1346 2070 1400 dicit:

408 1440 548 1494 Ante
575 1453 763 1492 omnes
797 1453 920 1492 vero
945 1437 1112 1492 colle:
1136 1438 1324 1508 gignit
1349 1452 1456 1491 me.
1481 1436 1628 1492 Nam
1659 1436 1900 1491 verbum
1924 1451 2074 1490 crea-

410 1529 650 1594 vit,cum
673 1525 954 1582 vocabulo
972 1527 1157 1598 gignit
1179 1542 1265 1582 me
1285 1525 1690 1597 conjunctum,
1709 1541 1888 1580 unam
1907 1523 2075 1596 perﬁ-

413 1617 493 1674 cit
521 1615 898 1683 sententiam,
931 1615 1269 1688 indicatque
1317 1613 1571 1686 aliquam
1605 1614 1679 1671 ob
1708 1629 1946 1670 causam
1980 1612 2074 1667 di-

412 1709 576 1762 ctum
606 1720 758 1770 esse,
788 1708 1014 1773 creavit,
1045 1707 1112 1760 ut
1141 1709 1218 1774 et,
1249 1705 1442 1777 gignit
1467 1719 1573 1774 me,
1604 1719 1734 1760 esse
1759 1706 1892 1759 ante
1920 1718 2074 1758 crea-

412 1795 514 1851 vit.
543 1793 1050 1860 Quemadmodum
1081 1793 1238 1850 enim
1270 1793 1320 1848 si
1352 1809 1560 1849 rursus
1591 1791 1858 1859 dixisset,
1880 1792 2075 1848 Domi-

2174 635 2290 689 τισέ
2367 655 2434 708 με
2511 635 2694 711 ἀρχὴν
2773 632 2912 690 ὁδῶν
2995 636 3184 703 αὐτοῦ,
3243 632 3520 709 έπήγαγε’
3583 634 3695 706 Πρὸ
3762 630 3821 688 δὲ

2176 722 2390 778 πάντων
2449 726 2656 801 βουνῶν
2710 729 2867 800 γεννᾷ
2922 745 3008 798 με.
3059 723 3122 784 Εἰ
3171 725 3264 797 μὲν
3298 721 3391 778 οὖν
3422 723 3489 793 ἦν
3523 723 3676 800 φύσει
3727 721 3819 776 καὶ

2175 815 2244 886 τῇ
2272 813 2428 885 οὐσίᾳ
2449 785 2658 887 Ικτίσμα
2687 785 2946 889 ὁιΛόγοςι,
2977 812 3070 868 καὶ
3101 785 3336 888 διαφορὰ
3361 785 3458 881 ἦν.
3477 785 3574 866 τόῢ
3625 812 3821 886 γεννή-
3871 833 3886 866 ι
3927 785 3962 855 ‘r

2183 921 2350 974 ματος
2407 903 2544 977 πρὸς
2591 904 2656 958 τὸ
2707 902 2928 976 κτίσμα,
2975 903 3077 956 οὐκ
3123 899 3182 956 ἃν
3233 899 3477 975 ἐπήγαγε
3525 901 3610 968 τὸ,
3662 903 3824 974 γεννᾷ

2183 1011 2271 1063 με,
2302 989 2428 1046 ἀλλ⁴
2459 993 2684 1067 ἠρκεῖτο
2712 997 2812 1064 τῷ,
2845 986 3070 1059 ἔκτισεν,
3103 992 3179 1052 ὡς
3216 993 3316 1054 τῆς
3369 988 3566 1060 λέξεως
3615 987 3819 1057 ταύτης

2181 1078 2559 1152 σημαινούσης
2610 1082 2694 1149 τὸ,
2751 1077 3020 1156 ἐγέννησε·
3062 1083 3154 1134 νῦν
3207 1075 3266 1134 δὲ
3318 1077 3575 1153 εἰρηκὼς,
3607 1075 3823 1135 Ἕκτισέ

2185 1189 2252 1242 με
2307 1169 2486 1245 ἀρχὴν
2547 1167 2690 1225 ὁδων
2747 1170 2915 1225 αὐτοῦ
2970 1167 3048 1231 εἰς
3127 1163 3256 1244 ἔργα
3303 1169 3492 1234 αὐτοῦ,
3553 1165 3822 1243 ἐπήγαγεν

2181 1259 2292 1334 οὐχ
2322 1257 2510 1321 ἁπλῶς
2560 1260 2643 1328 τὸ,
2674 1263 2832 1336 γεννᾷ
2886 1279 2954 1332 με
2983 1260 3081 1330 (4),
3116 1257 3263 1314 ἀλλᾶ
3312 1257 3446 1330 μετὰ
3497 1253 3825 1329 συμπλοκῆς

2179 1352 2296 1415 τοῦ,
2329 1345 2405 1415 δὲ,
2441 1345 2762 1420 συνδέσμου,
2799 1348 2876 1411 ὡς
2907 1345 3338 1425 ἀσφαλιζόμενος
3389 1344 3443 1400 ἐν
3494 1344 3673 1418 τούτῳ
3723 1347 3824 1414 τήν

2180 1440 2298 1506 τοῦ,
2357 1429 2551 1502 ἔκτισε,
2613 1433 2779 1506 λέξιν,
2839 1433 3018 1510 λέγων
3051 1454 3064 1466 ·
3125 1435 3236 1508 Πρὸ
3296 1431 3354 1490 δὲ
3407 1434 3622 1489 πάντων
3686 1433 3826 1509 βου,

2180 1529 2288 1579 νῶν
2331 1527 2406 1598 (5)
2455 1530 2614 1601 γεννᾷ
2673 1546 2758 1598 με.
2817 1526 2888 1580 Τὸ
2944 1525 3070 1600 γὰρ,
3103 1529 3267 1600 γεννᾷ
3325 1543 3412 1597 με,
3467 1528 3566 1595 τῷ,
3625 1516 3822 1589 ἔκτισε,

2181 1613 2681 1690 συμπεπλεγμένως
2713 1609 3108 1691 ἐπιφερόμενον
3165 1612 3292 1686 μίαν
3349 1617 3498 1668 ποιεῖ
3549 1613 3648 1682 τὴν
3707 1609 3826 1666 διά-

2181 1723 2334 1759 νοιαν
2364 1702 2454 1760 καί
2486 1701 2770 1772 δείκνυσιν,
2802 1703 2885 1759 ὅτι
2932 1705 2994 1758 τὸ
3051 1704 3166 1776 μὲν,
3198 1699 3394 1770 ἔκτισε,
3427 1698 3518 1757 διά
3565 1721 3616 1755 τι
3669 1697 3823 1776 εἷ’ρη-

2182 1814 2290 1849 ται·
2321 1795 2384 1849 τὸ
2425 1791 2484 1849 δὲ
2529 1799 2690 1870 γεννᾷ
2744 1815 2831 1867 με,
2862 1794 2969 1868 πρὸ
3019 1797 3136 1863 τοῦ,
3169 1786 3394 1859 ἔκτισεν,
3427 1789 3588 1846 ἐστίν.
3620 1792 3824 1865 Ὥσπερ

411 1899 518 1940 nux
563 1885 741 1956 gignit
796 1900 900 1950 me,
929 1882 1279 1956 gdeindeque
1330 1881 1658 1939 addidisset
1706 1889 1843 1938 ante
1893 1895 2076 1936 omnes

2201 1883 2287 1958 τὰρ
2338 1881 2384 1939 εί
2435 1877 2673 1956 ἔμπαλιν
2728 1882 2958 1958 εἰρήκει,
3005 1880 3410 1981 Κόριοςνγεννᾷ
3455 1901 3542 1952 με,
3591 1876 3680 1934 καί
3730 1877 3826 1934 ἐπ-

413 1989 538 2030 vero
564 1973 728 2031 colles
757 1974 964 2029 creavit
1009 1988 1115 2039 me,
1148 1971 1429 2044 profecto,
1460 1972 1690 2039 creavit,
1723 1971 1888 2044 prius
1918 1973 2077 2026 esset

2201 1992 2357 2050 ;φερεο
2391 1973 2503 2048 Πρὸ
2563 1969 2622 2027 δὲ
2676 1973 2890 2028 πάντων
2952 1972 3160 2046 βουνῶν
3217 1964 3394 2024 ἔκτισέ
3447 1989 3515 2041 με
3567 1971 3665 2041 (6),
3699 1967 3828 2024 πάν-

413 2079 593 2136 quam
614 2064 806 2132 genuit
829 2079 842 2118 :
865 2063 950 2118 ita
966 2061 1443 2134 quandoquidem
1463 2061 1720 2134 primum
1743 2061 2074 2128 dixit,erea-

413 2153 516 2222 vit,
549 2151 760 2208 deinde
806 2151 1140 2223 subjunxit,
1169 2155 1298 2208 ante
1346 2166 1532 2206 omnes
1563 2167 1686 2206 vero
1715 2153 1898 2222 gignit
1927 2153 2072 2217 me‘,

414 2239 744 2297 necessario
773 2239 1031 2296 ostendit
1059 2242 1254 2309 genuit
1286 2239 1447 2312 prius
1479 2255 1607 2296 esse
1638 2255 1816 2311 quam
1846 2241 2073 2295 creavit.

414 2329 681 2401 Namque
704 2328 972 2394 dicendo,
989 2332 1122 2385 ante
1141 2345 1326 2386 omnes
1348 2341 1473 2385 vero
1493 2330 1672 2399 gignit
1685 2344 1792 2398 me,
1808 2344 1870 2384 se
1892 2327 2076 2384 alium

417 2418 490 2476 ab
523 2419 798 2474 omnibus
824 2433 956 2473 esse
985 2416 1260 2487 declarat,
1284 2433 1417 2474 cum
1451 2435 1514 2472 ex
1551 2434 1731 2489 supra
1755 2417 1926 2472 dictis
1946 2434 2079 2473 con-

417 2511 550 2575 stet,
575 2505 800 2564 nullam
822 2522 853 2562 e
876 2507 1049 2561 rebus
1071 2507 1283 2562 creatis
1308 2507 1472 2578 prius
1495 2505 1678 2562 altera
1697 2507 1909 2561 factam
1927 2522 2074 2572 esse,

419 2596 521 2655 scd
553 2611 646 2653 res
668 2611 870 2655 amnes
902 2595 1087 2651 factas
1111 2611 1226 2651 uno
1257 2595 1578 2667 eodemque
1601 2593 1876 2651 mandato
1899 2594 2076 2652 simul

418 2683 732 2742 exstitisse.
751 2683 892 2738 llinc
913 2699 1016 2739 nec
1039 2684 1239 2739 eadem
1263 2684 1544 2752 adjuncta
1565 2687 1706 2740 sunt
1724 2683 2079 2740 dictionibus

419 2773 645 2842 creavit,
676 2774 746 2841 iet
789 2772 973 2844 gignit
1019 2789 1111 2827 me
1137 2790 1156 2826 :
1189 2773 1287 2828 sed
1340 2776 1494 2846 post,
1543 2775 1770 2840 ereavit,
1817 2772 2076 2844 additur,

415 2863 754 2936 principium
787 2863 1007 2918 viarum
1035 2881 1058 2917 :
1089 2865 1149 2916 at
1178 2879 1290 2918 non
1333 2862 1478 2918 dixit
1507 2862 1861 2934 principium
1892 2861 2083 2935 gignit

417 2969 532 3024 me,
565 2951 692 3023 sed,
724 2957 853 3008 ante
899 2967 1090 3007 omnes
1135 2952 1320 3022 gignit
1367 2966 1474 3007 me.
1522 2951 1700 3026 Atqui
1738 2953 1788 3007 is
1817 2951 1912 3023 qui
1947 2956 2080 3008 ante

419 3057 626 3099 omnes
657 3043 770 3111 est,
802 3057 916 3096 non
951 3043 1042 3096 est
1072 3041 1338 3096 omnium
1385 3039 1764 3112 principium,
1797 3041 1895 3096 sed
1929 3039 2081 3095 alius

419 3134 511 3188 est
539 3129 611 3186 ab
639 3128 934 3186 omnibus.
961 3129 1122 3196 Quod
1147 3127 1198 3184 si
1219 3127 1374 3184 alius
1395 3134 1484 3185 est
1513 3127 1586 3183 ab
1611 3129 1910 3196 omnibus,
1929 3129 2084 3184 inter

423 3235 552 3292 quin
573 3218 770 3290 ipsum
793 3233 1026 3290 quoque
1044 3217 1398 3290 principium
1423 3218 1689 3274 omnium
1705 3217 2081 3290 comprehen-

423 3308 621 3364 ditur:
645 3307 800 3362 haud
827 3305 1074 3361 dubium
1108 3310 1197 3362 est
1220 3307 1360 3378 quin
1386 3305 1536 3362 alius
1557 3305 1690 3362 sita
1722 3307 1898 3362 rebus
1919 3323 2078 3362 crea-

423 3397 523 3454 tis.
557 3396 629 3462 Et
659 3394 904 3467 proinde
933 3411 1066 3450 cum
1096 3393 1353 3450 Verbum
1387 3394 1544 3450 aliud
1579 3395 1657 3450 sit
1685 3396 1758 3451 ab
1780 3396 2078 3468 omnibus,

424 3490 603 3558 atque
623 3489 758 3540 ante
777 3483 977 3539 omnia
997 3482 1504 3548 exsistat,evidens
1525 3487 1616 3539 est
1635 3483 1830 3556 ipsum
1853 3489 2080 3557 postea,

423 3575 688 3632 humana
708 3576 1018 3646 assumpta
1033 3571 1456 3638 natura,creari
1482 3572 1829 3645 principium
1855 3573 2079 3629 viarum

428 3663 490 3719 in
538 3678 733 3735 opera,
781 3665 864 3730 ut,
900 3661 1400 3734 quemadmodum
1450 3661 1534 3717 ait
1579 3661 1891 3734 Apostolus
1911 3664 1954 3728 ²,
1985 3661 2084 3718 ille

431 3750 536 3824 qui
567 3751 921 3825 principium
974 3753 1031 3806 et
1078 3749 1508 3823 primogenitus
1549 3754 1640 3806 est
1688 3767 1758 3807 ex
1813 3753 2084 3821 mortuis,

431 3839 589 3897 idem
620 3841 748 3914 ipse
777 3839 838 3894 in
869 3839 1145 3896 omnibus
1176 3839 1498 3912 primatum
1530 3842 1746 3896 teneat.

501 4019 590 4074 61.
616 4019 981 4090 Quapropter
999 4031 1135 4073 cum
1167 4016 1225 4072 id
1259 4015 1622 4072 discriminis
1645 4017 1970 4074 intercedat
1998 4017 2088 4074 in-

432 4111 542 4177 ter,
575 4109 800 4176 creavit,
833 4111 910 4176 et,
937 4107 1119 4179 gignit
1142 4122 1248 4174 me,
1274 4110 1466 4178 atque,
1491 4106 1830 4180 principium
1847 4110 2088 4176 viarum,

433 4201 510 4267 et,
544 4201 675 4254 ante
703 4211 908 4264 omnes,
941 4193 1410 4252 concludendum
1445 4199 1535 4251 est
1559 4195 1742 4252 Deum
1770 4198 1872 4270 qui
1901 4197 2090 4254 horni-

437 4303 579 4342 num
610 4289 836 4342 creator
881 4289 993 4352 est,
1025 4300 1129 4356 per
1174 4299 1349 4339 suum
1383 4284 1663 4354 Verbum,
1695 4286 1855 4358 quod
1883 4287 1941 4342 in
1974 4287 2092 4346 illis

436 4373 684 4440 habitat,
715 4374 1056 4430 eorumdem
1106 4376 1335 4429 Patrem
1388 4377 1592 4446 postea
1618 4374 1764 4430 fieri.
1803 4376 1877 4432 De
1907 4375 2094 4436 Verbo

433 4469 635 4524 autem
665 4461 959 4520 contraria
985 4461 1225 4518 omnino
1257 4467 1348 4518 est
1379 4463 1546 4518 ratio.
1578 4462 1878 4536 Siquidem
1915 4467 2090 4538 Deus,

507 4571 552 4607 9°
583 4571 746 4626 Prov.
779 4585 902 4636 vui,
931 4569 1020 4622 22.
1100 4569 1117 4603 ¹
1145 4568 1288 4624 ibid.
1319 4569 1411 4624 25.
1487 4569 1510 4603 ²
1539 4567 1760 4626 Coloss.
1794 4588 1832 4641 ι,
1867 4571 1952 4628 18.

505 4685 596 4759 (3)_
614 4683 714 4759 ,Sio
743 4680 1454 4759 seguerian.Goblerian._
1471 4681 1672 4759 Felc;1
1707 4688 1764 4741 et
1792 4685 1928 4742 4.10
1961 4686 2094 4744 aliis
2123 4693 2170 4758 Ι)

442 4754 713 4829 et'e'ditis
735 4754 798 4809 τό
819 4754 1176 4829 ῌθεεμμοι
1223 4754 1558 4829 ξεευθτῇιιη.
1595 4755 1735 4829 Reg.
1769 4761 1827 4829 et
1857 4759 2005 4814 Felc.
2035 4761 2093 4828 5,

439 4828 654 4885 πάντων
693 4824 921 4903 βουνῷν.
955 4825 1071 4903 Alii
1093 4830 1162 4903 ‘et
1190 4823 1355 4892 editi,
1380 4823 1594 4903 πάντων
1626 4823 1733 4881 τιῖἷν
1781 4827 2020 4903 βουνῶν.

537 4903 591 4974 4)
617 4895 981 4974 Seguerian.,
999 4895 1230 4974 ρπλῶς,
1261 4900 1420 4974 γεννᾷ
1445 4917 1532 4974 με.

537 4907 591 4974 4)
617 4907 981 4973 Seguerian.,
1013 4907 1230 4962 ἁπλῶς,
1261 4907 1420 4971 γεννᾷ
1445 4917 1532 4970 με.

511 4907 589 5045 (5)
623 4972 962 5045 Seguerian.
999 4971 1120 5042 Reg
1166 4973 1224 5045 et
1273 4969 1440 5045 Eelc.
1480 4968 1801 5045 5,__1r_aiy':wv
1863 4969 2092 5045 βουνῶν.

442 5040 679 5116 Editiet
702 5040 828 5111 alii,
859 5040 1229 5116 πάντῳνξτῶν
1286 5040 1518 5116 βουνῷν.
1551 5040 2098 5116 Ῑὺὶἀκεθεύθτὶξιηη

443 5118 532 5187 Τῷ
561 5113 664 5188 γὰρ
686 5109 847 5188 *γεννᾷ
881 5133 948 5186 με
975 5113 1038 5167 τὸ
1078 5109 1296 5167 ἔκτισε.’
1329 5113 1658 5188 ΡεΙΟῙςωειι.
1706 5115 1761 5180 2,
1805 5109 1870 5170 δι
1903 5109 2097 5188 editio

444 5181 747 5256 Cdtriniell,
785 5181 992 5260 βουνῶν
1024 5189 1177 5258 γεννᾷ
1212 5204 1298 5257 με,
1346 5183 1408 5238 τὸ
1457 5181 1630 5238 ἔκτισε
1679 5183 2098 5260 συμπεπλεγμέ-

443 5277 594 5454 miti?
624 5326 988 5398 Seguerian.,
1039 5326 1254 5378 πάντων
1315 5322 1489 5381 ἔκτισὲ
1555 5346 1641 5414 με.
1719 5328 1857 5399 Reg.
1918 5327 2094 5385 Basil.

445 5404 569 5454 Ana
599 5399 666 5454 io.
703 5405 760 5454 et
792 5398 936 5454 Felc.
971 5399 1024 5454 4.
1055 5397 1270 5451 πάντων
1305 5397 1507 5454 Βουνῶν
1541 5396 1713 5452 ἒκτισέ
1756 5418 1842 5454 με.
1879 5399 1988 5454 Alii
2040 5405 2094 5454 et

700 5396 760 5487 ξι
792 5398 952 5484 176ch
971 5397 1270 5488 4,ηπάντων
1297 5397 1507 5488 βουνῷν
1541 5396 1732 5488 ἔκτισέ
1755 5396 1988 5488 μὲλΑΙίί
2040 5405 2099 5456 et

447 5468 612 5544 editi,
645 5472 860 5526 πάντων
885 5473 992 5544 τῶν
1029 5469 1259 5544 βουνῶιί
1296 5468 1477 5544 ἔκτισέΔ
1533 5490 1617 5542 με.
1831 5470 2095 5544 Seguer.,

448 5543 512 5597 τὸ
543 5540 718 5597 ἔκτισε
764 5547 859 5597 τοῦ
892 5539 1187 5616 ἐγέννησεν.
1225 5542 1397 5610 Editi,
1429 5541 1491 5595 τὸ
1536 5539 1634 5596 τοῦ
1687 5539 1955 5614 ἐγέννησε,
1985 5548 2098 5600 etc.

447 5616 647 5672 Ceteri
681 5628 831 5673 mss.
874 5613 941 5670 ut
969 5613 1027 5670 in
1063 5619 1241 5670 textu.

522 5687 598 5759 (7)
629 5687 990 5761 Seguerian.,
1019 5684 1103 5756 τὸ,
1130 5683 1401 5759 ἐγέννησε.
1435 5683 1584 5740 Editi
1631 5688 1688 5741 et
1739 5685 1859 5756 alii,
1891 5685 1954 5738 τὸ
1983 5682 2099 5760 γέν-

449 5775 614 5832 νημα.

2181 2082 2290 2125 τως
2365 2067 2668 2139 προηγεῖτο
2727 2065 2846 2131 τοῦ,
2895 2059 3162 2136 ἐγέννησε,
3214 2058 3299 2126 τὸ,
3349 2051 3550 2114 ἔκτισεν
3582 2077 3596 2092 ·
3651 2056 3827 2120 οὕτως

2184 2149 2419 2226 εἰρηκὼς
2485 2155 2726 2226 πρῶτον,
2785 2145 3011 2224 ἔκτισεν,
3069 2149 3182 2204 εἶτα
3237 2146 3544 2224 ἐπαγαγὼν,
3603 2148 3710 2223 πρὸ
3769 2143 3828 2202 δὲ

2182 2239 2399 2294 πάντων
2456 2245 2616 2315 γεννᾷ
2667 2259 2754 2312 με,
2789 2237 2841 2310 ἐξ
2899 2237 3136 2314 ἀνάγκης
3185 2234 3420 2293 δείκνυσι
3467 2238 3825 2313 προηγεῖσθαι

2181 2329 2266 2395 τὸ,
2300 2327 2547 2403 ἐγέννησε
2594 2330 2696 2404 (7),
2736 2331 2858 2396 τοῦ,
2918 2326 3112 2385 ἔκτισε.
3172 2327 3269 2382 Καὶ
3320 2325 3424 2402 γὰρ
3479 2326 3571 2382 καὶ
3629 2323 3828 2403 λέγων,

2184 2418 2290 2494 πρὸ
2348 2419 2564 2474 πάντων
2628 2423 2789 2493 γεννᾷ
2871 2438 2970 2491 με,
3032 2414 3200 2473 ἄλλον
3263 2416 3450 2472 ἑαυτὸν
3527 2416 3658 2472 εἶναι
3718 2419 3828 2471 τῶν

2186 2507 2400 2562 πάντων
2444 2506 2720 2580 σημαίνει,
2755 2504 3003 2580 δειξάσης
3048 2504 3101 2560 έν
3150 2509 3267 2566 τοῖς
3313 2505 3421 2580 πρὸ
3467 2503 3675 2560 τούτων
3725 2507 3826 2574 τῆς

2185 2593 2463 2666 ἀληθείας,
2517 2594 2599 2650 ὅτι
2649 2595 2771 2669 περὶ
2813 2599 2889 2668 (8)
2933 2598 3039 2650 τῶν
3083 2594 3392 2668 κτισμάτων
3445 2590 3596 2648 οὐδὲν
3644 2589 3828 2668 ἕτερον

2184 2689 2281 2740 τοῦ
2329 2683 2513 2760 ἑτέρου
2557 2685 2906 2761 προγέγονεν,
2946 2681 3075 2740 ἀλλ’
3125 2681 3338 2759 ἀθρόως
3388 2683 3503 2755 ἅμα
3547 2703 3718 2738 παντα
3763 2682 3832 2736 τὰ

2185 2774 2389 2849 γενητὰ
2433 2776 2509 2849 (9)
2560 2773 2636 2830 ένὶ
2687 2773 2777 2828 καὶ
2826 2779 2908 2846 τῷ
2963 2772 3110 2845 αὐτῷ
3166 2770 3544 2846 προστάγματι
3601 2769 3828 2840 ὑπέστη.

2187 2863 2285 2922 Διᾶ
2325 2867 2485 2919 τοῦτο
2535 2867 2664 2938 γοῦν
2716 2860 2843 2917 οὐδὲ
2882 2863 2950 2917 τὰ
2997 2859 3086 2916 ἐπὶ
3129 2864 3249 2933 τοῦ,
3282 2857 3476 2928 ἔκτισε,
3518 2863 3686 2916 ταῦτα
3740 2860 3834 2915 καὶ

2189 2952 2278 3009 ἐπὶ
2324 2957 2442 3025 τοῦ,
2473 2957 2634 3027 γεννᾷ
2682 2973 2770 3024 με,
2800 2958 2994 3006 κεῖται·
3029 2948 3156 3005 ἀλλ’
3188 2949 3275 3005 ἐπὶ
3324 2950 3416 3023 μὲν
3465 2953 3583 3018 τοῦ,
3635 2948 3832 3018 ἔκτισε,

2186 3047 2380 3110 κεῖται,
2411 3042 2589 3118 ἀρχὴν
2621 3038 2783 3096 ὁδῶν·
2818 3039 2907 3096 ἐπὶ
2939 3037 2997 3095 δὲ
3023 3043 3142 3108 τοῦ,
3176 3043 3335 3115 γεννᾷ
3385 3060 3472 3112 με,
3505 3037 3606 3096 οὐκ
3665 3037 3838 3112 εἶπεν,

2188 3131 2367 3209 ἀρχὴν
2440 3135 2593 3207 γεννᾷ
2667 3151 2754 3204 με,
2809 3127 2976 3198 ἀλλὰ,
3031 3129 3139 3206 πρὸ
3216 3130 3432 3184 πάντων
3508 3133 3666 3203 γεννᾷ
3743 3149 3835 3202 με.

2189 3221 2250 3278 Ὁ
2279 3217 2337 3275 δὲ
2366 3221 2480 3292 (10)
2509 3219 2617 3294 πρὸ
2647 3219 2861 3276 πάντων
2896 3215 2970 3272 ὢν
3005 3217 3104 3273 οὐκ
3132 3214 3271 3274 ἔστιν
3297 3217 3446 3293 ἀρχὴ
3475 3221 3584 3272 τῶν
3619 3215 3837 3271 πάντων

2192 3307 2316 3364 ἀλλ’
2342 3307 2512 3372 ἄλλος
2535 3307 2646 3362 ἐστὶ
2675 3312 2784 3362 τῶν
2815 3307 3132 3364 πάντων.Εἶ
3155 3303 3213 3361 δὲ
3233 3303 3404 3369 ἄλλος
3433 3305 3545 3362 ἐστὶ
3574 3310 3681 3360 τῶν
3712 3303 3842 3360 πάν-

2187 3419 2320 3466 των,
2354 3396 2408 3452 ἐν
2437 3401 2520 3460 οἷς
2549 3395 2638 3452 καὶ
2670 3399 2706 3467 ἡ
2739 3397 2886 3473 ἁρχὴ
2918 3399 3026 3457 τῶν
3055 3395 3268 3452 πάντων
3302 3394 3642 3469 σημαίνεται,
3662 3390 3836 3464 δῆλον

2191 3486 2273 3543 ὅτι
2306 3484 2475 3549 ἄλλος
2515 3485 2630 3543 ἐστὶ
2677 3490 2783 3542 τῶν
2837 3486 3168 3558 κτισμάτων·
3199 3484 3289 3541 καὶ
3321 3483 3627 3540 συνίσταται
3677 3503 3836 3562 φανε-

2193 3581 2322 3653 ρῶς,
2355 3576 2439 3631 ὅτι
2469 3577 2580 3650 (11)
2613 3574 2784 3638 ἄλλος
2813 3572 2887 3629 ὢν
2919 3575 2948 3630 ὁ
2979 3573 3158 3651 Λόγος
3187 3578 3294 3629 τῶν
3329 3572 3541 3629 πάντων
3591 3571 3681 3629 καὶ
3727 3573 3838 3645 πρὸ

2192 3667 2407 3722 πάντων
2435 3663 2532 3732 ὣν,
2566 3663 2784 3741 ὕστερον
2815 3664 3051 3733 κτίζεται
3082 3662 3232 3740 ἀρχὴ
3261 3667 3368 3719 τῶν
3401 3659 3540 3718 ὁδῶν
3587 3661 3664 3724 εἰς
3710 3658 3841 3739 ἔργα

2195 3753 2284 3810 διὰ
2313 3757 2426 3828 (12)
2453 3755 2553 3822 τὴν
2603 3752 3035 3830 ένανθρώπησιν,
3063 3751 3178 3822 ἵνα,
3210 3753 3284 3815 ὡς
3336 3752 3480 3808 εἶπεν
3513 3752 3542 3807 ὁ
3573 3751 3842 3810 ’Δπόστο-

2196 3844 2316 3912 λος,
2351 3843 2410 3906 ὃς
2461 3841 2601 3898 ἐστιν
2648 3842 2793 3918 ἀρχή
2845 3841 3195 3918 πρωτότοκος
3244 3841 3305 3898 ἐκ
3347 3845 3456 3897 τῶν
3502 3844 3728 3918 νεκρῶν,
3755 3839 3851 3895 ἵνα

2194 3933 2416 4010 γένηται
2448 3930 2498 3986 ἐν
2529 3937 2691 3987 πᾶσιν
2719 3930 2879 3994 αὐτὸς
2910 3931 3204 4006 πρωτεύων
3234 3933 3367 4004 (13).

2267 4025 2357 4080 61.
2391 4021 2668 4092 Τοιαύτης
2697 4019 2875 4076 τοίνυν
2930 4018 3098 4090 οὔσης
3142 4026 3246 4090 τῆς
3296 4017 3557 4094 διαφορᾶς
3603 4023 3720 4088 τοῦ,
3753 4012 3854 4073 ἔκ-

2197 4131 2332 4178 τισε,
2380 4109 2470 4166 καὶ
2511 4113 2629 4178 τοῦ,
2683 4115 2844 4186 γεννᾷ
2894 4131 2984 4183 με,
3031 4108 3144 4180 καὶ,
3191 4115 3291 4179 τῆς
3337 4107 3518 4185 ἀρχῆς
3547 4105 3714 4175 ὁδῶν,
3754 4107 3852 4162 καὶ

2198 4205 2316 4268 τοῦ,
2351 4199 2459 4275 πρὸ
2501 4197 2736 4254 πάντων·
2777 4204 2885 4254 τῶν
2937 4200 3030 4272 μὲν
3076 4197 3377 4274 ἑνθρώπων
3426 4196 3650 4267 κτίστης
3697 4194 3772 4250 ὣν
3825 4196 3856 4250 ὁ

2201 4287 2354 4358 Θεὸς,
2389 4286 2561 4350 οὕτως
2593 4290 2727 4362 (14),
2765 4286 2946 4362 ὥσπερ
2979 4286 3217 4361 εἴρηται,
3249 4285 3456 4362 γίνεται
3486 4285 3576 4341 καὶ
3631 4285 3856 4360 ὕστερον

2203 4377 2412 4452 Πατὴρ,
2445 4374 2535 4431 διὰ
2561 4377 2652 4432 τὸν
2687 4375 2740 4431 ἐν
2774 4376 2959 4438 αὐτοῖς
2992 4376 3246 4432 οἰκοῦντα
3283 4376 3460 4452 Λόγον
3511 4375 3696 4430 αὐτοῦ.
3733 4373 3855 4429 Ἐπὶ

2207 4465 2264 4523 δὲ
2293 4470 2390 4522 τοῦ
2442 4465 2619 4540 Λόγου
2663 4465 2728 4521 τὸ
2775 4459 3032 4538 ἔμπαλιν·
3069 4465 3254 4542 Πατὴρ
3301 4467 3401 4540 γὰρ
3430 4466 3544 4538 (15)
3574 4462 3649 4519 ὣν
3689 4462 3858 4518 αὐτοῦ

2273 4689 2352 4759 (8)
2382 4685 2742 4757 Seguerian.,
2774 4685 2856 4740 ὅτι
2887 4690 3018 4743 τῶν.

2279 4757 2354 4832 (9)
2384 4760 2798 4832 Segueriapus,
2832 4759 2972 4832 Reg.
3005 4762 3064 4816 et
3103 4757 3256 4815 Felc.
3290 4759 3346 4828 5,
3377 4757 3444 4811 τὰ
3488 4757 3706 4832 γενητὰ.
3738 4757 3858 4814 Ge-

2205 4828 2318 4905 teri
2345 4836 2402 4905 et
2431 4828 2594 4896 editi,
2622 4829 2687 4884 τὰ
2717 4828 2866 4905 γένη.

2275 4903 2384 4974 (10)
2416 4906 2653 4974 Seguer.
2686 4897 2907 4957 omittit
2936 4901 2965 4955 ὁ
2997 4897 3070 4958 δὲ.
3106 4900 3239 4974 Mox
3262 4899 3524 4974 idemet
3571 4899 3710 4974 Reg.
3744 4903 3860 4958 Go-

2205 4968 2349 5030 bler.
2370 4968 2531 5030 ’Ἐθιᾶ
2565 4976 2616 5043 1,
2647 4975 2680 5028 4
2711 4979 2767 5030 et
2794 4976 2850 5043 5,
2884 4974 3131 5040 addunt,
3161 4971 3225 5026 Ei
3258 4968 3316 5026 δὲ
3362 4968 3534 5032 ἄλλος
3585 4968 3696 5025 in}
3747 4974 3856 5027 τῶν

2206 5045 2444 5116 πάντων,
2475 5061 2602 5116 qua)
2632 5045 2692 5100 in
2719 5045 2853 5116 aliis
2881 5050 2939 5100 et
2965 5045 3140 5102 editis
3179 5043 3608 5101 desiderantur.
3644 5043 3856 5101 Goble-

2208 5117 2354 5174 rian.
2388 5113 2446 5173 et
2473 5113 2624 5173 Felc.
2659 5117 2710 5183 1,
2742 5113 2951 5176 ἄλλως.

2279 5189 2515 5271 (11).8ἱο
2537 5188 2869 5271 Segperian.
2905 5187 3043 5271 Beg.
3095 5185 3429 5244 Goblerian.
3468 5183 3619 5242 Felc.
3652 5185 3679 5240 1
3713 5189 3773 5241 et
3801 5186 3856 5242 4.

2208 5255 2410 5315 Δι’ἃιὶἰ
2441 5263 2498 5315 et
2526 5255 2690 5326 editi,
2724 5255 3004 5328 δηλονότι.

2279 5332 2389 5404 (12)
2414 5323 2806 5404 Seguerianus
2849 5337 2906 5389 et
2964 5330 3111 5388 Felc.
3149 5330 3200 5400 1,
3228 5327 3303 5392 είς
3362 5323 3508 5404 ἔργα.
3546 5327 3748 5384 Ceteri
3801 5333 3864 5385 et

2208 5399 2370 5475 editi,
2405 5399 2577 5475 εἶςτᾷ
2607 5399 2758 5475 ἔργα.

2277 5452 2843 5562 et
2893 5473 3149 5562 Felehi,
3206 5472 3666 5562 γένηταιδπᾶσιζ
3702 5489 3857 5545 πρω-

2206 5539 2399 5622 τεόῳν..
2433 5546 2562 5622 Mox
2590 5545 3016 5622 Seguerinnaet
3048 5539 3410 5622 βρε.,ὀῦσης
3442 5539 3723 5622 διαφορᾶς.

2306 5618 2392 5688 14)
2422 5617 2512 5688 Sic
2540 5616 2690 5674 mss:
2717 5622 2793 5672 At
2821 5617 2982 5688 editi,
3015 5616 3193 5688 οὗτος.

2307 5685 2392 5760 15)
2415 5687 2912 5765 ,Βὶοβεευοιοὶειηη
2935 5685 3266 5765 Goblerian.
3300 5687 3449 5746 Felc.
3503 5689 3528 5744 1
3563 5691 3620 5745 et
3657 5689 3710 5744 4.
3739 5685 3856 5743 Alii

2209 5774 2343 5817 vero
2371 5764 2432 5818 et
2457 5760 2753 5838 θᾶίίίξγάρ
2777 5761 3078 5820 omittunt.
