4076 6312
237 390 335 451 277

1330 388 1624 452 ORATIO
1666 389 1721 450 Il
1765 388 2079 452 CONTRA
2123 390 2486 454 ARIANOS.

3494 394 3613 459 278

237 521 366 599 φύσει
395 521 423 574 ὁ
466 519 620 588 Θεὸς,
667 518 871 593 γίνεται
924 520 1058 591 μετὰ
1102 522 1271 574 ταῦτα
1298 520 1388 575 καὶ
1435 518 1658 591 κτίστης
1690 520 1851 576 αὑτοῦ

1970 522 2072 593 qui
2104 522 2274 579 Verbi
2308 522 2475 580 Pater
2505 530 2715 581 natura
2743 528 2852 594 est,
2883 525 3013 595 ejus
3064 529 3196 597 post
3243 526 3361 581 bac
3391 532 3617 583 creator

234 610 308 665 καὶ
335 608 584 678 ποιητὴς,
630 605 755 663 ὅταν
799 606 900 676 τὴν
942 614 1248 671 κτισθεῖσαν
1281 608 1374 664 καὶ
1414 611 1733 681 ποιηθεῖσαν
1767 608 1851 663 ἔνο

238 697 432 774 ὃόσηται
492 696 662 770 σάρκα
719 697 748 751 ὁ
808 694 989 771 Λόγος
1022 742 1037 768 ,
1096 697 1188 753 καὶ
1244 698 1463 773 γένηται
1522 694 1804 774 ἅνθρωπος
1838 740 1852 754 .

144 772 199 848 ’Ϊὶ
236 772 405 867 ’φσπερ
425 787 528 862 γάρ
560 787 612 841 0i.
661 784 940 863 ἅνθρωποι
984 772 1355 860 λαμϐάνοντες
1394 788 1457 842 τὸ
1508 772 1721 859 Πνεῦμα
1756 790 1853 842 τοῦ

235 877 363 945 Υίοῦ,
414 875 650 950 γίνονται
708 876 871 930 τέκνα
928 871 998 929 δι’
1053 875 1239 930 αὑτοῦ*
1287 876 1460 938 οὕτως
1490 878 1520 931 ὁ
1552 875 1727 949 Λόγος
1756 878 1853 929 τοῦ

235 969 363 1035 Θεοῦ,
418 963 508 1019 ὅτε
561 964 651 1019 καὶ
703 962 862 1026 αὐτὸς
920 960 1199 1019 ἐνεδύσατο
1254 969 1361 1019 τῶν
1415 964 1711 1039 ἀνθρώπων
1754 966 1855 1033 τήν

232 1053 394 1129 σάρκα,
433 1053 557 1108 τότε
606 1052 819 1129 λέγεται
866 1054 957 1108 καὶ
1011 1053 1282 1123 κτίζεσοαι
1335 1053 1423 1109 καὶ
1476 1055 1849 1123 πεποιῆσθαι.

232 1144 282 1201 Ei
312 1144 399 1216 μὲν
441 1142 538 1198 οῦν
585 1146 751 1217 ἡμεῖς
794 1143 931 1199 κατὰ
979 1142 1135 1221 φύσιν
1190 1143 1323 1213 υἱοὶ,
1355 1140 1523 1214 δῆλον
1556 1142 1640 1198 ὅτι
1669 1144 1850 1199 κάκεῖ.

229 1254 302 1295 νος
324 1232 451 1288 κατὰ
480 1232 636 1311 φύσιν
688 1230 891 1305 κτίσμα
935 1232 1026 1286 καὶ
1076 1230 1312 1305 ποίημα·
1362 1231 1408 1287 εἷ
1453 1230 1511 1287 δὲ
1552 1234 1714 1305 ἡμεῖς
1766 1230 1849 1286 θὲ-

227 1344 292 1380 σει
341 1322 425 1377 καὶ
480 1321 618 1377 κατὰ
676 1322 838 1397 χάριν
894 1320 1161 1397 γινόμεθα
1219 1321 1349 1394 υἱοὶ,
1401 1319 1572 1387 δῆλον
1619 1320 1702 1376 ὅτι
1734 1323 1847 1394 (16)

227 1412 300 1467 καὶ
326 1414 353 1467 ὁ
380 1409 554 1487 Λόγος
586 1408 677 1465 διὰ
700 1410 798 1479 τὴν
831 1410 911 1473 εἷς
939 1412 1088 1483 ἡμᾶς
1115 1411 1277 1487 χάριν
1316 1409 1607 1485 γενόμενος
1638 1411 1847 1480 ἄνθρω-

227 1521 310 1563 πος
344 1500 545 1576 εἴρηκε*
592 1500 787 1576 Κύριος
832 1498 1007 1558 ἔκτισε
1063 1521 1148 1573 με.
1200 1500 1333 1556 Εἶτα
1383 1496 1571 1568 ἐπειδὴ
1618 1500 1681 1554 τὸ
1728 1520 1846 1554 κτι-

226 1590 328 1645 στὸν
358 1587 715 1662 ἐνδυσάμενος
745 1588 964 1664 γέγονεν
997 1591 1135 1661 ἡμῖν
1185 1587 1380 1661 ὅμοιος
1410 1590 1544 1643 κατὰ
1571 1590 1634 1643 τὸ
1664 1592 1845 1662 σῶμα,

225 1677 300 1734 διὰ
321 1683 474 1734 τοῦτο
524 1677 749 1740 εἰκότως
793 1680 907 1751 (17)
955 1676 1044 1732 καὶ
1095 1675 1329 1755 ἀδελφὸς
1378 1679 1538 1750 ημῶν
1567 1675 1655 1732 καὶ
1695 1696 1848 1751 πρω-

222 1765 419 1832 τότοκος
463 1767 703 1839 ἐκλήθη.
760 1766 825 1825 Ei
872 1766 977 1843 γὰρ
1006 1766 1097 1821 καὶ
1131 1767 1245 1838 μεθ’
1275 1769 1424 1839 ἡμᾶς
1457 1764 1526 1821 δι’
1557 1769 1704 1838 ἡμᾶς
1734 1768 1845 1839 (18)

1963 615 2021 668 et
2048 612 2283 668 effector
2306 613 2490 669 factus
2518 619 2630 678 est,
2662 629 2796 670 eum
2827 613 3051 670 scilicet
3080 614 3335 670 Verbum
3358 618 3615 671 creatam

1963 704 2020 755 et
2051 701 2262 757 factam
2307 719 2541 758 carnem
2574 704 2789 771 induit,
2820 712 2872 759 el
2903 703 3078 760 homo
3109 704 3296 761 factus
3323 707 3432 760 est.
3464 703 3612 761 Nam

1961 785 2114 842 sicut
2145 787 2434 856 homines,
2461 789 2677 861 Spiritu
2711 790 2836 846 Filii
2867 796 3125 863 accepto,
3157 790 3258 846 filii
3292 806 3395 862 per
3415 791 3612 864 ipsum

1960 876 2299 933 efﬁciuntur
2331 895 2343 933 :
2368 878 2450 934 ita
2468 879 2571 935 Dei
2594 880 2849 936 Verbum
2872 898 3004 937 cum
3028 882 3348 937 humanam
3370 898 3608 939 carnem

1962 965 2175 1035 induit,
2200 972 2340 1023 tunc
2370 974 2429 1023 et
2458 969 2639 1024 creari
2669 975 2726 1025 et
2759 971 2973 1026 factum
3005 987 3134 1027 esse
3158 970 3390 1027 dicitur.
3408 972 3611 1043 Itaque

1961 1054 2012 1109 si
2063 1072 2170 1111 nos
2229 1061 2441 1112 natura
2500 1057 2603 1112 lilii
2634 1075 2865 1126 sumus,
2900 1060 3203 1116 fatendum
3260 1077 3493 1132 quoque
3522 1064 3611 1116 est

1962 1143 2214 1199 Verbum
2247 1150 2454 1201 natura
2484 1153 2543 1201 et
2596 1152 2859 1203 creatum
2906 1153 2961 1204 et
2992 1149 3209 1205 factum
3238 1165 3385 1205 esse.
3414 1151 3525 1205 Sed
3558 1149 3610 1205 si

1960 1249 2065 1288 nos
2081 1234 2390 1305 adoptione
2410 1239 2637 1291 tantum
2659 1241 2716 1291 et
2735 1237 2924 1307 gratia
2946 1237 3045 1293 ﬁlii
3068 1238 3605 1305 efﬁcimur,clarum

1959 1322 2175 1393 pariter
2198 1328 2288 1378 est
2311 1323 2565 1380 Verbum
2602 1331 2837 1395 propter
2883 1327 3130 1398 gratiam
3174 1327 3342 1383 nobis
3388 1329 3614 1384 donan-

1957 1412 2087 1467 dam
2120 1412 2337 1468 factum
2362 1412 2659 1470 hominem
2685 1415 2925 1483 dixisse,
2953 1419 3224 1473 Dominus
3259 1419 3468 1474 creavit
3498 1434 3604 1475 me.

1956 1500 2174 1557 Deinde
2197 1503 2675 1575 quandoquidem
2703 1511 2896 1562 creato
2914 1520 3154 1578 corpore
3174 1511 3611 1580 assumpto,no-

1958 1589 2066 1646 stri
2097 1592 2421 1648 secundum
2453 1607 2670 1665 corpus
2701 1596 2857 1650 419
2890 1594 3104 1651 similis
3137 1595 3325 1653 factus
3349 1601 3459 1666 est,
3482 1598 3611 1655 ideo

1960 1695 2073 1734 non
2107 1679 2399 1736 immerito
2427 1685 2485 1737 et
2536 1682 2714 1738 frater
2738 1687 2938 1740 noster
2962 1688 3021 1740 et
3052 1685 3484 1758 primogenitus
3512 1703 3613 1760 ap-

1956 1766 2207 1841 pellatus
2246 1772 2354 1825 est.
2394 1774 2541 1827 Nam
2593 1772 2829 1828 tametsi
2870 1776 3004 1845 post
3033 1790 3140 1829 nos
3171 1773 3346 1830 homo
3378 1780 3615 1848 propter

222 1858 404 1933 γέγονεν
460 1858 769 1931 ἅνθρωπος,
826 1855 916 1911 καὶ
970 1852 1202 1933 ἀδελφὸς
1254 1857 1417 1927 ἡμῶν
1472 1852 1563 1909 διά
1604 1855 1704 1923 τήν
1748 1859 1845 1909 τοῦ

1967 1874 2068 1913 nos
2102 1857 2289 1913 factus
2328 1862 2438 1926 est,
2472 1875 2539 1914 ac
2570 1859 2814 1932 proinde
2845 1862 3021 1918 frater
3053 1866 3271 1931 noster,
3304 1863 3377 1918 ob
3406 1880 3613 1936 corpo-

222 1946 446 2019 σώματος
479 1942 922 2019 ὁμοίωσιν,άλλά
951 1941 1040 1999 καὶ
1070 1943 1124 1998 ἐν
1154 1944 1333 2015 τούτῳ
1363 1945 1713 2019 πρωτότοκος
1734 1946 1844 2017 (19)

1967 1948 2040 2003 ris
2068 1946 2518 2004 similitudinem
2551 1966 2565 2003 :
2597 1966 2797 2006 verum
2827 1966 2897 2006 ea
2927 1954 3150 2007 ratione
3181 1952 3399 2008 dicitur
3428 1957 3486 2008 et
3514 1958 3606 2011 est

222 2034 407 2112 λιγεται
436 2035 530 2091 καὶ
568 2031 710 2090 ἔστιν
746 2036 931 2106 ἡμῶν,
980 2030 1191 2101 ἐπειδὴ,
1242 2033 1456 2087 πάντων
1503 2038 1612 2087 τῶν
1644 2032 1847 2109 ἀνθρώ-

223 2145 321 2179 πων
363 2122 763 2197 ἀπολλυμένων
809 2122 944 2177 κατὰ
998 2122 1099 2190 τὴν
1149 2116 1452 2195 παράϐασιν
1501 2126 1599 2176 τοῦ
1650 2118 1846 2195 Ἀδὰμ,

221 2215 390 2290 πρώτη
419 2218 538 2269 τῶν
567 2211 753 2269 ἄλλων
805 2210 982 2281 ἐσώθη
1032 2210 1121 2265 καὶ
1172 2209 1526 2287 ἠλευθερώθη
1577 2212 1613 2280 ἠ
1646 2209 1848 2265 ἐκείνου

221 2303 351 2379 σὲρξ,
381 2304 454 2366 ὡς
488 2302 655 2358 αὐτοῦ
686 2304 782 2357 τοῦ
832 2299 1014 2375 Λόγου
1061 2303 1221 2371 σῶμα
1261 2298 1549 2376 γενομένη,
1598 2298 1685 2355 καὶ
1739 2298 1853 2355 λοί-

220 2392 307 2446 πὸν
359 2392 549 2465 ἡμεῖς,
607 2390 682 2452 ὡς
738 2389 1016 2463 σύσσωμοι
1074 2388 1456 2465 τυγχάνοντες,
1514 2390 1630 2444 κατ’
1677 2387 1853 2444 ἐκεῖνο

219 2480 506 2555 σωζόμεθα.
537 2486 625 2535 Ἐν
653 2477 840 2551 ἐκείνῳ
889 2480 994 2554 γάρ
1038 2480 1201 2551 ἡμῶν
1232 2479 1322 2533 καὶ
1361 2476 1566 2553 ὁδηγὸς
1598 2480 1626 2533 ὁ
1660 2477 1853 2554 Κύριος

218 2570 280 2633 εἰς
297 2572 392 2640 τὴν
427 2568 707 2646 βασιλείαν
756 2571 863 2622 τῶν
914 2566 1180 2643 οὐρανῶν,
1211 2565 1301 2621 καὶ
1351 2570 1486 2643 πρὸς
1517 2568 1608 2621 τὸν
1660 2569 1855 2623 ἑαυτοῦ

220 2661 408 2735 Πατέρα
456 2658 690 2736 γίνεται,
749 2656 927 2732 λέγων
961 2675 975 2690 ⁶
1036 2658 1179 2732 Ἐγώ
1238 2656 1357 2728 εἶμι
1405 2658 1442 2726 ἡ
1501 2653 1625 2718 ὅδὸς
1680 2654 1771 2712 καί
1816 2658 1852 2725 ἡ

218 2748 354 2823 θῦρα,
399 2748 491 2803 καὶ
540 2745 613 2802 δι’
664 2745 801 2820 ἐμοῦ
845 2742 929 2801 δεῖ
976 2743 1178 2807 πάντας
1231 2743 1511 2809 εἰσελθεῖν.
1563 2747 1722 2803 ’Όθεν
1765 2744 1855 2800 καὶ

220 2837 548 2913 πρωτότοκος
606 2835 818 2912 λέγεται
867 2833 1035 2890 πάλιν
1086 2834 1146 2890 ἐκ
1197 2839 1304 2889 τῶν
1353 2839 1581 2911 νεκρῶν,
1615 2833 1722 2911 οὐχ
1772 2833 1855 2889 ὅτι

220 2932 418 3001 πρῶτος
467 2927 632 2999 ἡμῶν
682 2925 931 2989 άπέθανε·
985 2923 1469 2999 προετεθνήκειμεν
1512 2923 1616 3001 γὰρ
1668 2925 1853 2997 ἡμεῖς·

223 3014 332 3072 ἀλλ’
360 3015 442 3071 ὅτι
486 3015 580 3069 τὸν
634 3014 766 3091 ὑπὶρ
819 3014 981 3086 ἡμῶν
1031 3010 1415 3085 ἀναδεξάμενος
1460 3014 1717 3082 Θάνατον,
1766 3014 1857 3069 καὶ

221 3110 394 3161 τοῦτον
422 3104 796 3180 καταργήσας,
846 3100 1038 3172 άνὲστη
1090 3105 1307 3178 πρῶτος
1356 3103 1492 3174 (20),
1537 3101 1612 3164 ὡς
1654 3100 1857 3170 ἄνθρω-

223 3213 326 3261 πος,
359 3194 489 3267 ὑπὲρ
520 3195 685 3265 ἡμῶν
731 3190 1033 3261 ἀναστήσας
1083 3189 1147 3244 τὸ
1195 3188 1387 3245 ἑαυτοῦ
1436 3194 1616 3264 σῶμα.
1648 3192 1855 3247 Λοιπὸν

1955 2039 2158 2091 noster
2185 2034 2933 2109 primogenitus,quatenus
2960 2039 3238 2097 omnibus
3266 2040 3609 2098 hominibus

1958 2124 2096 2178 Adin
2128 2130 2364 2196 peccato
2395 2125 2659 2198 perditis,
2691 2128 2822 2198 ejus
2853 2144 3008 2195 caro,
3051 2134 3252 2201 utpote
3282 2130 3456 2186 Verbi
3488 2147 3613 2186 cor-

1960 2229 2074 2285 pus
2103 2212 2275 2280 facta,
2326 2214 2520 2285 prima
2569 2215 2835 2271 omnium
2869 2220 3099 2272 servata
3128 2222 3219 2273 est
3250 2222 3307 2274 et
3338 2217 3621 2286 liberata,

1959 2299 2214 2373 indeque
2242 2319 2371 2370 nos,
2397 2307 2461 2358 ut
2490 2303 2742 2376 quicum
2778 2305 2960 2361 Verbo
2987 2322 3228 2379 corpore
3250 2324 3461 2364 sumus
3485 2325 3627 2364 con-

1953 2390 2171 2460 juncti,
2195 2407 2299 2462 per
2326 2392 2482 2448 idem
2515 2392 2643 2463 ejus
2674 2410 2887 2465 corpus
2915 2395 3058 2450 salvi
3091 2397 3485 2454 efﬁcimur.ln
3520 2397 3625 2452 illo

1964 2476 2258 2550 siquidem
2285 2482 2453 2537 nobis
2475 2481 2762 2539 Dominus
2783 2484 2857 2539 ad
2889 2500 3137 2556 regnum
3168 2486 3443 2542 cmlorum
3469 2491 3526 2541 et
3545 2488 3616 2542 ad

1965 2584 2140 2625 suum
2172 2569 2402 2626 Patrem
2436 2585 2498 2625 se
2528 2572 2735 2628 ducem
2769 2574 3039 2645 praabuit,
3062 2591 3194 2630 cum
3228 2574 3345 2630 ait:
3376 2578 3481 2647 Ego
3502 2592 3626 2631 sum

1964 2658 2056 2711 via
2107 2661 2159 2711 et
2177 2657 2386 2727 janua,
2418 2675 2483 2715 ac
2509 2676 2609 2731 per
2662 2677 2751 2716 me
2804 2678 2990 2718 omnes
3050 2664 3285 2719 introire
3339 2673 3546 2737 operm
3574 2667 3618 2721 ³.

1966 2747 2331 2818 Quapropter
2360 2748 2787 2822 primogenitus
2817 2766 2888 2807 ex
2926 2754 3174 2808 mortuis
3226 2753 3465 2821 dicitur,
3498 2770 3615 2810 non

1966 2836 2120 2906 quod
2144 2836 2373 2908 primus
2393 2841 2663 2894 nostrum
2684 2844 2953 2896 mortuus
2981 2846 3088 2908 est,
3115 2859 3230 2897 non
3261 2841 3417 2899 enim
3450 2843 3614 2915 prius

1968 2925 2182 2980 mortui
2203 2924 2502 2982 fueramus
2534 2944 2547 2983 :
2582 2928 2680 2983 sed
2711 2930 2850 3001 quia
2866 2935 3051 2986 morte
3083 2947 3184 3002 pro
3208 2931 3376 2987 nobis
3408 2948 3614 2987 susce-

1967 3017 2069 3086 pta
2098 3017 2155 3069 et
2211 3014 2529 3086 destructa,
2562 3016 2811 3089 primus,
2845 3023 2909 3073 ut
2972 3018 3167 3083 homo,
3219 3020 3441 3085 revixit,
3474 3037 3610 3076 cum

1967 3119 2140 3158 suum
2171 3119 2384 3175 corpus
2416 3120 2517 3176 pro
2540 3106 2709 3160 nobis
2740 3122 2807 3162 ex
2858 3108 3105 3163 mortuis
3136 3109 3431 3165 excitavit.
3467 3109 3612 3166 Hinc

1966 3192 2124 3250 enim
2156 3197 2468 3266 postquam
2501 3193 2706 3250 revixit
2736 3195 2853 3265 ille,
2873 3197 3000 3265 jam
3031 3213 3138 3254 nos
3158 3198 3433 3270 deinceps
3465 3202 3522 3254 et
3541 3198 3614 3253 ab

220 3284 308 3358 γάρ
334 3256 660 3343 ἀναστάντος
692 3280 918 3349 ἐκείνου,
950 3280 1175 3352 καθεξῆς
1203 3278 1293 3334 καὶ
1322 3282 1487 3353 ἡμεῖς
1526 3281 1617 3336 ἀπ’
1648 3280 1851 3337 ἐκείνου

1967 3281 2067 3338 illo
2094 3256 2413 3355 et.propter
2441 3281 2609 3339 illum
2668 3256 3009 3341 revocamur
3031 3302 3267 3358 quoque
3308 3256 3382 3342 ad
3411 3286 3615 3342 vitam.

221 3372 298 3425 καὶ
326 3370 394 3427 δι’
423 3370 634 3427 ἐκεῖνον
660 3368 721 3426 ἐκ
747 3372 855 3425 τῶν
886 3372 1089 3445 νεκρῶν
1123 3368 1461 3444 ἐγειρόμεθα.

276 3483 360 3538 62.
395 3481 455 3537 El
516 3477 577 3535 δὲ
623 3478 715 3533 καὶ
775 3479 889 3551 (21)
946 3475 1299 3552 πρωτότοκος
1354 3480 1455 3542 τῆς
1483 3476 1711 3542 κτίσεως
1763 3479 1854 3535 λέ.

219 3588 373 3641 γεται,
420 3565 553 3624 ἀλλ’
602 3566 711 3643 οὐχ
759 3567 833 3629 ὡς
883 3564 1223 3639 ἐξισούμενος
1267 3571 1386 3629 τοῖς
1434 3567 1714 3642 κτίσμασι,
1764 3570 1855 3624 καὶ

218 3662 413 3731 πρῶτος
466 3654 643 3712 αὐτῶν
702 3656 839 3711 κατά
895 3655 1120 3731 χρόνον,
1178 3656 1530 3731 πρωτότοκος
1593 3656 1807 3733 λέγεται
1837 3678 1850 3692 ο

220 3752 338 3817 (πῶς
364 3749 488 3823 γάρ,
520 3747 662 3802 ὅπου
693 3766 758 3821 γε
806 3746 1124 3820 Μονογενής
1153 3745 1295 3800 ἐστιν
1328 3745 1488 3808 αὐτός
1520 3748 1557 3817 ;)
1590 3745 1736 3803 ἀλλὰ
1765 3746 1856 3803 διὰ

218 3837 301 3905 τὴν
356 3838 493 3913 πρὸς
567 3836 636 3890 τά
694 3832 963 3907 κτίσματα
1019 3830 1412 3910 συγκατάϐασιν
1469 3840 1566 3891 τοῦ
1624 3835 1805 3913 Λόγου
1836 3884 1852 3909 ,

220 3926 320 3979 καθ’
344 3927 403 3995 ἣν
436 3926 530 3980 καὶ
580 3921 810 3979 πολλῶν
859 3923 1071 3998 γέγονεν
1122 3920 1377 4001 ἀδελφός.
1415 3926 1476 3981 Ὀ
1504 3923 1606 4001 γάρ
1634 3946 1719 3981 τοι
1755 3947 1855 3999 μο-

220 4016 445 4090 νογενὴς,
478 4015 583 4070 οὑκ
611 4007 783 4067 ὅντων
813 4006 999 4066 ἄλλων
1050 4008 1323 4090 ἀδελφῶν,
1361 4016 1658 4089 μονογενής
1690 4014 1850 4070 ἐστιν’

221 4103 244 4156 ὁ
270 4101 322 4159 δὲ
345 4103 702 4181 πρωτότοκος
737 4098 826 4156 διὰ
860 4100 987 4163 τοὺς
1030 4098 1234 4163 ἄλλους
1265 4103 1378 4177 (22)
1407 4100 1673 4182 ἀδελφοὺς
1702 4126 1858 4181 πρω-

217 4192 422 4256 τότοκος
470 4195 713 4269 λέγεται.
764 4190 862 4245 Διὰ
912 4194 1073 4245 τοῦτο
1112 4195 1241 4265 γοῦν
1294 4188 1537 4266 οςὸαμοῦ
1585 4198 1692 4248 τῶν
1720 4200 1853 4271 Γρα-

220 4287 320 4359 φῶν
373 4282 615 4360 εἴρηται,
667 4279 1014 4356 πρωτότοκος
1069 4284 1168 4334 τοῦ
1225 4285 1378 4348 Θεοῦ,
1438 4279 1603 4349 οὐδὲ,
1658 4283 1858 4356 κτίσμα

217 4377 301 4427 τοῦ
346 4378 502 4430 Θεοῦ·
557 4368 706 4426 ἀλλά
751 4370 835 4442 τὸ,
888 4370 1223 4445 Μονογενὴς,
1273 4369 1362 4424 καὶ
1410 4372 1496 4440 τὸ,
1545 4372 1687 4445 Υἱὸς,
1742 4372 1854 4440 καὶ,

216 4461 468 4538 ὃΛόγος,
501 4460 619 4527 καὶ,
669 4460 704 4528 ἡ
757 4457 952 4537 Σοφία,
1001 4457 1077 4519 εἰς
1125 4459 1217 4512 τὸν
1241 4457 1451 4534 Πατέρα
1499 4460 1599 4530 τήν
1656 4460 1855 4540 ἀναφο-

217 4552 295 4623 ράν
350 4549 466 4628 ἔχει
525 4550 618 4605 καὶ
674 4548 773 4617 τὴν
837 4544 1084 4617 ἰδιότητα
1136 4549 1269 4621 (23).
1328 4547 1694 4622 Ἐθεασάμεθα
1742 4551 1844 4626 γάρ

2035 3480 2125 3534 62.
2149 3479 2310 3543 Quod
2343 3477 2394 3535 si
2422 3480 2825 3551 primogenitus
2861 3489 3134 3537 creaturae
3166 3480 3383 3537 dicitur
3410 3483 3467 3538 δε
3502 3498 3616 3538 non

1962 3568 2142 3625 veluti
2174 3585 2367 3624 rerum
2402 3573 2731 3625 creatarum
2765 3569 3028 3642 «aqualis,
3062 3575 3164 3626 aut
3210 3570 3420 3627 iisdem
3460 3571 3621 3643 prior

1962 3663 2245 3731 tempore,
2278 3657 2388 3713 hoc
2418 3657 2751 3731 appellatur
2783 3659 3018 3714 nomine
3050 3660 3171 3729 (qui
3203 3660 3358 3715 enim
3393 3660 3448 3715 id
3491 3660 3613 3716 fieri

1962 3750 2323 3820 posset,cum
2347 3746 2473 3818 ipse
2493 3745 2572 3802 sit
2590 3746 2941 3819 Unigenitus
2957 3747 3133 3817 ?):sed
3156 3749 3230 3803 ob
3251 3748 3613 3820 singularem

1966 3835 2132 3893 Verbi
2179 3852 2315 3908 erga
2362 3853 2455 3892 res
2484 3840 2712 3891 creatas
2765 3838 3214 3909 benignitatem,
3266 3854 3381 3909 qua
3438 3837 3612 3893 etiam

1916 3970 1925 3979 .
1964 3925 2285 3981 multorum
2317 3925 2508 3981 factus
2538 3928 2629 3981 est
2652 3925 3157 3998 frater.Siquidem
3193 3927 3243 3981 is
3275 3926 3617 3998 unigenitus

1963 4013 2200 4084 dicitur,
2232 4014 2325 4071 cui
2374 4014 2523 4069 nulli
2555 4018 2696 4071 sunt
2729 4016 2934 4070 fratres
2982 4032 2996 4070 :
3056 4016 3106 4070 is
3151 4019 3347 4070 autem
3404 4014 3619 4070 dicitur

1965 4103 2415 4176 primogenitae,
2448 4103 2541 4159 cui
2589 4102 2689 4159 alii
2730 4106 2871 4159 sunt
2905 4103 3129 4158 fratres.
3168 4103 3314 4158 Hinc
3344 4102 3505 4158 nullo
3554 4104 3616 4158 in

1965 4193 2090 4249 loco
2138 4193 2572 4264 Scripturarum
2632 4191 2848 4263 legitur
2884 4194 3286 4263 primogenitus
3347 4192 3467 4257 Dei,
3519 4197 3620 4247 aut

1964 4286 2218 4338 creatura
2250 4283 2345 4338 Dei
2368 4298 2381 4336 :
2402 4282 2504 4337 sed
2527 4282 2661 4346 ista,
2688 4283 3032 4351 Unigenitus,
3066 4282 3261 4348 Filius,
3298 4281 3623 4349 Verbum,et

1963 4371 2282 4442 Sapientia,
2305 4370 2378 4426 ad
2409 4371 2638 4426 Patrem
2664 4372 3020 4438 referuntur,
3043 4372 3115 4425 ad
3136 4385 3311 4441 quem
3339 4374 3620 4442 tanquam

1966 4459 2106 4533 quid
2130 4459 2430 4532 proprium
2454 4460 2746 4531 pertinent
2772 4459 3012 4514 l'z'dimus
3032 4458 3186 4513 enim
3206 4459 3461 4532 gloriam
3482 4460 3620 4532 ejus,

1963 4551 2205 4620 gloriam
2224 4550 2392 4622 quasi
2416 4549 2736 4617 Unigenitia
2761 4553 2925 4604 Patre
2943 4549 2964 4584 ⁵
2987 4549 3075 4617 Et,
3100 4548 3242 4604 Misit
3265 4550 3404 4605 Deus
3415 4550 3622 4605 Filium

214 4620 299 4707 τὴν
341 4620 497 4711 δόξαν
548 4637 738 4705 αὑτοῦ,
789 4633 943 4707 δόξαν
999 4636 1074 4697 ὡς
1130 4620 1471 4713 Μονογενοῦς
1516 4620 1663 4714 παρὰ
1709 4620 1843 4695 ne.

1967 4656 2119 4697 suum
2169 4620 2521 4710 Uuigenitum
2546 4640 2591 4694 ⁸.
2638 4642 2705 4694 Et
2736 4640 2795 4694 In
2835 4639 3120 4707 meatum,
3174 4639 3419 4706 Domine,
3480 4639 3611 4693 Ver-

216 4727 343 4803 τρός·
400 4731 514 4800 καὶ,
578 4724 920 4783 Ἀπέστειλεν
973 4725 1002 4778 ὁ
1060 4724 1191 4785 Θεὸς
1233 4725 1324 4779 τὸν
1373 4726 1493 4781 ι’ἱὸν
1546 4727 1710 4784 αὐτοῦ
1757 4729 1849 4785 τὸν

219 4820 481 4895 Μονογενῆ
519 4839 534 4851 ·
596 4816 708 4883 καὶ,
768 4812 864 4876 Εἷς
919 4813 1014 4868 τὸν
1074 4811 1282 4884 αἰῶνα,
1338 4815 1529 4888 Κύριε,
1588 4817 1618 4871 ὁ
1670 4817 1850 4896 Λόγος

1964 4732 2093 4786 bum
2132 4734 2293 4786 tuum
2343 4731 2639 4801 permanet
2682 4729 2724 4783 ⁷.
2773 4728 2839 4782 Et
2889 4730 2945 4784 In
2988 4726 3273 4799 principio
3321 4735 3439 4781 erat
3485 4730 3618 4781 Ver-

1963 4822 2110 4889 bum,
2142 4824 2194 4876 ει
2228 4818 2455 4877 Verbum
2476 4826 2596 4875 erat
2625 4817 2777 4890 apud
2810 4818 2972 4872 Deum
3004 4817 3046 4871 ⁸.
3079 4816 3148 4870 Et
3179 4831 3193 4870 :
3230 4815 3481 4870 Christus
3515 4818 3622 4878 Dei

276 5036 486 5093 3Joan.
521 5052 639 5107 xxv,
669 5035 735 5102 6;
782 5050 839 5098 x,
867 5032 923 5101 7,
959 5029 1010 5084 1.
1068 5030 1091 5064 ‘
1130 5029 1352 5087 Coloss.
1386 5048 1426 5097 ι,
1462 5032 1551 5087 15.
1610 5032 1632 5067 ⁸
1659 5031 1830 5091 Joan.

1971 5037 2024 5091 4.
2083 5036 2105 5071 ⁸
2136 5035 2156 5090 Ι
2182 5033 2351 5091 Joan.
2387 5051 2463 5102 ιν,
2512 5034 2567 5087 9.
2629 5034 2647 5067 ⁷
2682 5031 2832 5088 Psal.
2865 5044 3060 5097 cxvm,
3093 5028 3184 5082 89.
3242 5027 3264 5062 θ
3289 5026 3461 5084 Joan.
3494 5044 3534 5097 1,
3566 5028 3622 5083 1ο

274 5254 379 5324 (16)
411 5249 778 5325 Seguerian.,
814 5247 1041 5324 φανερὸν
1074 5246 1179 5306 ὅτι.

274 5344 376 5414 (17)
406 5343 499 5398 Sic
528 5338 871 5413 Seguerian.
893 5339 1261 5414 “Goblerian.
1311 5340 1460 5396 Felc.
1498 5343 1522 5397 1
1564 5345 1621 5398 et
1652 5343 1702 5397 4.
1736 5341 1853 5397 Alii

216 5427 330 5469 vero
357 5409 413 5470 et
441 5409 795 5482 θόίἰὶξσῶμα
821 5412 1005 5480 τοῦτο,
1035 5409 1285 5473 εἷ’κότως.

275 5502 378 5575 (18)
407 5503 501 5559 Sic
532 5500 1041 5575 SeguerianuReg.
1093 5500 1429 5559 Goblerian.
1480 5501 1629 5559 Felc.
1687 5503 1736 5558 1.
1782 5505 1854 5558 At

220 5568 303 5630 alii
328 5568 384 5631 et
411 5574 555 5632 editi
578 5568 861 5630 omittunt
889 5568 959 5625 δι’
987 5568 1160 5646 ἦμᾶς.

280 5664 383 5738 (19)
411 5664 767 5738 Βεευβιδίαιι..
805 5663 939 5735 Reg.
972 5666 1030 5721 et
1060 5663 1208 5721 Felc.
1238 5665 1293 5735 4,
1325 5663 1698 5738 πρωτότοκος.
1734 5665 1852 5722 (ἓω-

223 5735 317 5791 teri
342 5742 400 5795 at
428 5735 596 5808 editi,
626 5737 867 5811 πρῶτος.

2034 5256 2148 5328 (20)
2178 5254 2514 5325 Seguerian.
2548 5256 2786 5326 πρῶτον.
2818 5250 2929 5306 Alii
2962 5254 3019 5305 et
3048 5250 3210 5320 editi,
3244 5251 3483 5326 πρῶτος.

2034 5346 2147 5417 (21)
2177 5344 2269 5399 Sic
2313 5343 2667 5417 seguerian._
2690 5341 2828 5412 Reg.
2861 5339 3195 5396 Goblerian.
3234 5342 3383 5398 Felc.
3417 5342 3442 5396 1
3480 5343 3536 5397 et
3563 5342 3618 5394 5.

1963 5412 2192 5472 In'aliis
2225 5420 2282 5471 et
2312 5415 2487 5470 editis
2516 5412 2605 5467 καί
2638 5415 2822 5468 deest.

2035 5505 2147 5575 ('22)
2180 5503 2535 5575 Sfegueriau.
2573 5499 2841 5575 πολλούς.
2877 5500 3059 5575 Paulo
3111 5504 3245 5573 post
3288 5501 3465 5569 idem,
3511 5504 3620 5555 τῶν

1962 5572 2180 5652 γραφῶν
2220 5573 2452 5649 λέγεται.
2487 5574 2615 5629 Mox
2647 5574 2822 5640 idem,
2853 5572 3055 5645 κτίσμα
3086 5572 3240 5628 Θεοῦ.

2036 5666 2154 5737 (23)
2184 5663 2544 5731 Basiliensis,
2577 5659 2879 5733 ἀῖὸιότητα.
