4076 6340
350 429 469 489 2Ἱ9

356 649 522 705 lectus
572 648 634 701 ιο.
676 645 776 701 Et:
815 647 889 701 Tu
928 659 983 700 es
1023 644 1278 699 Christus
1317 643 1495 698 Filius
1547 643 1646 696 Dei
1688 636 1921 693 viventis
1945 637 2014 689 υ.

356 736 767 807 Primogenitua
789 737 983 789 autem
1018 731 1350 804 appellatur
1378 747 1445 786 ex
1474 745 1713 785 summa
1742 743 1850 783 sua
1881 738 2020 795 erga

359 829 916 881 creatam-naturam
946 821 1314 876 humanitate
1348 836 1361 875 :
1394 820 1523 890 ejus
1560 818 1778 889 quippe
1828 814 2023 868 dictus

357 914 539 971 etiam
571 917 662 968 est
710 911 1159 985 primogenitae.
1196 909 1455 963 Dictione
1486 906 1917 971 autem,creavit
1949 902 2018 961 ¹²ι

359 1002 731 1075 significatur
752 1000 938 1071 gratia
959 1015 1136 1069 quam
1158 998 1218 1053 in
1242 1014 1417 1067 opera
1433 995 1682 1052 contulit
1713 1011 1727 1049 :
1761 1006 2021 1063 namque

358 1090 419 1145 in
451 1088 553 1145 illa
582 1087 901 1144 creatur.Si
932 1101 1070 1158 ergo
1096 1084 1450 1157 Unigenitus
1472 1090 1565 1139 est
1583 1084 1666 1139 uti
1696 1084 2021 1143 reveraest,

360 1195 467 1235 vox
489 1178 628 1244 ista,
664 1178 1094 1249 primogenitus,
1144 1178 1234 1229 est
1263 1190 1406 1229 sane
1422 1171 1790 1244 explicanda.
1825 1169 1937 1225 Sed
1971 1177 2025 1232 si

363 1267 794 1341 primogenitae
828 1270 938 1330 est,
962 1262 1311 1335 Unigenitus
1342 1261 1455 1316 dici
1489 1277 1603 1317 non
1639 1260 1834 1313 debet.
1865 1258 2025 1313 Idem

362 1355 521 1413 enim
554 1372 669 1410 non
704 1358 898 1426 potest
927 1352 1278 1423 Unigenitue
1309 1356 1367 1405 et
1416 1349 1842 1421 primogenitae
1874 1361 2027 1413 esse,

360 1445 478 1501 nisi
509 1445 579 1500 ad
612 1444 842 1499 diversa
864 1441 1165 1513 respiciat.
1196 1440 1276 1495 ita
1310 1443 1372 1494 ul
1406 1438 1754 1511 Unigenitus
1784 1434 2023 1507 quidem

362 1532 615 1597 dicatur,
648 1536 940 1602 quatenus
958 1545 1027 1585 ex
1056 1530 1227 1584 Patre
1245 1526 1485 1599 genitus
1521 1532 1631 1595 est,
1653 1523 2034 1597 quemadmo-

364 1622 509 1677 dum
537 1620 764 1675 dictum
796 1623 886 1673 est
917 1634 930 1672 :
966 1616 1395 1689 primogenitae
1423 1631 1580 1684 vero,
1600 1618 1889 1685 quatenus
1906 1610 2029 1667 sin-

366 1708 559 1783 gulari
583 1722 722 1780 erga
753 1712 1008 1762 creatam
1037 1712 1309 1761 naturam
1346 1704 1716 1777 benignitate
1745 1718 1890 1757 usus
1918 1703 2028 1756 est,

368 1797 708 1870 multosque
766 1796 881 1852 sibi
931 1797 1141 1851 fratres
1200 1794 1475 1850 reddidit.
1515 1793 1704 1862 Certe,
1736 1807 1872 1847 cum
1912 1791 2030 1846 duo

899 426 964 486 S.
1015 419 1441 484 ATHANASII
1486 420 1661 482 OPP.
1706 416 1911 478 PARS
1954 414 2003 475 1.
2036 444 2113 458 -
2153 410 2571 475 HISTOBlGA
2614 411 2716 471 ET
2756 405 3242 472 DOGMATIGA.

352 560 530 615 virtus
558 562 617 614 et
652 558 754 613 Dei
786 557 1065 627 sapientia
1102 556 1141 609 ο.
1174 554 1246 609 Et
1266 572 1284 607 :
1305 555 1404 609 Hic
1429 555 1511 608 est
1539 552 1718 608 Filius
1738 564 1893 604 meus
1921 546 2006 602 di-

2136 562 2219 597 του
2278 539 2540 614 διαμὲνει’
2600 540 2739 610 καὶ,

3658 405 3779 464 9.80

2817 541 2902 594 ’Ev
2964 539 3113 614 ἀρχῇ
3172 537 3241 607 ἦν
3292 536 3321 591 6
3379 534 3555 610 Λόγος
3616 535 3774 608 (24),»

2124 632 2215 686 καὶ
2268 632 2298 685 6
2354 630 2531 705 Λόγος
2583 630 2649 699 ἦν
2707 629 2849 704 πρὸς
2901 628 2993 683 τὸν
3049 626 3201 683 Θεόνο
3234 626 3343 692 καὶ,
3386 624 3612 700 Χριστὸς
3640 628 3775 679 Θεοῦ

2129 718 2357 792 δύναμις
2424 718 2512 775 καὶ
2587 722 2727 773 Θεσῦ
2796 716 2960 794 σοφία
3007 734 3021 748 ⁸
3081 713 3170 770 καί
3224 758 3237 783 ,
3287 713 3461 775 Οὗτός
3534 712 3675 768 ἐστιν
3746 714 3775 767 6

2130 808 2253 870 Υἱός
2315 829 2420 881 μου
2472 810 2503 862 6
2558 806 2858 884 ἀγαπητός⁸
2915 804 3045 875 καὶ,
3107 804 3183 859 Σὺ
3232 806 3283 859 εἴ
3338 805 3367 858 6
3423 804 3690 878 Χριστὸς,
3745 802 3776 857 6

2131 899 2255 960 Υἱὸς
2305 902 2404 953 τοῦ
2453 902 2587 953 Θεοῦ
2645 901 2845 966 ζῶντος
2881 940 2894 952 .
2953 895 3029 952 Τὸ
3095 892 3155 948 δὶ
3183 940 3200 964 ,
3250 893 3643 968 πρωτότοκος,
3701 891 3778 953 εἷς

2128 989 2228 1055 τὴν
2256 987 2428 1042 κτίσιν
2477 984 2592 1061 ἔχει
2647 987 2749 1055 τήν
2810 979 3200 1058 συγκατάϐασιν
3256 985 3392 1057 (25)’
3451 982 3621 1051 αὐτῆς
3675 981 3778 1058 γὰρ

2131 1076 2221 1130 καὶ
2278 1078 2627 1151 πρωτότοκος
2688 1074 2916 1150 ἐλὲχθη.
2967 1074 3065 1128 Καὶ
3109 1074 3192 1143 τὸ,
3242 1070 3438 1144 ἔκτισε,
3490 1070 3549 1127 δὲ
3595 1072 3671 1134 είς
3712 1068 3780 1127 τὰ

2134 1164 2261 1241 ἔργα
2288 1167 2387 1233 τήν
2442 1164 2602 1241 χάριν
2656 1163 2795 1240 ἔχει’
2838 1163 2914 1226 sic
2964 1162 3099 1218 αὐτὰ
3143 1164 3243 1239 γὰρ
3292 1162 3382 1218 καὶ
3412 1162 3673 1233 κτίζεται.
3716 1161 3780 1219 Εἰ

2139 1256 2232 1326 μὲν
2266 1254 2356 1309 οὗν
2410 1255 2728 1327 Μονογενής
2774 1251 2913 1308 ἐστιν
2967 1255 3102 1325 (26),
3147 1250 3329 1327 ὥσπερ
3370 1248 3461 1305 οὖν
3495 1250 3585 1305 καὶ
3617 1249 3779 1321 ἔστιν,

2136 1342 2512 1419 ἑρμηνευέσθω
2583 1344 2644 1398 τὸ
2677 1386 2692 1412 ,
2751 1341 3099 1417 πρωτότοκος
3131 1359 3143 1371 ’
3198 1339 3245 1395 ei;
3310 1337 3367 1395 δὲ
3434 1339 3781 1416 πρωτότοκός

2136 1431 2268 1499 ἐστι,
2304 1433 2379 1504 μή
2421 1428 2558 1488 ἔστω
2609 1433 2945 1507 Μονογενής.
2993 1429 3071 1487 Οὐ
3126 1426 3346 1484 δύναται
3399 1428 3500 1505 γὰρ
3548 1429 3576 1483 6
3618 1428 3779 1491 αὐτὸς

2137 1523 2445 1596 Μονογενής
2486 1541 2547 1575 τε
2586 1520 2676 1575 καὶ
2725 1519 3073 1594 πρωτότοκος
3124 1517 3278 1589 εἶναι,
3311 1517 3357 1572 εί
3402 1518 3478 1589 μὴ
3512 1516 3614 1590 ἄρα
3642 1517 3779 1594 πρὸς

2137 1609 2277 1666 ἄλλο
2324 1609 2414 1666 καὶ
2464 1607 2626 1664 ἄλλο·
2672 1606 2765 1663 ἵνα
2814 1608 3128 1685 Μονογενῆς
3182 1608 3275 1680 μὶν
3328 1604 3417 1662 διὰ
3449 1607 3547 1675 τήν
3582 1606 3640 1662 ἐκ
3671 1612 3779 1662 Πα-

2135 1701 2267 1775 τρὸς
2320 1700 2591 1775 γέννησιν,
2651 1697 2832 1773 ὥσπερ
2891 1696 3124 1774 εἴρηται,
3182 1696 3536 1770 πρωτότοκος
3584 1694 3645 1752 δὶ
3691 1693 3783 1752 διὰ

2136 1790 2236 1857 τὴν
2286 1788 2361 1851 είς
2407 1790 2507 1857 τὴν
2551 1788 2724 1843 κτίσιν
2765 1782 3177 1864 συγκατάϐασιν,
3226 1785 3317 1840 καὶ
3364 1787 3464 1855 τήν
3491 1790 3599 1841 τῶν
3639 1785 3780 1842 πολ-

369 1886 472 1943 illa
503 1887 741 1942 nomine
772 1886 927 1941 inter
953 1901 1018 1941 se
1046 1886 1171 1941 sint
1189 1884 1503 1952 contraria,
1550 1883 1709 1939 baud
1736 1881 2025 1937 immerito

2140 1875 2252 1932 λῶν
2304 1875 2733 1954 ἀδελφοποίησιν
2959 1874 3203 1949 ’Δμὲλει,
3252 1879 3362 1962 τῶν
3422 1873 3517 1929 δύο
3574 1876 3780 1930 τούτων

366 1975 556 2047 possit
572 1973 854 2030 atﬁrmari
872 1990 1084 2030 nomen
1109 1972 1410 2044 Unigeniti
1436 1972 1667 2044 proprie
1691 1971 1881 2042 magis
1896 1969 2032 2025 Ver'

368 2064 443 2119 bo
475 2062 782 2119 convenire
814 2062 1294 2135 quandoquidem
1326 2062 1560 2117 nullam
1592 2060 1749 2117 aliud
1780 2063 1872 2115 est
1897 2059 2032 2115 Ver-

369 2152 536 2222 bum,
562 2152 724 2207 nulla
758 2152 871 2207 alia
901 2151 1208 2223 sapientia,
1244 2150 1346 2206 sed
1380 2150 1553 2207 solas
1582 2151 1707 2221 ipse
1736 2165 1908 2205 verus
1941 2152 2031 2205 est

373 2240 567 2296 Patris
597 2239 803 2294 Filias.
830 2239 1083 2303 Etenim,
1109 2245 1174 2293 ut
1188 2256 1368 2311 supra
1397 2237 2029 2303 observavimus,nulla

377 2327 659 2399 adjuncta
710 2343 913 2390 causa.
948 2328 1047 2383 sed
1104 2327 1370 2383 absolute
1425 2328 1495 2381 de
1535 2326 1635 2382 illo
1665 2327 1884 2382 dictum
1914 2332 2022 2398 est,

381 2418 707 2488 Unigenitus
746 2416 921 2472 Filius
956 2418 1052 2487 qui
1077 2420 1158 2472 est
1206 2418 1268 2471 in
1295 2417 1423 2471 sinu
1455 2418 1642 2471 Patris
1675 2417 1736 2470 ¹³.
1786 2419 1857 2471 At
1886 2432 2020 2470 cum

370 2506 778 2577 primogenita:
862 2504 1097 2568 dicitur,
1173 2520 1351 2559 causa
1435 2504 1764 2567 annecitur,
1830 2508 2023 2558 creata

374 2608 589 2665 nempe
620 2598 850 2660 natura,
902 2597 967 2648 ut
1014 2591 1230 2648 Paulus
1262 2595 1386 2662 ipse
1432 2592 1525 2648 his
1555 2592 1778 2649 indicat
1804 2593 2019 2661 verbis,

375 2682 519 2750 Quia
538 2683 597 2737 in
620 2683 741 2753 ipso
762 2687 952 2737 creata
979 2690 1109 2737 sunt
1137 2682 1293 2738 420
1320 2683 1507 2736 omnia
1528 2682 1591 2736 ".
1613 2682 1669 2736 Si
1695 2697 1864 2751 porro
1887 2681 2020 2736 uni-

368 2785 551 2826 versas
596 2786 690 2827 res
740 2776 965 2835 creatae,
1016 2771 1074 2824 in
1106 2770 1209 2825 illo
1240 2776 1381 2825 sunt
1424 2774 1654 2838 creatae,
1684 2772 1836 2825 alius
1866 2774 2022 2826 certe

373 2863 465 2915 est
503 2875 535 2914 a
566 2858 743 2914 rebus
772 2860 1003 2925 creatis,
1039 2874 1145 2914 nec
1194 2859 1320 2930 ipse
1372 2874 1464 2914 res
1512 2862 1603 2914 est
1651 2864 1863 2924 creata,
1916 2859 2021 2915 sed

372 2963 571 3004 rerum
602 2952 934 3004 creaturam
967 2952 1210 3003 creator.

410 3127 532 3181 .63.
565 3126 689 3182 Non
722 3142 858 3200 ergo
890 3126 1320 3198 primogenitae
1361 3131 1598 3183 vocatus
1642 3131 1752 3193 est,
1788 3128 1927 3199 quia
1954 3143 2023 3183 ex

377 3219 545 3270 Patre
575 3218 666 3270 est
718 3215 975 3285 genitus,
1008 3216 1106 3271 sed
1140 3216 1282 3286 quia
1311 3216 1369 3270 in
1400 3215 1501 3272 illo
1530 3218 1692 3271 facta
1723 3222 1864 3271 sunt
1897 3233 2019 3272 res-

376 3307 602 3358 creataa.
631 3303 914 3368 Quocirca
937 3304 1437 3375 quemadmodum
1469 3309 1637 3360 antes
1674 3321 1766 3361 res
1794 3309 2020 3361 creatas
2051 3278 2095 3344 θ

375 3391 503 3464 ipse
551 3395 677 3446 erat
717 3390 898 3446 Filius
931 3407 1033 3463 per
1085 3408 1259 3462 quem
1295 3409 1387 3448 res
1416 3399 1621 3448 creatae
1654 3394 1816 3449 facta:
1846 3398 2020 3450 sunt:

376 3478 460 3533 ita
489 3483 804 3550 antequam
838 3478 1266 3551 primogenitae
1286 3481 1550 3537 omnium
1583 3498 1775 3537 rerum
1810 3486 2027 3538 creata-

377 3582 510 3622 rum
552 3566 747 3624 dictus
790 3572 902 3630 est,
960 3567 1343 3623 nihilominus
1372 3570 1566 3640 ipsum
1613 3571 1867 3626 Verbum
1903 3576 2029 3627 erat

376 3656 533 3727 apud
568 3660 773 3725 Deum,
804 3661 863 3711 et
887 3656 1043 3711 Deus
1072 3661 1196 3711 erat
1226 3657 1501 3713 Verbum.
1534 3658 1740 3713 Verum
1771 3660 2026 3731 eaimpii

375 3760 490 3799 cun
522 3761 637 3799 non
671 3743 1026 3817 intelligant,
1051 3745 1173 3800 hac
1189 3745 1513 3802 dictitando
1530 3749 2023 3805 circumcursant:

375 3834 435 3888 Si
466 3833 727 3889 omnium
790 3848 985 3890 rerum
1045 3841 1375 3889 creatarum
1438 3836 1862 3908 primogenitae
1916 3844 2025 3906 est,

376 3921 640 3994 profecto
669 3923 796 3996 ipse
826 3938 1060 3994 quoque
1092 3940 1211 3978 una
1233 3928 1323 3979 est
1344 3939 1375 3979 e
1397 3925 1572 3982 rebus
1589 3927 2023 3984 ereatis.8taltil

378 4026 512 4068 nam
564 4015 785 4077 contra,
820 4011 870 4067 si
902 4011 1169 4067 omnium
1227 4011 1400 4084 plane
1449 4029 1643 4070 rerum
1702 4021 2027 4073 oreatarum

379 4100 810 4171 primogenitae
839 4106 949 4166 est,
981 4116 1119 4172 ergo
1148 4100 1301 4157 alius
1348 4109 1439 4157 est
1483 4119 1516 4158 a
1547 4102 1722 4160 rebus
1752 4106 2029 4164 omnibus

379 4188 613 4245 creatis.
646 4190 763 4245 Nec
792 4190 952 4246 enim
997 4188 1162 4256 dixit,
1207 4189 1632 4263 primogenitae
1661 4192 1906 4250 aliarum
1942 4214 2028 4253 re-

377 4294 509 4333 rum
540 4284 894 4349 creatarum,
929 4294 1002 4333 ne
1030 4284 1315 4349 tanquam
1363 4297 1480 4335 una
1527 4298 1558 4337 e
1588 4284 1765 4339 rebus
1820 4287 2031 4343 creatis

375 4381 506 4423 esse
552 4372 903 4437 putaretur;
944 4384 1048 4440 sep
1081 4368 1364 4439 scriptum
1417 4375 1522 4436 est,
1552 4375 1795 4428 omnium
1844 4391 2031 4432 rerum

373 4463 713 4525 creaturam,
746 4460 812 4511 ut
841 4454 1017 4512 allius
1044 4458 1116 4512 ab
1146 4457 1265 4512 illis
1295 4475 1425 4514 esse
1454 4462 2033 4521 ostenderetur.Hinc

2142 1966 2322 2042 ῥητῶν
2364 1964 2748 2039 ἀντικειμένων
2791 1963 3087 2037 ἀλλήλοις,
3136 1955 3349 2041 κρατεῖν
3396 1963 3458 2019 ἄν
3505 1986 3588 2026 τις
3640 1962 3785 2019 εἴποι

2142 2054 2364 2118 δικαίως
2414 2055 2502 2111 ἐπὶ
2549 2060 2647 2111 τοῦ
2696 2054 2874 2130 Λόγου
2925 2055 2989 2110 τὸ
3033 2052 3132 2110 τοῦ
3179 2058 3519 2129 Μονογενοῦς
3570 2052 3782 2127 μᾶλλον

2138 2144 2365 2220 ἰδίωμα,
2401 2143 2491 2201 διὰ
2529 2146 2594 2201 τὸ
2646 2146 2721 2218 μὴ
2773 2145 2907 2199 εἶναι
2959 2141 3141 2221 ἕτερον
3179 2142 3371 2221 ⁶Λόγον,
3404 2144 3439 2213 ἢ
3475 2140 3653 2215 ἄλλην
3688 2164 3784 2199 σο-

2137 2235 2280 2313 φίαν,
2312 2233 2459 2291 ἀλλὰ
2484 2239 2674 2289 τοῦτον
2712 2232 2871 2306 μόνον
2899 2232 3158 2303 ἀληθινὸν
3192 2233 3314 2287 Υἱὸν
3364 2233 3497 2287 εἶναι
3544 2236 3641 2288 τοῦ
3672 2238 3780 2288 Πα-

2131 2323 2281 2401 τρός.
2333 2325 2431 2379 Καὶ
2488 2324 2614 2399 γὰρ,
2664 2322 2844 2399 ὥσπερ
2888 2317 3190 2399 ἔμπροσθεν
3250 2318 3481 2398 εἴρηται,
3542 2320 3605 2375 οὐ
3646 2320 3781 2393 μετά

2130 2435 2277 2477 τινος
2323 2411 2820 2488 συμπεπλεγμένης
2870 2411 3046 2475 αἰτίας
3079 2454 3094 2480 ,
3153 2409 3301 2467 ἀλλὰ
3351 2408 3777 2482 άπολελυμὲνως

2134 2504 2227 2574 μὲν
2290 2505 2401 2575 (28)
2457 2501 2666 2575 εἴρηται
2725 2501 2807 2557 ἐπ’
2842 2500 3008 2556 αὐτοῦ
3058 2501 3143 2568 τὸ,
3191 2504 3250 2557 Ὀ
3299 2499 3608 2575 Μονογενὴς
3655 2499 3778 2562 Υἱὸς

2131 2593 2159 2647 6
2190 2593 2264 2665 ᾦν
2315 2590 2392 2654 εἰς
2438 2592 2532 2646 τὸν
2577 2589 2783 2647 κόλπον
2834 2594 2931 2645 τοῖ’)
2973 2589 3205 2664 Πατρός*
3253 2588 3318 2644 τὸ
3367 2587 3445 2655 δὲ,
3496 2588 3779 2663 πρωτότο’

2128 2702 2246 2752 κος,
2298 2679 2790 2754 συμπεπλεγμένην
2846 2676 2961 2755 ἔχει
3017 2678 3183 2735 πάλιν
3231 2679 3330 2748 τὴν
3391 2685 3492 2747 τῆς
3548 2676 3775 2740 κτίσεως

2129 2769 2330 2841 αἰτίαν,
2376 2772 2439 2840 ἣν
2481 2769 2753 2845 ἐπήγαγεν
2800 2769 2829 2824 6
2878 2767 3096 2830 Παῦλος
3146 2765 3345 2841 λέγων·
3377 2770 3496 2821 Ὀτι
3545 2766 3598 2821 ἐν
3631 2764 3777 2838 αὐτῷ

2130 2859 2343 2929 ἐκτίσθη
2400 2859 2470 2913 τὰ
2526 2857 2720 2914 πάντα.
2781 2857 2843 2912 Ei
2901 2854 2961 2911 δὲ
3014 2854 3187 2911 πάντα
3242 2858 3310 2910 τὰ
3357 2853 3626 2927 κτίσματα
3663 2857 3778 2928 (29)

2129 2947 2183 3003 ἐν
2241 2947 2388 3019 αὐτῷ
2434 2946 2676 3017 ἐκτίσθη,
2736 2944 2909 3008 ἄλλος
2962 2944 3072 3001 ἐστὶ
3128 2950 3235 2999 τῶν
3294 2944 3629 3017 κτισμάτων,
3685 2943 3775 2999 καὶ

2128 3037 2331 3111 κτίσμα
2366 3037 2459 3109 μὲν
2489 3036 2589 3091 οὐκ
2618 3032 2755 3103 ἔστι,
2803 3034 3025 3104 κτίστης
3058 3031 3117 3089 δὲ
3144 3038 3252 3089 τῶν
3302 3031 3612 3107 κτισμάτων

2199 3129 2290 3183 63.
2322 3125 2400 3182 Οὐ
2449 3122 2539 3181 διὰ
2581 3123 2644 3179 τὸ
2691 3122 2751 3179 ἐκ
2785 3122 2991 3199 Πατρός
3024 3121 3125 3198 ἄρα
3155 3122 3502 3201 πρωτότοκος
3544 3120 3779 3192 ἐκλήθη,

2132 3213 2278 3271 ἀλλᾶ
2334 3211 2424 3269 διὰ
2476 3214 2539 3269 τὸ
2598 3212 2649 3267 ἐν
2708 3210 2856 3285 αὐτῷ
2906 3215 3221 3288 γεγενῆσθαι
3278 3212 3378 3281 τὴν
3434 3211 3626 3268 κτίσιν.
3680 3211 3780 3266 Καὶ

2133 3299 2316 3379 ὥσπερ
2363 3304 2471 3377 πρὸ
2525 3310 2624 3371 τῆς
2670 3302 2897 3364 κτίσεως
2943 3302 3010 3371 ἧν
3062 3300 3221 3364 αὐτὸς
3251 3302 3281 3355 6
3324 3301 3469 3368 Υἱὸς,
3502 3298 3570 3356 δι’
3598 3300 3664 3355 οὗ
3692 3300 3779 3374 γό-

2132 3413 2284 3469 γονεν
2330 3395 2365 3461 ἡ
2425 3391 2620 3454 κτίσις·
2681 3392 2824 3446 οὕτω
2881 3390 2973 3446 καὶ
3028 3391 3136 3465 πρὸ
3189 3395 3287 3445 τοῦ
3345 3389 3619 3459 κληθῆναι
3666 3391 3779 3463 (31)

2134 3481 2483 3558 πρωτότοκος
2514 3481 2707 3551 ’πάσης
2740 3482 2841 3551 ¹τῆς
2873 3479 3116 3547 κτίσεως,
3151 3481 3217 3549 ἦν
3271 3476 3424 3535 οὐδὲν
3475 3480 3640 3548 ἧττον
3679 3478 3780 3533 αὖ·

2132 3573 2224 3634 τὸς
2274 3572 2303 3625 6
2344 3571 2521 3645 Λόγος
2566 3569 2703 3644 πρὸς
2752 3570 2840 3625 τὸν
2887 3570 3039 3639 Θεὸν,
3088 3567 3179 3623 καὶ
3225 3568 3354 3630 Θεὸς
3401 3570 3466 3639 ἧν
3501 3568 3530 3623 6
3576 3562 3777 3642 Λόγος.

2135 3658 2314 3715 Ἀλλὰ
2342 3660 2430 3714 καὶ
2459 3663 2620 3714 τοῦτο
2655 3660 2731 3732 μὴ
2782 3660 3070 3729 νοήσαντες
3122 3658 3174 3713 οἱ
3220 3652 3513 3723 δυσσεϐεῖς,
3563 3656 3777 3732 περιέρ-

2136 3768 2327 3825 χονται
2359 3748 2633 3824 λέγοντες·
2671 3748 2734 3803 Εἰ
2764 3747 3112 3819 πρωτότοκός
3164 3746 3272 3803 ἐστι
3303 3747 3482 3817 πάσης
3529 3747 3779 3817 κτίσεως,

2137 3835 2308 3908 δῆλον
2334 3836 2416 3893 ὅτι
2461 3838 2550 3892 καὶ
2582 3836 2742 3898 αὐτὸς
2786 3838 2862 3899 εἷς
2911 3836 3020 3892 ἐστι
3067 3842 3166 3905 τῆς
3194 3835 3441 3899 κτίσεως.
3473 3837 3778 3914 νΔφρονεςί

2138 3928 2184 3984 εί
2209 3928 2355 3990 ὅλως
2385 3928 2561 3998 πάσης
2590 3933 2690 3997 τῆς
2718 3927 2941 3989 κτίσεως
2969 3926 3449 4002 πρωτότοκός
3482 3925 3647 3996 ἰστιν,
3679 3926 3783 4004 ἄρα

2137 4016 2315 4090 πάσης
2343 4023 2443 4087 τῆς
2470 4016 2696 4079 κτίσεως
2728 4014 2900 4078 ἄλλος
2929 4014 3090 4073 ἐστίν.
3136 4015 3208 4071 Οὐ
3252 4016 3357 4092 γὰρ
3390 4013 3594 4091 εἶ’ρηκε,
3625 4035 3782 4092 πρω-

2136 4106 2363 4170 τότοκός
2393 4106 2505 4161 ἐστι
2532 4111 2641 4163 τῶν
2672 4104 2859 4163 ἄλλων
2887 4108 2997 4178 (33)
3026 4104 3465 4179 κτισμάτων,⁹ίνα
3498 4106 3575 4179 μὴ
3607 4106 3683 4168 ὡς
3704 4108 3785 4169 εἷς

2136 4202 2245 4251 τῶν
2277 4197 2588 4268 κτισμάτων
2621 4197 2754 4252 εἶναι
2777 4193 3186 4270 νομισθῆάλλᾶ
3213 4194 3389 4266 πάσης
3417 4202 3517 4264 τῆς
3562 4194 3786 4257 κτίσεως

2139 4287 2463 4361 γέγραπται,
2489 4284 2581 4341 ’ίνα
2601 4284 2773 4346 ἄλλος
2802 4288 2901 4350 τῆς
2929 4283 3155 4345 κτίσεως
3185 4286 3320 4339 εἶναι
3352 4282 3636 4360 δειχθῇ.’0
3655 4288 3783 4360 γοῦν

2139 4370 2367 4443 Ῥουϐὴν
2395 4378 2509 4445 (34)
2535 4374 2633 4429 οὐκ
2658 4373 2870 4449 οῖ’ρηται
2918 4373 3268 4449 πρωτότοκος
3313 4372 3530 4429 πάντων
3559 4378 3667 4429 τῶν
3694 4373 3786 4429 τὲ-

2139 4486 2280 4520 κνων
2310 4467 2408 4518 τοῦ
2440 4458 2655 4529 Ἰακὼϐ,
2691 4461 2817 4518 ἀλλ’
2838 4461 3118 4517 αὐτοῦτοῦ
3145 4457 3340 4517 Ἰακὼϐ
3370 4461 3459 4517 καὶ
3488 4466 3596 4519 τῶν
3629 4459 3786 4517 ἀδελ-

446 4572 681 4653 [Ι-Οοιο.
714 4574 877 4653 1,26.
959 4574 1005 4610 ¹⁰
1042 4574 1246 4630 Matth.
1282 4593 1365 4644 in,
1399 4578 1495 4645 17;
1552 4594 1691 4649 xvn,
1747 4580 1801 4635 5.
1884 4585 1926 4619 ιι
1980 4584 2025 4639 Μ

2136 4584 2185 4639 b.
2244 4601 2359 4652 xv1,
2422 4585 2508 4639 16.
2587 4583 2633 4619 ¹²
2698 4583 2863 4639 Prov.
2921 4599 3047 4653 vm,
3108 4582 3197 4636 22.
3277 4582 3321 4617 ¹³
3379 4582 3549 4640 Joan.
3608 4598 3650 4651 ι,
3697 4583 3780 4637 18.

373 4642 419 4678 ¹⁴
446 4641 667 4700 Coloss.
701 4662 739 4713 ι,
767 4646 851 4700 16.

444 4750 558 4833 (24)
576 4751 926 4833 βθνςυρνῆσρ.
952 4752 1282 4833 ϐοὴιιῑιήειηἔ
1311 4758 1371 4833 et
1391 4754 1534 4833 Felc.
1562 4756 1617 4833 1,
1636 4759 1917 4815 omittunt
1937 4760 2024 4814 καὶ
2056 4769 2104 4833 1)

375 4820 428 4876 ἐν
452 4820 606 4949 ἂςὲίῇ
637 4820 705 4897 ᾖν
739 4824 767 4879 ὁ
797 4823 1008 4906 Λόγος..
1029 4842 1134 4908 nec
1164 4842 1233 4880 ea
1262 4825 1403 4897 legit
1434 4827 1715 4910 Nannius.

442 4895 501 4949 (2
544 4896 560 4949 l
593 4899 739 4949 Felc.
771 4898 807 4949 2
835 4904 893 4949 et
922 4897 1059 4949 edit]
1095 4938 1109 4949 .
1140 4895 1452 4949 κατάοασιν.
1475 4899 1586 4949 Aln
1620 4918 1711 4949 mn

409 4895 567 5019 £625)
593 4895 739 4953 Felc.
771 4898 807 4951 2
835 4895 901 4953 etv
922 4895 1059 4951 editi
1093 4938 1109 4961 ,
1140 4895 1452 4951 κατάοασιν.
1475 4898 1587 4954 Alii
1620 4918 1788 4972 mss.,
1822 4922 2022 4976 συγκαο

483 4986 619 5019 ασιν.

376 4986 549 5019 ταοασ
556 4986 619 5019 ιν.

400 5078 407 5091 ..
447 5038 560 5110 (267)
590 5038 1046 5110 SieSeguerian.
1096 5040 1232 5109 Reg.
1285 5039 1509 5110 Anglic.
1543 5050 1600 5098 et
1648 5044 1792 5099 Felc.
1826 5048 1880 5101 4.
1912 5048 2021 5103 Sed

375 5107 603 5183 Anglia.
635 5107 697 5162 τό
727 5110 945 5183 omittit
990 5121 1123 5183 ante
1171 5107 1539 5181 πρωτότοκος.
1571 5116 1720 5171 Felc.
1751 5122 1806 5183 2,
1854 5123 2025 5172 Movo-

417 5178 540 5248 ενῆς
570 5178 1142 5255 ἐστινηὲρμηνευέσθω
1185 5178 1552 5255 πρωτότοκος.
1591 5188 1695 5241 Alii
1752 5178 1805 5241 et
1844 5191 2021 5246 editio

373 5198 540 5307 ἔενης
570 5198 729 5247 εστιν,
763 5198 819 5255 ερ
869 5198 1142 5250 ηνευεσυω
1185 5198 1552 5257 πρωτότοκος.
1591 5198 1695 5241 Alii
1752 5198 1805 5241 et
1844 5198 2021 5246 editio

415 5249 679 5336 pmmel.,
713 5249 757 5305 εἰ
789 5201 882 5324 pg)
916 5251 1007 5308 οὖν
1040 5256 1353 5329 Μονογενής
1386 5253 1550 5326 ἐστιν,
1586 5258 1663 5329 μὴ
1707 5255 1845 5314 ἔστω
1874 5280 2022 5335 πρω-

374 5341 597 5383 τοτοκος
605 5364 617 5377 .

443 5395 922 5471 (2Z)_Segueri_an.
976 5397 1113 5461 Reg.
1167 5398 1587 5471 G_o_blcrian._et
1634 5402 1780 5457 Felc.
1819 5406 1867 5471 1,
1902 5406 1928 5457 4
1964 5410 2020 5460 et

368 5464 427 5547 .5,
466 5467 724 5547 addunt,
745 5465 834 5519 καὶ
855 5467 964 5547 ’τὴν
990 5466 1353 5547 τῶνπυλλῶν
1403 5464 1864 5547 ᾆδελφοποίησινξ
1890 5492 2016 5547 quas

370 5537 429 5591 iu
462 5537 595 5591 aliis
624 5546 682 5593 et
711 5539 768 5593 in
802 5540 1055 5593 editione
1084 5543 1359 5595 Commel.
1393 5537 1622 5597 desunt.

439 5609 552 5689 (28)
583 5609 677 5689 Sic
716 5613 1057 5689 _Seguerin_n_.
1111 5612 1393 5689 Basiliaet
1422 5614 1589 5689 Felc._
1607 5617 1658 5689 4.
1694 5618 1755 5672 In
1798 5618 1929 5689 aliis
1958 5623 2017 5674 et

365 5678 555 5823 editis"s
574 5678 667 5751 μὲν
700 5678 883 5738 deest.
920 5685 1062 5738 Ibid.
1096 5684 1435 5756 Seguerian.
1465 5691 1522 5742 et
1554 5687 1701 5743 Felc.
1732 5690 1784 5755 4,
1816 5688 1876 5743 τὸ
1900 5695 2013 5743 Μο-

365 5768 518 5823 νογεν
565 5769 610 5814 ς.
1230 5810 1233 5811 ν

361 5768 554 5825 νογενη
565 5769 610 5814 ς.

2207 4763 2317 4831 (29)
2346 4766 2382 4816 Α
2396 4761 2623 4835 nglican
2635 4801 2646 4812 .
2658 4805 2671 4831 ,
2704 4759 2913 4835 κτιῖτά.

2171 4830 2319 4918 ~(30)
2349 4830 2685 4921 Segaerian.
2720 4840 2777 4889 et
2808 4834 2973 4905 Reg.,
3005 4834 3109 4885 τῶν
3138 4831 3373 4886 πάντων.
3402 4830 3549 4888 Editi
3582 4836 3639 4888 et
3660 4830 3782 4902 alii,

2130 4923 2239 4958 των
2268 4924 2595 4977 κτισματων.

2203 4977 2317 5051 (31)
2347 4971 2680 5051 Heguerian.
2715 4975 3043 5051 Felckman.
3074 4977 3111 5029 2
3140 4980 3198 5030 et
3224 4976 3291 5051 ᾇ..
3312 4972 3418 5048 πρὸ
3446 4978 3544 5051 τοῦ
3573 4971 3779 5051 κληθῇ.

2136 5028 3105 5121 mammae:asinaria;
3144 5028 3540 5121 iclckmanni.
3577 5028 3778 5121 (οτι,

2132 5116 2310 5187 πάσης
2386 5116 2490 5189 τῆς
2553 5118 2780 5180 κτίσεως
2816 5162 2830 5175 .
2890 5118 3042 5174 Editi
3093 5125 3149 5174 ct
3205 5118 3354 5190 alii,
3418 5119 3596 5188 πάσης
3675 5118 3786 5172 κτί-

2132 5209 2308 5329 ﬂigi)
2340 5264 2676 5330 Segiicrian.
2711 5260 3044 5317 Goblerian.
3089 5259 3345 5318 Felckm.
3382 5262 3407 5317 1
3442 5266 3500 5317 et
3546 5263 3599 5328 4,
3632 5258 3781 5322 ὅλως

2128 5330 2308 5401 πάσης
2361 5340 2464 5401 τῆς
2522 5333 2746 5393 κτίσεως
2780 5374 2792 5386 .
2849 5333 3169 5389 Basilicns.
3223 5334 3386 5398 item,
3446 5330 3623 5403 πάσης
3680 5339 3781 5401 τῆς

2126 5404 2352 5464 κτίσει-ις
2384 5447 2395 5459 .
2448 5407 2594 5461 Editi
2657 5413 2715 5462 et
2772 5403 2916 5475 alii,
2972 5402 3018 5459 εί
3071 5402 3217 5466 ὅλως
3275 5401 3377 5480 ἄρα
3432 5405 3609 5474 πάσης
3664 5403 3779 5459 κτί-

2127 5496 2310 5618 σεῖἔίίέ)
2334 5549 2661 5605 Goblerian.
2723 5549 2868 5603 Felc.
2906 5548 2955 5613 1,
3002 5547 3217 5600 πάντων
3245 5550 3351 5600 τῶν
3384 5544 3591 5603 ἄλλων.
3630 5549 3773 5604 Ibid.

2123 5624 2384 5693 §egurr.,
2450 5620 2524 5693 μή
2586 5619 2659 5681 ὠς
2716 5622 2791 5680 εἷς
2834 5623 2941 5693 τῶν
2996 5618 3306 5693 κτισμάτων
3348 5621 3772 5693 εἴναιγομισθῇ.

2122 5691 2299 5761 Editi,
2335 5692 2410 5764 μὴ
2444 5692 2521 5753 εἷς
2549 5696 2658 5747 τῶν
2684 5691 2991 5764 κτισμάτων
3024 5691 3278 5764 νομισθῇ.

2193 5755 2302 5836 (34)
2335 5755 2571 5839 Regius,
2606 5763 2780 5822 Basil.
2811 5755 2869 5819 et
2898 5762 3045 5821 Felc.
3084 5755 3134 5836 ἰ,
3154 5755 3401 5821 ρῬὸυϐὶν.
