4076 6312
270 397 374 460 285

1376 402 1670 465 ORATIO
1711 401 1767 462 II
1810 400 2121 463 CONTRA
2164 402 2525 463 ARIANOS.

3541 403 3658 479 286

330 532 412 589 65.
462 536 562 600 Τῆς
610 530 867 601 ἀληθείας
921 533 1102 588 τοίνυν
1148 532 1396 607 δειξάσης
1452 537 1527 607 μὴ
1574 537 1709 588 εἶναι
1759 532 1892 588 κατὰ

2077 536 2168 590 65.
2194 536 2339 590 Cum
2369 536 2550 607 igitur
2577 536 2708 608 ipsa
2746 535 3000 592 declaret
3026 533 3239 590 veritas
3268 534 3523 590 Verbum
3558 553 3657 590 na-

268 616 409 695 96etv
452 618 649 692 κτίσμα
691 622 786 675 τὸν
834 620 1033 698 Λόγον,
1084 621 1388 687 ἀκόλουθον
1444 622 1635 678 λοιπὸν
1688 622 1857 677 εἰπεῖν
1885 667 1897 689 ,

269 712 371 769 πῶς
424 709 511 762 καὶ
563 706 711 784 ἀρχὴ
770 714 877 765 τῶν
938 708 1078 766 ὁδῶν
1138 710 1370 786 εἷ’ρηται.
1432 708 1654 780 Ἐπειδὴ
1704 711 1813 786 γὰρ
1861 712 1897 780 ἡ

268 796 443 870 πρώτη
495 799 530 865 ἠ
592 794 680 852 διὰ
707 803 806 852 τοῦ
836 796 1014 872 Ἀδὰμ
1042 798 1167 863 ὁδὸς
1197 798 1451 856 ἀπώλετο
1493 845 1508 864 ,
1537 800 1627 854 καὶ
1657 799 1774 854 ἀντὶ
1802 803 1905 853 τοῦ

267 882 574 957 παραδείσου
650 886 998 961 ἐξεκλίναμεν
1074 888 1151 951 εἷς
1224 887 1318 943 τὸν
1392 889 1617 943 θάνατον
1653 931 1668 957 ,
1725 887 1900 958 ἠκούο

266 972 415 1045 ωμὲν
481 995 539 1028 τε
574 1020 589 1043 ,
640 979 716 1041 Γῆ
794 977 861 1046 εἷ,
946 977 1035 1032 καὶ
1111 978 1186 1040 εἷς
1264 984 1367 1052 γῆν
1427 975 1698 1051 άπελεύσῃ
1729 1021 1743 1046 ,
1812 973 1901 1032 διὰ

264 1066 409 1116 τοῦτο
468 1063 495 1117 6
563 1061 952 1141 φιλάνθρωπος
1002 1070 1099 1120 τοῦ
1172 1071 1305 1121 Θεοῦ
1379 1066 1553 1141 Λόγος
1638 1065 1896 1141 βουλήσει

262 1154 347 1205 τοῦ
416 1153 623 1227 Ιίατρὸς
696 1151 1060 1209 ἐνδιδόσκεται
1135 1156 1234 1224 τὴν
1307 1160 1611 1218 κτισθεῖσαν
1679 1153 1850 1231 σάρκα
1881 1200 1896 1225 ,

260 1238 339 1293 ’ἱνα
386 1242 446 1308 ἢν
515 1240 804 1315 ἐνὲκρωσεν
878 1244 907 1296 6
980 1245 1197 1317 πρῶτος
1274 1245 1558 1319 ἄνθρωπος
1634 1241 1724 1297 διὰ
1795 1251 1898 1314 τῆς

264 1324 603 1405 παραϐάσεως
638 1373 652 1397 ,
708 1330 909 1402 ταύτην
996 1332 1157 1395 αὐτὸς
1236 1332 1289 1388 ἐν
1373 1338 1455 1405 τῷ
1539 1331 1727 1405 α’ίματι
1800 1353 1898 1387 του

265 1414 389 1472 ἰδίου
441 1419 698 1491 σώματος
753 1422 1094 1495 ζωοποιήσῃ,
1125 1423 1215 1477 καὶ
1272 1420 1551 1497 ἐγκαινίσῃ
1598 1424 1736 1494 ἡμῖν
1770 1418 1895 1476 ὁδὸν

262 1508 558 1582 πρόσφατον
589 1510 677 1563 καὶ
718 1513 916 1577 ζῶσαν,
951 1511 1026 1574 ὡς
1078 1507 1293 1586 εἴρηκεν
1327 1512 1355 1566 6
1383 1509 1726 1574 Ἀπόστολος
1757 1512 1891 1583 (56),

263 1593 341 1651 διὰ
384 1601 480 1652 τοῦ
532 1597 1050 1672 καταπετάσματος,
1105 1599 1347 1655 τουτέστι
1403 1598 1492 1655 διὰ
1542 1606 1643 1669 τῆς
1696 1600 1896 1674 σαρκὸς

262 1685 431 1743 αὐτοῦ.
463 1688 640 1761 ’Ὁπερ
692 1689 782 1742 καὶ
841 1687 891 1743 ἐν
949 1690 1118 1763 ἑτέρῳ
1171 1690 1481 1761 σημαίνων,
1516 1689 1700 1763 φησίν·
1735 1691 1895 1743 Ὥστε

261 1771 311 1828 εἴ
350 1796 431 1837 τις
487 1774 545 1831 ἐν
615 1781 834 1851 Χριστῷ
889 1780 1050 1847 καινή
1109 1779 1332 1843 κτίσις,
1390 1778 1459 1833 τὰ
1516 1781 1628 1850 (57)
1687 1777 1893 1852 ἀρχαῖα

260 1863 549 1939 παρῆλθεν,
632 1864 752 1921 ἰδοὺ
829 1868 1014 1942 γέγονε
1068 1868 1134 1922 τά
1212 1866 1389 1923 πάντα
1466 1867 1645 1925 καινά.
1714 1867 1776 1922 Εἰ
1836 1862 1894 1921 δὶ

259 1956 404 2024 καινή
455 1957 635 2020 κτίσις
682 1956 923 2031 γέγονεν,
956 1950 1061 2011 ἔδει
1092 1956 1295 2027 ταύτης
1335 1963 1434 2027 τῆς
1462 1958 1690 2020 κτίσεως
1744 1960 1893 2032 πρῶ-

259 2044 337 2098 τόν
365 2065 484 2099 τινα
539 2046 693 2101 εἶναι’
754 2042 1039 2121 ἄνθρωπος
1094 2046 1187 2120 μὲν
1244 2044 1338 2101 οὖν
1379 2043 1544 2120 ψιλὸς
1593 2047 1683 2100 καὶ
1723 2046 1889 2120 μόνον

258 2134 455 2208 χοϊκὸς,
513 2136 624 2190 οἷοι
674 2135 975 2209 γεγόναμεν
1027 2137 1192 2210 ἡμεῖς
1243 2136 1304 2191 ἐκ
1353 2142 1453 2205 τῆς
1508 2130 1886 2212 παραϐάσεως,

257 2223 347 2278 οὐκ
373 2221 613 2293 ἠδύνατο
667 2225 822 2282 εἶναι.
877 2226 979 2282 Καὶ
1034 2226 1136 2300 γάρ
1189 2226 1277 2280 καὶ
1314 2223 1367 2280 ἐν
1396 2229 1464 2299 τῇ
1496 2226 1685 2300 πρώτῃ
1717 2225 1889 2279 κτίσει

256 2314 457 2368 ἄπιστοι
503 2315 786 2389 γεγόνασιν
839 2315 891 2368 οἱ
943 2312 1241 2390 ἄνθρωποι,
1274 2315 1362 2369 καὶ
1421 2311 1490 2369 δι’
1535 2314 1712 2368 αὐτῶν
1746 2313 1892 2367 άπώ-

256 2400 432 2472 λετοή
486 2403 705 2479 πρώτη·
738 2404 901 2479 χρεία
953 2401 1012 2458 δὲ
1057 2404 1123 2473 ἦν
1176 2401 1351 2459 ἄλλου
1400 2408 1496 2458 τοῦ
1548 2403 1893 2465 ἀνανεοῦντος

253 2492 331 2545 καὶ
387 2494 487 2563 τήν
548 2493 794 2569 πρώτην,
825 2494 914 2549 καὶ
972 2495 1071 2563 τήν
1126 2496 1317 2562 καινὴν
1369 2494 1669 2567 γενομένην
1703 2490 1891 2562 διατη-

255 2585 487 2656 ροῦντος.
523 2583 731 2637 Οὐκοῦν
784 2581 1189 2659 φιλανθρώπως
1408 2582 1519 2657 οὐχ
1567 2578 1751 2655 ἕτερός
1786 2602 1889 2648 τις,

255 2669 368 2726 ἀλλ’
421 2672 449 2725 ὁ
503 2670 729 2746 Κύριος,
785 2671 932 2746 ἀρχὴ
986 2678 1087 2741 τῆς
1136 2675 1328 2736 καινῆς
1377 2671 1604 2734 κτίσεως
1654 2671 1891 2739 κτίζεται

255 2756 387 2827 ὁδὸς,
446 2761 541 2815 καὶ
606 2759 831 2824 εἰκότως
886 2759 1052 2834 λέγει·
1116 2759 1315 2836 Κύριος
1370 2754 1547 2814 ἔκτισὲ
1596 2779 1663 2832 με
1713 2759 1892 2835 ἀρχὴν

254 2844 382 2901 ὁδῶν
435 2849 609 2903 αὐτοῦ
666 2845 744 2908 εἷς
802 2842 933 2923 ἔργα
989 2849 1156 2903 αὐτοῦ
1189 2851 1323 2921 (59),
1369 2846 1458 2902 ’ίνα
1513 2848 1705 2920 μηκὲτι
1758 2848 1897 2902 κατά

249 2937 339 3005 τήν
381 2938 613 3012 πρώτην
665 2936 872 3006 ἐκείνην
923 2939 953 2991 6
1002 2934 1285 3012 ἄνθρωπος
1334 2936 1715 3008 πολιτεύηται,
1771 2936 1898 2993 ἀλλ’

254 3026 317 3087 ὡς
366 3026 548 3101 ἀρχῆς
601 3023 769 3096 οὔσης
818 3034 1011 3095 καινῆς
1059 3028 1312 3095 κτίσεως,
1368 3028 1455 3082 καὶ
1511 3028 1603 3081 τὸν
1660 3026 1893 3101 Χριστὸν

251 3108 452 3190 ἔχοντες
483 3119 600 3191 (60)
632 3116 837 3185 ταύτης
884 3117 1061 3192 ἀρχὴν
1115 3113 1279 3183 ὁδῶν,
1311 3115 1487 3189 τούτῳ
1537 3113 1732 3171 λοιπὸν
1767 3116 1895 3171 άκο-

250 3201 524 3278 λουθῶμεν
579 3204 808 3280 λέγοντι’
860 3206 1002 3280 Ἐγώ
1051 3205 1166 3279 εἶμι
1196 3208 1230 3276 ἡ
1265 3203 1411 3267 ὁδός,
1460 3210 1629 3259 Τοῦτο
1677 3206 1778 3281 γὰρ
1812 3202 1893 3259 δι-

2012 627 2147 679 tura
2177 640 2290 679 non
2324 641 2454 680 esse
2500 629 2783 695 creatum,
2813 640 3179 696 consequens
3209 627 3385 680 estut
3407 624 3532 693 jam
3558 639 3660 680 ex-

2009 712 2502 785 plicemus,quare
2524 715 2882 787 principium
2904 714 3130 770 viarum
3155 712 3518 786 appellatum
3542 714 3661 769 fuc-

2010 802 2621 875 rit.Nempequoniam
2639 806 2889 877 perierat
2906 804 3097 876 prima
3110 818 3213 874 per
3228 803 3520 858 Adamum
3542 802 3656 869 via,

2009 907 2114 946 nec
2146 892 2401 963 amplius
2418 892 2477 947 in
2501 894 2836 964 paradisum
2861 893 3375 954 tendebamus.sed
3401 892 3473 947 ad
3497 907 3659 947 mor-

2007 983 2125 1035 tem
2176 980 2600 1037 deﬂexeramus
2649 983 3166 1053 audieramusque,
3202 984 3371 1038 Terra
3399 998 3477 1049 es,
3507 986 3563 1038 et
3597 984 3660 1038 in

2007 1079 2213 1127 terram
2268 1075 2554 1129 reverteris
2578 1075 2644 1140 2³,
2703 1074 2921 1130 idcirco
2977 1073 3506 1130 clementissimum
3558 1073 3657 1129 Dei

2006 1161 2287 1227 Verbum,
2313 1160 2541 1219 volente
2571 1164 2761 1231 Patre,
2797 1167 3051 1219 creatam
3085 1178 3317 1217 carnem
3353 1163 3566 1233 induit,
3594 1166 3660 1218 ut

2006 1265 2184 1320 quam
2219 1250 2447 1321 primus
2480 1251 2675 1320 homo,
2708 1252 2923 1307 violata
2972 1252 3120 1325 lege,
3152 1256 3336 1307 morte
3364 1252 3653 1318 affecerat,

2006 1338 2218 1403 eidem,
2251 1340 2404 1396 422
2426 1339 2518 1395 sui
2539 1340 2800 1413 corporis
2822 1341 3131 1414 sanguine,
3154 1341 3336 1395 vitam
3368 1341 3655 1407 redderet,

2002 1426 2266 1499 nobisque
2286 1430 2433 1483 viam
2453 1445 2661 1484 novam
2685 1433 2735 1484 et
2772 1432 3039 1486 viventem
3057 1446 3154 1501 per
3182 1430 3453 1498 velamen,
3484 1432 3549 1483 ut
3576 1428 3658 1483 ait

2002 1514 2318 1586 Apostolus
2349 1518 2419 1587 9‘,
2452 1518 2508 1572 id
2543 1522 2653 1585 est,
2688 1535 2791 1591 per
2837 1535 3075 1575 carnem
3120 1534 3289 1574 suam
3331 1518 3654 1573 innovaret.

2005 1605 2166 1670 Quod
2201 1604 2356 1661 idem
2390 1606 2530 1662 alibi
2582 1606 2677 1663 his
2735 1608 2926 1664 verbis
2987 1607 3302 1680 signiﬁcat.
3336 1606 3396 1662 Si
3449 1623 3557 1679 qua
3595 1608 3654 1662 in

2008 1692 2228 1750 Christo
2244 1710 2382 1750 nova
2407 1700 2685 1764 creatura,
2722 1706 2904 1752 vetera
2924 1698 3289 1761 transierunt,
3320 1711 3440 1751 ecce
3465 1697 3657 1751 omnia

2000 1797 2142 1837 nova
2165 1784 2314 1855 facta
2341 1787 2471 1839 sunt
2495 1786 2561 1840 *5.
2593 1786 2652 1841 Si
2687 1803 2858 1858 porro
2886 1802 3031 1840 nnva
3068 1790 3334 1840 creatura
3365 1785 3515 1839 facta
3544 1791 3655 1852 est,

2000 1885 2143 1925 sane
2172 1871 2326 1927 inter
2356 1887 2532 1927 novas
2566 1873 2674 1929 has
2707 1890 2797 1929 res
2846 1879 3072 1931 creatas
3104 1873 3361 1944 primum
3394 1871 3650 1943 aliquem

1999 1975 2127 2015 esse
2156 1960 2451 2032 oportuit:
2485 1962 2650 2034 atqui
2703 1978 2901 2018 merus
2949 1962 3124 2017 homo
3154 1966 3211 2016 et
3241 1960 3651 2016 tantummodo

1996 2049 2312 2117 terrestris,
2344 2050 2547 2120 quales
2582 2068 2685 2107 nos
2718 2060 2847 2123 post
2872 2050 3147 2106 violatam
3178 2049 3367 2119 legem
3400 2048 3532 2104 facti
3557 2065 3651 2103 su-

1999 2152 2154 2202 mus,
2181 2137 2231 2192 is
2261 2154 2390 2193 esse
2420 2155 2535 2194 non
2587 2144 2834 2211 poterat.
2867 2140 3128 2211 Namque
3160 2139 3220 2194 in
3254 2140 3445 2211 prima
3487 2152 3647 2193 crea-

1998 2227 2157 2280 tione
2176 2224 2444 2283 inl'ideles
2467 2228 2601 2283 lacti
2632 2233 2771 2284 sunt
2799 2228 3164 2298 bomines,ac
3192 2244 3297 2300 per
3326 2242 3426 2283 eos
3457 2226 3649 2299 prima

1997 2313 2099 2370 illa
2149 2314 2319 2387 periit
2363 2321 2647 2383 creatura,
2671 2322 2731 2374 et
2761 2317 3002 2390 proinde
3050 2334 3200 2390 opus
3246 2316 3362 2372 alio
3393 2320 3520 2373 erat
3547 2314 3650 2387 qui

1997 2407 2054 2459 et
2080 2404 2329 2475 primam
2370 2411 2689 2473 renovaret,
2723 2415 2776 2462 et
2822 2423 3025 2461 novam
3088 2407 3293 2461 factam
3338 2420 3647 2460 conserva-

1999 2500 2103 2548 ret.
2142 2495 2338 2565 [taque
2366 2510 2481 2550 non
2513 2496 2729 2567 aliquis
2750 2496 3031 2563 alius,sed
3066 2495 3358 2551 Dominus
3384 2494 3535 2549 mira
3558 2493 3651 2548 be-

1999 2581 2285 2653 nignitate
2344 2583 2694 2656 principium
2752 2601 2908 2639 nova:
2958 2588 3237 2639 creaturis
3268 2588 3503 2639 creatur
3530 2584 3651 2650 via,

1999 2671 2154 2726 unde
2177 2672 2311 2741 jure
2339 2672 2549 2729 merito
2593 2674 2693 2742 ait,
2732 2676 3002 2730 Dominus
3048 2675 3256 2729 creavit
3300 2688 3389 2728 me
3431 2672 3650 2744 princi-

1998 2762 2156 2831 pium
2181 2762 2408 2817 viarum
2434 2779 2663 2818 suarum
2708 2763 2772 2819 in
2820 2778 2992 2836 opera
3035 2778 3139 2818 sua
3168 2764 3233 2831 ²⁶,
3269 2768 3333 2817 ut
3379 2778 3496 2817 non
3518 2761 3647 2832 jam

2002 2851 2331 2907 secundum
2362 2852 2613 2924 priorem
2646 2851 2806 2908 illam
2848 2853 3005 2909 vivat
3033 2852 3231 2919 homo,
3267 2852 3367 2907 sed
3402 2855 3468 2905 ut
3497 2848 3649 2905 exsi-

2003 2943 2194 2996 stente
2219 2941 2341 3011 jam
2373 2942 2660 3013 principio
2712 2958 2869 2997 novre
2900 2946 3200 3008 creaturae,
3233 2939 3647 3011 Christumque

2003 3030 2130 3100 ejus
2157 3029 2385 3085 viarum
2420 3030 2772 3103 principium
2806 3030 3107 3097 habentes,
3141 3030 3337 3102 ipsum
3368 3028 3645 3101 deinceps

2004 3134 2324 3190 sequamur
2349 3119 2680 3175 dicentem:
2714 3124 2829 3191 Ego
2873 3136 2996 3175 sum
3040 3121 3133 3176 via
3162 3120 3223 3174 ³⁷.
3263 3120 3320 3175 Id
3356 3116 3482 3190 ipse
3514 3118 3651 3173 bea-

2004 3212 2103 3264 tus
2130 3209 2443 3281 Apostolus
2489 3208 2748 3281 Epistola
2794 3211 2862 3265 ad
2913 3209 3286 3266 Colossenses
3333 3208 3427 3263 bis
3458 3208 3651 3263 verbis

252 3288 443 3349 δάσκων
495 3296 592 3349 καὶ
644 3295 672 3348 6
724 3295 989 3370 μακάριος
1042 3298 1153 3369 (61)
1206 3294 1545 3358 ’Δπόστολος
1575 3294 1627 3349 ἐν
1653 3299 1722 3369 τῇ
1754 3296 1891 3369 πρὸς

2008 3298 2209 3354 docet:
2244 3301 2360 3369 Ipse
2383 3302 2464 3354 est
2490 3301 2654 3371 caput
2682 3301 2929 3371 corporis
2955 3300 3227 3365 Ecclesia’,
3260 3299 3358 3370 qui
3385 3302 3466 3352 est
3492 3298 3652 3368 prin-

252 3381 592 3454 Κολοσσαεῖς,
670 3378 851 3458 ἔλεγεν
881 3402 893 3414 ·
953 3386 1129 3446 Αὐτός
1187 3384 1328 3440 ἐστιν
1398 3387 1433 3454 ἡ
1509 3383 1723 3459 κεφαλή
1796 3387 1894 3438 τοῦ

254 3476 490 3547 σώματος
572 3482 674 3545 τῆς
749 3475 1093 3544 Ἐκκλησίας,
1154 3478 1212 3539 ὅς
1299 3476 1440 3532 ἐστιν
1510 3477 1656 3552 ἀρχὴ
1716 3496 1837 3551 πρω
1868 3508 1891 3518 -

252 3564 461 3626 τότοκος
545 3565 604 3620 ἐκ
657 3569 766 3620 τῶν
836 3571 1036 3642 νεκρῶν
1072 3609 1086 3633 ,
1141 3564 1234 3621 ’ίνα
1304 3566 1527 3642 γένηται
1609 3563 1660 3619 ἐν
1732 3569 1894 3620 πᾶσιν

256 3652 402 3717 αὐτὸς
429 3654 755 3730 πρωτεύων.

312 3745 395 3800 66.
427 3744 492 3798 Εἰ
554 3745 678 3818 γὰρ,
729 3744 969 3820 καθάπερ
1021 3740 1257 3818 εἴρηται,
1312 3741 1401 3800 διὰ
1449 3746 1550 3815 τὴν
1605 3743 1665 3800 ἐκ
1691 3748 1892 3821 νεκρῶν

256 3829 529 3887 ἀνάστασιν
566 3836 675 3911 (62)
711 3832 926 3908 λέγεται
973 3834 1064 3888 καὶ
1123 3831 1212 3889 διὰ
1257 3834 1458 3905 ταύτην
1514 3835 1676 3896 αὐτὸς
1719 3834 1889 3909 ἀρχὴ,

250 3920 357 3975 τότε
387 3919 444 3976 δὲ
498 3922 719 3997 γέγονεν
771 3922 1081 3991 ἀνάστασις,
1114 3924 1204 3979 ὅτε
1246 3926 1345 3993 τὴν
1401 3924 1671 3998 ἡμετέραν
1721 3924 1893 3999 σάρκα

252 4014 410 4084 φερῶν
460 4008 701 4066 δέδωκεν
752 4012 940 4067 ἑαυτὸν
994 4012 1125 4089 ὑπὲρ
1175 4015 1336 4085 ἡμῶν
1386 4018 1465 4085 τῷ
1514 4012 1744 4084 θανάτῳ·
1797 4034 1892 4089 φα-

253 4100 386 4170 νερὸν
419 4097 479 4154 ἂν
511 4097 625 4173 εἴη,
658 4102 740 4156 ὅτι
771 4102 857 4155 καὶ
891 4102 953 4156 τὸ
986 4101 1283 4177 λεγόμενον
1321 4103 1410 4157 ὑπ’
1451 4103 1641 4170 αὐτοῦ,
1674 4103 1893 4156 ’Έκτισὲ

258 4207 316 4257 με
342 4189 518 4265 ἀρχὴν
581 4186 721 4245 ὁδῶν
781 4191 916 4265 (63),
978 4192 1041 4246 οὐ
1098 4197 1199 4261 τῆς
1256 4190 1441 4253 οὐσίας
1502 4192 1690 4258 αὐτοῦ,
1750 4188 1893 4246 ἀλλὰ

259 4282 346 4344 τῆς
408 4277 728 4354 ἐνσωμάτου
786 4278 1084 4356 παρουσίας
1143 4282 1309 4335 αὐτοῦ
1368 4280 1701 4353 σημαντικόν
1756 4278 1889 4337 ἐστι.

263 4368 359 4420 Τοῦ
385 4369 485 4442 γὰρ
528 4368 785 4440 σώματος
814 4364 958 4422 ἴδιον
994 4370 1106 4442 (64)
1138 4369 1203 4437 ἦν
1250 4370 1278 4423 6
1308 4369 1553 4432 Θάνατος
1587 4369 1675 4422 καὶ
1711 4367 1890 4442 ὥσπερ

315 4521 357 4556 ³³
382 4521 594 4580 Genes.
629 4540 713 4590 ιιι,
750 4522 837 4577 19.
915 4523 963 4557 ²⁴
991 4521 1162 4578 Hebr.
1195 4541 1252 4593 ι,
1282 4523 1372 4578 20.
1450 4522 1497 4556 ²⁶
1528 4521 1577 4577 ll
1606 4524 1731 4576 Cor.
1783 4537 1840 4591 v,

2059 4521 2104 4555 ²⁶
2132 4524 2299 4576 Prov.
2360 4538 2483 4589 vui,
2534 4522 2623 4575 22.
2701 4522 2746 4555 ²⁷
2800 4521 2970 4577 Joan.
3016 4539 3130 4591 xw,
3188 4522 3247 4578 6.

256 4606 291 4657 ι,
319 4594 404 4649 18.

2002 3389 2230 3459 cipium,
2260 3388 2660 3460 primogenita:
2689 3403 2759 3444 ea:
2787 3389 3043 3455 mortuis,
3076 3394 3140 3444 ut
3190 3389 3265 3444 sit
3308 3389 3370 3443 in
3398 3386 3651 3443 omnibus

2003 3477 2122 3549 ipse
2148 3478 2451 3549 primatum
2480 3482 2673 3533 tenens
2703 3479 2769 3535 ²⁸.

2071 3746 2163 3800 66.
2195 3744 2459 3817 Namque
2489 3743 2561 3811 si,
2594 3745 2677 3800 uti
2730 3745 2954 3801 dictum
3002 3750 3113 3814 est,
3146 3746 3219 3802 ob
3269 3744 3655 3801 resurrectio-

2002 3850 2137 3890 nem
2194 3850 2263 3889 ex
2295 3834 2540 3890 mortuis
2570 3834 2696 3905 ipse
2728 3835 3087 3907 principium
3120 3835 3483 3907 appellatur:
3510 3839 3651 3890 tunc

2002 3927 2199 3979 autem
2248 3924 2401 3979 facta
2447 3928 2537 3978 est
2585 3925 2958 3994 resurrectio,
2991 3941 3124 3979 cum
3175 3928 3378 3980 nostra
3406 3923 3651 3979 indutus

2004 4027 2177 4068 carne
2205 4028 2269 4069 se
2302 4013 2427 4083 ipse
2458 4029 2561 4084 pro
2611 4014 2782 4068 nobis
2844 4012 3017 4068 morti
3074 4012 3355 4067 tradidit:
3408 4011 3651 4083 planum

2003 4101 2207 4173 utique
2256 4101 2429 4157 fuerit
2479 4101 2572 4157 his
2619 4103 2750 4173 ejus
2798 4102 3013 4169 verbis,
3046 4103 3309 4157 Dominus
3336 4101 3655 4157 creavitme

2002 4190 2228 4246 initium
2276 4193 2515 4260 viarum,
2574 4208 2691 4246 non
2744 4191 2935 4263 ipsius
2985 4194 3259 4246 naturam
3308 4191 3408 4246 sed
3457 4207 3659 4262 corpo—

2002 4296 2169 4335 reum
2201 4280 2518 4337 adventum
2551 4279 2893 4353 significari.
2955 4280 3111 4335 Mors
3170 4280 3325 4335 enim
3374 4280 3503 4349 ejus
3546 4280 3657 4336 fuit

2004 4368 2240 4442 propria
2269 4370 2552 4442 corporis,
2578 4386 2644 4426 ac
2674 4369 2921 4437 proinde
2951 4369 3454 4441 quemadmodum
3497 4386 3656 4426 mors

3334 4522 3378 4557 ³⁸
3429 4520 3651 4577 Coloss.

255 4741 595 4832 zelrbv'eebv
630 4742 876 4821 ὄψονται.
929 4748 992 4804 In
1038 4724 1291 4804 Felckm.
1346 4750 1399 4819 4,
1450 4748 1615 4803 deest
1663 4749 1892 4802 tantum

2008 4810 2031 4832 ν
2074 4744 2188 4817 (60)
2244 4748 2481 4818 Seguer.
2540 4750 2598 4802 et
2645 4750 2810 4819 Reg,
2872 4741 3111 4820 ἔχοντες.
3166 4746 3319 4803 Editi
3370 4744 3652 4801 mendose

256 4818 333 4871 τὸν
363 4818 510 4875 Θεόν.

314 4890 421 4962 (56)
450 4890 842 4962 Goblerianus
870 4894 927 4947 et
955 4891 1294 4949 Felckman.
1331 4893 1378 4958 1,
1402 4889 1684 4947 omittunt
1713 4888 1798 4962 die
1820 4885 1891 4942 εἷ’-

257 4960 462 5036 ρηκενὸ
493 4961 871 5036 Ἀπόστολος.
905 4966 1034 5019 Mox
1075 4963 1247 5031 idem,
1298 4967 1356 5020 et
1404 4963 1742 5036 Seguerian.
1787 4960 1889 5016 ba-

257 5035 384 5108 beut
401 5033 648 5108 Δτουτέστι.
677 5040 778 5104 τῆς
812 5032 1026 5108 σάρκος.

313 5106 416 5177 ι57)
449 5107 545 5163 Sic
576 5101 832 5163 msszt
860 5101 1023 5175 editi,
1050 5102 1139 5158 καὶ
1166 5101 1234 5177 τά
1281 5111 1389 5160 etc.
1424 5108 1552 5160 Mox
1605 5103 1672 5177 τὰ
1701 5101 1889 5177 ,πάντα

257 5172 409 5301 decutit
454 5180 516 5235 in
572 5180 814 5253 Seguer.
886 5172 1029 5233 Ibid.
1086 5175 1422 5234 Felckman.
1479 5178 1536 5245 5,
1595 5175 1641 5230 εἰ
1697 5172 1754 5230 ’δὲ
1798 5173 1888 5229 καὶ

257 5266 360 5301 καιν
401 5291 415 5301 .

256 5266 415 5303 καινα.

315 5322 423 5390 (58)
452 5322 994 5395 SicSeguerianus,
1035 5320 1365 5395 Goblerian.
1404 5319 1738 5376 Felckman.
1778 5321 1798 5373 1
1833 5323 1889 5374 et

257 5390 302 5443 4.
422 5394 563 5449 editi
596 5390 806 5468 et'alii,
841 5391 1105 5468 Οὐκοςὸνρ
1138 5390 1546 5468 φιλάνθρωπος.

316 5465 423 5557 (5?)
464 5466 802 5557 ,Seg’ueriau.
847 5462 1185 5550 _Goblerian.
1215 5462 1565 5557 ‘feiclimjml
1589 5467 1647 5519 et
1697 5462 1885 5557 ligati-

258 5533 416 5612 dunt,
443 5535 521 5612 εἰς
545 5533 683 5612 ’ἔργα
711 5536 898 5607 αὐτοῦ,
929 5553 1056 5606 qua:
1087 5533 1309 5612 in_aliis
1342 5541 1400 5612 et
1427 5536 1692 5612 editi_on_e
1712 5534 1886 5612 Gom-

261 5608 379 5663 mel.
437 5605 891 5666 desiderantum
951 5605 1078 5663 Mox
1152 5607 1490 5666 Seauerian.
1551 5605 1884 5664 Goblerian.

262 5676 495 5756 Felekm.
517 5683 579 5756 _l
631 5686 689 5737 et
740 5684 794 5752 4,
848 5677 1126 5756 ἅνθρωπος
1156 5675 1535 5750 πολιτεύηται.
1576 5682 1638 5736 In
1669 5677 1806 5735 aliis
1833 5680 1891 5734 et

260 5750 413 5808 editis
443 5751 471 5806 ὁ
501 5752 684 5811 deest.

2004 4834 2066 4877 εγ
2076 4834 2249 4877 οντος.

2031 4834 2557 4961 thiiigéegucrian.
2590 4893 2647 4945 et
2697 4890 3050 4961 Felckman._
3082 4889 3131 4957 ι,
3183 4882 3447 4961 διδάσκων
3479 4886 3651 4961 ὀμμα-

2000 4956 2209 5044 κάριος.
2241 4956 2571 5016 G5blerian.
2604 4966 2662 5017 et
2691 4962 2842 5017 Fclc.
2879 4956 3201 5026 1,διδάσκων
3224 4959 3252 5012 6
3281 4956 3640 5019 ³Δπόστολος.

2000 5033 2113 5088 Alli
2144 5048 2279 5088 vero
2309 5037 2365 5088 et
2395 5033 2556 5088 editi.
2591 5029 2856 5087 διδάσκων
2887 5032 2977 5086 καὶ
3008 5032 3036 5086 6
3071 5029 3359 5088 μακάριος.

2519 5048 2556 5085 1.
2591 5048 2856 5085 οιοασκων
2887 5048 2977 5085 και
3008 5048 3036 5085 ο
3072 5049 3359 5085 μακαοιος.

2075 5050 2113 5087 ιι
2144 5048 2279 5089 vero
2309 5048 2365 5088 et
2395 5048 2556 5098 eam,
2591 5048 2856 5087 οιοασκων
2887 5048 2977 5086 και
3008 5048 3036 5086 ο
3071 5049 3359 5103 μακαριος.

2070 5106 2199 5177 (62)
2244 5103 2615 5177 Basiliensis,
2673 5105 2982 5172 ἀνάστασιν,
3044 5102 3133 5157 ὅτε
3187 5103 3295 5177 τὴνΔ
3347 5102 3642 5177 ἡμετέραν,

1999 5172 2667 5252 ριξιίεείεῴἰιιῐοι-ιζιθᾶὶἱε.
2716 5177 2845 5252 Mox
2890 5193 3061 5252 _m__ss.,
3113 5174 3337 5252 φανερὸν
3391 5175 3473 5228 ὅτι
3525 5172 3641 5228 καί.

2000 5248 2187 5323 Εάᾕῇς)
2215 5246 2524 5323 βοωςηθΙἿ
2559 5248 2783 5323 ιρανερὸν
2814 5248 2905 5323 καὶ
2938 5246 3043 5302 ὅτι.

2067 5320 2178 5391 (63)
2208 5320 2302 5393 Sic
2342 5316 2772 5393 _Seguer'ianus.
2812 5322 3045 5393 Regius,
3070 5316 3646 5393 Basiliensis,Gob_le-

1998 5388 2221 5457 rianus,
2256 5390 2633 5445 Fulckmanni
2685 5393 2735 5459 1,
2788 5394 2819 5446 4
2851 5388 2985 5448 οῖ5.
3021 5392 3130 5447 Alii
3164 5396 3360 5446 autem
3392 5394 3451 5445 et
3478 5388 3641 5456 editi,

2001 5459 2140 5515 ὁδῶν
2165 5461 2350 5516 aii-:05.
2384 5466 2505 5516 Max
2536 5460 2699 5515 αὑτοῦ
2732 5464 2896 5519 abest
2925 5482 2959 5519 a
2993 5464 3321 5519 Felckman.
3353 5463 3407 5513 5.

2068 5535 2180 5605 (64)
2195 5533 2573 5617 .Seguerian”
2606 5531 2764 5617 i8to¢_.
2795 5536 2964 5617 Editi,
3001 5532 3159 5617 ἴδιον.
3212 5541 3291 5617 .ln
3324 5530 3643 5617 'Basiliens‘i

1998 5602 2120 5677 haec
2164 5602 2587 5677 desiderantur
2643 5608 2837 5677 verba,
2900 5602 3040 5668 ἴδιος
3096 5606 3162 5674 ἦν
3205 5606 3232 5659 6
3274 5605 3520 5672 θάνατος,
3551 5603 3641 5658 καὶ

1997 5673 2178 5753 ὥσπερ
2206 5680 2302 5732 τοῦ
2333 5676 2608 5750 σώματος.
