4076 6348
330 416 443 484 289

1443 412 1737 477 ORATIO
1777 411 1831 475 Il
1877 409 2185 475 CONTRA
2237 408 2604 474 ARIANOS.

3611 418 3729 477 290

392 558 479 611 67.
513 554 647 609 Πότε
676 550 768 608 οὗν
799 539 963 608 ἔλαϐε
985 544 1052 606 τὰ
1082 546 1211 626 ἔργα
1239 548 1315 611 εἷς
1344 549 1407 603 τὸ
1439 545 1747 618 τελειῶσαι,
1774 547 1819 601 ὦ
1850 558 1964 610 θεο-

2149 546 2628 613 67.Quandonam
2652 544 2834 618 igitur
2848 562 3026 619 opera
3040 546 3392 620 perﬁcienda
3408 551 3638 622 suscepi
3648 556 3728 621 t,o

333 646 494 719 μάχοι
523 663 535 713 ;
584 643 680 699 Ἐκ
724 643 825 718 γὰρ
871 639 1068 696 τούτου
1106 640 1195 694 καὶ
1224 638 1309 706 τὸ,
1343 632 1538 705 ἔκτισε,
1571 637 1960 711 γνωσθήσεται.

2074 635 2174 691 Dei
2209 634 2453 693 hostes?
2484 633 2631 690 Hinc
2660 635 2816 690 enim
2850 636 2986 706 quid
3040 635 3218 693 dictio
3247 639 3451 693 creavit
3503 637 3726 711 signiﬁ-

330 733 466 789 Κατᾶ
498 732 589 802 μὲν
623 731 716 785 οὗν
761 731 863 800 τὴν
910 729 1113 805 ἀρχὴν,
1149 725 1239 782 ὅτε
1263 724 1324 781 ἐκ
1370 729 1465 781 τοῦ
1501 726 1577 798 μὴ
1611 719 1765 786 ὄντος
1796 723 1872 785 είς
1903 722 1965 777 τὸ

2097 729 2183 794 εει,
2216 723 2381 780 facile
2412 722 2857 796 intelligetur.Si
2890 726 3257 797 respondetis
3282 727 3573 799 principio
3593 745 3723 785 sus-

330 822 451 877 εῖναι
512 820 645 875 αὐτὰ
700 817 873 874 ἐποίει
930 819 1067 890 (78),
1125 815 1213 871 ἐὰν
1270 814 1498 886 εἴπητε,
1548 809 1743 887 ψεῦδός
1800 812 1963 867 ἐστιν·

331 910 476 965 οὕπω
503 911 603 986 γὰρ
634 910 700 978 iv
732 907 1019 984 γενόμενα·
1054 905 1297 984 φαίνεται
1329 900 1388 960 δὶ
1426 901 1625 980 λέγων,
1660 902 1734 964 ὡς
1760 901 1828 956 τὰ
1854 897 1963 970 ἤδη

331 997 452 1054 ὄντα
481 993 798 1070 λαμϐάνων.
833 993 991 1051 ’Δλλ’
1023 991 1148 1050 οὐδὲ
1177 994 1266 1048 τὸν
1298 993 1406 1069 πρὸ
1434 996 1532 1047 τοῦ
1561 991 1782 1067 γένηται
1816 991 1844 1045 6
1862 988 1967 1045 Λό-

329 1108 416 1164 γος
442 1087 569 1162 σάρξ
616 1085 815 1162 χρόνον
866 1084 1037 1139 εἷ’πεῖν
1079 1082 1285 1159 εὐαγὲς,
1327 1079 1417 1136 ’ίνα
1470 1082 1545 1154 μὴ
1587 1080 1814 1156 περιττὴ
1847 1078 1970 1134 λοι-

2076 813 2301 885 cepisse
2332 829 2506 884 opera
2538 813 2913 884 perﬁcienda,
2968 831 3100 869 cum
3132 814 3237 870 illa
3291 832 3323 871 e
3382 816 3564 873 nihilo
3596 817 3728 873 fecit

2080 911 2135 957 ut
2169 906 2401 958 essent:
2438 900 2649 958 falsum
2685 902 2740 957 id
2765 903 2966 975 utique
2989 905 3361 971 est;necdum
3387 906 3542 961 enim
3578 907 3729 963 facta

2077 995 2265 1047 erant.
2298 990 2473 1062 Atqui
2505 991 2574 1046 de
2605 991 2698 1046 his
2728 996 3009 1064 tanquam
3033 1009 3161 1065 quae
3184 994 3304 1065 jam
3325 998 3526 1052 essent
3552 1012 3730 1068 appa-

2080 1084 2166 1134 ret
2196 1096 2329 1135 eum
2360 1078 2543 1150 loqui.
2578 1080 2777 1149 Neque
2806 1081 2978 1136 etiam
3035 1082 3119 1136 las
3165 1087 3255 1137 est
3283 1082 3443 1138 istud
3476 1084 3546 1139 de
3580 1088 3728 1140 tem-

333 1178 425 1232 πὸν
454 1176 618 1231 αὐτοῦ
664 1178 700 1245 ἠ
751 1170 1020 1246 ἐπιδημία
1066 1175 1230 1250 φανῇ·
1278 1171 1485 1226 τούτων
1534 1171 1637 1244 γὰρ
1687 1167 1847 1245 χάριν
1878 1166 1970 1222 καὶ

2097 1184 2219 1242 pore
2248 1167 2571 1238 intelligere
2594 1170 2745 1240 quod
2782 1170 2943 1241 prius
2980 1169 3084 1224 fuit
3105 1187 3280 1242 quam
3311 1171 3565 1228 Verbum
3595 1190 3730 1229 caro

331 1269 364 1336 ἡ
395 1263 661 1339 ἐπιδημία
686 1262 900 1337 ἐγίνετο
931 1262 1073 1336 (79).
1100 1260 1305 1315 Οὐκοῦν
1344 1258 1520 1315 λείπει
1552 1256 1745 1313 λοιπὸν
1778 1256 1969 1323 εἰπεῖν,

2083 1259 2266 1324 ﬂeret,
2311 1274 2380 1313 ne
2410 1256 2636 1312 inutilis
2669 1259 2796 1329 ejus
2823 1259 3090 1314 videatur
3118 1261 3425 1331 adventus,
3449 1277 3583 1317 cum
3615 1262 3730 1318 hu-

332 1354 429 1410 ὅτι⁶
480 1353 573 1409 ὅτε
615 1354 827 1429 γέγονεν
878 1349 1186 1427 ἄνθρωπος,
1232 1347 1357 1403 τότε
1385 1342 1548 1403 ἔλαϐε
1576 1350 1643 1401 τά
1673 1345 1818 1420 ἔργα·
1850 1339 1973 1400 τὸτε

2097 1362 2245 1405 lusce
2276 1346 2355 1402 rei
2388 1364 2568 1402 causa
2597 1348 2910 1402 advenerit.
2947 1347 3144 1419 Itaque
3168 1352 3293 1416 iam
3329 1356 3508 1406 restat
3557 1357 3620 1405 ut
3652 1351 3731 1405 fa-

329 1445 421 1521 γὰρ
480 1443 616 1499 αὐτὰ
661 1441 752 1497 καὶ
802 1438 1137 1511 ἐτελείωσεν,
1192 1436 1480 1510 ἰασάμενος
1553 1436 1618 1490 τὸ
1690 1432 1974 1507 τραύματα

328 1535 505 1606 ἡμῶν,
529 1531 620 1586 καὶ
653 1529 1019 1606 χαρισάμενος
1050 1529 1184 1600 ἡμῖν
1216 1528 1330 1599 (80)
1359 1526 1459 1594 τήν
1492 1523 1551 1579 ἐκ
1599 1527 1800 1598 νεκρῶν
1853 1524 1973 1577 ἀνα-

330 1642 526 1678 στασιν.
561 1620 627 1675 Εἰ
659 1617 716 1674 δὲ
747 1618 838 1674 ὅτε
858 1616 1070 1692 γέγονεν
1098 1616 1127 1671 6
1153 1615 1325 1691 Λόγος
1352 1614 1501 1690 σὰρξ,
1530 1614 1655 1668 τότε
1686 1610 1844 1682 ἐδόθη
1879 1611 1973 1667 αύ-

327 1715 401 1783 τῷ
426 1711 493 1765 τά
521 1705 672 1785 ἔργα,
707 1705 902 1778 δῆλον,
930 1705 1014 1761 ὅτι
1045 1706 1184 1777 (81),
1215 1703 1304 1759 ὅτε
1332 1702 1517 1780 γέγονε
1547 1701 1977 1776 ἄνθρωπος,τότε

329 1800 414 1856 καὶ
440 1799 514 1861 εΐς
562 1798 631 1852 τὰ
680 1792 814 1874 ἔργα
861 1793 1118 1863 κτίζεται.
1169 1792 1284 1850 Οὐκ
1312 1790 1415 1868 ἄρα
1463 1794 1563 1857 τῆς
1595 1789 1777 1852 οὐσίας
1811 1789 1976 1844 αὐτοῦ

331 1886 657 1961 σημαντικόν
710 1884 821 1940 ἐστι
872 1884 957 1954 τὸ,
1013 1877 1236 1950 ἔκτισεν,
1288 1879 1471 1957 ὥσπερ
1518 1878 1790 1941 πολλάκις
1820 1876 1975 1955 εἷ’ρη-

330 1998 434 2049 ται,
466 1974 617 2031 ἀλλᾶ
643 1981 744 2043 τῆς
794 1977 1115 2045 σωματικῆς
1164 1970 1330 2025 αὐτοῦ
1373 1968 1650 2046 γενέσεως.
1698 1969 1828 2023 Τότε
1873 1968 1975 2044 γὰρ

336 2064 419 2121 διὰ
462 2067 527 2122 τὸ
575 2063 892 2141 γεγενῆσθαι
942 2060 1049 2116 ἀπὸ
1102 2066 1204 2129 τῆς
1262 2053 1617 2135 παραϐάσεως
1670 2057 1838 2127 ἀτελῆ
1887 2057 1977 2111 καὶ

335 2154 492 2232 χωλᾶ
518 2155 589 2208 τὰ
618 2150 767 2229 ἔργα,
802 2150 1018 2225 λέγεται
1052 2151 1402 2222 σωματικῶς,
1452 2145 1534 2201 ὅτι
1584 2145 1842 2215 κτίζεται,
1886 2143 1980 2200 ’ίνα

334 2242 625 2304 τελειώσας
682 2240 817 2296 αὐτὰ
863 2238 952 2294 καὶ
1002 2237 1286 2311 ὁλόκληρα
1332 2237 1565 2307 ποιήσας
1595 2281 1608 2306 ,
1658 2237 1977 2310 παραστήσῃ

335 2337 410 2404 τῷ
463 2330 635 2407 Πατρὶ
683 2330 783 2398 τὴν
828 2324 1178 2397 Ἐκκλησίαν,
1234 2325 1310 2387 ὠς
1362 2325 1504 2379 εἶπεν
1551 2324 1578 2378 6
1612 2322 1977 2385 Ἀπόστολος·

336 2422 424 2489 Μή
484 2417 719 2495 ἔχουσαν
775 2415 970 2471 σπῖλον
1021 2416 1056 2484 ἢ
1113 2412 1319 2490 ῥυτίδα,
1363 2414 1399 2482 ἢ
1447 2418 1635 2467 τιτῶν
1692 2411 1979 2480 τοιούτων,

334 2507 458 2565 ἀλλ’
506 2505 599 2563 ἵνα
653 2506 690 2582 ᾗ
751 2505 877 2581 ἁγία
932 2504 1022 2558 καὶ
1069 2504 1323 2576 ἁμωμος.
1371 2500 1720 2557 Τετελείωται
1782 2500 1873 2555 οὖν
1932 2500 1984 2555 ἐν

332 2597 474 2669 αύτῷ
517 2595 608 2651 καί
659 2592 1092 2663 ἀποκατεστάθη,
1143 2586 1324 2664 ὥσπερ
1373 2590 1440 2659 iv
1473 2589 1562 2645 καὶ
1592 2590 1728 2645 κατὰ
1758 2593 1854 2659 τὴν
1888 2588 1984 2665 ἀρ-

333 2689 439 2762 χὴν
487 2685 714 2761 γεγονὸς
769 2685 903 2756 (82),
948 2682 1010 2736 τὸ
1053 2681 1394 2755 ἀνθρώπινον
1435 2679 1609 2754 γένος,
1640 2679 1731 2733 καὶ
1777 2678 1985 2751 μείζονι

337 2773 553 2847 μᾶλλον
602 2774 810 2849 χάριτι·
872 2769 1185 2830 ἀναστάντες
1244 2768 1348 2844 γὰρ
1409 2766 1469 2823 ἐκ
1524 2771 1750 2843 νεκρῶν,
1808 2766 1986 2822 οὐκετι

335 2859 656 2941 φοϐούμεθα
687 2860 934 2928 θάνατον,
968 2856 1094 2914 ἀλλ’
1124 2858 1176 2912 ἐν
1221 2858 1439 2931 Χριστῷ
1481 2854 1872 2941 βασιλεύσομεν
1905 2855 1987 2910 ἀεὶ

338 2940 386 3006 ἒν
417 2957 537 3013 τοῖς
588 2951 857 3024 οὐρανοῖς.
909 2950 1084 3004 Τοῦτο
1132 2944 1189 3002 δὲ
1237 2945 1481 3021 γέγονεν,
1529 2940 1717 3013 ἐπειδὴ
1767 2943 1925 3005 αὐτὸς
1960 2944 1989 2998 6

336 3045 431 3094 τοῦ
464 3043 606 3095 Θεοῦ
640 3038 819 3113 Λόγος
853 3034 992 3098 ἴδιος
1024 3035 1114 3090 καὶ
1155 3033 1215 3090 ἐκ
1242 3038 1339 3090 τοῦ
1368 3033 1576 3110 Πατρὸς
1605 3031 1679 3088 ὣν
1711 3030 1990 3087 ἐνεδύσατο

338 3131 436 3198 τὴν
495 3128 692 3201 σάρκα,
744 3126 833 3181 καὶ
885 3125 1103 3201 γέγονεν
1155 3125 1464 3199 ἅνθρωπος.
1516 3122 1585 3179 Εἴ
1645 3122 1745 3198 γὰρ
1791 3121 1993 3195 κτίσμα

343 3216 413 3273 ὢν
445 3216 688 3293 ἰγεγόνει
735 3213 1039 3292 ἄνθρωπος,
1090 3211 1271 3286 ἔμενεν
1323 3209 1475 3267 οὐδὲν
1506 3214 1667 3280 ἧττον
1694 3212 1723 3266 6
1780 3212 1989 3286 ἂνθρω-

2085 1439 2313 1488 teamur
2341 1438 2479 1488 tunc
2511 1434 2805 1505 accepisse
2836 1452 3013 1507 opera
3035 1452 3169 1491 cum
3195 1436 3368 1493 homo
3399 1437 3589 1495 factus
3620 1443 3729 1493 est.

2085 1522 2389 1594 Siquidem
2420 1528 2558 1578 tunc
2592 1523 2691 1577 illa
2752 1524 3009 1595 perfecit,
3069 1542 3204 1581 cum
3263 1532 3466 1583 nostra
3508 1529 3738 1584 sanavit

2084 1611 2342 1683 vulnera,
2379 1612 2665 1683 nobisque
2696 1628 2764 1669 ex
2793 1613 3040 1670 mortuis
3088 1631 3393 1687 resurgere
3421 1617 3734 1674 concessit.

2086 1702 2249 1765 Quod
2283 1701 2329 1756 si
2364 1717 2495 1756 cum
2528 1700 2787 1757 Verbum
2819 1720 2952 1758 caro
2989 1704 3205 1759 factum
3238 1710 3496 1772 est,tunc
3526 1707 3578 1763 ei
3601 1707 3739 1762 dats.

2087 1794 2228 1844 sunt
2258 1805 2453 1861 opera,
2487 1788 2673 1861 liquet
2727 1790 2946 1863 ipsum,
2979 1808 3111 1847 cum
3172 1793 3347 1850 homo
3395 1795 3589 1852 factus
3628 1800 3739 1863 est,

2087 1882 2227 1934 tunc
2259 1893 2493 1950 quoque
2521 1878 2580 1933 in
2614 1894 2789 1951 opera
2819 1895 2948 1957 esse
2980 1885 3260 1939 creatum.
3296 1882 3422 1939 Non
3460 1900 3598 1957 ergo
3630 1884 3741 1940 hoc

2089 1967 2283 2034 verbo,
2315 1969 2541 2032 creavit,
2573 1968 2703 2037 ejus
2734 1954 2941 2024 natura
2997 1970 3382 2042 signiﬁcatur,
3415 1972 3498 2028 uti
3530 1954 3743 2046 saepius

2089 2056 2310 2111 dictum
2341 2059 2450 2127 est,
2483 2056 2583 2112 sed
2616 2060 2780 2113 ortus
2813 2057 2997 2128 ipsius
3028 2061 3528 2131 corporeus.Tunc
3558 2062 3742 2131 enim,

2089 2144 2242 2216 quod
2276 2161 2450 2217 opera
2481 2145 2824 2217 imperfecta
2855 2151 2911 2202 et
2945 2148 3148 2202 mutila
3174 2154 3407 2221 peccato
3439 2150 3594 2207 facta
3624 2152 3744 2208 fue-

2092 2238 2239 2299 rant,
2273 2234 2457 2290 creari
2489 2236 2811 2291 secundum
2845 2252 3056 2308 corpus
3104 2238 3336 2306 dicitur,
3373 2245 3434 2294 ut
3463 2239 3580 2295 illis
3613 2258 3743 2315 per-

2093 2325 2261 2380 fectis
2291 2329 2466 2397 atque
2508 2326 2563 2380 in
2599 2326 2893 2397 integrum
2943 2333 3162 2383 statum
3214 2330 3521 2398 restitutis,
3556 2329 3745 2388 Eccle-

2093 2415 2240 2470 siam
2276 2414 2430 2470 Patri
2462 2415 2763 2470 exhiberet
2791 2433 2899 2472 non
2932 2416 3225 2472 habean
3254 2420 3548 2487 maculam,
3572 2425 3637 2476 ut
3666 2420 3749 2476 ait

2097 2503 2430 2574 Apestolus,
2455 2508 2553 2559 aut
2582 2520 2801 2572 rugam,
2834 2516 2930 2561 aut
2962 2506 3173 2578 aliquid
3203 2506 3533 2579 hujmmodi,
3565 2510 3656 2565 sed
3686 2514 3749 2565 ut

2093 2595 2384 2648 sittancla
2403 2604 2459 2648 et
2485 2595 2846 2650 immaculata
2881 2595 2944 2649 ³⁸.
2982 2596 3039 2650 In
3093 2595 3188 2651 illo
3238 2615 3372 2670 ergo
3424 2600 3741 2670 perfectum

2096 2686 2184 2738 est
2214 2681 2520 2738 hominum
2556 2683 3065 2755 genus,qualeque
3097 2683 3262 2740 initio
3296 2687 3511 2742 factum
3537 2688 3748 2754 fuerat,

2096 2770 2182 2825 vel
2216 2770 2410 2842 potius
2462 2770 2746 2842 ampliore
2795 2788 2928 2827 cum
2989 2776 3176 2844 gratia
3209 2775 3541 2831 restitutum
3573 2781 3750 2848 atque

2099 2863 2433 2929 reparatum
2464 2863 2574 2914 est.
2611 2858 2911 2932 Siquidem
2944 2878 3012 2915 ex
3047 2863 3294 2918 mortuis
3323 2864 3574 2932 excitati,
3603 2881 3750 2921 mor-

2103 2953 2214 3004 tem
2251 2964 2365 3002 non
2415 2946 2671 3019 amplius
2732 2949 3226 3020 pertimescimus,
3261 2953 3359 3007 sed
3422 2952 3477 3006 in
3521 2952 3753 3010 Christo

2100 3053 2335 3108 semper
2361 3035 2421 3091 in
2454 3037 2616 3092 cmlis
2639 3054 2846 3093 sumus
2869 3040 3353 3111 regnaturi.Quod
3387 3040 3514 3097 ideo
3546 3057 3749 3098 conse-

2102 3126 2357 3198 quimur,
2391 3126 2545 3198 quod
2577 3125 2771 3198 ipsum
2808 3128 2905 3181 Dei
2938 3128 3192 3183 Verbum
3241 3131 3544 3202 proprium
3578 3138 3751 3203 atque

2106 3232 2174 3270 ex
2204 3214 2373 3270 Patre
2402 3215 2665 3286 genitum
2699 3232 2933 3271 carnem
2984 3216 3179 3273 induit
3228 3219 3531 3291 factusque
3580 3221 3754 3276 homo

350 3327 448 3368 πος
485 3282 640 3379 ’(83),
692 3282 871 3379 ὥσπερ
919 3301 1009 3357 καὶ
1050 3282 1143 3371 ἦν,
1189 3300 1251 3356 ού
1283 3299 1562 3376 συναφθεὶς
1591 3302 1669 3370 τῷ
1700 3303 1837 3371 Θεῷ.
1873 3282 1985 3357 Πῶς

2109 3307 2218 3361 est.
2248 3304 2392 3361 Nam
2426 3304 2475 3359 si
2507 3308 2760 3361 creatam
2790 3321 2923 3361 cum
2974 3305 3214 3363 haberet
3246 3313 3540 3380 naturam,
3570 3309 3757 3366 factus

352 3396 456 3471 γὰρ
489 3394 556 3449 ἃν
589 3393 808 3466 ποίημα
855 3387 951 3459 ὢν,
984 3386 1074 3444 διὰ
1102 3391 1411 3463 ποιήματος
1459 3389 1757 3459 συνήπτετο
1785 3391 1864 3460 τῷ
1886 3386 2003 3443 κτί-

353 3507 447 3557 στῃ
460 3486 579 3560 (84)
606 3503 619 3553 ;
643 3486 710 3538 Ἠ
732 3481 861 3538 ποία
891 3481 1114 3557 βοήθεια
1132 3480 1279 3555 παρᾶ
1296 3483 1403 3534 τῶν
1428 3478 1636 3552 ὁμοίων
1653 3483 1769 3540 τοῖς
1792 3477 2004 3551 ὁμοίοις

350 3572 552 3647 γένοιτ’
581 3568 667 3642 ἂν,
700 3567 971 3643 δεομένων
1001 3567 1093 3622 καὶ
1133 3567 1308 3622 αὐτῶν
1339 3573 1442 3637 τῆς
1491 3566 1657 3636 αὐτῆς
1710 3566 2000 3643 βοηθείας;

351 3664 472 3723 Πῶς
520 3657 603 3728 δὲ,
660 3655 810 3732 εἷ’περ
855 3658 1055 3731 κτίσμα
1102 3656 1170 3725 iv
1222 3657 1250 3711 6
1299 3655 1473 3732 Λόγος
1502 3658 1614 3730 (85)
1652 3656 1751 3725 τήν
1793 3655 2002 3734 ἀπόφα-

350 3771 426 3803 σιν
457 3751 562 3804 τοῦ
592 3752 725 3803 Θεοῦ
757 3746 914 3803 λῦσαι
948 3743 1167 3807 δυνατὸς
1198 3746 1289 3815 iv,
1321 3747 1409 3800 καί
1439 3744 1649 3823 ἀφεῖναι
1694 3746 1793 3814 τήν
1825 3746 1999 3819 ἁμαρ-

348 3838 462 3893 τίαν
524 3835 907 3913 γεγραμμένου
982 3836 1095 3909 (86)
1164 3834 1309 3909 παρὰ
1354 3839 1474 3896 τοῖς
1528 3836 1853 3912 προφήταις,
1914 3833 1995 3889 ὅτι

344 3926 505 3982 τοῦτο
550 3924 684 3981 Θεοῦ
714 3925 864 3994 Em;
924 3922 1021 3986 Τίς
1078 3923 1179 4000 γὰρ
1234 3922 1364 3985 Θεὸς
1421 3918 1602 4000 ὥσπερ
1662 3922 1724 3977 σὺ
1773 3921 1996 3998 ἐξαίρων

346 4015 655 4092 ἁμαρτίας,
714 4014 802 4070 καὶ
863 4008 1200 4089 ὑπερϐαίνων
1258 4012 1490 4086 ἀνομίας
1535 4031 1549 4081 ;
1624 4013 1685 4070 Ὀ
1737 4013 1831 4085 μὲν
1891 4012 1995 4090 γὰρ

343 4107 470 4169 Θεὸς
522 4106 661 4161 εἶπε
713 4109 790 4173 Γῆ
843 4103 908 4171 εἶ’,
956 4102 1046 4157 καὶ
1092 4102 1168 4164 εἷς
1216 4108 1320 4177 γῆν
1372 4100 1665 4175 ἀπελεύσῃθ
1717 4102 1768 4155 οἱ
1800 4098 1857 4157 δὲ
1906 4103 1993 4157 ἄν·

342 4205 557 4271 θρωποι
607 4192 857 4271 γεγόνασι
907 4192 1121 4262 θνητοί⁸
1184 4194 1307 4254 Πῶς
1334 4190 1512 4246 τοίνυν
1546 4193 1659 4265 (87)
1690 4190 1804 4246 οἶόν
1838 4212 1897 4247 τε
1924 4192 1992 4262 iv

338 4305 483 4361 παρα
513 4287 626 4338 τῶν
677 4286 920 4358 γενητῶν
949 4279 1177 4351 λυθῆναι
1206 4280 1306 4350 τὴν
1335 4278 1598 4355 ἁμαρτίαν
1633 4299 1647 4350 ;
1679 4277 1805 4335 ἀλλ’
1835 4278 1993 4336 ἔλυσὲ

337 4393 394 4447 γε
424 4372 591 4434 αὐτὸς
641 4372 670 4426 ὁ
701 4370 921 4445 Κύριος,
980 4370 1053 4432 ὡς
1102 4370 1244 4425 εἶπεν
1294 4367 1475 4437 αὐτὸς,
1528 4368 1650 4425 Ἐὰν
1697 4370 1770 4442 μή
1807 4370 1834 4424 ὁ
1864 4369 1989 4431 Υἱὸς

339 4461 476 4533 ὑμᾶς
720 4454 1075 4534 ἐλευθερώσῃ·
1135 4457 1225 4513 καὶ
1271 4454 1463 4530 ἔδειξεν
1518 4455 1740 4527 ἀληθῶς
1788 4459 1816 4513 6
1870 4458 1990 4520 Υἱὸς

337 4549 787 4625 ὁέλευθερώσας,
837 4548 911 4611 ὡς
960 4547 1058 4603 οὐκ
1114 4543 1222 4602 ἔστι
1254 4544 1476 4620 κτίσμα,
1507 4543 1631 4602 οὐδὲ
1657 4550 1765 4602 τῶν
1823 4568 1988 4623 γενη-

405 4710 451 4746 ³⁸
475 4710 690 4784 Ephes.
727 4728 780 4779 ν,
810 4712 901 4767 27.
971 4712 1017 4747 ³ο
1048 4710 1221 4767 Mich.
1254 4726 1352 4777 vu,
1389 4711 1473 4766 18.
1542 4709 1586 4746 ⁴⁰
1617 4710 1825 4767 Genes.
1856 4727 1943 4784 in,
1972 4711 2058 4767 19.

404 4881 515 4952 (78)
552 4883 693 4954 Reg.
728 4887 785 4938 et
815 4881 964 4954 Felc.
998 4883 1052 4952 5,
1083 4878 1361 4952 ἐποίησεν.

426 4950 519 5026 79)
551 4950 789 5026 Seguer.
801 4996 819 5023 ,
849 4950 1073 5026 ἐγίνετο.

426 4960 498 5007 79
551 4961 819 5026 Seguer.,
849 4960 1073 5026 ἐγίνετο.

425 4960 914 5108 80)“8εευοιιὶοο.
965 5024 1295 5108 G'oblerian.
1353 5023 1682 5080 Felckman.
1740 5025 1764 5079 1
1822 5030 1880 5082 et
1929 5026 1984 5096 4,

337 5095 507 5166 ἡμῖν.
528 5095 680 5152 Εάὶιῖ
712 5103 769 5152 et
799 5097 921 5165 alii,
954 5098 1135 5149 πᾶσιν.

406 5168 519 5237 (81)
552 5169 651 5223 Sic
676 5168 1010 5238 Seguerjan.
1070 5168 1209 5238 Reg.
1264 5165 1490 5238 Anglic.
1546 5170 1603 5222 et
1640 5166 1792 5223 Fclc.
1826 5168 1878 5223 4.
1918 5172 1989 5224 At

335 5235 510 5293 editio
540 5235 847 5310 Commel.,
882 5235 1285 5310 δηλονότιξὸτε,
1320 5235 1430 5294 οἷο.

407 5310 527 5384 (82)Δ
554 5316 789 5384 Seguer.
828 5307 965 5383 Reg.
1027 5307 1193 5384 Basil.
1247 5310 1471 5384 Anglic.
1511 5307 1660 5384 Felc,
1694 5310 1751 5384 _2,
1784 5310 1814 5364 4
1844 5316 1900 5365 et
1927 5311 1985 5383 5,

335 5380 589 5470 vimine;
616 5379 939 5470 Gobler.”ei
972 5381 1117 5470 νοις(
1154 5379 1494 5470 1,,γεγόνρς.
1556 5380 1731 5470 Egiti,
1776 5379 1980 5470 γεγονεξ

407 5446 520 5523 (83)
556 5454 816 5528 Sequar"
848 5446 1033 5526 ἔμενεν
1076 5447 1137 5505 ἂν
1169 5446 1323 5506 οὐδὲν
1375 5450 1534 5520 ἧττον
1591 5446 1896 5528 ἄνθρωπος,
1931 5459 1988 5510 et

339 5539 487 5601 mon
504 5525 794 5601 composit;
822 5525 959 5601 eaq),

404 5547 470 5579 UX
510 5547 794 5601 συναξρυεῑς
822 5547 890 5578 σε
946 5564 959 5577 ο

404 5595 519 5667 (84)
551 5601 796 5668 ὃθεζυεν.
822 5547 1054 5654 (ΞοἝΙοτ.
1090 5591 1239 5668 Felc.
1275 5594 1300 5648 1
1335 5597 1393 5650 et
1420 5596 1475 5668 δί,
1506 5596 1586 5665 τῷ
1612 5593 1829 5668 κτίστῃ.
1866 5597 1987 5668 An-

338 5665 575 5740 glican,
605 5665 685 5740 τῷ
712 5666 990 5738 κτίσματι,
1026 5666 1324 5740 mendose.
1361 5665 1481 5740 _A_lii
1511 5672 1568 5723 et
1596 5666 1739 5740 editi
1760 5665 1840 5737 τῷ
1870 5665 1986 5719 κτί-

338 5752 511 5793 σαντι.
546 5736 723 5796 Paulo
774 5736 905 5816 post
954 5744 1218 5812 Seguer.,
1272 5736 1529 5809 Gobler.,
1561 5736 1865 5813 Anglican.
1929 5741 1988 5796 et

2112 3396 2314 3466 postea
2343 3392 2552 3448 fuisset
2596 3393 2808 3449 homo:
2845 3395 2997 3450 idem
3057 3395 3313 3468 profecto
3372 3399 3527 3468 quod
3587 3403 3759 3455 antea

2113 3482 2423 3537 mansisset
2455 3481 2758 3537 hominum
2780 3498 3185 3556 genus,neque
3213 3502 3342 3540 cum
3375 3485 3490 3542 Deo
3512 3489 3758 3558 conjun-

2113 3576 2270 3626 ctum
2305 3571 2529 3628 fuisset.
2565 3571 2670 3635 Qui
2704 3571 2858 3627 enim
2913 3589 3003 3627 res
3050 3573 3197 3629 facta
3244 3591 3345 3645 per
3385 3591 3507 3630 rem
3542 3575 3753 3633 factam

2110 3676 2241 3715 cum
2272 3660 2536 3715 Creatore
2595 3661 2863 3731 conjungi
2925 3662 3166 3732 posset?
3200 3665 3310 3718 Aut
3366 3665 3505 3736 quid
3558 3665 3759 3721 auxilii

2108 3748 2402 3805 similibus
2428 3752 2624 3821 posset
2653 3749 2777 3802 dari
2813 3766 2846 3804 a
2876 3749 3194 3815 similibus,
3229 3769 3361 3808 cum
3394 3753 3522 3825 ipsa
3551 3755 3755 3810 eodem

2108 3838 2325 3894 auxilio
2355 3837 2702 3911 indigeant?
2726 3838 2832 3902 Qui
2866 3855 3018 3909 vero,
3052 3838 3100 3895 si
3146 3841 3402 3896 Verbum
3442 3858 3535 3899 res
3566 3847 3759 3899 creata

2105 3931 2279 3994 esset,
2312 3931 2511 3998 posset
2540 3925 2640 3981 Dei
2689 3926 3038 3983 sententiam
3087 3928 3387 4001 abrogare,
3422 3937 3755 4002 peccatum-

2106 4032 2219 4089 que
2252 4016 2566 4082 dixrittere,
2600 4032 2732 4071 cum
2766 4015 2873 4072 hoc
2904 4015 3002 4072 Dei
3026 4018 3325 4091 preprium
3351 4034 3481 4075 esse
3511 4018 3760 4092 scripse-

2105 4106 2223 4160 rint
2254 4103 2596 4177 prophetie?
2635 4107 2804 4172 Nam,
2858 4104 2990 4171 Quis
3038 4106 3197 4177 Deus,
3245 4107 3451 4162 similis
3503 4109 3611 4174 tui,
3659 4104 3759 4180 qui

2101 4194 2287 4263 aufers
2315 4196 2555 4264 peccata,
2586 4195 2637 4247 et
2684 4192 3025 4248 transcendi:
3071 4195 3400 4265 iniquitates
3418 4195 3507 4249 3’?
3553 4195 3750 4267 Siqui-

2101 4282 2232 4337 dem
2266 4280 2419 4336 Deus
2450 4279 2631 4336 dixit:
2666 4281 2830 4337 Terra
2859 4297 2932 4352 es,
2964 4286 3013 4337 et
3045 4300 3102 4338 in
3133 4288 3340 4339 terram
3371 4288 3654 4341 reverteris
3680 4287 3745 4357 ‘0,

2099 4387 2281 4443 eaque
2314 4387 2492 4425 causa
2519 4374 2609 4426 est
2626 4387 2732 4425 cur
2757 4370 3021 4427 homines
3046 4372 3177 4427 facti
3204 4373 3484 4429 mortales
3508 4374 3743 4431 luerint.

2099 4460 2399 4527 Quomodo
2430 4459 2608 4530 igitur
2636 4464 2935 4533 peccatum
2972 4466 3211 4534 possent
3242 4463 3396 4519 424
3436 4480 3528 4520 res
3582 4464 3748 4520 facta:

2098 4548 2370 4607 solvere?
2400 4548 2615 4604 Verum
2647 4549 2773 4620 ipse
2804 4549 2976 4607 solvit
3008 4550 3318 4621 Dominus,
3350 4555 3417 4608 ut
3441 4552 3595 4609 idem
3619 4552 3747 4625 ipse

2014 4890 2059 4953 D
2092 4883 2251 4953 Felc.
2286 4884 2337 4953 1,
2371 4878 2599 4952 δεόμενα
2627 4880 2716 4935 καὶ
2748 4881 2886 4935 αὐτὰ
2924 4887 3024 4949 τῆς
3078 4882 3249 4950 αὐτῆς
3304 4882 3457 4937 Editi
3511 4874 3565 4938 et
3620 4882 3746 4953 alii,

2098 4952 2369 5025 δεομένων
2401 4954 2491 5007 καὶ
2522 4954 2697 5007 αὑτῶν
2726 4961 2824 5022 τῆς
2858 4954 3046 5022 αὐτῆς.

2173 5022 2283 5107 (85)
2320 5026 2646 5107 Εὀιοιέωᾳο.
2669 5029 2736 5107 ,2,
2768 5031 2824 5081 et
2852 5026 3031 5081 editio
3062 5024 3370 5092 Commel.,
3424 5022 3492 5091 iv
3548 5025 3741 5099 Λόγος.

2095 5096 2206 5153 Alii
2242 5115 2411 5165 Inss.,
2444 5096 2512 5164 iv
2546 5097 2574 5150 6
2606 5096 2801 5169 Λόγος.
3123 5164 3132 5169 _
3641 5096 3649 5099 ⁷
3724 5149 3728 5152 .

2190 5169 2279 5238 36)
2312 5164 2545 5241 Seguer.
2580 5173 2637 5223 et
2670 5164 2824 5241 Reg,
2855 5164 3255 5241 γεγραμμένον.

2146 5236 2277 5327 ,(87)
2332 5236 2565 5313 Se'guer.
2626 5246 2683 5294 et
2735 5236 2898 5312 Regi,
2931 5236 3081 5298 ’Πῶς
3128 5236 3332 5291 τοίνυν.
3388 5239 3561 5307 Editi,
3617 5242 3742 5301 Πῶς

2131 5330 2216 5363 αο.

2092 5332 2278 5454 γαῗέδ)
2310 5386 2544 5454 Seguer.
2579 5387 2635 5436 et
2656 5380 2804 5435 Felc.
2837 5381 2892 5454 4,
2923 5382 3092 5450 ἡμᾶς.
3127 5381 3347 5454 Ιῦἱό1ῃ)
3382 5383 3742 5454 Seguerian.,

2095 5448 2331 5524 Regius,
2367 5448 2720 5524 Goblerian.,
2751 5452 2903 5524 y‘elc.
3024 5454 3056 5506 4
3087 5458 3143 5507 et
3170 5453 3225 5519 5,
3255 5448 3534 5524 ἀληθῶξὸ
3566 5450 3689 5524 fit):
3716 5452 3745 5505 6

2095 5515 2480 5596 ἐλεύθερῶσας,
2514 5522 2587 5596 ὡς
2619 5515 2721 5596 οςξκ
2748 5515 2858 5575 ἔστι
2890 5523 3113 5596 κτίσμα.
3164 5515 3278 5596 ΑίίἰΔ
3301 5515 3554 5596 elfpditi,
3593 5520 3745 5596 dli-

2093 5595 2213 5669 Bd’ie
2255 5588 2505 5669 αἰὲς-Υἱὸς
2562 5595 2589 5647 6
2643 5588 3028 5669 ἐλευθερώσας,
3086 5595 3168 5647 ὅτι
3223 5592 3325 5650 οὐκ
3373 5588 3484 5649 ἔστι
3517 5588 3740 5669 κτίσμα.

2094 5667 2242 5723 Ibid.
2281 5665 2425 5723 Fele.
2458 5667 2515 5737 5,
2544 5665 2835 5740 γεννητῶν.
