4076 6338
327 387 439 454 291

881 397 944 457 S.
991 393 1410 458 ATHANASII
1455 387 1628 456 OPP.
1680 391 1877 455 PARS
1921 391 1970 454 l.
2005 420 2077 438 --
2123 391 2534 455 HlS'l‘ORlCA
2576 393 2680 454 ET
2724 391 3208 456 DOGMATICA.

3622 390 3742 458 292

328 535 426 592 sit,
455 527 576 582 Nisi
601 527 775 583 Filius
802 543 894 584 vos
953 527 1274 584 liberaverit
1297 529 1362 595 ‘l,
1422 545 1670 599 vereque
1719 525 1976 583 ostendit

2088 528 2216 593 τῶν,
2268 521 2414 580 ἀλλά
2447 521 2583 587 ἴδιος
2615 525 2810 600 Λόγος,
2841 524 2930 579 καὶ
2962 523 3118 579 εἰκὼν
3148 531 3249 594 τῆς
3275 529 3373 580 τοῦ
3406 527 3616 601 Πατρὸς
3645 525 3738 582 οὖ-

331 613 516 672 Filius
541 615 820 673 liberator
849 633 911 674 se
968 632 1075 672 nec
1121 620 1383 672 creatum
1425 633 1532 672 nec
1577 616 1795 672 factum
1827 631 1978 684 esse,

2088 612 2224 682 σίας,
2261 615 2357 668 τοῦ
2383 614 2473 668 καὶ
2498 615 2635 669 κατά
2665 619 2766 684 τήν
2797 615 2976 690 ἀρχὴν
3000 613 3418 691 ἀποφηναμένου
3447 615 3536 669 καὶ
3554 615 3741 693 ἀφιὲν-

329 703 434 759 sed
465 709 686 760 nature
715 705 926 774 Patris,
959 705 1058 776 qui
1091 704 1444 762 sententiam
1492 703 1652 761 illam
1687 704 1854 760 initio
1877 708 1976 758 tu-

2088 721 2177 764 τος
2213 701 2382 774 μόνου
2427 704 2522 765 τάς
2571 704 2857 778 ἁμαρτίας.
2910 701 3130 773 Ἐπειδή
3183 703 3284 780 γὰρ
3315 701 3524 778 εἷ’ρηται
3551 703 3603 758 ἐν
3660 709 3741 776 τῷ

330 793 497 861 lerat,
529 793 810 866 solusque
839 800 1080 866 peccata
1134 795 1447 862 condonat,
1489 794 1792 867 proprium
1852 807 1981 849 esse

328 879 586 938 Verbum
615 886 674 937 et
699 881 1042 954 imaginem.
1075 884 1218 938 Cum
1251 884 1406 939 enim
1437 884 1496 938 in
1531 882 1715 938 Verbo
1753 881 1980 937 dictum

324 969 523 1041 fuerit,
557 971 730 1027 Terra.
755 986 830 1038 es,
862 975 918 1027 et
945 972 1005 1026 in
1047 973 1259 1027 terram
1285 974 1598 1041 reverteris,
1644 970 1812 1027 valde
1842 985 1980 1026 con-

320 1065 600 1130 gruenter
631 1075 734 1132 per
763 1058 922 1118 idem
956 1060 1150 1132 ipsum
1212 1061 1464 1117 Verbum
1521 1067 1700 1132 atque
1748 1059 1806 1116 in
1851 1059 1980 1133 ipso

317 1145 562 1204 libertas
591 1153 650 1205 et
677 1147 894 1206 solutio
923 1149 1326 1206 damnationis
1357 1149 1509 1206 facta
1539 1156 1650 1206 est.

386 1273 476 1328 68.
525 1273 726 1345 Atqui,
777 1272 1080 1346 inquiunt,
1144 1273 1386 1330 etiamsi
1437 1273 1703 1330 Salvator
1752 1276 1980 1330 creatus

317 1369 498 1428 esset,
528 1368 755 1434 poterat
787 1365 937 1420 Deus
984 1363 1396 1420 tantummodo
1445 1364 1659 1431 dicere,
1691 1371 1867 1434 atque
1897 1363 1980 1418 ita

2088 790 2270 867 Λόγῳ,
2331 797 2406 858 Γῆ
2456 793 2520 865 εἴ,
2569 793 2659 847 xui
2713 793 2787 854 εἰς
2835 799 2936 869 γῆν
2987 789 3283 866 ἀπελεύσῃ,
3316 791 3635 856 ἅκολούθως
3666 789 3739 848 δι’

2089 878 2254 934 αὐτοῦ
2281 883 2380 934 τοῦ
2409 881 2588 957 Λόγου
2634 881 2722 937 καὶ
2763 881 2814 936 ἐν
2845 880 2992 954 αὐτῷ
3019 884 3054 951 ἡ
3087 879 3363 957 ἐλευθερία
3391 881 3482 937 καὶ
3510 884 3546 952 ἡ
3582 881 3738 946 λύσις

2089 971 2198 1043 (89)
2227 971 2327 1035 τῆς
2355 972 2720 1046 κατακρίσεως
2751 971 3058 1048 γεγένηται.

2156 1281 2246 1335 68.
2281 1276 2440 1335 Ἀλλ’
2489 1273 2750 1348 ἠδύνατο,
2798 1273 2948 1352 φασὶ,
2979 1274 3069 1328 καὶ
3105 1271 3402 1346 κτίσματος
3453 1269 3608 1337 ὄντος
3639 1279 3739 1330 τοῦ

2087 1374 2371 1442 Σωτῆρος,
2408 1366 2572 1440 μόνον
2620 1364 2788 1420 εἰπεῖν
2821 1364 2850 1418 ὁ
2879 1361 3009 1425 Θεὸς
3037 1363 3131 1417 καὶ
3163 1361 3321 1418 λῦσαι
3347 1364 3448 1432 τὴν
3472 1363 3730 1440 κατάραν.

317 1449 541 1507 solvere
573 1451 1066 1508 maledictionem.
1116 1455 1189 1510 At
1235 1452 1417 1509 simili
1475 1453 1648 1508 modo
1701 1451 1848 1525 ipsis
1893 1451 1976 1507 ita

2088 1457 2150 1516 Τὸ
2181 1455 2310 1511 αὐτὸ
2343 1453 2414 1512 δι’
2444 1453 2503 1510 ἂν
2535 1451 2817 1510 ἀκούσαιεν
2848 1451 2939 1507 καὶ
2969 1450 3120 1506 αὐτοὶ
3155 1453 3281 1526 παρ’
3309 1450 3494 1526 ἑτέρου
3547 1450 3739 1528 λέγον-

316 1539 545 1597 occurri
575 1541 802 1612 possit:
838 1541 1029 1597 Etiam
1062 1541 1191 1597 sine
1223 1540 1342 1598 ullo
1371 1535 1501 1612 ejus
1531 1541 1784 1597 adventu
1813 1545 1974 1614 pote-

313 1636 403 1686 rat
432 1633 588 1688 Deus
617 1631 1032 1687 tantummodo
1055 1631 1267 1700 dicere,
1291 1635 1467 1702 atque
1499 1630 1582 1686 ita
1611 1632 1833 1686 solvere
1852 1643 1974 1684 ma-

311 1715 710 1774 ledictionem.
744 1718 963 1775 Verum
997 1720 1297 1776 attendere
1326 1724 1555 1792 oportet
1585 1717 1728 1791 quid
1757 1716 1838 1776 sit
1868 1718 1973 1774 bo-

2081 1565 2196 1607 τος.
2230 1541 2491 1602 Ἠδύνατο
2521 1543 2610 1598 καὶ
2646 1537 2773 1616 μηδ’
2843 1540 2988 1602 ὅλως
3039 1537 3481 1613 ἐπιδημήσαντος
3539 1539 3725 1609 αὐτοῦ,

2087 1628 2250 1706 μόνον
2286 1633 2454 1688 εἰπεῖν
2519 1633 2547 1687 6
2598 1631 2728 1693 Θεὸς
2786 1629 2876 1686 καὶ
2929 1628 3086 1685 λῦσαι
3115 1629 3215 1698 τήν
3245 1629 3502 1704 κατάραν,
3562 1627 3737 1686 Ἀλλᾶ

2082 1727 2300 1776 σκοπεῖν
2330 1718 2412 1776 δεῖ
2441 1722 2504 1776 τὸ
2527 1726 2644 1783 τοῖς
2677 1719 2984 1796 ἀνθρώποις
3034 1717 3350 1774 λυσιτελοῦν
3409 1718 3498 1772 καὶ
3554 1719 3631 1790 μὴ
3680 1717 3732 1774 ἐν

320 1805 580 1863 minibus
610 1807 776 1880 utile,
811 1824 927 1864 non
977 1812 1172 1865 autem
1203 1807 1346 1879 quid
1377 1808 1436 1864 in
1478 1808 1756 1864 omnibus
1788 1807 1976 1880 possit

2088 1816 2209 1865 πᾶσι
2257 1810 2320 1864 τὸ
2361 1807 2582 1864 δυνατὸν
2633 1813 2732 1863 τοῦ
2781 1807 2916 1863 Θεοῦ
2947 1805 3274 1882 λογίζεσταιο
3311 1804 3426 1862 ἐπεὶ
3455 1807 3570 1880 (90)
3601 1803 3734 1876 ἠδύ-

315 1895 492 1952 Deus.
525 1895 792 1968 Namque
825 1896 1003 1953 etiam
1035 1903 1169 1954 ante
1190 1897 1310 1954 Noe
1338 1897 1846 1967 arcam,bomines
1876 1911 1976 1969 qui

2088 1920 2214 1954 νατο
2245 1897 2334 1954 xui
2364 1899 2467 1972 πρὸ
2497 1900 2594 1966 τῆς
2626 1901 2744 1952 Νῶε
2771 1891 3012 1951 κιϐωτοῦ
3043 1894 3168 1958 τοὺς
3218 1894 3343 1950 τότε
3390 1889 3735 1969 παραϐάντας

317 1992 698 2058 peccaverant
728 1991 956 2058 poterat
983 1985 1360 2044 interimere:
1394 1995 1587 2042 tamen
1620 1985 1678 2042 id
1735 1986 1972 2042 nonnisi

315 2078 450 2146 post
481 2092 678 2131 arcam
711 2075 864 2132 fecit.
906 2078 1140 2132 Poterat
1186 2093 1419 2150 quoque
1476 2078 1698 2148 absque
1751 2075 1968 2149 Moyse,

313 2161 688 2219 solummodo
715 2163 1342 2237 dicere,p0pulumque
1355 2167 1600 2222 educere
1620 2182 1688 2220 ex
1704 2163 1968 2237 Egypto:

315 2253 376 2306 at
405 2251 464 2306 id
499 2268 602 2324 per
631 2252 890 2326 Moysem
921 2253 1046 2308 ﬁeri
1104 2253 1504 2310 conveniebat.
1555 2253 1788 2310 Poterat
1827 2253 1970 2311 item

313 2339 472 2396 Deus
502 2341 786 2413 populum
819 2341 946 2397 sine
967 2342 1274 2414 jndicibus
1304 2358 1684 2399 conservare:
1710 2358 1910 2400 verum
1939 2358 1972 2398 e

323 2444 386 2484 re
417 2429 619 2501 populi
651 2433 776 2485 erat
813 2429 1048 2501 judices
1091 2447 1196 2502 pro
1243 2433 1506 2504 tempore
1556 2430 1788 2486 habere.
1819 2430 1970 2496 Quin

319 2517 498 2573 etiam
530 2518 656 2590 ipse
683 2516 951 2573 Salvator
981 2523 1209 2590 poterat
1236 2519 1308 2575 ab
1341 2519 1510 2574 initio
1541 2519 1850 2588 advenire;
1882 2518 1972 2575 vel

319 2609 630 2677 postquam
662 2606 1152 2679 advenit,poterat
1172 2623 1288 2662 non
1312 2607 1464 2663 tradi
1487 2607 1970 2664 Pilatozattamen

319 2695 378 2750 iu
411 2694 526 2749 line
556 2693 904 2750 saeculorum
937 2696 1191 2764 advenit,
1230 2703 1288 2751 et
1327 2697 1615 2768 qumsitns
1663 2696 1829 2765 dixit,
1863 2700 1972 2768 Ego

315 2799 439 2838 sum
455 2784 523 2838 ⁸³.
553 2783 714 2847 Quod
748 2785 906 2840 enim
938 2783 1035 2840 ille
1065 2784 1223 2853 facit,
1256 2784 1316 2840 id
1347 2785 1687 2840 hominibus
1718 2785 1968 2858 expedit,

320 2889 427 2928 nec
457 2871 626 2928 aliter
655 2872 780 2928 ﬁeri
811 2873 1044 2930 decuit:
1079 2876 1232 2944 quod
1288 2881 1483 2930 autem
1540 2880 1600 2930 et
1641 2873 1874 2947 expedit
1916 2879 1973 2930 et

319 2961 504 3031 decet,
537 2961 596 3016 id
629 2961 754 3032 ipse
776 2967 941 3018 curat
970 2968 1028 3018 et
1057 2962 1732 3034 providet.Venititaqne
1762 2979 1876 3018 non
1907 2967 1974 3018 ut

323 3049 407 3106 illi
438 3050 894 3117 ministraretur,
929 3053 1030 3107 sed
1065 3056 1128 3106 ut
1159 3052 1282 3124 ipse
1313 3051 1758 3122 ministraret",
1778 3056 1835 3106 et
1864 3068 1973 3106 no-

325 3138 417 3194 bis
447 3139 779 3195 restitueret
808 3140 1258 3196 salntem.Certe
1288 3141 1520 3196 tametsi
1552 3140 1738 3214 legem
1769 3156 1800 3195 e
1830 3139 1972 3196 calo

323 3231 547 3298 poterat
560 3225 885 3294 enuntiare,
905 3228 1048 3284 vidit
1069 3234 1265 3284 tamen
1288 3229 1626 3285 hominibus
1649 3231 1972 3285 conducere

321 3330 452 3370 eam
484 3331 516 3371 e
546 3320 742 3370 monte
772 3316 911 3372 Sina
941 3318 1218 3388 proferri:
1253 3320 1408 3388 quod
1453 3317 1691 3389 quidem
1748 3319 1882 3374 fecit
1911 3321 1975 3373 ut

322 3411 380 3461 ct
413 3403 640 3476 Moyses
665 3410 865 3476 posset
894 3406 1229 3476 ascendere,
1262 3413 1319 3460 et
1349 3407 1454 3474 illi,
1504 3408 1678 3462 verba
1730 3407 1971 3478 propius

323 3493 636 3561 audiendo,
671 3494 904 3549 facilius
953 3496 1277 3550 crederent.
1309 3495 1717 3550 Verumtamen
1752 3501 1974 3566 quanta

322 3598 456 3637 cum
489 3583 712 3638 ratione
740 3583 798 3638 id
831 3585 1051 3638 factum
1085 3585 1278 3650 fuerit,
1311 3601 1381 3640 ex
1421 3585 1514 3640 bis
1544 3583 1871 3656 perspicere
1899 3584 1971 3638 li-

322 3673 433 3725 cet.
465 3670 522 3724 Si
554 3670 709 3726 Dens
739 3688 843 3744 pro
874 3688 984 3727 sua
1035 3673 1296 3744 potentia
1349 3672 1611 3738 dixisset,
1664 3672 1973 3745 solutaque

321 3765 476 3815 esset
505 3759 874 3815 maledictio:
911 3760 1279 3832 apparuisset
1309 3761 1548 3833 quidem
1575 3761 1841 3832 jubentis
1869 3778 1970 3834 po-

323 3847 780 3925 testas,talisque
803 3850 990 3904 l'actns
1014 3849 1222 3905 fuisset
1245 3848 1418 3905 homo
1436 3851 1628 3920 qualis
1657 3850 1766 3905 luit
1785 3851 1970 3906 Adam

319 3941 454 3992 ante
485 3943 808 4008 peccatum,
843 3937 942 4008 qui
975 3938 1258 3993 nimirum
1319 3942 1570 4010 gratiam
1610 3940 1972 3995 extrinsecus

321 4026 629 4097 acciperet,
687 4042 792 4082 nec
851 4042 978 4081 eam
1039 4027 1266 4098 corpori
1329 4044 1650 4083 connexum
1707 4027 1969 4084 haberet.

321 4114 626 4170 Enimvero
657 4131 793 4170 cum
825 4115 1166 4172 istiusmodi
1197 4121 1353 4171 esset
1381 4118 1589 4184 Adam,
1611 4117 1671 4170 in
1699 4116 1972 4188 paradiso

319 4208 411 4260 est
437 4203 795 4261 collocatus:
848 4205 967 4260 imo
1008 4222 1142 4260 vero
1196 4207 1344 4260 l'orte
1401 4208 1566 4277 pejor
1617 4207 1805 4261 factus
1861 4211 1969 4275 est,

319 4291 537 4364 quippe
567 4293 670 4364 qui
729 4309 969 4364 peccare
999 4294 1289 4350 didicerit.
1321 4295 1486 4360 Quod
1539 4293 1612 4360 si,
1664 4311 1799 4350 cum
1838 4296 1972 4351 talis

319 4380 902 4453 fuisset,contigisset
935 4397 1170 4453 quoque
1204 4389 1265 4448 ut
1314 4399 1349 4438 a
1377 4390 1648 4456 serpente
1679 4383 1974 4456 decipere-

319 4468 626 4540 tur,Denm
657 4468 873 4524 iterum
896 4469 1107 4541 jubere
1136 4477 1195 4526 et
1245 4471 1719 4527 maledictionem
1751 4471 1974 4529 solvere

321 4573 472 4629 opus
503 4557 732 4624 fuisset,
754 4574 939 4630 eoque
983 4559 1157 4615 modo
1188 4559 1420 4616 nullum
1452 4560 1630 4616 linem
1661 4565 1974 4618 consecuta

2001 3263 2044 3330 C

2083 1989 2400 2064 ἀνθρὼπους
2433 1985 2717 2042 ἀπολέσαι·
2748 1983 2894 2040 ἀλλᾶ
2925 1985 3060 2058 μετὰ
3086 1985 3186 2054 τήν
3225 1979 3458 2039 κιϐωτὸν
3507 1983 3736 2055 πεποίη-

2079 2099 2191 2134 κεν.
2241 2073 2500 2133 Ἠδύνατο
2547 2077 2636 2130 καὶ
2687 2075 2862 2151 χωρὶς
2915 2073 3157 2134 Μωσέως
3207 2073 3297 2128 καὶ
3339 2071 3504 2146 μόνον
3540 2071 3732 2144 εἰπεῖν,

2079 2168 2168 2221 καὶ
2202 2165 2474 2240 ἐξαγαγεῖν
2523 2166 2613 2219 τὸν
2668 2163 2797 2220 λαὸν
2851 2162 2902 2236 ἐξ
2963 2161 3263 2237 Αἰγύπτουο
3306 2158 3454 2216 ἀλλὰ
3484 2161 3734 2240 συνέφερε

2081 2251 2170 2309 διὰ
2200 2254 2458 2315 Μωσέως.
2493 2250 2755 2310 Ἠδῦνατο
2785 2252 2874 2307 καὶ
2911 2251 3087 2327 χωρῖς
3133 2255 3240 2306 τῶν
3287 2255 3485 2326 κριτῶν
3539 2250 3729 2320 σώζειν

2076 2346 2168 2398 τὸν
2201 2341 2331 2399 λαὸν
2365 2341 2392 2396 ὀ
2452 2342 2600 2404 Θεός·
2651 2339 2798 2396 ἀλλὰ
2847 2339 3099 2418 συνέφερε
3123 2343 3239 2401 τοῖς
3273 2337 3394 2418 λοῖς
3427 2341 3540 2412 (91)
3596 2339 3731 2393 κατὰ

2077 2433 2262 2508 καιρὸν
2325 2429 2620 2507 ἐγείρεσθαι
2695 2431 2884 2506 κριτὴν
2955 2428 3160 2491 αὐτοῖς.
3221 2405 3482 2486 Ἠδύνατο
3532 2426 3620 2482 καὶ
3679 2425 3728 2499 ἐξ

2079 2521 2258 2598 ἀρχῆς
2291 2521 2319 2574 6
2353 2521 2549 2594 Σωτήρ
2581 2517 2940 2591 ἐπιδημῆσαι,
2974 2519 3008 2587 ἢ
3043 2516 3216 2572 ἐλθὼν
3249 2517 3323 2589 μὴ
3356 2513 3727 2592 παραδοθῆναι

2080 2609 2324 2682 Πιλάτῳο
2360 2607 2505 2664 ἀλλὰ
2533 2609 2624 2663 καὶ
2653 2607 2740 2663 ἐπὶ
2773 2610 2883 2680 (92)
2915 2605 3192 2679 συντελείᾳ
3219 2610 3326 2661 τῶν
3378 2604 3590 2660 αἰώνων
3623 2602 3728 2674 ἧλ-

2080 2702 2158 2766 Θε,
2190 2698 2279 2753 καὶ
2313 2697 2648 2770 ζητούμενος
2707 2698 2872 2753 εἶπεν.
2930 2697 3075 2772 Ἐγώ
3135 2695 3271 2769 εἶμι·
3335 2694 3364 2749 ὃ
3395 2693 3498 2770 γὰρ
3557 2698 3728 2765 ποιεῖ,

2077 2793 2239 2842 τοῦτο
2285 2787 2374 2842 xui
2429 2787 2688 2865 συμφέρει
2734 2791 2852 2848 τοῖς
2901 2785 3230 2862 ἀνθρώποις,
3280 2783 3369 2838 καὶ
3416 2779 3585 2845 ἄλλος
3631 2781 3732 2838 οὐκ

2080 2871 2277 2952 ἔπρεπε
2322 2876 2582 2952 γενέσθαι·
2634 2876 2724 2930 καὶ
2777 2873 2908 2948 ὅπερ
2968 2871 3026 2928 δὲ
3071 2871 3333 2950 συμφέρει
3363 2872 3452 2926 καὶ
3509 2877 3728 2947 πρέπει,

2078 2967 2276 3020 τούτου
2306 2965 2396 3019 καὶ
2427 2963 2686 3038 πρόνοιαν
2712 2968 2969 3020 ποιεῖται.
3002 2965 3177 3026 Ἦλθε
3202 2959 3580 3036 γοῦν,οὖχ’ἰνα
3609 2957 3728 3015 δια-

2079 3057 2312 3127 κονηθῇ,
2363 3051 2491 3108 ἀλλ’
2531 3051 2623 3107 ’ἕνα
2670 3048 2994 3126 διακονήσῃ,
3044 3051 3135 3105 καὶ
3166 3052 3265 3119 τήν
3299 3052 3459 3122 ἡμῶν
3490 3049 3726 3126 ἐργάση-

2079 3164 2166 3198 ται
2197 3141 2490 3217 σωτηρίαν.
2541 3139 2763 3214 ’,Δμὲλει
2815 3137 3108 3214 δυνάμενος
3161 3143 3269 3212 (93)
3295 3136 3400 3194 ἀπδ
3432 3143 3530 3193 τοῦ
3562 3137 3728 3216 οὖρα-

2079 3235 2175 3286 νοῦ
2208 3229 2444 3300 λαλῆσαι
2491 3230 2582 3286 τὸν
2630 3229 2826 3302 νόμον,
2859 3226 3014 3298 εἶδεν,
3047 3230 3131 3283 ὅτι
3162 3227 3444 3284 λυσιτελεῖ
3490 3232 3605 3290 τοῖς
3635 3228 3726 3282 ἀν-

2090 3321 2328 3392 θρώποις
2359 3319 2466 3374 ἀπὸ
2493 3324 2589 3374 τοῦ
2621 3324 2752 3373 Σινᾶ
2783 3317 3048 3386 λαλῆσαι,
3076 3317 3165 3372 καὶ
3212 3321 3376 3372 τοῦτο
3403 3316 3724 3385 πεποίηκεν,

2083 3408 2167 3463 ἷνα
2195 3409 2284 3464 xui
2333 3411 2536 3477 Μωσῆς
2576 3402 2837 3477 ἀναϐῆναι
2896 3404 3126 3481 δυνηθῇ,
3182 3407 3422 3462 κάκεῖνοι
3472 3408 3582 3476 (94)
3631 3405 3722 3460 τὸν

2080 3495 2244 3572 λόγον
2281 3497 2494 3574 ἐγγῦθεν
2527 3497 2834 3559 ἀκούοντες⁴
2871 3494 3081 3569 μᾶλλον
3115 3499 3394 3550 πιστεῦσῃι
3428 3492 3721 3574 δυνηθῶσι.

2080 3571 2234 3656 Πλὴν
2265 3571 2361 3641 καὶ*
2401 3587 2464 3640 τὸ
2495 3581 2723 3670 εὔλογονΔ
2761 3589 2858 3640 τοῦ
2906 3585 3202 3660 γενομένου
3250 3586 3471 3659 Θεωρεῖν
3525 3571 3830 3670 ἔξεσβινἽ-

2081 3676 2336 3732 ἐντεῦθεψ
2371 3673 2437 3729 E'.’
2466 3673 2556 3729 διὰ
2581 3676 2642 3729 τὸ
2676 3667 2893 3754 δβνατὸν
2945 3673 3174 3750 εἰρήκει,
3223 3673 3312 3728 καὶ
3353 3670 3578 3729 ἐλέλυτο
3611 3667 3723 3745 (95)
3775 3688 3821 3734 \J

2078 3767 2114 3834 ἡ
2139 3763 2362 3836 κατάρα’
2395 3767 2490 3817 τοῦ
2543 3764 2636 3835 μὶν
2689 3762 3041 3825 κελεύσαντος
3096 3765 3132 3832 ἡ
3166 3759 3394 3836 δύναμις
3426 3759 3726 3817 ἐπεδείκνυ-

2077 3875 2160 3921 το,
2196 3853 2224 3908 ὁ
2257 3853 2441 3923 μέντοι
2487 3850 2768 3924 ἄνθρωπος
2813 3856 3062 3914 τοιοῦτος
3113 3850 3341 3926 ἰγίνετο,
3377 3851 3491 3912 οἶος
3522 3850 3588 3919 ἦν
3638 3849 3729 3904 xui

2081 3944 2109 3997 6
2141 3938 2320 4013 Ἀδὰμ
2350 3943 2458 4013 (96)
2491 3943 2596 4016 πρό
2627 3947 2728 4010 τῆς
2757 3935 3142 4015 παραϐάσεως,
3187 3935 3380 4010 ἔξωθεν
3415 3932 3599 3994 λαϐὼν
3631 3939 3730 4007 τήν

2079 4030 2262 4108 χάριν,
2301 4028 2391 4086 καὶ
2462 4031 2536 4102 μή
2589 4032 3030 4106 συνερμοσμὲνην
3079 4024 3223 4104 ἔχων
3285 4028 3450 4097 αὐτὴν
3498 4032 3576 4100 τῷ
3625 4027 3734 4082 σώς-

2085 4137 2231 4192 ματι·
2264 4123 2512 4178 τοιοῦτος
2543 4118 2645 4193 γάρ
2679 4115 2753 4172 ὢν
2781 4118 2870 4172 καὶ
2901 4117 3024 4173 τότε
3071 4119 3275 4173 τὲθειτο
3325 4117 3376 4172 ἐν
3419 4121 3500 4190 τῷ
3555 4135 3730 4190 παρα-

2083 4203 2269 4278 δείσῳ·
2300 4204 2445 4280 τάχα
2485 4203 2543 4260 δὲ
2571 4206 2661 4260 καὶ
2694 4207 2894 4282 χείρων
2927 4205 3153 4281 ἐγίνετο,
3187 4205 3271 4262 ὅτι
3329 4208 3438 4280 (97)
3486 4203 3575 4262 καὶ
3625 4225 3730 4260 παο

2081 4289 2351 4371 ραϐαίνειν
2406 4294 2737 4369 μεμάθηκεν.
2799 4297 2890 4349 Ὢν
2965 4295 3142 4350 τοίνυν
3215 4299 3484 4362 τοιοῦτος,
3542 4293 3585 4349 εἰ
3639 4293 3731 4349 καὶ

2080 4384 2482 4460 παραπὲπειστο
2540 4383 2642 4438 ὑπὸ
2673 4387 2768 4438 τοῦ
2826 4379 3021 4461 ὄφεως,
3072 4383 3272 4458 ἐγίνετο
3321 4381 3487 4439 πάλιν
3543 4383 3729 4459 ’χρείαο

2083 4471 2378 4548 προστάξαι
2407 4471 2498 4527 τὸν
2530 4472 2658 4526 Θεὸν
2689 4471 2778 4526 καὶ
2812 4471 2970 4528 λῦσαι
2997 4479 3096 4542 τῆν
3128 4472 3382 4548 κατάραν·
3433 4473 3524 4528 καὶ
3555 4471 3729 4533 οὕτως

2085 4560 2164 4622 εἷς
2194 4561 2413 4636 ἄπειρον
2445 4559 2652 4637 ἐγίνετο
2682 4563 2717 4630 ἡ
2749 4560 2930 4637 χρεία,
2963 4561 3054 4616 xui
3109 4559 3264 4618 οόδὶν
3313 4561 3476 4630 ἦττον
3528 4561 3580 4616 oi
3636 4557 3728 4614 ἄν-

391 4717 435 4756 ⁵¹
468 4717 638 4776 Joan.
670 4735 796 4788 vm,
827 4719 918 4774 36.
985 4720 1032 4755 ⁴²
1055 4719 1226 4776 Joan.
1259 4736 1420 4787 xvm,
1442 4720 1498 4776 5.
1556 4721 1602 4756 ‘3
1629 4720 1832 4779 Matth.
1854 4737 1951 4794 xx,
1987 4721 2079 4778 28.

393 4873 508 4946 (89)
535 4873 926 4946 Seguerianns
957 4879 1016 4930 et
1053 4871 1306 4929 Felckm.
1337 4874 1390 4944 4,
1424 4869 1598 4934 λύσις.
1629 4874 1741 4930 Alii
1766 4880 1824 4930 et
1855 4875 1975 4931 edi-
2002 4878 2050 4943 Ι)

322 4941 712 5018 ῐὶ,’λι3τρωᾶις.

392 5017 504 5087 (90)
527 5011 794 5088 ’ὅθευθνη
857 5011 997 5088 ἐπεί,
1051 5023 1125 5088 et_
1162 5015 1405 5088 ibidem,
1457 5015 1565 5088 πρὸ
1603 5020 1702 5088 τῇς
1733 5018 1852 5070 Νῶε
1880 5036 1969 5071 κι-

321 5078 523 5140 ϐωτοῦ.
558 5078 666 5141 Alii
700 5097 757 5143 et
781 5078 949 5154 editi,
983 5078 1194 5156 ἐπειδη,
1230 5097 1288 5144 et
1315 5078 1422 5153 πρὸ
1451 5078 1553 5158 τῆς
1583 5078 1846 5141 κιϐωτοῦ.

395 5160 508 5229 (91)
538 5163 799 5230 Seguer.,
832 5159 1030 5230 Basil.,
1059 5159 1315 5230 Gobler.,
1348 5161 1498 5216 Felc.
1558 5162 1582 5214 1
1639 5166 1698 5216 et
1742 5160 1796 5228 ,4
1849 5162 1968 5220 τοῖς

318 5227 500 5300 λαοῖς.
533 5227 645 5284 Alii
677 5237 734 5285 et
764 5229 928 5300 editi,
961 5235 1077 5291 τοῖς
1109 5227 1325 5290 ἄλλοις.

2152 4875 2263 4947 (95)
2291 4874 2842 4956 _S_eguer.,__(_].obler..
2876 4881 2935 4932 et
2954 4875 3302 4956 Eelckman.
3352 4877 3495 4956 iuet
3521 4876 3577 4948 9,
3607 4871 3728 4956 ἐλε-

2082 4943 2397 5021 λυτοζΑΙξῙ
2415 4953 2471 5021 et
2499 4943 2663 5021 editi,
2697 4944 2917 5021 λέλυτο.
2951 4949 3084 5021 Mox
3111 4955 3372 5021 segnem,
3406 4943 3575 5021 Reg;
3605 4954 3725 5021 {tn-

2081 5018 2217 5088 glic.
2251 5024 2308 5075 et
2339 5017 2487 5074 Felc.
2521 5020 2578 5086 2,
2607 5014 2901 5072 ἐδείκνυτο.
2935 5019 3137 5076 Ceteri
3185 5014 3250 5089 Et
3297 5019 3457 5089 editi,
3491 5014 3727 5072 ’ἐπεδεί-

2079 5108 2263 5163 κνυτο.
2297 5095 2534 5163 βοευθιι.
2568 5091 2742 5163 paulo
2773 5095 2927 5160 post,
2955 5094 3205 5163 τοιοῦτος
3237 5088 3465 5163 ἐγένετο.

2153 5162 2260 5232 (96)
2295 5159 2840 5230 εθέυθΐηῖἓοωθὶκ,
2877 5161 3023 5218 Felc'
3061 5164 3086 5216 1
3121 5170 3180 5218 et
3230 5159 3287 5229 4,
3339 5162 3457 5222 οἷος
3509 5159 3578 5228 ἦν
3634 5159 3727 5232 xui

2081 5227 2280 5322 Ἀδάμ.
2316 5227 2714 5322 Ηεξευιβεὲἱιν
2747 5232 3060 5322 anglic.'et
3084 5227 3360 5322 Felc.},
3389 5233 3505 5322 οἴρς
3537 5231 3604 5322 ἦν
3624 5230 3726 5322 Δκαὶ

389 5299 508 5374 (9.2)
543 5298 970 5374 Seguer.,_lteg.
1008 5308 1064 5358 et
1099 5303 1245 5360 Felc.
1279 5304 1333 5371 4,
1375 5298 1522 5355 ἀλλὰ
1549 5301 1639 5354 καὶ
1670 5300 1780 5355 ἐπὶ.
1815 5300 1971 5356 Editi

2088 5301 2108 5355 ὀ
2141 5298 2340 5374 Ἀδὰμ..
2375 5298 2562 5359 Ε’ἀὶιίο
2593 5298 2904 5374 Commel.,
2936 5303 3050 5364 οἶος
3078 5302 3144 5372 ἧν
3179 5304 3206 5358 ὁ
3236 5298 3416 5374 Ἀδὰμ
3445 5298 3576 5360 Mox
3624 5311 3727 5360 Sc-

318 5379 376 5430 et
396 5367 531 5441 alii,
557 5367 704 5428 ἀλλά
732 5367 842 5424 ἐπί.

393 5444 506 5516 (93)
538 5443 870 5501 Felckman.
902 5443 960 5510 2,
990 5450 1046 5516 et
1077 5443 1578 5516 editioACommelu
1633 5441 1824 5515 ἀμέλει
1878 5441 1968 5496 καὶ

319 5509 638 5588 δυνάμενος.
673 5517 788 5571 Alit
821 5509 988 5588 11188.,
1023 5513 1214 5588 ἀμέλει
1243 5509 1571 5588 δυνάμενος.
1593 5509 1723 5571 de
1752 5521 1967 5588 Segne:-

2076 5373 2431 5451 gueriannet
2460 5376 2624 5448 Reg.,
2655 5373 2852 5451 καὶ.μή
2880 5374 3356 5451 συνηρμοσμένην.
3380 5373 3501 5432 ⁷Διὶἱ
3529 5381 3590 5432 et
3609 5377 3728 5432 edi-

2079 5443 2262 5533 “:3525?
2299 5445 2374 5517 μὴ
2408 5443 2894 5533 “nem???-
3168 5443 3192 5533 ζ,

2151 5518 2262 5591 (97)
2294 5517 2554 5591 Seguer'f,
2581 5517 2686 5591 ὅτι,
2709 5517 2817 5576 alii
2841 5523 2910 5591 ct
2955 5518 3120 5586 editi,
3163 5517 3439 5591 8:2.)on
3467 5519 3726 5591 Seguer.,

320 5585 494 5666 riagL,
517 5585 1446 5666 ἔξεις.,ΑΔιιειῇουω,ξᾷοὺλςςίαιιη
1480 5588 1812 5644 Felckman.
1836 5585 1900 5654 ⁷1,
1933 5587 1966 5645 4
2074 5585 2411 5666 Anglican;
2449 5585 2908 5666 _Qobler.__Eelc.
2959 5591 2985 5644 1
3014 5585 3113 5666 et
3136 5591 3204 5666 _4,
3260 5587 3305 5643 εἰ
3336 5589 3426 5643 καὶ
3482 5585 3726 5666 ποῖραπέἐ

319 5663 376 5712 et
403 5659 459 5723 5,
478 5651 650 5712 ἐἶ’δεί
680 5651 888 5716 Ca'té'ri
917 5663 976 5714 et
1021 5651 1184 5725 editi,
1217 5655 1381 5713 οἶδεν.

389 5729 504 5804 (94)
533 5729 626 5788 Sic
657 5746 802 5788 mss.
836 5735 911 5788 At
938 5730 1118 5788 editio
1147 5729 1453 5802 Commel.,
1484 5727 1754 5785 κάκεῖνον.

2073 5677 2282 5716 πειστο.
2316 5661 2379 5718 In
2411 5661 2545 5720 aliis
2573 5669 2632 5720 et
2662 5661 2836 5720 editis
2863 5663 3028 5719 deest
3057 5660 3168 5716 καί.
