4076 6348
262 420 376 482 293

1394 416 1685 479 ORATIO
1728 416 1782 480 II
1826 416 2137 479 CONTRA
2174 414 2540 480 ARIANOS.

3558 418 3677 481 294

266 556 478 627 θρωποι
534 547 725 621 ἔμενον
779 542 1088 618 ὑπεύθυνοι,
1145 545 1495 611 δουλεύοντες
1539 552 1607 624 τῇ
1656 549 1911 623 ἁμαρτίαι

2034 557 2185 608 esset
2214 551 2947 623 necessitas,hominesque
2977 550 3365 608 nihilominus
3397 552 3478 609 rei
3510 569 3679 608 man-

266 639 345 695 ἆεὶ
380 637 440 693 δὲ
485 636 901 714 ἁμαρτάνοντες,
934 637 1017 692 ἀεὶ
1070 635 1285 692 ἐδέοντο
1336 642 1435 693 τοῦ
1482 642 1913 715 συγχο›ροί’›ντος,

263 728 352 783 καὶ
403 725 667 783 οὐδέποτε
726 724 1125 803 ἠλευθεροῦντο
1175 728 1312 800 (98),
1364 728 1555 803 σάρκες
1604 723 1752 789 ὄντες
1800 728 1917 791 καθ’

266 815 514 883 ἑαυτοὺς,
547 817 638 871 καὶ
671 814 752 871 ἀεὶ
782 815 1201 889 ἡττώμενοιτῷ
1244 816 1400 889 νόμῳ
1460 814 1550 870 διὰ
1604 819 1702 886 τὴν
1762 817 1917 881 ἀσθέ-

265 927 411 961 νειαν
443 912 543 975 τῆς
574 904 792 978 σαρκός.

326 1104 421 1158 69.
456 1098 628 1156 Πάλιν
677 1121 735 1155 τε
783 1099 828 1155 εἰ
880 1099 1081 1174 κτίσμα
1126 1101 1192 1169 ἦν
1241 1101 1270 1155 6
1318 1101 1464 1170 Υἱὸς,
1507 1097 1694 1175 ἔμενεν
1746 1102 1774 1155 6
1824 1100 1914 1156 ἂν·

259 1203 481 1266 θρωπος
535 1187 691 1245 οὐδὲν
745 1189 909 1259 ἦττον
962 1190 1180 1262 θνητὸς,
1240 1191 1315 1263 μὴ
1382 1189 1785 1262 συναπτόμενος
1834 1194 1915 1262 τῷ

256 1285 373 1351 Θεῷ
594 1279 659 1333 οὐ
706 1278 807 1353 γάρ
852 1277 1053 1351 κτίσμα
1107 1282 1345 1348 συνῆπτε
1398 1279 1469 1334 τὰ
1524 1278 1797 1351 κτίσματα
1837 1284 1915 1350 τῷ

253 1373 394 1439 Θεῷ,
430 1371 627 1437 ζητοῦν
660 1366 752 1421 καὶ
784 1364 916 1421 αὐτὸ
944 1366 1036 1421 τὸν
1071 1368 1429 1421 συνάπτοντα·
1466 1364 1593 1420 οὑδὲ
1643 1367 1705 1421 τὸ
1752 1365 1916 1443 μέρος

252 1460 353 1522 τῆς
401 1457 629 1519 κτίσεως
682 1455 929 1531 σωτηρία
978 1459 1078 1522 τῆς
1122 1455 1347 1517 κτίσεως
1396 1454 1457 1510 ἂν
1513 1452 1621 1525 εἷή,
1656 1453 1912 1531 δεόμενον

252 1545 344 1599 καὶ
374 1543 513 1598 αὐτὸ
545 1543 843 1619 σωτηρίας.
874 1545 993 1600 Ἵνα
1041 1541 1133 1597 οὖν
1196 1539 1337 1617 μηδὲ
1365 1547 1526 1598 τοῦτο
1556 1543 1777 1617 γένηται
1812 1546 1910 1617 (1),

254 1634 463 1706 πέμπει
520 1633 616 1689 τὸν
673 1633 865 1688 ἑαυτοῦ
922 1633 1069 1700 Υίὸν,
1126 1632 1217 1687 καὶ
1272 1632 1477 1707 γίνεται
1537 1632 1655 1694 υἱὸς
1706 1632 1911 1706 ἀνθρώ-

255 1743 387 1791 που,
435 1724 540 1793 τὴν
601 1723 822 1792 κτιστήν
872 1723 1043 1797 σάρκα
1102 1716 1329 1775 λαϐών’
1380 1719 1476 1789 είν’,
1531 1718 1717 1790 ἐπειδὴ
1778 1723 1912 1775 πάν-

254 1832 345 1874 τες
373 1810 507 1866 είσὶν
545 1808 834 1874 ὑπεύθυνοι
870 1814 952 1883 τῷ
998 1809 1238 1882 θανάτῳ,
1270 1806 1444 1871 ἄλλος
1495 1808 1568 1863 ὣν
1618 1810 1726 1863 τῶν
1778 1809 1913 1864 πάν-

2028 641 2267 709 sissent,
2298 657 2366 697 ac
2411 646 2650 713 peccato
2680 641 3039 697 serviissenl.
3074 640 3161 697 Ita
3201 649 3398 697 autem
3446 657 3679 714 semper

2027 729 2345 801 peccando,
2374 745 2610 801 semper
2634 729 3001 784 condonante
3032 745 3180 798 Opus
3210 728 3578 800 habuissent,
3611 745 3677 786 ac

2028 819 2271 889 proinde
2298 834 2607 889 nunquam
2642 818 2893 874 fuissent
2923 817 3176 885 liberati,
3219 835 3353 873 cum
3383 835 3453 874 ex
3483 835 3545 875 se
3575 818 3683 875 toti

2025 906 2146 963 sint
2172 907 2392 976 carnei,
2427 911 2605 978 atque
2635 908 2709 963 ob
2741 908 2935 963 carnis
2967 907 3372 965 inﬁrmitatem
3400 906 3519 981 legi
3534 925 3685 965 sem-

2029 1011 2133 1067 per
2164 996 2574 1051 succumbant.

2092 1102 2181 1156 69.
2218 1102 2499 1158 Pristerea
2531 1102 2582 1157 si
2617 1100 2800 1159 Filius
2831 1118 2924 1158 res
2957 1106 3152 1159 creata
3172 1107 3352 1173 esset,
3383 1103 3559 1160 homo
3592 1103 3681 1159 ni-

2024 1189 2347 1246 hilominus
2380 1190 2647 1246 mortalis
2680 1195 3240 1264 remaneret,utpote
3271 1192 3517 1249 minime
3546 1209 3682 1249 cum

2028 1280 2140 1335 Deo
2170 1278 2631 1350 copulatus.Nec
2662 1279 2818 1334 enim
2844 1296 2936 1334 res
2966 1279 3166 1351 aliqua
3196 1286 3390 1336 creata
3409 1297 3500 1338 res
3529 1280 3680 1337 alias

2024 1372 2251 1423 creatas
2282 1385 2421 1423 cum
2451 1368 2567 1423 Deo
2596 1373 2786 1441 potest
2818 1370 3197 1441 conjungere,
3231 1387 3367 1426 cum
3398 1370 3528 1442 ipsa
3548 1388 3682 1427 con-

2016 1458 2366 1528 jungentem
2417 1456 2677 1528 aliquem
2737 1463 2978 1529 quaerat.
3044 1458 3242 1530 Neque
3290 1475 3427 1531 pars
3483 1460 3680 1530 aliqua

2024 1550 2228 1602 creatis
2258 1550 2482 1603 natura:
2515 1545 2761 1602 salutem
2788 1546 2871 1601 illi
2894 1552 3095 1619 posset
3124 1548 3330 1605 αξιοι-[θ
3358 1549 3509 1607 425
3544 1565 3680 1605 cum

2024 1635 2153 1706 ipsa
2183 1634 2370 1690 salute
2402 1650 2639 1706 quoque
2671 1635 2951 1706 indigeat.
2985 1636 3145 1702 Quod
3207 1654 3279 1693 ne
3308 1638 3493 1709 lleret,
3526 1637 3682 1695 Deus

2023 1723 2117 1777 sui
2147 1723 2338 1795 ipsius
2372 1723 2580 1778 Filium
2614 1722 2795 1793 misit,
2814 1723 2916 1795 qui
2946 1729 3140 1780 creata
3169 1741 3346 1781 carne
3374 1731 3683 1798 assumpta

2022 1811 2213 1868 factus
2241 1817 2333 1868 est
2365 1811 2525 1868 filius
2555 1812 2835 1883 hominis,
2899 1817 2961 1868 ut
3017 1814 3296 1886 quoniam
3352 1831 3561 1872 omnes
3591 1816 3679 1873 rei

253 1921 389 1968 των,
421 1899 587 1960 αὐτὸς
620 1898 751 1973 ὑπὲρ
782 1899 998 1954 πάντων
1052 1899 1116 1953 τὸ
1170 1894 1311 1953 ἴδιον
1365 1902 1529 1971 σῶμα
1578 1902 1657 1970 τῷ
1702 1898 1912 1971 θανάτῳ

2034 1905 2219 1957 essent
2248 1901 2476 1972 mortis,
2509 1900 2608 1957 ille
2633 1902 2733 1973 qui
2765 1902 2918 1958 alius
2954 1907 3044 1960 est
3098 1904 3171 1959 ab
3218 1903 3516 1975 omnibus,
3544 1920 3678 1977 pro-

252 1986 615 2065 προσενέγκῃ,
645 1986 738 2041 καὶ
794 1986 1013 2060 λοιπὸν,
1045 1987 1120 2049 ὡς
1168 1988 1385 2042 πάντων
1437 1984 1508 2041 δι’
1562 1987 1729 2041 αὐτοῦ
1775 1987 1911 2042 ἀπο-

253 2073 556 2144 Θανόντων,
591 2078 620 2130 6
656 2077 750 2150 μὲν
784 2074 949 2151 λόγος
981 2082 1080 2145 τῆς
1110 2076 1436 2150 ἀποφάσεως
1464 2075 1739 2153 πληρωθῇ
1765 2078 1913 2149 (πάν-

248 2188 342 2228 τες
369 2167 478 2241 γάρ
509 2163 777 2230 ἀπέθανον
835 2164 891 2220 ἐν
921 2166 1163 2239 Χριστῷ(
1366 2165 1560 2226 πάντες
1613 2162 1670 2220 δὲ
1714 2162 1782 2219 δι’
1813 2165 1909 2219 αύ-

245 2261 348 2312 τοῦ
378 2257 644 2332 γένωνται
678 2254 875 2310 λοιπόν
909 2253 1183 2331 ἐλεύθεροι
1222 2255 1316 2328 μὲν
1359 2254 1467 2309 ἀπὸ
1513 2257 1611 2323 τῆς
1643 2254 1909 2330 ἁμαρτίας

249 2345 347 2400 καὶ
379 2350 480 2414 τῆς
511 2341 582 2399 δι’
613 2344 782 2413 αὐτὴν
816 2344 1075 2417 κατάρας,
1108 2343 1331 2414 ἀληθῶς
1366 2341 1423 2398 δὲ
1453 2340 1796 2416 διαμείνωσιν
1834 2344 1908 2415 (3)

254 2433 427 2490 εἰσαεὶ
488 2433 807 2494 ἀναστάντες
876 2432 934 2488 ἐκ
989 2434 1191 2510 νεκρῶν
1222 2476 1236 2501 ,
1298 2432 1385 2488 καὶ
1462 2432 1749 2487 ἀθανασίαν
1821 2431 1910 2487 καὶ

254 2521 560 2599 ἀφθαρσίαν
604 2518 980 2595 ἐνδυσάμενοι.
1011 2523 1124 2578 Τοῦ
1165 2521 1267 2597 γὰρ
1322 2521 1505 2597 Λόγου
1550 2519 1911 2594 ἐνδυσαμένου

254 2616 358 2681 τὴν
382 2614 576 2687 σάρκα,
608 2611 790 2673 καθὼς
817 2607 1092 2673 πολλάκις
1125 2607 1412 2681 δέδεικται,
1443 2615 1547 2665 πᾶν
1598 2611 1694 2684 μὲν
1726 2607 1911 2684 δῆγμα

260 2705 359 2754 τοῦ
388 2696 567 2775 ὄφεως
602 2696 671 2753 δι’
702 2699 836 2754 ὅλου
865 2694 1253 2754 κατεσϐέννυτο
1283 2698 1374 2754 ἀπ’
1431 2700 1622 2769 αὐτῆς·
1658 2696 1712 2754 εἷ’
1747 2720 1798 2754 τι
1853 2698 1911 2754 ἐκ

260 2793 367 2842 τῶν
419 2791 691 2864 σαρκικῶν
736 2788 1054 2860 κινημάτων
1110 2787 1362 2865 ἀνεφύετο
1413 2787 1601 2858 κακὸν,
1633 2787 1909 2858 ἐξεγόπτε-

259 2899 343 2945 το,
378 2877 470 2932 καὶ
502 2881 857 2950 συνανῃρεῖτο
891 2878 964 2948 (4)
997 2876 1215 2939 τούτοις
1247 2878 1275 2931 6
1313 2882 1413 2946 τῆς
1462 2877 1731 2951 ἁμαρτίας
1782 2877 1908 2931 ἀκό-

261 2966 462 3027 λουθος
493 2966 745 3032 θάνατος,
777 2965 851 3025 ὡς
896 2965 1058 3027 αὐτὸς
1105 2966 1133 3019 ὁ
1187 2965 1382 3041 Κύριός
1430 2986 1614 3043 φησιν*
1649 2966 1910 3040 Ἔρχεται

259 3057 286 3108 ὁ
360 3053 549 3129 ἅρχων
627 3058 725 3108 τοῦ
803 3053 1012 3127 κόσμου
1089 3054 1309 3123 τούτου,
1370 3055 1457 3109 καὶ
1532 3052 1688 3109 οὐδὲν
1765 3052 1912 3126 εὑρί-

254 3163 373 3197 σκει
430 3146 507 3215 (5)
540 3141 594 3196 ἐν
646 3141 791 3215 ἐμοί·
841 3142 955 3208 καὶ,
988 3142 1083 3205 Εἰς
1124 3146 1287 3197 τοῦτο
1316 3143 1420 3219 γὰρ
1468 3142 1803 3218 ἐφανερώθη,
1837 3143 1913 3205 ὡς

262 3231 492 3306 ἔγραψεν
554 3232 583 3285 ὁ
640 3229 1032 3302 Ἰωάννης,’ίνα
1089 3230 1229 3306 λύσῃ
1283 3233 1352 3287 τὰ
1402 3229 1529 3307 ἔργα
1570 3237 1667 3287 τοῦ
1722 3226 1910 3286 61:166-

256 3322 385 3377 λου.
417 3319 637 3375 Τούτων
667 3316 725 3375 δὲ
756 3322 830 3394 (6)
864 3319 1134 3384 λυθέντων
1162 3320 1269 3375 ἀπὸ
1314 3327 1415 3385 τῆς
1467 3321 1687 3396 σαρκὸς,
1721 3320 1913 3384 πάντες

263 3411 406 3465 οὕτω
444 3410 587 3465 κατά
625 3411 727 3480 τήν
776 3410 1086 3485 συγγένειαν
1138 3417 1237 3479 τῆς
1289 3409 1484 3486 σαρκὸς
1538 3408 1917 3486 ἠλευθερώθη-

266 3521 383 3572 μεν,
414 3498 508 3554 καὶ
541 3497 737 3553 λοιπὸν
771 3500 1015 3576 συνήφθη
1028 3518 1122 3571 μεν
1150 3497 1242 3554 καὶ
1272 3500 1440 3571 ἡμεῖς
1468 3503 1553 3571 τῷ
1580 3498 1760 3574 Λόγῳ.
1787 3505 1919 3554 Συν-

267 3587 525 3662 αφθέντες
582 3583 642 3641 δὲ
694 3590 774 3658 τῷ
832 3591 970 3659 Θεῷ,
1004 3587 1184 3642 οὐκέτι
1244 3588 1337 3660 μὲν
1394 3586 1483 3642 ἐπὶ
1510 3594 1612 3662 γῆς
1645 3587 1918 3660 ἀπομένο-

271 3697 369 3748 μεν
405 3678 508 3749 (7),
541 3673 670 3730 ἀλλ’
700 3676 775 3737 ὡς
808 3676 971 3737 αὐτὸς
1014 3677 1179 3744 εἶπεν,
1212 3674 1351 3730 ὅπου
1397 3676 1578 3743 αὐτὸς,
1611 3676 1701 3731 καὶ
1753 3679 1919 3748 ἡμεῖς

271 3765 529 3837 ἐσόμεθα·
561 3763 652 3819 καὶ
686 3762 882 3819 λοιπὸν
913 3760 1038 3819 οὔτε
1065 3765 1157 3819 τὸν
1190 3760 1313 3839 ὅφιν
1344 3759 1421 3818 ἔτι
1463 3759 1915 3840 φοϐηθησόμεθασ

268 3855 594 3928 κατηργήθη
623 3852 727 3926 γὰρ
755 3850 807 3907 έν
838 3856 906 3927 τῇ
948 3853 1106 3928 σαρκὶ
1159 3850 1420 3928 διωχθεὶς
1466 3854 1614 3929 παρά
1662 3858 1757 3908 τοῦ
1798 3860 1919 3907 Σω-

266 3950 462 4019 τῆρος,
524 3941 615 3997 καὶ
675 3941 942 4005 ἀκούσας’
1001 3945 1206 4019 Ὕπαγε
1261 3942 1434 3998 ὀπίσω
1496 3965 1622 4015 μου,
1684 3947 1915 3997 Σατανᾶ·

263 4034 354 4086 καί
400 4030 579 4092 οὕτως
608 4027 711 4101 ἔξω
740 4034 836 4085 τοῦ
887 4028 1215 4102 παραδείσου
1266 4032 1522 4108 τυγχάνει
1577 4030 1919 4106 βαλλόμενος

266 4120 344 4183 εἰς
373 4121 439 4175 τὸ
468 4123 578 4195 πῦρ
606 4120 671 4174 τὸ
699 4118 944 4175 αἰώνιον·
979 4117 1105 4175 οὔτε
1134 4118 1192 4176 δὲ
1246 4124 1321 4194 (8)
1373 4126 1604 4195 γυναῖκα
1652 4119 1917 4197 παραπεί-

262 4222 457 4273 θουσαν
526 4206 919 4284 φυλαξόμεθαο
976 4210 1065 4265 Ἐν
1115 4210 1219 4286 γὰρ
1294 4214 1362 4285 τῇ
1441 4209 1720 4265 ἀναστάσει
1797 4206 1920 4264 οὔτε

258 4303 559 4374 γαμοῦσιν,
617 4295 742 4353 οὔτε
814 4297 1184 4373 γαμίζονται,
1239 4296 1367 4355 ἀλλ’
1422 4298 1554 4354 εἰσὶν
1625 4297 1699 4362 ὡς
1755 4296 1919 4375 ἄγγε-

262 4388 348 4444 λοι
567 4388 659 4443 καὶ
711 4386 765 4444 ἐν
814 4391 1031 4463 Χριστῷ
1064 4389 1244 4459 Ἰησοῦ
1297 4391 1455 4459 καινή
1500 4388 1671 4451 κτίσις
1726 4385 1871 4443 ἔσται
1904 4406 1916 4419 ·

258 4477 345 4531 καὶ
377 4474 507 4531 οὔτε
536 4473 716 4552 ἄρσεν,
750 4473 874 4531 οὔτε
904 4476 1068 4547 θῆλυ,
1104 4475 1251 4532 ἀλλά
1278 4477 1455 4532 πάντα
1505 4478 1595 4532 καὶ
1649 4477 1700 4532 έν
1756 4481 1914 4531 πᾶσιν

326 4644 375 4678 ⁴⁴
402 4641 579 4699 Joan.
634 4658 755 4708 xxv,
793 4642 882 4698 30.
961 4642 1059 4700 “1
1096 4643 1266 4700 Joan.
1313 4660 1399 4711 ιιι,
1440 4643 1494 4698 Ρ.

258 4731 335 4785 vr,
367 4715 458 4770 15.
537 4712 582 4749 ⁸ο
613 4713 808 4771 Galat.
840 4730 928 4783 ru,
958 4716 1050 4783 28,
1077 4715 1135 4784 ;l
1170 4716 1301 4773 Cor.
1332 4732 1427 4784 xv,
1458 4716 1549 4771 28.

350 4886 743 4962 98)(8θδιιθιδ.ἶ
773 4880 1187 4962 ἐλευθεροῦ-»τος
1240 4886 1602 4962 ἀρκεσθέντες.
1658 4886 1915 4957 Gobler.,
1948 4889 1995 4953 D

332 4888 445 5012 (98)
478 4890 740 4959 Seguer.,
773 4888 1187 4960 ἐλευθεροῦ-»τος
1240 4888 1602 4962 ἀρκεσθέντες.
1658 4888 1915 4970 Gobler.,

267 4958 336 5038 F'e
362 4961 507 5038 οἷά..
540 4958 678 5038 4uet
728 4960 782 5025 5,
818 4955 1262 5038 ﬁhuﬂepobvmﬂ
1291 4958 1657 5038 ἀρκεσθέντες.
1698 4962 1918 5038 ,Οεξξῐεη

263 5036 319 5103 et
347 5030 518 5103 editi,
547 5025 966 5102 ἠλευθεροῦντο,
1002 5025 1194 5103 σάρκες
1233 5025 1406 5092 ὄντες.
1441 5032 1587 5088 Ibid.
1619 5028 1708 5084 καί
1760 5032 1922 5087 deest

268 5102 323 5156 in
349 5101 586 5157 Gobler.
620 5108 678 5156 et
704 5101 854 5156 Felc.
892 5103 942 5155 1.

335 5172 450 5245 (99)
477 5177 717 5244 Seguer.
756 5180 821 5245 et
845 5172 994 5245 Felc.
1027 5174 1081 5237 4,
1115 5171 1518 5245 συναπτόμενος
1549 5176 1685 5245 Θεῷ.

335 5237 668 5370 (1)’868Ῑιοι’
693 5284 705 5300 .
754 5241 824 5297 ’ίν⁹
879 5241 971 5296 οὖν
1024 5246 1184 5297 τοῦτο
1241 5246 1316 5316 μὴ
1360 5237 1588 5318 ’γένηται
1616 5237 1650 5300 .’
1685 5243 1917 5300 Gobler.

335 5331 415 5370 ac.
450 5317 475 5370 1
511 5324 573 5370 et
602 5316 656 5370 4.
700 5316 815 5370 Ἵνα
867 5313 957 5368 οὖν
1017 5316 1093 5370 μὴ
1124 5319 1306 5370 τοῦτο.
1340 5323 1450 5370 etc.
1485 5317 1636 5370 Editi
1692 5324 1748 5370 et
1800 5315 1917 5370 alii.

267 5313 415 5372 Felc.
511 5313 573 5371 ἐι
700 5316 815 5371 Ἵνα
867 5313 957 5368 οὖν
1016 5316 1093 5387 μὴ
1124 5313 1306 5383 τοῦτο,
1340 5313 1450 5373 etc.
1485 5317 1636 5372 Editi
1692 5324 1748 5372 et
1800 5315 1917 5384 alii,

263 5387 374 5439 Ἵνί
406 5384 499 5440 οὖν
534 5382 675 5457 μηδὲ
702 5390 884 5457 τοῦτο,
917 5382 1027 5443 etc;

332 5460 411 5529 (‘2)
444 5456 709 5531 Semen,
741 5456 998 5531 ἀπέθανεν
1030 5458 1278 5531 Χριστῷἒ
1301 5457 1479 5531 Paulo
1513 5462 1645 5529 post
1676 5458 1916 5529 Seguer.

267 5526 695 5603 Re'gLGubler.
750 5529 907 5603 Felc:
944 5535 967 5603 _l
1029 5526 1089 5603 et
1140 5531 1195 5599 5,
1225 5526 1325 5603 :62.’
1378 5526 1918 5603 αύτοῧῌγεννῶνται.

268 5596 586 5675 ᾼηέιὶοςθι
620 5604 763 5675 Pelc.
798 5596 1151 5675 416646105
1179 5596 1462 5675 γένωνται.
1496 5596 1625 5658 ΔΗΓ
1659 5606 1716 5658 et
1743 5601 1921 5659 editio

268 5670 575 5745 Commel.,
604 5673 800 5745 πάντες
832 5670 1196 5745 δεγένωνταιέ

342 5744 421 5821 (3)
450 5740 717 5821 ﬂagitem,
748 5740 1072 5821 διαμένωσιν
1083 5788 1095 5805 ,

2020 1990 2215 2062 prium
2238 2006 2452 2062 corpus
2483 2007 2586 2063 pro
2616 1990 2894 2047 omnibus
2925 1991 3099 2048 morti
3128 1992 3568 2067 oﬂ‘erret,atqus
3598 1993 3681 2053 ita

2019 2080 2296 2136 omnibus
2323 2079 2503 2136 veluti
2530 2080 2844 2152 peripsum
2880 2080 3217 2148 mortuis,et
3245 2082 3540 2138 sententia
3571 2082 3679 2138 sd-

2018 2185 2253 2224 versum
2327 2185 2433 2225 nos
2491 2168 2608 2224 lata
2666 2169 3059 2242 compleretur
3113 2172 3339 2242 (omnes
3409 2170 3568 2227 enim
3616 2169 3678 2226 in

2019 2258 2252 2313 Christo
2292 2257 2511 2313 mortui
2552 2262 2735 2327 sunt),
2757 2266 2813 2314 et
2834 2276 3040 2316 omnes
3067 2260 3345 2332 deinceps
3376 2276 3410 2316 a
3441 2264 3680 2332 peccato

2020 2353 2077 2403 et
2105 2346 2536 2416 maledictione,
2571 2365 2698 2419 quae
2747 2365 2815 2403 ex
2873 2366 2940 2404 eo
2971 2357 3175 2405 secuta
3204 2355 3315 2420 est,
3349 2365 3453 2421 per
3481 2349 3676 2421 ipsum

2020 2436 2231 2492 ﬁerent
2261 2434 2451 2507 liberi,
2484 2436 2734 2508 vereque
2764 2437 2825 2491 in
2860 2443 3211 2509 perpetuum
3243 2441 3678 2509 permanerent,

2021 2523 2464 2581 immortalitate
2492 2531 2550 2580 et
2580 2525 3040 2597 incorruptione,
3074 2531 3387 2599 postquam
3421 2543 3677 2582 resurre-

2020 2613 2267 2680 xissent,
2297 2614 2783 2685 induti.Namque
2804 2622 3119 2686 postquam
3154 2615 3403 2672 Verbum
3436 2631 3672 2672 carnem

2020 2702 2307 2773 induit,ut
2337 2719 2489 2774 saepe
2519 2703 2744 2758 dictum
2776 2704 2966 2770 est,ab
2997 2720 3065 2759 ea
3097 2703 3422 2760 exstinctus
3439 2703 3676 2775 penitus

2021 2797 2110 2847 est
2140 2790 2429 2863 serpentis
2460 2808 2715 2861 morsus,
2734 2798 2791 2847 et
2821 2791 3105 2863 quidquid
3139 2793 3279 2848 mali
3305 2792 3679 2849 exoriebatur

2019 2896 2091 2934 ex
2119 2878 2316 2935 carnis
2346 2879 2632 2946 motibus,
2657 2879 2966 2950 praecisum
2999 2878 3242 2935 omnino
3272 2883 3383 2948 est,
3418 2894 3486 2934 ac
3510 2879 3675 2935 deni-

2021 2984 2135 3040 que
2164 2968 2293 3039 ipsa
2324 2984 2483 3023 mors
2497 2968 2719 3039 peccati
2734 2984 2929 3023 comes
2954 2968 3065 3023 luit
3093 2966 3273 3023 simul
3302 2968 3675 3039 interempta,

2022 3062 2089 3113 ut
2115 3057 2240 3129 ipse
2270 3057 2557 3112 Dominus
2589 3056 2933 3127 huiusmodi
2965 3057 3158 3112 verbis
3206 3056 3499 3112 declarat:
3527 3057 3684 3112 Venit

2018 3147 2274 3217 princeps
2300 3147 2464 3215 huius
2483 3146 2760 3213 mundi,et
2778 3146 2928 3201 nihil
2958 3148 3125 3201 inme
3149 3148 3361 3202 invenit
3388 3147 3454 3199 “.
3488 3145 3560 3201 Et
3584 3162 3598 3200 :
3618 3147 3687 3203 In

2024 3236 2122 3291 hoc
2150 3237 2298 3291 enim
2325 3237 2612 3307 apparuit,
2634 3236 2720 3290 uti
2751 3234 2992 3307 scripsit
3020 3233 3301 3302 Joannes,
3332 3242 3396 3289 ut
3423 3233 3686 3291 dissolvat

2024 3339 2189 3397 Opera
2217 3324 2432 3380 diaboli
2460 3324 2525 3379 ⁸⁸.
2562 3324 2666 3379 His
2694 3330 2891 3379 autem
2922 3340 3095 3379 carne
3126 3323 3454 3392 dissolutis,
3477 3339 3684 3379 omnes

2027 3418 2264 3486 propter
2294 3414 2487 3469 carnis
2518 3415 2925 3485 cognationem
2951 3412 3183 3468 liberati
3208 3412 3683 3483 sumusjamque

2028 3518 2135 3557 nos
2164 3502 2343 3557 ctiam
2375 3518 2509 3557 cum
2540 3501 2732 3557 Verbo
2775 3500 3032 3573 onpulati
3063 3500 3305 3557 fuimus.
3340 3500 3515 3557 Porro
3545 3517 3681 3556 cum

2028 3590 2145 3646 Deo
2176 3591 2498 3661 conjuncti,
2520 3607 2633 3645 non
2664 3589 2920 3662 amplius
2944 3590 3003 3645 in
3035 3589 3685 3655 terraremanebimus,

2034 3679 2160 3748 sed,
2192 3686 2258 3734 ut
2287 3680 2412 3751 ipse
2442 3680 2588 3734 dixit
2614 3681 2679 3747 “5,
2716 3678 2815 3734 ubi
2838 3678 3095 3747 ille-erit,
3150 3696 3258 3734 nos
3289 3695 3522 3750 quoque
3568 3678 3686 3735 eri-

2035 3784 2189 3835 mus,
2224 3785 2329 3823 nec
2349 3774 2681 3840 serpentem
2711 3767 2970 3840 amplius
3024 3784 3232 3823 sumus
3290 3767 3682 3823 formidaturi.

2028 3856 2378 3928 Profligatus
2408 3855 2564 3911 enim
2595 3856 2693 3911 ille
2724 3860 2815 3912 est
2845 3873 2879 3911 a
2911 3854 3210 3911 Salvatore
3266 3871 3403 3912 eum
3460 3855 3519 3911 in
3577 3872 3687 3912 sua

2030 3962 2204 4000 carne
2226 3949 2611 4017 persequente
2648 3961 2713 4000 ac
2769 3945 3020 4011 dicente,
3058 3945 3199 4001 Vade
3225 3954 3347 4015 post
3375 3960 3482 4012 me,
3514 3946 3685 4001 Sata-

2029 4051 2103 4088 na
2132 4035 2208 4088 ‘7:
2245 4038 2420 4106 atque
2444 4034 2524 4089 ita
2553 4038 2715 4089 extra
2734 4032 3073 4105 paradisum
3092 4032 3148 4087 in
3174 4033 3370 4104 ignem
3400 4038 3682 4089 aeternum

2031 4128 2122 4180 est
2150 4124 2437 4193 dejectus.
2464 4123 2580 4177 Nec
2636 4124 2816 4177 etiam
2877 4122 3007 4178 ulla:
3040 4121 3357 4177 muliebres
3399 4120 3685 4178 illecebrae

2037 4213 2303 4268 cavendis
2337 4212 2506 4267 nobis
2535 4216 2742 4267 erunt:
2766 4213 2826 4266 In
2858 4212 3262 4267 resurrectione
3287 4211 3443 4265 etaim
3462 4226 3565 4266 nec
3578 4227 3685 4266 nu-

2032 4301 2158 4356 bent
2186 4317 2286 4358 nec
2309 4300 2702 4368 nubentur,sed
2722 4309 2850 4354 sunt
2879 4302 3021 4355 sicut
3039 4299 3230 4370 angeli
3246 4299 3311 4355 ⁸⁸.
3344 4299 3414 4354 Et
3441 4298 3501 4354 in
3530 4299 3689 4354 Chri-

2029 4395 2121 4446 sto
2146 4389 2285 4446 Jesu
2316 4405 2464 4445 nova
2495 4395 2764 4444 creatura
2789 4389 2903 4444 erit
2929 4389 2996 4456 ‘9,
3030 4402 3218 4460 neque
3253 4387 3555 4445 masculus
3584 4394 3686 4444 aut

2030 4478 2269 4547 femina,
2294 4479 2395 4534 sed
2456 4476 2653 4533 omnia
2680 4481 2738 4532 et
2781 4477 2839 4531 in
2870 4477 3149 4532 omnibus
3178 4476 3290 4533 erit
3327 4476 3596 4534 Christus
3616 4473 3688 4532 ⁸ο.

1572 4644 1617 4680 ⁴⁶
1644 4643 1811 4700 Joan.
1865 4660 1916 4699 κ]

2034 4644 2069 4700 ς.
2145 4642 2189 4677 ⁸⁷
2231 4642 2439 4700 Matth.
2491 4660 2570 4713 ιν,
2602 4644 2689 4698 10.
2765 4643 2809 4677 ’⁵⁸
2861 4643 3068 4701 Matth.
3103 4658 3243 4716 χχιι,
3274 4644 3366 4700 30.
3442 4644 3489 4680 ⁴⁹
3522 4642 3693 4701 Galat

2103 4887 2481 4960 (4),Seguer.,
2533 4885 2788 4960 Gobler.,
2849 4887 2998 4960 Felc.
3054 4888 3079 4941 1
3136 4891 3194 4942 et
3222 4890 3279 4950 4,
3312 4891 3687 4960 συνανῃ-ρεῖτο.

2033 4959 2259 5033 βοείη,
2290 4957 2568 5033 ᾌιιειίοη
2625 4958 2794 5033 Reg.,
2850 4959 2998 5014 Felc.
3049 4959 3087 5013 2
3136 4964 3195 5014 et
3239 4960 3294 5030 5,
3328 4957 3687 5033 συνανῄρητο.

2034 5030 2188 5085 Editi
2215 5037 2275 5103 et
2303 5030 2431 5091 alii,
2457 5030 2824 5103 συναρήρητο.

2108 5103 2183 5172 (5)
2218 5101 2495 5172 Gobler,
2530 5097 2677 5156 se;ch
2703 5097 2763 5172 ς1
2821 5106 2877 5155 et
2916 5102 2970 5169 4,
3004 5098 3242 5172 εὑρήσει.
3276 5098 3420 5156 Ibid.
3455 5097 3689 5157 Gobler.

2032 5179 2089 5227 et
2117 5170 2270 5227 Felc.
2310 5176 2360 5238 1,
2393 5170 2622 5243 ἐν’έμοί.
2656 5170 2750 5232 Εἷς
2777 5174 2940 5243 τοῦτο
2969 5170 3092 5243 γάρ,
3125 5177 3235 5227 etc.

2108 5246 2183 5315 (6)
2216 5251 2436 5315 Seguer
2464 5286 2479 5311 ,
2511 5238 2768 5315 δίψιοι,
2801 5242 2950 5298 Felc.
2983 5238 3011 5296 1
3042 5238 3103 5298 et
3131 5244 3186 5314 4,
3216 5240 3425 5297 τούτων
3464 5238 3541 5299 δέ.
3578 5243 3686 5299 Alii

2033 5320 2089 5369 et
2117 5312 2519 5377 ¹(Ξόίὶίξτούτων
2554 5312 2667 5368 οὖν.

2106 5388 2180 5456 (7)
2208 5388 2436 5441 Gobler.
2490 5392 2548 5441 et
2593 5385 2741 5457 Felc.
2798 5389 2851 5457 1,
2899 5380 3496 5457 ἀπομένωλμενηΡιωΙο
3530 5392 3683 5457 post,

2031 5452 2290 5528 Seguer.,
2315 5455 2805 5528 Gobler.,rFelc.rl
2842 5457 2979 5528 ets,
3010 5452 3098 5507 καὶ
3153 5452 3370 5512 λοιπόν.
3404 5452 3552 5514 Ibid:
3585 5452 3684 5515 Seé

2032 5525 2220 5600 gnem,
2254 5525 2401 5583 οὐδέ.
2438 5527 2588 5582 Editi
2618 5535 2675 5582 et
2704 5526 2802 5600 alii
2834 5525 2922 5579 καί
2952 5528 3256 5600 omittunt.

2104 5601 2179 5671 (8)
2215 5599 2597 5671 Sicﬁegucr.,
2630 5599 2880 5664 Gobler.,
2912 5599 3062 5654 Folc.
3099 5601 3123 5653 1
3157 5606 3214 5655 et
3240 5599 3289 5653 4.
3326 5604 3398 5654 At
3435 5599 3495 5655 in
3548 5599 3680 5657 aliis

2031 5676 2087 5726 et
2112 5667 2286 5727 editis
2319 5667 2377 5724 δέ
2407 5667 2590 5727 deest.

2102 5744 2179 5818 (9)
2215 5741 2548 5802 Felckman.
2576 5742 2632 5813 5,
2666 5741 2741 5806 ὡς
2774 5740 2827 5795 οἱ
2858 5734 3104 5816 ἄγγελοι.
