4074 6342
433 409 550 471 299
968 405 1036 464 S.
1081 400 1508 462 ATHANASII
1553 401 1726 461 OPP.
1775 395 1977 459 PARS
2021 397 2070 457 Ι.
2105 431 2180 441 -
2211 397 2630 462 HISTORIGA
2675 400 2777 461 ΕΤ
2820 397 3297 461 DOGMATICA.

3719 393 3842 460 800

433 541 648 597 Filium
680 535 1194 610 praetermiserunt.
1215 533 1329 590 Nec
1359 533 1514 590 enim
1548 531 1742 588 dixere
1767 549 1779 588 :
1804 531 2074 600 Benedic,
2109 591 2110 597 κ

2227 528 2358 585 πάντα
2410 531 2476 584 τὰ
2530 529 2659 607 ἔργα
2715 531 2938 608 Κυρίου,
2994 533 3085 586 τὸν
3117 530 3334 610 Κύριον’
3363 531 3432 586 τὰ
3465 532 3562 605 μὶν
3592 532 3644 588 ἐν
3679 532 3839 608 ούρα-

432 626 715 692 Verbum,
746 632 803 684 et
832 623 1325 696 lauda,sapicntia
1349 640 1361 677 :
1387 638 1594 693 nempe
1617 627 1680 677 ut
1709 620 2083 676 ostenderent

2227 623 2265 690 ᾧ
2294 620 2383 674 καὶ
2435 620 2502 674 τὰ
2551 620 2635 674 ἐπὶ
2685 628 2812 696 γῆς,
2859 621 2948 676 καὶ
2999 627 3170 676 πᾶσαν
3216 624 3314 692 τὴν
3357 621 3552 693 κτίσιν,
3588 624 3661 684 ὡς
3710 619 3843 699 ἔργα

437 734 530 774 res
562 715 706 772 alias
739 729 942 771 omnes
971 717 1030 768 et
1061 711 1368 767 laudantes
1390 714 1448 765 et
1468 725 1644 782 opera
1664 708 2079 774 esse,Verbum

2227 705 2500 778 ατὲλεξαψ
2531 708 2622 763 τὸν
2674 707 2730 764 δὲ
2775 710 2898 765 Υῖὸν
2943 709 3040 765 οὐκ
3091 707 3400 784 ὠνόμασανο
3453 710 3517 766 ού
3555 712 3656 788 γὰρ
3689 697 3842 788 ελρή·
3909 697 3918 707 ⁵

439 809 636 864 autem
692 820 796 859 nec
847 819 996 874 opus
1027 817 1133 856 nec
1183 817 1212 855 e
1259 799 1624 854 laudantium
1656 814 1785 854 esse
1815 813 2081 864 numero,

2227 815 2342 850 ασιν
2377 799 2508 868 (34)’
2544 796 2794 874 Εύλόγει,
2838 797 2996 875 Λόγε,
3047 799 3137 854 καὶ
3181 799 3356 873 ὕμνει,
3388 799 3569 877 σοφία⁴
3597 798 3686 856 τίνα
3733 798 3846 856 δεί-

441 897 544 953 sed
576 911 694 950 una
723 908 857 949 cum
889 892 1059 946 Patre
1079 887 1585 955 laudari,adorari,
1613 893 1670 942 et
1705 889 1882 942 Deum
1911 903 2086 958 agno-

2227 907 2377 953 ωσιν,
2439 885 2522 940 ὅτι
2575 887 2643 942 τὰ
2697 889 2790 959 μὲν
2848 885 2994 943 ἄλλα
3049 885 3222 944 πάντα
3273 889 3544 963 ὑμνοῦντά
3589 890 3722 959 ἐστι,
3755 892 3845 945 καὶ

441 984 548 1052 sci,
581 987 757 1055 atque
785 981 914 1052 ejus
937 979 1175 1052 quidem
1207 977 1459 1033 Verbum
1482 981 1538 1031 et
1560 975 1908 1048 sapientiam
1934 991 2083 1043 esse,

2227 995 2327 1049 ργα
2384 973 2512 1028 ἔστί·
2561 976 2588 1029 6
2647 973 2704 1030 δὲ
2757 975 2934 1050 Λόγος
2986 976 3085 1031 οὐκ
3139 972 3280 1032 ἔστιν
3339 972 3498 1053 ἔργον
3552 977 3682 1035 οὐδέ
3734 983 3842 1034 τῶν

442 1089 685 1146 operum
716 1086 853 1126 vero
883 1074 1224 1125 creatorem.
1257 1067 1320 1122 Id
1343 1065 1518 1122 etiam
1551 1065 1804 1137 Spiritus
1828 1064 1886 1119 in
1925 1063 2088 1120 Psal-

2234 1062 2529 1134 μνούντων,
2556 1063 2700 1120 ἀλλᾶ
2730 1063 2820 1119 σὺν
2851 1070 2932 1139 τῷ
2963 1065 3131 1142 Πατρὶ
3165 1066 3528 1140 ὑμνούμενος,
3561 1068 3650 1123 καὶ
3681 1075 3847 1143 πρόσ-

443 1163 557 1218 mis
587 1159 843 1216 dilucide
872 1158 1189 1214 admodum
1215 1155 1480 1211 distinxit
1504 1155 1595 1210 his
1618 1154 1810 1210 verbis
1833 1171 1846 1209 :
1869 1155 2090 1210 Rectum

2227 1152 2526 1225 ,υνούμενός
2583 1155 2694 1227 (35)
2752 1153 2861 1208 ἐστι
2906 1153 2995 1208 καὶ
3046 1153 3502 1230 θεολογούμενος,
3536 1157 3708 1232 Λόγος
3749 1159 3844 1231 μὲν

442 1256 520 1308 est
557 1250 782 1308 Verbum
809 1249 1029 1306 Domini
1082 1254 1135 1304 et
1187 1246 1375 1302 omnia
1419 1261 1592 1317 Opera
1623 1248 1744 1315 ejus
1773 1245 1834 1299 in
1868 1243 1974 1314 ﬁde
2002 1243 2087 1309 '5';

2227 1241 2364 1296 ιύτοῦ
2393 1242 2481 1296 καὶ
2512 1263 2573 1297 σο
2586 1242 2674 1320 pia
2703 1242 2802 1313 ὣν,
2832 1247 2940 1298 τῶν
2972 1241 3030 1298 δὲ
3057 1238 3226 1320 ἔργων
3279 1241 3639 1322 δημιουργός.
3676 1251 3847 1301 Τοῦτο

443 1343 500 1396 et
529 1337 667 1395 alibi
691 1355 704 1393 :
737 1341 914 1408 Quam
935 1337 1294 1406 magniﬁcam
1321 1341 1450 1389 sunt
1481 1349 1645 1405 opera
1673 1339 1800 1396 tua,
1829 1333 2091 1387 Domine!

2227 1331 2288 1384 ιαὶ
2319 1332 2381 1385 τὸ
2431 1335 2649 1405 Πνεῦμα
2697 1331 2748 1386 ἐν
2799 1332 3057 1406 Ψαλμοῖς
3091 1335 3204 1407 (36)
3241 1335 3375 1407 μετά
3402 1333 3706 1407 καλλίστης
3738 1333 3852 1391 δια-

444 1431 637 1485 omnia
668 1429 728 1484 in
749 1427 1028 1499 sapientia
1056 1425 1240 1495 fecisti
1267 1425 1333 1479 ⁵³.

2227 1418 2403 1489 ’τολῆς
2437 1418 2674 1496 εἷ’ρηκεν,
2722 1422 2805 1476 ὅτι
2857 1420 3026 1483 Εύθὺς
3073 1422 3101 1476 6
3149 1423 3322 1499 Λόγος
3373 1427 3472 1479 τοῦ
3512 1425 3731 1500 Κυρίου,
3761 1425 3853 1480 καὶ

444 1515 620 1572 πάντα
644 1515 712 1570 τὰ
741 1510 872 1590 ἔργα
901 1514 1068 1568 αὐτοῦ
1098 1511 1150 1566 ἐν
1178 1511 1372 1565 πίστει’
1405 1509 1644 1585 καθάπερ
1664 1509 1753 1564 καὶ
1788 1509 1838 1564 ἐν
1872 1509 2040 1583 ἑτέρῳ
2070 1507 2255 1586 φησίν·
2287 1509 2376 1571 Ὡς
2407 1508 2744 1585 ἐμεγαλύνθη
2776 1510 2842 1564 τὰ
2870 1505 2998 1587 ἔργα
3031 1531 3148 1584 σου,
3183 1511 3363 1589 Κύριε·
3395 1513 3565 1569 πάντα
3607 1515 3660 1570 ἐν
3690 1517 3854 1595 σοφίᾳ

447 1604 821 1766 ἒπὲζίσίῖῖιυί
870 1693 918 1749 si
977 1691 1230 1747 Verbum
1282 1707 1432 1763 opus
1461 1693 1636 1759 esset,
1671 1689 1894 1760 absque
1915 1687 2093 1744 dubio

2271 1689 2360 1742 7'3.
2395 1686 2458 1744 Εἰ
2491 1684 2548 1742 δὲ
2576 1682 2730 1764 ἔργον
2757 1688 2825 1758 ἦν
2860 1689 2888 1743 6
2919 1687 3120 1765 Λόγος,
3152 1691 3368 1753 πάντως
3397 1691 3456 1747 ἃν
3489 1693 3600 1767 (37)
3639 1693 3729 1750 καὶ
3759 1693 3856 1750 αὖ..

449 1787 512 1841 in
569 1781 856 1856 sapientia
911 1795 1146 1853 quoque
1205 1779 1412 1836 fuisset
1469 1779 1710 1846 factum,
1743 1793 1849 1832 nec
1897 1776 2092 1848 ipsum

2227 1777 2294 1838 ’ὸς
2326 1773 2376 1829 ἐν
2424 1775 2584 1851 σοφίᾳ
2631 1775 2888 1852 ἐγεγόνει,
2941 1777 3030 1832 καὶ
3073 1775 3187 1834 οὔτ’
3232 1777 3293 1834 ἂν
3347 1777 3648 1838 διέστελλιν
3694 1784 3854 1840 αὐτὸν

451 1873 752 1944 Scriptura
793 1871 866 1926 ab
906 1870 1182 1942 Operibus
1234 1866 1724 1934 discriminasset,
1776 1882 1965 1937 neque
1997 1864 2097 1920 illa

2205 1865 2310 1920 ἀπὸ
2339 1870 2444 1920 τῶν
2470 1859 2640 1940 ἔργων
2670 1868 2706 1935 ἡ
2739 1868 2948 1944 Γραφή,
2981 1864 3104 1922 οὔτε
3150 1867 3218 1923 τὰ
3268 1869 3364 1942 μὲν
3414 1865 3541 1947 ἔργα
3581 1871 3854 1946 ὠνόμαζε,

452 1962 691 2035 quidem
737 1976 952 2032 opera:
1015 1958 1123 2014 hoc
1178 1963 1396 2022 autem,
1430 1955 1686 2011 Verbum
1713 1961 1769 2009 et
1801 1953 2094 2026 propriam

2227 1955 2294 2008 τὸν
2327 1951 2384 2008 δὲ
2415 1953 2583 2028 ⁴λόγον
2613 1955 2703 2010 καὶ
2734 1955 2922 2034 σοφίαν
2957 1953 3095 2011 ἰδίαν
3125 1962 3224 2012 τοῦ
3273 1963 3406 2014 Θεοῦ
3445 1959 3854 2036 εὐηγγελίζετο.

452 2051 552 2107 Dei
579 2049 926 2122 sapientiam
981 2045 1352 2120 appellasset.
1385 2045 1528 2101 Cum
1575 2049 1768 2100 autem
1802 2045 2098 2115 Scriptura

453 2140 648 2212 ipsum
683 2139 754 2194 ab
786 2137 1061 2209 operibus
1077 2138 1364 2205 secernat,
1387 2135 1554 2190 docet
1585 2133 1840 2205 profecto
1865 2134 2098 2205 sapien-

454 2231 590 2285 tiam
631 2243 756 2283 esse
795 2243 1036 2298 operum
1068 2225 1440 2289 eti'ectricem,
1476 2239 1585 2278 non
1619 2239 1749 2278 vero
1782 2239 1950 2294 opus.
1993 2223 2100 2278 Ea—

453 2317 590 2374 dem
621 2315 994 2374 distinctione
1023 2331 1168 2370 usus
1211 2317 1302 2369 est
1353 2311 1569 2368 Paulus
1599 2313 1861 2384 Epistula
1885 2313 1956 2366 ad
1987 2311 2100 2366 He-

459 2409 662 2471 braeos,
714 2405 810 2460 ubi
871 2403 990 2459 haec
1043 2402 1286 2458 scribit:
1336 2403 1521 2456 viuum
1559 2403 1708 2456 enim
1763 2409 1844 2455 est
1885 2401 2102 2456 verbum

456 2497 560 2552 Dei
611 2503 662 2550 et
707 2493 913 2566 e/ﬁcax
961 2503 1014 2549 et
1069 2493 1283 2547 acutius
1333 2493 1487 2546 omni
1530 2490 1714 2562 gladio
1770 2492 2023 2560 ancipiti,
2055 2497 2106 2544 et

453 2583 719 2658 pertingit
738 2598 908 2654 usque
934 2581 1010 2638 ad
1036 2580 1363 2636 divisionem
1392 2581 1599 2636 animm
1626 2586 1677 2635 et
1701 2579 2102 2648 spiritus,com-

455 2690 660 2747 pagum
705 2688 916 2744 quoque
971 2687 1035 2725 ac
1093 2669 1494 2735 medullarum,
1527 2673 1582 2724 et
1610 2669 1781 2739 iudex
1805 2669 2103 2738 cogitatio-

459 2781 596 2819 num
649 2766 702 2819 et
757 2761 1175 2818 meditationum
1229 2758 1430 2826 cordis,
1463 2773 1565 2814 nec
1597 2757 1712 2814 ulla
1738 2763 1820 2814 est
1850 2760 2107 2813 creatura

462 2851 762 2908 invisibilis
816 2851 881 2906 in
926 2857 1211 2921 conspectu
1257 2849 1416 2920 ejus:
1445 2849 1634 2903 omnia
1661 2852 1844 2904 autem
1870 2847 2026 2904 nuda
2053 2853 2108 2903 et

461 2945 654 3013 aperta
679 2947 809 2996 sunt
855 2939 1032 2994 oculis
1072 2939 1213 3008 eius,
1243 2937 1322 2993 ad
1366 2937 1509 3008 quod
1545 2937 1702 2994 nobis
1730 2941 1812 2993 est
1839 2953 2014 2993 sermo
2040 2937 2104 2990 ⁸ο.

463 3031 608 3087 Ecce
637 3047 729 3086 res
785 3027 1025 3096 quidem
1073 3027 1280 3098 factas,
1307 3033 1648 3094 creaturam,
1679 3025 1972 3098 appellat:
2014 3026 2106 3082 Fi-

463 3119 612 3174 lium
639 3135 774 3174 vero
805 3117 1056 3174 Verbum
1091 3115 1188 3172 Dei
1219 3132 1348 3172 esse
1377 3115 1556 3182 novit,
1591 3119 1788 3187 utpote
1828 3115 1926 3186 qui
1957 3113 2110 3169 alius

465 3209 546 3264 sit
577 3225 611 3262 a
639 3207 815 3262 rebus
844 3205 1074 3262 creatis.
1107 3205 1252 3260 Cum
1302 3204 1441 3260 item
1473 3204 1674 3260 addit:
1707 3203 1906 3259 Omnia
1933 3211 2110 3258 autem

465 3295 618 3353 nuda
654 3299 706 3351 et
735 3298 939 3366 aperta
983 3302 1113 3350 sunt
1159 3293 1330 3350 oculis
1384 3293 1523 3364 ejus,
1555 3293 1627 3348 ad
1675 3292 1815 3364 quod
1853 3292 2006 3348 nobis
2032 3300 2114 3348 est

465 3400 668 3453 sermo,
701 3382 879 3439 alium
911 3385 1065 3438 certe
1083 3397 1219 3438 eum
1250 3381 1322 3438 ab
1348 3381 1626 3438 omnibus
1646 3397 1774 3437 esse
1799 3381 2112 3453 signiﬁcat.

2209 2047 2312 2097 Νῦν
2342 2041 2420 2111 δὲ,
2449 2040 2841 2129 διαστέλλουσα
2868 2049 2976 2100 τῶν
3025 2040 3192 2123 ἔργων
3244 2047 3402 2103 αὐτὸν
3435 2051 3471 2119 ἡ
3507 2052 3713 2129 Γραφή,
3748 2049 3854 2106 6st-

2207 2153 2414 2219 κνυσιν,
2447 2134 2530 2186 ὅτι
2559 2137 2666 2187 τῶν
2717 2128 2887 2209 ἔργων
2930 2131 3270 2212 δημιουργός
3321 2136 3462 2192 ἐστιν
3491 2141 3525 2208 ἡ
3560 2128 3739 2219 σοφία,
3766 2140 3856 2195 καὶ

2210 2221 2310 2276 ούκ
2332 2216 2507 2296 ἔργον.
2537 2222 2721 2296 Ταύτῃ
2752 2226 2818 2296 τῇ
2852 2220 3118 2298 διαστολῇ
3147 2226 3238 2279 καὶ
3270 2227 3298 2279 6
3329 2225 3548 2290 Παῦλος
3590 2216 3857 2305 κέχρηται

2208 2313 2426 2387 γράφων
2486 2305 2759 2385 Ἑϐραίοις
2795 2332 2808 2344 ο
2869 2317 2983 2367 Ζῶν
3041 2313 3139 2388 γὰρ
3189 2315 3217 2368 6
3275 2314 3454 2390 Λόγος
3513 2320 3609 2371 τοῦ
3675 2315 3808 2372 Θεοῦ
3842 2363 3857 2390 ,

2209 2399 2296 2453 καὶ
2360 2397 2620 2474 ἐνεργὴς,
2671 2400 2759 2454 καὶ
2813 2400 3130 2477 τομώτερος
3207 2402 3338 2480 ὑπὲρ
3396 2409 3565 2459 πᾶσαν
3630 2405 3802 2482 μάχαι
3835 2440 3859 2452 -

2213 2508 2305 2563 ραν
2361 2485 2640 2560 δίστομον,
2702 2488 2790 2543 καὶ
2849 2488 3219 2562 διικνούμενος
3271 2490 3401 2567 ἄχρι
3447 2496 3558 2567 (38)
3593 2499 3862 2570 μερισμοῦ

2211 2580 2396 2652 dra/"7‘;
2453 2577 2542 2631 καὶ
2600 2576 2930 2650 πνεύματος,
2991 2580 3178 2655 ἁρμῶν
3235 2600 3293 2634 τε
3339 2580 3428 2635 καὶ
3484 2581 3721 2654 μυελῶν,
3771 2586 3861 2638 καὶ

2212 2667 2452 2741 κριτικὸς
2503 2665 2848 2739 ἐνθυμήσεων
2908 2667 2996 2722 καὶ
3053 2667 3273 2722 ἐννοιῶν
3333 2667 3574 2745 καρδίας,
3627 2671 3716 2726 καί
3764 2673 3865 2728 ούκ

2213 2750 2324 2810 ἔστι
2372 2757 2545 2817 κτίσις
2597 2756 2804 2834 ἀφανής
2860 2754 3086 2811 ἐνώπιον
3136 2758 3323 2829 αὐτοῦ,
3377 2759 3550 2814 πάντα
3579 2757 3636 2814 δὲ
3683 2761 3865 2836 γυμνὰ

2214 2845 2303 2899 καὶ
2331 2843 2809 2921 τετραχηλισμένα
2853 2851 2972 2908 τοῖς
3021 2844 3330 2923 ὀφθαλμοῖς
3381 2847 3568 2920 αὐτοῦ,
3622 2851 3757 2925 πρὸς
3801 2852 3861 2906 ’ὸν

2215 2936 2350 3006 ἡμῖν
2383 2934 2412 2987 6
2461 2932 2644 3006 λόγος.
2695 2931 2833 2989 Ἰδοὺ
2880 2934 2979 3008 γὰρ
3023 2935 3090 2988 τὰ
3135 2935 3229 3008 μὲν
3269 2936 3468 3010 γενητᾶ
3518 2938 3686 2992 κτίσιν
3735 2938 3867 2994 ὠνό-

2223 3043 2356 3096 μασε
2570 3022 2660 3076 τὸν
2712 3019 2769 3077 δὲ
2825 3023 2946 3077 Υἱὸν
2997 3023 3170 3098 Λόγον
3222 3022 3364 3079 οἶδεν
3415 3021 3542 3080 ὄντα
3578 3031 3676 3082 τοῦ
3707 3033 3864 3098 Θεοῦ,

2219 3112 2292 3172 ὡς
2323 3109 2498 3166 ἄλλου
2555 3107 2706 3174 ὄντος
2757 3111 2920 3166 αύτοῦ
2975 3112 3120 3188 παρὰ
3167 3114 3234 3167 τὰ
3283 3113 3570 3188 κτίσματα.
3606 3115 3775 3171 Πάλιν
3809 3115 3869 3174 δὲ

2223 3199 2392 3274 λέγων
2428 3218 2441 3231 ·
2499 3202 2678 3254 Πάντα
2734 3197 2792 3255 δὲ
2843 3202 2956 3274 (40)
3013 3203 3192 3276 γυμνὰ
3244 3202 3336 3258 καὶ
3391 3203 3871 3281 τετραχηλισμένα

2219 3294 2336 3350 τοῖς
2387 3287 2695 3366 ὀφθαλμοῖς
2750 3290 2939 3358 αὐτοῦ,
2999 3289 3135 3364 πρὸς
3192 3291 3250 3344 ’ὁν
3302 3293 3436 3364 ἡμῖν
3485 3294 3516 3348 6
3554 3292 3739 3368 λόγος’
3775 3293 3873 3352 ἆλ-

2223 3375 2320 3432 λον
2351 3376 2510 3432 αὐτὸν
2543 3378 2673 3432 εἶναι
2708 3375 2960 3450 σημαίνει
3007 3383 3114 3434 τῶν
3159 3380 3394 3439 πάντων.
3427 3382 3524 3436 Διὰ
3572 3386 3734 3439 τοῦτο
3763 3384 3873 3461 γὰρ

469 3473 617 3530 Hinc
648 3469 746 3526 ille
777 3470 1012 3542 quidem
1035 3469 1304 3539 judicat:
1347 3467 1594 3540 singulae
1622 3483 1754 3524 vero
1785 3484 1876 3523 res
1907 3471 2110 3523 creatae

2227 3467 2312 3523 καὶ
2353 3467 2381 3522 6
2441 3466 2534 3540 μὲν
2593 3465 2784 3544 κρίνει,
2830 3472 2938 3522 τῶν
2983 3464 3040 3522 δὲ
3093 3473 3332 3542 γενητῶν
3391 3471 3602 3526 πάντων
3649 3460 3874 3536 ἕκαστος

470 3562 523 3620 ei
557 3560 841 3616 rationem
901 3559 1113 3614 referre
1169 3561 1457 3614 tenentur.
1501 3557 1578 3611 Ex
1623 3572 1692 3612 eo
1741 3556 1917 3612 etiam
1966 3559 2112 3624 loco,

473 3651 574 3708 ubi
607 3649 880 3706 universa
924 3651 1191 3704 creatura
1219 3647 1523 3702 nobiscum
1571 3663 1690 3701 una
1727 3647 1942 3702 dicitur
1978 3662 2116 3701 con-

478 3753 710 3814 gemere
739 3741 805 3792 ut
833 3736 1111 3793 liberetur
1139 3754 1174 3792 a
1202 3735 1481 3792 servitute
1509 3733 1901 3806 corruptionis
1919 3737 1988 3802 δι,
2022 3734 2116 3791 Fi-

479 3829 628 3885 lium
673 3827 850 3882 alium
883 3843 916 3881 a
949 3826 1126 3882 rebus
1153 3825 1362 3880 creatis
1387 3840 1517 3880 esse
1541 3825 1888 3881 ostenditur.
1921 3824 2118 3880 Enim-

476 3931 612 3976 vero
643 3917 690 3972 si
717 3919 948 3971 creatus
969 3918 1145 3982 esset,
1165 3930 1318 3969 unus
1343 3920 1400 3968 et
1415 3912 1540 3985 ipse
1559 3917 1715 3968 esset
1732 3913 2117 3984 gementium,

478 4007 578 4079 qui
611 4005 724 4062 alio
750 4005 969 4076 pariter
985 4019 1134 4072 opus
1156 4002 1417 4068 haberet,
1437 4020 1472 4057 a
1491 4019 1607 4074 quo
1639 4001 1816 4057 simul
1841 4002 1966 4071 ipse
1983 4019 2118 4058 cum

473 4095 752 4153 omnibus
783 4092 941 4149 filius
973 4092 1300 4148 efﬁceretur
1347 4098 1401 4147 et
1447 4090 1811 4146 liberaretur.
1857 4091 1914 4146 Si
1946 4108 2118 4164 porro

474 4201 568 4241 res
623 4182 817 4238 omnis
877 4185 1072 4237 creata
1123 4182 1415 4253 congemit
1444 4185 1508 4234 ut.
1540 4178 1824 4236 liberetur
1853 4197 1885 4235 a
1914 4196 2118 4236 corru-

471 4274 670 4346 ptione
718 4269 1038 4340 servitutis,
1071 4270 1196 4342 ipse
1244 4274 1439 4325 autem
1487 4267 1667 4324 Filius
1697 4285 1812 4325 non
1847 4286 2002 4324 unus
2031 4273 2120 4326 est

471 4361 854 4436 gementium,
874 4376 980 4415 nec
1007 4359 1396 4429 indigentium
1429 4357 1714 4424 libertate,
1747 4357 1848 4412 sed
1879 4356 2006 4430 ipse
2028 4364 2119 4415 est

469 4449 572 4521 qui
603 4463 810 4504 omnes
829 4450 885 4503 et
917 4446 1068 4503 ﬁlios
1096 4446 1274 4503 efﬁcit
1302 4450 1360 4503 et
1387 4446 1602 4502 liberos
1632 4446 1847 4502 reddit.
1880 4450 1945 4502 ut
1973 4447 2114 4503 olim

2225 3556 2520 3620 ὑπεύθυνός
2565 3555 2704 3610 ἐστιν
2753 3556 2902 3629 αὑτῷ
2954 3553 3159 3611 διδόναι
3209 3555 3394 3633 λόγον.
3429 3559 3614 3622 Οὕτως
3652 3557 3753 3636 ἄρα
3783 3562 3874 3616 καὶ

2222 3653 2324 3716 τῆς
2355 3644 2584 3708 κτίσεως
2622 3645 2802 3716 πάσης
2857 3645 3280 3717 συστεναζούσης
3331 3649 3466 3720 ἡμῖν
3519 3648 3594 3711 ε”ς
3621 3650 3683 3705 τὸ
3715 3649 3876 3705 ἐλευ-

2227 3736 2530 3809 θερωθῆναι
2577 3733 2682 3788 ἀπὸ
2725 3741 2825 3804 τῆς
2873 3731 3120 3796 δουλείας
3165 3742 3265 3805 τῆς
3299 3741 3522 3813 φθορᾶς,
3554 3735 3723 3801 ἄλλος
3760 3743 3871 3794 τῶν

2226 3824 2534 3897 κτισμάτων
2565 3820 2831 3878 δείκνυται
2861 3823 2995 3878 εἶναι
3026 3827 3137 3898 (41)
3168 3825 3198 3878 6
3245 3825 3386 3888 Υἱός.
3422 3825 3481 3880 Εἰ
3515 3826 3618 3902 γὰρ
3663 3828 3728 3896 ἦν
3755 3827 3872 3883 κτί-

2229 3915 2442 3986 σμα,εἴς
2465 3913 2532 3981 ἦν
2561 3911 2653 3967 καὶ
2683 3912 2845 3974 αὐτὸς
2864 3917 2970 3968 τῶν
2994 3912 3467 3982 στεναζόντων,καὶ
3503 3913 3757 3989 δεόμενος
3775 3922 3874 3973 τοῦ

2227 4004 2604 4064 υἱοποιοῦντος
2632 4000 2721 4056 καὶ
2765 3999 3178 4076 ἐλευθεροῦντος
3233 4003 3318 4058 καὶ
3369 4004 3530 4059 αὐτὸν
3563 4005 3697 4078 μετὰ
3743 4007 3874 4060 πάν-

2225 4111 2332 4146 των
2387 4089 2451 4148 Εἰ
2486 4087 2544 4146 δὲ
2574 4095 2715 4145 τᾶσα
2769 4091 2862 4164 μὲν
2913 4093 2948 4160 ἡ
2996 4090 3168 4152 κτίσις
3212 4091 3515 4162 συστενάζει
3570 4091 3753 4149 ἐλευθε
3795 4095 3808 4148 ί

2343 4133 2355 4147 .
2595 4127 2610 4144 .
3323 4130 3339 4146 .
3756 4115 3875 4170 ρας

2225 4179 2388 4255 χάριν
2439 4186 2540 4249 τῆς
2589 4180 2694 4234 ἀπὸ
2737 4187 2838 4250 τῆς
2885 4185 3089 4256 φθορᾶς
3136 4187 3234 4249 τῆς
3284 4178 3553 4249 δουλείας,
3587 4182 3616 4236 6
3647 4179 3705 4238 δὲ
3752 4182 3880 4246 Υἱὸς

2227 4269 2327 4324 οὐκ
2354 4263 2466 4324 ἔστι
2510 4273 2616 4323 τῶν
2663 4269 3043 4340 στεναζόντων,
3097 4267 3226 4324 οὐδὲ
3268 4275 3375 4325 τῶν
3415 4267 3687 4344 δεομένων
3723 4270 3878 4328 ἐλευ·

2227 4357 2426 4434 θερίας,
2454 4354 2582 4413 ἀλλ’
2623 4356 2784 4421 αὐτός
2833 4357 2974 4414 ἐστιν
3026 4359 3054 4413 6
3099 4359 3362 4415 υίοποιῶν
3394 4362 3507 4434 (42)
3549 4361 3639 4415 καὶ
3671 4361 3882 4426 ἐλευθε-

2225 4452 2334 4517 ρῶν
2392 4447 2459 4502 τά
2515 4447 2708 4518 πάντα,
2770 4445 2946 4524 λέγων
3001 4452 3120 4509 τοῖς
3170 4448 3292 4504 τότε
3344 4444 3648 4511 Ἰουδαίοιςο
3708 4450 3770 4507 Ὀ
3819 4446 3880 4506 δὶ

539 4581 584 4617 ⁸⁸
616 4579 767 4637 Psal.
797 4595 978 4649 XXXII,
1004 4580 1058 4634 4.
1169 4580 1214 4614 5°
1241 4579 1393 4636 Psal.
1427 4595 1546 4647 cm,
1578 4579 1668 4634 24.
1779 4580 1826 4615 ⁸ο
1855 4579 2027 4636 Hebr.
2064 4599 2110 4637 Iv

2227 4590 2252 4655 ι,
2287 4583 2375 4640 13.
2488 4585 2533 4620 εί
2567 4582 2734 4640 Rom.
2757 4599 2882 4654 VIII,
2912 4586 3005 4652 21,
3034 4586 3126 4642 22.
3166 4541 3172 4550 κ

545 4727 656 4799 (34)
687 4727 928 4812 Seguer.
960 4724 1261 4812 Anglican.
1297 4729 1366 4812 et.
1396 4725 1546 4812 Fele.
1566 4727 1653 4812 ‘4,
1687 4723 1766 4812 "06
1812 4725 1913 4804 γὰρ
1938 4801 1951 4812 Δ
1972 4725 2110 4812 sim.

2227 4727 2400 4812 κτίσιν
2433 4728 3292 4812 ένομάζει.-Ραυὶο.μοριῖδςιο.
3323 4735 3360 4787 2
3404 4740 3458 4791 el
3488 4733 3666 4812 editio
3713 4731 3879 4812 Cpm:

475 4792 651 4854 κασιν.
685 4792 1023 4854 Gcblerian.
1053 4792 1120 4871 et
1151 4796 1302 4853 Felc.
1348 4800 1398 4865 1,
1429 4798 1492 4851 οὐ
1521 4792 1894 4871 γὰρέῗπασίνξ
1922 4801 1966 4854 Α

471 4873 610 4929 editi
643 4878 962 4942 utrumque
988 4869 1293 4942 omittunt.

542 4943 654 5069 (Βῗ)
687 4940 790 4997 Καὶ
822 4939 1290 5067 Ἰροσκυνούμενος
1319 4941 1482 4996 dccst
1505 4940 1561 4994 in
1595 4940 1770 4996 Basil.
1802 4941 2031 4998 Gobler.
2062 4950 2121 5000 et

542 5035 550 5066 ι
575 5031 602 5068 C
625 5031 804 5069 'man.
877 5051 890 5066 ο

474 5015 804 5070 Felckman.
841 5015 890 5067 1.

541 5086 652 5156 (36)
683 5089 920 5156 Seguer.
953 5085 1091 5154 Reg.
1117 5087 1174 5156 et
1206 5081 1351 5156 Felc.
1383 5083 1414 5136 4
1456 5083 1565 5156 add
1579 5087 1700 5149 unt,
1735 5079 1785 5134 ἐν
1837 5080 2116 5153 Ψαλμοῖς,

469 5157 625 5282 gnati
658 5155 714 5208 in
749 5155 879 5210 aliis
909 5160 969 5212 et
997 5155 1390 5244 editisydeest.
1439 5155 1578 5235 lbido.
1613 5161 1848 5238 Seguer.
1884 5156 2116 5212 Gobler.

517 5227 622 5282 elc.
654 5227 676 5281 1
718 5231 776 5280 et
808 5227 859 5282 4.
897 5245 1030 5282 μετα
1058 5222 1232 5282 mica:
1260 5244 1382 5282 τις.
1440 5225 1615 5280 Baeti.
1663 5227 1807 5281 ibid.
1859 5225 1887 5279 6
1944 5227 2116 5282 Λόγος

472 5222 622 5282 F‘elc.
654 5227 676 5281 4
718 5231 776 5280 et
808 5227 859 5291 4,
897 5226 1030 5298 μετᾶ
1058 5222 1232 5292 καλῆς
1260 5229 1382 5293 τῆς.
1440 5225 1615 5280 Basil.
1663 5222 1807 5281 ibid.
1859 5225 1887 5279 6
1944 5227 2120 5301 Λόγος

472 5299 500 5352 6
528 5300 624 5350 τοῦ
659 5294 880 5352 Κυρίου.

928 5363 987 5420 ἂν
1021 5368 1256 5424 omittit.
1287 5369 1418 5423 Mox
1466 5364 1614 5424 Fero.
1668 5367 1720 5432 4,
1773 5366 1862 5421 καὶ
1915 5367 2014 5423 οὐκ
2057 5368 2117 5424 ἂν

507 5459 644 5494 ιεστε
729 5459 802 5493 εν.

507 5435 952 5584 ιῖἒξςῖλλὲἷξζμθιι.
1008 5514 1066 5564 et
1113 5509 1267 5584 Felc.
1330 5511 1382 5584 ᾇ,
1451 5507 1636 5584 μέχρι
1718 5510 1894 5584 39ώῇ
1973 5512 2117 5569 ibid'

475 5581 677 5654 μελῶν.
712 5580 1070 5656 Paulepost.
1106 5580 1445 5656 Seguerian.
1478 5580 1707 5639 Gobler.
1739 5582 1888 5638 Felc.
1925 5585 1950 5638 1
1984 5589 2042 5640 et
2065 5585 2118 5656 4,

467 5648 747 5709 omittunt
770 5651 858 5706 καὶ
893 5648 1388 5726 ἐννοᾷιῶνλκαρδῇιςμ.

534 5727 645 5800 (39)
695 5730 930 5799 Seguer.
994 5723 1225 5781 GoblerL
1285 5723 1434 5780 Fcle.
1498 5724 1523 5778 1
1585 5726 1644 5780 et
1696 5724 1750 5793 4,
1803 5724 1872 5778 τὰ
1919 5727 2122 5802 γενητὰ

1972 4797 2033 4854 1ἱὶ
2064 4797 2110 4856 et

2233 4801 2370 4878 mel;
2429 4797 2576 4862 ὄντες
2626 4797 2744 4856 ίτοῦ
2801 4797 2977 4878 παράῖ
3021 4803 3219 4860 Caeteri
3293 4821 3438 4862 mss.
3504 4802 3658 4868 ὄντος
3711 4804 3880 4860 αὐτοῦ

2229 4891 2396 4946 παρα.

2299 4945 2736 5028 (40)".SeguherL
2757 4945 3486 5028 ﬁeg._anglic.'Gc_ibler-.
3549 4948 3882 5028 Felc.m1,ﬁ2.

2229 5020 2286 5072 et
2308 5011 2368 5072 ⁷4.
2397 5011 2577 5070 ’Πάντᾶ
2607 5011 2665 5068 δέ
2698 5011 2880 5084 Εάίιῑῖ
2918 5011 3097 5070 Πάντᾶ
3143 5013 3254 5074 καί.
3303 5020 3480 5075 Basil.
3541 5019 3763 5075 omittit
3797 5011 3880 5072 ’δέ

2228 5085 2448 5162 οιᾷκρί,
2511 5087 2732 5162 Ibidem
2794 5089 2950 5144 Felc.
3012 5091 3046 5142 2
3083 5095 3154 5162 et
3211 5090 3384 5162 editio
3439 5091 3741 5147 Commel.
3796 5087 3880 5162 τῷ

2229 5155 2855 5238 όφθαλμῷ.ᾼιίἱ.ωβ8-.
2906 5163 3036 5238 τοῖς⁵
3073 5158 3402 5238 ὀφθαλμοῖς.
3449 5166 3580 5238 Mox
3633 5155 3878 5238 Seguer.

2228 5229 2456 5305 Gobler.
2495 5230 2638 5305 Felc.
2675 5231 2700 5286 1
2735 5236 2793 5305 et
2821 5233 2874 5300 4,
2919 5229 3075 5285 αὐτὸν
3117 5229 3263 5286 εἶναι’
3305 5233 3580 5305 σημαίνει.
3633 5229 3884 5289 lu'aliis

2229 5308 2285 5358 et
2314 5302 2486 5357 editis
2517 5303 2681 5358 deest
2710 5301 2864 5355 εἶναι.

2300 5374 2413 5447 (41)
2442 5374 2536 5447 Sic
2560 5383 2794 5447 Seguer.
2830 5375 2970 5447 Reg.
3004 5375 3234 5430 Gobler.
3267 5385 3326 5431 et
3355 5375 3502 5432 Felc.
3543 5375 3591 5430 1.
3635 5377 3707 5430 At
3735 5373 3883 5431 editi

2229 5449 2288 5500 et
2317 5446 2416 5499 alii
2450 5443 2582 5498 εἶναι
2614 5443 2916 5502 omittunt.

2299 5516 2680 5588 (42)ASeguer.
2732 5514 2872 5572 ἐστιν
2932 5516 2962 5570 6
3019 5517 3304 5588 υἱοποιῶν.
3356 5517 3572 5588 Οωιριιί,
3615 5523 3670 5588 et
3715 5515 3882 5588 editi,

2227 5582 2685 5656 ἰστινύἱοπᾌιῶν.
2739 5588 2915 5645 Basil.
2968 5590 3107 5644 ibid.
3163 5585 3361 5656 δῆλον,
3412 5587 3486 5650 ὡς
3519 5586 3678 5651 αὐτός
3733 5582 3880 5642 ἐστιν

2229 5655 2516 5715 υἱοποιῶν.
2552 5660 2683 5717 Mox
2709 5661 3073 5735 Seguerian.,
3107 5659 3135 5714 ὁ
3168 5655 3386 5722 δοῦλος.
