4074 6346
427 439 544 502 307

977 439 1040 502 S.
1090 442 1514 503 ATHANASII
1559 443 1731 502 UPP.
1781 440 1982 503 PARS
2026 442 2073 502 Ι.
2105 473 2181 486 -—
2212 440 2627 502 HISTORECA
2673 441 2774 502 ET
2819 437 3297 502 DOGMATICA.

3727 433 3850 499 308

433 573 722 646 primitiae,
753 573 980 629 revixit.
1004 573 1133 628 Haec
1161 571 1294 645 ipsa
1323 579 1415 630 est
1436 574 1588 630 beati
1619 573 1869 646 apostoli
1919 573 2082 632 Pauli

2215 569 2294 646 {ap
2326 569 2380 625 ἐν
2437 573 2556 632 ταῖς
2597 569 2946 647 Παροιμίαις,
2998 569 3112 640 Πρὸ
3161 572 3257 624 τοῦ
3313 566 3536 637 αἰῶνος,
3583 569 3696 637 καὶ,
3729 567 3846 643 Πρὸ

435 662 724 730 doctrina,
755 661 854 734 qui
883 660 987 718 illa
1008 661 1451 718 Proverbiorum
1481 663 1682 729 verba,
1711 667 1842 720 ante
1877 679 2077 734 aevum,

434 755 514 819 et,
537 755 837 822 antequam
865 753 1014 807 terra
1033 753 1209 822 ﬁeret,
1233 751 1314 806 ita
1342 751 1602 824 Epistola
1650 753 1722 808 ad
1779 751 2078 808 Timothe-

2186 663 2282 714 τοῦ
2311 660 2410 729 τὴν
2451 667 2552 734 γῆν
2598 660 2864 736 γενέσθαι,
2912 655 3302 734 διερμηνεύων,
3353 656 3498 713 οὕτω
3544 657 3677 736 φησί
3707 657 3846 732 πρὸς

2192 748 2286 821 μὶν
2327 748 2622 822 -Τιμόθεον
2649 770 2662 783 ·
2753 749 3252 824 Συγκακοπάθησον
3335 749 3413 818 τῷ
3481 743 3802 823 Εὐαγγελίῳ
3826 790 3844 819 ,

435 853 538 894 um
570 837 987 911 interpretatur
1008 838 1094 900 ",-
1127 839 1422 895 Cotlabora
1449 841 1755 911 Evangelia
1783 840 2081 896 secundum

2215 837 2324 892 ιατά
2372 835 2598 910 δύναμιν
2653 842 2788 893 Θεοῦ
2841 841 2939 892 τοῦ
3017 837 3284 898 σώσαντος
3339 838 3487 909 ἡμᾶς
3544 835 3633 891 καὶ
3684 834 3846 891 καλέ-

435 928 534 983 Dei
562 927 840 998 virtutem,
889 927 985 998 qui
1031 928 1205 984 salvos
1253 943 1349 984 nos
1393 930 1522 1000 fecit
1566 933 1620 986 et
1662 931 1872 985 vocavit
1915 945 2074 984 voca-

439 1017 588 1072 tione
620 1021 831 1084 sancta,
883 1031 992 1071 non
1036 1016 1335 1073 secundum
1373 1033 1537 1089 opera
1591 1028 1800 1084 nostra,
1847 1019 1944 1075 sed
1995 1035 2082 1074 se-

433 1104 670 1162 cundum
689 1107 985 1177 proprium
1010 1108 1352 1178 propositum
1378 1114 1428 1162 et
1453 1107 1718 1179 gsatiam,
1767 1125 1890 1180 quae
1931 1108 2086 1166 nobis

350 1234 356 1244 ι
435 1193 568 1251 data
611 1198 694 1249 est
741 1196 801 1250 in
852 1196 1078 1252 Christo
1123 1200 1254 1252 Iesu
1300 1205 1427 1252 ante
1467 1201 1676 1254 aeterna
1721 1206 1988 1270 tempora,
2036 1207 2088 1254 et

435 1299 584 1340 nunc
603 1285 868 1356 apparuit
909 1301 1010 1356 per
1055 1283 1345 1340 adventum
1389 1285 1689 1342 Saluatoris
1733 1288 1914 1343 nostri
1959 1289 2088 1344 Iesu

437 1374 672 1439 Christi,
697 1375 796 1444 qui
821 1377 1056 1429 mortem
1086 1374 1310 1446 quidem
1346 1374 1642 1443 destruxit,
1697 1377 1866 1430 vitam
1899 1385 2088 1432 autem

440 1462 812 1518 illuminavit;
855 1463 925 1516 Et
972 1463 1043 1520 ad
1090 1462 1403 1534 Ephesios:
1460 1464 1784 1521 Benedictus
1841 1469 1986 1521 Deus
2035 1476 2088 1522 et

442 1553 612 1606 Pater
639 1552 865 1608 Domini
883 1554 1060 1608 nostri
1085 1553 1212 1608 Iesu
1235 1551 1460 1621 Christi,
1487 1554 1588 1625 qui
1626 1553 1902 1610 benedixit
1929 1555 2090 1611 nobis

441 1640 504 1695 in
551 1641 705 1696 omni
755 1639 1132 1697 benedictione
1174 1642 1483 1712 spirituali,
1536 1643 1602 1698 in
1660 1641 1979 1714 artestibus,
2030 1645 2091 1698 in

443 1727 659 1785 Christo
695 1732 852 1796 Iesu,
899 1731 1050 1786 sicut
1103 1729 1265 1801 elegit
1314 1745 1416 1786 nos
1464 1732 1527 1786 in
1563 1733 1682 1804 ipso
1719 1740 1852 1788 ante
1894 1733 2094 1788 mundi

440 1818 909 1884 constitutionem,
959 1822 1024 1874 ut
1051 1834 1289 1875 essemus
1328 1821 1516 1876 sancti
1551 1823 1602 1876 et
1640 1819 2002 1878 immaculati
2027 1823 2092 1879 in

439 1913 731 1976 conspectu
757 1906 878 1978 ejus
900 1907 964 1963 in
992 1907 1285 1979 charitate,
1313 1908 1411 1980 qui
1430 1908 1847 1982 praedestinavit
1879 1925 1976 1966 nos
2031 1910 2092 1966 in

442 1993 793 2067 adopth
819 2010 920 2068 per
944 1997 1134 2055 Iesum
1162 1996 1438 2054 Christum
1465 1998 1529 2053 in
1557 1999 1740 2071 ipsum
1757 1998 1823 2054 ⁷³.

527 2178 620 2233 76.
651 2175 952 2239 Quomodo
981 2190 1120 2248 ergo
1150 2192 1258 2232 nos
1280 2175 1451 2247 elegit
1479 2181 1793 2250 antequam
1815 2192 2093 2246 essemus,

450 2267 590 2339 nisi,
613 2269 680 2322 ut
707 2265 833 2338 ipse
862 2263 1032 2331 dixit,
1063 2264 1121 2319 in
1163 2264 1293 2338 ipso
1344 2265 1668 2322 fuissemus
1714 2265 2096 2340 praasignati?

451 2358 560 2426 Qui
591 2371 724 2412 vero
756 2352 882 2410 ﬁeri
917 2352 1120 2426 potuit,
1154 2357 1219 2409 ut
1248 2370 1378 2427 nos,
1429 2355 1778 2427 priusquam
1825 2355 2096 2412 homines

449 2447 807 2512 crearentur,
860 2442 920 2497 in
975 2442 1348 2515 adoptionem
1411 2441 1932 2515 praedestinaverit,
1981 2444 2096 2500 nisi

447 2536 577 2608 ipse
613 2531 796 2588 Filius
825 2535 964 2587 ante
1013 2548 1202 2588 arvum
1253 2532 1533 2589 fundatus
1582 2536 1758 2600 esset,
1802 2539 2095 2607 suscepta,

459 2622 646 2680 nostri
730 2620 941 2696 gratia,
1027 2619 1468 2693 dispensatione
1505 2621 1656 2678 ?Vel
1685 2623 1996 2694 quomodo,
2035 2626 2100 2678 ut

448 2709 690 2785 subjioit
751 2708 1088 2783 Apostolus,
1150 2715 1296 2767 sorte
1341 2727 1529 2768 sumus
1594 2712 1981 2784 praedestinati
2031 2713 2096 2780 ⁷⁵,

452 2801 568 2860 nisi
599 2800 726 2873 ipse
757 2799 1040 2856 Dominus
1070 2803 1206 2856 ante
1236 2816 1424 2856 aevum
1455 2800 1736 2858 fundatus
1771 2802 1998 2870 fuisset,
2019 2802 2102 2858 ita

452 2895 518 2948 ut
542 2889 658 2963 ipsi
687 2889 1055 2963 prepositum
1083 2888 1261 2944 fuerit
1296 2889 1759 2960 omnemjudicii
1789 2891 2099 2948 adversum

453 2997 562 3037 nos
589 2978 694 3035 lati
725 2981 943 3035 sortem
975 2993 1152 3034 carne
1180 2977 1500 3049 suscipere,
1532 2995 1647 3051 quo
1678 2996 1784 3036 nos
1827 2980 2102 3054 deinceps

457 3068 566 3125 ﬁlii
594 3067 654 3124 in
686 3067 816 3140 ipso
847 3065 1585 3131 eiﬁceramur?0uomodo
1634 3067 1774 3125 item
1825 3086 1952 3138 nos,
1999 3071 2101 3142 qui

459 3157 723 3213 nondum
791 3171 1046 3224 eramus,
1111 3155 1213 3210 sed
1254 3159 1515 3228 tempore
1579 3159 1930 3226 exstitimus,
1969 3163 2105 3215 ante

458 3250 675 3301 aeterna
719 3247 984 3315 tempora
1025 3244 1380 3314 accepimus,
1430 3245 1544 3302 nisi
1598 3247 1808 3318 gratia,
1861 3265 1990 3321 qua
2028 3248 2102 3304 ad

459 3350 568 3389 nos
602 3308 886 3406 pervenit,
932 3331 992 3387 in
1042 3308 1289 3388 Domino
1339 3308 1547 3391 fuisset
1598 3308 1918 3408 reposita}
1957 3337 2103 3394 Hinc
2134 3308 2176 3374 Ο

463 3424 560 3480 ille
599 3424 657 3478 in
691 3423 940 3495 judicio,
991 3439 1124 3478 cum
1177 3425 1585 3498 unusquisque
1629 3443 1734 3499 pro
1783 3427 1908 3485 suis
1939 3429 2109 3488 factis

459 3513 788 3569 mercedem
833 3516 922 3568 est
987 3515 1356 3583 accepturus,
1393 3513 1547 3570 dicet
1595 3517 1796 3586 Venite,
1841 3517 2108 3574 benedicti

460 3603 651 3659 Patris
678 3601 795 3657 mei
819 3618 837 3654 :
859 3599 1130 3669 possidete
1167 3605 1432 3670 paratum
1451 3602 1602 3659 vobis
1651 3620 1879 3677 regnum
1907 3623 1941 3661 α
1979 3623 2106 3662 con-

458 3691 746 3748 stitutione
791 3687 989 3745 mundi
1026 3689 1090 3742 ⁷⁵.
1131 3688 1433 3754 Quomodo
1481 3691 1680 3764 igitur,
1725 3693 1814 3750 vel
1868 3695 1926 3750 in
1968 3711 2106 3768 quo,

461 3783 778 3851 antequam
811 3793 1099 3844 essemus,
1130 3784 1400 3850 paratum
1433 3785 1540 3847 est,
1574 3781 1688 3838 nisi
1727 3781 1786 3838 in
1842 3784 2107 3854 Domino,

463 3869 564 3942 qui
597 3873 734 3926 ante
757 3883 945 3923 aevum
987 3883 1116 3923 eam
1164 3866 1238 3924 ob
1281 3883 1519 3925 causam
1563 3871 1846 3928 fundatus
1885 3878 1992 3943 est,
2044 3878 2110 3929 ut

461 3975 571 4014 nos
603 3973 783 4030 super
803 3957 1002 4028 ipsum
1032 3961 1312 4030 tanquam
1347 3958 1639 4026 aedificati,
1663 3960 1792 4016 vita:
1823 3965 1883 4018 et
1908 3963 2108 4034 gratiis

461 4065 588 4120 qua;
615 4047 688 4103 ab
740 4045 841 4102 illo
887 4045 1096 4113 oritur,
1148 4045 1306 4102 velut
1349 4047 1469 4118 apti
1510 4045 1755 4119 lapides,
1797 4050 2112 4124 participes

456 4135 771 4194 essemus?
805 4135 868 4191 1d
899 4139 1097 4191 autem
1153 4150 1220 4191 eo
1270 4136 1489 4192 factum
1520 4141 1631 4208 est,
1677 4143 1966 4210 quantum
2019 4139 2113 4212 pie

458 4227 650 4297 potest
689 4224 956 4297 cogitari,
1001 4229 1085 4292 ut,
1143 4225 1642 4296 quemadmodum
1691 4227 1833 4295 dixi,
1859 4244 1893 4284 a
1923 4233 2111 4284 morte

457 4313 818 4387 temporaria
883 4314 1134 4382 excitati,
1185 4319 1468 4387 perpetuo
1535 4315 1727 4374 vivere
1789 4317 2112 4390 possimus,

459 4403 616 4474 quod
648 4401 820 4458 nobis
851 4417 1223 4475 nequaquam
1256 4402 1522 4461 licuisset
1550 4403 1651 4476 qui
1667 4406 1882 4466 terreni
1903 4422 2114 4464 sumus

2191 947 2379 989 σαντος
2426 925 2619 998 κλήσει
2674 925 2832 1003 ἁγίᾳ·
2886 925 2949 980 οὐ
2999 926 3136 981 κατά
3181 927 3249 981 τὰ
3297 921 3429 1002 ἔργα
3476 927 3637 998 ἡμῶν
3687 927 3843 1000 (76),

2192 1013 2339 1070 ἀλλὰ
2406 1016 2541 1071 κατὰ
2610 1018 2709 1085 τήν
2791 1012 2930 1070 ἰδίαν
3006 1015 3258 1091 πρόθεσιν
3336 1014 3426 1070 καὶ
3498 1018 3682 1091 χάριν,
3741 1016 3843 1083 τὴν

2194 1101 2434 1160 δοθεῖσαν
2486 1108 2621 1178 ἡμῖν
2669 1104 2722 1159 ἐν
2758 1103 2985 1179 ,Χριστῷ
3051 1105 3234 1175 Ἰησοῦ
3281 1103 3388 1176 πρὸ
3437 1103 3655 1179 ’χρόνων
3707 1103 3846 1157 αἰω-

2193 1192 2320 1249 νίων
2353 1239 2370 1260 ,
2443 1177 2832 1272 φανερωθεῖίαν
2909 1190 2968 1248 δὶ
3040 1197 3134 1249 νῦν
3210 1191 3298 1248 διὰ
3378 1177 3491 1263 τῆς
3537 1192 3848 1270 ἐπιφανείας

2193 1288 2291 1338 τοῦ
2361 1287 2621 1354 Σωτῆρος
2670 1285 2831 1356 ἡμῶν
2894 1284 3075 1354 Ἰησοῦ
3133 1286 3409 1354 Χριστοῦ,
3465 1286 3850 1357 καταργήσαν-

2197 1393 2287 1434 τος
2343 1373 2436 1445 μὲν
2476 1372 2566 1426 τὸν
2627 1372 2874 1442 θάνατον,
2921 1371 3254 1436 φωτίσαντος
3304 1369 3363 1427 δὲ
3402 1372 3501 1440 τήν
3536 1375 3642 1444 (77)
3676 1375 3848 1442 ζωήν.

2199 1461 2339 1536 Πρὸς
2398 1459 2454 1516 δὲ
2510 1461 2636 1524 τοὺς
2712 1461 3012 1540 Ἐφεσίους·
3095 1461 3407 1538 Εὐλογητὸς
3484 1463 3512 1516 ὁ
3578 1461 3704 1524 Θεὸς
3758 1461 3851 1515 καὶ

2200 1552 2384 1624 Πατὴρ
2440 1555 2537 1605 τοῦ
2592 1550 2790 1626 Κυρίου
2836 1553 2997 1625 ἡμῶν
3051 1553 3230 1622 Ἰησοῦ
3281 1553 3538 1626 Χριστοῦ,
3602 1552 3632 1607 ὁ
3694 1549 3850 1606 εὐλο-

2197 1641 2372 1715 γήσας
2429 1642 2576 1712 ἡμᾶς
2634 1639 2686 1694 ἐν
2743 1642 2886 1713 πάσῃ
2939 1639 3161 1716 εὐλογίᾳ
3217 1643 3557 1714 πνευματικῇ
3620 1638 3672 1694 ἐν
3731 1643 3851 1701 τοῖς

2200 1727 2543 1805 ἐπουρανίοις
2614 1727 2665 1784 ἐν
2717 1731 2935 1803 Χριστῷ
2993 1730 3175 1796 Ἰησοῦ
3232 1731 3385 1803 (78)’
3445 1729 3623 1792 καθὼς
3673 1727 3852 1802 ἐξελε-

2200 1819 2324 1890 ξατο
2353 1820 2502 1892 ἡμᾶς
2528 1817 2577 1872 ἐν
2609 1816 2756 1890 αὐτῷ
2785 1818 2892 1891 πρὸ
2921 1812 3236 1888 καταϐολῆς
3283 1816 3494 1890 κόσμου
3535 1817 3671 1873 εἰναι
3702 1819 3852 1887 ἡμᾶς

2125 1946 2170 2010 Β
2201 1905 2383 1983 ἁγίους
2430 1905 2522 1963 καὶ
2569 1906 2836 1980 ἀμώμους
2879 1910 2994 1962 κατ’
3044 1907 3277 1962 ἐνώπιον
3325 1906 3488 1962 αὐτοῦ
3537 1906 3589 1962 ἐν
3649 1906 3856 1983 ἀγάπῃ,

2200 1995 2499 2071 προορίσας
2529 1998 2677 2070 ἡμᾶς
2709 1995 2785 2060 εἰς
2816 1993 3084 2061 υἱοθεσίαν
3132 1993 3221 2052 διὰ
3267 1996 3447 2068 Ἰησοῦ
3494 1997 3730 2072 Χριστοῦ
3778 1997 3858 2060 εἷς

2201 2088 2360 2145 αὐτόν
2395 2092 2526 2162 (79).

2270 2181 2361 2236 76.
2395 2182 2518 2241 Πῶς
2549 2175 2639 2234 οὗν
2674 2176 2970 2250 ἐξελέξατο,
3004 2177 3129 2253 πρὶν
3172 2175 3412 2254 γενέσθαι
3459 2178 3608 2250 ἡμᾶς
3658 2177 3704 2233 εἰ
3751 2178 3856 2251 μή,

2204 2269 2279 2331 ὡς
2327 2267 2484 2330 αὐτὸς
2539 2266 2775 2344 εἷ’ρηκεν,
2821 2267 2872 2322 ἐν
2935 2265 3084 2339 αὐτῷ
3133 2267 3275 2340 ἦμεν
3333 2265 3857 2342 προτετυπωμένοι;

2207 2361 2330 2420 Πῶς
2363 2354 2420 2412 δὲ
2449 2355 2619 2428 δλῶς,
2651 2357 2777 2432 πρὶν
2807 2355 3125 2433 ἀνθρώπους
3154 2357 3461 2426 κτισθῆναι,
3493 2358 3640 2430 ἡμᾶς
3671 2357 3859 2431 προώ-

2205 2465 2348 2519 ρισεν
2375 2444 2450 2507 εἰς
2482 2445 2745 2500 υἱοθεσίαν
2796 2447 2930 2519 (80),
2981 2444 3026 2499 εἰ
3063 2446 3139 2518 μή
3191 2443 3350 2507 αὐτὸς
3383 2447 3412 2501 ὁ
3443 2445 3567 2508 Υἱὸς
3625 2445 3731 2521 πρὸ
3758 2449 3861 2500 τοῦ

2203 2533 2400 2597 αἰῶνος
2445 2532 2836 2607 τεθεμελίωτο,
2891 2531 3284 2607 ἀναδεξάμενος
3335 2535 3435 2603 τήν
3503 2533 3634 2610 ὑπὲρ
3689 2536 3860 2607 ἡμῶν

2207 2623 2525 2696 οἰκονομίαν
2556 2643 2570 2694 ;
2603 2625 2672 2680 Ἠ
2702 2623 2921 2691 πῶς,ὠς
2951 2623 3192 2702 ἐπιφέρει
3224 2622 3397 2700 λέγων
3432 2625 3460 2678 ὁ
3493 2622 3860 2692 Ἀπόστολος,

2208 2711 2606 2787 ἐκληρώθημεν
2657 2713 3096 2790 προορισθέντες,
3146 2713 3192 2768 εἰ
3241 2719 3317 2785 μὴ
3368 2711 3527 2774 αὐτὸς
3576 2715 3604 2768 ὁ
3638 2713 3860 2788 Κύριος,

2208 2803 2314 2877 πρὸ
2344 2807 2440 2857 τοῦ
2470 2802 2660 2864 αἰῶνος
2690 2803 2755 2871 ἦν
2806 2800 3183 2876 θεμελιωθείς,
3217 2800 3354 2858 ὥστε
3401 2801 3559 2857 αὐτὸν
3605 2801 3865 2878 πρόθεσιν

2211 2888 2356 2966 ἔχειν
2407 2891 2540 2966 ὑπὲρ
2591 2893 2752 2963 ἡμῶν
2796 2890 2968 2946 πάντα
3013 2891 3105 2946 τὸν
3149 2891 3268 2955 καθ’
3315 2893 3476 2963 ἡμῶν
3523 2889 3731 2964 κλῆρον
3762 2895 3862 2946 τοῦ

2209 2980 2472 3056 κρίματος
2506 2983 2621 3052 (8i)
2669 2977 3016 3051 ἀναδέξασθαι
3066 2977 3156 3034 διὰ
3199 2982 3300 3048 τῆς
3353 2979 3572 3055 σαρκὸς,
3617 2981 3706 3034 καὶ
3739 2978 3869 3035 λοι-

2211 3070 2310 3124 πὸν
2344 3072 2490 3142 ἡμᾶς
2520 3067 2572 3123 ἐν
2596 3068 2742 3140 αὐτῷ
2774 3069 3196 3140 υἰοποιηθῆναις
3231 3071 3354 3131 Πῶς
3387 3065 3443 3123 δὲ
3471 3068 3560 3123 καὶ
3593 3068 3700 3144 πρὸ
3731 3069 3872 3144 χρόο

2211 3180 2314 3214 νων
2337 3157 2571 3213 αἰωνίων
2623 3153 3028 3232 ἐλαμϐάνομεν,
3078 3159 3248 3230 μήπω
3294 3155 3602 3233 γεγονότες,
3651 3155 3780 3213 ἀλλ’
3809 3156 3866 3213 ἐν

2215 3247 2702 3324 χρόνῳγεγονότες
2725 3246 2916 3319 (82),si
2941 3247 3016 3320 μή
3049 3245 3104 3302 ἐν
3133 3251 3212 3318 τῷ
3243 3248 3458 3320 Χριστῷ
3487 3248 3600 3317 (83)
3633 3246 3700 3315 ἦν
3726 3246 3865 3301 ἀποε

2214 3336 2437 3409 κειμένη
2489 3338 2523 3404 ἡ
2570 3335 2646 3397 εἷς
2692 3337 2840 3407 ἡμᾶς
2881 3336 3155 3412 φθάνουσα
3185 3335 3383 3410 χάρις;
3419 3331 3504 3389 διὸ
3559 3334 3648 3389 καὶ
3700 3334 3751 3388 ἐν
3793 3338 3866 3410 τῇ

2216 3424 2407 3500 κρίσει,
2441 3425 2564 3479 ὅταν
2590 3420 2812 3486 ἕκαστος
2843 3423 2979 3479 κατά
3014 3424 3113 3492 τήν
3145 3423 3333 3498 πρᾶξιν
3363 3423 3478 3498 (84)
3535 3418 3864 3497 ἀπολαμῦά-

2215 3535 2302 3585 vn,
2351 3513 2504 3590 φησί·
2556 3516 2734 3579 Δεῦτε,
2793 3513 2843 3567 οἱ
2885 3509 3249 3587 εὐλογημένοι
3315 3517 3414 3567 τοῦ
3462 3512 3674 3588 Πατρός
3727 3529 3858 3586 μου·

2215 3599 2668 3678 κληρονομήσατε
2733 3603 2833 3670 τὴν
2909 3601 3318 3675 ἡτοιμασμένην
3391 3600 3518 3674 ὑμῖν
3583 3599 3864 3676 βασιλείαν

2218 3693 2324 3746 ἀπὸ
2371 3685 2682 3759 καταϐολῆς
2739 3689 2972 3762 κόσμου.
3013 3695 3138 3752 Πῶς
3195 3690 3290 3744 οὗν
3346 3690 3380 3758 ἦ
3436 3689 3486 3744 ἐν
3545 3690 3671 3758 τίνι,
3730 3689 3861 3766 πρὶν

2215 3785 2458 3856 γενέσθαι
2506 3782 2676 3852 ἡμᾶς,
2727 3780 3059 3852 ήτοιμάσθη,
3109 3776 3157 3833 εἰ
3208 3779 3284 3852 μὴ
3335 3778 3386 3834 ἐν
3433 3783 3515 3850 τῷ
3566 3780 3744 3854 Κυρίῳ
3781 3783 3863 3852 τῷ

2217 3868 2324 3942 πρὸ
2354 3868 2550 3929 αἰῶνος
2582 3867 2658 3930 εἰς
2705 3872 2867 3922 τοῦτο
2916 3865 3328 3940 θεμελιωθέντι,
3373 3865 3447 3920 ’ἶν’
3479 3870 3642 3940 ἡμεῖς
3675 3869 3748 3929 ὡς
3779 3867 3866 3922 ἐπ’

2219 3957 2378 4013 αὐτὸν
2410 3954 2942 4030 ἐποικοδομούμενοι
2972 3957 3108 4030 (85),
3144 3950 3563 4030 μεταλάϐωμεν,
3615 3956 3690 4019 ὡς
3719 3955 3866 4012 λίθοι

2220 4045 2569 4120 εὐάρμοστοι,
2624 4049 2725 4111 τῆς
2774 4046 2901 4122 παρ’
2948 4043 3112 4100 αὐτοῦ
3181 4047 3327 4114 ζωῆς
3369 4066 3428 4100 τε
3471 4043 3560 4100 καί
3610 4045 3865 4121 χάριτος.

2217 4138 2392 4193 Τοῦτο
2423 4135 2480 4190 δὲ
2509 4136 2746 4211 γέγονεν,
2797 4134 2872 4197 ὥς
2919 4155 2982 4210 γε
3015 4132 3249 4208 μετρίως
3279 4136 3394 4206 (86)
3424 4133 3710 4210 ἐπέρχεταί
3755 4155 3868 4189 τινι

2219 4230 2362 4280 νοεῖν
2413 4219 2642 4286 εὐσεϐῶς
2670 4269 2683 4294 ,
2729 4222 2823 4278 ’ἱνα
2872 4223 3010 4278 καθὰ
3055 4228 3340 4298 προεῖπον,
3392 4223 3711 4286 ἀναστάντες
3760 4225 3872 4280 ἀπὸ

2219 4317 2321 4370 τοῦ
2368 4313 2502 4388 πρὸς
2554 4309 2742 4387 ὀλίγον
2792 4311 3042 4383 θανάτου,
3093 4311 3330 4374 αἰωνίως
3377 4317 3535 4382 ζῆσαι
3567 4315 3680 4383 (87)
3711 4309 3875 4384 δυνη-

2221 4404 2424 4476 θῶμεν,
2457 4400 2556 4457 οὐκ
2584 4400 2642 4456 ἂν
2685 4399 3000 4472 δυνηθέντες
3041 4398 3314 4476 ἅνθρωποι
3357 4402 3711 4480 τυγχάνοντες
3761 4401 3872 4457 άπὸ

533 4587 578 4621 ⁷³
610 4586 662 4642 ΙΙ
697 4584 850 4640 Tim.
894 4603 934 4655 1,
972 4585 1128 4642 8-10.
1167 4587 1213 4629 ⁷³
1249 4586 1464 4659 Ephes,
1504 4605 1545 4657 ι,
1585 4589 1709 4645 3-5.
1749 4590 1797 4625 ⁷⁸
1835 4590 1986 4647 Ibid.
2030 4591 2092 4646 11

2239 4587 2438 4644 Matth.
2481 4603 2609 4656 xxv,
2648 4587 2739 4643 34.

537 4775 652 4853 (ἶὸ)
683 4772 1164 4853 RegiusetFelc.
1195 4774 1232 4828 5
1271 4775 1568 4853 omittunt,
1628 4773 1691 4831 οὐ
1721 4777 1858 4853 κατὰ
1883 4778 1951 4853 τᾲ
1981 4777 2116 4853 ἔργα

467 4843 647 4922 ἡμῶν,
680 4843 850 4922 sua.
879 4845 1122 4922 Ibidem,
1169 4861 1277 4922 pro
1317 4843 1477 4922 ἰδίαν,
1519 4843 1856 4922 Seguerian.
1903 4843 2114 4908 Goble-

469 4917 616 4975 ri'an.
650 4918 795 4997 Felc.
832 4921 856 4974 1
889 4919 1034 4997 et},
1086 4917 1305 4974 habent
1342 4917 1565 4976 οἰκείαν.
1596 4917 1936 4994 Eeguerian.
1971 4941 2113 4997 prai-

471 4999 628 5048 terea
651 4991 759 5059 τήν
787 4989 1028 5046 omittit.

541 5062 654 5133 (77)
686 5063 749 5118 In
779 5063 1118 5135 Segnerian.
1170 5061 1268 5131 τήν
1321 5061 1506 5131 deest,
1561 5068 1619 5122 et
1646 5063 1706 5120 in
1735 5065 1934 5122 Graeco
1962 5065 2117 5124 Scri-

474 5139 656 5204 ptura;
687 5138 872 5189 textu.

545 5204 656 5274 (78)
689 5205 866 5280 Ἰησοῦ
898 5205 1065 5280 abest
1092 5205 1490 5280 aSeguAerian.
1522 5213 1578 5262 et
1618 5208 1939 5280 Scriptura.
1969 5208 2120 5280 Mox

473 5276 889 5352 Seguerianus,
913 5275 1254 5352 Goblerian;
1277 5277 1424 5352 lj‘elc.
1461 5278 1482 5333 Ι
1521 5283 1578 5335 et
1605 5280 1658 5347 4,
1692 5275 1826 5336 cum
1857 5279 2117 5352 Scriptu-

475 5344 643 5414 rafiv
676 5345 844 5418 αὐτῷ.
879 5347 1024 5402 Editi
1054 5353 1110 5400 et
1139 5349 1262 5413 alii,
1295 5347 1486 5419 ἑαυτῷ.

549 5420 660 5492 (T7)
687 5419 1025 5492 Seguerian.
1061 5421 1234 5492 Basil.
1267 5420 1682 5492 Goblerian._et
1715 5420 1861 5477 Felc.
1899 5423 1949 5488 1,
1983 5437 2120 5478 cum

479 5488 800 5558 Scriptura,
833 5488 1013 5546 αὐτόν.
1053 5490 1161 5546 Alii
1193 5497 1250 5546 et
1279 5493 1440 5558 editi,
1474 5490 1682 5548 ἑαυτόν.

552 5561 683 5634 (80),
723 5562 869 5620 Felc.
934 5565 968 5617 2
1023 5568 1078 5618 et
1138 5563 1315 5619 editio
1373 5565 1652 5621 Commel.
1713 5565 1992 5620 omittunt
2046 5561 2124 5624 εἰς

485 5631 771 5708 uitatum,
792 5635 947 5708 quod
980 5635 1202 5708 habent
1227 5635 1322 5708 alii
1359 5652 1500 5692 mss.
1538 5637 1892 5708 Pauloqpost,
1924 5635 2124 5692 Goble-

487 5681 1560 5784 ;;.'._;;.jagt~;;ct1fataquae;
1578 5681 1954 5784 angat;

561 5778 673 5850 (81)
702 5775 1088 5836 Goblerianus
1117 5781 1176 5833 et
1214 5775 1470 5835 Felokm.‘
1515 5779 1565 5846 1,
1615 5776 1946 5852 Πνεύματος.
1997 5778 2131 5836 Mox

2143 4785 2190 4848 Β
2224 4779 2399 4833 iidem
2459 4781 2517 4832 et
2568 4775 2902 4846 Seguerian.
2965 4775 3124 4848 Reg.
3169 4775 3318 4848 Felc.
3365 4779 3396 4832 4
3448 4781 3504 4848 et
3549 4778 3608 4846 5,
3639 4775 3692 4830 ἐν
3723 4773 3874 4848 αὐτῷ

2224 4849 2612 4917 υἱοποιηθῆναι
2669 4848 2868 4904 Cameri
2927 4852 2984 4903 et
3039 4846 3200 4913 editi,
3283 4846 3338 4902 ἐν
3411 4846 3558 4920 αὐτῷ

2227 4932 2573 5066 τδθῖίξίέιίὶεθρ
2606 4990 2798 5066 verba,
2817 4985 2958 5066 ﬁlix
2987 4986 3041 5043 ἐν
3061 4988 3260 5066 ,χρόνῳ
3292 4990 3603 5066 (γεγονότες,
3660 4992 3880 5048 desunt

2229 5066 2286 5122 in
2310 5061 2672 5138 Seguerian.‘
2689 5061 3037 5138 Gobierian._
3057 5061 3267 5138 li‘olcls;_
3281 5061 3330 5118 1⁷
3349 5061 3405 5138 et
3436 5064 3487 5118 4.

2301 5132 2776 5210 (83iSeguerjan.
2809 5133 3142 5210 Qoblerian.
3181 5133 3325 5190 Felc.
3384 5137 3405 5190 1
3461 5140 3518 5190 et
3562 5137 3612 5200 4,
3671 5132 3876 5205 Κυρίῳ.

2229 5205 2468 5264 Εάἱὶῖθὶ
2497 5205 2619 5274 alii,
2651 5205 2886 5274 Χριστῷ.

2301 5280 2417 5350 (84)
2440 5276 2789 5350 ,Βεευθιξὶιιω
2816 5275 3148 5350 Goblerian.
3185 5279 3242 5332 et
3273 5275 3421 5332 Felc.
3459 5277 3508 5347 1,
3539 5275 3708 5345 τάξιν.
3767 5277 3877 5332 Ba-

2231 5347 2324 5406 sil'.
2357 5347 2553 5422 κρίσινῖ
2590 5348 2693 5422 Alii
2726 5355 2782 5402 et
2801 5347 3205 5422 editi,_np&§tv_.

2304 5415 2418 5493 (85)
2448 5420 2842 5493 Seguerianus
2867 5425 2924 5475 et
2947 5415 3127 5492 'ttég.‘
3169 5415 3717 5490 ἐποικοδομούμενοι.
3764 5417 3880 5474 Alii

2269 5497 2290 5548 ι
2319 5493 2482 5548 editi.
2515 5487 2992 5548 οἰκοδομούμενοι.

2674 5509 2992 5546 ομουιιενοι.

2233 5509 2290 5549 et
2319 5509 2482 5559 eam,
2515 5509 2992 5562 οικοοομουμενοι.

2306 5565 2418 5637 (86)
2449 5563 2788 5637 Seguerian.
2822 5561 3154 5637 Goblerian.
3201 5561 3350 5637 Felc.
3407 5563 3438 5637 ip
3473 5565 3542 5637 et
3586 5555 3786 5637 4,λῶςῇ
3820 5580 3885 5636 γε

2238 5631 2492 5710 μετρίως,
2517 5631 2751 5710 νΙήᾳιιίίίε
2782 5639 2840 5690 et
2865 5634 3059 5703 editis,
3092 5653 3156 5707 γε
3185 5635 3367 5692 deest.
3401 5635 3622 5690 Ibidem
3643 5631 3882 5690 Gobler.

2234 5703 2292 5764 et
2318 5703 2480 5782 ligio:
2496 5709 2556 5782 _1,
2589 5703 2932 5782 ἐπέρχεσθαι2

2306 5779 2420 5853 (87)
2449 5775 2549 5838 Sic
2575 5775 2824 5836 mss."At
2843 5775 3005 5850 editi,
3039 5779 3224 5849 ζῶσαι,
3257 5777 3558 5835 mendose.

3638 4853 3874 4917 ζωοποι-
