4074 6342
364 443 475 505 3η

904 443 970 502 S.
1017 414 1668 505 ATHANASIIOPP.
1714 442 1913 503 PARS
1956 442 2004 501 l.
2040 474 2117 484 —
2150 416 2562 503 HlSTORlCA
2611 440 2709 500 ET
2754 434 3234 500 DOGMATICA.

3667 439 3787 499 312

362 593 394 633 e
414 593 475 632 re
504 591 633 633 esse
649 575 883 631 videtur
916 592 1019 632 nec
1051 576 1231 632 istum
1276 576 1517 631 reticere
1545 593 1559 631 :
1614 575 1763 631 forte
1793 573 2019 631 accidet

2146 572 2219 626 τὸν
2252 576 2400 640 νοῦν,
2434 568 2734 626 ἀκόλουθον
2767 568 2856 624 καὶ
2886 572 3076 624 τοῦτον
3109 568 3200 623 τὸν
3249 572 3374 623 νοῦν
3420 568 3614 625 εἰπεῖν’
3652 568 3781 631 ἷ¹σως

368 670 440 722 ut
469 663 676 721 multis
693 665 1006 720 afferendis
1039 665 1259 736 pudore
1292 665 1629 720 afﬁciantur
1651 663 1868 720 insani.
1922 661 2026 718 His

369 760 564 811 autem
597 771 722 826 qua:
763 753 890 825 jam
930 757 1181 809 tractata
1219 757 1359 808 sunt
1404 769 1554 825 opus
1580 751 1749 807 nobis
1781 755 1871 807 est
1895 768 1907 806 :
1932 750 2028 805 bic

368 843 525 899 enim
558 844 629 898 de
659 843 860 899 eodem
918 842 1223 913 proverbio
1253 842 1325 897 de
1356 841 1682 913 eademque
1730 838 2031 912 sapientia

370 934 584 1006 agitur.
617 931 742 987 Non
774 930 922 985 dixit
955 931 1210 986 Verbum
1242 946 1305 987 se
1335 934 1539 985 natura
1570 946 1700 985 esse
1740 934 2025 998 creatum,

369 1021 472 1078 sed
504 1019 561 1074 in
598 1019 921 1075 Proverbiis
951 1019 1119 1087 dixit,
1147 1022 1415 1075 Dominus
1445 1019 1659 1074 crearit
1685 1034 1772 1074 me
1798 1018 1863 1070 ⁷⁸.
1909 1016 2027 1071 Ma-

371 1108 648 1166 nifestum
682 1114 770 1163 est
800 1113 995 1163 autem
1029 1107 1125 1163 hic
1175 1124 1417 1164 sensum
1462 1106 1720 1179 aliquem
1770 1123 1884 1162 non
1920 1106 2024 1161 ob—

371 1197 528 1253 vium
560 1199 661 1253 sed
688 1196 964 1252 latentem
998 1196 1341 1269 significari,
1390 1212 1565 1267 quem
1605 1194 1843 1267 quidem
1894 1210 2026 1249 con-

371 1303 710 1359 sequemur,
743 1286 790 1342 si
826 1284 1116 1356 proverbii
1135 1285 1327 1341 velum
1363 1283 1764 1339 detrahamus.
1818 1280 2029 1352 Ecquis

372 1377 531 1433 enim
562 1375 832 1447 opificem
856 1372 1210 1446 Sapientiam
1262 1373 1552 1431 dicentem
1593 1372 1863 1443 audiens,
1918 1372 2031 1427 Do-

377 1466 564 1520 minus
605 1465 812 1519 creavit
857 1479 947 1518 me
995 1464 1342 1535 principium
1392 1463 1620 1517 viarum
1666 1476 1899 1516 suarum
1961 1459 2027 1525 7°,

375 1570 492 1610 non
523 1552 799 1609 continuo
829 1568 1069 1608 sensum
1100 1551 1388 1624 exquirat,
1448 1566 1759 1622 secumque
1818 1546 2032 1620 cogitet

377 1643 672 1716 quomodo
702 1641 952 1697 creatrix
981 1641 1165 1696 creari
1194 1639 1427 1713 possit?
1468 1639 1609 1705 Quis
1657 1637 2028 1711 unigenitum

379 1733 476 1788 Dei
510 1730 723 1788 Filium
783 1747 847 1787 se
883 1730 1116 1785 viarum
1155 1727 1511 1801 principium
1549 1727 1733 1784 creari
1774 1725 2029 1782 aientem

372 1821 645 1891 audiens,
679 1835 793 1875 non
826 1835 943 1890 qua
966 1817 1188 1874 ratione
1212 1817 1268 1873 id
1302 1816 1513 1873 dixerit
1545 1816 1879 1888 investiget,
1927 1813 2028 1869 ad-

2134 660 2193 715 ἐκ
2244 659 2471 716 πολλῶν
2519 658 2852 735 ἒντραπῶσιν
2903 659 2956 713 oi.
3002 658 3249 727 ἀνόητοι.
3282 657 3455 733 Χρεία
3510 656 3568 713 δὲ
3619 650 3786 713 πάλιν

2130 753 2240 804 τῶν
2290 747 2734 825 προειρημένων
2763 748 2888 824 περὶ
2947 749 3048 824 γὰρ
3106 755 3208 818 τῆς
3269 748 3438 818 αὐτῆς
3487 749 3791 824 παροιμίας

2132 838 2223 893 καῖ
2254 845 2354 908 τῆς
2388 837 2554 908 αὐτῆς
2584 834 2772 916 σοφίας
2803 836 2914 892 ἐστὶ
2952 837 3015 891 τὸ
3062 837 3439 912 προκείμενον.
3471 837 3586 895 Οὐκ
3635 834 3788 915 εἶ’ρησ

2133 947 2221 981 κεν
2273 926 2463 982 ἑαυτὸν
2515 926 2651 981 εἶναι
2696 930 2767 1000 τῇ
2816 925 2972 1004 φύσει
3023 925 3228 998 κτίσμα
3276 928 3305 982 6
3341 926 3541 1002 Λόγος,
3573 924 3701 983 ἀλλ’
3734 927 3790 984 ἐν

2136 1015 2462 1089 Παροιμίαις
2514 1014 2698 1103 simio:
2740 1015 2826 1082 τὸ,
2879 1016 3073 1089 Κοδριος
3128 1009 3300 1071 ἔκτισέ
3352 1034 3438 1088 με·
3482 1015 3572 1070 καὶ
3619 1015 3792 1087 δῆλόν
3824 1016 3885 1074 VK

2135 1104 2276 1160 ἐστιν
2310 1104 2394 1159 ὅτι
2422 1110 2547 1160 νοῦν
2578 1125 2700 1160 τινα
2729 1104 2791 1159 οὗ
2822 1103 3118 1181 παρῥησίᾳ,
3154 1103 3301 1161 ἀλλᾶ
3327 1109 3521 1161 τοῦτον
3550 1126 3791 1180 κεκρυμ-

2140 1192 2299 1267 μένον
2351 1194 2628 1267 σημαίνει,
2661 1193 2842 1248 ὅντινα
2888 1193 2979 1249 καὶ
3027 1194 3178 1265 ἡμὰς
3224 1190 3449 1249 δυνατὸν
3509 1195 3707 1269 εὑρεῖν,
3742 1194 3789 1251 εί

2140 1280 2494 1356 Περιὲλοιμεν
2555 1283 2619 1336 τὸ
2671 1281 2936 1355 κάλυμμα
2987 1288 3087 1351 τῆς
3154 1281 3477 1353 παροιμίας.
3537 1283 3629 1345 Τίς
3684 1284 3785 1359 γὰρ

2137 1370 2347 1426 ἀκούων
2378 1378 2480 1440 τῆς
2515 1369 2856 1447 δημιουργοῦ
2907 1370 3118 1445 σοφίας,
3154 1370 3356 1445 Κύριος
3390 1373 3467 1446 (1)
3499 1370 3675 1427 ἔκτισε
3729 1393 3795 1445 με

2139 1458 2317 1536 ἀρχὴν
2377 1458 2516 1515 ὁδῶν
2594 1459 2780 1527 αὐτοῦ,
2841 1461 3170 1538 φασκοῦσης,
3233 1458 3333 1515 οὐκ
3410 1459 3568 1523 εὐθὺς
3646 1466 3799 1531 ζητεῖ

2135 1550 2235 1618 τὴν
2287 1546 2548 1621 διάνοιαν,
2602 1547 2962 1625 λογιζόμενος
3006 1553 3122 1611 πῶς
3174 1545 3393 1604 δύναται
3448 1551 3483 1618 ἡ
3532 1549 3793 1619 κτίζουσα

2136 1637 2446 1707 κτίζεσθαι;
2503 1638 2621 1707 Τίς,
2684 1639 2915 1699 ἀκούσας
2972 1635 3071 1693 τοῦ
3136 1642 3460 1714 μονογενοῦς
3518 1638 3646 1693 Υἱοῦ
3691 1642 3792 1693 τοῦ

2138 1731 2273 1783 Θεοῦ
2330 1725 2601 1803 λὲγοντος,
2660 1726 2840 1803 ἀρχὴν
2899 1724 3039 1782 ὁδῶν
3101 1727 3287 1782 ἑαυτόν
3346 1726 3640 1797 κτίζεσθαι,
3692 1726 3794 1783 οὐκ

2137 1816 2325 1893 ἐρευνᾷ
2369 1817 2460 1872 τὸν
2504 1821 2648 1885 νοῦν,
2683 1815 2994 1890 θαυμάζων,
3036 1821 3155 1878 πῶς
3204 1814 3425 1871 δύναται
3470 1818 3499 1871 6
3553 1836 3791 1892 μονογε-

379 1911 762 1981 mireturque,
796 1907 897 1980 qui
918 1906 1045 1963 ﬁeri
1092 1910 1362 1978 queatut
1418 1906 1778 1979 unigenitus.
1846 1902 2029 1960 Filius

2146 1908 2231 1975 θὴς
2260 1906 2383 1968 Υἱὸς
2413 1902 2597 1962 ἄλλων
2630 1907 2707 2009 (ἓ)
2737 1902 2966 1960 πολλῶν
3017 1905 3165 1989 ἀρχὴ
3220 1903 3461 1979 γίνεσθαι
3493 1924 3507 1974 ;
3547 1902 3789 1980 Αἴνιγμα

375 1998 695 2055 multorum
726 1996 977 2053 aliorum
1009 1995 1087 2051 sit
1120 1994 1522 2068 principium?
1570 1994 1841 2067 [Enigma
1878 2007 2021 2047 sane

372 2087 518 2143 illud
541 2091 650 2142 est.
678 2086 894 2141 Verum
924 2085 1013 2141 vir
1060 2084 1399 2154 intelligens,
1450 2083 1644 2155 inquit
1695 2080 2018 2154 Scriptura,

372 2177 651 2247 intelliget
674 2173 1013 2248 parabolam
1034 2181 1087 2229 et
1112 2173 1405 2229 obscurum
1448 2188 1777 2243 sermnem,
1833 2170 2022 2227 verba-

373 2280 479 2339 que
501 2274 553 2321 et
582 2266 889 2333 enigmata
907 2265 1221 2335 sapientum
1239 2262 1306 2318 ⁸ο.

444 2361 856 2434 78.Unigenita
875 2361 1313 2434 igitur-ipsaque
1330 2359 1430 2416 Dei
1451 2357 2021 2431 sapientia,omnium

2139 1995 2235 2069 μὶν
2292 1992 2470 2051 ἔστιν·
2529 1995 2587 2048 Ὁ
2644 1990 2703 2048 δὲ
2759 1996 3026 2066 νοήμων,
3083 1993 3239 2071 φησὶ,
3293 1995 3478 2064 νοήσει
3546 1990 3797 2071 παραϐο-

2128 2083 2231 2155 λὴν
2317 2083 2406 2139 καὶ
2479 2083 2749 2139 σκοτεινὸν
2827 2081 3013 2158 λόγον,
3074 2081 3259 2158 ῥήσεις
3314 2103 3373 2137 τε
3427 2087 3609 2162 σοφῶν
3684 2083 3776 2139 καὶ

2127 2174 2211 2229 αίν
2221 2172 2270 2250 ίγ
2276 2194 2437 2247 ματα.

2196 2364 2288 2417 78.
2319 2362 2381 2418 Ἦ
2433 2361 2527 2434 μὲν
2574 2358 2664 2415 οὖν
2715 2361 3012 2436 μονογενὴς
3044 2359 3133 2414 καὶ
3165 2358 3463 2439 αὐτοσοφία
3491 2364 3589 2416 τοῦ
3640 2365 3777 2417 Θεοῦ

374 2450 626 2509 creatrix
677 2456 767 2506 est
814 2454 870 2503 et
918 2449 1192 2505 effectrix.
1234 2450 1430 2503 Omnia
1476 2448 1656 2516 enim,
1704 2446 1919 2518 inquit,
1960 2446 2020 2500 in

2146 2449 2382 2518 ιτίζουσα
2435 2449 2524 2504 καὶ
2584 2444 2925 2524 δημιουργός
2981 2447 3089 2502 ἐστι
3146 2452 3254 2503 τῶν
3315 2448 3561 2503 πάντωνο
3596 2448 3776 2505 Πάντα

374 2540 654 2614 sapientia
703 2539 896 2612 fecisti
922 2538 992 2604 ⁸1,
1014 2541 1105 2593 et:
1131 2536 1532 2611 4821mpleta
1561 2545 1638 2592 est
1683 2541 1833 2592 terra
1869 2549 2021 2590 orca-

372 2630 521 2686 tione
549 2634 653 2684 tua
673 2628 742 2681 ⁸³.
774 2626 848 2684 Ut
878 2631 1073 2682 autem
1107 2643 1198 2682 res
1231 2625 1390 2681 facte
1415 2642 1529 2682 non
1566 2629 1794 2681 tantum
1838 2622 2023 2680 exsis-

374 2721 588 2787 terent,
628 2716 729 2772 sed
772 2715 945 2772 etiam
985 2715 1131 2770 bene
1160 2715 1497 2781 existerent,
1528 2714 1750 2786 placuit
1797 2713 1913 2769 Deo
1959 2716 2026 2767 ut

375 2821 485 2862 sua
509 2803 807 2877 Sapientia
836 2820 899 2860 se
920 2803 991 2859 ad
1018 2820 1109 2859 res
1155 2808 1381 2859 creatas
1429 2803 1919 2868 accommodaret,
1962 2803 2029 2857 ut

379 2895 630 2950 formam
663 2893 1038 2965 speciemque
1067 2892 1324 2964 aliquam
1357 2891 1543 2964 ipsius
1573 2891 1847 2963 imaginis
1889 2905 2022 2945 cum

374 2985 435 3041 in
469 2982 747 3040 omnibus
774 2980 953 3039 simul
990 2990 1108 3037 lum
1143 2981 1201 3036 in
1230 2979 1477 3053 singulis
1506 2980 1889 3052 imprimeret,
1913 2995 2027 3051 quo

383 3073 665 3130 nimirum
712 3072 1089 3143 perspicuum
1138 3070 1303 3126 ﬁeret
1355 3074 1411 3124 et
1459 3069 1748 3141 sapientia
1792 3073 2030 3125 ornatas

385 3177 515 3217 esse
554 3176 648 3216 res
679 3160 883 3229 factas,
914 3163 972 3215 et
1000 3158 1181 3231 digna
1211 3159 1328 3214 Deo
1358 3175 1487 3215 esse
1515 3174 1710 3230 opera.
1752 3158 1825 3214 Ut
1871 3158 2028 3214 enim

392 3254 664 3306 nostrum
713 3248 977 3318 verbum,
1015 3247 1212 3315 Verbi,
1253 3248 1353 3319 qui
1416 3246 1515 3303 Dei
1563 3252 1649 3303 est
1704 3246 1887 3304 Filius
1940 3252 2031 3304 est

392 3341 623 3412 imago:
649 3338 730 3393 ita
759 3337 1047 3409 sapientia
1077 3338 1134 3392 in
1169 3337 1339 3393 nobis
1370 3339 1520 3393 facta
1548 3337 1808 3408 ejusdem
1844 3337 2032 3407 Verbi,

2127 2539 2252 2617 γὰρ,
2311 2539 2512 2616 φησὶν,
2570 2536 2622 2593 ἐν
2676 2536 2841 2611 σοφίᾳ
2896 2536 3197 2607 ἐποίησας,
3255 2536 3344 2592 καὶ
3404 2540 3502 2610 (3),
3565 2537 3775 2609 Ἐπλη-

2132 2628 2279 2704 ρώθη
2333 2629 2368 2697 ἡ
2425 2633 2499 2703 γῆ
2550 2634 2649 2696 τῆς
2704 2625 2930 2688 κτίσεώς
2989 2647 3115 2682 σου.
3175 2628 3291 2680 Ἵνα
3350 2623 3408 2681 δὲ
3470 2629 3546 2699 μὴ
3610 2627 3777 2701 μόνον

2134 2717 2355 2793 ὑπάρχῃ
2398 2717 2466 2771 τὰ
2513 2715 2803 2792 γενόμενα,
2830 2714 2977 2770 ἀλλὰ
3032 2714 3122 2769 καὶ
3170 2712 3355 2770 καλῶς
3405 2714 3648 2791 ὑπάρχῃ,
3688 2715 3791 2786 ηὐ-

2134 2803 2361 2876 δόκησεν
2398 2805 2426 2860 ὸ
2457 2805 2586 2867 Θεὸς
2616 2799 3019 2878 συγκαταϐῆναι
3046 2805 3145 2872 τήν
3178 2803 3370 2857 ἑαυτοῦ
3413 2802 3615 2879 Σοφίαν
3667 2809 3787 2865 τοῖς

2132 2893 2439 2966 κτίσμασινο
2483 2892 2620 2949 ὥστε
2673 2892 2843 2947 τύπον
2894 2892 3026 2947 τινὰ
3080 2891 3169 2946 καὶ
3228 2892 3514 2967 φαντασίαν
3576 2892 3789 2955 εἰκόνος

2138 2981 2305 3051 αὐτῆς
2336 2985 2416 3054 (4)
2447 2980 2498 3036 ἐν
2544 2981 2676 3036 πᾶσί
2718 3002 2778 3035 τε
2822 2984 2977 3053 κοινῇ
3022 2981 3112 3034 καὶ
3165 2980 3372 3053 ἑκάστῳ
3418 2979 3665 3054 ἐνθεῖναι,
3701 2979 3791 3036 ’ἕνα

2137 3071 2229 3126 καὶ
2289 3071 2429 3145 σοφὰ
2483 3072 2550 3125 τὰ
2608 3069 2890 3145 γενόμενα,
2921 3069 3010 3124 καὶ
3069 3068 3188 3140 ἄξια
3225 3073 3324 3124 τοῦ
3367 3074 3500 3124 Θεοῦ
3530 3062 3658 3146 ἔργα
3689 3067 3793 3125 δεί-

2136 3180 2339 3216 κνυται.
2373 3160 2462 3221 Ὠς
2491 3159 2596 3235 γὰρ
2643 3158 2823 3234 Λόγου
2870 3155 3025 3220 ὄντος
3069 3162 3168 3213 τοῦ
3218 3159 3346 3213 Υἱοῦ
3389 3162 3486 3213 τοῦ
3535 3163 3670 3214 Θεοῦ
3715 3159 3791 3213 εἷ-

2143 3250 2253 3303 κών
2286 3248 2428 3303 ἐστιν
2452 3249 2480 3303 6
2510 3248 2777 3323 ἡμέτερος
2828 3245 3017 3322 λόγος,
3061 3247 3235 3310 οὕτως
3288 3243 3441 3309 ὄντος
3489 3247 3654 3304 αὐτοῦ
3687 3254 3791 3303 Σο-

2147 3338 2269 3417 φίας
2304 3340 2378 3411 (5)
2404 3336 2564 3391 εἰκὼν
2597 3335 2763 3392 πάλιν
2798 3335 2935 3391 ἐστὶν
2969 3337 3003 3405 ἠ
3036 3335 3087 3391 ἐν
3115 3337 3252 3409 ἡμῖν
3299 3336 3563 3413 γενομένη
3607 3336 3791 3415 σοφία·

383 3445 513 3501 quis
546 3427 677 3499 ipsa
706 3430 794 3482 est
823 3426 1148 3497 Sapientia,
1197 3426 1392 3498 imago
1438 3442 1669 3498 quoque
1702 3430 1812 3494 est,
1840 3426 1896 3481 in
1921 3443 2029 3498 qua

2146 3426 2197 3482 ἐν
2294 3426 2356 3481 τὸ
2386 3423 2577 3481 εἰδέναι
2608 3425 2697 3479 καὶ
2725 3425 2790 3480 τὸ
2828 3430 3045 3502 φρονεῖν
3087 3422 3327 3499 ἔχοντες,
3362 3422 3598 3480 δεκτικοὶ
3646 3421 3795 3501 γινὸ-

386 3533 519 3574 cnm
553 3516 668 3570 vim
713 3515 935 3571 sciendi
984 3519 1041 3570 et
1064 3514 1431 3586 intelligendi
1454 3514 1809 3587 habeamus,
1843 3516 2035 3572 idonei

382 3604 675 3662 efﬁcimur
724 3603 824 3676 qui
873 3602 1213 3659 crcatricem
1262 3602 1621 3676 Sapientiam
1654 3603 2033 3676 recipiamus,

385 3693 771 3765 ejusdemque
803 3690 1030 3747 Patrem
1063 3707 1166 3764 per
1195 3691 1382 3763 ipsum
1430 3708 1748 3764 possumus
1788 3709 2035 3764 cognos-

386 3783 700 3839 cere.Nam
734 3782 831 3854 qui
876 3781 1035 3837 habet
1089 3782 1318 3851 Filium,
1366 3781 1577 3853 inquit,
1626 3782 1783 3839 habet
1830 3790 1882 3838 et
1918 3784 2031 3839 Pa-

384 3880 526 3928 trem
578 3870 642 3941 ⁸³,
673 3877 751 3939 et,
787 3872 898 3941 Qui
953 3885 1037 3925 ma
1074 3872 1288 3941 recipit,
1347 3872 1545 3943 recipit
1576 3887 1699 3927 eum
1744 3874 1842 3942 qui
1880 3871 2034 3927 misit

386 3977 472 4017 me
502 3962 567 4015 “.
598 3960 886 4024 Quoniam
917 3975 1055 4031 ergo
1097 3959 1439 4030 bujusmodi
1495 3960 1801 4032 Sapientias
1847 3960 2035 4016 forma

384 4055 575 4107 creata
604 4050 662 4104 in
696 4049 864 4105 nobis
886 4053 944 4105 et
993 4048 1052 4102 in
1104 4048 1379 4103 omnibus
1429 4053 1539 4119 est,
1587 4066 1701 4104 non
1742 4050 2033 4105 immerito

384 4155 518 4196 vera
548 4143 604 4194 et
632 4137 822 4209 cpil'ex
854 4136 1157 4210 Sapientia
1186 4156 1254 4193 ea
1304 4154 1431 4209 qua:
1490 4155 1609 4192 sum
1649 4138 1850 4194 formae
1902 4156 2031 4210 pro-

385 4229 516 4302 pria
556 4232 696 4284 sunt
742 4226 855 4283 sibi
895 4226 1006 4298 ipsi
1046 4225 1342 4283 asciscens
1375 4227 1477 4293 ait,
1511 4226 1770 4283 Dominus
1824 4230 2035 4283 creavit

382 4333 473 4372 me
502 4319 561 4371 in
593 4332 760 4388 opera
784 4332 911 4371 sua.
944 4314 1168 4387 Quippe
1199 4330 1265 4370 ea
1297 4330 1427 4386 qua
1456 4314 1765 4387 sapientia,
1818 4332 1944 4387 qua:
1972 4316 2031 4371 in

386 4405 560 4462 nobis
593 4410 703 4471 est,
753 4403 1036 4475 loquitur,
1084 4403 1205 4457 haec
1256 4404 1383 4475 ipse
1418 4403 1705 4460 Dominus
1755 4412 2031 4476 tanquam

384 4492 621 4567 propria
689 4495 956 4562 usurpat.
1003 4491 1284 4557 Quocirca
1354 4509 1468 4549 non
1521 4491 1619 4547 ille
1663 4497 1895 4548 creatur
1932 4494 2032 4565 qui

379 4586 605 4640 creator
634 4584 742 4651 est,
794 4580 894 4636 sed
930 4584 1167 4652 propter
1204 4596 1373 4637 suam
1424 4581 1736 4654 imaginem
1782 4582 1841 4638 in
1887 4583 2033 4654 ipsis

2147 3518 2282 3589 μεθα
2311 3519 2411 3580 τῆς
2443 3511 2785 3589 δημιουργοῦ
2815 3513 3043 3590 Σοφίας,
3073 3514 3163 3568 καὶ
3195 3511 3264 3568 δι’
3294 3513 3462 3583 αὐτῆς
3503 3514 3793 3589 γινώσκειν

2144 3602 2413 3677 δυνάμεθα
2465 3604 2557 3659 τὸν
2620 3604 2788 3672 αὐτῆς
2843 3603 3070 3676 Πατέρα.
3129 3603 3190 3661 Ὀ
3243 3603 3346 3679 γὰρ
3407 3601 3574 3679 ἔχων,
3633 3604 3792 3681 φησὶ,

2139 3694 2232 3749 τὸν
2291 3694 2437 3766 Υἱὸν,
2471 3689 2587 3769 ἔχει
2640 3692 2730 3748 καὶ
2786 3692 2876 3746 τὸν
2937 3690 3166 3769 Πατέρα·
3216 3692 3329 3762 καὶ,
3379 3693 3436 3746 Ὀ
3489 3689 3792 3768 δεχόμενός

2147 3803 2213 3855 με
2257 3784 2353 3854 (6),
2387 3778 2602 3857 δέχεται
2650 3782 2743 3835 τὸν
2799 3777 3192 3837 ἀποστείλαντά
3239 3800 3325 3853 με.
3368 3779 3636 3837 Τοιούτου
3683 3780 3793 3835 τοί-

2140 3894 2231 3927 νυν
2281 3871 2453 3927 τύπου
2500 3871 2599 3942 τῆς
2650 3870 2851 3948 Σοφίας
2895 3870 3201 3931 κτισθὲντος
3252 3868 3304 3924 ἐν
3349 3870 3486 3941 ἡμῖν
3532 3890 3591 3925 τε
3620 3868 3710 3925 καί
3741 3870 3793 3924 ἐν

2141 3967 2271 4015 πᾶσι
2319 3965 2436 4021 τοῖς
2485 3953 2666 4033 ἕργοῖς
2715 3955 2892 4029 ὄντος,
2926 3957 3149 4019 εἰκότως
3200 3958 3235 4027 ἡ
3287 3957 3522 4027 ἀληθινὴ
3572 3960 3660 4014 καὶ
3692 3955 3790 4029 δη-

2145 4049 2409 4123 μιουργὸς
2470 4049 2666 4126 Σοφία,
2715 4046 2783 4102 τὰ
2835 4051 2933 4102 τοῦ
2994 4048 3167 4102 τύπου
3214 4048 3409 4116 ἑαυτῆς
3461 4047 3536 4110 εἰς
3595 4048 3792 4119 ἑαυτὴν

2141 4131 2613 4210 ἀναλαμϐάνουσα,
2646 4137 2779 4213 φησί
2832 4137 2916 4207 τὸ,
2945 4136 3139 4211 Κύριος
3200 4134 3374 4191 ἔκτισὲ
3438 4157 3504 4209 με
3551 4137 3630 4200 εἷς
3662 4131 3795 4214 ἔργα

2141 4226 2325 4283 αὐτοῦ.
2352 4227 2421 4283 ⁴Ἀ
2468 4225 2571 4301 γὰρ
2625 4226 2658 4295 ἡ
2703 4224 2753 4280 ἐν
2786 4226 2924 4297 ἡμῖν
2978 4226 3139 4302 σοφία
3188 4226 3322 4293 εἶπε,
3353 4229 3523 4280 ταῦτα
3570 4225 3733 4288 αὐτὸς
3765 4228 3794 4281 ὁ

2142 4317 2337 4391 Κύριος
2397 4314 2470 4377 ὡς
2532 4311 2647 4369 ἴδια
2703 4312 2847 4390 λέγει
2890 4316 2990 4387 (7)’
3039 4314 3128 4368 καὶ
3181 4313 3280 4369 οὐκ
3334 4308 3445 4369 ἔστι
3508 4315 3604 4388 μὶν
3636 4314 3797 4377 αὐτὸς

2140 4404 2457 4477 κτιζόμενος
2486 4404 2710 4473 κτίστης
2750 4401 2849 4474 ὣν,
2884 4400 2973 4457 διὰ
3003 4400 3062 4458 δὲ
3105 4404 3204 4471 τὴν
3252 4401 3306 4457 ἐν
3353 4409 3469 4466 τοῖς
3520 4400 3705 4481 ἔργοις
3727 4405 3798 4459 εί-

2141 4494 2275 4549 κόνα
2304 4494 2607 4548 κτισθεῖσαν
2657 4490 2844 4559 αὐτοῦ,
2875 4496 3043 4546 ταῦτα
3090 4492 3250 4554 αὐτὸς
3301 4491 3377 4554 ὡς
3424 4493 3547 4569 περὶ
3604 4494 3796 4549 ἑαυτοῦ

2140 4581 2314 4658 λέγει.
2348 4581 2447 4637 Καὶ
2481 4581 2662 4657 ὥσπερ
2713 4579 2875 4643 αὐτὸς
2917 4581 2946 4635 6
2987 4579 3184 4654 Κύριος
3232 4577 3468 4654 εἴρηκενο
3517 4583 3580 4640 Ὀ
3626 4579 3796 4659 δεχό-

451 4716 496 4751 ⁷⁸
534 4714 696 4772 Prov.
736 4729 861 4785 vm,
901 4713 992 4767 22.
1033 4713 1078 4748 ’⁷³
1115 4712 1256 4769 ibid.
1299 4713 1344 4749 ⁸ο
1410 4715 1573 4771 Prov.
1618 4732 1656 4783 I,
1712 4715 1768 4783 5,
1827 4717 1882 4771 6ο
1949 4717 1990 4753 ⁸¹

2146 4717 2185 4774 1.
2226 4734 2347 4783 οιιι,
2414 4718 2505 4771 24.
2546 4715 2593 4751 ⁸²
2631 4715 2776 4771 ibid.
2839 4715 2885 4750 ⁸³
2925 4715 2947 4770 Ι
3004 4717 3175 4772 Joau.
3244 4732 3306 4787 II,
3371 4717 3461 4773 23.
3501 4716 3549 4753 ⁸⁴
3585 4716 3793 4774 Matth.

381 4806 437 4845 x.
480 4788 568 4843 40.

388 4988 411 5009 ν
454 4918 769 5009 (1),Ε¹ειο1ί.’
792 4915 960 5007 4,,τὸ,
996 4915 1216 5007 Κύριος.
1250 4917 1468 5009 Ibidem
1502 4917 1656 5009 idem
1702 4923 2032 5009 etnSeguer.

386 4989 562 5045 ἔκτισε
612 5011 678 5063 με
726 4989 996 5114 είςήέριὲοι
1038 4989 1232 5074 animi»;
1252 4989 1371 5072 Alii.
1415 4994 1473 5045 et
1520 4989 1695 5045 editio
1750 4989 2032 5048 Couimel.

386 5058 563 5118 ἴκτισὲ
596 5082 663 5133 με
683 5061 861 5134 ἀρχὴν
898 5061 925 5115 6
965 5081 1038 5134 ων
1073 5059 1257 5117 αὐτου.
1292 5061 1435 5117 Ibid.
1477 5065 1714 5134 Seguer.
1749 5068 1806 5117 et
1843 5063 2032 5119 Felck.

391 5080 563 5118 ικτισε
596 5082 663 5133 με
683 5080 861 5136 αρχην
898 5080 1038 5115 οοων
1073 5080 1257 5117 αυτου.
1292 5080 1435 5117 ID").
1478 5080 1714 5134 ueguer.
1749 5080 1806 5117 et
1843 5080 2033 5119 rencs.

391 5135 445 5201 4,
477 5134 757 5215 omittunt.
784 5129 1129 5215 φασκοῦσης..
1155 5138 1312 5215 Item“
1334 5144 1599 5215 [meamet
1645 5134 1847 5215 e_diti.o_
1869 5135 2037 5215 Com-

393 5205 527 5261 mel.
563 5206 779 5294 ibidem
814 5202 1176 5294 babenti-66x
1202 5201 1620 5294 “adfligam-tio
1670 5205 2035 5294 l’arisiensis,

388 5275 656 5351 παρευθὺς
704 5275 765 5329 οὐ
820 5278 989 5344 ζητεῖ.
1026 5275 1155 5330 Mox
1202 5278 1436 5347 Seguer.
1470 5275 1882 5358 Reg.”Anglic.
1927 5282 2035 5334 Go-

385 5349 529 5405 bler.
566 5347 752 5404 Felck.
791 5348 842 5417 1,
875 5348 907 5402 4
936 5352 992 5402 et
1020 5346 1075 5410 5,
1096 5347 1130 5413 ἡ
1162 5344 1437 5415 κτίζουσα.
1468 5347 1526 5403 In
1559 5346 1690 5403 alus
1718 5357 1778 5405 et
1806 5350 1978 5406 editis
1999 5352 2035 5419 ἡ

386 5423 802 5573 ῗθῗὲίθξθερςιε.
834 5488 1408 5573 (δί-βοεξ-μονογενῂς
1454 5488 1531 5573 ᾡς
1583 5485 1790 5573 ἄλλων.
1843 5491 2032 5547 Felrk.

385 5564 443 5634 5,
468 5558 619 5626 ibid,
641 5558 863 5621 ἆλλως.
896 5561 1030 5634 Mox
1055 5558 1291 5634 Seguer.
1322 5561 1381 5616 Ὀ
1409 5559 1510 5633 γὰρ
1542 5562 1642 5634 vovi
1656 5582 1791 5633 μων.

464 5636 542 5706 (3)
571 5634 660 5688 sic
711 5635 949 5706 Seguer.
1007 5631 1144 5706 Reg.
1179 5631 1664 5706 _Gobler._iFe_lck.'
1696 5636 1746 5697 1,
1797 5635 1827 5689 4
1875 5637 1933 5687 et
1978 5634 2032 5689 5.

387 5701 541 5762 Εᾶἰιὶ
574 5722 705 5761 vero
727 5701 919 5777 fet'alii
944 5701 1042 5777 καί
1073 5704 1372 5777 omittunt.
1402 5703 1593 5777 _Paulq
1623 5711 1754 5776 post
1795 5709 2031 5777 Seguer.

392 5777 567 5835 Basil.
600 5776 829 5833 Gobler.
864 5773 1059 5831 Felck.
1101 5775 1124 5827 1
1159 5779 1215 5829 et
1262 5775 1314 5846 4,
1359 5772 1425 5828 τὰ
1469 5772 1753 5848 γενόμενα.
1787 5772 2035 5832 Ιοῖιιὶἱε

2067 4926 2114 4990 D
2146 4927 2203 4979 et
2231 4921 2406 4977 editis
2435 4918 2501 4973 τά
2532 4921 2713 4977 deest.

2221 4995 2295 5063 (4)
2327 4995 2561 5065 Seguer.
2594 4990 2826 5065 Gobler.
2877 4989 3065 5047 Felck.
3102 4991 3135 5065 Δ1
3194 4995 3252 5065 et
3298 4992 3350 5058 4,
3385 4988 3564 5053 αὐτός.
3595 4992 3795 5048 Cmteri

2149 5070 2206 5122 et
2230 5059 2625 5134 εδὶῐίξαύτῆς..
2650 5061 2793 5119 Ibid.
2827 5066 3063 5134 Seguer.
3098 5059 3149 5134 ἐν
3181 5062 3342 5134 πάσῃ.

2223 5137 2301 5207 (5)
2326 5127 2564 5209 Βέεζυρζξ
2596 5127 3398 5209 ὅντοςῄαιξτδῦ-ΣοφίαςζΕᾶίῐὶ
3449 5136 3506 5189 et
3528 5133 3673 5209 _alii,
3707 5127 3797 5186 ὅν-

2146 5226 2238 5267 τος
2261 5202 2358 5284 τῆξ
2379 5202 2594 5284 ’Σοφίας
2623 5204 2813 5284 αῦτοῦ.
2832 5204 3008 5284 Paulo
3040 5202 3174 5284 p'gst
3203 5202 3543 5284 Se‘g_uer.x§i
3561 5204 3639 5284 τὸ
3670 5223 3801 5284 φροέ

2146 5284 2280 5333 νεῖν.
2316 5274 2492 5334 Εὰἰῑὶ’
2523 5285 2580 5332 et
2628 5278 2748 5342 alii,
2780 5274 2868 5329 καὶ
2919 5274 3157 5346 φρονεῖν.
3203 5274 3424 5333 Ibidem
3472 5274 3801 5333 Gobler'Jet
3882 5319 3886 5322 ρ

2148 5298 2280 5333 νειν.
2317 5296 2466 5334 nium
2523 5296 2580 5332 et
2628 5296 2748 5342 alu,
2780 5296 2868 5329 και
2961 5296 3009 5346 ρ(

2148 5349 2361 5439 Fit/ltuit;
2385 5355 2429 5417 ι,
2464 5346 2699 5439 δεκτικρὶ
2730 5296 3009 5439 γενόμεᾘα’.

2219 5422 2568 5495 (6)_Segue_r.
2630 5417 2928 5495 δεχόμενος
2987 5417 3101 5491 ἐμὲ.
3147 5419 3345 5495 _Paulo_
3415 5424 3567 5491 post,
3615 5418 3796 5486 idem,

2144 5488 2619 5545 Τοιοῦτου’τοίνυν
2772 5488 3025 5561 ’Σοφίαςξ
3042 5491 3262 5547 omisso
3286 5488 3477 5561 τύπου,

2217 5565 2295 5634 (7)
2326 5561 2516 5637 Felck.
2548 5566 2583 5616 2
2608 5568 2664 5637 et
2693 5553 3178 5637 edit‘ioigommel.
3214 5562 3413 5637 K'ipzoc
3466 5558 3575 5616 ἴδια
3623 5559 3793 5637 λέγει..

2144 5630 2528 5708 (interimas.
2560 5632 2756 5708 Κύριος
2789 5635 2863 5708 ᾡς
2895 5631 3007 5688 ἷδια
3046 5632 3211 5708 λέγει.
3246 5630 3377 5691 Mox
3421 5640 3656 5707 Seguer.
3700 5630 3797 5689 διὰ

2145 5703 2323 5775 δὲτὴν
2356 5702 2408 5760 ἐν
2441 5705 2626 5768 αὐτοῖς
2642 5700 2770 5768 ’τοῖς
2802 5700 3006 5780 ἔργοις.
