4074 6344
270 439 398 501 313

1413 443 1706 507 ORATIO
1745 442 1799 503 Il
1846 442 2155 502 CONTRA
2212 440 2575 502 ARIANOS.

3580 444 3701 505 314

272 591 445 642 μενος
490 572 630 643 ὑμᾶς
676 572 774 644 ἐμὲ
832 570 1068 650 δέχεται,
1131 571 1222 630 διὰ
1265 576 1328 630 16
1375 577 1466 631 16v
1500 575 1777 647 16110v(8)
1835 572 1920 628 a6-

2044 573 2322 645 operibus
2368 579 2645 639 creatam,
2679 574 2796 629 ista
2841 574 3002 630 velut
3032 575 3103 630 de
3132 591 3195 630 se
3244 575 3372 645 ipse
3401 575 3503 632 ait.
3552 576 3700 633 Hinc

269 663 376 714 τοῦ
406 658 461 713 ξι
492 661 630 732 ἡμῖν
666 661 819 716 εἶναι’
854 662 1048 731 οὕτως,
1082 664 1258 719 καίτοι
1316 667 1390 738 μὴ
1427 664 1502 719 ὥν
1543 669 1649 719 τῶν
1679 660 1934 734 κτιζομέ-

275 770 414 816 νων,
448 748 602 821 ὅμως
637 747 726 804 διὰ
754 752 816 805 τὸ
843 753 944 821 τήν
976 751 1154 807 εἷ’κόνα
1179 752 1343 809 αὐτοῦ
1373 754 1463 809 καὶ
1502 756 1668 809 τύπον
1720 753 1773 808 ἐν
1817 756 1934 812 τοῖς

273 835 467 911 ἔργοις
512 838 823 908 κτίζεσθαι,
877 841 951 904 ὡς
1000 842 1161 903 αὐτὸς
1211 841 1285 896 ὥν
1345 846 1460 916 (9),
1512 842 1679 917 λέγει·
1736 842 1933 915 Κύριος

272 925 457 982 ἔκτισὲ
540 948 605 1001 με
680 927 860 1004 ἀρχὴν
939 927 1080 985 ὁδῶν
1156 931 1321 987 αὐτοῦ
1390 931 1465 993 ε”ς
1546 931 1674 1008 ἔργα
1741 929 1928 985 αὐτοῦ.

273 1014 433 1069 Οὕτω
485 1013 543 1070 δὲ
592 1017 815 1091 γέγονεν
876 1019 904 1072 ὁ
954 1017 1006 1073 ἐν
1038 1024 1154 1080 τοῖς
1181 1017 1358 1095 ἔργοις
1386 1023 1486 1089 τῆς
1518 1020 1708 1097 σοφίας
1737 1019 1929 1089 τύπος,

265 1102 384 1171 ἵνα,
436 1105 573 1159 καθὰ
624 1112 910 1180 προεῖπον,
964 1109 993 1161 6
1040 1108 1246 1181 κόσμος
1295 1108 1346 1164 ἐν
1380 1109 1516 1183 αὐτῇ
1551 1111 1793 1184 γινώσκῃ
1837 1109 1930 1163 τὸν

272 1194 474 1248 ἑαυτοῦ
506 1192 847 1271 δημιουργὸν
877 1195 1078 1269 Λόγον,
1109 1198 1198 1252 καὶ
1231 1195 1301 1253 δι’
1349 1198 1512 1253 αὐτοῦ
1557 1198 1648 1253 τὸν
1700 1198 1925 1269 Πατέρα.

273 1283 376 1336 Καὶ
425 1288 592 1337 τοῦτο
645 1283 785 1339 ἐστιν
837 1285 865 1339 ὃ
916 1281 1101 1361 ἔλεγεν
1149 1288 1261 1359 (10)
1316 1288 1343 1342 6
1393 1288 1629 1349 Παῦλος·
1682 1285 1828 1341 Διότι
1868 1285 1931 1340 τὸ

272 1373 519 1446 γνωστὸν
547 1377 644 1426 τοῦ
675 1378 809 1428 Θεοῦ
835 1376 1057 1450 φανερόν
1083 1373 1194 1430 ἐστι
1226 1375 1276 1431 ἐν
1312 1376 1521 1439 αὐτοῖς·
1582 1378 1610 1430 6
1668 1376 1771 1451 γὰρ
1805 1376 1932 1436 Θεὸς

271 1459 463 1521 αὐτοῖς
494 1460 819 1538 ἐφανέρωσε.
851 1464 926 1517 Τὰ
955 1466 1059 1539 γὰρ
1092 1464 1296 1539 ἀόρατα
1343 1465 1507 1519 αὐτοῦ
1557 1466 1662 1520 ἀπὸ
1705 1464 1929 1525 κτίσεως

269 1547 489 1622 κόσμου
518 1555 638 1612 τοῖς
667 1552 941 1624 ποιήμασι
975 1552 1242 1626 νοούμενα
1273 1556 1591 1630 καθορᾶται.
1642 1557 1803 1608 ’Ώστε
1833 1553 1932 1607 οὐκ

273 1635 388 1692 ἔστι
424 1641 537 1711 (11)
565 1638 767 1712 κτίσμα
795 1642 866 1714 τῇ
892 1639 1049 1711 οὐσίᾳ
1079 1642 1106 1695 6
1141 1641 1341 1716 Λόγος,
1383 1641 1529 1697 ἀλλὰ
1556 1642 1680 1715 περὶ
1728 1648 1827 1711 τῆς
1875 1641 1927 1696 ἐν

272 1728 412 1800 ἡμῖν
448 1726 613 1798 οὔσης
641 1728 732 1783 καὶ
764 1727 1068 1805 λεγομένης
1096 1730 1307 1805 σοφίας,
1341 1730 1451 1787 ἐστὶ
1479 1732 1542 1786 τὸ
1585 1730 1640 1786 ὲν
1668 1737 1789 1793 ταῖς
1823 1736 1929 1785 [Ια-

276 1816 530 1889 ροιμίαις
560 1812 748 1893 ῥητόν.

2048 663 2547 733 quemadmodum
2586 663 2706 734 ipse
2733 663 3017 718 Dominus
3047 663 3212 730 dixit,
3246 665 3354 732 Qui
3379 679 3468 720 vos
3505 666 3700 736 recipit

2046 766 2132 806 me
2159 752 2359 817 recipit
2389 751 2453 819 ⁸⁸,
2491 768 2558 806 eo
2589 753 2743 823 quod
2777 754 2905 823 ejus
2937 752 3125 807 forma
3153 752 3213 807 in
3247 752 3414 808 nobis
3443 758 3535 809 est
3567 770 3580 807 :
3614 753 3700 809 sio

2042 840 2273 895 etiamsi
2304 840 2455 895 inter
2486 857 2578 896 res
2606 849 2829 896 creatas
2863 858 2973 896 non
3022 847 3464 910 annumeratur,
3498 846 3694 900 tamen
3786 850 3805 867 ⁸

2042 929 2182 1000 quia
2211 930 2339 999 ejus
2371 928 2559 985 forma
2582 935 2642 985 et
2664 931 2859 999 imago
2882 930 2937 985 in
2964 931 3238 1002 operibus
3269 931 3697 1004 creatur,quasi

2042 1017 2167 1089 ipse
2197 1023 2373 1087 esset,
2406 1018 2486 1072 ait
2519 1035 2531 1072 :
2565 1019 2831 1074 Dominus
2860 1021 3077 1075 ereavit
3105 1035 3192 1074 me
3221 1021 3452 1075 initium
3479 1022 3701 1076 viarum

2040 1122 2270 1161 suarum
2320 1107 2380 1161 in
2437 1123 2603 1177 opera
2645 1123 2747 1162 sua
2775 1108 2838 1161 ⁸⁸.
2895 1112 3072 1163 Porro
3124 1108 3339 1163 idcirco
3397 1107 3696 1181 sapientiai

2045 1195 2228 1250 forma
2272 1195 2332 1249 in
2384 1196 2661 1267 operibus
2711 1198 2863 1251 facta
2909 1202 3016 1266 est,
3069 1202 3154 1265 ut,
3199 1198 3693 1262 quemadmodum

2043 1302 2224 1356 supra
2284 1285 2548 1350 memini,
2604 1286 2861 1340 mundus
2920 1286 2977 1340 in
3035 1286 3163 1357 ipsa
3209 1287 3484 1356 Verbum,
3517 1303 3692 1343 suum

2044 1374 2333 1445 opiﬁcem,
2367 1380 2424 1429 et
2446 1374 2673 1429 Patrem
2699 1391 2799 1446 per
2824 1375 3078 1430 Verbum
3103 1381 3464 1447 agnosceret.
3498 1376 3695 1432 Enim-

2042 1480 2176 1519 vero
2208 1464 2314 1518 boc
2346 1463 2540 1534 ipsum
2581 1468 2671 1518 est
2701 1465 2854 1535 quod
2893 1463 3104 1519 Paulus
3135 1466 3302 1519 docet
3334 1481 3347 1518 :
3385 1465 3526 1532 Quia
3552 1466 3696 1536 quod

2042 1557 2233 1607 notum
2280 1562 2361 1607 est
2408 1554 2522 1621 Dei,
2554 1552 2913 1624 manifestum
2937 1562 3013 1609 est
3056 1556 3118 1608 in
3165 1554 3326 1619 illis;
3356 1554 3495 1610 Deus
3545 1555 3694 1609 enim

2045 1643 2160 1698 illis
2215 1643 2568 1711 manifestum
2625 1644 2772 1712 fecit.
2825 1644 3139 1698 Invisibilia
3194 1645 3344 1698 enim
3396 1644 3570 1714 ipsius
3627 1658 3697 1698 ea:

2042 1732 2323 1787 creatione
2350 1731 2547 1786 mundi
2586 1732 2839 1802 operibus
2866 1733 3143 1787 intellecta
3187 1734 3600 1803 conspiciuntur
3626 1733 3690 1788 ⁸⁸³.

2046 1826 2410 1892 Quapropter
2438 1820 2692 1875 Verbum
2745 1826 2955 1875 natura
3003 1837 3372 1893 nequaquam
3414 1826 3503 1876 est
3532 1837 3694 1877 crea-

275 1912 433 1971 tum,
466 1908 570 1963 sed
601 1907 700 1965 ille
732 1908 1176 1965 Proverbiorum
1227 1910 1391 1966 locus
1436 1912 1505 1967 de
1552 1910 1858 1983 sapientia,
1894 1926 2020 1982 quas
2069 1910 2128 1965 in
2163 1910 2332 1965 nobis
2361 1914 2419 1965 et
2458 1925 2589 1965 vere
2638 1911 2727 1965 est
2772 1914 2832 1965 et
2882 1924 3012 1965 esse
3058 1910 3289 1978 dicitur,
3337 1914 3427 1966 est
3476 1909 3694 1966 intelli-

278 1996 533 2068 gendua.

347 2085 443 2140 79.
584 2080 643 2138 δὲ
688 2084 779 2138 καὶ
826 2083 1041 2147 τούτοις
1091 2086 1397 2156 ἀπιστοῦσι,
1445 2086 1751 2161 λεγέτωσαν
1801 2088 1920 2158 ἡμῖπ

2112 2088 2201 2142 79.
2232 2086 2646 2142 Verumtamen
2696 2086 2743 2141 si
2774 2086 2866 2143 his
2907 2086 3082 2143 fidem
3131 2086 3344 2143 habere
3377 2086 3691 2156 noluerint,

278 2171 434 2227 αὐτοὶ
491 2172 538 2227 εἰ
596 2171 709 2228 ἔστι
755 2194 841 2236 τις
902 2173 1064 2252 σοφία
1112 2174 1164 2229 ἐν
1214 2181 1333 2238 τοῖς
1388 2175 1682 2249 κτίσμασι,
1740 2176 1776 2245 ἢ
1836 2173 1920 2230 οὖν

2043 2175 2156 2247 ipsi
2207 2176 2377 2231 nobis
2427 2176 2839 2247 respondeant,
2902 2182 3100 2231 utrum
3148 2175 3205 2231 in
3256 2176 3432 2232 rebus
3479 2176 3692 2234 creatis

275 2258 419 2315 ἔστιν
446 2288 460 2330 ;
490 2261 555 2316 Εἰ
587 2262 683 2334 μὲν
716 2260 808 2317 οὖν
840 2262 940 2317 οὐκ
968 2258 1100 2337 ἔστι,
1130 2268 1248 2326 πῶς
1283 2266 1311 2319 6
1368 2264 1705 2326 ’Δπόστολος
1754 2265 1933 2319 αἱτιᾶ-

271 2366 379 2404 ται’
456 2348 649 2426 λὲγων·
720 2349 944 2421 Ἐπειδή
1020 2351 1122 2428 γὰρ
1198 2355 1311 2427 (12)
1386 2353 1438 2408 ὲν
1492 2357 1561 2428 τῇ
1622 2353 1785 2431 σοφίᾳ
1835 2358 1932 2408 τοῦ

273 2443 411 2494 Θεοῦ
481 2439 586 2494 οὐκ
668 2436 809 2515 ἔγνω
883 2442 911 2495 6
984 2441 1189 2515 κόσμος
1261 2439 1350 2497 διὰ
1422 2449 1523 2512 τῆς
1595 2443 1783 2521 σοφίας
1836 2444 1926 2497 τὸν

270 2529 400 2583 Θεὸν
428 2547 443 2597 ;
476 2530 546 2584 Ἤ
573 2532 713 2597 πῶς,
746 2530 792 2584 εἰ
827 2532 903 2601 μή
956 2529 1066 2585 ἐστι
1099 2530 1281 2607 σοφία,
1313 2530 1529 2601 πλῆθος
1561 2536 1741 2610 σοφῶν
1774 2531 1828 2588 ἐν
1856 2535 1926 2606 τῇ

272 2620 462 2694 Γραφῇ
514 2617 857 2691 εὑρίσκεται;
926 2619 1046 2690 Καὶ,
1105 2620 1284 2698 Σοφὸς
1328 2621 1433 2697 γὰρ
1500 2623 1612 2694 (13)
1664 2615 1926 2698 φοϐηθεὶς

273 2705 541 2777 ἐξέκλινεν
612 2708 717 2763 ἀπὸ
791 2711 982 2763 κακοῦ·
1058 2709 1170 2778 καὶ,
1247 2712 1396 2765 Μετὰ
1464 2711 1651 2788 σοφίας
1709 2707 1925 2765 03.2060-

277 2801 458 2868 μεῖται
520 2798 691 2858 οἶκος.
723 2798 786 2853 Ὁ
815 2794 872 2852 δὶ
902 2797 1336 2868 Ἑκκλησιαστὴς
1370 2799 1520 2875 λέγει
1572 2802 1702 2871 (14)⁹
1760 2799 1927 2877 Σοφία

274 2884 569 2959 ἀνθρώπου
637 2890 830 2957 φωτιεῖ
892 2886 1186 2959 πρόσωπον
1262 2887 1447 2943 αὐτοῦ’
1507 2888 1595 2943 καὶ
1658 2890 1925 2966 μέμφεται

269 2979 387 3035 τοῖς
416 2974 931 3047 προπιτευομένοις,
965 2974 1162 3050 λέγων’
1215 2977 1302 3045 Μὴ
1354 2975 1531 3050 εἷ’πῃςο
1585 2976 1650 3032 Τί
1694 2976 1924 3051 ἐγένετο,

271 3061 356 3116 ὅτι
400 3062 457 3116 αἱ
519 3063 722 3138 ἡμέραι
781 3064 837 3116 αἱ
888 3063 1148 3139 πρότερον
1199 3065 1333 3134 ἦσαν
1375 3068 1487 3139 (15)
1538 3065 1733 3140 ἀγαθαὶ
1791 3065 1922 3141 ὑπὶρ

270 3150 467 3212 ταύτας
495 3170 509 3219 ;
542 3152 662 3208 Ὀτι
714 3149 812 3205 οὐκ
859 3151 911 3206 ἐν
964 3152 1126 3227 σοφίᾳ
1172 3154 1464 3229 ἠρώτησας
1522 3154 1645 3225 περὶ
1702 3154 1920 3212 τούτου.

275 3240 338 3297 Εἰ
370 3237 429 3295 δὲ
452 3240 617 3308 ἐστιν,
667 3239 850 3316 ὥσπερ
898 3241 989 3296 οὖν
1038 3242 1127 3297 καὶ
1178 3244 1205 3297 ὁ
1256 3247 1351 3297 τοῦ
1380 3243 1559 3319 Σιράχ
1590 3262 1771 3320 φησιν·
1807 3244 1924 3314 Ἐξ-

276 3328 432 3404 ἑχεεν
481 3328 648 3397 αὐτὴν
692 3328 780 3384 ἐπὶ
828 3341 1002 3385 πάντα
1046 3331 1114 3386 τὰ
1159 3329 1287 3408 ἔργα
1333 3332 1497 3387 αὐτοῦ
1559 3332 1692 3404 μετὰ
1742 3333 1920 3403 πάσης

272 3418 474 3493 σαρκὸς
509 3419 644 3473 κατᾶ
696 3420 796 3487 τὴν
850 3416 998 3473 δόσιν
1053 3419 1237 3488 αὐτοῦ,
1282 3422 1370 3475 καὶ
1431 3420 1772 3496 ἐχορήγησεν
1822 3420 1917 3475 αὐ-

276 3509 381 3576 τὴν
418 3512 534 3569 τοῖς
560 3506 839 3582 ἀγαπῶσιν
876 3507 1059 3565 αὐτόν.
1090 3509 1154 3565 Ἡ
1178 3506 1235 3564 δὶ
1272 3509 1496 3579 τοιαύτη
1529 3512 1646 3579 (16)
1693 3506 1917 3585 ἔκχυοις

272 3596 335 3650 o6
364 3603 464 3663 τῆς
514 3595 694 3658 οὐσίας
742 3603 840 3665 τῆς
897 3596 1237 3675 Αὖτοσοφίας
1298 3599 1388 3653 καὶ
1424 3603 1747 3673 μονογενοῦς
1806 3598 1915 3654 ἐστι

268 3688 576 3761 γνώρισμα,
617 3683 765 3740 ἀλλὰ
789 3692 888 3755 τῆς
920 3685 972 3740 ἐν
1001 3685 1082 3759 τῷ
1127 3687 1320 3759 κόσμῳ
1367 3686 1830 3757 ἓξεικονισθιίσης·
1862 3687 1916 3743 τί

268 3771 495 3829 ἄπιστον
524 3774 569 3829 εί
600 3775 735 3843 αὐτή
767 3776 801 3844 ἠ
854 3773 1197 3851 δημιουργὸς
1226 3776 1317 3830 καὶ
1358 3777 1592 3847 ἂληοινή
1629 3776 1821 3855 Σοφία,
1853 3781 1919 3845 ἧς

264 3863 439 3924 τύπος
470 3863 608 3917 ἐστὶν
640 3866 676 3932 ἡ
710 3862 760 3917 ἐν
792 3863 985 3938 κόσμῳ
1032 3864 1320 3940 ἐκχυθεῖσα
1350 3865 1513 3945 σοφία
1559 3867 1647 3921 καὶ
1700 3866 1918 3938 ἐπιστή-

270 3972 372 4022 μη,
407 3950 481 4012 ὡς
513 3951 636 4024 περὶ
668 3952 861 4020 ἑαυτῆς
893 3954 1006 4024 (17)
1032 3953 1165 4021 ἔστι,
1195 3953 1332 4007 καθᾶ
1357 3960 1642 4029 προεῖπον,
1665 3954 1915 4029 λέγουσαο

266 4038 467 4114 Κύριος
500 4036 673 4094 ἔκτισὲ
705 4060 773 4111 με
804 4039 880 4101 εἷς
911 4037 1040 4115 ἔργα
1069 4040 1252 4098 αὐτοῦ.
1288 4042 1367 4098 O6
1395 4043 1496 4117 γὰρ
1527 4046 1562 4112 ἡ
1613 4042 1663 4097 ἐν
1720 4044 1916 4117 κόσμῳ

262 4127 428 4205 σοφία
457 4128 714 4198 κτίζουσά
747 4128 906 4198 ἐστιν,
941 4129 1065 4185 ἀλλ’
1094 4133 1128 4199 ἡ
1164 4133 1275 4203 (18)
1308 4130 1660 4206 ἐγκτιζομὲνη
1692 4138 1806 4194 τοῖς
1828 4132 1916 4208 ἔρ-

259 4237 408 4291 γοις,
477 4218 595 4281 καθ’
671 4219 737 4287 ἢν
816 4218 869 4271 οἱ
946 4219 1042 4291 μὲν
1103 4219 1323 4295 οὐρανοὶ
1383 4218 1700 4295 διηγοῦνται
1760 4218 1913 4292 δόξαν

258 4310 419 4371 Θεοῦ,
497 4304 716 4375 ποίησιν
792 4304 850 4362 δὲ
923 4311 1127 4383 χειρῶν
1208 4307 1375 4363 αὐτοῦ
1441 4308 1771 4385 ἀναγγέλλει
1853 4311 1915 4365 τὸ

258 4395 563 4467 στερέωμα.
612 4396 681 4453 Οἱ
731 4392 789 4450 δὲ
837 4396 1139 4471 ἅνθρωποι,
1187 4396 1233 4477 εἰ
1261 4398 1461 4468 ταύτην
1497 4397 1547 4453 ἐν
1581 4399 1791 4461 ἑαυτοῖς
1822 4401 1914 4477 φέ-

258 4503 427 4559 ροιεν,
487 4482 879 4560 ἐπιγνώσονται
924 4486 1025 4554 τήν
1078 4474 1346 4573 ἀληξινήι
1374 4492 1471 4542 τοῦ
1501 4492 1636 4543 Θεοῦ
1690 4474 1911 4566 Σοφίαν

2041 2263 2239 2335 aliqua
2285 2264 2364 2320 sit
2406 2263 2714 2336 sapientia,
2742 2263 2831 2320 vel
2875 2281 2989 2321 non
3018 2268 3041 2320 Ρ
3067 2264 3125 2319 Si
3174 2263 3335 2321 nulla
3385 2264 3480 2335 sit,
3512 2280 3692 2336 quare

2039 2353 2356 2419 Apostolus
2401 2353 2496 2409 his
2543 2353 2737 2410 verbis
2786 2355 3207 2426 conqueritur:
3255 2354 3398 2411 Nam
3448 2356 3581 2425 quia
3630 2356 3689 2409 in

2041 2444 2139 2498 Dei
2164 2444 2440 2514 sapientia
2490 2458 2596 2497 non
2647 2445 2896 2514 regnavit
2932 2444 3172 2499 mundus
3218 2460 3315 2515 per
3356 2444 3691 2514 sapientiam

2042 2538 2217 2588 Deum
2246 2532 2291 2567 ⁸⁸
2311 2531 2339 2586 ‘l
2370 2532 2471 2587 Vel
2504 2531 2553 2586 si
2587 2532 2746 2588 nulla
2775 2538 2865 2588 est
2894 2533 3204 2603 sapientia,
3228 2549 3336 2587 cur
3366 2533 3689 2589 multitudo

2037 2622 2369 2692 sapientum
2419 2621 2479 2676 in
2529 2621 2833 2693 Scriptura
2878 2628 3240 2677 memoratur
3267 2621 3359 2676 '9‘?
3402 2622 3687 2693 Namque.

2036 2710 2267 2781 Sapiens
2305 2712 2638 2781 perterritus
2686 2711 2937 2765 dr-elinat
2966 2728 3000 2765 a
3029 2710 3183 2766 malo
3212 2711 3275 2775 ⁸ο,
3308 2715 3385 2777 et,
3435 2711 3569 2766 Cum
3598 2727 3687 2767 sa-

2034 2800 2242 2869 pientia
2298 2799 2603 2869 aediﬁcatur
2656 2800 2852 2856 domus
2897 2802 2965 2854 θί.
3025 2798 3402 2856 Ecclesiastes
3458 2810 3689 2871 qquuo

2035 2886 2171 2943 dicit
2208 2905 2221 2943 :
2253 2888 2541 2960 Sapientia
2572 2888 2808 2944 hominis
2838 2889 3182 2945 illuminabil
3212 2889 3429 2944 vultum
3456 2891 3574 2959 eius
3602 2890 3683 2943 ⁹¹ε

2033 2975 2310 3048 idemque
2331 2977 2675 3033 temerarios
2699 2977 2790 3032 his
2816 2976 3008 3033 verbis
3030 2977 3327 3049 increpat:
3352 2978 3427 3034 Ne
3447 2977 3684 3034 dixeris:

2031 3064 2176 3133 Quid
2204 3066 2416 3134 factum
2444 3071 2549 3126 est.
2578 3065 2722 3134 quod
2746 3067 2940 3136 priora
2986 3070 3232 3137 tempora
3261 3066 3347 3121 his
3384 3069 3684 3139 praesenti-

2030 3154 2128 3209 bus
2156 3155 2389 3209 meliora
2432 3154 2704 3224 fuerunt?
2746 3154 2852 3209 Nec
2897 3156 3047 3209 enim
3099 3155 3161 3209 in
3204 3156 3484 3227 sapientia
3534 3157 3683 3213 istud

2027 3242 2340 3299 sciscitatus
2360 3243 2651 3308 es”.0uod
2680 3242 2730 3298 si
2752 3243 2808 3297 in
2836 3243 3011 3299 rebus
3027 3244 3239 3299 creatis
3258 3250 3347 3300 est
3371 3245 3682 3316 sapientia,

2030 3336 2095 3386 ut
2126 3332 2286 3387 hisce
2312 3332 2504 3387 verbis
2533 3337 2782 3387 testatur
2815 3331 2972 3397 illius
3002 3332 3223 3387 Sirachi
3242 3351 3255 3387 :
3276 3334 3495 3405 Eﬂudil
3519 3333 3683 3389 illam

2030 3422 2091 3474 in
2120 3423 2309 3476 omnia
2336 3436 2506 3490 opera
2534 3437 2632 3476 sua
2660 3438 2785 3476 eum
2814 3424 2966 3477 omni
2993 3438 3159 3478 came
3185 3422 3484 3479 secundum
3512 3426 3683 3480 dona-

2031 3511 2236 3566 tionem
2263 3520 2499 3579 suam,et
2521 3511 2759 3581 prebuil
2788 3512 2950 3566 illam
2975 3510 3333 3581 diligentibus
3360 3529 3417 3568 se
3447 3514 3493 3548 ⁸⁸
3516 3538 3529 3580 ;
3553 3530 3680 3585 quas

2027 3598 2265 3670 quidem
2284 3599 2394 3654 eﬂ‘u
2404 3598 2492 3654 sio
2509 3599 2752 3655 minime
2768 3600 3065 3671 significat
3079 3606 3349 3657 naturam
3372 3602 3681 3673 Sapientia

2027 3704 2154 3759 quas
2203 3704 2307 3759 per
2354 3703 2417 3742 se
2470 3687 2599 3759 ipsa
2645 3693 2735 3743 est
2765 3693 2940 3759 atque
2988 3691 3313 3760 unigenita,
3366 3691 3467 3748 sed
3522 3691 3682 3748 illius

2028 3793 2154 3848 quae
2185 3793 2463 3849 expressa
2491 3778 2552 3833 in
2586 3779 2808 3833 mundo
2837 3784 2965 3833 est:
3001 3780 3139 3851 quid
3172 3797 3311 3852 ergo
3342 3782 3682 3838 incredibile

2026 3860 2339 3934 videtur,si
2363 3867 2492 3938 ipsa
2508 3868 2696 3938 opifex
2712 3875 2769 3922 et
2791 3884 2924 3923 vera
2944 3869 3259 3940 Sapientia,
3291 3872 3467 3941 cujus
3495 3872 3682 3927 forma

2027 3971 2128 4010 seu
2154 3956 2342 4027 figura
2372 3960 2462 4011 est
2495 3956 2788 4027 sapientia
2809 3973 2875 4011 ac
2897 3957 3142 4012 scientia
3160 3974 3289 4029 quas
3310 3959 3366 4013 in
3393 3960 3678 4015 mundum

2024 4044 2213 4101 effusa
2269 4050 2378 4112 est,
2437 4049 2721 4116 tanquam
2775 4046 2849 4101 de
2905 4046 3099 4116 seipsa
3153 4046 3332 4115 dicat,
3414 4050 3679 4104 Dominus

1998 4168 2005 4173 υ
2026 4135 2179 4190 4³3
2197 4135 2401 4189 ereavit
2420 4150 2509 4189 me
2528 4136 2592 4189 in
2609 4149 2775 4202 opera
2796 4136 3045 4190 sua?Nec
3066 4137 3221 4190 enim
3238 4137 3528 4207 sapientia
3549 4155 3678 4209 quas

2026 4222 2083 4276 in
2112 4225 2327 4278 mundo
2348 4223 2710 4289 est,creatrix
2726 4228 2834 4292 est,
2850 4224 2951 4279 sed
2977 4224 3032 4277 in
3056 4224 3332 4295 operibus
3355 4230 3443 4281 est
3462 4230 3675 4294 creata,

2025 4312 2349 4367 secundum
2387 4328 2562 4383 quam
2595 4312 2722 4367 coeli
2749 4321 3020 4367 enarrant
3038 4314 3273 4383 gloriam
3303 4317 3490 4380 Dei,et
3507 4331 3679 4386 opera

2022 4417 2288 4456 manuum
2327 4402 2446 4473 ejus
2485 4401 2784 4456 annuntiat
2802 4402 3213 4471 ﬁrmamentum
3230 4404 3293 4458 9‘.
3328 4405 3465 4460 Ean.
3490 4405 3538 4459 si
3570 4404 3673 4461 ho-

2029 4490 2218 4545 mines
2246 4489 2307 4545 in
2339 4489 2550 4561 seipsis
2582 4489 2916 4558 habuerint,
2949 4508 3145 4547 veram
3176 4494 3273 4549 Dei
3315 4494 3674 4567 Sapientiam

326 4659 373 4737 '_'
405 4659 605 4715 Matth.
642 4660 896 4737 10,}0.“
926 4660 971 4737 ξ
998 4660 1163 4737 Prov.
1198 4679 1323 4737 vm,
1349 4663 1473 4737 22.“
1516 4663 1561 4737 ξ’
1594 4663 1761 4737 Rom.
1797 4681 1836 4733 ι,
1869 4665 1920 4720 19

2039 4665 2074 4737 ).
2106 4662 2195 4737 _”
2218 4664 2253 4737 ΔΙΔ
2277 4664 2463 4730 Cor.1,
2494 4664 2589 4737 21.
2628 4664 2705 4737 7”
2731 4668 2865 4737 Sap.
2899 4682 2974 4736 vx,
3005 4668 3096 4737 26,
3172 4667 3218 4703 ⁰⁰
3249 4671 3409 4724 Prov.
3447 4685 3559 4735 xiv,
3583 4670 3671 4726 16.

255 4731 300 4767 ⁹¹
333 4730 500 4786 Prov.
532 4747 688 4801 XXIV,
714 4730 777 4787 ’5.
854 4732 901 4767 θ’
932 4732 1115 4789 Eccle.
1150 4750 1272 4804 vm,
1307 4736 1358 4790 1.
1434 4735 1480 4771 ’3
1511 4735 1697 4791 Eccle.
1732 4730 1831 4800 vn,
1869 4737 1920 4790 11

2039 4736 2077 4771 ³⁸
2105 4734 2278 4792 Eccli.
2312 4752 2351 4802 ι,
2386 4737 2472 4793 10.
2549 4736 2593 4771 9⁵
2623 4736 2773 4792 Psal.
2806 4730 2971 4803 imm,
3000 4739 3055 4794 2.

329 4910 406 4980 (8)
435 4913 675 4980 Beguer.
710 4909 940 4966 Gobler.
974 4911 1166 4968 Felck.
1202 4914 1227 4967 1
1263 4917 1321 4969 et
1350 4914 1403 4982 4,
1438 4908 1526 4965 διὰ
1571 4913 1633 4966 τὸ
1680 4913 1771 4967 τὸν
1822 4913 1914 4967 τύ-

330 5001 382 5033 ν.
412 4980 590 5036 Basil.
621 4976 711 5034 διὰ
738 4981 800 5035 τὸ
828 4980 1019 5038 τύπον.
1054 4984 1252 5040 Castori
1294 4989 1349 5039 et
1384 4984 1547 5041 editi.
1580 4981 1668 5038 διὰ
1696 4986 1787 5040 τὸν
1817 4984 1910 5040 16-

2039 4914 2347 5041 Scrigtura.
2377 4913 2488 4970 Alii
2517 4920 2574 4970 et
2603 4914 2768 4982 editi,
2794 4913 3144 4990 Ἐπειδήπερ.

2092 4989 2142 5041 (1
2190 4988 2205 5041 l
2238 4986 2476 5041 Seguer.
2512 4985 2741 5041 Gobler.
2778 4988 2922 5041 Felc.
2958 4991 2981 5041 1
3016 4992 3074 5041 ti.
3105 4992 3144 5041 .1.

255 4976 590 5036 n0v.tBas'il.
621 4976 711 5034 διὰ
738 4981 800 5035 τὸ
828 4980 1019 5038 τύπον.
1054 4984 1252 5040 Castori
1294 4989 1349 5039 et
1384 4976 1547 5052 editi,
1580 4981 1668 5038 διὰ
1696 4986 1787 5040 τὸν
1817 4984 1910 5040 16-

256 5072 383 5107 πον.

326 5124 404 5195 (9)
434 5123 672 5179 Gobler.
706 5128 764 5179 et
797 5123 983 5180 Felck.
1020 5127 1070 5191 1,
1106 5123 1366 5195 ὡσαύτως
1396 5126 1492 5179 ὧν.
1528 5128 1727 5183 Crateri
1764 5143 1904 5183 mss.

250 5201 309 5267 et
334 5193 517 5267 editio
548 5195 827 5267 Commel.
861 5195 934 5257 ὡς
962 5195 1121 5257 αὐτὸς
1155 5193 1250 5252 ὧν.
1284 5203 1411 5254 Mox
1460 5216 1604 5255 mss.
1660 5201 1905 5267 addunt,

253 5266 340 5342 ei;
359 5261 489 5342 ἔργα
517 5265 702 5342 αὐτοῦ,
737 5283 865 5339 qua:
895 5270 969 5324 ab
999 5268 1182 5342 editis
1205 5270 1437 5326 absunt.

324 5339 825 5414 (10)'_Si_c_Seguer.
860 5345 996 5414 Reg.
1038 5340 1210 5414 Basil.
1246 5342 1471 5414 Anglic.
1526 5341 1713 5414 Felck.
1770 5344 1799 5397 4
1851 5345 1907 5414 et

324 5357 443 5410 ;1U)
472 5357 564 5393 mc
591 5357 825 5410 beguer.
860 5357 937 5396 ne
985 5384 996 5395 .
1038 5357 1210 5397 uasu.
1246 5357 1471 5414 angue.
1527 5357 1713 5399 r'eICK.
1770 5357 1799 5397 4
1851 5357 1902 5399 et

246 5412 300 5487 ἓξ.
336 5416 412 5464 At
437 5409 672 5487 Qobler.
704 5416 761 5465 et
814 5357 1003 5487 Pelei.
1071 5413 1118 5481 1,
1179 5412 1214 5487 '6
1246 5408 1412 5487 λέγει,
1447 5412 1546 5487 qui
1581 5413 1756 5469 iidem
1790 5413 1902 5487 ibi-

248 5483 408 5561 dem,
460 5479 544 5535 ὅτι
587 5481 650 5534 τὸ
680 5482 920 5555 γνωστὸν
953 5486 1050 5536 τοῦ
1081 5479 1215 5537 Θεοῦ
1266 5479 1490 5561 φανερόν
1526 5482 1636 5537 ἐστι
1668 5489 1782 5544 τοῖς
1813 5484 1905 5538 ἀν-

252 5553 521 5616 θρώποις.

286 5573 698 5697 ἑῖίῗῗιδοῠιον.
732 5631 790 5681 et
820 5625 1011 5681 Felck.
1071 5627 1120 5692 1,
1177 5624 1275 5680 οὐκ
1302 5622 1402 5681 ἔτι.
1438 5628 1568 5683 Mox
1600 5627 1775 5682 iidem
1808 5646 1902 5680 πε-

252 5693 305 5771 pi
327 5693 641 5771 omittunt.

326 5770 436 5843 (12)
466 5768 705 5841 Seguer.
738 5772 796 5825 et
819 5766 1010 5826 Felck.
1040 5768 1092 5842 4,
1126 5764 1346 5839 Ἐπειδὴ
1388 5767 1510 5845 γάρ,
1545 5774 1608 5827 ut
1638 5774 1696 5828 et
1727 5769 1905 5827 habet

2015 5414 2140 5470 hler
2170 5422 2226 5469 et
2259 5415 2448 5483 Felck,
2490 5414 2628 5483 1,Ἐῖ

2092 4985 2213 5069 (13)·
2238 4985 2741 5069 Segue_r,.Go‘bler.
2778 4988 2922 5069 F'elc.
2958 4985 3155 5058 111.11,
3216 4986 3314 5043 Καὶ
3348 4989 3511 5069 σοφὸς
3543 4991 3667 5067 γάρ.

2020 5057 2085 5112 In
2119 5057 2250 5131 aliis
2281 5057 2340 5131 et
2367 5057 2541 5113 editis
2572 5059 2736 5113 deest
2760 5058 2884 5131 γᾴρ.

2088 5130 2202 5201 (14)
2235 5126 2393 5201 Λέγει
2424 5131 2591 5201 abest
2618 5148 2649 5182 a
2679 5126 2909 5185 Gobler.
2944 5136 3000 5185 et
3023 5132 3213 5188 Felck.
3249 5133 3298 5188 1.
3337 5133 3467 5189 Mox
3491 5134 3667 5191 iidem

2017 5200 2333 5280 etﬁegueri
2380 5200 2690 5280 _et_Felck.
2751 5202 2804 5265 4,
2864 5207 3057 5279 φωτιεῖ
3101 5202 3413 5280 πρόσωπον.
3462 5206 3579 5262 Alii
3611 5211 3673 5264 et

2015 5269 2199 5335 editi,‘
2211 5276 2403 5345 φωτιεῖ
2428 5269 2491 5324 τὸ
2524 5269 2833 5345 πρόσωπον.

2086 5345 2199 5413 (15)
2223 5341 2467 5415 ΒΘευΘΓ.
2499 5341 2764 5467 πρότεὲοο
2797 5342 2896 5398 οὐκ
2924 5344 3080 5413 ἦσαν.
3118 5347 3290 5403 Paulo
3334 5352 3487 5419 post,
3547 5349 3659 5408 ϐο.

2086 5431 2140 5467 er
2170 5422 2226 5467 et
2259 5415 2448 5467 Felck.
2490 5416 2535 5467 1-
2565 5414 2628 5467 Εἴ
2697 5412 2719 5467 ἐ
2751 5414 2910 5467 ἐστιν.
2946 5417 3021 5467 ὡς
3048 5418 3138 5467 καὶ
3174 5418 3348 5467 Σιοάν
3382 5418 3535 5467 carui-

2087 5431 2140 5469 Br
2170 5422 2226 5469 et
2259 5415 2448 5483 Felck,
2490 5416 2505 5467 1
2542 5414 2628 5470 Ἐἰ
2662 5414 2719 5467 δέ
2751 5414 2910 5483 ἐστιν,
2946 5417 3021 5505 ιῖζς
3048 5418 3138 5472 καὶ
3174 5414 3351 5514 Σιράγξ
3382 5414 3535 5504 φησί.

2229 5485 2460 5562 Gobler.
2499 5460 2684 5562 θρίοις.
2720 5487 2742 5540 1
2781 5494 2837 5543 et
2866 5490 2917 5557 4,
2952 5508 2998 5543 ει
3022 5486 3078 5543 δὲ
3108 5493 3143 5559 ἡ
3192 5511 3442 5562 τοιαυτη.
3478 5492 3660 5550 Iidem

2015 5554 2191 5629 paulo
2223 5564 2373 5629 post,
2409 5554 2460 5610 ἐν
2491 5556 2706 5629 κόσμῳ.

2084 5630 2460 5711 ρῇδεςςιιον.
2499 5635 2627 5711 Pagi
2674 5630 2905 5711 Gobler.
2948 5632 3146 5711 ‘l’elck.
3200 5637 3249 5705 1,
3308 5636 3337 5691 4
3369 5640 3426 5692 et
3451 5638 3510 5705 5,
3540 5635 3663 5711 περὶ

2014 5699 2236 5775 ἑαυτῆς.
2263 5701 2374 5756 Alii
2407 5706 2464 5757 et
2493 5701 2653 5775 editi,
2684 5701 2807 5775 περί
2838 5700 3024 5773 αὐτῆς.

2083 5774 2194 5845 (18)
2223 5773 2285 5828 Ἡ
2318 5774 2484 5830 deest
2514 5774 2574 5830 in
2603 5773 2841 5848 Seguer.
