4074 6338
367 436 478 499 3H

907 437 972 496 s.
1020 408 1670 499 ATHANASIIQPP.
1717 436 1916 498 PARS
1959 437 2007 496 1.
2042 469 2119 479 —
2152 435 2565 498 HISTORICA
2615 436 2712 495 [ινι-
2756 430 3236 496 DOGMATICA.

3670 435 3789 495 312

364 586 397 626 e
417 587 477 626 re
507 585 636 626 esse
653 568 886 625 videtur
919 586 1022 626 nec
1054 570 1235 625 istum
1279 570 1520 626 reticere
1548 586 1562 625 :
1617 570 1766 625 forte
1797 568 2022 625 accidet

2146 567 2222 622 :6v
2255 571 2403 635 νοῦν,
2436 564 2737 622 ἀκόλουθον
2769 564 2859 620 καὶ
2888 569 3079 620 τοῦτον
3111 564 3203 619 τὸν
3251 568 3376 620 νοῦν
3423 564 3616 623 εἰπεῖν·
3654 564 3785 627 ἴσως

371 664 443 716 ut
472 657 679 715 multis
696 658 1009 715 afferendis
1042 659 1263 730 pudore
1294 659 1632 714 afﬁciantur
1654 658 1870 714 insani.
1924 655 2029 712 His

372 754 567 805 autem
600 764 725 819 qua:
766 748 893 818 jam
933 751 1184 803 tractata
1222 751 1362 803 sunt
1406 763 1556 819 opus
1583 746 1751 802 nobis
1784 750 1873 802 est
1897 762 1910 801 :
1934 745 2031 800 bic

371 837 528 893 enim
561 838 632 891 de
662 836 863 893 eodem
921 835 1226 907 proverbio
1255 836 1328 891 de
1358 836 1684 908 eademque
1733 832 2033 907 sapientia

373 927 586 999 agitur.
620 925 744 981 Non
777 924 925 979 dixit
957 925 1212 980 Verbum
1244 940 1308 981 se
1337 928 1542 979 natura
1572 940 1703 980 esse
1743 928 2028 993 creatum,

372 1015 474 1071 sed
507 1013 564 1067 in
601 1013 924 1068 Proverbiis
954 1013 1121 1081 dixit,
1149 1017 1418 1069 Dominus
1447 1014 1662 1069 creaxit
1687 1028 1775 1069 me
1800 1013 1865 1065 ⁷⁸.
1912 1011 2030 1065 Ma-

373 1102 651 1159 nifestum
685 1108 773 1157 est
802 1107 997 1157 autem
1031 1102 1127 1157 hic
1178 1118 1418 1159 sensum
1465 1100 1722 1174 aliquem
1772 1118 1887 1157 non
1922 1101 2027 1156 ob—

373 1191 531 1247 vium
562 1193 664 1247 sed
690 1190 966 1246 latentem
1000 1191 1343 1263 significari,
1392 1206 1567 1261 quem
1607 1190 1845 1261 quidem
1896 1205 2029 1244 con-

374 1297 712 1352 sequemur,
746 1280 793 1336 si
827 1278 1117 1351 proverbii
1138 1279 1329 1336 velum
1365 1278 1767 1334 detrahamus.
1820 1276 2031 1347 Ecquis

374 1370 534 1427 enim
564 1369 834 1441 opificem
858 1367 1212 1440 Sapientiam
1264 1368 1554 1425 dicentem
1595 1366 1866 1437 audiens,
1920 1367 2032 1422 Do-

379 1459 566 1514 minus
607 1459 815 1513 creavit
860 1473 949 1512 me
997 1458 1343 1529 principium
1394 1457 1621 1512 viarum
1668 1471 1901 1511 suarum
1963 1455 2029 1520 ⁷ο,

376 1563 493 1603 non
525 1546 801 1602 continuo
831 1562 1072 1602 sensum
1103 1546 1389 1618 exquirat,
1449 1561 1761 1616 secumque
1819 1542 2034 1614 cogitet

379 1637 674 1709 quomodo
704 1635 955 1692 creatrix
982 1635 1166 1691 creari
1195 1634 1429 1707 possit?
1469 1634 1611 1699 Quis
1659 1632 2031 1705 unigenitum

381 1726 478 1781 Dei
512 1724 725 1781 Filium
785 1741 848 1781 se
884 1724 1117 1779 viarum
1157 1722 1512 1795 principium
1550 1721 1735 1778 creari
1775 1720 2030 1777 aientem

373 1815 647 1885 audiens,
681 1829 795 1868 non
828 1829 945 1884 qua
967 1810 1189 1868 ratione
1214 1812 1269 1867 id
1304 1811 1515 1867 dixerit
1546 1810 1880 1882 investiget,
1929 1808 2030 1864 ad-

379 1904 764 1974 mireturque,
798 1901 899 1974 qui
922 1900 1047 1956 fieri
1093 1905 1268 1972 queat
1298 1905 1364 1956 ut
1420 1899 1779 1973 unigenitus.
1848 1896 2031 1955 Filius

376 1991 697 2048 multorum
728 1989 978 2046 aliorum
1011 1989 1088 2045 sit
1122 1989 1523 2061 principium?
1572 1988 1842 2061 lEnigma
1879 2001 2022 2042 sane

374 2080 519 2137 illud
542 2084 651 2136 est.
679 2079 896 2134 Verum
926 2078 1015 2134 vir
1061 2078 1400 2148 intelligens,
1451 2077 1645 2149 inquit
1696 2075 2018 2149 Scriptura,

372 2170 653 2241 intelliget
674 2167 1013 2241 parabotam
1034 2175 1089 2223 et
1113 2166 1407 2223 obscurum
1449 2182 1778 2237 sermonem,
1834 2165 2023 2221 verba-

374 2274 480 2332 que
502 2268 554 2315 et
583 2259 890 2327 enigmata
908 2258 1223 2328 sapientum
1240 2257 1307 2312 ⁸ο.

445 2355 857 2429 78.Unigenita
877 2354 1314 2428 igituripsaque
1330 2353 1431 2410 Dei
1452 2352 2022 2425 sapientia,omnium

375 2443 628 2502 creatrix
678 2449 769 2500 est
814 2448 871 2497 et
919 2443 1193 2499 eﬂ‘ectrix.
1236 2445 1431 2497 Omnia
1477 2442 1657 2509 enim,
1705 2441 1921 2512 inquit,
1960 2441 2020 2495 in

375 2534 656 2607 sapientia
704 2532 897 2606 feciin
923 2532 993 2598 ³⁸,
1015 2535 1106 2587 et:
1132 2532 1284 2588 482
1303 2532 1533 2604 Impleta
1562 2539 1639 2586 est
1684 2535 1833 2586 terra
1869 2544 2022 2585 creas

372 2623 521 2679 tione
550 2628 653 2679 tua
674 2622 742 2675 ⁸³.
775 2620 848 2677 Ut
878 2625 1074 2676 autem
1108 2637 1199 2677 res
1232 2620 1391 2676 facte
1415 2637 1529 2676 non
1567 2624 1794 2675 tantum
1838 2618 2024 2674 exsis-

375 2714 588 2781 terent,
629 2710 729 2766 sed
773 2709 946 2766 etiam
986 2709 1132 2765 bene
1160 2709 1497 2776 existerent,
1528 2708 1751 2780 placuit
1797 2708 1913 2763 Deo
1960 2710 2027 2762 ut

376 2815 486 2855 sua
509 2797 808 2871 Sapientia
837 2814 899 2854 se
920 2798 992 2853 ad
1018 2814 1109 2854 res
1156 2803 1381 2854 creatas
1429 2798 1920 2862 accommodaret,
1962 2798 2029 2852 ut

380 2888 630 2943 formam
664 2886 1039 2959 speciemque
1068 2886 1325 2958 aliquam
1358 2885 1543 2959 ipsius
1573 2886 1847 2958 imaginis
1889 2900 2023 2940 cum

374 2978 435 3034 in
469 2976 747 3034 omnibus
774 2974 953 3033 simul
991 2985 1109 3031 lum
1144 2976 1201 3030 in
1230 2975 1477 3047 singulis
1506 2975 1889 3047 imprimeret,
1913 2990 2028 3046 quo

384 3066 665 3123 nimirum
713 3066 1089 3137 perspicuum
1138 3065 1303 3120 ﬁeret
1355 3068 1411 3119 et
1460 3063 1748 3135 sapientia
1792 3068 2030 3119 ornatas

386 3170 516 3210 esse
555 3170 648 3209 res
680 3153 884 3223 factas,
914 3156 972 3209 et
1001 3152 1181 3225 digna
1211 3153 1327 3208 Deo
1357 3168 1487 3209 esse
1515 3168 1710 3225 opera.
1753 3152 1825 3209 Ut
1871 3153 2029 3209 enim

394 3247 664 3299 nostrum
714 3242 977 3312 verbum,
1016 3240 1211 3308 Verbi,
1253 3242 1352 3313 qui
1416 3240 1514 3297 Dei
1563 3247 1649 3297 est
1704 3241 1887 3299 Filius
1940 3246 2031 3299 est

392 3334 624 3405 imago:
650 3332 730 3387 ita
759 3330 1047 3403 sapientia
1078 3332 1135 3386 in
1169 3331 1338 3387 nobis
1370 3334 1520 3388 facta
1548 3332 1808 3403 ejusdem
1844 3332 2032 3401 Verbi,

2136 655 2196 710 ἐκ
2247 654 2473 711 πολλῶν
2521 653 2854 730 ἓντραπῶσιν
2905 655 2958 709 οἱ
3004 654 3252 723 ἀνόητοι.
3284 653 3457 729 Χρεία
3513 652 3571 710 δὲ
3622 652 3789 709 πάλιν

2133 749 2242 799 τῶν
2293 742 2737 820 προειρημένων·
2765 744 2890 819 περὶ
2949 745 3051 819 γὰρ
3108 751 3211 813 τῆς
3271 744 3440 815 αὐτῆς
3489 745 3793 820 παροιμίας

2134 834 2226 888 καὶ
2256 840 2357 903 τῆς
2390 832 2556 903 αὐτῆς
2586 829 2774 911 σοφίας
2805 832 2916 887 ἐστὶ
2955 834 3018 887 τὸ
3064 833 3441 909 προκείμενον.
3473 833 3588 892 Οὐκ
3638 831 3791 910 εἴρη-

2135 942 2224 976 κεν
2276 922 2465 977 ἑαυτὸν
2518 921 2654 977 εἶναι
2698 924 2769 995 τῇ
2819 920 2974 999 φύσει
3026 921 3229 995 κτίσμα
3279 924 3307 978 6
3344 922 3542 998 Λόγος,
3575 920 3704 979 ἀλλ’
3737 923 3793 980 ἐν

2139 1010 2463 1084 Παροιμίαις
2516 1010 2700 1097 εῗρη(σε
2743 1010 2829 1078 τὸ,
2881 1012 3076 1085 Κύριος
3130 1005 3302 1067 ἔκτισέ
3354 1030 3439 1084 με·
3483 1012 3573 1067 καὶ
3621 1011 3794 1082 δῆλόν
3828 1014 3887 1069 Κ

2138 1099 2279 1156 ἰστιν
2312 1098 2396 1154 ὅτι
2425 1105 2549 1155 νοῦν
2580 1120 2703 1155 τινα
2731 1099 2793 1155 οὐ
2825 1099 3120 1176 παρῥησίᾳ,
3156 1099 3303 1156 ἀλλὰ
3329 1105 3523 1157 τοῦτον
3552 1122 3793 1177 κεκρυμ-

2143 1187 2301 1263 μένον
2354 1189 2630 1261 σημαίνει,
2662 1188 2844 1243 ὅντινα
2890 1188 2981 1244 καὶ
3030 1190 3180 1261 ἡμᾶς
3226 1186 3451 1245 δυνατὸν
3510 1191 3709 1266 εὑρεῖν,
3744 1191 3791 1247 si

2141 1276 2496 1351 Περιέλοιμεν
2557 1278 2620 1332 τὸ
2673 1276 2938 1350 κάλυμμα
2989 1284 3090 1347 τῆς
3156 1277 3479 1349 παροιμίας.
3538 1279 3631 1341 Τίς
3685 1281 3787 1355 γάρ

2139 1366 2349 1422 ἀκούων
2381 1374 2482 1436 τῆς
2517 1365 2859 1442 δημιουργοῦ
2909 1366 3120 1440 σοφίας,
3157 1366 3357 1441 Κύριος
3392 1369 3469 1440 (1)
3500 1365 3676 1423 ἔκτισὲ
3730 1390 3797 1441 με

2140 1454 2319 1531 ἀρχὴν
2379 1452 2518 1510 ὁδῶν
2596 1454 2782 1521 αὐτοῦ,
2842 1456 3172 1533 φασκοῦσης,
3235 1454 3335 1510 οὐκ
3412 1455 3570 1519 εὐθὺς
3647 1462 3800 1527 ζητεῖ

2137 1545 2237 1613 τὴν
2288 1542 2549 1616 διάνοιαν,
2604 1542 2964 1620 λογιζόμενος
3008 1548 3123 1607 πῶς
3176 1541 3396 1600 δύναται
3450 1547 3485 1615 ἠ
3534 1544 3794 1615 κτίζουσα

2138 1632 2448 1702 κτίζεσθαι;
2505 1633 2622 1701 Τίς,
2686 1634 2917 1695 ἀκούσας
2973 1631 3073 1688 τοῦ
3137 1638 3461 1710 μονογενοῦς
3519 1634 3648 1689 Υἳοῦ
3692 1639 3794 1689 τοῦ

2140 1726 2275 1777 Θεοῦ
2332 1720 2603 1798 λέγοντος,
2661 1722 2842 1798 ἀρχὴν
2900 1719 3041 1777 ὁδῶν
3103 1723 3289 1778 ἑαυτόν
3347 1722 3641 1793 κτίζεσθαι,
3694 1722 3795 1779 οὐκ

2139 1811 2326 1888 ἐρευνᾷ
2371 1812 2461 1867 τὸν
2506 1816 2649 1878 νοῦν,
2685 1811 2996 1885 θαυμάζων,
3037 1816 3157 1874 πῶς
3206 1810 3427 1867 δύναται
3472 1814 3500 1867 6
3555 1833 3792 1888 μονογε-

2060 1939 2109 2004 Β
2138 1902 2232 1970 νὴς
2263 1901 2385 2004 Υέὸς
2414 1898 2598 1957 ἄλλων
2738 1898 2967 1955 πολλῶν
3017 1901 3167 1976 άρχὴ
3221 1899 3463 1975 γίνεσθαι
3495 1920 3508 1969 ;
3549 1898 3791 2004 Αἴνιγιμα

2140 1990 2236 2064 μὶν
2293 1987 2472 2046 ἔστιν·
2531 1990 2588 2043 Ὃ
2646 1986 2703 2044 δὲ
2761 1991 3028 2062 νοήμων,
3084 1989 3241 2067 φησὶ,
3295 1991 3480 2061 νοήσει
3547 1986 3799 2067 παραϐο-

2129 2078 2232 2149 λήν
2318 2078 2407 2135 καὶ
2480 2078 2750 2134 σκοτεινὸν
2828 2076 3014 2153 λόγον,
3076 2077 3259 2155 ῥήσεις
3316 2099 3375 2133 τε
3428 2083 3609 2158 σοφῶν
3686 2079 3777 2135 καὶ

2128 2168 2212 2224 αἷν
2222 2167 2271 2245 ίγ
2277 2189 2438 2243 ματα.

2196 2358 2288 2412 78.
2320 2357 2382 2413 Ἦ
2434 2356 2528 2429 μὲν
2575 2353 2666 2409 οὖν
2716 2357 3013 2431 μονογενὴς
3045 2354 3134 2409 καὶ
3166 2354 3464 2435 αὐτοσοφία
3492 2360 3591 2412 τοῦ
3641 2361 3778 2414 Θεοῦ

2127 2443 2383 2513 κτίζουσα
2436 2444 2525 2499 καὶ
2584 2439 2926 2519 δημιουργός
2982 2443 3091 2498 ἐστι
3148 2448 3255 2499 τῶν
3315 2444 3561 2500 πάντων·
3597 2445 3776 2501 Πάντα

2127 2534 2253 2613 γὰρ,
2313 2533 2513 2611 φησὶν,
2572 2531 2623 2587 ἐν
2677 2531 2841 2607 σοφίᾳ
2897 2531 3197 2603 ἰποίησας,
3256 2532 3345 2588 καὶ
3405 2536 3503 2607 (3),
3565 2534 3776 2606 Ἐπλη-

2133 2623 2281 2699 ρώθη
2334 2623 2369 2692 ἡ
2426 2628 2499 2697 γῆ
2551 2629 2651 2691 τῆς
2705 2621 2931 2683 κτίσεώς
2991 2642 3116 2678 σου.
3176 2624 3293 2676 Ἵνα
3352 2619 3409 2677 δὲ
3471 2626 3546 2695 μὴ
3610 2624 3778 2697 μόνον

2134 2712 2355 2787 ὑπάρχῃ
2399 2711 2466 2765 τὰ
2514 2711 2804 2786 γενόμενα,
2831 2710 2977 2766 ἀλλᾶ
3032 2710 3123 2765 καὶ
3170 2708 3356 2766 καλῶς
3405 2711 3649 2787 ὑπάρχῃ,
3689 2712 3791 2782 ηὖ-

2135 2798 2361 2871 δόκησεν
2398 2800 2427 2855 ὸ
2458 2800 2587 2861 Θεὸς
2617 2794 3020 2874 συγκαταϐῆναι
3047 2801 3146 2868 τήν
3179 2799 3371 2853 ἑαυτοῦ
3414 2799 3616 2875 Σοφίαν
3668 2806 3788 2862 τοῖς

2133 2888 2439 2961 κτίσμασινο
2484 2886 2620 2944 ὥστε
2674 2887 2841 2942 τύπον
2894 2888 3026 2942 τινὰ
3081 2887 3170 2942 καὶ
3229 2888 3515 2962 φαντασίαν
3576 2888 3791 2951 εἰκόνος

2138 2976 2305 3047 αὐτῆς
2337 2980 2417 3049 (4)
2447 2976 2498 3032 ἐν
2544 2976 2676 3031 πᾶσί
2718 2997 2778 3031 τε
2823 2979 2977 3049 κοινῇ
3023 2976 3112 3030 καὶ
3166 2976 3372 3049 ἑκάστῳ
3418 2975 3665 3050 ἐνθεῖναι,
3702 2975 3791 3032 τίνα

2137 3066 2229 3121 καὶ
2290 3066 2429 3140 σοφὰ
2484 3068 2550 3121 τὰ
2609 3064 2890 3141 γενόμενα,
2921 3064 3011 3119 καὶ
3069 3064 3188 3136 ἄξια
3225 3068 3324 3119 τοῦ
3367 3070 3501 3120 Θεοῦ
3532 3059 3659 3142 ἔργα
3689 3063 3793 3121 δεί-

2136 3176 2339 3211 κνυται.
2373 3156 2462 3217 Ὠς
2491 3155 2596 3230 γὰρ
2643 3154 2823 3230 Λόγου
2870 3150 3025 3216 ὄντος
3069 3157 3168 3209 τοῦ
3218 3155 3346 3209 Υίοῦ
3389 3158 3487 3210 τοῦ
3535 3159 3670 3210 Θεοῦ
3715 3155 3792 3210 εἰ·

2143 3245 2254 3298 κών
2287 3244 2428 3298 ἐστιν
2453 3245 2480 3299 6
2511 3243 2778 3319 ἡμέτερος
2828 3241 3017 3318 λόγος,
3061 3242 3235 3305 οὕτως
3288 3239 3442 3306 ὄντος
3489 3242 3654 3300 αὐτοῦ
3686 3250 3791 3299 Σο-

2063 3302 2108 3369 C
2147 3332 2269 3411 φίας
2304 3335 2378 3406 (5)
2405 3302 2565 3387 simi):
2597 3302 2775 3387 Riihl-
2797 3302 2935 3386 ἐστὶν
2970 3302 3087 3402 ἐν
3115 3302 3252 3405 ἡμῖν
3299 3302 3563 3409 γενομένη
3606 3332 3791 3411 σοφία

382 3439 514 3495 quas
546 3420 678 3493 ipsa
706 3424 794 3476 est
823 3419 1148 3491 Sapientia,
1197 3421 1392 3492 imago
1438 3437 1669 3492 quoque
1702 3425 1812 3488 est,
1840 3421 1896 3476 in
1921 3438 2029 3493 qua

2146 3420 2197 3476 ἐν
2294 3421 2355 3476 τὸ
2386 3419 2578 3476 εἰδέναι
2608 3421 2697 3475 καὶ
2725 3420 2789 3476 τὸ
2827 3426 3045 3497 φρονεῖν
3087 3418 3327 3495 ἔχοντες,
3362 3418 3598 3476 δεκτικοὶ
3646 3417 3795 3497 γινὸ-

386 3527 520 3567 cum
553 3509 668 3564 vim
713 3508 935 3565 sciendi
984 3513 1040 3564 et
1064 3508 1430 3580 intelligendi
1453 3508 1809 3581 .habeamus,
1842 3511 2034 3566 idonei

382 3597 675 3655 efﬁcimur
723 3597 824 3670 qui
873 3596 1213 3653 creatricem
1262 3596 1621 3670 Sapientiam
1654 3598 2033 3670 recipiamus,

384 3686 771 3758 ejusdemque
803 3684 1030 3741 Patrem
1063 3701 1166 3758 per
1196 3685 1382 3757 ipsam
1430 3702 1747 3759 possumus
1788 3704 2035 3759 cognos-

386 3791 536 3832 cere.
559 3776 700 3831 Nam
733 3775 831 3847 qui
876 3774 1036 3831 habet
1088 3775 1318 3845 Filium,
1365 3775 1577 3846 inquit,
1626 3775 1783 3833 habet
1830 3785 1881 3832 et
1917 3779 2032 3833 Pa-

384 3874 525 3921 trem
578 3864 642 3934 ⁸³,
672 3870 750 3933 et,
787 3865 898 3934 Qui
952 3878 1037 3919 ma
1074 3865 1288 3935 recipit,
1346 3866 1545 3937 recipit
1575 3881 1699 3921 eum
1744 3868 1841 3937 qui
1879 3865 2034 3921 misit

386 3970 472 4010 me
503 3954 567 4008 “.
598 3953 886 4017 Quoniam
917 3967 1055 4024 ergo
1097 3952 1438 4024 hujusmodi
1495 3953 1801 4026 Sapientia;
1846 3954 2035 4011 forma

383 4048 575 4099 creata
604 4043 661 4097 in
695 4042 863 4098 nobis
886 4046 943 4098 et
993 4041 1052 4096 in
1104 4042 1378 4097 omnibus
1428 4047 1538 4113 est,
1586 4060 1700 4099 non
1741 4044 2032 4100 immerito

383 4148 517 4189 vera
547 4136 604 4187 et
632 4130 822 4203 epil‘ex
854 4129 1157 4204 Sapientia
1186 4149 1253 4187 ea
1303 4147 1430 4203 quis
1489 4149 1608 4186 sum
1648 4132 1849 4189 forma:
1901 4150 2030 4204 pro-

384 4222 515 4295 pria
555 4225 696 4277 sunt
741 4219 854 4276 sibi
894 4220 1005 4291 ipsi
1046 4218 1342 4276 asciscens
1373 4221 1476 4286 ait,
1510 4221 1769 4276 Dominus
1823 4224 2034 4278 creavit

381 4325 472 4365 me
501 4312 560 4365 in
593 4325 759 4382 opera
783 4325 909 4364 sua.
943 4307 1168 4380 Quippe
1197 4324 1265 4363 ea
1296 4324 1427 4380 quin
1454 4309 1763 4380 sapientia,
1816 4326 1944 4381 quae
1971 4310 2030 4366 in

386 4398 559 4454 nobis
592 4403 702 4464 est,
752 4396 1036 4469 loquitur,
1083 4396 1205 4451 haec
1255 4398 1382 4468 ipse
1417 4397 1703 4454 Dominus
1754 4406 2030 4471 tanquam

383 4485 619 4560 propria
688 4489 956 4556 usurpat.
1002 4485 1283 4551 Quocirca
1352 4502 1466 4544 non
1519 4485 1618 4541 ille
1661 4492 1894 4543 creatur
1931 4489 2031 4561 qui

378 4579 604 4633 creator
632 4578 741 4644 est,
794 4573 893 4630 sed
929 4578 1166 4645 propter
1203 4590 1371 4631 suam
1422 4575 1735 4649 imaginem
1780 4576 1839 4633 in
1885 4578 2032 4648 ipsis

2147 3513 2282 3584 μεθα
2312 3514 2410 3575 τῆς
2444 3507 2784 3585 δημιουργοῦ
2814 3509 3043 3585 Σοφίας,
3073 3509 3162 3564 καὶ
3195 3507 3265 3564 δι’
3294 3508 3462 3579 αὐτῆς
3503 3511 3793 3585 γινώσκειν

2143 3597 2413 3672 δυνάμεθα
2465 3600 2557 3654 τὸν
2620 3599 2788 3668 αὐτῆς
2842 3599 3070 3672 Πατέρα.
3128 3599 3190 3656 '0
3243 3599 3346 3675 γὰρ
3407 3598 3573 3675 ἔχων,
3632 3600 3792 3677 φησὶ,

2139 3689 2232 3744 τὸν
2290 3689 2437 3760 Υἱὸν,
2471 3684 2586 3763 ἔχει
2640 3688 2729 3742 καὶ
2786 3688 2876 3742 τὸν
2937 3687 3166 3765 ΙΙατὲραο
3216 3688 3329 3757 καὶ,
3379 3689 3436 3742 Ὀ
3489 3686 3792 3765 δεχόμενός

2146 3798 2212 3849 με
2257 3779 2352 3849 (6),
2387 3773 2602 3852 δέχεται
2650 3777 2743 3831 τὸν
2799 3773 3191 3831 ἀποστείλαντά
3238 3796 3325 3848 με.
3368 3775 3636 3833 Τοιούτου
3683 3777 3792 3831 τοί-

2139 3888 2231 3921 νυν
2280 3866 2453 3921 τύπου
2500 3866 2599 3937 τῆς
2649 3865 2851 3943 Σοφίας
2895 3866 3200 3927 κτισθὲντος
3251 3864 3303 3920 ἐν
3349 3867 3486 3938 ἡμῖν
3532 3886 3591 3921 τε
3618 3865 3709 3921 καί
3740 3866 3793 3921 ἐν

2140 3962 2270 4009 πᾶσι
2319 3960 2435 4016 τοῖς
2484 3948 2665 4029 ἕργοῖς
2715 3950 2892 4023 ὄντος,
2926 3952 3149 4015 εἰκότως
3200 3954 3233 4023 ἠ
3286 3953 3521 4023 ἀληθινή
3571 3957 3660 4010 καὶ
3692 3952 3790 4026 δη-

2145 4043 2408 4118 μιουργὸς
2470 4044 2665 4121 Σοφία,
2714 4042 2782 4097 τὰ
2835 4046 2932 4097 τοῦ
2994 4044 3166 4097 τύπου
3213 4043 3408 4112 ἑαυτῆς
3460 4043 3536 4106 είς
3594 4045 3792 4115 ἑαυτὴν

2139 4126 2613 4206 ἀναλαμϐάνουσα,
2646 4132 2777 4209 φησὶ
2831 4132 2916 4202 τὸ,
2945 4131 3139 4205 Κύριος
3199 4131 3373 4187 ἔκτισέ
3436 4154 3503 4205 με
3550 4133 3629 4196 τίς
3661 4128 3794 4210 ἔργα

2140 4221 2325 4278 αὐτοῦ.
2352 4222 2421 4278 Ἀ
2467 4220 2571 4296 γὰρ
2624 4221 2658 4290 ἠ
2702 4219 2752 4275 ἐν
2785 4222 2923 4292 ἡμῖν
2977 4221 3138 4298 σοφία
3187 4222 3321 4289 εἶπε,
3352 4225 3522 4277 ταῦτα
3569 4222 3732 4285 αὐτὸς
3764 4225 3793 4278 6

2140 4311 2336 4386 Κύριος
2396 4309 2470 4371 ὡς
2533 4305 2646 4364 ἴδια
2702 4307 2846 4385 λέγει
2890 4312 2989 4381 (7)·
3038 4310 3127 4363 καὶ
3180 4309 3279 4364 οὐκ
3334 4304 3443 4365 ἔστι
3507 4311 3603 4384 μὶν
3635 4311 3795 4373 αὐτὸς

2139 4399 2456 4473 κτιζόμενος
2486 4399 2709 4468 κτίστης
2749 4397 2848 4469 ὣν,
2883 4395 2972 4452 διὰ
3002 4396 3061 4453 δὲ
3104 4399 3203 4466 τὴν
3250 4397 3304 4453 ἐν
3352 4405 3468 4462 τοῖς
3519 4396 3705 4476 ἔργοις
3725 4401 3796 4455 εί-

2140 4489 2274 4544 κόνα
2303 4489 2606 4543 κτισθεῖσαν
2656 4486 2843 4553 αὐτοῦ,
2874 4491 3042 4541 ταῦτα
3089 4487 3249 4550 αὐτὸς
3300 4487 3376 4550 ὡς
3423 4489 3546 4565 περὶ
3603 4490 3794 4545 ἑαυτοῦ

2139 4577 2313 4653 λέγει.
2348 4576 2445 4632 Καὶ
2480 4576 2660 4652 ὥσπερ
2712 4575 2873 4638 αὐτὸς
2916 4576 2945 4630 6
2986 4574 3182 4649 Κύριος
3230 4573 3466 4650 εἴρηκεν·
3517 4579 3580 4636 Ὁ
3625 4575 3795 4655 δεχό-

449 4709 495 4744 ’¹⁸
532 4708 695 4766 Prov.
734 4722 860 4778 vm,
900 4706 990 4761 22.
1032 4706 1078 4742 τ’
1114 4705 1255 4762 ibid.
1297 4708 1343 4743 ⁸ο
1409 4709 1571 4765 Prov.
1618 4726 1653 4777 ι,
1711 4710 1767 4778 5,
1825 4711 1880 4765 6·
1948 4712 1988 4748 ⁸¹

2146 4712 2183 4769 ι.
2224 4729 2345 4779 cm,
2413 4712 2503 4767 24.
2545 4710 2591 4746 θ’
2630 4710 2774 4767 ibid.
2838 4710 2884 4745 ⁸³
2924 4710 2945 4765 Ι
3002 4712 3174 4768 Joan.
3242 4728 3305 4782 II,
3369 4713 3459 4768 23.
3500 4712 3547 4749 ⁸⁴
3583 4712 3791 4770 Matth.

379 4799 436 4839 κ.
480 4781 567 4836 40.

386 4982 410 5001 ν
453 4912 768 5004 (i)'Felck.,
791 4908 1214 5001 4,,'76,K'Sptog.
1248 4911 1466 5004 Ibidem
1501 4911 1654 5004 idem
1701 4917 2031 5004 etn&guer.

385 4982 560 5038 ἴκτισέ
610 5004 676 5057 με
724 4982 987 5107 εἷς’ἔρξα
1036 4982 1220 5037 αὐτοῦ.
1250 4982 1359 5038 Alii
1413 4989 1471 5039 et
1519 4984 1693 5040 edilio
1748 4982 2031 5043 Conimel.

385 5050 562 5110 ἴκτισὲ
594 5075 662 5114 με
681 5054 859 5114 ἀργὴν
896 5055 924 5109 6
963 5057 1036 5107 ὧν
1071 5052 1255 5110 αὐτοῦ.
1292 5054 1434 5110 Ibid.
1475 5060 1712 5114 Seguer.
1747 5062 1804 5111 et
1840 5058 2031 5114 Felck.

390 5071 562 5110 ικτισε
594 5075 662 5126 με
681 5071 859 5130 αρχην
896 5071 1036 5109 οοων
1071 5071 1255 5110 αυτου.
1292 5071 1434 5110 inm.
1475 5071 1712 5128 seguer.
1747 5071 1804 5111 et
1840 5071 2031 5114 Felck.

390 5128 443 5194 4,
475 5127 755 5210 omittunt
782 5123 1127 5210 Quupoﬁqnc.’
1154 5132 1310 5210 Item“
1332 5139 1597 5210 imaeue}
1643 5128 1844 5210 editio
1867 5130 2035 5210 Com-

391 5198 525 5253 mel.
560 5199 776 5286 ibidem
812 5195 1175 5286 φῦσαι-,οὒκ
1200 5195 1397 5286 ῆεύθός.
1432 5198 1617 5286 Egilio
1668 5199 2033 5286 Parisiensis,

386 5269 655 5344 παρευθὺς
702 5269 763 5322 οὗ
819 5272 987 5337 ζητεῖ.
1024 5269 1153 5323 Mox
1200 5273 1434 5341 Seguer.
1468 5269 1879 5353 Reg.”Anglic.
1924 5277 2033 5329 Go-

383 5342 527 5398 bler.
565 5340 751 5397 Felck.
789 5341 841 5410 1,
874 5341 905 5395 4
934 5346 991 5395 et
1019 5341 1073 5404 5,
1095 5340 1129 5408 ἡ
1161 5338 1435 5408 κτίζουσα.
1466 5342 1524 5396 In
1557 5339 1688 5397 aliis
1716 5351 1775 5399 et
1804 5344 1976 5400 editis
1997 5346 2033 5413 ἡ

384 5416 800 5566 ῗθῗὲίιξθερςν.
832 5482 1406 5566 ιιι-βοειμονογενῃξς
1452 5481 1529 5566 ib:
1580 5479 1788 5566 ἄλλων.
1842 5486 2030 5541 Felrk.

382 5557 441 5626 5,
466 5551 617 5619 ibid,
638 5551 861 5614 ἆλλως.
896 5551 1027 5627 Mog
1054 5551 1288 5627 Seguer.
1319 5554 1379 5610 Ὀ
1407 5552 1508 5627 γὰρ
1541 5556 1640 5627 ver/3
1654 5575 1789 5627 μων.

462 5629 540 5699 (3)
569 5627 659 5681 sic
708 5628 947 5699 Seguer.
1005 5624 1141 5699 Reg.
1177 5624 1429 5699 _Gobler_'
1461 5624 1663 5699 Felek.
1694 5629 1743 5691 1,
1795 5629 1825 5683 4
1873 5632 1931 5681 et
1976 5629 2030 5683 5.

385 5695 538 5771 Ed'iti
571 5714 702 5771 vero
724 5695 917 5771 get'alii
942 5695 1040 5771 uel
1070 5697 1369 5771 omittunt.
1398 5696 1591 5771 Paulo
1621 5705 1751 5770 post
1792 5703 2029 5771 Seguer.

390 5770 565 5828 Basil.
597 5768 827 5826 Gobler.
862 5767 1057 5825 Felck.
1099 5769 1121 5821 1
1156 5773 1213 5823 et
1259 5769 1312 5840 4,
1357 5766 1423 5822 τὰ
1467 5766 1750 5842 γενόμενα.
1784 5766 2033 5826 ιοῖιιίἰε

2065 4921 2112 4985 D
2144 4922 2201 4973 et
2229 4915 2404 4973 editis
2434 4913 2500 4968 τά
2531 4916 2711 4972 deest.

2220 4989 2293 5058 (4)
2325 4989 2560 5059 Seguer.
2593 4986 2824 5059 Gobler.
2875 4984 3063 5043 Felck.
3101 4986 3134 5059 _1
3193 4991 3251 5059 et
3296 4988 3349 5053 4,
3383 4984 3562 5049 αὐτός.
3593 4988 3794 5044 Οωιθτί

2147 5065 2204 5116 et
2233 5055 2623 5130 editifadtie.
2648 5056 2791 5113 Ibid.
2825 5062 3061 5130 Seguer.
3096 5055 3148 5130 ἐν
3180 5058 3341 5130 πάσῃ.

2221 5132 2300 5201 ,5)
2324 5123 2561 5205 Βέεζυοιέ
2594 5123 3396 5205 ὄντος-Ααῦτὸῦ.ΣοφίαςεΕᾶἰῑί
3447 5133 3504 5185 et
3527 5129 3671 5205 ⁸ιιιξὶ,
3704 5124 3795 5184 ὅν-

2144 5222 2236 5279 τος
2259 5198 2357 5279 τῇ·
2377 5198 2592 5279 ’Σοφίας
2621 5199 2811 5279 αῦτοῦ.
2830 5200 3006 5279 Paulo
3038 5198 3172 5279 p'gst
3201 5198 3541 5279 Seguer.:zgi
3559 5201 3637 5279 τὸ
3668 5220 3799 5279 (ppo-

2144 5278 2278 5328 νεῖν.
2314 5270 2490 5341 Editi'
2521 5280 2578 5327 et
2626 5272 2746 5337 alii,
2778 5270 2866 5325 καὶ
2917 5270 3155 5341 φρονεῖν.
3201 5270 3423 5329 Ibidem
3470 5270 3717 5329 Gobler'f
3740 5278 3799 5329 et

2146 5344 2359 5433 Fulgit;
2383 5350 2427 5412 i,
2462 5340 2697 5433 Seuttxhoi
2728 5340 2987 5433 γενόμεθα

2217 5416 2565 5489 (6)_Seguer.
2628 5413 2926 5489 δεχόμενος
2984 5413 3099 5486 ἐμὲ.
3145 5415 3343 5489 _Paulo_
3413 5420 3564 5488 post,
3613 5415 3795 5483 idem,

2142 5484 2618 5540 Τοιοῦτουτιοίνυν
2646 5484 2745 5556 τῆς
2780 5484 3260 5556 Σοφίαςζοῐηὶθεο
3284 5484 3476 5542 τύπόυ.

2215 5559 2292 5628 (7)
2326 5556 2514 5633 Felck.
2546 5562 2581 5611 2
2605 5563 2662 5633 et
2691 5548 3175 5633 editiolgompiel.
3212 5557 3411 5633 K'iptoc
3465 5555 3574 5612 ἷδια
3622 5556 3791 5633 λὲγ-ειᾲ.

2215 5577 2292 5628 (ι)
2326 5577 2514 5614 r'ech.
2547 5577 2581 5611 Ζ
2605 5577 2662 5613 et.
2691 5577 2866 5615 ealno
2896 5577 3175 5615 uommel.
3212 5577 3411 5633 ιωριος
3467 5577 3574 5612 ιοια
3623 5577 3683 5612 Λε
3722 5578 3791 5613 ει.

2142 5630 2525 5705 ga-teriﬂlss.
2559 5627 2753 5703 Κύριος
2787 5630 2860 5705 ᾡς
2894 5627 3005 5684 ἴδια
3044 5627 3207 5705 λέγει.
3243 5631 3373 5688 Mox
3419 5636 3655 5704 Seguer.
3684 5577 3794 5685 ξιά

2142 5697 2198 5753 δὲ
2223 5701 2321 5769 τὴν
2354 5697 2405 5754 ἐν
2439 5700 2623 5763 αὐτοῖς
2640 5696 2767 5763 ’τοῖς
2798 5696 3004 5776 ἔργοις.
