  <div class='ocr_page' id='page_1' title='image "/cluster/home/n/w/nwhite01/storage/ocr_20150623/26/hvd.32044019208479/204.png"; bbox 0 0 4074 6336; ppageno 0'>
   <div class='ocr_carea' id='block_1_1' title="bbox 264 439 391 501">
    <p class='ocr_par' dir='ltr' id='par_1_1' title="bbox 264 439 391 501">
     <span class='ocr_line' id='line_1_1' title="bbox 264 439 391 501; baseline 0 -1"><span class='ocrx_word' id='word_1_1' title='bbox 264 439 391 501; x_wconf 80' lang='grc'><strong>313</strong></span> 
     </span>
    </p>
   </div>
   <div class='ocr_carea' id='block_1_2' title="bbox 1407 437 2569 505">
    <p class='ocr_par' dir='ltr' id='par_1_2' title="bbox 1407 437 2569 505">
     <span class='ocr_line' id='line_1_2' title="bbox 1407 437 2569 505; baseline -0.009 1"><span class='ocrx_word' id='word_1_2' title='bbox 1407 441 1699 505; x_wconf 79' lang='lat' dir='ltr'><strong>ORATIO</strong></span> <span class='ocrx_word' id='word_1_3' title='bbox 1740 440 1793 501; x_wconf 83' lang='lat' dir='ltr'><strong>Il</strong></span> <span class='ocrx_word' id='word_1_4' title='bbox 1840 440 2149 500; x_wconf 81' lang='lat' dir='ltr'><strong>CONTRA</strong></span> <span class='ocrx_word' id='word_1_5' title='bbox 2206 437 2569 499; x_wconf 74' lang='lat' dir='ltr'><strong>ARIANOS.</strong></span> 
     </span>
    </p>
   </div>
   <div class='ocr_carea' id='block_1_3' title="bbox 3574 439 3695 500">
    <p class='ocr_par' dir='ltr' id='par_1_3' title="bbox 3574 439 3695 500">
     <span class='ocr_line' id='line_1_3' title="bbox 3574 439 3695 500; baseline -0.017 0"><span class='ocrx_word' id='word_1_6' title='bbox 3574 439 3695 500; x_wconf 73' lang='lat' dir='ltr'><strong>3M</strong></span> 
     </span>
    </p>
   </div>
   <div class='ocr_carea' id='block_1_4' title="bbox 267 569 1917 649">
    <p class='ocr_par' dir='ltr' id='par_1_4' title="bbox 267 569 1917 649">
     <span class='ocr_line' id='line_1_4' title="bbox 267 569 1917 649; baseline 0 -24"><span class='ocrx_word' id='word_1_7' title='bbox 267 591 438 642; x_wconf 80' lang='grc' dir='ltr'>μενος</span> <span class='ocrx_word' id='word_1_8' title='bbox 483 572 623 643; x_wconf 76' lang='grc' dir='ltr'>ὑμᾶς</span> <span class='ocrx_word' id='word_1_9' title='bbox 670 572 769 643; x_wconf 72' lang='grc' dir='ltr'><strong>ἐμὲ</strong></span> <span class='ocrx_word' id='word_1_10' title='bbox 825 569 1063 649; x_wconf 77' lang='grc' dir='ltr'>δέχεται,</span> <span class='ocrx_word' id='word_1_11' title='bbox 1125 571 1215 629; x_wconf 81' lang='grc' dir='ltr'><strong>διὰ</strong></span> <span class='ocrx_word' id='word_1_12' title='bbox 1259 575 1322 629; x_wconf 80' lang='grc' dir='ltr'><strong>τὸ</strong></span> <span class='ocrx_word' id='word_1_13' title='bbox 1369 575 1460 630; x_wconf 86' lang='grc' dir='ltr'><strong>τὸν</strong></span> <span class='ocrx_word' id='word_1_14' title='bbox 1494 574 1663 630; x_wconf 79' lang='grc' dir='ltr'>τόπον</span> <span class='ocrx_word' id='word_1_15' title='bbox 1694 575 1771 645; x_wconf 91' lang='grc'><strong>(8)</strong></span> <span class='ocrx_word' id='word_1_16' title='bbox 1829 570 1917 626; x_wconf 79' lang='grc' dir='ltr'><strong>αὖ·</strong></span> 
     </span>
    </p>
   </div>
   <div class='ocr_carea' id='block_1_5' title="bbox 2036 569 3694 649">
    <p class='ocr_par' dir='ltr' id='par_1_5' title="bbox 2039 570 3694 643">
     <span class='ocr_line' id='line_1_5' title="bbox 2039 570 3694 643; baseline 0.001 -17"><span class='ocrx_word' id='word_1_17' title='bbox 2039 571 2316 643; x_wconf 86' lang='lat' dir='ltr'><strong>operibus</strong></span> <span class='ocrx_word' id='word_1_18' title='bbox 2362 576 2640 637; x_wconf 82' lang='lat' dir='ltr'><strong>creatam,</strong></span> <span class='ocrx_word' id='word_1_19' title='bbox 2674 570 2791 626; x_wconf 86' lang='lat' dir='ltr'><strong>ista</strong></span> <span class='ocrx_word' id='word_1_20' title='bbox 2835 571 2996 627; x_wconf 85' lang='lat' dir='ltr'><strong>velut</strong></span> <span class='ocrx_word' id='word_1_21' title='bbox 3026 571 3098 626; x_wconf 89' lang='lat' dir='ltr'><strong>de</strong></span> <span class='ocrx_word' id='word_1_22' title='bbox 3127 570 3189 626; x_wconf 86' lang='lat' dir='ltr'><strong>se</strong></span> <span class='ocrx_word' id='word_1_23' title='bbox 3238 571 3365 640; x_wconf 85' lang='lat' dir='ltr'><strong>ipse</strong></span> <span class='ocrx_word' id='word_1_24' title='bbox 3395 571 3496 628; x_wconf 83' lang='lat' dir='ltr'><strong>ait.</strong></span> <span class='ocrx_word' id='word_1_25' title='bbox 3546 572 3694 629; x_wconf 87' lang='lat' dir='ltr'><strong>Hinc</strong></span> 
     </span>
    </p>
   </div>
   <div class='ocr_carea' id='block_1_6' title="bbox 264 658 1928 736">
    <p class='ocr_par' dir='ltr' id='par_1_6' title="bbox 264 658 1928 736">
     <span class='ocr_line' id='line_1_6' title="bbox 264 658 1928 736; baseline 0.001 -23"><span class='ocrx_word' id='word_1_26' title='bbox 264 662 370 714; x_wconf 79' lang='grc' dir='ltr'><strong>τοῦ</strong></span> <span class='ocrx_word' id='word_1_27' title='bbox 399 658 454 714; x_wconf 63' lang='grc' dir='ltr'><strong>έν</strong></span> <span class='ocrx_word' id='word_1_28' title='bbox 486 661 625 732; x_wconf 61' lang='grc' dir='ltr'><strong>¹ἡμῖν</strong></span> <span class='ocrx_word' id='word_1_29' title='bbox 660 660 813 716; x_wconf 77' lang='grc' dir='ltr'>εἶναι’</span> <span class='ocrx_word' id='word_1_30' title='bbox 848 661 1042 729; x_wconf 74' lang='grc' dir='ltr'>οὕτως,</span> <span class='ocrx_word' id='word_1_31' title='bbox 1077 664 1252 718; x_wconf 84' lang='grc' dir='ltr'>καίτοι</span> <span class='ocrx_word' id='word_1_32' title='bbox 1310 666 1384 736; x_wconf 79' lang='grc' dir='ltr'>μή</span> <span class='ocrx_word' id='word_1_33' title='bbox 1421 662 1496 718; x_wconf 78' lang='grc' dir='ltr'>ὥν</span> <span class='ocrx_word' id='word_1_34' title='bbox 1537 667 1643 718; x_wconf 80' lang='grc' dir='ltr'>τῶν</span> <span class='ocrx_word' id='word_1_35' title='bbox 1673 658 1928 732; x_wconf 83' lang='grc' dir='ltr'>κτιζομέ-</span> 
     </span>
    </p>
   </div>
   <div class='ocr_carea' id='block_1_7' title="bbox 270 747 1927 821">
    <p class='ocr_par' dir='ltr' id='par_1_7' title="bbox 270 747 1927 821">
     <span class='ocr_line' id='line_1_7' title="bbox 270 747 1927 821; baseline 0.005 -20"><span class='ocrx_word' id='word_1_36' title='bbox 270 770 407 816; x_wconf 84' lang='grc' dir='ltr'>νων,</span> <span class='ocrx_word' id='word_1_37' title='bbox 441 748 597 821; x_wconf 78' lang='grc' dir='ltr'>ὅμως</span> <span class='ocrx_word' id='word_1_38' title='bbox 631 747 721 804; x_wconf 82' lang='grc' dir='ltr'><strong>διὰ</strong></span> <span class='ocrx_word' id='word_1_39' title='bbox 749 751 811 805; x_wconf 87' lang='grc' dir='ltr'>τὸ</span> <span class='ocrx_word' id='word_1_40' title='bbox 837 752 938 820; x_wconf 71' lang='grc' dir='ltr'><strong>τήν</strong></span> <span class='ocrx_word' id='word_1_41' title='bbox 971 750 1148 807; x_wconf 72' lang='grc' dir='ltr'>εἷ’κόνα</span> <span class='ocrx_word' id='word_1_42' title='bbox 1173 751 1337 808; x_wconf 73' lang='grc' dir='ltr'>αὐτοῦ</span> <span class='ocrx_word' id='word_1_43' title='bbox 1367 753 1457 807; x_wconf 85' lang='grc' dir='ltr'><strong>καὶ</strong></span> <span class='ocrx_word' id='word_1_44' title='bbox 1496 754 1662 808; x_wconf 73' lang='grc' dir='ltr'>τύπον</span> <span class='ocrx_word' id='word_1_45' title='bbox 1715 751 1767 805; x_wconf 84' lang='grc' dir='ltr'><strong>έν</strong></span> <span class='ocrx_word' id='word_1_46' title='bbox 1810 753 1927 809; x_wconf 82' lang='grc' dir='ltr'>τοῖς</span> 
     </span>
    </p>
   </div>
   <div class='ocr_carea' id='block_1_8' title="bbox 267 835 1927 915">
    <p class='ocr_par' dir='ltr' id='par_1_8' title="bbox 267 835 1927 915">
     <span class='ocr_line' id='line_1_8' title="bbox 267 835 1927 915; baseline 0.004 -23"><span class='ocrx_word' id='word_1_47' title='bbox 267 835 460 910; x_wconf 79' lang='grc' dir='ltr'><strong>ἔργοις</strong></span> <span class='ocrx_word' id='word_1_48' title='bbox 506 838 817 908; x_wconf 80' lang='grc' dir='ltr'>κτίζεσθαι,</span> <span class='ocrx_word' id='word_1_49' title='bbox 871 841 945 903; x_wconf 87' lang='grc' dir='ltr'>ὠς</span> <span class='ocrx_word' id='word_1_50' title='bbox 994 840 1154 902; x_wconf 79' lang='grc' dir='ltr'>αὐτὸς</span> <span class='ocrx_word' id='word_1_51' title='bbox 1206 840 1280 895; x_wconf 80' lang='grc' dir='ltr'><strong>ὥν</strong></span> <span class='ocrx_word' id='word_1_52' title='bbox 1340 845 1455 914; x_wconf 83' lang='grc'>(9),</span> <span class='ocrx_word' id='word_1_53' title='bbox 1507 840 1673 915; x_wconf 79' lang='grc' dir='ltr'>λέγει’</span> <span class='ocrx_word' id='word_1_54' title='bbox 1730 840 1927 913; x_wconf 72' lang='grc' dir='ltr'>Κύριος</span> 
     </span>
    </p>
   </div>
   <div class='ocr_carea' id='block_1_9' title="bbox 267 924 1922 1006">
    <p class='ocr_par' dir='ltr' id='par_1_9' title="bbox 267 924 1922 1006">
     <span class='ocr_line' id='line_1_9' title="bbox 267 924 1922 1006; baseline 0.001 -25"><span class='ocrx_word' id='word_1_55' title='bbox 267 924 451 982; x_wconf 78' lang='grc' dir='ltr'>ἔκτισέ</span> <span class='ocrx_word' id='word_1_56' title='bbox 535 948 600 1000; x_wconf 84' lang='grc' dir='ltr'><strong>με</strong></span> <span class='ocrx_word' id='word_1_57' title='bbox 674 927 855 1004; x_wconf 78' lang='grc' dir='ltr'>ἀρχὴν</span> <span class='ocrx_word' id='word_1_58' title='bbox 934 927 1075 984; x_wconf 82' lang='grc' dir='ltr'>ὁδῶν</span> <span class='ocrx_word' id='word_1_59' title='bbox 1150 930 1315 986; x_wconf 82' lang='grc' dir='ltr'>αὐτοῦ</span> <span class='ocrx_word' id='word_1_60' title='bbox 1384 930 1459 992; x_wconf 72' lang='grc' dir='ltr'>ε’“ς</span> <span class='ocrx_word' id='word_1_61' title='bbox 1540 929 1668 1006; x_wconf 83' lang='grc' dir='ltr'>ἔργα</span> <span class='ocrx_word' id='word_1_62' title='bbox 1736 927 1922 983; x_wconf 79' lang='grc' dir='ltr'>αὐτοῦ.</span> 
     </span>
    </p>
   </div>
   <div class='ocr_carea' id='block_1_10' title="bbox 268 1013 1923 1096">
    <p class='ocr_par' dir='ltr' id='par_1_10' title="bbox 268 1013 1923 1096">
     <span class='ocr_line' id='line_1_10' title="bbox 268 1013 1923 1096; baseline 0.002 -28"><span class='ocrx_word' id='word_1_63' title='bbox 268 1014 428 1069; x_wconf 76' lang='grc' dir='ltr'>Οἰίτω</span> <span class='ocrx_word' id='word_1_64' title='bbox 480 1013 537 1069; x_wconf 74' lang='grc' dir='ltr'><strong>δὲ</strong></span> <span class='ocrx_word' id='word_1_65' title='bbox 586 1017 810 1090; x_wconf 84' lang='grc' dir='ltr'>γέγονεν</span> <span class='ocrx_word' id='word_1_66' title='bbox 871 1019 899 1072; x_wconf 98' lang='lat'><strong>6</strong></span> <span class='ocrx_word' id='word_1_67' title='bbox 949 1016 1000 1073; x_wconf 81' lang='grc' dir='ltr'>ἐν</span> <span class='ocrx_word' id='word_1_68' title='bbox 1032 1023 1148 1080; x_wconf 85' lang='grc' dir='ltr'>τοῖς</span> <span class='ocrx_word' id='word_1_69' title='bbox 1175 1016 1352 1095; x_wconf 80' lang='grc' dir='ltr'><strong>ἔργοις</strong></span> <span class='ocrx_word' id='word_1_70' title='bbox 1380 1021 1480 1088; x_wconf 75' lang='grc' dir='ltr'><strong>τῆς</strong></span> <span class='ocrx_word' id='word_1_71' title='bbox 1513 1018 1703 1096; x_wconf 79' lang='grc' dir='ltr'><strong>σοφίας</strong></span> <span class='ocrx_word' id='word_1_72' title='bbox 1731 1017 1923 1087; x_wconf 75' lang='grc' dir='ltr'>τόπος,</span> 
     </span>
    </p>
   </div>
   <div class='ocr_carea' id='block_1_11' title="bbox 260 1102 1924 1182">
    <p class='ocr_par' dir='ltr' id='par_1_11' title="bbox 260 1102 1924 1182">
     <span class='ocr_line' id='line_1_11' title="bbox 260 1102 1924 1182; baseline 0.002 -25"><span class='ocrx_word' id='word_1_73' title='bbox 260 1102 378 1171; x_wconf 70' lang='grc' dir='ltr'>ἵνα,</span> <span class='ocrx_word' id='word_1_74' title='bbox 431 1104 568 1159; x_wconf 79' lang='grc' dir='ltr'><strong>καθά</strong></span> <span class='ocrx_word' id='word_1_75' title='bbox 618 1111 905 1180; x_wconf 71' lang='grc' dir='ltr'>προεῖπον,</span> <span class='ocrx_word' id='word_1_76' title='bbox 959 1108 987 1161; x_wconf 92' lang='lat'><strong>6</strong></span> <span class='ocrx_word' id='word_1_77' title='bbox 1035 1107 1241 1179; x_wconf 85' lang='grc' dir='ltr'>κόσμος</span> <span class='ocrx_word' id='word_1_78' title='bbox 1289 1107 1341 1163; x_wconf 87' lang='grc' dir='ltr'><strong>έν</strong></span> <span class='ocrx_word' id='word_1_79' title='bbox 1375 1107 1510 1182; x_wconf 77' lang='grc' dir='ltr'>αὐτῇ</span> <span class='ocrx_word' id='word_1_80' title='bbox 1546 1109 1787 1182; x_wconf 82' lang='grc' dir='ltr'>γινώσκῃ</span> <span class='ocrx_word' id='word_1_81' title='bbox 1832 1107 1924 1161; x_wconf 85' lang='grc' dir='ltr'>τὸν</span> 
     </span>
    </p>
   </div>
   <div class='ocr_carea' id='block_1_12' title="bbox 267 1192 1920 1271">
    <p class='ocr_par' dir='ltr' id='par_1_12' title="bbox 267 1192 1920 1271">
     <span class='ocr_line' id='line_1_12' title="bbox 267 1192 1920 1271; baseline 0.001 -24"><span class='ocrx_word' id='word_1_82' title='bbox 267 1194 469 1248; x_wconf 69' lang='grc' dir='ltr'>ἑαυτοῦ</span> <span class='ocrx_word' id='word_1_83' title='bbox 500 1192 840 1271; x_wconf 82' lang='grc' dir='ltr'>δημιουργὸν</span> <span class='ocrx_word' id='word_1_84' title='bbox 872 1195 1072 1268; x_wconf 84' lang='grc' dir='ltr'>Λόγον,</span> <span class='ocrx_word' id='word_1_85' title='bbox 1104 1197 1192 1251; x_wconf 83' lang='grc' dir='ltr'><strong>καὶ</strong></span> <span class='ocrx_word' id='word_1_86' title='bbox 1225 1194 1295 1251; x_wconf 85' lang='grc' dir='ltr'>δι’</span> <span class='ocrx_word' id='word_1_87' title='bbox 1344 1196 1507 1251; x_wconf 77' lang='grc' dir='ltr'>αὐτοῦ</span> <span class='ocrx_word' id='word_1_88' title='bbox 1551 1196 1643 1251; x_wconf 85' lang='grc' dir='ltr'>τὸν</span> <span class='ocrx_word' id='word_1_89' title='bbox 1695 1197 1920 1267; x_wconf 80' lang='grc' dir='ltr'>Πατέρα.</span> 
     </span>
    </p>
   </div>
   <div class='ocr_carea' id='block_1_13' title="bbox 269 1280 1925 1359">
    <p class='ocr_par' dir='ltr' id='par_1_13' title="bbox 269 1280 1925 1359">
     <span class='ocr_line' id='line_1_13' title="bbox 269 1280 1925 1359; baseline 0.001 -23"><span class='ocrx_word' id='word_1_90' title='bbox 269 1283 370 1336; x_wconf 77' lang='grc' dir='ltr'>Καὶ</span> <span class='ocrx_word' id='word_1_91' title='bbox 420 1287 588 1337; x_wconf 90' lang='grc' dir='ltr'>τοῦτο</span> <span class='ocrx_word' id='word_1_92' title='bbox 640 1283 780 1338; x_wconf 74' lang='grc' dir='ltr'>ἐστιν</span> <span class='ocrx_word' id='word_1_93' title='bbox 832 1284 861 1338; x_wconf 85' lang='grc' dir='ltr'><strong>’ὀ</strong></span> <span class='ocrx_word' id='word_1_94' title='bbox 910 1280 1095 1359; x_wconf 81' lang='grc' dir='ltr'>ἔλεγεν</span> <span class='ocrx_word' id='word_1_95' title='bbox 1144 1288 1256 1358; x_wconf 88' lang='grc'><strong>(10)</strong></span> <span class='ocrx_word' id='word_1_96' title='bbox 1310 1287 1337 1340; x_wconf 91' lang='lat'><strong>6</strong></span> <span class='ocrx_word' id='word_1_97' title='bbox 1388 1286 1624 1347; x_wconf 88' lang='grc' dir='ltr'>Παῦλος·</span> <span class='ocrx_word' id='word_1_98' title='bbox 1676 1283 1823 1339; x_wconf 87' lang='grc' dir='ltr'>Διότι</span> <span class='ocrx_word' id='word_1_99' title='bbox 1862 1284 1925 1337; x_wconf 84' lang='grc' dir='ltr'>τὸ</span> 
     </span>
    </p>
   </div>
   <div class='ocr_carea' id='block_1_14' title="bbox 266 1372 1927 1450">
    <p class='ocr_par' dir='ltr' id='par_1_14' title="bbox 266 1372 1927 1450">
     <span class='ocr_line' id='line_1_14' title="bbox 266 1372 1927 1450; baseline 0.002 -26"><span class='ocrx_word' id='word_1_100' title='bbox 266 1372 514 1445; x_wconf 83' lang='grc' dir='ltr'>γνωστὸν</span> <span class='ocrx_word' id='word_1_101' title='bbox 541 1376 639 1426; x_wconf 91' lang='grc' dir='ltr'><strong>τοῦ</strong></span> <span class='ocrx_word' id='word_1_102' title='bbox 670 1378 804 1427; x_wconf 90' lang='grc' dir='ltr'>Θεοῦ</span> <span class='ocrx_word' id='word_1_103' title='bbox 830 1375 1052 1450; x_wconf 84' lang='grc' dir='ltr'>φανερόν</span> <span class='ocrx_word' id='word_1_104' title='bbox 1077 1373 1189 1429; x_wconf 86' lang='grc' dir='ltr'>ἐστι</span> <span class='ocrx_word' id='word_1_105' title='bbox 1220 1374 1271 1429; x_wconf 79' lang='grc' dir='ltr'><strong>έν</strong></span> <span class='ocrx_word' id='word_1_106' title='bbox 1306 1375 1516 1437; x_wconf 77' lang='grc' dir='ltr'>αὐτοῖς’</span> <span class='ocrx_word' id='word_1_107' title='bbox 1577 1376 1605 1429; x_wconf 88' lang='lat'><strong>6</strong></span> <span class='ocrx_word' id='word_1_108' title='bbox 1663 1375 1767 1449; x_wconf 70' lang='grc' dir='ltr'>γὰρ</span> <span class='ocrx_word' id='word_1_109' title='bbox 1801 1374 1927 1435; x_wconf 86' lang='grc' dir='ltr'>Θεὸς</span> 
     </span>
    </p>
   </div>
   <div class='ocr_carea' id='block_1_15' title="bbox 267 1459 1924 1538">
    <p class='ocr_par' dir='ltr' id='par_1_15' title="bbox 267 1459 1924 1538">
     <span class='ocr_line' id='line_1_15' title="bbox 267 1459 1924 1538; baseline 0.002 -25"><span class='ocrx_word' id='word_1_110' title='bbox 267 1459 458 1522; x_wconf 67' lang='grc' dir='ltr'>αὐτοῖς</span> <span class='ocrx_word' id='word_1_111' title='bbox 489 1459 814 1537; x_wconf 72' lang='grc' dir='ltr'>ἔφανέρωσε.</span> <span class='ocrx_word' id='word_1_112' title='bbox 846 1463 922 1516; x_wconf 78' lang='grc' dir='ltr'><strong>Τὰ</strong></span> <span class='ocrx_word' id='word_1_113' title='bbox 950 1464 1054 1537; x_wconf 74' lang='grc' dir='ltr'><strong>γὰρ</strong></span> <span class='ocrx_word' id='word_1_114' title='bbox 1087 1463 1290 1538; x_wconf 88' lang='grc' dir='ltr'>ἀόρατα</span> <span class='ocrx_word' id='word_1_115' title='bbox 1338 1464 1503 1518; x_wconf 77' lang='grc' dir='ltr'>αὐτοῦ</span> <span class='ocrx_word' id='word_1_116' title='bbox 1552 1464 1657 1519; x_wconf 84' lang='grc' dir='ltr'>ἀπὸ</span> <span class='ocrx_word' id='word_1_117' title='bbox 1701 1462 1924 1523; x_wconf 76' lang='grc' dir='ltr'>κτίσεως</span> 
     </span>
    </p>
   </div>
   <div class='ocr_carea' id='block_1_16' title="bbox 264 1547 1927 1628">
    <p class='ocr_par' dir='ltr' id='par_1_16' title="bbox 264 1547 1927 1628">
     <span class='ocr_line' id='line_1_16' title="bbox 264 1547 1927 1628; baseline 0.002 -26"><span class='ocrx_word' id='word_1_118' title='bbox 264 1547 483 1621; x_wconf 88' lang='grc' dir='ltr'>κόσμου</span> <span class='ocrx_word' id='word_1_119' title='bbox 512 1554 633 1612; x_wconf 88' lang='grc' dir='ltr'>τοῖς</span> <span class='ocrx_word' id='word_1_120' title='bbox 662 1551 936 1623; x_wconf 74' lang='grc' dir='ltr'>ποιήμασι</span> <span class='ocrx_word' id='word_1_121' title='bbox 971 1551 1237 1625; x_wconf 70' lang='grc' dir='ltr'>νοούμενα</span> <span class='ocrx_word' id='word_1_122' title='bbox 1268 1555 1586 1628; x_wconf 78' lang='grc' dir='ltr'>καθορᾶται.</span> <span class='ocrx_word' id='word_1_123' title='bbox 1638 1555 1798 1606; x_wconf 83' lang='grc' dir='ltr'>’Ώστε</span> <span class='ocrx_word' id='word_1_124' title='bbox 1828 1551 1927 1605; x_wconf 84' lang='grc' dir='ltr'><strong>οὐκ</strong></span> 
     </span>
    </p>
   </div>
   <div class='ocr_carea' id='block_1_17' title="bbox 268 1635 1923 1714">
    <p class='ocr_par' dir='ltr' id='par_1_17' title="bbox 268 1635 1923 1714">
     <span class='ocr_line' id='line_1_17' title="bbox 268 1635 1923 1714; baseline 0.001 -23"><span class='ocrx_word' id='word_1_125' title='bbox 268 1635 383 1691; x_wconf 67' lang='grc' dir='ltr'>ἔστι</span> <span class='ocrx_word' id='word_1_126' title='bbox 418 1641 531 1710; x_wconf 85' lang='grc'>(11)</span> <span class='ocrx_word' id='word_1_127' title='bbox 560 1638 762 1711; x_wconf 78' lang='grc' dir='ltr'><strong>κτίσμα</strong></span> <span class='ocrx_word' id='word_1_128' title='bbox 790 1642 861 1713; x_wconf 77' lang='grc' dir='ltr'><strong>τῇ</strong></span> <span class='ocrx_word' id='word_1_129' title='bbox 887 1638 1044 1710; x_wconf 74' lang='grc' dir='ltr'>οὐσίᾳ</span> <span class='ocrx_word' id='word_1_130' title='bbox 1074 1640 1101 1694; x_wconf 90' lang='grc' dir='ltr'>ὁ</span> <span class='ocrx_word' id='word_1_131' title='bbox 1136 1640 1336 1714; x_wconf 79' lang='grc' dir='ltr'>Λόγος,</span> <span class='ocrx_word' id='word_1_132' title='bbox 1378 1640 1525 1695; x_wconf 83' lang='grc' dir='ltr'>ἀλλᾶ</span> <span class='ocrx_word' id='word_1_133' title='bbox 1552 1640 1676 1713; x_wconf 85' lang='grc' dir='ltr'>περὶ</span> <span class='ocrx_word' id='word_1_134' title='bbox 1723 1646 1823 1709; x_wconf 82' lang='grc' dir='ltr'><strong>τῆς</strong></span> <span class='ocrx_word' id='word_1_135' title='bbox 1871 1639 1923 1694; x_wconf 80' lang='grc' dir='ltr'><strong>έν</strong></span> 
     </span>
    </p>
   </div>
   <div class='ocr_carea' id='block_1_18' title="bbox 266 1725 1925 1804">
    <p class='ocr_par' dir='ltr' id='par_1_18' title="bbox 266 1725 1925 1804">
     <span class='ocr_line' id='line_1_18' title="bbox 266 1725 1925 1804; baseline 0.002 -25"><span class='ocrx_word' id='word_1_136' title='bbox 266 1728 406 1799; x_wconf 81' lang='grc' dir='ltr'>ἡμῖν</span> <span class='ocrx_word' id='word_1_137' title='bbox 442 1725 607 1798; x_wconf 70' lang='grc' dir='ltr'>οὔσης</span> <span class='ocrx_word' id='word_1_138' title='bbox 636 1727 726 1782; x_wconf 86' lang='grc' dir='ltr'><strong>καὶ</strong></span> <span class='ocrx_word' id='word_1_139' title='bbox 759 1726 1063 1804; x_wconf 70' lang='grc' dir='ltr'>λεγομένης</span> <span class='ocrx_word' id='word_1_140' title='bbox 1092 1729 1303 1803; x_wconf 78' lang='grc' dir='ltr'>σοφίας,</span> <span class='ocrx_word' id='word_1_141' title='bbox 1337 1728 1447 1785; x_wconf 67' lang='lat' dir='ltr'><strong>isti</strong></span> <span class='ocrx_word' id='word_1_142' title='bbox 1475 1730 1538 1785; x_wconf 87' lang='grc' dir='ltr'><strong>τὸ</strong></span> <span class='ocrx_word' id='word_1_143' title='bbox 1581 1728 1635 1784; x_wconf 80' lang='grc' dir='ltr'>ἐν</span> <span class='ocrx_word' id='word_1_144' title='bbox 1664 1735 1785 1791; x_wconf 90' lang='grc' dir='ltr'>ταῖς</span> <span class='ocrx_word' id='word_1_145' title='bbox 1819 1734 1925 1783; x_wconf 88' lang='grc' dir='ltr'><strong>Πα-</strong></span> 
     </span>
    </p>
   </div>
   <div class='ocr_carea' id='block_1_19' title="bbox 271 1811 743 1892">
    <p class='ocr_par' dir='ltr' id='par_1_19' title="bbox 271 1811 743 1892">
     <span class='ocr_line' id='line_1_19' title="bbox 271 1811 743 1892; baseline 0.008 -23"><span class='ocrx_word' id='word_1_146' title='bbox 271 1815 525 1890; x_wconf 83' lang='grc' dir='ltr'>ροιμίαις</span> <span class='ocrx_word' id='word_1_147' title='bbox 556 1811 743 1892; x_wconf 74' lang='grc' dir='ltr'>ῥητόν.</span> 
     </span>
    </p>
   </div>
   <div class='ocr_carea' id='block_1_20' title="bbox 2041 659 3694 733">
    <p class='ocr_par' dir='ltr' id='par_1_20' title="bbox 2041 659 3694 733">
     <span class='ocr_line' id='line_1_20' title="bbox 2041 659 3694 733; baseline 0.001 -19"><span class='ocrx_word' id='word_1_148' title='bbox 2041 660 2541 731; x_wconf 83' lang='lat' dir='ltr'><strong>quemadmodum</strong></span> <span class='ocrx_word' id='word_1_149' title='bbox 2579 660 2701 731; x_wconf 91' lang='lat' dir='ltr'><strong>ipse</strong></span> <span class='ocrx_word' id='word_1_150' title='bbox 2728 660 3011 715; x_wconf 81' lang='lat' dir='ltr'><strong>Dominus</strong></span> <span class='ocrx_word' id='word_1_151' title='bbox 3041 659 3206 725; x_wconf 82' lang='lat' dir='ltr'><strong>dixit,</strong></span> <span class='ocrx_word' id='word_1_152' title='bbox 3239 660 3347 729; x_wconf 84' lang='lat' dir='ltr'><strong>Qui</strong></span> <span class='ocrx_word' id='word_1_153' title='bbox 3373 674 3462 715; x_wconf 89' lang='lat' dir='ltr'><strong>vos</strong></span> <span class='ocrx_word' id='word_1_154' title='bbox 3499 662 3694 733; x_wconf 85' lang='lat' dir='ltr'><strong>recipit</strong></span> 
     </span>
    </p>
   </div>
   <div class='ocr_carea' id='block_1_21' title="bbox 2040 748 3694 821">
    <p class='ocr_par' dir='ltr' id='par_1_21' title="bbox 2040 748 3694 821">
     <span class='ocr_line' id='line_1_21' title="bbox 2040 748 3694 821; baseline 0.001 -18"><span class='ocrx_word' id='word_1_155' title='bbox 2040 764 2127 803; x_wconf 86' lang='lat' dir='ltr'><strong>me</strong></span> <span class='ocrx_word' id='word_1_156' title='bbox 2154 750 2353 814; x_wconf 83' lang='lat' dir='ltr'><strong>recipit</strong></span> <span class='ocrx_word' id='word_1_157' title='bbox 2384 748 2447 817; x_wconf 81' lang='grc'><strong>⁸⁸,</strong></span> <span class='ocrx_word' id='word_1_158' title='bbox 2485 765 2552 803; x_wconf 91' lang='lat' dir='ltr'><strong>eo</strong></span> <span class='ocrx_word' id='word_1_159' title='bbox 2583 750 2738 821; x_wconf 91' lang='lat' dir='ltr'><strong>quod</strong></span> <span class='ocrx_word' id='word_1_160' title='bbox 2771 751 2899 820; x_wconf 84' lang='lat' dir='ltr'><strong>ejus</strong></span> <span class='ocrx_word' id='word_1_161' title='bbox 2931 749 3119 803; x_wconf 82' lang='lat' dir='ltr'><strong>forma</strong></span> <span class='ocrx_word' id='word_1_162' title='bbox 3146 748 3207 803; x_wconf 91' lang='lat' dir='ltr'><strong>in</strong></span> <span class='ocrx_word' id='word_1_163' title='bbox 3240 748 3408 805; x_wconf 88' lang='lat' dir='ltr'><strong>nobis</strong></span> <span class='ocrx_word' id='word_1_164' title='bbox 3437 754 3529 805; x_wconf 89' lang='lat' dir='ltr'><strong>est</strong></span> <span class='ocrx_word' id='word_1_165' title='bbox 3561 765 3573 803; x_wconf 90' lang='lat'>:</span> <span class='ocrx_word' id='word_1_166' title='bbox 3608 748 3694 805; x_wconf 87' lang='lat' dir='ltr'><strong>sio</strong></span> 
     </span>
    </p>
   </div>
   <div class='ocr_carea' id='block_1_22' title="bbox 2037 837 3801 907">
    <p class='ocr_par' dir='ltr' id='par_1_22' title="bbox 2037 837 3801 907">
     <span class='ocr_line' id='line_1_22' title="bbox 2037 837 3801 907; baseline 0.002 -15"><span class='ocrx_word' id='word_1_167' title='bbox 2037 838 2269 893; x_wconf 88' lang='lat' dir='ltr'><strong>etiamsi</strong></span> <span class='ocrx_word' id='word_1_168' title='bbox 2298 837 2449 892; x_wconf 87' lang='lat' dir='ltr'><strong>inter</strong></span> <span class='ocrx_word' id='word_1_169' title='bbox 2480 854 2572 893; x_wconf 90' lang='lat' dir='ltr'><strong>res</strong></span> <span class='ocrx_word' id='word_1_170' title='bbox 2600 846 2824 893; x_wconf 83' lang='lat' dir='ltr'><strong>creatas</strong></span> <span class='ocrx_word' id='word_1_171' title='bbox 2857 855 2968 893; x_wconf 92' lang='lat' dir='ltr'><strong>non</strong></span> <span class='ocrx_word' id='word_1_172' title='bbox 3017 843 3459 907; x_wconf 83' lang='lat' dir='ltr'><strong>annumeietur,</strong></span> <span class='ocrx_word' id='word_1_173' title='bbox 3492 842 3689 896; x_wconf 87' lang='lat' dir='ltr'><strong>tamen</strong></span> <span class='ocrx_word' id='word_1_174' title='bbox 3780 848 3801 863; x_wconf 74' lang='lat'><strong>’</strong></span> 
     </span>
    </p>
   </div>
   <div class='ocr_carea' id='block_1_23' title="bbox 2037 926 3692 1000">
    <p class='ocr_par' dir='ltr' id='par_1_23' title="bbox 2037 926 3692 1000">
     <span class='ocr_line' id='line_1_23' title="bbox 2037 926 3692 1000; baseline 0.002 -20"><span class='ocrx_word' id='word_1_175' title='bbox 2037 927 2177 998; x_wconf 83' lang='lat' dir='ltr'><strong>quia</strong></span> <span class='ocrx_word' id='word_1_176' title='bbox 2204 927 2333 997; x_wconf 86' lang='lat' dir='ltr'><strong>ejus</strong></span> <span class='ocrx_word' id='word_1_177' title='bbox 2365 926 2554 982; x_wconf 83' lang='lat' dir='ltr'><strong>forma</strong></span> <span class='ocrx_word' id='word_1_178' title='bbox 2576 932 2637 982; x_wconf 93' lang='lat' dir='ltr'><strong>et</strong></span> <span class='ocrx_word' id='word_1_179' title='bbox 2659 927 2854 997; x_wconf 80' lang='lat' dir='ltr'><strong>imago</strong></span> <span class='ocrx_word' id='word_1_180' title='bbox 2876 927 2932 981; x_wconf 89' lang='lat' dir='ltr'><strong>in</strong></span> <span class='ocrx_word' id='word_1_181' title='bbox 2958 927 3233 998; x_wconf 81' lang='lat' dir='ltr'><strong>operibus</strong></span> <span class='ocrx_word' id='word_1_182' title='bbox 3263 927 3692 1000; x_wconf 83' lang='lat' dir='ltr'><strong>creatur,quasi</strong></span> 
     </span>
    </p>
   </div>
   <div class='ocr_carea' id='block_1_24' title="bbox 2036 1014 3695 1087">
    <p class='ocr_par' dir='ltr' id='par_1_24' title="bbox 2036 1014 3695 1087">
     <span class='ocr_line' id='line_1_24' title="bbox 2036 1014 3695 1087; baseline 0.001 -18"><span class='ocrx_word' id='word_1_183' title='bbox 2036 1014 2162 1087; x_wconf 89' lang='lat' dir='ltr'><strong>ipse</strong></span> <span class='ocrx_word' id='word_1_184' title='bbox 2192 1020 2367 1085; x_wconf 82' lang='lat' dir='ltr'><strong>esset,</strong></span> <span class='ocrx_word' id='word_1_185' title='bbox 2402 1015 2480 1070; x_wconf 88' lang='lat' dir='ltr'><strong>ait</strong></span> <span class='ocrx_word' id='word_1_186' title='bbox 2514 1032 2526 1070; x_wconf 91' lang='lat'>:</span> <span class='ocrx_word' id='word_1_187' title='bbox 2559 1016 2826 1071; x_wconf 77' lang='lat' dir='ltr'><strong>Dominus</strong></span> <span class='ocrx_word' id='word_1_188' title='bbox 2855 1018 3071 1072; x_wconf 84' lang='lat' dir='ltr'><strong>creavit</strong></span> <span class='ocrx_word' id='word_1_189' title='bbox 3099 1032 3186 1071; x_wconf 87' lang='lat' dir='ltr'><strong>me</strong></span> <span class='ocrx_word' id='word_1_190' title='bbox 3215 1018 3446 1071; x_wconf 82' lang='lat' dir='ltr'><strong>initium</strong></span> <span class='ocrx_word' id='word_1_191' title='bbox 3473 1019 3695 1072; x_wconf 77' lang='lat' dir='ltr'><strong>viarum</strong></span> 
     </span>
    </p>
   </div>
   <div class='ocr_carea' id='block_1_25' title="bbox 2035 1103 3691 1177">
    <p class='ocr_par' dir='ltr' id='par_1_25' title="bbox 2035 1103 3691 1177">
     <span class='ocr_line' id='line_1_25' title="bbox 2035 1103 3691 1177; baseline 0.001 -19"><span class='ocrx_word' id='word_1_192' title='bbox 2035 1120 2265 1159; x_wconf 85' lang='lat' dir='ltr'><strong>suarum</strong></span> <span class='ocrx_word' id='word_1_193' title='bbox 2315 1104 2375 1158; x_wconf 83' lang='lat' dir='ltr'><strong>in</strong></span> <span class='ocrx_word' id='word_1_194' title='bbox 2431 1120 2598 1175; x_wconf 80' lang='lat' dir='ltr'><strong>Opera</strong></span> <span class='ocrx_word' id='word_1_195' title='bbox 2639 1120 2741 1159; x_wconf 87' lang='lat' dir='ltr'><strong>sua</strong></span> <span class='ocrx_word' id='word_1_196' title='bbox 2770 1104 2833 1158; x_wconf 76' lang='grc'><strong>⁸⁸.</strong></span> <span class='ocrx_word' id='word_1_197' title='bbox 2890 1108 3067 1159; x_wconf 88' lang='lat' dir='ltr'><strong>Porro</strong></span> <span class='ocrx_word' id='word_1_198' title='bbox 3118 1105 3333 1159; x_wconf 85' lang='lat' dir='ltr'><strong>idcirco</strong></span> <span class='ocrx_word' id='word_1_199' title='bbox 3392 1103 3691 1177; x_wconf 65' lang='lat' dir='ltr'><strong>sapientia</strong></span> 
     </span>
    </p>
   </div>
   <div class='ocr_carea' id='block_1_26' title="bbox 2039 1193 3688 1264">
    <p class='ocr_par' dir='ltr' id='par_1_26' title="bbox 2039 1193 3688 1264">
     <span class='ocr_line' id='line_1_26' title="bbox 2039 1193 3688 1264; baseline 0.002 -17"><span class='ocrx_word' id='word_1_200' title='bbox 2039 1194 2223 1248; x_wconf 82' lang='lat' dir='ltr'><strong>forma</strong></span> <span class='ocrx_word' id='word_1_201' title='bbox 2267 1193 2327 1247; x_wconf 89' lang='lat' dir='ltr'><strong>in</strong></span> <span class='ocrx_word' id='word_1_202' title='bbox 2378 1194 2656 1264; x_wconf 86' lang='lat' dir='ltr'><strong>operibus</strong></span> <span class='ocrx_word' id='word_1_203' title='bbox 2706 1194 2857 1248; x_wconf 80' lang='lat' dir='ltr'><strong>facta</strong></span> <span class='ocrx_word' id='word_1_204' title='bbox 2904 1199 3011 1262; x_wconf 72' lang='lat' dir='ltr'><strong>est,</strong></span> <span class='ocrx_word' id='word_1_205' title='bbox 3063 1199 3148 1262; x_wconf 87' lang='lat' dir='ltr'><strong>ut,</strong></span> <span class='ocrx_word' id='word_1_206' title='bbox 3193 1193 3688 1259; x_wconf 78' lang='lat' dir='ltr'><strong>quemadmodum</strong></span> 
     </span>
    </p>
   </div>
   <div class='ocr_carea' id='block_1_27' title="bbox 2038 1282 3687 1354">
    <p class='ocr_par' dir='ltr' id='par_1_27' title="bbox 2038 1282 3687 1354">
     <span class='ocr_line' id='line_1_27' title="bbox 2038 1282 3687 1354; baseline 0.001 -16"><span class='ocrx_word' id='word_1_207' title='bbox 2038 1299 2219 1354; x_wconf 85' lang='lat' dir='ltr'><strong>supra</strong></span> <span class='ocrx_word' id='word_1_208' title='bbox 2280 1282 2543 1347; x_wconf 89' lang='lat' dir='ltr'><strong>memini,</strong></span> <span class='ocrx_word' id='word_1_209' title='bbox 2598 1283 2856 1338; x_wconf 86' lang='lat' dir='ltr'><strong>mundus</strong></span> <span class='ocrx_word' id='word_1_210' title='bbox 2914 1283 2971 1337; x_wconf 92' lang='lat' dir='ltr'><strong>in</strong></span> <span class='ocrx_word' id='word_1_211' title='bbox 3029 1283 3158 1354; x_wconf 86' lang='lat' dir='ltr'><strong>ipsa</strong></span> <span class='ocrx_word' id='word_1_212' title='bbox 3204 1283 3479 1352; x_wconf 88' lang='lat' dir='ltr'><strong>Verbum,</strong></span> <span class='ocrx_word' id='word_1_213' title='bbox 3512 1298 3687 1339; x_wconf 86' lang='lat' dir='ltr'><strong>suum</strong></span> 
     </span>
    </p>
   </div>
   <div class='ocr_carea' id='block_1_28' title="bbox 2039 1371 3690 1443">
    <p class='ocr_par' dir='ltr' id='par_1_28' title="bbox 2039 1371 3690 1443">
     <span class='ocr_line' id='line_1_28' title="bbox 2039 1371 3690 1443; baseline 0.001 -18"><span class='ocrx_word' id='word_1_214' title='bbox 2039 1372 2329 1442; x_wconf 81' lang='lat' dir='ltr'><strong>opiﬁcem,</strong></span> <span class='ocrx_word' id='word_1_215' title='bbox 2362 1378 2419 1427; x_wconf 91' lang='lat' dir='ltr'><strong>et</strong></span> <span class='ocrx_word' id='word_1_216' title='bbox 2442 1371 2668 1426; x_wconf 90' lang='lat' dir='ltr'><strong>Patrem</strong></span> <span class='ocrx_word' id='word_1_217' title='bbox 2694 1388 2795 1442; x_wconf 89' lang='lat' dir='ltr'><strong>per</strong></span> <span class='ocrx_word' id='word_1_218' title='bbox 2819 1372 3073 1427; x_wconf 84' lang='lat' dir='ltr'><strong>Verbum</strong></span> <span class='ocrx_word' id='word_1_219' title='bbox 3098 1377 3459 1443; x_wconf 89' lang='lat' dir='ltr'><strong>agnosceret.</strong></span> <span class='ocrx_word' id='word_1_220' title='bbox 3494 1372 3690 1427; x_wconf 86' lang='lat' dir='ltr'><strong>Enim-</strong></span> 
     </span>
    </p>
   </div>
   <div class='ocr_carea' id='block_1_29' title="bbox 2037 1460 3691 1533">
    <p class='ocr_par' dir='ltr' id='par_1_29' title="bbox 2037 1460 3691 1533">
     <span class='ocr_line' id='line_1_29' title="bbox 2037 1460 3691 1533; baseline 0.001 -19"><span class='ocrx_word' id='word_1_221' title='bbox 2037 1478 2170 1517; x_wconf 87' lang='lat' dir='ltr'><strong>vero</strong></span> <span class='ocrx_word' id='word_1_222' title='bbox 2204 1461 2309 1516; x_wconf 90' lang='lat' dir='ltr'><strong>hoc</strong></span> <span class='ocrx_word' id='word_1_223' title='bbox 2341 1460 2534 1531; x_wconf 88' lang='lat' dir='ltr'><strong>ipsum</strong></span> <span class='ocrx_word' id='word_1_224' title='bbox 2576 1465 2666 1515; x_wconf 85' lang='lat' dir='ltr'><strong>est</strong></span> <span class='ocrx_word' id='word_1_225' title='bbox 2696 1461 2849 1532; x_wconf 90' lang='lat' dir='ltr'><strong>quod</strong></span> <span class='ocrx_word' id='word_1_226' title='bbox 2888 1460 3099 1516; x_wconf 85' lang='lat' dir='ltr'><strong>Paulus</strong></span> <span class='ocrx_word' id='word_1_227' title='bbox 3130 1462 3297 1516; x_wconf 92' lang='lat' dir='ltr'><strong>docet</strong></span> <span class='ocrx_word' id='word_1_228' title='bbox 3329 1477 3342 1515; x_wconf 73' lang='grc' dir='ltr'>ε</span> <span class='ocrx_word' id='word_1_229' title='bbox 3380 1461 3520 1528; x_wconf 84' lang='lat' dir='ltr'><strong>Quia</strong></span> <span class='ocrx_word' id='word_1_230' title='bbox 3547 1461 3691 1533; x_wconf 87' lang='lat' dir='ltr'><strong>quod</strong></span> 
     </span>
    </p>
   </div>
   <div class='ocr_carea' id='block_1_30' title="bbox 2037 1550 3689 1621">
    <p class='ocr_par' dir='ltr' id='par_1_30' title="bbox 2037 1550 3689 1621">
     <span class='ocr_line' id='line_1_30' title="bbox 2037 1550 3689 1621; baseline 0.001 -17"><span class='ocrx_word' id='word_1_231' title='bbox 2037 1555 2228 1605; x_wconf 87' lang='lat' dir='ltr'><strong>notum</strong></span> <span class='ocrx_word' id='word_1_232' title='bbox 2276 1558 2356 1605; x_wconf 84' lang='lat' dir='ltr'><strong>est</strong></span> <span class='ocrx_word' id='word_1_233' title='bbox 2403 1551 2518 1617; x_wconf 92' lang='lat' dir='ltr'><strong>Dei,</strong></span> <span class='ocrx_word' id='word_1_234' title='bbox 2549 1550 2908 1621; x_wconf 80' lang='lat' dir='ltr'><strong>manifestum</strong></span> <span class='ocrx_word' id='word_1_235' title='bbox 2932 1559 3008 1605; x_wconf 84' lang='lat' dir='ltr'><strong>est</strong></span> <span class='ocrx_word' id='word_1_236' title='bbox 3051 1552 3113 1605; x_wconf 87' lang='lat' dir='ltr'><strong>in</strong></span> <span class='ocrx_word' id='word_1_237' title='bbox 3162 1551 3321 1615; x_wconf 81' lang='lat' dir='ltr'><strong>illis;</strong></span> <span class='ocrx_word' id='word_1_238' title='bbox 3353 1550 3490 1606; x_wconf 83' lang='lat' dir='ltr'><strong>Deus</strong></span> <span class='ocrx_word' id='word_1_239' title='bbox 3540 1551 3689 1605; x_wconf 84' lang='lat' dir='ltr'><strong>enim</strong></span> 
     </span>
    </p>
   </div>
   <div class='ocr_carea' id='block_1_31' title="bbox 2040 1640 3692 1710">
    <p class='ocr_par' dir='ltr' id='par_1_31' title="bbox 2040 1640 3692 1710">
     <span class='ocr_line' id='line_1_31' title="bbox 2040 1640 3692 1710; baseline -0.001 -15"><span class='ocrx_word' id='word_1_240' title='bbox 2040 1641 2155 1695; x_wconf 87' lang='lat' dir='ltr'><strong>illis</strong></span> <span class='ocrx_word' id='word_1_241' title='bbox 2210 1641 2564 1709; x_wconf 78' lang='lat' dir='ltr'><strong>manifestum</strong></span> <span class='ocrx_word' id='word_1_242' title='bbox 2620 1641 2768 1709; x_wconf 79' lang='lat' dir='ltr'><strong>fecit.</strong></span> <span class='ocrx_word' id='word_1_243' title='bbox 2820 1640 3133 1695; x_wconf 79' lang='lat' dir='ltr'><strong>lnvisibilia</strong></span> <span class='ocrx_word' id='word_1_244' title='bbox 3189 1641 3338 1694; x_wconf 84' lang='lat' dir='ltr'><strong>enim</strong></span> <span class='ocrx_word' id='word_1_245' title='bbox 3391 1640 3565 1710; x_wconf 87' lang='lat' dir='ltr'><strong>ipsius</strong></span> <span class='ocrx_word' id='word_1_246' title='bbox 3622 1654 3692 1694; x_wconf 72' lang='lat' dir='ltr'><strong>ex</strong></span> 
     </span>
    </p>
   </div>
   <div class='ocr_carea' id='block_1_32' title="bbox 2037 1728 3686 1800">
    <p class='ocr_par' dir='ltr' id='par_1_32' title="bbox 2037 1728 3686 1800">
     <span class='ocr_line' id='line_1_32' title="bbox 2037 1728 3686 1800; baseline -0.001 -15"><span class='ocrx_word' id='word_1_247' title='bbox 2037 1730 2318 1785; x_wconf 74' lang='lat' dir='ltr'><strong>creatione</strong></span> <span class='ocrx_word' id='word_1_248' title='bbox 2345 1728 2542 1783; x_wconf 84' lang='lat' dir='ltr'><strong>mundi</strong></span> <span class='ocrx_word' id='word_1_249' title='bbox 2581 1728 2834 1799; x_wconf 84' lang='lat' dir='ltr'><strong>operibus</strong></span> <span class='ocrx_word' id='word_1_250' title='bbox 2861 1730 3138 1784; x_wconf 85' lang='lat' dir='ltr'><strong>intellecta</strong></span> <span class='ocrx_word' id='word_1_251' title='bbox 3182 1730 3596 1800; x_wconf 84' lang='lat' dir='ltr'><strong>conspiciuntur</strong></span> <span class='ocrx_word' id='word_1_252' title='bbox 3621 1729 3686 1784; x_wconf 83' lang='grc'><strong>⁸⁷.</strong></span> 
     </span>
    </p>
   </div>
   <div class='ocr_carea' id='block_1_33' title="bbox 2040 1818 3690 1890">
    <p class='ocr_par' dir='ltr' id='par_1_33' title="bbox 2040 1818 3690 1890">
     <span class='ocr_line' id='line_1_33' title="bbox 2040 1818 3690 1890; baseline -0.001 -17"><span class='ocrx_word' id='word_1_253' title='bbox 2040 1823 2405 1890; x_wconf 81' lang='lat' dir='ltr'><strong>Quapropter</strong></span> <span class='ocrx_word' id='word_1_254' title='bbox 2432 1818 2687 1872; x_wconf 89' lang='lat' dir='ltr'><strong>Verbum</strong></span> <span class='ocrx_word' id='word_1_255' title='bbox 2741 1823 2950 1872; x_wconf 83' lang='lat' dir='ltr'><strong>natura</strong></span> <span class='ocrx_word' id='word_1_256' title='bbox 2999 1833 3367 1889; x_wconf 87' lang='lat' dir='ltr'><strong>nequaquam</strong></span> <span class='ocrx_word' id='word_1_257' title='bbox 3409 1822 3498 1872; x_wconf 91' lang='lat' dir='ltr'><strong>est</strong></span> <span class='ocrx_word' id='word_1_258' title='bbox 3527 1833 3690 1872; x_wconf 86' lang='lat' dir='ltr'><strong>crea-</strong></span> 
     </span>
    </p>
   </div>
   <div class='ocr_carea' id='block_1_34' title="bbox 270 1905 3689 1981">
    <p class='ocr_par' dir='ltr' id='par_1_34' title="bbox 270 1905 3689 1981">
     <span class='ocr_line' id='line_1_34' title="bbox 270 1905 3689 1981; baseline -0 -20"><span class='ocrx_word' id='word_1_259' title='bbox 270 1912 428 1972; x_wconf 89' lang='lat' dir='ltr'><strong>tum,</strong></span> <span class='ocrx_word' id='word_1_260' title='bbox 461 1907 565 1963; x_wconf 90' lang='lat' dir='ltr'><strong>sed</strong></span> <span class='ocrx_word' id='word_1_261' title='bbox 597 1906 695 1963; x_wconf 87' lang='lat' dir='ltr'><strong>ille</strong></span> <span class='ocrx_word' id='word_1_262' title='bbox 727 1907 1171 1963; x_wconf 89' lang='lat' dir='ltr'><strong>Proverhiorum</strong></span> <span class='ocrx_word' id='word_1_263' title='bbox 1223 1909 1387 1965; x_wconf 90' lang='lat' dir='ltr'><strong>locus</strong></span> <span class='ocrx_word' id='word_1_264' title='bbox 1432 1910 1501 1965; x_wconf 92' lang='lat' dir='ltr'><strong>de</strong></span> <span class='ocrx_word' id='word_1_265' title='bbox 1547 1908 1855 1981; x_wconf 72' lang='lat' dir='ltr'><strong>sapientia,</strong></span> <span class='ocrx_word' id='word_1_266' title='bbox 1890 1924 2015 1980; x_wconf 64' lang='lat' dir='ltr'><strong>qua</strong></span> <span class='ocrx_word' id='word_1_267' title='bbox 2065 1908 2124 1963; x_wconf 88' lang='lat' dir='ltr'><strong>in</strong></span> <span class='ocrx_word' id='word_1_268' title='bbox 2159 1907 2328 1963; x_wconf 91' lang='lat' dir='ltr'><strong>nobis</strong></span> <span class='ocrx_word' id='word_1_269' title='bbox 2357 1911 2414 1962; x_wconf 89' lang='lat' dir='ltr'><strong>et</strong></span> <span class='ocrx_word' id='word_1_270' title='bbox 2454 1922 2584 1963; x_wconf 90' lang='lat' dir='ltr'><strong>vere</strong></span> <span class='ocrx_word' id='word_1_271' title='bbox 2633 1908 2723 1962; x_wconf 89' lang='lat' dir='ltr'><strong>est</strong></span> <span class='ocrx_word' id='word_1_272' title='bbox 2767 1911 2827 1962; x_wconf 89' lang='lat' dir='ltr'><strong>et</strong></span> <span class='ocrx_word' id='word_1_273' title='bbox 2877 1921 3008 1962; x_wconf 91' lang='lat' dir='ltr'><strong>esse</strong></span> <span class='ocrx_word' id='word_1_274' title='bbox 3053 1907 3284 1975; x_wconf 89' lang='lat' dir='ltr'><strong>dicitur,</strong></span> <span class='ocrx_word' id='word_1_275' title='bbox 3332 1910 3423 1962; x_wconf 88' lang='lat' dir='ltr'><strong>est</strong></span> <span class='ocrx_word' id='word_1_276' title='bbox 3472 1905 3689 1962; x_wconf 84' lang='lat' dir='ltr'><strong>intelli-</strong></span> 
     </span>
    </p>
   </div>
   <div class='ocr_carea' id='block_1_35' title="bbox 272 1996 528 2068">
    <p class='ocr_par' dir='ltr' id='par_1_35' title="bbox 272 1996 528 2068">
     <span class='ocr_line' id='line_1_35' title="bbox 272 1996 528 2068; baseline -0.004 -16"><span class='ocrx_word' id='word_1_277' title='bbox 272 1996 528 2068; x_wconf 83' lang='lat' dir='ltr'><strong>gendus.</strong></span> 
     </span>
    </p>
   </div>
   <div class='ocr_carea' id='block_1_36' title="bbox 343 2079 1917 2161">
    <p class='ocr_par' dir='ltr' id='par_1_36' title="bbox 343 2079 1917 2161">
     <span class='ocr_line' id='line_1_36' title="bbox 343 2079 1917 2161; baseline -0.001 -24"><span class='ocrx_word' id='word_1_278' title='bbox 343 2085 437 2140; x_wconf 81' lang='lat'><strong>79.</strong></span> <span class='ocrx_word' id='word_1_279' title='bbox 579 2079 639 2137; x_wconf 71' lang='grc' dir='ltr'><strong>δὲ</strong></span> <span class='ocrx_word' id='word_1_280' title='bbox 683 2083 775 2137; x_wconf 85' lang='grc' dir='ltr'><strong>καὶ</strong></span> <span class='ocrx_word' id='word_1_281' title='bbox 821 2082 1036 2146; x_wconf 73' lang='grc' dir='ltr'>τούτοις</span> <span class='ocrx_word' id='word_1_282' title='bbox 1087 2085 1393 2155; x_wconf 77' lang='grc' dir='ltr'>ἀπιποῦσι,</span> <span class='ocrx_word' id='word_1_283' title='bbox 1441 2084 1747 2160; x_wconf 81' lang='grc' dir='ltr'>λεγέτωσαν</span> <span class='ocrx_word' id='word_1_284' title='bbox 1796 2086 1917 2156; x_wconf 59' lang='grc' dir='ltr'>ἡμῖι</span> 
     </span>
    </p>
   </div>
   <div class='ocr_carea' id='block_1_37' title="bbox 2036 2079 3686 2161">
    <p class='ocr_par' dir='ltr' id='par_1_37' title="bbox 2108 2082 3686 2152">
     <span class='ocr_line' id='line_1_37' title="bbox 2108 2082 3686 2152; baseline 0.001 -16"><span class='ocrx_word' id='word_1_285' title='bbox 2108 2085 2197 2140; x_wconf 89' lang='lat'><strong>79.</strong></span> <span class='ocrx_word' id='word_1_286' title='bbox 2228 2083 2641 2139; x_wconf 85' lang='lat' dir='ltr'><strong>Verumtamen</strong></span> <span class='ocrx_word' id='word_1_287' title='bbox 2692 2083 2738 2138; x_wconf 90' lang='lat' dir='ltr'><strong>si</strong></span> <span class='ocrx_word' id='word_1_288' title='bbox 2770 2083 2862 2139; x_wconf 91' lang='lat' dir='ltr'><strong>his</strong></span> <span class='ocrx_word' id='word_1_289' title='bbox 2902 2083 3078 2139; x_wconf 83' lang='lat' dir='ltr'><strong>ﬁdem</strong></span> <span class='ocrx_word' id='word_1_290' title='bbox 3127 2083 3340 2139; x_wconf 90' lang='lat' dir='ltr'><strong>habere</strong></span> <span class='ocrx_word' id='word_1_291' title='bbox 3372 2082 3686 2152; x_wconf 80' lang='lat' dir='ltr'><strong>noluerint,</strong></span> 
     </span>
    </p>
   </div>
   <div class='ocr_carea' id='block_1_38' title="bbox 273 2170 1917 2251">
    <p class='ocr_par' dir='ltr' id='par_1_38' title="bbox 273 2170 1917 2251">
     <span class='ocr_line' id='line_1_38' title="bbox 273 2170 1917 2251; baseline 0.001 -25"><span class='ocrx_word' id='word_1_292' title='bbox 273 2170 428 2227; x_wconf 71' lang='grc' dir='ltr'>αὐτοὶ</span> <span class='ocrx_word' id='word_1_293' title='bbox 487 2171 533 2227; x_wconf 81' lang='grc' dir='ltr'><strong>εὶ</strong></span> <span class='ocrx_word' id='word_1_294' title='bbox 591 2170 704 2227; x_wconf 74' lang='grc' dir='ltr'>ἔστι</span> <span class='ocrx_word' id='word_1_295' title='bbox 750 2193 836 2235; x_wconf 89' lang='grc' dir='ltr'><strong>τις</strong></span> <span class='ocrx_word' id='word_1_296' title='bbox 897 2172 1060 2251; x_wconf 82' lang='grc' dir='ltr'>σοφία</span> <span class='ocrx_word' id='word_1_297' title='bbox 1107 2173 1160 2228; x_wconf 83' lang='grc' dir='ltr'><strong>έν</strong></span> <span class='ocrx_word' id='word_1_298' title='bbox 1210 2179 1329 2237; x_wconf 90' lang='grc' dir='ltr'>τοῖς</span> <span class='ocrx_word' id='word_1_299' title='bbox 1384 2174 1678 2247; x_wconf 81' lang='grc' dir='ltr'>κτίσμασι,</span> <span class='ocrx_word' id='word_1_300' title='bbox 1736 2175 1772 2243; x_wconf 74' lang='grc' dir='ltr'><strong>ἢ</strong></span> <span class='ocrx_word' id='word_1_301' title='bbox 1832 2171 1917 2228; x_wconf 69' lang='grc' dir='ltr'>οὖν</span> 
     </span>
    </p>
   </div>
   <div class='ocr_carea' id='block_1_39' title="bbox 2036 2170 3688 2251">
    <p class='ocr_par' dir='ltr' id='par_1_39' title="bbox 2038 2171 3688 2245">
     <span class='ocr_line' id='line_1_39' title="bbox 2038 2171 3688 2245; baseline 0.001 -18"><span class='ocrx_word' id='word_1_302' title='bbox 2038 2172 2151 2245; x_wconf 88' lang='lat' dir='ltr'><strong>ipsi</strong></span> <span class='ocrx_word' id='word_1_303' title='bbox 2202 2173 2373 2228; x_wconf 89' lang='lat' dir='ltr'><strong>nobis</strong></span> <span class='ocrx_word' id='word_1_304' title='bbox 2423 2173 2835 2244; x_wconf 86' lang='lat' dir='ltr'><strong>respondeant,</strong></span> <span class='ocrx_word' id='word_1_305' title='bbox 2899 2177 3096 2228; x_wconf 89' lang='lat' dir='ltr'><strong>utrum</strong></span> <span class='ocrx_word' id='word_1_306' title='bbox 3143 2171 3201 2227; x_wconf 91' lang='lat' dir='ltr'><strong>in</strong></span> <span class='ocrx_word' id='word_1_307' title='bbox 3253 2172 3428 2228; x_wconf 87' lang='lat' dir='ltr'><strong>rebus</strong></span> <span class='ocrx_word' id='word_1_308' title='bbox 3475 2172 3688 2229; x_wconf 75' lang='lat' dir='ltr'><strong>creatis</strong></span> 
     </span>
    </p>
   </div>
   <div class='ocr_carea' id='block_1_40' title="bbox 270 2256 1928 2335">
    <p class='ocr_par' dir='ltr' id='par_1_40' title="bbox 270 2256 1928 2335">
     <span class='ocr_line' id='line_1_40' title="bbox 270 2256 1928 2335; baseline 0.001 -20"><span class='ocrx_word' id='word_1_309' title='bbox 270 2256 413 2315; x_wconf 82' lang='grc' dir='ltr'>ἔστιν</span> <span class='ocrx_word' id='word_1_310' title='bbox 442 2287 455 2329; x_wconf 87' lang='lat'><strong>;</strong></span> <span class='ocrx_word' id='word_1_311' title='bbox 486 2260 550 2315; x_wconf 84' lang='grc' dir='ltr'><strong>Εἰ</strong></span> <span class='ocrx_word' id='word_1_312' title='bbox 583 2262 678 2334; x_wconf 71' lang='grc' dir='ltr'>μὲν</span> <span class='ocrx_word' id='word_1_313' title='bbox 711 2259 804 2316; x_wconf 79' lang='grc' dir='ltr'>οὖν</span> <span class='ocrx_word' id='word_1_314' title='bbox 836 2261 936 2317; x_wconf 82' lang='grc' dir='ltr'>οὐκ</span> <span class='ocrx_word' id='word_1_315' title='bbox 964 2257 1096 2335; x_wconf 78' lang='grc' dir='ltr'>ἔστι,</span> <span class='ocrx_word' id='word_1_316' title='bbox 1126 2267 1244 2325; x_wconf 78' lang='grc' dir='ltr'><strong>πῶς</strong></span> <span class='ocrx_word' id='word_1_317' title='bbox 1279 2264 1307 2317; x_wconf 93' lang='lat'><strong>6</strong></span> <span class='ocrx_word' id='word_1_318' title='bbox 1364 2262 1701 2324; x_wconf 85' lang='grc' dir='ltr'>’Δπόστολος</span> <span class='ocrx_word' id='word_1_319' title='bbox 1750 2263 1928 2317; x_wconf 77' lang='grc' dir='ltr'>αἴτιᾶ-</span> 
     </span>
    </p>
   </div>
   <div class='ocr_carea' id='block_1_41' title="bbox 266 2348 1927 2429">
    <p class='ocr_par' dir='ltr' id='par_1_41' title="bbox 266 2348 1927 2429">
     <span class='ocr_line' id='line_1_41' title="bbox 266 2348 1927 2429; baseline 0.001 -26"><span class='ocrx_word' id='word_1_320' title='bbox 266 2366 374 2403; x_wconf 83' lang='grc' dir='ltr'>ται’</span> <span class='ocrx_word' id='word_1_321' title='bbox 451 2348 644 2425; x_wconf 79' lang='grc' dir='ltr'>λέγων’</span> <span class='ocrx_word' id='word_1_322' title='bbox 716 2348 940 2420; x_wconf 77' lang='grc' dir='ltr'><strong>Ἐπειδὴ</strong></span> <span class='ocrx_word' id='word_1_323' title='bbox 1016 2350 1118 2427; x_wconf 73' lang='grc' dir='ltr'><strong>γὰρ</strong></span> <span class='ocrx_word' id='word_1_324' title='bbox 1194 2354 1307 2425; x_wconf 88' lang='grc'>(12)</span> <span class='ocrx_word' id='word_1_325' title='bbox 1382 2351 1434 2407; x_wconf 80' lang='grc' dir='ltr'><strong>έν</strong></span> <span class='ocrx_word' id='word_1_326' title='bbox 1489 2355 1558 2426; x_wconf 80' lang='grc' dir='ltr'><strong>τῇ</strong></span> <span class='ocrx_word' id='word_1_327' title='bbox 1618 2351 1781 2429; x_wconf 81' lang='grc' dir='ltr'>σοφίᾳ</span> <span class='ocrx_word' id='word_1_328' title='bbox 1831 2356 1927 2406; x_wconf 89' lang='grc' dir='ltr'><strong>τοῦ</strong></span> 
     </span>
    </p>
   </div>
   <div class='ocr_carea' id='block_1_42' title="bbox 268 2434 1922 2519">
    <p class='ocr_par' dir='ltr' id='par_1_42' title="bbox 268 2434 1922 2519">
     <span class='ocr_line' id='line_1_42' title="bbox 268 2434 1922 2519; baseline 0.001 -26"><span class='ocrx_word' id='word_1_329' title='bbox 268 2443 406 2494; x_wconf 80' lang='grc' dir='ltr'>Θεοῦ</span> <span class='ocrx_word' id='word_1_330' title='bbox 476 2438 581 2493; x_wconf 79' lang='grc' dir='ltr'>οὐκ</span> <span class='ocrx_word' id='word_1_331' title='bbox 663 2434 805 2515; x_wconf 81' lang='grc' dir='ltr'>ἔγνω</span> <span class='ocrx_word' id='word_1_332' title='bbox 879 2441 907 2494; x_wconf 89' lang='lat'><strong>6</strong></span> <span class='ocrx_word' id='word_1_333' title='bbox 979 2440 1186 2514; x_wconf 84' lang='grc' dir='ltr'>κόσμος</span> <span class='ocrx_word' id='word_1_334' title='bbox 1258 2437 1347 2495; x_wconf 81' lang='grc' dir='ltr'><strong>διὰ</strong></span> <span class='ocrx_word' id='word_1_335' title='bbox 1419 2447 1519 2510; x_wconf 80' lang='grc' dir='ltr'><strong>τῆς</strong></span> <span class='ocrx_word' id='word_1_336' title='bbox 1591 2441 1779 2519; x_wconf 79' lang='grc' dir='ltr'>σοφίας</span> <span class='ocrx_word' id='word_1_337' title='bbox 1832 2442 1922 2495; x_wconf 87' lang='grc' dir='ltr'>τὸν</span> 
     </span>
    </p>
   </div>
   <div class='ocr_carea' id='block_1_43' title="bbox 265 2528 1923 2608">
    <p class='ocr_par' dir='ltr' id='par_1_43' title="bbox 265 2528 1923 2608">
     <span class='ocr_line' id='line_1_43' title="bbox 265 2528 1923 2608; baseline 0.001 -24"><span class='ocrx_word' id='word_1_338' title='bbox 265 2529 395 2584; x_wconf 88' lang='grc' dir='ltr'>Θεὸν</span> <span class='ocrx_word' id='word_1_339' title='bbox 423 2547 438 2596; x_wconf 89' lang='lat'><strong>;</strong></span> <span class='ocrx_word' id='word_1_340' title='bbox 471 2529 541 2584; x_wconf 86' lang='grc' dir='ltr'><strong><em>Ἥ</em></strong></span> <span class='ocrx_word' id='word_1_341' title='bbox 570 2532 709 2597; x_wconf 83' lang='grc' dir='ltr'>πῶς,</span> <span class='ocrx_word' id='word_1_342' title='bbox 743 2529 788 2584; x_wconf 84' lang='grc' dir='ltr'><strong>εί</strong></span> <span class='ocrx_word' id='word_1_343' title='bbox 823 2531 899 2601; x_wconf 79' lang='grc' dir='ltr'><strong>μή</strong></span> <span class='ocrx_word' id='word_1_344' title='bbox 953 2528 1062 2584; x_wconf 79' lang='grc' dir='ltr'>ἐστι</span> <span class='ocrx_word' id='word_1_345' title='bbox 1096 2529 1278 2606; x_wconf 80' lang='grc' dir='ltr'>σοφία,</span> <span class='ocrx_word' id='word_1_346' title='bbox 1310 2529 1526 2599; x_wconf 78' lang='grc' dir='ltr'>πλῆθος</span> <span class='ocrx_word' id='word_1_347' title='bbox 1558 2534 1738 2608; x_wconf 80' lang='grc' dir='ltr'>σοφῶν</span> <span class='ocrx_word' id='word_1_348' title='bbox 1771 2529 1824 2586; x_wconf 78' lang='grc' dir='ltr'>ἐν</span> <span class='ocrx_word' id='word_1_349' title='bbox 1852 2533 1923 2603; x_wconf 76' lang='grc' dir='ltr'><strong>τῇ</strong></span> 
     </span>
    </p>
   </div>
   <div class='ocr_carea' id='block_1_44' title="bbox 266 2613 1922 2697">
    <p class='ocr_par' dir='ltr' id='par_1_44' title="bbox 266 2613 1922 2697">
     <span class='ocr_line' id='line_1_44' title="bbox 266 2613 1922 2697; baseline 0 -25"><span class='ocrx_word' id='word_1_350' title='bbox 266 2620 457 2694; x_wconf 79' lang='grc' dir='ltr'>Γραφῇ</span> <span class='ocrx_word' id='word_1_351' title='bbox 509 2616 852 2691; x_wconf 73' lang='grc' dir='ltr'>εὑρίσκεταις</span> <span class='ocrx_word' id='word_1_352' title='bbox 920 2618 1043 2689; x_wconf 78' lang='grc' dir='ltr'>Καὶ,</span> <span class='ocrx_word' id='word_1_353' title='bbox 1101 2619 1281 2697; x_wconf 82' lang='grc' dir='ltr'>Σοφὸς</span> <span class='ocrx_word' id='word_1_354' title='bbox 1325 2620 1430 2695; x_wconf 75' lang='grc' dir='ltr'><strong>γὰρ</strong></span> <span class='ocrx_word' id='word_1_355' title='bbox 1496 2621 1609 2692; x_wconf 88' lang='grc'>(13)</span> <span class='ocrx_word' id='word_1_356' title='bbox 1660 2613 1922 2697; x_wconf 74' lang='grc' dir='ltr'>φοϐηθεὶς</span> 
     </span>
    </p>
   </div>
   <div class='ocr_carea' id='block_1_45' title="bbox 268 2704 1922 2787">
    <p class='ocr_par' dir='ltr' id='par_1_45' title="bbox 268 2704 1922 2787">
     <span class='ocr_line' id='line_1_45' title="bbox 268 2704 1922 2787; baseline 0.001 -26"><span class='ocrx_word' id='word_1_357' title='bbox 268 2706 537 2778; x_wconf 79' lang='grc' dir='ltr'>ἐξέκλινεν</span> <span class='ocrx_word' id='word_1_358' title='bbox 608 2707 713 2763; x_wconf 84' lang='grc' dir='ltr'>ἀπὸ</span> <span class='ocrx_word' id='word_1_359' title='bbox 787 2711 979 2763; x_wconf 84' lang='grc' dir='ltr'>κακοῦ⁶</span> <span class='ocrx_word' id='word_1_360' title='bbox 1055 2709 1167 2776; x_wconf 84' lang='grc' dir='ltr'>καὶ,</span> <span class='ocrx_word' id='word_1_361' title='bbox 1244 2710 1393 2764; x_wconf 82' lang='grc' dir='ltr'><strong>Μετά</strong></span> <span class='ocrx_word' id='word_1_362' title='bbox 1461 2710 1648 2787; x_wconf 85' lang='grc' dir='ltr'>σοφίας</span> <span class='ocrx_word' id='word_1_363' title='bbox 1705 2704 1922 2763; x_wconf 76' lang='grc' dir='ltr'>οἷ’κοδο-</span> 
     </span>
    </p>
   </div>
   <div class='ocr_carea' id='block_1_46' title="bbox 272 2794 1925 2874">
    <p class='ocr_par' dir='ltr' id='par_1_46' title="bbox 272 2794 1925 2874">
     <span class='ocr_line' id='line_1_46' title="bbox 272 2794 1925 2874; baseline 0.001 -25"><span class='ocrx_word' id='word_1_364' title='bbox 272 2801 453 2868; x_wconf 77' lang='grc' dir='ltr'>μιῖται</span> <span class='ocrx_word' id='word_1_365' title='bbox 516 2798 687 2858; x_wconf 80' lang='grc' dir='ltr'>οἶκος.</span> <span class='ocrx_word' id='word_1_366' title='bbox 719 2798 781 2853; x_wconf 91' lang='grc' dir='ltr'>Ὁ</span> <span class='ocrx_word' id='word_1_367' title='bbox 811 2794 868 2852; x_wconf 72' lang='grc' dir='ltr'><strong>δὶ</strong></span> <span class='ocrx_word' id='word_1_368' title='bbox 899 2796 1333 2867; x_wconf 75' lang='grc' dir='ltr'>Ἑκκλησιαπής</span> <span class='ocrx_word' id='word_1_369' title='bbox 1367 2798 1516 2873; x_wconf 82' lang='grc' dir='ltr'>λέγει</span> <span class='ocrx_word' id='word_1_370' title='bbox 1568 2800 1698 2868; x_wconf 79' lang='grc'>(14)”</span> <span class='ocrx_word' id='word_1_371' title='bbox 1756 2796 1925 2874; x_wconf 86' lang='grc' dir='ltr'>Σοφία</span> 
     </span>
    </p>
   </div>
   <div class='ocr_carea' id='block_1_47' title="bbox 268 2884 1921 2964">
    <p class='ocr_par' dir='ltr' id='par_1_47' title="bbox 268 2884 1921 2964">
     <span class='ocr_line' id='line_1_47' title="bbox 268 2884 1921 2964; baseline 0 -25"><span class='ocrx_word' id='word_1_372' title='bbox 268 2884 565 2960; x_wconf 79' lang='grc' dir='ltr'>ἀνθρώπου</span> <span class='ocrx_word' id='word_1_373' title='bbox 633 2890 825 2956; x_wconf 85' lang='grc' dir='ltr'>φωτιεῖ</span> <span class='ocrx_word' id='word_1_374' title='bbox 889 2885 1183 2959; x_wconf 87' lang='grc' dir='ltr'>πρόσωπον</span> <span class='ocrx_word' id='word_1_375' title='bbox 1259 2886 1443 2941; x_wconf 82' lang='grc' dir='ltr'>αὐτοῦ·</span> <span class='ocrx_word' id='word_1_376' title='bbox 1503 2887 1592 2941; x_wconf 82' lang='grc' dir='ltr'><strong>καὶ</strong></span> <span class='ocrx_word' id='word_1_377' title='bbox 1654 2888 1921 2964; x_wconf 80' lang='grc' dir='ltr'>μέμφεται</span> 
     </span>
    </p>
   </div>
   <div class='ocr_carea' id='block_1_48' title="bbox 264 2973 1921 3049">
    <p class='ocr_par' dir='ltr' id='par_1_48' title="bbox 264 2973 1921 3049">
     <span class='ocr_line' id='line_1_48' title="bbox 264 2973 1921 3049; baseline 0.002 -22"><span class='ocrx_word' id='word_1_378' title='bbox 264 2979 382 3035; x_wconf 85' lang='grc' dir='ltr'>τοῖς</span> <span class='ocrx_word' id='word_1_379' title='bbox 411 2974 927 3048; x_wconf 79' lang='grc' dir='ltr'>προπιτευομένοις,</span> <span class='ocrx_word' id='word_1_380' title='bbox 961 2973 1159 3049; x_wconf 82' lang='grc' dir='ltr'>λέγων’</span> <span class='ocrx_word' id='word_1_381' title='bbox 1212 2975 1299 3044; x_wconf 83' lang='grc' dir='ltr'>Μή</span> <span class='ocrx_word' id='word_1_382' title='bbox 1352 2974 1528 3049; x_wconf 54' lang='grc' dir='ltr'>εἴπῃς·</span> <span class='ocrx_word' id='word_1_383' title='bbox 1581 2975 1646 3030; x_wconf 90' lang='grc' dir='ltr'>Τί</span> <span class='ocrx_word' id='word_1_384' title='bbox 1691 2974 1921 3049; x_wconf 71' lang='grc' dir='ltr'>ἐγένετο,</span> 
     </span>
    </p>
   </div>
   <div class='ocr_carea' id='block_1_49' title="bbox 266 3061 1919 3139">
    <p class='ocr_par' dir='ltr' id='par_1_49' title="bbox 266 3061 1919 3139">
     <span class='ocr_line' id='line_1_49' title="bbox 266 3061 1919 3139; baseline 0.002 -24"><span class='ocrx_word' id='word_1_385' title='bbox 266 3061 351 3116; x_wconf 76' lang='grc' dir='ltr'>ὅτι</span> <span class='ocrx_word' id='word_1_386' title='bbox 395 3063 453 3116; x_wconf 80' lang='grc' dir='ltr'>αἱ</span> <span class='ocrx_word' id='word_1_387' title='bbox 515 3063 719 3137; x_wconf 66' lang='grc' dir='ltr'>ἡμέραι</span> <span class='ocrx_word' id='word_1_388' title='bbox 778 3064 834 3116; x_wconf 74' lang='grc' dir='ltr'>αἱ</span> <span class='ocrx_word' id='word_1_389' title='bbox 884 3062 1146 3138; x_wconf 83' lang='grc' dir='ltr'>πρότερον</span> <span class='ocrx_word' id='word_1_390' title='bbox 1196 3064 1330 3133; x_wconf 79' lang='grc' dir='ltr'>ἦσαν</span> <span class='ocrx_word' id='word_1_391' title='bbox 1372 3066 1484 3137; x_wconf 86' lang='grc'>(15)</span> <span class='ocrx_word' id='word_1_392' title='bbox 1535 3063 1729 3138; x_wconf 84' lang='grc' dir='ltr'>ἀγαθαὶ</span> <span class='ocrx_word' id='word_1_393' title='bbox 1788 3063 1919 3139; x_wconf 77' lang='grc' dir='ltr'>ὑπὶρ</span> 
     </span>
    </p>
   </div>
   <div class='ocr_carea' id='block_1_50' title="bbox 265 3149 1916 3228">
    <p class='ocr_par' dir='ltr' id='par_1_50' title="bbox 265 3149 1916 3228">
     <span class='ocr_line' id='line_1_50' title="bbox 265 3149 1916 3228; baseline 0.002 -22"><span class='ocrx_word' id='word_1_394' title='bbox 265 3150 504 3219; x_wconf 71' lang='grc' dir='ltr'>ταύταςς</span> <span class='ocrx_word' id='word_1_395' title='bbox 538 3151 659 3208; x_wconf 85' lang='grc' dir='ltr'>Ὅτι</span> <span class='ocrx_word' id='word_1_396' title='bbox 711 3149 809 3205; x_wconf 78' lang='grc' dir='ltr'>οὐκ</span> <span class='ocrx_word' id='word_1_397' title='bbox 856 3150 908 3205; x_wconf 86' lang='grc' dir='ltr'><strong>έν</strong></span> <span class='ocrx_word' id='word_1_398' title='bbox 961 3151 1123 3227; x_wconf 81' lang='grc' dir='ltr'>σοφίᾳ</span> <span class='ocrx_word' id='word_1_399' title='bbox 1169 3153 1462 3228; x_wconf 81' lang='grc' dir='ltr'>ἠρώτησας</span> <span class='ocrx_word' id='word_1_400' title='bbox 1519 3153 1642 3224; x_wconf 79' lang='grc' dir='ltr'><strong>περί</strong></span> <span class='ocrx_word' id='word_1_401' title='bbox 1698 3153 1916 3210; x_wconf 81' lang='grc' dir='ltr'>τούτου.</span> 
     </span>
    </p>
   </div>
   <div class='ocr_carea' id='block_1_51' title="bbox 270 3237 1921 3319">
    <p class='ocr_par' dir='ltr' id='par_1_51' title="bbox 270 3237 1921 3319">
     <span class='ocr_line' id='line_1_51' title="bbox 270 3237 1921 3319; baseline 0 -23"><span class='ocrx_word' id='word_1_402' title='bbox 270 3240 333 3297; x_wconf 81' lang='lat' dir='ltr'><strong>Ei</strong></span> <span class='ocrx_word' id='word_1_403' title='bbox 366 3237 425 3295; x_wconf 82' lang='grc' dir='ltr'><strong>δέ</strong></span> <span class='ocrx_word' id='word_1_404' title='bbox 449 3240 614 3307; x_wconf 75' lang='grc' dir='ltr'>ἐστιν,</span> <span class='ocrx_word' id='word_1_405' title='bbox 663 3238 847 3315; x_wconf 85' lang='grc' dir='ltr'>ὥσπερ</span> <span class='ocrx_word' id='word_1_406' title='bbox 895 3240 985 3295; x_wconf 84' lang='grc' dir='ltr'><strong>οὗν</strong></span> <span class='ocrx_word' id='word_1_407' title='bbox 1035 3241 1124 3295; x_wconf 83' lang='grc' dir='ltr'><strong>καὶ</strong></span> <span class='ocrx_word' id='word_1_408' title='bbox 1175 3244 1203 3295; x_wconf 90' lang='lat'><strong>6</strong></span> <span class='ocrx_word' id='word_1_409' title='bbox 1253 3246 1349 3296; x_wconf 91' lang='grc' dir='ltr'><strong>τοῦ</strong></span> <span class='ocrx_word' id='word_1_410' title='bbox 1377 3241 1556 3317; x_wconf 84' lang='grc' dir='ltr'>Σιράχ</span> <span class='ocrx_word' id='word_1_411' title='bbox 1587 3261 1768 3319; x_wconf 86' lang='grc' dir='ltr'>φησιν·</span> <span class='ocrx_word' id='word_1_412' title='bbox 1804 3242 1921 3312; x_wconf 79' lang='grc' dir='ltr'><strong>Ἐξ-</strong></span> 
     </span>
    </p>
   </div>
   <div class='ocr_carea' id='block_1_52' title="bbox 273 3328 1916 3407">
    <p class='ocr_par' dir='ltr' id='par_1_52' title="bbox 273 3328 1916 3407">
     <span class='ocr_line' id='line_1_52' title="bbox 273 3328 1916 3407; baseline 0.001 -23"><span class='ocrx_word' id='word_1_413' title='bbox 273 3328 428 3404; x_wconf 81' lang='grc' dir='ltr'>έχεεν</span> <span class='ocrx_word' id='word_1_414' title='bbox 478 3328 646 3397; x_wconf 78' lang='grc' dir='ltr'>αὐτὴν</span> <span class='ocrx_word' id='word_1_415' title='bbox 689 3328 778 3383; x_wconf 81' lang='grc' dir='ltr'>ἐπὶ</span> <span class='ocrx_word' id='word_1_416' title='bbox 824 3340 999 3384; x_wconf 81' lang='grc' dir='ltr'>πάντα</span> <span class='ocrx_word' id='word_1_417' title='bbox 1044 3330 1111 3385; x_wconf 79' lang='grc' dir='ltr'><strong>τὰ</strong></span> <span class='ocrx_word' id='word_1_418' title='bbox 1156 3328 1284 3407; x_wconf 80' lang='grc' dir='ltr'>ἔργα</span> <span class='ocrx_word' id='word_1_419' title='bbox 1331 3330 1494 3385; x_wconf 81' lang='grc' dir='ltr'>αὐτοῦ</span> <span class='ocrx_word' id='word_1_420' title='bbox 1556 3330 1689 3402; x_wconf 80' lang='grc' dir='ltr'>μετὰ</span> <span class='ocrx_word' id='word_1_421' title='bbox 1739 3331 1916 3401; x_wconf 82' lang='grc' dir='ltr'>πάσης</span> 
     </span>
    </p>
   </div>
   <div class='ocr_carea' id='block_1_53' title="bbox 268 3415 1914 3495">
    <p class='ocr_par' dir='ltr' id='par_1_53' title="bbox 268 3415 1914 3495">
     <span class='ocr_line' id='line_1_53' title="bbox 268 3415 1914 3495; baseline 0.001 -23"><span class='ocrx_word' id='word_1_422' title='bbox 268 3418 470 3493; x_wconf 80' lang='grc' dir='ltr'>σαρκὸς</span> <span class='ocrx_word' id='word_1_423' title='bbox 506 3418 641 3473; x_wconf 87' lang='grc' dir='ltr'><strong>κατά</strong></span> <span class='ocrx_word' id='word_1_424' title='bbox 693 3419 793 3487; x_wconf 72' lang='grc' dir='ltr'>τὴν</span> <span class='ocrx_word' id='word_1_425' title='bbox 847 3415 995 3472; x_wconf 84' lang='grc' dir='ltr'>δόσιν</span> <span class='ocrx_word' id='word_1_426' title='bbox 1050 3418 1234 3487; x_wconf 78' lang='grc' dir='ltr'>αὐτοῦ,</span> <span class='ocrx_word' id='word_1_427' title='bbox 1279 3420 1368 3473; x_wconf 75' lang='grc' dir='ltr'><strong>καὶ</strong></span> <span class='ocrx_word' id='word_1_428' title='bbox 1428 3418 1769 3495; x_wconf 76' lang='grc' dir='ltr'>ἐχορήγησεν</span> <span class='ocrx_word' id='word_1_429' title='bbox 1819 3419 1914 3474; x_wconf 79' lang='grc' dir='ltr'><strong>αό-</strong></span> 
     </span>
    </p>
   </div>
   <div class='ocr_carea' id='block_1_54' title="bbox 273 3504 1914 3583">
    <p class='ocr_par' dir='ltr' id='par_1_54' title="bbox 273 3504 1914 3583">
     <span class='ocr_line' id='line_1_54' title="bbox 273 3504 1914 3583; baseline 0.001 -23"><span class='ocrx_word' id='word_1_430' title='bbox 273 3508 377 3576; x_wconf 76' lang='grc' dir='ltr'><strong>τὴν</strong></span> <span class='ocrx_word' id='word_1_431' title='bbox 414 3512 530 3568; x_wconf 89' lang='grc' dir='ltr'>τοῖς</span> <span class='ocrx_word' id='word_1_432' title='bbox 557 3506 836 3582; x_wconf 79' lang='grc' dir='ltr'>ἀγαπῶσιν</span> <span class='ocrx_word' id='word_1_433' title='bbox 873 3506 1056 3563; x_wconf 78' lang='grc' dir='ltr'>αὐτόν.</span> <span class='ocrx_word' id='word_1_434' title='bbox 1088 3508 1151 3564; x_wconf 90' lang='grc' dir='ltr'>Ἡ</span> <span class='ocrx_word' id='word_1_435' title='bbox 1175 3504 1232 3563; x_wconf 71' lang='grc' dir='ltr'><strong>δὲ</strong></span> <span class='ocrx_word' id='word_1_436' title='bbox 1270 3507 1494 3578; x_wconf 82' lang='grc' dir='ltr'>τοιαύτη</span> <span class='ocrx_word' id='word_1_437' title='bbox 1526 3511 1643 3578; x_wconf 86' lang='grc'>(16)</span> <span class='ocrx_word' id='word_1_438' title='bbox 1690 3504 1914 3583; x_wconf 82' lang='grc' dir='ltr'>ἔκχυοις</span> 
     </span>
    </p>
   </div>
   <div class='ocr_carea' id='block_1_55' title="bbox 268 3595 1913 3674">
    <p class='ocr_par' dir='ltr' id='par_1_55' title="bbox 268 3595 1913 3674">
     <span class='ocr_line' id='line_1_55' title="bbox 268 3595 1913 3674; baseline 0.001 -24"><span class='ocrx_word' id='word_1_439' title='bbox 268 3596 331 3650; x_wconf 79' lang='grc' dir='ltr'>οὗ</span> <span class='ocrx_word' id='word_1_440' title='bbox 361 3602 461 3662; x_wconf 72' lang='grc' dir='ltr'><strong>τῆς</strong></span> <span class='ocrx_word' id='word_1_441' title='bbox 511 3595 692 3657; x_wconf 79' lang='grc' dir='ltr'>οὐσίας</span> <span class='ocrx_word' id='word_1_442' title='bbox 740 3602 838 3663; x_wconf 82' lang='grc' dir='ltr'><strong>τῆς</strong></span> <span class='ocrx_word' id='word_1_443' title='bbox 894 3596 1235 3674; x_wconf 78' lang='grc' dir='ltr'>Αὐτοσοφίας</span> <span class='ocrx_word' id='word_1_444' title='bbox 1295 3598 1385 3651; x_wconf 84' lang='grc' dir='ltr'><strong>καὶ</strong></span> <span class='ocrx_word' id='word_1_445' title='bbox 1422 3601 1745 3672; x_wconf 79' lang='grc' dir='ltr'>μονογενοῦς</span> <span class='ocrx_word' id='word_1_446' title='bbox 1803 3596 1913 3651; x_wconf 84' lang='grc' dir='ltr'>ἐστι</span> 
     </span>
    </p>
   </div>
   <div class='ocr_carea' id='block_1_56' title="bbox 263 3682 1914 3761">
    <p class='ocr_par' dir='ltr' id='par_1_56' title="bbox 263 3682 1914 3761">
     <span class='ocr_line' id='line_1_56' title="bbox 263 3682 1914 3761; baseline 0.001 -23"><span class='ocrx_word' id='word_1_447' title='bbox 263 3688 573 3761; x_wconf 86' lang='grc' dir='ltr'>γνώρισμα,</span> <span class='ocrx_word' id='word_1_448' title='bbox 615 3682 763 3740; x_wconf 79' lang='grc' dir='ltr'>ἀλλὰ</span> <span class='ocrx_word' id='word_1_449' title='bbox 787 3691 886 3754; x_wconf 83' lang='grc' dir='ltr'><strong>τῆς</strong></span> <span class='ocrx_word' id='word_1_450' title='bbox 918 3684 970 3739; x_wconf 86' lang='grc' dir='ltr'><strong>έν</strong></span> <span class='ocrx_word' id='word_1_451' title='bbox 998 3684 1080 3757; x_wconf 78' lang='grc' dir='ltr'>τῷ</span> <span class='ocrx_word' id='word_1_452' title='bbox 1124 3686 1317 3759; x_wconf 84' lang='grc' dir='ltr'>κόσμῳ</span> <span class='ocrx_word' id='word_1_453' title='bbox 1364 3685 1828 3756; x_wconf 72' lang='grc' dir='ltr'>έξεικονισθιίσηςο</span> <span class='ocrx_word' id='word_1_454' title='bbox 1859 3685 1914 3741; x_wconf 89' lang='grc' dir='ltr'><strong>τί</strong></span> 
     </span>
    </p>
   </div>
   <div class='ocr_carea' id='block_1_57' title="bbox 265 3770 1917 3854">
    <p class='ocr_par' dir='ltr' id='par_1_57' title="bbox 265 3770 1917 3854">
     <span class='ocr_line' id='line_1_57' title="bbox 265 3770 1917 3854; baseline 0 -26"><span class='ocrx_word' id='word_1_455' title='bbox 265 3770 491 3829; x_wconf 77' lang='grc' dir='ltr'>ἄπιστον</span> <span class='ocrx_word' id='word_1_456' title='bbox 522 3774 566 3828; x_wconf 81' lang='grc' dir='ltr'><strong>εί</strong></span> <span class='ocrx_word' id='word_1_457' title='bbox 598 3774 733 3842; x_wconf 84' lang='grc' dir='ltr'>αὐτή</span> <span class='ocrx_word' id='word_1_458' title='bbox 765 3775 799 3843; x_wconf 77' lang='grc' dir='ltr'><strong>ἡ</strong></span> <span class='ocrx_word' id='word_1_459' title='bbox 851 3771 1194 3849; x_wconf 84' lang='grc' dir='ltr'>δημιουργὸς</span> <span class='ocrx_word' id='word_1_460' title='bbox 1223 3775 1314 3829; x_wconf 86' lang='grc' dir='ltr'><strong>καὶ</strong></span> <span class='ocrx_word' id='word_1_461' title='bbox 1356 3776 1590 3845; x_wconf 54' lang='lat' dir='ltr'><strong>ulnam,</strong></span> <span class='ocrx_word' id='word_1_462' title='bbox 1627 3775 1819 3854; x_wconf 83' lang='grc' dir='ltr'>Σοφία,</span> <span class='ocrx_word' id='word_1_463' title='bbox 1850 3778 1917 3843; x_wconf 76' lang='grc' dir='ltr'>ἧς</span> 
     </span>
    </p>
   </div>
   <div class='ocr_carea' id='block_1_58' title="bbox 262 3861 1916 3944">
    <p class='ocr_par' dir='ltr' id='par_1_58' title="bbox 262 3861 1916 3944">
     <span class='ocr_line' id='line_1_58' title="bbox 262 3861 1916 3944; baseline 0.002 -28"><span class='ocrx_word' id='word_1_464' title='bbox 262 3863 437 3924; x_wconf 71' lang='grc' dir='ltr'>τόπος</span> <span class='ocrx_word' id='word_1_465' title='bbox 468 3863 606 3917; x_wconf 82' lang='grc' dir='ltr'>ἐστὶν</span> <span class='ocrx_word' id='word_1_466' title='bbox 638 3865 674 3931; x_wconf 72' lang='grc' dir='ltr'>ἡ</span> <span class='ocrx_word' id='word_1_467' title='bbox 707 3861 758 3917; x_wconf 81' lang='grc' dir='ltr'>ἐν</span> <span class='ocrx_word' id='word_1_468' title='bbox 790 3863 983 3937; x_wconf 87' lang='grc' dir='ltr'>κόσμῳ</span> <span class='ocrx_word' id='word_1_469' title='bbox 1030 3862 1317 3939; x_wconf 75' lang='grc' dir='ltr'>ἐκχυθεῖσα</span> <span class='ocrx_word' id='word_1_470' title='bbox 1348 3864 1511 3944; x_wconf 89' lang='grc' dir='ltr'>σοφία</span> <span class='ocrx_word' id='word_1_471' title='bbox 1557 3865 1644 3919; x_wconf 74' lang='grc' dir='ltr'><strong>καὶ</strong></span> <span class='ocrx_word' id='word_1_472' title='bbox 1698 3864 1916 3937; x_wconf 69' lang='grc' dir='ltr'>ἐπιστή-</span> 
     </span>
    </p>
   </div>
   <div class='ocr_carea' id='block_1_59' title="bbox 267 3949 1912 4028">
    <p class='ocr_par' dir='ltr' id='par_1_59' title="bbox 267 3949 1912 4028">
     <span class='ocr_line' id='line_1_59' title="bbox 267 3949 1912 4028; baseline 0.003 -25"><span class='ocrx_word' id='word_1_473' title='bbox 267 3971 369 4021; x_wconf 79' lang='grc' dir='ltr'><strong>μη,</strong></span> <span class='ocrx_word' id='word_1_474' title='bbox 405 3949 478 4011; x_wconf 84' lang='grc' dir='ltr'><strong>ὡς</strong></span> <span class='ocrx_word' id='word_1_475' title='bbox 510 3950 634 4024; x_wconf 82' lang='grc' dir='ltr'>περὶ</span> <span class='ocrx_word' id='word_1_476' title='bbox 666 3950 860 4019; x_wconf 72' lang='grc' dir='ltr'>ἑαυτῆς</span> <span class='ocrx_word' id='word_1_477' title='bbox 891 3952 1004 4024; x_wconf 88' lang='grc'>(17)</span> <span class='ocrx_word' id='word_1_478' title='bbox 1031 3952 1163 4020; x_wconf 70' lang='grc' dir='ltr'>ἔστι,</span> <span class='ocrx_word' id='word_1_479' title='bbox 1193 3952 1329 4006; x_wconf 80' lang='grc' dir='ltr'>καθὰ</span> <span class='ocrx_word' id='word_1_480' title='bbox 1354 3958 1640 4027; x_wconf 85' lang='grc' dir='ltr'>προεῖπον,</span> <span class='ocrx_word' id='word_1_481' title='bbox 1663 3952 1912 4028; x_wconf 86' lang='grc' dir='ltr'>λέγουσα·</span> 
     </span>
    </p>
   </div>
   <div class='ocr_carea' id='block_1_60' title="bbox 264 4035 1914 4116">
    <p class='ocr_par' dir='ltr' id='par_1_60' title="bbox 264 4035 1914 4116">
     <span class='ocr_line' id='line_1_60' title="bbox 264 4035 1914 4116; baseline 0.002 -24"><span class='ocrx_word' id='word_1_482' title='bbox 264 4038 465 4114; x_wconf 72' lang='grc' dir='ltr'>Κύριος</span> <span class='ocrx_word' id='word_1_483' title='bbox 497 4035 671 4093; x_wconf 78' lang='grc' dir='ltr'>ἔκτισέ</span> <span class='ocrx_word' id='word_1_484' title='bbox 704 4059 772 4110; x_wconf 87' lang='grc' dir='ltr'><strong>με</strong></span> <span class='ocrx_word' id='word_1_485' title='bbox 802 4038 878 4101; x_wconf 72' lang='grc' dir='ltr'><strong>εἰς</strong></span> <span class='ocrx_word' id='word_1_486' title='bbox 909 4036 1039 4114; x_wconf 66' lang='grc' dir='ltr'>ἔργα</span> <span class='ocrx_word' id='word_1_487' title='bbox 1068 4039 1250 4096; x_wconf 82' lang='grc' dir='ltr'>αὐτοῦ.</span> <span class='ocrx_word' id='word_1_488' title='bbox 1286 4041 1365 4097; x_wconf 76' lang='lat' dir='ltr'>O6</span> <span class='ocrx_word' id='word_1_489' title='bbox 1393 4042 1494 4116; x_wconf 78' lang='grc' dir='ltr'><strong>γὰρ</strong></span> <span class='ocrx_word' id='word_1_490' title='bbox 1525 4044 1559 4110; x_wconf 76' lang='grc' dir='ltr'>ἡ</span> <span class='ocrx_word' id='word_1_491' title='bbox 1611 4041 1661 4095; x_wconf 89' lang='grc' dir='ltr'><strong>έν</strong></span> <span class='ocrx_word' id='word_1_492' title='bbox 1718 4041 1914 4115; x_wconf 83' lang='grc' dir='ltr'>κόσμῳ</span> 
     </span>
    </p>
   </div>
   <div class='ocr_carea' id='block_1_61' title="bbox 259 4127 1914 4206">
    <p class='ocr_par' dir='ltr' id='par_1_61' title="bbox 259 4127 1914 4206">
     <span class='ocr_line' id='line_1_61' title="bbox 259 4127 1914 4206; baseline 0.001 -23"><span class='ocrx_word' id='word_1_493' title='bbox 259 4127 426 4205; x_wconf 84' lang='grc' dir='ltr'>σοφία</span> <span class='ocrx_word' id='word_1_494' title='bbox 454 4127 712 4197; x_wconf 84' lang='grc' dir='ltr'>κτίζουσά</span> <span class='ocrx_word' id='word_1_495' title='bbox 745 4127 904 4197; x_wconf 81' lang='grc' dir='ltr'>ἐστιν,</span> <span class='ocrx_word' id='word_1_496' title='bbox 939 4128 1063 4183; x_wconf 87' lang='grc' dir='ltr'>ἀλλ’</span> <span class='ocrx_word' id='word_1_497' title='bbox 1092 4132 1127 4197; x_wconf 80' lang='grc' dir='ltr'>ἡ</span> <span class='ocrx_word' id='word_1_498' title='bbox 1162 4133 1274 4202; x_wconf 89' lang='grc'>(18)</span> <span class='ocrx_word' id='word_1_499' title='bbox 1306 4129 1658 4205; x_wconf 82' lang='grc' dir='ltr'>έγκτιζομένη</span> <span class='ocrx_word' id='word_1_500' title='bbox 1690 4137 1804 4193; x_wconf 89' lang='grc' dir='ltr'>τοῖς</span> <span class='ocrx_word' id='word_1_501' title='bbox 1826 4130 1914 4206; x_wconf 80' lang='grc' dir='ltr'><strong>ἔρ-</strong></span> 
     </span>
    </p>
   </div>
   <div class='ocr_carea' id='block_1_62' title="bbox 256 4216 1911 4294">
    <p class='ocr_par' dir='ltr' id='par_1_62' title="bbox 256 4216 1911 4294">
     <span class='ocr_line' id='line_1_62' title="bbox 256 4216 1911 4294; baseline 0.002 -24"><span class='ocrx_word' id='word_1_502' title='bbox 256 4237 406 4291; x_wconf 88' lang='grc' dir='ltr'>γοις,</span> <span class='ocrx_word' id='word_1_503' title='bbox 476 4218 593 4281; x_wconf 83' lang='grc' dir='ltr'>καθ’</span> <span class='ocrx_word' id='word_1_504' title='bbox 669 4218 736 4287; x_wconf 79' lang='grc' dir='ltr'><strong>ἣν</strong></span> <span class='ocrx_word' id='word_1_505' title='bbox 815 4217 867 4271; x_wconf 73' lang='grc' dir='ltr'>οἱ</span> <span class='ocrx_word' id='word_1_506' title='bbox 945 4218 1041 4289; x_wconf 75' lang='grc' dir='ltr'>μὲν</span> <span class='ocrx_word' id='word_1_507' title='bbox 1102 4218 1321 4294; x_wconf 74' lang='grc' dir='ltr'>οὐρανοὶ</span> <span class='ocrx_word' id='word_1_508' title='bbox 1381 4216 1698 4293; x_wconf 83' lang='grc' dir='ltr'>διηγοῦνται</span> <span class='ocrx_word' id='word_1_509' title='bbox 1759 4216 1911 4290; x_wconf 80' lang='grc' dir='ltr'>δόξαν</span> 
     </span>
    </p>
   </div>
   <div class='ocr_carea' id='block_1_63' title="bbox 255 4303 1914 4383">
    <p class='ocr_par' dir='ltr' id='par_1_63' title="bbox 255 4303 1914 4383">
     <span class='ocr_line' id='line_1_63' title="bbox 255 4303 1914 4383; baseline 0.001 -22"><span class='ocrx_word' id='word_1_510' title='bbox 255 4310 417 4371; x_wconf 73' lang='grc' dir='ltr'>Θεοῦ,</span> <span class='ocrx_word' id='word_1_511' title='bbox 495 4304 714 4375; x_wconf 85' lang='grc' dir='ltr'>ποίησιν</span> <span class='ocrx_word' id='word_1_512' title='bbox 791 4303 849 4361; x_wconf 70' lang='grc' dir='ltr'><strong>δέ</strong></span> <span class='ocrx_word' id='word_1_513' title='bbox 921 4310 1126 4382; x_wconf 75' lang='grc' dir='ltr'>χειρῶν</span> <span class='ocrx_word' id='word_1_514' title='bbox 1208 4306 1373 4362; x_wconf 85' lang='grc' dir='ltr'>αὐτοῦ</span> <span class='ocrx_word' id='word_1_515' title='bbox 1440 4306 1769 4383; x_wconf 73' lang='grc' dir='ltr'>ἀναγγέλλει</span> <span class='ocrx_word' id='word_1_516' title='bbox 1852 4308 1914 4363; x_wconf 85' lang='grc' dir='ltr'>τὸ</span> 
     </span>
    </p>
   </div>
   <div class='ocr_carea' id='block_1_64' title="bbox 256 4391 1913 4475">
    <p class='ocr_par' dir='ltr' id='par_1_64' title="bbox 256 4391 1913 4475">
     <span class='ocr_line' id='line_1_64' title="bbox 256 4391 1913 4475; baseline 0.002 -26"><span class='ocrx_word' id='word_1_517' title='bbox 256 4395 560 4467; x_wconf 77' lang='grc' dir='ltr'>στερέωμα.</span> <span class='ocrx_word' id='word_1_518' title='bbox 610 4395 679 4452; x_wconf 75' lang='grc' dir='ltr'><strong>Οἱ</strong></span> <span class='ocrx_word' id='word_1_519' title='bbox 730 4391 787 4449; x_wconf 72' lang='grc' dir='ltr'><strong>δὲ</strong></span> <span class='ocrx_word' id='word_1_520' title='bbox 835 4396 1138 4470; x_wconf 78' lang='grc' dir='ltr'>ἅνθρωποι,</span> <span class='ocrx_word' id='word_1_521' title='bbox 1186 4395 1232 4475; x_wconf 80' lang='grc' dir='ltr'><strong>εί</strong></span> <span class='ocrx_word' id='word_1_522' title='bbox 1260 4397 1459 4467; x_wconf 73' lang='grc' dir='ltr'>ταύτην</span> <span class='ocrx_word' id='word_1_523' title='bbox 1495 4396 1544 4451; x_wconf 89' lang='grc' dir='ltr'><strong>έν</strong></span> <span class='ocrx_word' id='word_1_524' title='bbox 1579 4398 1789 4459; x_wconf 71' lang='grc' dir='ltr'>ἑαυτοῖς</span> <span class='ocrx_word' id='word_1_525' title='bbox 1820 4398 1913 4475; x_wconf 84' lang='grc' dir='ltr'>φέ-</span> 
     </span>
    </p>
   </div>
   <div class='ocr_carea' id='block_1_65' title="bbox 146 4472 1910 4573">
    <p class='ocr_par' dir='ltr' id='par_1_65' title="bbox 146 4472 1910 4573">
     <span class='ocr_line' id='line_1_65' title="bbox 146 4472 1910 4573; baseline 0.001 -35"><span class='ocrx_word' id='word_1_526' title='bbox 146 4500 171 4557; x_wconf 59' lang='grc' dir='ltr'>ί</span> <span class='ocrx_word' id='word_1_527' title='bbox 256 4503 425 4559; x_wconf 79' lang='grc' dir='ltr'>ροιεν,</span> <span class='ocrx_word' id='word_1_528' title='bbox 486 4482 878 4559; x_wconf 82' lang='grc' dir='ltr'>έπιγνώσονται</span> <span class='ocrx_word' id='word_1_529' title='bbox 922 4485 1024 4553; x_wconf 84' lang='grc' dir='ltr'><strong>τήν</strong></span> <span class='ocrx_word' id='word_1_530' title='bbox 1078 4472 1344 4573; x_wconf 40' lang='grc' dir='ltr'>ἀληᾴινήθ</span> <span class='ocrx_word' id='word_1_531' title='bbox 1372 4490 1469 4541; x_wconf 88' lang='grc' dir='ltr'><strong>τοῦ</strong></span> <span class='ocrx_word' id='word_1_532' title='bbox 1500 4490 1634 4541; x_wconf 86' lang='grc' dir='ltr'>Θεοῦ</span> <span class='ocrx_word' id='word_1_533' title='bbox 1688 4472 1910 4564; x_wconf 84' lang='grc' dir='ltr'>Σοφίαν·</span> 
     </span>
    </p>
   </div>
   <div class='ocr_carea' id='block_1_66' title="bbox 2037 2259 3688 2333">
    <p class='ocr_par' dir='ltr' id='par_1_66' title="bbox 2037 2259 3688 2333">
     <span class='ocr_line' id='line_1_66' title="bbox 2037 2259 3688 2333; baseline -0.001 -16"><span class='ocrx_word' id='word_1_534' title='bbox 2037 2260 2236 2333; x_wconf 88' lang='lat' dir='ltr'><strong>aliqua</strong></span> <span class='ocrx_word' id='word_1_535' title='bbox 2281 2261 2360 2317; x_wconf 90' lang='lat' dir='ltr'><strong>sit</strong></span> <span class='ocrx_word' id='word_1_536' title='bbox 2402 2260 2711 2333; x_wconf 86' lang='lat' dir='ltr'><strong>sapientia,</strong></span> <span class='ocrx_word' id='word_1_537' title='bbox 2738 2260 2827 2317; x_wconf 83' lang='lat' dir='ltr'><strong>vel</strong></span> <span class='ocrx_word' id='word_1_538' title='bbox 2871 2278 2986 2317; x_wconf 88' lang='lat' dir='ltr'><strong>non</strong></span> <span class='ocrx_word' id='word_1_539' title='bbox 3014 2264 3037 2316; x_wconf 73' lang='grc' dir='ltr'><strong><em>Ρ</em></strong></span> <span class='ocrx_word' id='word_1_540' title='bbox 3064 2260 3120 2315; x_wconf 79' lang='lat' dir='ltr'><strong>Si</strong></span> <span class='ocrx_word' id='word_1_541' title='bbox 3169 2260 3330 2316; x_wconf 91' lang='lat' dir='ltr'><strong>nulla</strong></span> <span class='ocrx_word' id='word_1_542' title='bbox 3381 2259 3475 2330; x_wconf 89' lang='lat' dir='ltr'><strong>sit,</strong></span> <span class='ocrx_word' id='word_1_543' title='bbox 3509 2276 3688 2331; x_wconf 90' lang='lat' dir='ltr'><strong>quare</strong></span> 
     </span>
    </p>
   </div>
   <div class='ocr_carea' id='block_1_67' title="bbox 2036 2350 3685 2422">
    <p class='ocr_par' dir='ltr' id='par_1_67' title="bbox 2036 2350 3685 2422">
     <span class='ocr_line' id='line_1_67' title="bbox 2036 2350 3685 2422; baseline 0 -17"><span class='ocrx_word' id='word_1_544' title='bbox 2036 2350 2352 2417; x_wconf 83' lang='lat' dir='ltr'><strong>Apostolus</strong></span> <span class='ocrx_word' id='word_1_545' title='bbox 2397 2350 2492 2406; x_wconf 90' lang='lat' dir='ltr'><strong>his</strong></span> <span class='ocrx_word' id='word_1_546' title='bbox 2540 2350 2733 2406; x_wconf 90' lang='lat' dir='ltr'><strong>verbis</strong></span> <span class='ocrx_word' id='word_1_547' title='bbox 2783 2352 3203 2422; x_wconf 88' lang='lat' dir='ltr'><strong>conqueritur:</strong></span> <span class='ocrx_word' id='word_1_548' title='bbox 3250 2350 3394 2407; x_wconf 86' lang='lat' dir='ltr'><strong>Nam</strong></span> <span class='ocrx_word' id='word_1_549' title='bbox 3444 2352 3576 2421; x_wconf 83' lang='lat' dir='ltr'><strong>quia</strong></span> <span class='ocrx_word' id='word_1_550' title='bbox 3626 2352 3685 2405; x_wconf 88' lang='lat' dir='ltr'><strong>in</strong></span> 
     </span>
    </p>
   </div>
   <div class='ocr_carea' id='block_1_68' title="bbox 2037 2439 3687 2511">
    <p class='ocr_par' dir='ltr' id='par_1_68' title="bbox 2037 2439 3687 2511">
     <span class='ocr_line' id='line_1_68' title="bbox 2037 2439 3687 2511; baseline -0.001 -16"><span class='ocrx_word' id='word_1_551' title='bbox 2037 2442 2135 2495; x_wconf 84' lang='lat' dir='ltr'><strong>Dei</strong></span> <span class='ocrx_word' id='word_1_552' title='bbox 2160 2441 2436 2511; x_wconf 69' lang='lat' dir='ltr'><strong>sapientia</strong></span> <span class='ocrx_word' id='word_1_553' title='bbox 2486 2456 2592 2494; x_wconf 88' lang='lat' dir='ltr'><strong>non</strong></span> <span class='ocrx_word' id='word_1_554' title='bbox 2643 2442 2893 2511; x_wconf 72' lang='lat' dir='ltr'><strong>cognovit</strong></span> <span class='ocrx_word' id='word_1_555' title='bbox 2929 2440 3169 2495; x_wconf 71' lang='lat' dir='ltr'><strong>mundus</strong></span> <span class='ocrx_word' id='word_1_556' title='bbox 3214 2456 3311 2511; x_wconf 82' lang='lat' dir='ltr'><strong>per</strong></span> <span class='ocrx_word' id='word_1_557' title='bbox 3352 2439 3687 2510; x_wconf 78' lang='lat' dir='ltr'><strong>sapientiam</strong></span> 
     </span>
    </p>
   </div>
   <div class='ocr_carea' id='block_1_69' title="bbox 2039 2528 3686 2599">
    <p class='ocr_par' dir='ltr' id='par_1_69' title="bbox 2039 2528 3686 2599">
     <span class='ocr_line' id='line_1_69' title="bbox 2039 2528 3686 2599; baseline 0.001 -15"><span class='ocrx_word' id='word_1_558' title='bbox 2039 2535 2213 2586; x_wconf 86' lang='lat' dir='ltr'><strong>Deum</strong></span> <span class='ocrx_word' id='word_1_559' title='bbox 2242 2530 2288 2564; x_wconf 83' lang='grc'><strong><em>⁸⁸</em></strong></span> <span class='ocrx_word' id='word_1_560' title='bbox 2307 2529 2336 2583; x_wconf 84' lang='lat'><strong>?</strong></span> <span class='ocrx_word' id='word_1_561' title='bbox 2366 2529 2468 2584; x_wconf 87' lang='lat' dir='ltr'><strong>Vel</strong></span> <span class='ocrx_word' id='word_1_562' title='bbox 2500 2528 2550 2583; x_wconf 85' lang='lat' dir='ltr'><strong>si</strong></span> <span class='ocrx_word' id='word_1_563' title='bbox 2583 2529 2742 2584; x_wconf 87' lang='lat' dir='ltr'><strong>nulla</strong></span> <span class='ocrx_word' id='word_1_564' title='bbox 2771 2534 2861 2584; x_wconf 87' lang='lat' dir='ltr'><strong>est</strong></span> <span class='ocrx_word' id='word_1_565' title='bbox 2890 2530 3201 2599; x_wconf 87' lang='lat' dir='ltr'><strong>sapientia,</strong></span> <span class='ocrx_word' id='word_1_566' title='bbox 3224 2546 3332 2583; x_wconf 90' lang='lat' dir='ltr'><strong>cur</strong></span> <span class='ocrx_word' id='word_1_567' title='bbox 3361 2528 3686 2585; x_wconf 85' lang='lat' dir='ltr'><strong>multitudo</strong></span> 
     </span>
    </p>
   </div>
   <div class='ocr_carea' id='block_1_70' title="bbox 2034 2616 3683 2690">
    <p class='ocr_par' dir='ltr' id='par_1_70' title="bbox 2034 2616 3683 2690">
     <span class='ocr_line' id='line_1_70' title="bbox 2034 2616 3683 2690; baseline 0.001 -17"><span class='ocrx_word' id='word_1_568' title='bbox 2034 2619 2365 2690; x_wconf 90' lang='lat' dir='ltr'><strong>sapientum</strong></span> <span class='ocrx_word' id='word_1_569' title='bbox 2416 2618 2475 2673; x_wconf 89' lang='lat' dir='ltr'><strong>in</strong></span> <span class='ocrx_word' id='word_1_570' title='bbox 2526 2617 2830 2689; x_wconf 87' lang='lat' dir='ltr'><strong>Scriptura</strong></span> <span class='ocrx_word' id='word_1_571' title='bbox 2875 2623 3236 2673; x_wconf 89' lang='lat' dir='ltr'><strong>memoratur</strong></span> <span class='ocrx_word' id='word_1_572' title='bbox 3263 2616 3356 2672; x_wconf 70' lang='lat' dir='ltr'><strong>I&quot;‘P</strong></span> <span class='ocrx_word' id='word_1_573' title='bbox 3398 2618 3683 2689; x_wconf 86' lang='lat' dir='ltr'><strong>Namque.</strong></span> 
     </span>
    </p>
   </div>
   <div class='ocr_carea' id='block_1_71' title="bbox 2032 2705 3684 2779">
    <p class='ocr_par' dir='ltr' id='par_1_71' title="bbox 2032 2705 3684 2779">
     <span class='ocr_line' id='line_1_71' title="bbox 2032 2705 3684 2779; baseline 0 -17"><span class='ocrx_word' id='word_1_574' title='bbox 2032 2707 2263 2778; x_wconf 78' lang='lat' dir='ltr'><strong>Sapiens</strong></span> <span class='ocrx_word' id='word_1_575' title='bbox 2302 2708 2635 2779; x_wconf 81' lang='lat' dir='ltr'><strong>perterritus</strong></span> <span class='ocrx_word' id='word_1_576' title='bbox 2683 2708 2934 2761; x_wconf 72' lang='lat' dir='ltr'><strong>drclinat</strong></span> <span class='ocrx_word' id='word_1_577' title='bbox 2962 2724 2996 2761; x_wconf 90' lang='lat' dir='ltr'><strong>a</strong></span> <span class='ocrx_word' id='word_1_578' title='bbox 3026 2705 3179 2762; x_wconf 85' lang='lat' dir='ltr'><strong>malo</strong></span> <span class='ocrx_word' id='word_1_579' title='bbox 3208 2707 3272 2771; x_wconf 75' lang='grc' dir='ltr'><strong>⁸ο,</strong></span> <span class='ocrx_word' id='word_1_580' title='bbox 3305 2710 3382 2773; x_wconf 91' lang='lat' dir='ltr'><strong>et,</strong></span> <span class='ocrx_word' id='word_1_581' title='bbox 3432 2707 3566 2762; x_wconf 84' lang='lat' dir='ltr'><strong>Cum</strong></span> <span class='ocrx_word' id='word_1_582' title='bbox 3594 2723 3684 2762; x_wconf 86' lang='lat' dir='ltr'><strong>sa-</strong></span> 
     </span>
    </p>
   </div>
   <div class='ocr_carea' id='block_1_72' title="bbox 2031 2795 3686 2867">
    <p class='ocr_par' dir='ltr' id='par_1_72' title="bbox 2031 2795 3686 2867">
     <span class='ocr_line' id='line_1_72' title="bbox 2031 2795 3686 2867; baseline 0.001 -17"><span class='ocrx_word' id='word_1_583' title='bbox 2031 2797 2239 2866; x_wconf 88' lang='lat' dir='ltr'><strong>pientia</strong></span> <span class='ocrx_word' id='word_1_584' title='bbox 2294 2796 2600 2866; x_wconf 75' lang='lat' dir='ltr'><strong>aediﬁcatur</strong></span> <span class='ocrx_word' id='word_1_585' title='bbox 2653 2797 2849 2852; x_wconf 85' lang='lat' dir='ltr'><strong>domus</strong></span> <span class='ocrx_word' id='word_1_586' title='bbox 2893 2798 2961 2850; x_wconf 80' lang='grc'><strong>⁹¹.</strong></span> <span class='ocrx_word' id='word_1_587' title='bbox 3021 2795 3398 2852; x_wconf 87' lang='lat' dir='ltr'><strong>Ecclesiastes</strong></span> <span class='ocrx_word' id='word_1_588' title='bbox 3454 2806 3686 2867; x_wconf 71' lang='lat' dir='ltr'><strong>qquuo</strong></span> 
     </span>
    </p>
   </div>
   <div class='ocr_carea' id='block_1_73' title="bbox 2032 2884 3680 2957">
    <p class='ocr_par' dir='ltr' id='par_1_73' title="bbox 2032 2884 3680 2957">
     <span class='ocr_line' id='line_1_73' title="bbox 2032 2884 3680 2957; baseline 0.001 -18"><span class='ocrx_word' id='word_1_589' title='bbox 2032 2884 2167 2940; x_wconf 80' lang='lat' dir='ltr'><strong>dicit</strong></span> <span class='ocrx_word' id='word_1_590' title='bbox 2205 2902 2218 2940; x_wconf 92' lang='lat'><strong>:</strong></span> <span class='ocrx_word' id='word_1_591' title='bbox 2250 2885 2538 2957; x_wconf 78' lang='lat' dir='ltr'><strong>Sapientia</strong></span> <span class='ocrx_word' id='word_1_592' title='bbox 2568 2885 2805 2941; x_wconf 85' lang='lat' dir='ltr'><strong>hominis</strong></span> <span class='ocrx_word' id='word_1_593' title='bbox 2836 2885 3178 2941; x_wconf 83' lang='lat' dir='ltr'><strong>illuminabit</strong></span> <span class='ocrx_word' id='word_1_594' title='bbox 3209 2886 3426 2940; x_wconf 83' lang='lat' dir='ltr'><strong>vultum</strong></span> <span class='ocrx_word' id='word_1_595' title='bbox 3453 2886 3570 2954; x_wconf 75' lang='lat' dir='ltr'><strong>eius</strong></span> <span class='ocrx_word' id='word_1_596' title='bbox 3599 2886 3680 2939; x_wconf 76' lang='lat'><strong>“:</strong></span> 
     </span>
    </p>
   </div>
   <div class='ocr_carea' id='block_1_74' title="bbox 2030 2973 3681 3045">
    <p class='ocr_par' dir='ltr' id='par_1_74' title="bbox 2030 2973 3681 3045">
     <span class='ocr_line' id='line_1_74' title="bbox 2030 2973 3681 3045; baseline 0.001 -18"><span class='ocrx_word' id='word_1_597' title='bbox 2030 2973 2307 3045; x_wconf 88' lang='lat' dir='ltr'><strong>idemque</strong></span> <span class='ocrx_word' id='word_1_598' title='bbox 2328 2974 2672 3029; x_wconf 88' lang='lat' dir='ltr'><strong>temerarios</strong></span> <span class='ocrx_word' id='word_1_599' title='bbox 2696 2973 2787 3029; x_wconf 91' lang='lat' dir='ltr'><strong>his</strong></span> <span class='ocrx_word' id='word_1_600' title='bbox 2813 2973 3005 3028; x_wconf 91' lang='lat' dir='ltr'><strong>verbis</strong></span> <span class='ocrx_word' id='word_1_601' title='bbox 3028 2973 3323 3045; x_wconf 84' lang='lat' dir='ltr'><strong>increpat:</strong></span> <span class='ocrx_word' id='word_1_602' title='bbox 3349 2974 3424 3031; x_wconf 83' lang='lat' dir='ltr'><strong>Ne</strong></span> <span class='ocrx_word' id='word_1_603' title='bbox 3443 2973 3681 3030; x_wconf 66' lang='lat' dir='ltr'><strong>dixeris:</strong></span> 
     </span>
    </p>
   </div>
   <div class='ocr_carea' id='block_1_75' title="bbox 2029 3061 3680 3135">
    <p class='ocr_par' dir='ltr' id='par_1_75' title="bbox 2029 3061 3680 3135">
     <span class='ocr_line' id='line_1_75' title="bbox 2029 3061 3680 3135; baseline 0.001 -18"><span class='ocrx_word' id='word_1_604' title='bbox 2029 3061 2174 3130; x_wconf 75' lang='lat' dir='ltr'><strong>Quid</strong></span> <span class='ocrx_word' id='word_1_605' title='bbox 2201 3064 2412 3132; x_wconf 81' lang='lat' dir='ltr'><strong>factum</strong></span> <span class='ocrx_word' id='word_1_606' title='bbox 2441 3068 2546 3123; x_wconf 81' lang='lat' dir='ltr'><strong>est.</strong></span> <span class='ocrx_word' id='word_1_607' title='bbox 2575 3061 2719 3131; x_wconf 86' lang='lat' dir='ltr'><strong>quod</strong></span> <span class='ocrx_word' id='word_1_608' title='bbox 2743 3063 2937 3133; x_wconf 85' lang='lat' dir='ltr'><strong>priora</strong></span> <span class='ocrx_word' id='word_1_609' title='bbox 2984 3066 3229 3133; x_wconf 84' lang='lat' dir='ltr'><strong>tempora</strong></span> <span class='ocrx_word' id='word_1_610' title='bbox 3258 3061 3344 3117; x_wconf 85' lang='lat' dir='ltr'><strong>his</strong></span> <span class='ocrx_word' id='word_1_611' title='bbox 3381 3065 3680 3135; x_wconf 71' lang='lat' dir='ltr'><strong>praesenti-</strong></span> 
     </span>
    </p>
   </div>
   <div class='ocr_carea' id='block_1_76' title="bbox 2027 3151 3679 3223">
    <p class='ocr_par' dir='ltr' id='par_1_76' title="bbox 2027 3151 3679 3223">
     <span class='ocr_line' id='line_1_76' title="bbox 2027 3151 3679 3223; baseline 0.001 -18"><span class='ocrx_word' id='word_1_612' title='bbox 2027 3151 2126 3206; x_wconf 89' lang='lat' dir='ltr'><strong>bus</strong></span> <span class='ocrx_word' id='word_1_613' title='bbox 2154 3152 2386 3207; x_wconf 84' lang='lat' dir='ltr'><strong>meliora</strong></span> <span class='ocrx_word' id='word_1_614' title='bbox 2429 3151 2701 3221; x_wconf 82' lang='lat' dir='ltr'><strong>fuerunt?</strong></span> <span class='ocrx_word' id='word_1_615' title='bbox 2743 3151 2850 3206; x_wconf 84' lang='lat' dir='ltr'><strong>Nec</strong></span> <span class='ocrx_word' id='word_1_616' title='bbox 2893 3152 3045 3206; x_wconf 84' lang='lat' dir='ltr'><strong>enim</strong></span> <span class='ocrx_word' id='word_1_617' title='bbox 3097 3151 3158 3206; x_wconf 88' lang='lat' dir='ltr'><strong>in</strong></span> <span class='ocrx_word' id='word_1_618' title='bbox 3201 3152 3481 3223; x_wconf 78' lang='lat' dir='ltr'><strong>sapientia</strong></span> <span class='ocrx_word' id='word_1_619' title='bbox 3532 3152 3679 3208; x_wconf 83' lang='lat' dir='ltr'><strong>istud</strong></span> 
     </span>
    </p>
   </div>
   <div class='ocr_carea' id='block_1_77' title="bbox 2024 3239 3679 3312">
    <p class='ocr_par' dir='ltr' id='par_1_77' title="bbox 2024 3239 3679 3312">
     <span class='ocr_line' id='line_1_77' title="bbox 2024 3239 3679 3312; baseline 0.001 -19"><span class='ocrx_word' id='word_1_620' title='bbox 2024 3240 2338 3297; x_wconf 79' lang='lat' dir='ltr'><strong>sciscitatus</strong></span> <span class='ocrx_word' id='word_1_621' title='bbox 2358 3240 2648 3305; x_wconf 58' lang='grc' dir='ltr'>απ.ουοό</span> <span class='ocrx_word' id='word_1_622' title='bbox 2677 3239 2728 3294; x_wconf 90' lang='lat' dir='ltr'><strong>si</strong></span> <span class='ocrx_word' id='word_1_623' title='bbox 2749 3240 2806 3293; x_wconf 92' lang='lat' dir='ltr'><strong>in</strong></span> <span class='ocrx_word' id='word_1_624' title='bbox 2832 3240 3008 3295; x_wconf 89' lang='lat' dir='ltr'><strong>rebus</strong></span> <span class='ocrx_word' id='word_1_625' title='bbox 3025 3240 3236 3295; x_wconf 87' lang='lat' dir='ltr'><strong>creatis</strong></span> <span class='ocrx_word' id='word_1_626' title='bbox 3255 3245 3344 3296; x_wconf 72' lang='lat' dir='ltr'><strong>est</strong></span> <span class='ocrx_word' id='word_1_627' title='bbox 3369 3240 3679 3312; x_wconf 86' lang='lat' dir='ltr'><strong>sapientia,</strong></span> 
     </span>
    </p>
   </div>
   <div class='ocr_carea' id='block_1_78' title="bbox 2028 3328 3680 3401">
    <p class='ocr_par' dir='ltr' id='par_1_78' title="bbox 2028 3328 3680 3401">
     <span class='ocr_line' id='line_1_78' title="bbox 2028 3328 3680 3401; baseline 0 -17"><span class='ocrx_word' id='word_1_628' title='bbox 2028 3333 2092 3384; x_wconf 88' lang='lat' dir='ltr'><strong>ut</strong></span> <span class='ocrx_word' id='word_1_629' title='bbox 2123 3329 2283 3385; x_wconf 88' lang='lat' dir='ltr'><strong>hisce</strong></span> <span class='ocrx_word' id='word_1_630' title='bbox 2309 3330 2501 3385; x_wconf 83' lang='lat' dir='ltr'><strong>verbis</strong></span> <span class='ocrx_word' id='word_1_631' title='bbox 2531 3334 2780 3383; x_wconf 86' lang='lat' dir='ltr'><strong>testatur</strong></span> <span class='ocrx_word' id='word_1_632' title='bbox 2812 3328 2970 3394; x_wconf 79' lang='lat' dir='ltr'><strong>illius</strong></span> <span class='ocrx_word' id='word_1_633' title='bbox 2999 3328 3221 3384; x_wconf 83' lang='lat' dir='ltr'><strong>Sirachi</strong></span> <span class='ocrx_word' id='word_1_634' title='bbox 3240 3347 3251 3384; x_wconf 95' lang='lat'><strong>:</strong></span> <span class='ocrx_word' id='word_1_635' title='bbox 3273 3329 3493 3401; x_wconf 70' lang='lat' dir='ltr'><strong>Effudit</strong></span> <span class='ocrx_word' id='word_1_636' title='bbox 3516 3329 3680 3385; x_wconf 86' lang='lat' dir='ltr'><strong>illam</strong></span> 
     </span>
    </p>
   </div>
   <div class='ocr_carea' id='block_1_79' title="bbox 2028 3417 3681 3488">
    <p class='ocr_par' dir='ltr' id='par_1_79' title="bbox 2028 3417 3681 3488">
     <span class='ocr_line' id='line_1_79' title="bbox 2028 3417 3681 3488; baseline 0.001 -15"><span class='ocrx_word' id='word_1_637' title='bbox 2028 3421 2089 3473; x_wconf 87' lang='lat' dir='ltr'><strong>in</strong></span> <span class='ocrx_word' id='word_1_638' title='bbox 2118 3420 2307 3474; x_wconf 88' lang='lat' dir='ltr'><strong>omnia</strong></span> <span class='ocrx_word' id='word_1_639' title='bbox 2333 3433 2503 3488; x_wconf 86' lang='lat' dir='ltr'><strong>opera.</strong></span> <span class='ocrx_word' id='word_1_640' title='bbox 2531 3434 2629 3473; x_wconf 83' lang='lat' dir='ltr'><strong>sua</strong></span> <span class='ocrx_word' id='word_1_641' title='bbox 2657 3435 2783 3473; x_wconf 85' lang='lat' dir='ltr'><strong>cum</strong></span> <span class='ocrx_word' id='word_1_642' title='bbox 2812 3420 2964 3473; x_wconf 82' lang='lat' dir='ltr'><strong>omni</strong></span> <span class='ocrx_word' id='word_1_643' title='bbox 2990 3434 3157 3474; x_wconf 82' lang='lat' dir='ltr'><strong>carne</strong></span> <span class='ocrx_word' id='word_1_644' title='bbox 3182 3417 3481 3475; x_wconf 86' lang='lat' dir='ltr'><strong>secundum</strong></span> <span class='ocrx_word' id='word_1_645' title='bbox 3510 3421 3681 3476; x_wconf 54' lang='lat' dir='ltr'><strong>domu</strong></span> 
     </span>
    </p>
   </div>
   <div class='ocr_carea' id='block_1_80' title="bbox 2029 3507 3678 3581">
    <p class='ocr_par' dir='ltr' id='par_1_80' title="bbox 2029 3507 3678 3581">
     <span class='ocr_line' id='line_1_80' title="bbox 2029 3507 3678 3581; baseline 0.001 -19"><span class='ocrx_word' id='word_1_646' title='bbox 2029 3509 2233 3563; x_wconf 86' lang='lat' dir='ltr'><strong>tionem</strong></span> <span class='ocrx_word' id='word_1_647' title='bbox 2261 3517 2496 3575; x_wconf 83' lang='lat' dir='ltr'><strong>suam,et</strong></span> <span class='ocrx_word' id='word_1_648' title='bbox 2519 3508 2757 3578; x_wconf 74' lang='lat' dir='ltr'><strong>praebuit</strong></span> <span class='ocrx_word' id='word_1_649' title='bbox 2785 3508 2948 3563; x_wconf 81' lang='lat' dir='ltr'><strong>illam</strong></span> <span class='ocrx_word' id='word_1_650' title='bbox 2973 3507 3331 3577; x_wconf 84' lang='lat' dir='ltr'><strong>diligentibus</strong></span> <span class='ocrx_word' id='word_1_651' title='bbox 3358 3524 3414 3563; x_wconf 85' lang='lat' dir='ltr'><strong>se</strong></span> <span class='ocrx_word' id='word_1_652' title='bbox 3444 3510 3490 3544; x_wconf 70' lang='grc'><strong>⁸⁸</strong></span> <span class='ocrx_word' id='word_1_653' title='bbox 3514 3533 3527 3576; x_wconf 86' lang='grc'><strong>;</strong></span> <span class='ocrx_word' id='word_1_654' title='bbox 3551 3526 3678 3581; x_wconf 70' lang='lat' dir='ltr'><strong>quae</strong></span> 
     </span>
    </p>
   </div>
   <div class='ocr_carea' id='block_1_81' title="bbox 2024 3596 3679 3669">
    <p class='ocr_par' dir='ltr' id='par_1_81' title="bbox 2024 3596 3679 3669">
     <span class='ocr_line' id='line_1_81' title="bbox 2024 3596 3679 3669; baseline 0.001 -17"><span class='ocrx_word' id='word_1_655' title='bbox 2024 3596 2263 3669; x_wconf 88' lang='lat' dir='ltr'><strong>quidem</strong></span> <span class='ocrx_word' id='word_1_656' title='bbox 2281 3596 2489 3652; x_wconf 75' lang='lat' dir='ltr'><strong>effusio</strong></span> <span class='ocrx_word' id='word_1_657' title='bbox 2506 3596 2750 3652; x_wconf 90' lang='lat' dir='ltr'><strong>minime</strong></span> <span class='ocrx_word' id='word_1_658' title='bbox 2766 3596 3063 3668; x_wconf 75' lang='lat' dir='ltr'><strong>significat</strong></span> <span class='ocrx_word' id='word_1_659' title='bbox 3077 3603 3347 3653; x_wconf 86' lang='lat' dir='ltr'><strong>naturam</strong></span> <span class='ocrx_word' id='word_1_660' title='bbox 3370 3598 3679 3669; x_wconf 65' lang='lat' dir='ltr'><strong>Sapientiae</strong></span> 
     </span>
    </p>
   </div>
   <div class='ocr_carea' id='block_1_82' title="bbox 2025 3684 3680 3757">
    <p class='ocr_par' dir='ltr' id='par_1_82' title="bbox 2025 3684 3680 3757">
     <span class='ocr_line' id='line_1_82' title="bbox 2025 3684 3680 3757; baseline 0.002 -18"><span class='ocrx_word' id='word_1_661' title='bbox 2025 3702 2151 3757; x_wconf 69' lang='lat' dir='ltr'><strong>quae</strong></span> <span class='ocrx_word' id='word_1_662' title='bbox 2201 3701 2305 3756; x_wconf 90' lang='lat' dir='ltr'><strong>per</strong></span> <span class='ocrx_word' id='word_1_663' title='bbox 2351 3701 2415 3740; x_wconf 88' lang='lat' dir='ltr'><strong>se</strong></span> <span class='ocrx_word' id='word_1_664' title='bbox 2467 3684 2596 3756; x_wconf 85' lang='lat' dir='ltr'><strong>ipsa</strong></span> <span class='ocrx_word' id='word_1_665' title='bbox 2642 3690 2732 3740; x_wconf 92' lang='lat' dir='ltr'><strong>est</strong></span> <span class='ocrx_word' id='word_1_666' title='bbox 2762 3690 2937 3756; x_wconf 89' lang='lat' dir='ltr'><strong>atque</strong></span> <span class='ocrx_word' id='word_1_667' title='bbox 2987 3687 3310 3757; x_wconf 85' lang='lat' dir='ltr'><strong>unigenita,</strong></span> <span class='ocrx_word' id='word_1_668' title='bbox 3363 3687 3465 3743; x_wconf 89' lang='lat' dir='ltr'><strong>sed</strong></span> <span class='ocrx_word' id='word_1_669' title='bbox 3520 3686 3680 3744; x_wconf 89' lang='lat' dir='ltr'><strong>illius</strong></span> 
     </span>
    </p>
   </div>
   <div class='ocr_carea' id='block_1_83' title="bbox 2026 3775 3680 3849">
    <p class='ocr_par' dir='ltr' id='par_1_83' title="bbox 2026 3775 3680 3849">
     <span class='ocr_line' id='line_1_83' title="bbox 2026 3775 3680 3849; baseline 0.002 -19"><span class='ocrx_word' id='word_1_670' title='bbox 2026 3791 2152 3846; x_wconf 69' lang='lat' dir='ltr'><strong>quae</strong></span> <span class='ocrx_word' id='word_1_671' title='bbox 2183 3792 2461 3848; x_wconf 87' lang='lat' dir='ltr'><strong>expressa</strong></span> <span class='ocrx_word' id='word_1_672' title='bbox 2490 3775 2549 3830; x_wconf 83' lang='lat' dir='ltr'><strong>in</strong></span> <span class='ocrx_word' id='word_1_673' title='bbox 2584 3776 2806 3830; x_wconf 85' lang='lat' dir='ltr'><strong>mundo</strong></span> <span class='ocrx_word' id='word_1_674' title='bbox 2834 3781 2963 3831; x_wconf 89' lang='lat' dir='ltr'><strong>est:</strong></span> <span class='ocrx_word' id='word_1_675' title='bbox 2999 3776 3137 3848; x_wconf 89' lang='lat' dir='ltr'><strong>quid</strong></span> <span class='ocrx_word' id='word_1_676' title='bbox 3169 3794 3309 3849; x_wconf 88' lang='lat' dir='ltr'><strong>ergo</strong></span> <span class='ocrx_word' id='word_1_677' title='bbox 3339 3778 3680 3834; x_wconf 86' lang='lat' dir='ltr'><strong>incredibile</strong></span> 
     </span>
    </p>
   </div>
   <div class='ocr_carea' id='block_1_84' title="bbox 2024 3858 3681 3937">
    <p class='ocr_par' dir='ltr' id='par_1_84' title="bbox 2024 3858 3681 3937">
     <span class='ocr_line' id='line_1_84' title="bbox 2024 3858 3681 3937; baseline 0.002 -19"><span class='ocrx_word' id='word_1_678' title='bbox 2024 3858 2336 3932; x_wconf 18' lang='lat' dir='ltr'><strong>videtur,‘si</strong></span> <span class='ocrx_word' id='word_1_679' title='bbox 2360 3865 2490 3936; x_wconf 89' lang='lat' dir='ltr'><strong>ipsa</strong></span> <span class='ocrx_word' id='word_1_680' title='bbox 2505 3866 2694 3935; x_wconf 79' lang='lat' dir='ltr'><strong>opifex</strong></span> <span class='ocrx_word' id='word_1_681' title='bbox 2710 3871 2767 3919; x_wconf 87' lang='lat' dir='ltr'><strong>et</strong></span> <span class='ocrx_word' id='word_1_682' title='bbox 2790 3881 2921 3921; x_wconf 86' lang='lat' dir='ltr'><strong>vera</strong></span> <span class='ocrx_word' id='word_1_683' title='bbox 2941 3866 3256 3937; x_wconf 88' lang='lat' dir='ltr'><strong>Sapientia,</strong></span> <span class='ocrx_word' id='word_1_684' title='bbox 3289 3868 3462 3937; x_wconf 78' lang='lat' dir='ltr'><strong>cujus</strong></span> <span class='ocrx_word' id='word_1_685' title='bbox 3494 3867 3681 3923; x_wconf 85' lang='lat' dir='ltr'><strong>forma</strong></span> 
     </span>
    </p>
   </div>
   <div class='ocr_carea' id='block_1_85' title="bbox 2025 3953 3677 4026">
    <p class='ocr_par' dir='ltr' id='par_1_85' title="bbox 2025 3953 3677 4026">
     <span class='ocr_line' id='line_1_85' title="bbox 2025 3953 3677 4026; baseline 0.002 -18"><span class='ocrx_word' id='word_1_686' title='bbox 2025 3969 2127 4008; x_wconf 91' lang='lat' dir='ltr'><strong>seu</strong></span> <span class='ocrx_word' id='word_1_687' title='bbox 2152 3954 2340 4025; x_wconf 79' lang='lat' dir='ltr'><strong>figura</strong></span> <span class='ocrx_word' id='word_1_688' title='bbox 2370 3957 2460 4008; x_wconf 92' lang='lat' dir='ltr'><strong>est</strong></span> <span class='ocrx_word' id='word_1_689' title='bbox 2493 3953 2786 4025; x_wconf 85' lang='lat' dir='ltr'><strong>sapientia</strong></span> <span class='ocrx_word' id='word_1_690' title='bbox 2807 3970 2873 4008; x_wconf 92' lang='lat' dir='ltr'><strong>ac</strong></span> <span class='ocrx_word' id='word_1_691' title='bbox 2895 3954 3140 4009; x_wconf 77' lang='lat' dir='ltr'><strong>scientia</strong></span> <span class='ocrx_word' id='word_1_692' title='bbox 3158 3970 3286 4026; x_wconf 64' lang='lat' dir='ltr'><strong>qua;</strong></span> <span class='ocrx_word' id='word_1_693' title='bbox 3308 3955 3364 4008; x_wconf 90' lang='lat' dir='ltr'><strong>in</strong></span> <span class='ocrx_word' id='word_1_694' title='bbox 3391 3956 3677 4011; x_wconf 84' lang='lat' dir='ltr'><strong>mundum</strong></span> 
     </span>
    </p>
   </div>
   <div class='ocr_carea' id='block_1_86' title="bbox 2022 4042 3677 4113">
    <p class='ocr_par' dir='ltr' id='par_1_86' title="bbox 2022 4042 3677 4113">
     <span class='ocr_line' id='line_1_86' title="bbox 2022 4042 3677 4113; baseline 0.002 -17"><span class='ocrx_word' id='word_1_695' title='bbox 2022 4042 2211 4098; x_wconf 72' lang='lat' dir='ltr'><strong>effusa</strong></span> <span class='ocrx_word' id='word_1_696' title='bbox 2268 4047 2376 4110; x_wconf 79' lang='lat' dir='ltr'><strong>est,</strong></span> <span class='ocrx_word' id='word_1_697' title='bbox 2436 4047 2719 4113; x_wconf 86' lang='lat' dir='ltr'><strong>tanquam</strong></span> <span class='ocrx_word' id='word_1_698' title='bbox 2773 4043 2847 4099; x_wconf 88' lang='lat' dir='ltr'><strong>de</strong></span> <span class='ocrx_word' id='word_1_699' title='bbox 2903 4043 3097 4113; x_wconf 88' lang='lat' dir='ltr'><strong>seipsa</strong></span> <span class='ocrx_word' id='word_1_700' title='bbox 3151 4043 3329 4112; x_wconf 89' lang='lat' dir='ltr'><strong>dicat,</strong></span> <span class='ocrx_word' id='word_1_701' title='bbox 3412 4046 3677 4100; x_wconf 80' lang='lat' dir='ltr'><strong>Dominus</strong></span> 
     </span>
    </p>
   </div>
   <div class='ocr_carea' id='block_1_87' title="bbox 1996 4132 3677 4205">
    <p class='ocr_par' dir='ltr' id='par_1_87' title="bbox 1996 4132 3677 4205">
     <span class='ocr_line' id='line_1_87' title="bbox 1996 4132 3677 4205; baseline 0.001 -18"><span class='ocrx_word' id='word_1_702' title='bbox 1996 4166 2002 4171; x_wconf 91' lang='lat'><strong><em>-</em></strong></span> <span class='ocrx_word' id='word_1_703' title='bbox 2024 4132 2177 4188; x_wconf 69' lang='grc'><strong>4³3</strong></span> <span class='ocrx_word' id='word_1_704' title='bbox 2195 4133 2399 4187; x_wconf 81' lang='lat' dir='ltr'><strong>creavit</strong></span> <span class='ocrx_word' id='word_1_705' title='bbox 2418 4148 2507 4186; x_wconf 87' lang='lat' dir='ltr'><strong>me</strong></span> <span class='ocrx_word' id='word_1_706' title='bbox 2526 4133 2589 4187; x_wconf 88' lang='lat' dir='ltr'><strong>in</strong></span> <span class='ocrx_word' id='word_1_707' title='bbox 2607 4147 2774 4199; x_wconf 84' lang='lat' dir='ltr'><strong>opem</strong></span> <span class='ocrx_word' id='word_1_708' title='bbox 2795 4132 3043 4187; x_wconf 77' lang='lat' dir='ltr'><strong>sua?Nee</strong></span> <span class='ocrx_word' id='word_1_709' title='bbox 3064 4134 3219 4187; x_wconf 87' lang='lat' dir='ltr'><strong>enim</strong></span> <span class='ocrx_word' id='word_1_710' title='bbox 3236 4133 3526 4204; x_wconf 88' lang='lat' dir='ltr'><strong>sapientia</strong></span> <span class='ocrx_word' id='word_1_711' title='bbox 3547 4150 3677 4205; x_wconf 70' lang='lat' dir='ltr'><strong>quae</strong></span> 
     </span>
    </p>
   </div>
   <div class='ocr_carea' id='block_1_88' title="bbox 2024 4220 3674 4292">
    <p class='ocr_par' dir='ltr' id='par_1_88' title="bbox 2024 4220 3674 4292">
     <span class='ocr_line' id='line_1_88' title="bbox 2024 4220 3674 4292; baseline 0.003 -18"><span class='ocrx_word' id='word_1_712' title='bbox 2024 4220 2080 4274; x_wconf 93' lang='lat' dir='ltr'><strong>in</strong></span> <span class='ocrx_word' id='word_1_713' title='bbox 2110 4222 2325 4275; x_wconf 88' lang='lat' dir='ltr'><strong>mundo</strong></span> <span class='ocrx_word' id='word_1_714' title='bbox 2346 4220 2708 4287; x_wconf 83' lang='lat' dir='ltr'><strong>est,creatrix</strong></span> <span class='ocrx_word' id='word_1_715' title='bbox 2724 4226 2832 4289; x_wconf 90' lang='lat' dir='ltr'><strong>est,</strong></span> <span class='ocrx_word' id='word_1_716' title='bbox 2849 4221 2949 4276; x_wconf 89' lang='lat' dir='ltr'><strong>sed</strong></span> <span class='ocrx_word' id='word_1_717' title='bbox 2975 4221 3029 4274; x_wconf 92' lang='lat' dir='ltr'><strong>in</strong></span> <span class='ocrx_word' id='word_1_718' title='bbox 3053 4220 3330 4292; x_wconf 88' lang='lat' dir='ltr'><strong>operibus</strong></span> <span class='ocrx_word' id='word_1_719' title='bbox 3352 4227 3441 4278; x_wconf 87' lang='lat' dir='ltr'><strong>est</strong></span> <span class='ocrx_word' id='word_1_720' title='bbox 3460 4226 3674 4289; x_wconf 86' lang='lat' dir='ltr'><strong>creata,</strong></span> 
     </span>
    </p>
   </div>
   <div class='ocr_carea' id='block_1_89' title="bbox 2023 4310 3677 4383">
    <p class='ocr_par' dir='ltr' id='par_1_89' title="bbox 2023 4310 3677 4383">
     <span class='ocr_line' id='line_1_89' title="bbox 2023 4310 3677 4383; baseline 0.002 -18"><span class='ocrx_word' id='word_1_721' title='bbox 2023 4310 2347 4365; x_wconf 84' lang='lat' dir='ltr'><strong>secundum</strong></span> <span class='ocrx_word' id='word_1_722' title='bbox 2385 4325 2561 4381; x_wconf 87' lang='lat' dir='ltr'><strong>quam</strong></span> <span class='ocrx_word' id='word_1_723' title='bbox 2594 4310 2721 4365; x_wconf 71' lang='lat' dir='ltr'><strong>caeli</strong></span> <span class='ocrx_word' id='word_1_724' title='bbox 2747 4310 3272 4380; x_wconf 80' lang='lat' dir='ltr'><strong>enarrantgleriam</strong></span> <span class='ocrx_word' id='word_1_725' title='bbox 3302 4313 3422 4376; x_wconf 89' lang='lat' dir='ltr'><strong>Dei,</strong></span> <span class='ocrx_word' id='word_1_726' title='bbox 3437 4315 3488 4367; x_wconf 82' lang='lat' dir='ltr'><strong>et</strong></span> <span class='ocrx_word' id='word_1_727' title='bbox 3506 4327 3677 4383; x_wconf 85' lang='lat' dir='ltr'><strong>opera</strong></span> 
     </span>
    </p>
   </div>
   <div class='ocr_carea' id='block_1_90' title="bbox 2021 4398 3673 4470">
    <p class='ocr_par' dir='ltr' id='par_1_90' title="bbox 2021 4398 3673 4470">
     <span class='ocr_line' id='line_1_90' title="bbox 2021 4398 3673 4470; baseline 0.002 -17"><span class='ocrx_word' id='word_1_728' title='bbox 2021 4414 2287 4453; x_wconf 87' lang='lat' dir='ltr'><strong>manuum</strong></span> <span class='ocrx_word' id='word_1_729' title='bbox 2326 4399 2445 4470; x_wconf 87' lang='lat' dir='ltr'><strong>ejus</strong></span> <span class='ocrx_word' id='word_1_730' title='bbox 2483 4398 2782 4453; x_wconf 84' lang='lat' dir='ltr'><strong>annuntiat</strong></span> <span class='ocrx_word' id='word_1_731' title='bbox 2800 4399 3211 4468; x_wconf 85' lang='lat' dir='ltr'><strong>ﬁrmamentum</strong></span> <span class='ocrx_word' id='word_1_732' title='bbox 3228 4400 3291 4455; x_wconf 65' lang='lat'><strong>9‘.</strong></span> <span class='ocrx_word' id='word_1_733' title='bbox 3326 4401 3463 4456; x_wconf 68' lang='lat' dir='ltr'><strong>Ean:</strong></span> <span class='ocrx_word' id='word_1_734' title='bbox 3488 4401 3537 4456; x_wconf 87' lang='lat' dir='ltr'><strong>si</strong></span> <span class='ocrx_word' id='word_1_735' title='bbox 3568 4401 3673 4457; x_wconf 83' lang='lat' dir='ltr'><strong>ho-</strong></span> 
     </span>
    </p>
   </div>
   <div class='ocr_carea' id='block_1_91' title="bbox 2027 4486 3672 4563">
    <p class='ocr_par' dir='ltr' id='par_1_91' title="bbox 2027 4486 3672 4563">
     <span class='ocr_line' id='line_1_91' title="bbox 2027 4486 3672 4563; baseline 0.003 -20"><span class='ocrx_word' id='word_1_736' title='bbox 2027 4487 2217 4543; x_wconf 88' lang='lat' dir='ltr'><strong>mines</strong></span> <span class='ocrx_word' id='word_1_737' title='bbox 2245 4487 2305 4543; x_wconf 88' lang='lat' dir='ltr'><strong>in</strong></span> <span class='ocrx_word' id='word_1_738' title='bbox 2337 4486 2549 4559; x_wconf 84' lang='lat' dir='ltr'><strong>seipsis</strong></span> <span class='ocrx_word' id='word_1_739' title='bbox 2581 4486 2915 4556; x_wconf 89' lang='lat' dir='ltr'><strong>habuerint,</strong></span> <span class='ocrx_word' id='word_1_740' title='bbox 2948 4505 3143 4544; x_wconf 88' lang='lat' dir='ltr'><strong>veram</strong></span> <span class='ocrx_word' id='word_1_741' title='bbox 3176 4490 3271 4545; x_wconf 91' lang='lat' dir='ltr'><strong>Dei</strong></span> <span class='ocrx_word' id='word_1_742' title='bbox 3312 4490 3672 4563; x_wconf 89' lang='lat' dir='ltr'><strong>Sapientiam</strong></span> 
     </span>
    </p>
   </div>
   <div class='ocr_carea' id='block_1_92' title="bbox 324 4658 1917 4734">
    <p class='ocr_par' dir='ltr' id='par_1_92' title="bbox 324 4658 1917 4734">
     <span class='ocr_line' id='line_1_92' title="bbox 324 4658 1917 4734; baseline 0.001 -19"><span class='ocrx_word' id='word_1_743' title='bbox 324 4659 373 4734; x_wconf 59' lang='grc' dir='ltr'><strong>’ξ</strong></span> <span class='ocrx_word' id='word_1_744' title='bbox 404 4658 604 4715; x_wconf 78' lang='lat' dir='ltr'><strong>Matth.</strong></span> <span class='ocrx_word' id='word_1_745' title='bbox 640 4660 895 4734; x_wconf 46' lang='lat'><strong>10,40.”</strong></span> <span class='ocrx_word' id='word_1_746' title='bbox 925 4659 970 4734; x_wconf 75' lang='lat'><strong>&#39;_°</strong></span> <span class='ocrx_word' id='word_1_747' title='bbox 996 4659 1163 4734; x_wconf 82' lang='lat' dir='ltr'><strong>Prov.</strong></span> <span class='ocrx_word' id='word_1_748' title='bbox 1197 4677 1319 4727; x_wconf 85' lang='lat' dir='ltr'><strong>vm,</strong></span> <span class='ocrx_word' id='word_1_749' title='bbox 1348 4661 1468 4734; x_wconf 13' lang='lat'><strong>22.“</strong></span> <span class='ocrx_word' id='word_1_750' title='bbox 1516 4661 1560 4734; x_wconf 49' lang='lat'><strong>{7</strong></span> <span class='ocrx_word' id='word_1_751' title='bbox 1593 4662 1760 4734; x_wconf 85' lang='lat' dir='ltr'><strong>Rom.</strong></span> <span class='ocrx_word' id='word_1_752' title='bbox 1795 4679 1834 4731; x_wconf 84' lang='grc' dir='ltr'><strong>ι,</strong></span> <span class='ocrx_word' id='word_1_753' title='bbox 1868 4663 1917 4718; x_wconf 69' lang='lat' dir='ltr'><strong>ii</strong></span> 
     </span>
    </p>
   </div>
   <div class='ocr_carea' id='block_1_93' title="bbox 2036 4658 3670 4734">
    <p class='ocr_par' dir='ltr' id='par_1_93' title="bbox 2036 4660 3670 4734">
     <span class='ocr_line' id='line_1_93' title="bbox 2036 4660 3670 4734; baseline 0.004 -18"><span class='ocrx_word' id='word_1_754' title='bbox 2036 4663 2073 4716; x_wconf 89' lang='lat'><strong>).</strong></span> <span class='ocrx_word' id='word_1_755' title='bbox 2106 4660 2194 4734; x_wconf 50' lang='lat' dir='ltr'><strong>f9</strong></span> <span class='ocrx_word' id='word_1_756' title='bbox 2218 4661 2252 4734; x_wconf 79' lang='lat' dir='ltr'><strong>_I_</strong></span> <span class='ocrx_word' id='word_1_757' title='bbox 2275 4661 2462 4727; x_wconf 79' lang='lat' dir='ltr'><strong>Cor.1,</strong></span> <span class='ocrx_word' id='word_1_758' title='bbox 2493 4662 2587 4734; x_wconf 72' lang='lat' dir='ltr'><strong>2i.</strong></span> <span class='ocrx_word' id='word_1_759' title='bbox 2626 4661 2703 4734; x_wconf 13' lang='grc' dir='ltr'><strong>ξδ’</strong></span> <span class='ocrx_word' id='word_1_760' title='bbox 2730 4665 2864 4734; x_wconf 83' lang='lat' dir='ltr'><strong>Sap.</strong></span> <span class='ocrx_word' id='word_1_761' title='bbox 2897 4679 2973 4733; x_wconf 81' lang='lat' dir='ltr'><strong>VI,</strong></span> <span class='ocrx_word' id='word_1_762' title='bbox 3004 4664 3095 4734; x_wconf 87' lang='lat'><strong>26,</strong></span> <span class='ocrx_word' id='word_1_763' title='bbox 3170 4664 3217 4699; x_wconf 77' lang='grc'><strong>⁹⁰</strong></span> <span class='ocrx_word' id='word_1_764' title='bbox 3247 4668 3407 4721; x_wconf 88' lang='lat' dir='ltr'><strong>Prov.</strong></span> <span class='ocrx_word' id='word_1_765' title='bbox 3445 4681 3558 4732; x_wconf 79' lang='lat' dir='ltr'><strong>xiv,</strong></span> <span class='ocrx_word' id='word_1_766' title='bbox 3582 4666 3670 4722; x_wconf 85' lang='grc'><strong>16.</strong></span> 
     </span>
    </p>
   </div>
   <div class='ocr_carea' id='block_1_94' title="bbox 254 4730 1917 4802">
    <p class='ocr_par' dir='ltr' id='par_1_94' title="bbox 254 4730 1917 4802">
     <span class='ocr_line' id='line_1_94' title="bbox 254 4730 1917 4802; baseline 0.002 -18"><span class='ocrx_word' id='word_1_767' title='bbox 254 4731 298 4767; x_wconf 81' lang='grc'><strong>⁹¹</strong></span> <span class='ocrx_word' id='word_1_768' title='bbox 332 4730 499 4786; x_wconf 91' lang='lat' dir='ltr'><strong>Prov.</strong></span> <span class='ocrx_word' id='word_1_769' title='bbox 530 4730 776 4800; x_wconf 36' lang='lat' dir='ltr'><strong>xx1v,&#39;5.</strong></span> <span class='ocrx_word' id='word_1_770' title='bbox 852 4730 900 4766; x_wconf 71' lang='grc' dir='ltr'><strong>θ’</strong></span> <span class='ocrx_word' id='word_1_771' title='bbox 930 4730 1113 4787; x_wconf 87' lang='lat' dir='ltr'><strong>Eccle.</strong></span> <span class='ocrx_word' id='word_1_772' title='bbox 1149 4748 1271 4802; x_wconf 87' lang='lat' dir='ltr'><strong>vm,</strong></span> <span class='ocrx_word' id='word_1_773' title='bbox 1306 4734 1357 4788; x_wconf 91' lang='grc'>1.</span> <span class='ocrx_word' id='word_1_774' title='bbox 1434 4733 1479 4770; x_wconf 76' lang='grc'><strong>⁸³³</strong></span> <span class='ocrx_word' id='word_1_775' title='bbox 1510 4733 1697 4789; x_wconf 87' lang='lat' dir='ltr'><strong>Eccle.</strong></span> <span class='ocrx_word' id='word_1_776' title='bbox 1731 4730 1830 4799; x_wconf 78' lang='lat' dir='ltr'><strong>vn,</strong></span> <span class='ocrx_word' id='word_1_777' title='bbox 1868 4735 1917 4788; x_wconf 81' lang='grc'><strong>11</strong></span> 
     </span>
    </p>
   </div>
   <div class='ocr_carea' id='block_1_95' title="bbox 2036 4730 3054 4802">
    <p class='ocr_par' dir='ltr' id='par_1_95' title="bbox 2036 4730 3054 4800">
     <span class='ocr_line' id='line_1_95' title="bbox 2036 4730 3054 4800; baseline 0.002 -12"><span class='ocrx_word' id='word_1_778' title='bbox 2036 4734 2077 4769; x_wconf 74' lang='grc'><strong>³⁸</strong></span> <span class='ocrx_word' id='word_1_779' title='bbox 2104 4731 2277 4789; x_wconf 88' lang='lat' dir='ltr'><strong>Eccli.</strong></span> <span class='ocrx_word' id='word_1_780' title='bbox 2311 4750 2351 4800; x_wconf 78' lang='grc' dir='ltr'><strong>ι,</strong></span> <span class='ocrx_word' id='word_1_781' title='bbox 2385 4734 2471 4790; x_wconf 88' lang='grc'><strong>10.</strong></span> <span class='ocrx_word' id='word_1_782' title='bbox 2548 4733 2592 4767; x_wconf 71' lang='grc'>⁸⁸</span> <span class='ocrx_word' id='word_1_783' title='bbox 2622 4732 2772 4788; x_wconf 90' lang='lat' dir='ltr'><strong>Psal.</strong></span> <span class='ocrx_word' id='word_1_784' title='bbox 2805 4730 2968 4799; x_wconf 56' lang='lat' dir='ltr'><strong>avni,</strong></span> <span class='ocrx_word' id='word_1_785' title='bbox 2999 4736 3054 4791; x_wconf 88' lang='lat'><strong>2.</strong></span> 
     </span>
    </p>
   </div>
   <div class='ocr_carea' id='block_1_96' title="bbox 327 4906 1917 4992">
    <p class='ocr_par' dir='ltr' id='par_1_96' title="bbox 327 4906 1913 4992">
     <span class='ocr_line' id='line_1_96' title="bbox 327 4906 1913 4992; baseline -0.009 -24"><span class='ocrx_word' id='word_1_786' title='bbox 327 4908 939 4992; x_wconf 43' lang='lat' dir='ltr'><strong>(8)“Segue5.‘Gohler.</strong></span> <span class='ocrx_word' id='word_1_787' title='bbox 973 4910 1165 4992; x_wconf 82' lang='lat' dir='ltr'><strong>Fe1_ck_.</strong></span> <span class='ocrx_word' id='word_1_788' title='bbox 1202 4912 1402 4992; x_wconf 74' lang='lat' dir='ltr'><strong>1_et_4,</strong></span> <span class='ocrx_word' id='word_1_789' title='bbox 1570 4912 1770 4992; x_wconf 37' lang='lat'>{6‘10};</span> <span class='ocrx_word' id='word_1_790' title='bbox 1822 4911 1913 4992; x_wconf 49' lang='grc' dir='ltr'><strong>τι)-</strong></span> 
     </span>
    </p>
   </div>
   <div class='ocr_carea' id='block_1_97' title="bbox 2036 4906 3143 4992">
    <p class='ocr_par' dir='ltr' id='par_1_97' title="bbox 2036 4910 3143 4992">
     <span class='ocr_line' id='line_1_97' title="bbox 2036 4910 3143 4992; baseline 0 -23"><span class='ocrx_word' id='word_1_791' title='bbox 2036 4912 2346 4992; x_wconf 68' lang='lat' dir='ltr'><strong>Scriptura.</strong></span> <span class='ocrx_word' id='word_1_792' title='bbox 2376 4910 2488 4967; x_wconf 88' lang='lat' dir='ltr'><strong>Alii</strong></span> <span class='ocrx_word' id='word_1_793' title='bbox 2516 4916 2573 4992; x_wconf 58' lang='lat' dir='ltr'><strong>et</strong></span> <span class='ocrx_word' id='word_1_794' title='bbox 2600 4910 3143 4992; x_wconf 60' lang='lat' dir='ltr'><strong>editi,:Ejtsi6vﬁnep.</strong></span> 
     </span>
    </p>
   </div>
   <div class='ocr_carea' id='block_1_98' title="bbox 254 4976 1910 5049">
    <p class='ocr_par' dir='ltr' id='par_1_98' title="bbox 254 4976 1910 5049">
     <span class='ocr_line' id='line_1_98' title="bbox 254 4976 1910 5049; baseline 0.002 -15"><span class='ocrx_word' id='word_1_795' title='bbox 254 4976 589 5036; x_wconf 40' lang='lat' dir='ltr'><strong>nonBas—il.</strong></span> <span class='ocrx_word' id='word_1_796' title='bbox 620 4976 709 5033; x_wconf 76' lang='grc' dir='ltr'>διὰ</span> <span class='ocrx_word' id='word_1_797' title='bbox 736 4980 799 5034; x_wconf 91' lang='grc' dir='ltr'>τὸ</span> <span class='ocrx_word' id='word_1_798' title='bbox 828 4980 1019 5036; x_wconf 74' lang='grc' dir='ltr'>τύπον.</span> <span class='ocrx_word' id='word_1_799' title='bbox 1053 4983 1252 5038; x_wconf 58' lang='lat' dir='ltr'><strong>Castori</strong></span> <span class='ocrx_word' id='word_1_800' title='bbox 1293 4986 1349 5038; x_wconf 86' lang='lat' dir='ltr'><strong>et</strong></span> <span class='ocrx_word' id='word_1_801' title='bbox 1383 4976 1546 5049; x_wconf 68' lang='lat' dir='ltr'><strong>editi,</strong></span> <span class='ocrx_word' id='word_1_802' title='bbox 1579 4979 1668 5037; x_wconf 74' lang='grc' dir='ltr'>διὰ</span> <span class='ocrx_word' id='word_1_803' title='bbox 1695 4984 1787 5037; x_wconf 88' lang='grc' dir='ltr'>τὸν</span> <span class='ocrx_word' id='word_1_804' title='bbox 1817 4982 1910 5038; x_wconf 73' lang='grc' dir='ltr'>τό·</span> 
     </span>
    </p>
   </div>
   <div class='ocr_carea' id='block_1_99' title="bbox 255 5072 1903 5194">
    <p class='ocr_par' dir='ltr' id='par_1_99' title="bbox 255 5072 1903 5194">
     <span class='ocr_line' id='line_1_99' title="bbox 255 5072 1903 5194; baseline -0.003 -15"><span class='ocrx_word' id='word_1_805' title='bbox 255 5072 403 5194; x_wconf 50' lang='grc' dir='ltr'><strong>ποῖά)</strong></span> <span class='ocrx_word' id='word_1_806' title='bbox 433 5122 671 5179; x_wconf 89' lang='lat' dir='ltr'><strong>Gobler.</strong></span> <span class='ocrx_word' id='word_1_807' title='bbox 705 5126 763 5178; x_wconf 85' lang='lat' dir='ltr'><strong>et</strong></span> <span class='ocrx_word' id='word_1_808' title='bbox 797 5122 983 5179; x_wconf 80' lang='lat' dir='ltr'><strong>Felck.</strong></span> <span class='ocrx_word' id='word_1_809' title='bbox 1021 5125 1069 5189; x_wconf 92' lang='grc'>1,</span> <span class='ocrx_word' id='word_1_810' title='bbox 1106 5121 1365 5194; x_wconf 81' lang='grc' dir='ltr'>ὡσαύτως</span> <span class='ocrx_word' id='word_1_811' title='bbox 1396 5124 1492 5177; x_wconf 83' lang='grc' dir='ltr'><strong>ὧν.</strong></span> <span class='ocrx_word' id='word_1_812' title='bbox 1527 5125 1726 5182; x_wconf 75' lang='lat' dir='ltr'><strong>Caeteri</strong></span> <span class='ocrx_word' id='word_1_813' title='bbox 1764 5140 1903 5181; x_wconf 79' lang='lat' dir='ltr'><strong>mss,</strong></span> 
     </span>
    </p>
   </div>
   <div class='ocr_carea' id='block_1_100' title="bbox 250 5192 1904 5265">
    <p class='ocr_par' dir='ltr' id='par_1_100' title="bbox 250 5192 1904 5265">
     <span class='ocr_line' id='line_1_100' title="bbox 250 5192 1904 5265; baseline 0.001 -14"><span class='ocrx_word' id='word_1_814' title='bbox 250 5201 307 5251; x_wconf 85' lang='lat' dir='ltr'><strong>et</strong></span> <span class='ocrx_word' id='word_1_815' title='bbox 333 5192 516 5265; x_wconf 69' lang='lat' dir='ltr'><strong>editio</strong></span> <span class='ocrx_word' id='word_1_816' title='bbox 547 5195 826 5250; x_wconf 88' lang='lat' dir='ltr'><strong>Commel.</strong></span> <span class='ocrx_word' id='word_1_817' title='bbox 860 5194 933 5256; x_wconf 85' lang='grc' dir='ltr'>ὡς</span> <span class='ocrx_word' id='word_1_818' title='bbox 962 5193 1121 5256; x_wconf 85' lang='grc' dir='ltr'>αὐτὸς</span> <span class='ocrx_word' id='word_1_819' title='bbox 1154 5192 1249 5251; x_wconf 73' lang='grc' dir='ltr'><strong>ὤν.</strong></span> <span class='ocrx_word' id='word_1_820' title='bbox 1284 5200 1411 5252; x_wconf 85' lang='lat' dir='ltr'><strong>Mox</strong></span> <span class='ocrx_word' id='word_1_821' title='bbox 1459 5213 1604 5253; x_wconf 85' lang='lat' dir='ltr'><strong>mss.</strong></span> <span class='ocrx_word' id='word_1_822' title='bbox 1659 5198 1904 5265; x_wconf 82' lang='lat' dir='ltr'><strong>addunt,</strong></span> 
     </span>
    </p>
   </div>
   <div class='ocr_carea' id='block_1_101' title="bbox 252 5261 1437 5343">
    <p class='ocr_par' dir='ltr' id='par_1_101' title="bbox 252 5261 1437 5343">
     <span class='ocr_line' id='line_1_101' title="bbox 252 5261 1437 5343; baseline 0.003 -22"><span class='ocrx_word' id='word_1_823' title='bbox 252 5266 337 5343; x_wconf 80' lang='grc' dir='ltr'><strong>εἰς</strong></span> <span class='ocrx_word' id='word_1_824' title='bbox 356 5261 489 5343; x_wconf 57' lang='grc' dir='ltr'>ἔργα</span> <span class='ocrx_word' id='word_1_825' title='bbox 516 5265 701 5343; x_wconf 75' lang='grc' dir='ltr'>αὐτοῦ,</span> <span class='ocrx_word' id='word_1_826' title='bbox 736 5283 864 5339; x_wconf 64' lang='lat' dir='ltr'><strong>quae</strong></span> <span class='ocrx_word' id='word_1_827' title='bbox 894 5269 968 5322; x_wconf 90' lang='lat' dir='ltr'><strong>ab</strong></span> <span class='ocrx_word' id='word_1_828' title='bbox 999 5267 1183 5343; x_wconf 77' lang='lat' dir='ltr'><strong>editis</strong></span> <span class='ocrx_word' id='word_1_829' title='bbox 1205 5269 1437 5343; x_wconf 81' lang='lat' dir='ltr'><strong>absunt.</strong></span> 
     </span>
    </p>
   </div>
   <div class='ocr_carea' id='block_1_102' title="bbox 322 5338 1907 5413">
    <p class='ocr_par' dir='ltr' id='par_1_102' title="bbox 322 5338 1907 5413">
     <span class='ocr_line' id='line_1_102' title="bbox 322 5338 1907 5413; baseline 0.001 -20"><span class='ocrx_word' id='word_1_830' title='bbox 322 5338 445 5410; x_wconf 74' lang='grc'>(10)</span> <span class='ocrx_word' id='word_1_831' title='bbox 470 5338 825 5413; x_wconf 78' lang='lat' dir='ltr'><strong>SicSeguer.</strong></span> <span class='ocrx_word' id='word_1_832' title='bbox 860 5344 996 5413; x_wconf 79' lang='lat' dir='ltr'><strong>Reg.</strong></span> <span class='ocrx_word' id='word_1_833' title='bbox 1036 5339 1210 5413; x_wconf 70' lang='lat' dir='ltr'><strong>Basil.</strong></span> <span class='ocrx_word' id='word_1_834' title='bbox 1246 5340 1471 5413; x_wconf 49' lang='lat' dir='ltr'><strong>Anglic.</strong></span> <span class='ocrx_word' id='word_1_835' title='bbox 1526 5338 1713 5413; x_wconf 74' lang='lat' dir='ltr'><strong>Felck.</strong></span> <span class='ocrx_word' id='word_1_836' title='bbox 1770 5342 1825 5413; x_wconf 15' lang='grc' dir='ltr'>4ί</span> <span class='ocrx_word' id='word_1_837' title='bbox 1850 5342 1907 5413; x_wconf 85' lang='lat' dir='ltr'><strong>et</strong></span> 
     </span>
    </p>
   </div>
   <div class='ocr_carea' id='block_1_103' title="bbox 246 5356 1902 5486">
    <p class='ocr_par' dir='ltr' id='par_1_103' title="bbox 246 5356 1902 5486">
     <span class='ocr_line' id='line_1_103' title="bbox 322 5356 1902 5413; baseline 0.001 -20"><span class='ocrx_word' id='word_1_838' title='bbox 322 5356 443 5410; x_wconf 59' lang='lat' dir='ltr'><strong>uti)</strong></span> <span class='ocrx_word' id='word_1_839' title='bbox 470 5356 563 5394; x_wconf 68' lang='grc' dir='ltr'>διο</span> <span class='ocrx_word' id='word_1_840' title='bbox 590 5356 825 5410; x_wconf 70' lang='grc' dir='ltr'>δθευοτ.</span> <span class='ocrx_word' id='word_1_841' title='bbox 860 5356 936 5395; x_wconf 73' lang='lat' dir='ltr'><strong>ne</strong></span> <span class='ocrx_word' id='word_1_842' title='bbox 985 5382 996 5394; x_wconf 94' lang='lat'><strong>.</strong></span> <span class='ocrx_word' id='word_1_843' title='bbox 1036 5356 1210 5396; x_wconf 74' lang='lat' dir='ltr'><strong>uasu.</strong></span> <span class='ocrx_word' id='word_1_844' title='bbox 1246 5356 1471 5413; x_wconf 74' lang='lat' dir='ltr'><strong>angue.</strong></span> <span class='ocrx_word' id='word_1_845' title='bbox 1526 5356 1713 5396; x_wconf 71' lang='lat' dir='ltr'><strong>1&quot;61CK.</strong></span> <span class='ocrx_word' id='word_1_846' title='bbox 1770 5356 1799 5394; x_wconf 67' lang='grc'>4</span> <span class='ocrx_word' id='word_1_847' title='bbox 1850 5356 1902 5395; x_wconf 83' lang='lat' dir='ltr'><strong>et</strong></span> 
     </span>
     <span class='ocr_line' id='line_1_104' title="bbox 246 5356 1902 5486; baseline 0 -21"><span class='ocrx_word' id='word_1_848' title='bbox 246 5412 299 5486; x_wconf 62' lang='grc'><strong>5.</strong></span> <span class='ocrx_word' id='word_1_849' title='bbox 336 5416 411 5465; x_wconf 78' lang='lat' dir='ltr'><strong>At</strong></span> <span class='ocrx_word' id='word_1_850' title='bbox 437 5409 671 5486; x_wconf 65' lang='lat' dir='ltr'><strong>Qobler.</strong></span> <span class='ocrx_word' id='word_1_851' title='bbox 703 5415 760 5465; x_wconf 91' lang='lat' dir='ltr'><strong>et</strong></span> <span class='ocrx_word' id='word_1_852' title='bbox 814 5356 1003 5486; x_wconf 54' lang='lat' dir='ltr'><strong>Pelei.</strong></span> <span class='ocrx_word' id='word_1_853' title='bbox 1072 5412 1117 5479; x_wconf 90' lang='grc'>1,</span> <span class='ocrx_word' id='word_1_854' title='bbox 1179 5410 1213 5486; x_wconf 67' lang='grc' dir='ltr'><strong>’ῥ</strong></span> <span class='ocrx_word' id='word_1_855' title='bbox 1246 5406 1411 5486; x_wconf 77' lang='grc' dir='ltr'>λέγει,</span> <span class='ocrx_word' id='word_1_856' title='bbox 1447 5410 1547 5486; x_wconf 75' lang='lat' dir='ltr'><strong>qui</strong></span> <span class='ocrx_word' id='word_1_857' title='bbox 1581 5410 1757 5467; x_wconf 88' lang='lat' dir='ltr'><strong>iidem</strong></span> <span class='ocrx_word' id='word_1_858' title='bbox 1790 5411 1902 5486; x_wconf 83' lang='lat' dir='ltr'><strong>ibi-</strong></span> 
     </span>
    </p>
   </div>
   <div class='ocr_carea' id='block_1_104' title="bbox 247 5480 1905 5573">
    <p class='ocr_par' dir='ltr' id='par_1_104' title="bbox 247 5480 1905 5573">
     <span class='ocr_line' id='line_1_105' title="bbox 247 5480 1905 5573; baseline -0.001 -36"><span class='ocrx_word' id='word_1_859' title='bbox 247 5483 407 5573; x_wconf 71' lang='grc' dir='ltr'>ᾱεῳ,</span> <span class='ocrx_word' id='word_1_860' title='bbox 459 5480 543 5535; x_wconf 76' lang='grc' dir='ltr'><strong>ὅτι</strong></span> <span class='ocrx_word' id='word_1_861' title='bbox 586 5481 649 5534; x_wconf 87' lang='grc' dir='ltr'>τὸ</span> <span class='ocrx_word' id='word_1_862' title='bbox 680 5481 920 5553; x_wconf 87' lang='grc' dir='ltr'>γνωστὸν</span> <span class='ocrx_word' id='word_1_863' title='bbox 953 5485 1049 5535; x_wconf 84' lang='grc' dir='ltr'><strong>τοῦ</strong></span> <span class='ocrx_word' id='word_1_864' title='bbox 1080 5482 1215 5535; x_wconf 83' lang='grc' dir='ltr'>Θεοῦ</span> <span class='ocrx_word' id='word_1_865' title='bbox 1266 5480 1490 5560; x_wconf 74' lang='grc' dir='ltr'>φανερόν</span> <span class='ocrx_word' id='word_1_866' title='bbox 1526 5480 1636 5535; x_wconf 75' lang='grc' dir='ltr'>ἐστι</span> <span class='ocrx_word' id='word_1_867' title='bbox 1668 5486 1781 5542; x_wconf 88' lang='grc' dir='ltr'>τοῖς</span> <span class='ocrx_word' id='word_1_868' title='bbox 1813 5482 1905 5535; x_wconf 89' lang='grc' dir='ltr'>ἀν-</span> 
     </span>
    </p>
   </div>
   <div class='ocr_carea' id='block_1_105' title="bbox 251 5564 1902 5698">
    <p class='ocr_par' dir='ltr' id='par_1_105' title="bbox 251 5564 1902 5698">
     <span class='ocr_line' id='line_1_106' title="bbox 251 5564 519 5628; baseline -0.004 -21"><span class='ocrx_word' id='word_1_869' title='bbox 251 5564 519 5628; x_wconf 81' lang='grc' dir='ltr'>θρώποις.</span> 
     </span>
     <span class='ocr_line' id='line_1_107' title="bbox 294 5620 1902 5698; baseline -0.002 -17"><span class='ocrx_word' id='word_1_870' title='bbox 294 5626 435 5698; x_wconf 67' lang='grc' dir='ltr'><strong>Δ(11)</strong></span> <span class='ocrx_word' id='word_1_871' title='bbox 467 5624 698 5681; x_wconf 87' lang='lat' dir='ltr'><strong>Gobler.</strong></span> <span class='ocrx_word' id='word_1_872' title='bbox 731 5629 789 5680; x_wconf 84' lang='lat' dir='ltr'><strong>et</strong></span> <span class='ocrx_word' id='word_1_873' title='bbox 820 5625 1011 5681; x_wconf 87' lang='lat' dir='ltr'><strong>Felck.</strong></span> <span class='ocrx_word' id='word_1_874' title='bbox 1070 5626 1119 5689; x_wconf 91' lang='grc'>1,</span> <span class='ocrx_word' id='word_1_875' title='bbox 1176 5622 1275 5678; x_wconf 78' lang='grc' dir='ltr'><strong>οὐκ</strong></span> <span class='ocrx_word' id='word_1_876' title='bbox 1302 5620 1402 5680; x_wconf 66' lang='lat' dir='ltr'><strong>Sci-ci.</strong></span> <span class='ocrx_word' id='word_1_877' title='bbox 1438 5626 1568 5681; x_wconf 84' lang='lat' dir='ltr'><strong>Mox</strong></span> <span class='ocrx_word' id='word_1_878' title='bbox 1600 5625 1774 5680; x_wconf 89' lang='lat' dir='ltr'><strong>iidem</strong></span> <span class='ocrx_word' id='word_1_879' title='bbox 1808 5644 1902 5678; x_wconf 81' lang='grc' dir='ltr'>πε-</span> 
     </span>
    </p>
   </div>
   <div class='ocr_carea' id='block_1_106' title="bbox 252 5693 640 5771">
    <p class='ocr_par' dir='ltr' id='par_1_106' title="bbox 252 5693 640 5771">
     <span class='ocr_line' id='line_1_108' title="bbox 252 5693 640 5771; baseline 0.01 -22"><span class='ocrx_word' id='word_1_880' title='bbox 252 5693 305 5771; x_wconf 81' lang='grc' dir='ltr'><strong>ρί</strong></span> <span class='ocrx_word' id='word_1_881' title='bbox 327 5693 640 5771; x_wconf 79' lang='lat' dir='ltr'><strong>omittunt.</strong></span> 
     </span>
    </p>
   </div>
   <div class='ocr_carea' id='block_1_107' title="bbox 325 5763 1905 5844">
    <p class='ocr_par' dir='ltr' id='par_1_107' title="bbox 325 5763 1905 5844">
     <span class='ocr_line' id='line_1_109' title="bbox 325 5763 1905 5844; baseline 0.001 -20"><span class='ocrx_word' id='word_1_882' title='bbox 325 5770 436 5843; x_wconf 86' lang='grc'>(12)</span> <span class='ocrx_word' id='word_1_883' title='bbox 466 5768 704 5841; x_wconf 84' lang='lat' dir='ltr'><strong>Seguer.</strong></span> <span class='ocrx_word' id='word_1_884' title='bbox 737 5771 795 5824; x_wconf 91' lang='lat' dir='ltr'><strong>et</strong></span> <span class='ocrx_word' id='word_1_885' title='bbox 819 5766 1009 5825; x_wconf 80' lang='lat' dir='ltr'><strong>Felck.</strong></span> <span class='ocrx_word' id='word_1_886' title='bbox 1040 5768 1092 5840; x_wconf 84' lang='grc'><strong>4,</strong></span> <span class='ocrx_word' id='word_1_887' title='bbox 1126 5763 1346 5837; x_wconf 72' lang='grc' dir='ltr'>Ἐπειδὴ</span> <span class='ocrx_word' id='word_1_888' title='bbox 1388 5765 1510 5844; x_wconf 82' lang='grc' dir='ltr'>γάρ,</span> <span class='ocrx_word' id='word_1_889' title='bbox 1546 5772 1609 5825; x_wconf 92' lang='lat' dir='ltr'><strong>ut</strong></span> <span class='ocrx_word' id='word_1_890' title='bbox 1638 5773 1697 5826; x_wconf 87' lang='lat' dir='ltr'><strong>et</strong></span> <span class='ocrx_word' id='word_1_891' title='bbox 1727 5767 1905 5825; x_wconf 88' lang='lat' dir='ltr'><strong>habet</strong></span> 
     </span>
    </p>
   </div>
   <div class='ocr_carea' id='block_1_108' title="bbox 2092 4981 3666 5066">
    <p class='ocr_par' dir='ltr' id='par_1_108' title="bbox 2092 4981 3666 5066">
     <span class='ocr_line' id='line_1_110' title="bbox 2092 4981 3666 5066; baseline 0.003 -27"><span class='ocrx_word' id='word_1_892' title='bbox 2092 4981 2213 5066; x_wconf 42' lang='grc'>(13).</span> <span class='ocrx_word' id='word_1_893' title='bbox 2238 4981 2741 5066; x_wconf 42' lang='lat' dir='ltr'><strong>Segue‘r..Go‘bler.</strong></span> <span class='ocrx_word' id='word_1_894' title='bbox 2778 4984 2922 5066; x_wconf 70' lang='lat' dir='ltr'><strong>Felc.</strong></span> <span class='ocrx_word' id='word_1_895' title='bbox 2960 4981 3155 5054; x_wconf 54' lang='lat' dir='ltr'><strong>ltili,</strong></span> <span class='ocrx_word' id='word_1_896' title='bbox 3215 4983 3313 5039; x_wconf 77' lang='grc' dir='ltr'>Καὶ</span> <span class='ocrx_word' id='word_1_897' title='bbox 3347 4985 3509 5065; x_wconf 82' lang='grc' dir='ltr'>σοφὸς</span> <span class='ocrx_word' id='word_1_898' title='bbox 3542 4987 3666 5063; x_wconf 70' lang='grc' dir='ltr'>γάρ.</span> 
     </span>
    </p>
   </div>
   <div class='ocr_carea' id='block_1_109' title="bbox 2020 5054 2884 5127">
    <p class='ocr_par' dir='ltr' id='par_1_109' title="bbox 2020 5054 2884 5127">
     <span class='ocr_line' id='line_1_111' title="bbox 2020 5054 2884 5127; baseline 0.001 -17"><span class='ocrx_word' id='word_1_899' title='bbox 2020 5054 2085 5110; x_wconf 87' lang='lat' dir='ltr'><strong>In</strong></span> <span class='ocrx_word' id='word_1_900' title='bbox 2118 5054 2250 5111; x_wconf 86' lang='lat' dir='ltr'><strong>aliis</strong></span> <span class='ocrx_word' id='word_1_901' title='bbox 2280 5054 2339 5127; x_wconf 79' lang='lat' dir='ltr'><strong>et</strong></span> <span class='ocrx_word' id='word_1_902' title='bbox 2366 5054 2540 5109; x_wconf 84' lang='lat' dir='ltr'><strong>editis</strong></span> <span class='ocrx_word' id='word_1_903' title='bbox 2571 5056 2735 5110; x_wconf 79' lang='lat' dir='ltr'><strong>deest</strong></span> <span class='ocrx_word' id='word_1_904' title='bbox 2760 5054 2884 5127; x_wconf 78' lang='grc' dir='ltr'>γάρ.</span> 
     </span>
    </p>
   </div>
   <div class='ocr_carea' id='block_1_110' title="bbox 2089 5123 3665 5199">
    <p class='ocr_par' dir='ltr' id='par_1_110' title="bbox 2089 5123 3665 5199">
     <span class='ocr_line' id='line_1_112' title="bbox 2089 5123 3665 5199; baseline 0.004 -19"><span class='ocrx_word' id='word_1_905' title='bbox 2089 5128 2202 5199; x_wconf 83' lang='grc'>(14)</span> <span class='ocrx_word' id='word_1_906' title='bbox 2235 5123 2393 5199; x_wconf 83' lang='grc' dir='ltr'>Λέγει</span> <span class='ocrx_word' id='word_1_907' title='bbox 2423 5128 2590 5199; x_wconf 75' lang='lat' dir='ltr'><strong>abest</strong></span> <span class='ocrx_word' id='word_1_908' title='bbox 2618 5145 2647 5199; x_wconf 67' lang='grc' dir='ltr'>ει</span> <span class='ocrx_word' id='word_1_909' title='bbox 2678 5123 2908 5182; x_wconf 69' lang='lat' dir='ltr'><strong>(iobler.</strong></span> <span class='ocrx_word' id='word_1_910' title='bbox 2943 5132 3000 5181; x_wconf 90' lang='lat' dir='ltr'><strong>et</strong></span> <span class='ocrx_word' id='word_1_911' title='bbox 3022 5127 3212 5183; x_wconf 88' lang='lat' dir='ltr'><strong>Felck.</strong></span> <span class='ocrx_word' id='word_1_912' title='bbox 3248 5129 3297 5184; x_wconf 91' lang='grc'>1.</span> <span class='ocrx_word' id='word_1_913' title='bbox 3336 5129 3465 5185; x_wconf 86' lang='lat' dir='ltr'><strong>Mox</strong></span> <span class='ocrx_word' id='word_1_914' title='bbox 3490 5130 3665 5186; x_wconf 87' lang='lat' dir='ltr'><strong>iidem</strong></span> 
     </span>
    </p>
   </div>
   <div class='ocr_carea' id='block_1_111' title="bbox 2017 5196 3673 5276">
    <p class='ocr_par' dir='ltr' id='par_1_111' title="bbox 2017 5196 3673 5276">
     <span class='ocr_line' id='line_1_113' title="bbox 2017 5196 3673 5276; baseline 0.004 -23"><span class='ocrx_word' id='word_1_915' title='bbox 2017 5196 2333 5276; x_wconf 45' lang='lat' dir='ltr'><strong>etﬁeguer;</strong></span> <span class='ocrx_word' id='word_1_916' title='bbox 2381 5196 2689 5276; x_wconf 73' lang='lat' dir='ltr'><strong>_et_Felck.</strong></span> <span class='ocrx_word' id='word_1_917' title='bbox 2750 5199 2803 5262; x_wconf 84' lang='grc'><strong>4,</strong></span> <span class='ocrx_word' id='word_1_918' title='bbox 2863 5204 3056 5276; x_wconf 84' lang='grc' dir='ltr'>φωτιεῖ</span> <span class='ocrx_word' id='word_1_919' title='bbox 3100 5198 3412 5275; x_wconf 81' lang='grc' dir='ltr'>πρόσωπον.</span> <span class='ocrx_word' id='word_1_920' title='bbox 3461 5202 3577 5257; x_wconf 82' lang='lat' dir='ltr'><strong>Alii</strong></span> <span class='ocrx_word' id='word_1_921' title='bbox 3610 5206 3673 5259; x_wconf 88' lang='lat' dir='ltr'><strong>et</strong></span> 
     </span>
    </p>
   </div>
   <div class='ocr_carea' id='block_1_112' title="bbox 2015 5266 2833 5342">
    <p class='ocr_par' dir='ltr' id='par_1_112' title="bbox 2015 5266 2833 5342">
     <span class='ocr_line' id='line_1_114' title="bbox 2015 5266 2833 5342; baseline -0.005 -16"><span class='ocrx_word' id='word_1_922' title='bbox 2015 5266 2199 5332; x_wconf 48' lang='lat' dir='ltr'><strong>editi;</strong></span> <span class='ocrx_word' id='word_1_923' title='bbox 2211 5273 2403 5342; x_wconf 88' lang='grc' dir='ltr'>φωτιεῖ</span> <span class='ocrx_word' id='word_1_924' title='bbox 2427 5267 2491 5321; x_wconf 88' lang='grc' dir='ltr'>τὸ</span> <span class='ocrx_word' id='word_1_925' title='bbox 2523 5266 2833 5342; x_wconf 62' lang='grc' dir='ltr'>πρόσωπον.</span> 
     </span>
    </p>
   </div>
   <div class='ocr_carea' id='block_1_113' title="bbox 2086 5338 3659 5415">
    <p class='ocr_par' dir='ltr' id='par_1_113' title="bbox 2086 5338 3659 5415">
     <span class='ocr_line' id='line_1_115' title="bbox 2086 5338 3659 5415; baseline 0.005 -20"><span class='ocrx_word' id='word_1_926' title='bbox 2086 5342 2199 5411; x_wconf 87' lang='grc'>(15)</span> <span class='ocrx_word' id='word_1_927' title='bbox 2223 5338 2467 5415; x_wconf 19' lang='lat' dir='ltr'><strong>&#39;Sieguer.</strong></span> <span class='ocrx_word' id='word_1_928' title='bbox 2496 5338 2767 5415; x_wconf 73' lang='grc' dir='ltr'>πρότεροο</span> <span class='ocrx_word' id='word_1_929' title='bbox 2797 5338 2895 5394; x_wconf 79' lang='grc' dir='ltr'><strong>οὐκ</strong></span> <span class='ocrx_word' id='word_1_930' title='bbox 2924 5340 3080 5415; x_wconf 78' lang='grc' dir='ltr'>ἦσαν.</span> <span class='ocrx_word' id='word_1_931' title='bbox 3118 5343 3301 5415; x_wconf 62' lang='grc' dir='ltr'><strong>ΡιωὶοΔ</strong></span> <span class='ocrx_word' id='word_1_932' title='bbox 3334 5348 3509 5415; x_wconf 72' lang='lat' dir='ltr'><strong>post,</strong></span> <span class='ocrx_word' id='word_1_933' title='bbox 3546 5345 3659 5403; x_wconf 87' lang='lat' dir='ltr'><strong>Go-</strong></span> 
     </span>
    </p>
   </div>
   <div class='ocr_carea' id='block_1_114' title="bbox 2015 5356 3535 5509">
    <p class='ocr_par' dir='ltr' id='par_1_114' title="bbox 2015 5356 3535 5509">
     <span class='ocr_line' id='line_1_116' title="bbox 2086 5356 3486 5465; baseline 0.003 -70"><span class='ocrx_word' id='word_1_934' title='bbox 2086 5356 2199 5411; x_wconf 74' lang='lat'><strong>(10)</strong></span> <span class='ocrx_word' id='word_1_935' title='bbox 2229 5356 2467 5411; x_wconf 61' lang='lat' dir='ltr'><strong>ﬁeguer.</strong></span> <span class='ocrx_word' id='word_1_936' title='bbox 2498 5356 2763 5465; x_wconf 76' lang='grc' dir='ltr'>πρότεὲοο</span> <span class='ocrx_word' id='word_1_937' title='bbox 2797 5356 2895 5394; x_wconf 82' lang='grc' dir='ltr'><strong>ουκ</strong></span> <span class='ocrx_word' id='word_1_938' title='bbox 2924 5356 3080 5409; x_wconf 82' lang='grc' dir='ltr'>ησαν.</span> <span class='ocrx_word' id='word_1_939' title='bbox 3120 5356 3289 5399; x_wconf 80' lang='lat' dir='ltr'><strong>Paulo</strong></span> <span class='ocrx_word' id='word_1_940' title='bbox 3334 5356 3486 5415; x_wconf 88' lang='lat' dir='ltr'><strong>post,</strong></span> 
     </span>
     <span class='ocr_line' id='line_1_117' title="bbox 2015 5409 3535 5509; baseline 0.002 -42"><span class='ocrx_word' id='word_1_941' title='bbox 2015 5412 2140 5467; x_wconf 86' lang='lat' dir='ltr'><strong>bler</strong></span> <span class='ocrx_word' id='word_1_942' title='bbox 2170 5418 2225 5466; x_wconf 86' lang='lat' dir='ltr'><strong>et</strong></span> <span class='ocrx_word' id='word_1_943' title='bbox 2260 5412 2448 5480; x_wconf 82' lang='lat' dir='ltr'><strong>Felck,</strong></span> <span class='ocrx_word' id='word_1_944' title='bbox 2488 5414 2535 5497; x_wconf 70' lang='grc'><strong>12</strong></span> <span class='ocrx_word' id='word_1_945' title='bbox 2565 5411 2627 5467; x_wconf 76' lang='grc' dir='ltr'><strong>Εἰ</strong></span> <span class='ocrx_word' id='word_1_946' title='bbox 2697 5409 2719 5464; x_wconf 78' lang='grc' dir='ltr'><strong>ἐ</strong></span> <span class='ocrx_word' id='word_1_947' title='bbox 2751 5411 2909 5481; x_wconf 80' lang='grc' dir='ltr'>ἐστιν,</span> <span class='ocrx_word' id='word_1_948' title='bbox 2945 5413 3021 5473; x_wconf 83' lang='grc' dir='ltr'>ὡς</span> <span class='ocrx_word' id='word_1_949' title='bbox 3048 5413 3138 5468; x_wconf 82' lang='grc' dir='ltr'>καὶ</span> <span class='ocrx_word' id='word_1_950' title='bbox 3175 5413 3351 5509; x_wconf 53' lang='grc' dir='ltr'>Σιράχ</span> <span class='ocrx_word' id='word_1_951' title='bbox 3381 5414 3535 5499; x_wconf 74' lang='grc' dir='ltr'>φησί.</span> 
     </span>
     <span class='ocr_line' id='line_1_118' title="bbox 2088 5481 3535 5509; baseline 0 0"><span class='ocrx_word' id='word_1_952' title='bbox 2088 5484 2197 5509; x_wconf 61' lang='lat' dir='ltr'><strong>“tu</strong></span> <span class='ocrx_word' id='word_1_953' title='bbox 2229 5481 2442 5509; x_wconf 65' lang='lat' dir='ltr'><strong>n-1J..-</strong></span> <span class='ocrx_word' id='word_1_954' title='bbox 2499 5485 2661 5509; x_wconf 67' lang='lat' dir='ltr'><strong>l.-l-l-</strong></span> <span class='ocrx_word' id='word_1_955' title='bbox 2720 5484 2737 5509; x_wconf 76' lang='grc' dir='ltr'><em>Δ</em></span> <span class='ocrx_word' id='word_1_956' title='bbox 2782 5490 2833 5509; x_wconf 68' lang='grc' dir='ltr'><strong>,Α</strong></span> <span class='ocrx_word' id='word_1_957' title='bbox 2875 5487 2892 5509; x_wconf 82' lang='lat' dir='ltr'><strong>I.</strong></span> <span class='ocrx_word' id='word_1_958' title='bbox 2955 5484 2996 5509; x_wconf 67' lang='grc' dir='ltr'><strong>,ἓ</strong></span> <span class='ocrx_word' id='word_1_959' title='bbox 3026 5482 3072 5509; x_wconf 44' lang='lat' dir='ltr'><strong>ﬁt</strong></span> <span class='ocrx_word' id='word_1_960' title='bbox 3119 5490 3133 5509; x_wconf 68' lang='grc' dir='ltr'><strong>ε</strong></span> <span class='ocrx_word' id='word_1_961' title='bbox 3198 5507 3313 5509; x_wconf 32' lang='grc' dir='ltr'>κμη</span> <span class='ocrx_word' id='word_1_962' title='bbox 3360 5508 3377 5509; x_wconf 32' lang='grc' dir='ltr'><strong>κ</strong></span> <span class='ocrx_word' id='word_1_963' title='bbox 3477 5488 3535 5509; x_wconf 53' lang='grc' dir='ltr'>πμ</span> 
     </span>
    </p>
   </div>
   <div class='ocr_carea' id='block_1_115' title="bbox 2086 5481 3659 5557">
    <p class='ocr_par' dir='ltr' id='par_1_115' title="bbox 2086 5481 3659 5557">
     <span class='ocr_line' id='line_1_119' title="bbox 2086 5481 3659 5557; baseline 0.006 -21"><span class='ocrx_word' id='word_1_964' title='bbox 2086 5484 2199 5557; x_wconf 34' lang='grc'>(1-6)</span> <span class='ocrx_word' id='word_1_965' title='bbox 2229 5481 2460 5557; x_wconf 61' lang='lat' dir='ltr'><strong>Goblep.</strong></span> <span class='ocrx_word' id='word_1_966' title='bbox 2499 5481 2684 5557; x_wconf 50' lang='lat' dir='ltr'><strong>lielck.</strong></span> <span class='ocrx_word' id='word_1_967' title='bbox 2720 5484 2743 5537; x_wconf 81' lang='grc'><strong>1</strong></span> <span class='ocrx_word' id='word_1_968' title='bbox 2780 5490 2837 5539; x_wconf 88' lang='lat' dir='ltr'><strong>et</strong></span> <span class='ocrx_word' id='word_1_969' title='bbox 2866 5487 2917 5553; x_wconf 79' lang='grc'>4,</span> <span class='ocrx_word' id='word_1_970' title='bbox 2952 5484 2998 5539; x_wconf 74' lang='grc' dir='ltr'><strong>εἰ</strong></span> <span class='ocrx_word' id='word_1_971' title='bbox 3022 5482 3078 5540; x_wconf 75' lang='grc' dir='ltr'><strong>δὲ</strong></span> <span class='ocrx_word' id='word_1_972' title='bbox 3109 5490 3143 5556; x_wconf 80' lang='grc' dir='ltr'>ἡ</span> <span class='ocrx_word' id='word_1_973' title='bbox 3192 5481 3453 5557; x_wconf 52' lang='lat' dir='ltr'><strong>cauis—ct);</strong></span> <span class='ocrx_word' id='word_1_974' title='bbox 3477 5488 3659 5545; x_wconf 81' lang='lat' dir='ltr'><strong>Iidem</strong></span> 
     </span>
    </p>
   </div>
   <div class='ocr_carea' id='block_1_116' title="bbox 2016 5551 2705 5627">
    <p class='ocr_par' dir='ltr' id='par_1_116' title="bbox 2016 5551 2705 5627">
     <span class='ocr_line' id='line_1_120' title="bbox 2016 5551 2705 5627; baseline -0.006 -18"><span class='ocrx_word' id='word_1_975' title='bbox 2016 5551 2191 5627; x_wconf 72' lang='lat' dir='ltr'><strong>pauld</strong></span> <span class='ocrx_word' id='word_1_976' title='bbox 2224 5561 2373 5626; x_wconf 90' lang='lat' dir='ltr'><strong>post,</strong></span> <span class='ocrx_word' id='word_1_977' title='bbox 2409 5551 2460 5607; x_wconf 78' lang='grc' dir='ltr'>ἐν</span> <span class='ocrx_word' id='word_1_978' title='bbox 2491 5553 2705 5625; x_wconf 84' lang='grc' dir='ltr'>κόσμῳ.</span> 
     </span>
    </p>
   </div>
   <div class='ocr_carea' id='block_1_117' title="bbox 2084 5626 3662 5706">
    <p class='ocr_par' dir='ltr' id='par_1_117' title="bbox 2084 5626 3662 5706">
     <span class='ocr_line' id='line_1_121' title="bbox 2084 5626 3662 5706; baseline 0.003 -27"><span class='ocrx_word' id='word_1_979' title='bbox 2084 5628 2461 5706; x_wconf 57' lang='grc' dir='ltr'><strong>(2“ξξ)ὃειιςιιοι·Γ</strong></span> <span class='ocrx_word' id='word_1_980' title='bbox 2499 5631 2627 5706; x_wconf 51' lang='lat' dir='ltr'><strong>Peg,</strong></span> <span class='ocrx_word' id='word_1_981' title='bbox 2675 5626 2904 5706; x_wconf 79' lang='lat' dir='ltr'><strong>Gob_ler_.</strong></span> <span class='ocrx_word' id='word_1_982' title='bbox 2950 5628 3146 5706; x_wconf 71' lang='lat' dir='ltr'><strong>Felck.</strong></span> <span class='ocrx_word' id='word_1_983' title='bbox 3199 5633 3249 5700; x_wconf 89' lang='grc'>1,</span> <span class='ocrx_word' id='word_1_984' title='bbox 3307 5632 3336 5687; x_wconf 83' lang='grc' dir='ltr'>[ι</span> <span class='ocrx_word' id='word_1_985' title='bbox 3368 5636 3426 5687; x_wconf 88' lang='lat' dir='ltr'><strong>et</strong></span> <span class='ocrx_word' id='word_1_986' title='bbox 3451 5633 3510 5701; x_wconf 88' lang='lat'><strong>5,</strong></span> <span class='ocrx_word' id='word_1_987' title='bbox 3539 5631 3662 5706; x_wconf 80' lang='grc' dir='ltr'>πιρὶ</span> 
     </span>
    </p>
   </div>
   <div class='ocr_carea' id='block_1_118' title="bbox 2014 5697 3024 5772">
    <p class='ocr_par' dir='ltr' id='par_1_118' title="bbox 2014 5697 3024 5772">
     <span class='ocr_line' id='line_1_122' title="bbox 2014 5697 3024 5772; baseline 0.002 -20"><span class='ocrx_word' id='word_1_988' title='bbox 2014 5697 2236 5772; x_wconf 31' lang='grc' dir='ltr'>ἑαυτῆς,</span> <span class='ocrx_word' id='word_1_989' title='bbox 2264 5698 2375 5772; x_wconf 83' lang='lat' dir='ltr'><strong>Alii</strong></span> <span class='ocrx_word' id='word_1_990' title='bbox 2407 5703 2464 5753; x_wconf 89' lang='lat' dir='ltr'><strong>et</strong></span> <span class='ocrx_word' id='word_1_991' title='bbox 2493 5697 2653 5772; x_wconf 74' lang='lat' dir='ltr'><strong>editi,</strong></span> <span class='ocrx_word' id='word_1_992' title='bbox 2684 5697 2807 5772; x_wconf 87' lang='grc' dir='ltr'><strong>περί</strong></span> <span class='ocrx_word' id='word_1_993' title='bbox 2838 5697 3024 5769; x_wconf 83' lang='grc' dir='ltr'>αὐτῆς.</span> 
     </span>
    </p>
   </div>
   <div class='ocr_carea' id='block_1_119' title="bbox 2083 5770 2842 5844">
    <p class='ocr_par' dir='ltr' id='par_1_119' title="bbox 2083 5770 2842 5844">
     <span class='ocr_line' id='line_1_123' title="bbox 2083 5770 2842 5844; baseline 0.003 -20"><span class='ocrx_word' id='word_1_994' title='bbox 2083 5771 2195 5843; x_wconf 84' lang='grc'>(18)</span> <span class='ocrx_word' id='word_1_995' title='bbox 2224 5770 2285 5824; x_wconf 85' lang='grc' dir='ltr'>Ἡ</span> <span class='ocrx_word' id='word_1_996' title='bbox 2318 5771 2485 5827; x_wconf 89' lang='lat' dir='ltr'><strong>deest</strong></span> <span class='ocrx_word' id='word_1_997' title='bbox 2514 5770 2574 5826; x_wconf 89' lang='lat' dir='ltr'><strong>in</strong></span> <span class='ocrx_word' id='word_1_998' title='bbox 2603 5770 2842 5844; x_wconf 82' lang='lat' dir='ltr'><strong>Seguer.</strong></span> 
     </span>
    </p>
   </div>
  </div>
