4074 6338
343 410 464 474 315
576 422 580 426 “

901 411 966 472 S.
1019 413 1436 474 ATHANASII
1481 410 1656 475 OPP.
1703 410 1906 471 PARS
1951 413 1996 471 l.
2032 443 2108 456 -
2146 409 2566 474 HISTORIGA
2605 411 2708 474 ET
2747 411 3223 472 DOGMATICA.

3635 409 3756 470 316

345 543 1031 616 agnoscent,ipatebitque
1063 543 1194 600 illos
1222 544 1294 598 ad
1326 543 1644 616 imaginem
1675 542 1776 598 Dei
1810 542 1994 598 factos

2110 539 2197 595 καὶ
2257 543 2690 616 γνωσθήσονται,
2750 535 2837 596 ὅτι
2873 535 3028 602 ὄντος
3084 541 3193 614 (49)
3239 539 3357 595 κατ’
3385 538 3563 596 εἰκόνα
3617 543 3752 596 Θεοῦ

344 633 940 697 esse.Que~madmodu
953 648 1007 687 m
1025 632 1180 688 enim
1205 631 1254 687 si
1273 633 1404 704 quis
1423 630 1796 704 imperatoris
1816 629 1995 701 ﬁlius,

343 725 510 792 patre
532 722 732 778 urbem
757 721 1015 792 aliquam
1047 721 1331 777 aediﬁcare
1361 720 1653 794 cupiente,
1683 735 1857 775 suum
1889 735 1993 775 no-

285 825 294 832 ·
346 827 481 866 men
511 809 764 883 singulis
794 809 1054 866 aedificiis
1079 809 1412 866 securitatis
1435 809 1992 876 causainscriberet,

345 903 411 954 ut
441 915 651 970 nempe
679 898 1042 965 mdiﬁcia,sui
1071 898 1144 954 ob
1176 898 1430 955 nominis
1459 897 1713 971 speciem
1745 895 1996 970 singulis

345 987 636 1059 impressi,
657 992 898 1058 possent
927 987 1256 1060 persistere,
1281 1004 1465 1064 eoque
1493 1004 1563 1043 ex
1592 987 1828 1042 nomine
1855 1001 1991 1043 cum

342 1077 433 1134 sui
465 1076 651 1149 ipsius
697 1079 824 1132 tum
876 1075 1056 1148 patris
1107 1077 1447 1134 meminisse
1478 1093 1492 1130 :
1528 1076 1679 1145 siis,
1728 1075 1991 1148 inquam,

343 1166 486 1222 urbe
515 1165 802 1220 aediﬁcata
831 1165 1312 1237 interrogaretur,
1346 1182 1604 1238 quonam
1639 1165 1809 1221 modo
1842 1165 1996 1220 facta

340 1258 518 1324 esset,
549 1258 704 1310 recte
742 1256 1121 1326 responderet
1152 1273 1163 1310 :
1200 1257 1346 1311 Tute
1377 1259 1465 1311 est
1511 1254 1830 1321 aediﬁcata;
1866 1269 1994 1310 mea

340 1343 555 1417 quippe
577 1343 951 1416 imago,sicut
973 1343 1158 1400 voluit
1180 1345 1423 1415 iater,in
1447 1343 1698 1416 singulis
1719 1359 1996 1416 expressa

338 1437 428 1490 est
457 1431 720 1490 adiﬁciis
749 1449 762 1500 ;
797 1449 996 1487 meum
1027 1433 1182 1490 enim
1237 1448 1447 1488 nomen
1478 1436 1742 1488 creatum
1785 1433 1845 1488 in
1877 1431 1992 1487 illis

337 1526 445 1580 est.
465 1521 568 1577 His
596 1523 792 1577 autem
827 1519 926 1578 ille
953 1521 1146 1577 verbis
1176 1538 1289 1577 non
1321 1538 1490 1578 suam
1524 1538 1666 1578 sane
1698 1526 1990 1593 naturam,

339 1611 442 1667 sed
473 1627 641 1666 suam
691 1611 974 1666 duntaxat
1003 1611 1253 1683 figuram
1304 1627 1411 1667 suo
1451 1610 1690 1666 nomine
1737 1614 1992 1667 creatam

337 1715 468 1756 esse
498 1699 876 1772 significaret.
901 1700 1114 1756 Eodem
1139 1698 1312 1773 plane
1339 1699 1694 1772 modojuxta
1713 1699 1774 1755 id
1795 1715 1990 1756 exem-

338 1787 443 1862 pli,
475 1787 568 1844 his
599 1789 698 1860 qui
729 1787 1102 1860 sapientiam,
1137 1806 1264 1861 quae
1293 1788 1352 1844 in
1386 1789 1564 1845 rebus
1593 1789 1806 1845 creatis
1835 1789 1992 1845 exsi-

340 1875 858 1944 stit,admirantur,
878 1878 1191 1950 respondet
1211 1893 1346 1933 vera
1360 1877 1658 1950 Sapientia
1679 1895 1694 1934 :
1719 1879 1992 1934 Dominus

338 1966 548 2022 creavit
574 1981 660 2020 me
689 1966 751 2021 in
777 1981 961 2037 opera.
995 1965 1123 2021 Mea
1151 1965 1308 2022 enim
1343 1967 1533 2039 figura
1560 1966 1620 2022 in
1652 1965 1772 2022 illis
1797 1970 1908 2039 est,
1935 1969 1992 2023 et

336 2069 445 2127 ego
474 2052 560 2111 sic
593 2069 686 2112 me
714 2054 787 2110 ad
819 2071 912 2111 res
941 2055 1281 2112 efficiendas
1313 2056 1768 2114 accommodavi.

411 2231 625 2290 80.Nec
644 2248 779 2289 vero
805 2231 1022 2290 mirum
1041 2232 1332 2306 videatur,
1350 2233 1402 2291 si
1426 2233 1610 2290 Filius
1631 2235 1702 2291 de
1732 2251 1842 2291 sua
1865 2249 1996 2305 qua

341 2321 402 2378 in
431 2322 602 2379 nobis
649 2326 738 2379 est
784 2322 994 2395 ﬁgura,
1026 2327 1310 2396 tanquam
1356 2325 1428 2380 de
1457 2323 1652 2396 seipse
1699 2323 1992 2394 loquatur,

343 2428 478 2468 cum
498 2411 674 2481 (idem
704 2411 862 2468 enim
895 2416 1152 2485 repetere
1179 2412 1323 2468 nihil
1349 2418 1440 2470 est
1471 2411 1995 2484 relermidandum)

343 2500 518 2558 Saulo
549 2499 885 2567 Ecclesium,
914 2501 975 2556 in
999 2517 1118 2572 qua
1158 2502 1288 2573 ejus
1317 2503 1506 2574 ﬁgura
1533 2506 1593 2558 et
1621 2501 1815 2574 imago
1847 2505 1993 2570 erat,

346 2590 929 2662 persequente,quasi
963 2591 1087 2663 ipse
1114 2596 1270 2648 esset
1291 2608 1467 2662 quem
1499 2590 1595 2647 ille
1626 2605 1996 2664 persequere-

345 2684 462 2748 tur,
493 2679 724 2750 dixerit,
772 2679 960 2747 Saule,
994 2680 1124 2751 quid
1151 2697 1240 2736 me
1259 2680 1603 2752 persequeris
1632 2679 1720 2735 θοι
1750 2679 1825 2735 Ut
1857 2694 1996 2752 ergo

348 2768 569 2825 nemini
599 2768 812 2824 mirum
840 2769 1155 2836 videretur,
1189 2769 1274 2825 uti
1305 2768 1584 2837 diximus,
1616 2769 1666 2826 si
1697 2767 1997 2842 sapientiai

347 2857 557 2928 forma,
591 2874 718 2930 quae
749 2857 807 2912 in
841 2858 1118 2930 operibus
1149 2863 1259 2928 est,
1291 2859 1532 2924 diceret,
1561 2859 1821 2916 Dominus
1849 2873 1998 2914 crea-

343 2949 423 3004 vit
450 2963 542 3003 me
569 2949 628 3002 in
661 2963 830 3018 opera
847 2963 869 3010 ;
887 2947 970 3003 iLa
997 2948 1048 3003 si
1079 2948 1209 3020 ipsa
1236 2963 1372 3004 vera
1399 2952 1457 3005 et
1485 2949 1734 3004 creatrix
1752 2947 1996 3021 Sapien-

344 3036 607 3108 tia,quod
630 3040 687 3092 et
707 3036 1080 3110 unigenitum
1106 3037 1202 3094 Dei
1221 3042 1311 3094 est
1337 3037 1692 3104 Verbum,ea
1720 3052 1848 3109 qua:
1877 3053 1996 3093 suae

344 3123 582 3198 propria
609 3129 748 3181 sunt
791 3124 1068 3198 imaginis
1119 3126 1509 3200 usurpaverit,
1539 3141 1606 3182 ac
1636 3125 1794 3182 velut
1831 3125 1903 3182 de
1931 3141 1997 3182 se

345 3213 478 3286 ipsa
505 3212 962 3285 dixerit,€reavit
990 3231 1080 3272 me
1108 3217 1172 3272 in
1201 3231 1391 3289 Opera,
1421 3231 1594 3272 nemo
1626 3215 1873 3274 dimissa
1899 3232 1994 3272 sa-

2101 627 2368 705 γεγόνασι.
2428 628 2528 685 Καὶ
2575 627 2756 706 ὥσπερ
2801 628 2862 684 ἂν
2911 625 2966 684 εἷ’
2985 649 3067 691 τις
3095 627 3367 706 βασιλέως
3394 627 3534 699 υἱὸς,
3567 627 3754 692 θέλον-

2101 735 2195 780 τος
2222 717 2424 793 πατρὸς
2453 715 2818 792 οἰκοδομῆσαι
2850 717 3035 791 πόλιν,
3065 717 3156 774 καὶ
3203 721 3376 773 ποιῶν
3433 715 3486 772 έν
3545 717 3754 792 ἑκάστῳ

2100 811 2208 864 τῶν
2269 809 2571 883 γινομένων
2629 804 2802 885 ἔργων
2866 808 3199 888 ἐγγραφῆναι
3266 807 3330 863 τὸ
3385 806 3579 862 ἑαυτοῦ
3634 803 3754 861 ὅνο-

2107 916 2181 968 μα
2211 897 2345 969 (20),
2403 894 2697 974 ἀσφαλείας
2753 917 2812 952 τε
2868 896 3028 974 χάριν
3059 894 3158 952 τοῦ
3201 893 3475 970 διαμένειν
3530 895 3597 950 τὰ
3627 892 3754 972 ἔργα

2104 981 2194 1039 διὰ
2246 986 2346 1054 τήν
2406 983 2458 1039 ἐν
2511 984 2718 1058 ἑκάστῳ
2756 989 2855 1042 τοῦ
2908 985 3177 1060 ὀνόματος
3223 985 3388 1042 αὐτοῦ
3441 985 3749 1064 φαντασίαν·

2101 1075 2191 1129 καὶ
2233 1072 2306 1128 τίν’
2355 1073 2414 1130 ἐκ
2450 1079 2548 1130 τοῦ
2605 1074 2874 1148 ὀνόματος
2932 1075 3438 1149 ἀναμιμνήσκεσθαι
3485 1073 3649 1130 αὐτοῦ
3695 1095 3755 1130 τε

2101 1162 2191 1218 καὶ
2220 1167 2318 1219 τοῦ
2347 1164 2549 1240 πατρὸς
2601 1163 2765 1218 αὐτοῦ
2814 1161 3096 1220 δύνωνται·
3147 1163 3442 1226 τελειώσας
3475 1161 3532 1220 δὲ
3561 1166 3675 1234 (21)
3708 1164 3754 1218 εἰ

2103 1251 2403 1327 έρωτηθείη
2434 1253 2558 1329 περὶ
2600 1260 2700 1324 τῆς
2750 1252 2993 1323 πόλεως,
3043 1257 3160 1316 πῶς
3192 1252 3429 1329 γέγονεν,
3463 1251 3607 1308 sine:
3668 1254 3751 1307 ἂν·

2105 1339 2387 1420 Ἀσφαλῶς
2453 1342 2665 1418 γέγονε·
2732 1342 2868 1397 κατὰ
2912 1343 3013 1418 γὰρ
3060 1343 3124 1396 τὸ
3178 1339 3440 1418 βούλημα
3493 1345 3591 1397 τοῦ
3646 1363 3752 1396 πα-

2099 1431 2250 1506 τρὸς,
2280 1429 2332 1486 ἰν
2367 1430 2576 1504 ἑκάστῳ
2617 1426 2762 1508 ἔργῳ
2811 1430 3168 1502 ἐξεικονίσθην
3207 1432 3340 1504 (22)·
3391 1431 3456 1486 τὸ
3486 1433 3590 1506 γὰρ
3623 1430 3750 1504 ἐμὸν

2102 1515 2278 1594 ὄνομα
2323 1519 2377 1575 ἐν
2419 1525 2536 1582 τοῖς
2585 1518 2764 1595 ’ὲργοις
2815 1518 3110 1592 ἐνεκτίστη.
3155 1523 3326 1575 Τοῦτο
3371 1515 3429 1576 δὲ
3460 1519 3657 1594 λέγων,
3691 1519 3752 1575 οὐ

2099 1609 2198 1677 τήν
2259 1609 2448 1664 ἑαυτοῦ
2509 1607 2694 1664 οὐσίαν
2754 1610 3056 1664 κτισθεῖσαν
3111 1608 3403 1683 σημαίνει,
3463 1606 3609 1664 ἀλλὰ
3655 1610 3746 1664 τὸν

2102 1697 2293 1752 ἑαυτοῦ
2339 1696 2506 1752 τύπον
2569 1694 2658 1753 διὰ
2713 1702 2811 1754 τοῦ
2869 1697 3157 1772 ὀνόματος·
3207 1698 3300 1753 τὸν
3346 1696 3505 1754 αὐτὸν
3547 1697 3751 1776 τρόπον

2099 1787 2235 1842 κατὰ
2261 1785 2362 1856 τὴν
2394 1781 2699 1861 ὁμοιότητα
2735 1791 2834 1843 τοῦ
2879 1784 3322 1864 παραδείγματος
3368 1792 3485 1850 τοῖς
3537 1789 3750 1861 θαυμά-

2104 1880 2252 1946 ζουσι
2308 1875 2408 1945 τήν
2465 1874 2518 1930 έν
2574 1881 2692 1938 τοῖς
2749 1875 3010 1949 κτίσμασι
3066 1874 3254 1955 σοφίαν
3311 1875 3655 1952 ἀποκρίνεται
3711 1878 3746 1946 ἡ

2100 1962 2337 2034 ἀληθινή
2400 1964 2594 2043 Σοφία·
2654 1964 2849 2042 Κύριος
2903 1961 3080 2020 ἓκτισέ
3137 1985 3205 2038 με
3259 1959 3336 2028 είς
3394 1963 3550 2042 ἔργα·
3611 1963 3748 2038 ἐμοῦ

2099 2055 2201 2130 γὰρ
2224 2051 2428 2138 τύπορς
2461 2053 2600 2110 ἐστὶν
2633 2055 2662 2110 6
2694 2053 2746 2110 έν
2780 2052 2988 2118 αὐτοῖς·
3017 2053 3169 2132 κάγώ
3216 2053 3361 2110 οὕτω
3411 2048 3747 2131 συγκατέϐην

2099 2146 2170 2218 τῇ
2200 2139 2267 2214 δη
2279 2142 2556 2219 μιουργίᾳ.

2171 2235 2262 2290 80.
2296 2232 2373 2290 Ού
2404 2230 2488 2288 δεῖ
2517 2229 2574 2288 δέ
2603 2230 2768 2288 πάλιν
2802 2231 3117 2306 ξενίζεσθαι,
3149 2232 3200 2288 εἰ
3235 2233 3325 2288 τὸν
3377 2232 3428 2289 έν
3478 2233 3614 2307 ἡμῖν
3658 2232 3752 2289 τύ-

2101 2341 2204 2376 πον
2232 2317 2360 2377 ὄντα
2387 2321 2462 2384 ὠς
2490 2322 2614 2398 περὶ
2645 2321 2842 2378 ἑαυτοῦ
2873 2321 2982 2378 ἐστι
3015 2321 3187 2399 λέγων
3240 2324 3268 2378 6
3319 2323 3442 2386 Υἱὸς
3513 2321 3652 2379 ὅπου
3693 2343 3754 2398 γε

2103 2411 2188 2484 (τὸ
2219 2409 2348 2466 αὐτὸ
2374 2411 2478 2487 γὰρ
2523 2410 2703 2487 λέγειν
2755 2414 2868 2485 (23)
2919 2410 3018 2466 οὐκ
3051 2411 3354 2483 ὀκνητέον)·
3387 2411 3477 2466 καὶ
3538 2410 3754 2467 Σαύλου

2101 2499 2224 2556 τότε
2254 2493 2550 2564 διώκοντος
2586 2501 2687 2570 τήν
2721 2498 3066 2572 Ἐκκλησίαν,
3097 2500 3149 2556 ἐν
3255 2499 3426 2564 τύπος
3476 2500 3542 2568 ἦν
3590 2500 3754 2556 αὐτοῦ

2103 2589 2192 2644 καὶ
2241 2587 2422 2656 εἰκὼν,
2485 2589 2562 2652 ὡς
2618 2587 2778 2652 αὐτὸς
2825 2586 3160 2663 διωκόμενος
3211 2587 3380 2666 ἔλεγε·
3444 2589 3644 2658 Σαῦλε,
3702 2589 3755 2645 τί

2107 2699 2174 2752 με
2205 2675 2458 2748 διώκεις;
2490 2677 2700 2736 Οὐκοῦν
2761 2677 2941 2754 ὥσπερ
2994 2675 3227 2754 εἴρηται,
3280 2678 3324 2733 εἷ
3355 2676 3540 2754 ἔλεγεν
3597 2679 3756 2741 αὑτὸς

2105 2767 2134 2822 6
2163 2767 2454 2838 τύποςτῆς
2485 2766 2673 2844 σοφίας
2705 2768 2734 2822 6
2775 2761 2849 2821 ὤν
2911 2766 2964 2822 ὲν
3020 2773 3139 2830 τοῖς
3184 2765 3366 2844 ἔργοις
3423 2767 3507 2839 τὸ,
3559 2766 3753 2839 Κύριος

2101 2851 2246 2910 ἓτισέ
2305 2875 2372 2927 με
2429 2853 2506 2917 είς
2559 2851 2712 2931 ἓργα,
2763 2853 2862 2910 οὐκ
2905 2854 2964 2910 ἃν
3019 2877 3104 2918 τις
3146 2854 3404 2927 ἐξενίσθη·
3437 2854 3610 2917 οὕτως
3665 2855 3752 2911 έᾶν

2103 2942 2191 2997 καὶ
2221 2941 2358 3012 αὑτὴ
2408 2945 2444 3012 ἡ
2493 2940 2730 3014 ἀληθινὴ
2770 2943 2860 2999 καὶ
2893 2941 3235 3021 δημιουργὸς
3269 2943 3464 3021 Σοφία,
3525 2945 3554 2999 6
3589 2965 3751 3018 μονο-

2104 3032 2264 3105 γινής
2293 3035 2393 3086 τοῦ
2423 3035 2558 3086 Θεοῦ
2591 3031 2762 3108 Λόγος
2813 3034 2946 3107 (24),
3002 3031 3138 3109 λέγῃ
3164 3034 3231 3088 τὰ
3257 3040 3358 3104 τῆς
3388 3033 3598 3096 εἰκόνος
3631 3034 3750 3088 ἑαυο

2101 3125 2200 3176 τοῦ
2229 3121 2308 3184 ὡς
2363 3119 2487 3196 περέ
2547 3121 2739 3176 ἑαυτοῦ
2793 3123 2878 3191 τὸ,
2937 3121 3133 3198 Κύριος
3183 3121 3361 3178 ’ἑκτισὲ
3407 3143 3474 3196 με
3501 3121 3577 3186 εἰς
3599 3120 3752 3200 ἔργα,

2108 3205 2300 3283 μηδεὶς
2358 3209 2510 3288 ἀφεὶς
2566 3211 2665 3280 τὴν
2700 3209 2751 3265 ἐν
2801 3211 2996 3285 κόσμῳ
3052 3209 3144 3266 καί
3196 3217 3314 3275 τοῖς
3359 3209 3546 3290 ἔργοις
3571 3211 3754 3288 ἐγκτι-

345 3301 721 3376 pientia,quzs
752 3302 812 3359 in
847 3304 1066 3361 mundo
1097 3309 1155 3360 et
1183 3287 1460 3377 operibus
1490 3309 1683 3361 creata
1711 3308 1820 3373 est,
1839 3304 1992 3360 arbi-

2110 3300 2342 3369 σθεῖσαν,
2391 3287 2662 3373 νομιζέτω
2709 3299 2833 3377 περὶ
2877 3307 2977 3371 τῆς
3027 3299 3210 3364 οὐσίας
3260 3307 3358 3372 τῆς
3393 3287 3754 3380 ⁷Αὐτοσοφίας

343 3394 532 3449 tretur
575 3393 818 3450 verbum
847 3391 1030 3461 istud,
1079 3395 1303 3461 creavit,
1335 3395 1406 3450 de
1436 3399 1647 3450 natura
1689 3393 1996 3466 Sapientiae

345 3497 475 3552 quis
496 3497 600 3554 per
614 3496 678 3536 se
703 3481 832 3554 ipsa
853 3485 944 3538 est
962 3482 1188 3538 dictum
1211 3499 1442 3552 esse,ne
1463 3483 1665 3540 vinum
1689 3499 1824 3539 cum
1846 3499 1996 3554 aqua

347 3570 606 3628 miscens
633 3571 698 3641 ⁸⁷,
730 3571 1034 3628 veritatem
1063 3571 1368 3646 subripere
1413 3573 1702 3630 videatur.
1731 3572 1995 3645 Namque

345 3658 446 3716 illa
462 3659 714 3717 creatrix
737 3665 795 3718 et
815 3661 1007 3734 epifex
1028 3667 1120 3718 est
1139 3661 1583 3736 sapientiamjus
1597 3667 1792 3719 autem
1807 3663 1998 3719 forma

270 3797 273 3800 _
345 3748 406 3805 in
439 3749 715 3822 operibus
745 3755 978 3807 creatur
1006 3755 1290 3824 tanquam
1335 3751 1612 3826 imaginis
1643 3751 1992 3808 similitudo.

346 3837 696 3910 Huiusmodi
728 3855 900 3914 porro
931 3839 1220 3914 sapientia
1261 3842 1598 3914 principium
1621 3857 1836 3898 marum
1867 3855 1997 3898 esse

347 3927 728 4000 dicitur,quia
745 3929 1042 4000 quoddam
1059 3935 1151 3986 est
1166 3931 1522 4004 principium
1553 3935 1610 3986 et
1637 3929 1994 3987 elementum

345 4015 698 4091 cognitionis
731 4019 997 4076 Dei.Eam
1015 4020 1172 4076 enim
1203 4020 1339 4093 quis
1368 4021 1620 4092 primam
1649 4017 1826 4076 veluti
1845 4018 1996 4076 viam

345 4101 672 4177 ingressus,
701 4109 762 4162 et
789 4105 998 4163 timore
1029 4107 1127 4163 Dei
1173 4107 1535 4179 custodiens,
1568 4111 1634 4164 ut
1661 4107 1809 4163 dixit
1834 4106 1994 4163 Salo-

349 4194 864 4267 mon,principium
891 4199 1198 4268 sapientiae
1225 4199 1393 4254 (imor
1419 4197 1643 4254 Domini
1668 4197 1733 4264 ⁸⁸,
1765 4195 1999 4253 deinde-

347 4297 463 4353 que
492 4288 686 4340 mente
716 4285 1184 4358 progrediens,et
1211 4286 1507 4343 creatrieis
1536 4285 2002 4359 Sapientiae,tu

346 4371 409 4426 in
437 4371 620 4428 rebus
649 4373 862 4430 creatis
891 4375 1554 4450 apparet,cognitionem
1587 4378 1916 4446 assecutus,
1937 4372 1997 4428 in

344 4457 477 4533 ipsa
496 4461 546 4532 ej
557 4477 627 4518 ns
643 4463 1108 4535 quoquePatrem
1127 4465 1286 4522 haud
1307 4465 1486 4522 dubie
1497 4463 2000 4538 contemplaturus

421 4625 464 4662 ³⁸
492 4625 620 4682 Act.
650 4643 728 4695 IX,
761 4627 814 4682 4.
845 4621 850 4627 ’
891 4627 934 4664 ³⁷
964 4629 1075 4685 lsa.
1109 4647 1150 4701 1,
1174 4629 1266 4685 22.
1343 4630 1388 4666 ⁸³
1416 4634 1584 4687 Prov.
1616 4647 1657 4700 ι,
1687 4629 1744 4687 7.

421 4797 654 4873 (19)“8ie
683 4798 855 4873 Basil.
889 4800 1032 4873 Reg.
1063 4805 1123 4858 et
1149 4801 1298 4858 Felc.
1348 4804 1402 4859 5.
1459 4804 1523 4860 In
1571 4803 1745 4860 editis
1802 4805 1995 4873 autem
2028 4799 2075 4866 D

350 4863 734 4932 deest'b'vwc.
770 4863 1110 4940 Seguerian.
1143 4873 1375 4930 Gobler.
1410 4875 1561 4932 Fele.
1606 4877 1627 4931 1
1684 4878 1742 4932 et
1793 4875 1846 4939 4,
1905 4870 1996 4925 καὶ

349 4941 754 5028 γνωσθήσονται
812 4942 1070 5016 ἀληθῶς,
1130 4943 1212 4998 ὅτι
1275 4941 1443 5007 ὅντως
1495 4945 1656 5001 τέκνα
1709 4948 1844 5000 Θεοῦ
1901 4963 1996 5018 γε·

350 5031 560 5170 ἷοῖἕό).
591 5087 930 5159 Seguerian.
990 5087 1292 5164 γινομένων
1353 5087 1405 5144 ἐν
1459 5093 1634 5166 γραγῆ
1692 5087 1755 5143 τὸ
1833 5086 1998 5141 αὑτοῦ

351 5175 793 5355 ονῑὲῗ)’δθειιοιι.
841 5228 1133 5293 τελειώσας
1179 5253 1257 5291 τε.
1303 5233 1434 5289 Mox
1477 5240 1714 5302 Seguer.
1763 5229 1994 5315 Gobler:

349 5303 423 5355 Fe
450 5314 499 5356 0.
535 5302 558 5355 1
593 5305 651 5355 et
680 5303 732 5359 4.
768 5306 917 5358 utet
948 5305 1085 5359 leEit
1115 5305 1400 5359 Nannius.
1440 5307 1558 5359 πῶς
1597 5303 1832 5359 γέγονεν.
1887 5302 1994 5358 All]

351 5312 499 5356 velo.
535 5312 558 5355 1
593 5312 651 5355 et
680 5312 732 5370 4,
768 5312 832 5356 ut
860 5312 917 5358 et
948 5312 1085 5375 legit
1117 5312 1400 5374 Nannius,
1440 5312 1558 5366 πῶς
1597 5312 1658 5380 γε
1694 5322 1832 5358 ονεν.
1887 5312 1998 5358 Alii

351 5377 408 5428 et
436 5371 617 5452 editio
648 5373 927 5430 Commel.
963 5375 1014 5429 εἴ
1037 5380 1271 5452 γέγονεν.
1305 5377 1462 5434 Ibid:
1487 5376 1635 5433 Felc.
1658 5325 1717 5446 Σ,
1737 5369 1995 5451 ἀσφαλῶς

348 5443 645 5518 γεγονέναι.
1050 5443 1061 5451 ’
1110 5443 1121 5452 ’

423 5517 674 5588 (22).‘Sie
725 5520 962 5588 Seguer.
1017 5519 1246 5577 Gobler.
1301 5525 1360 5576 et
1405 5519 1556 5576 Felc.

349 5584 520 5652 editi,
551 5584 902 5661 ἐξεικονίσθη.

421 5660 536 5728 (23)
566 5661 803 5728 Seguer.
860 5662 923 5718 τὸ
980 5661 1110 5716 αὐτὸ
1163 5659 1265 5728 γὰρ
1323 5659 1520 5728 λέγειν.
1572 5663 1711 5728 Reg.
1765 5659 1976 5716 Gobler

421 5660 536 5787 (23)
566 5661 803 5735 Seguer.
860 5660 923 5718 τὸ
980 5661 1110 5716 αὐτὸ
1163 5660 1265 5737 γὰρ
1309 5660 1520 5766 φλέγειν.
1572 5663 1711 5746 Reg:
1765 5660 1995 5745 Gobler.

351 5733 424 5788 Fe
449 5747 499 5788 0.
559 5733 613 5806 1,
670 5735 703 5791 4
754 5740 811 5794 et
856 5737 911 5808 5,
961 5735 1025 5790 τὸ
1069 5733 1172 5808 γὰρ
1202 5733 1332 5788 αὐτο
1362 5731 1558 5809 λεγειν.
1599 5742 1665 5790 At
1696 5754 1752 5791 ll)
1785 5732 1918 5790 aliis
1941 5737 2001 5793 et

1617 5521 1668 5576 1.
1718 5520 1786 5574 At
1815 5516 1913 5574 alii
1941 5521 2000 5574 et

2105 3385 2350 3463 εἰρῆσθαι
2401 3388 2486 3460 τὸ,
2531 3383 2759 3459 ἔκτισεν,
2799 3387 2893 3444 ἵνα
2938 3391 3038 3464 μὴ,
3086 3391 3177 3446 τὸν
3231 3391 3374 3446 οἶνον
3417 3388 3572 3448 ὕδατι
3631 3390 3753 3466 μίσ-

2102 3497 2238 3554 γων,
2283 3475 2534 3532 κλέπτειν
2591 3473 2726 3551 δοκῇ
2784 3478 2884 3548 τὴν
2937 3479 3219 3550 ἀλήθειαν.
3277 3478 3428 3552 Αὕτη
3483 3482 3598 3552 (25)
3655 3481 3750 3555 μὲν

2104 3567 2209 3642 γὰρ
2255 3565 2513 3636 κτίζουσα
2567 3565 2657 3622 καὶ
2727 3564 3068 3644 δημιουργός
3127 3567 3306 3624 ἐστιν·
3363 3570 3392 3624 6
3450 3566 3507 3624 δὲ
3553 3569 3752 3642 ταύτης

2103 3653 2274 3718 τύπος
2307 3652 2601 3732 έγκτίζεται
2633 3661 2751 3718 τοῖς
2781 3653 2983 3733 ἔργοις,
3015 3656 3196 3732 ὥσπερ
3243 3658 3332 3712 καὶ
3389 3665 3491 3728 τῆς
3545 3658 3754 3722 εἰκόνος

2102 3743 2166 3800 τό
2222 3744 2338 3799 κατ’
2394 3743 2596 3802 εἰκόνα.
2664 3745 2872 3821 Ἀρχὴν
2925 3742 2982 3800 δὲ
3040 3743 3182 3802 ὁδῶν
3227 3743 3400 3822 λέγει,
3467 3745 3656 3818 ἐπειδὴ
3714 3751 3750 3819 ἡ

2104 3832 2329 3905 τοιαύτη
2362 3832 2543 3912 σοφίᾳ,
2593 3832 2739 3908 ἀρχή
2787 3853 2869 3896 τις
2917 3835 3006 3888 καὶ
3052 3830 3234 3912 ὥσπερ
3281 3837 3624 3911 στοιχείωσις
3653 3845 3753 3907 τῆς

2105 3921 2196 3978 ἐπὶ
2253 3922 2380 3978 Θεὸν
2427 3922 2683 3998 γνώσεως
2731 3921 2951 3998 γίνεται·
3002 3923 3171 4000 ταύτῃ
3220 3924 3322 4002 γὰρ
3350 3925 3539 4000 πρώτῃ
3568 3921 3751 4004 ὥσπερ

2107 4006 2298 4074 ἐπιϐάς
2513 4031 2594 4074 τις
2639 4015 2710 4086 τῇ
2760 4009 2894 4084 ὁδῷ,
2942 4013 3033 4067 καὶ
3079 4012 3280 4084 ταύτην
3333 4013 3616 4093 φυλάττων
3670 4022 3754 4090 τῷ

2107 4095 2262 4180 φόϐῳ
2288 4105 2385 4155 τοῦ
2415 4105 2571 4170 Θεοῦ,
2603 4103 2680 4164 ὡς
2711 4102 2858 4158 εἶπεν
2889 4101 2917 4156 6
2941 4101 3413 4180 Σολομὼν,Ἀρχή
3446 4105 3635 4182 σοφίας
3657 4106 3755 4184 φό-

2107 4185 2202 4253 ϐος
2235 4188 2455 4264 Κυρίου,
2489 4189 2603 4246 εἶτα
2631 4185 3000 4250 έπαναϐαίνων
3029 4195 3098 4266 τῇ
3139 4189 3368 4265 διανοίᾳ,
3417 4195 3508 4248 καὶ
3554 4197 3756 4266 νοήσας

2107 4280 2206 4349 τήν
2237 4277 2289 4334 ἐν
2314 4282 2384 4353 τῇ
2415 4277 2585 4335 κτίσει
2634 4276 2971 4356 δημιουργὸν
3019 4281 3245 4360 Σοφίαν,
3298 4285 3482 4353 νοήσει
3531 4283 3583 4340 ἐν
3617 4283 3754 4360 αὐτῇ

2108 4367 2198 4424 καὶ
2229 4369 2320 4424 τὸν
2353 4366 2522 4438 αὐτῆς
2567 4366 2780 4444 Πατέρα
2819 4371 2956 4443 (27),
3005 4371 3079 4434 ὡς
3109 4369 3270 4433 αὐτὸς
3297 4371 3326 4426 6
3359 4372 3554 4446 Κύριος
3601 4372 3756 4452 ε’ίρη-

2109 4476 2220 4514 κεν·
2251 4458 2315 4516 Ὁ
2358 4457 2457 4532 έμὶ
2503 4457 2762 4534 ἑωρακὸς,
2810 4458 3016 4535 ἑώρακε
3059 4461 3152 4516 τὸν
3202 4461 3430 4538 Πατέρα·
3467 4461 3562 4520 Καὶ
3621 4465 3696 4527 ὡς
3727 4465 3757 4520 6

2105 4795 2280 4870 editis
2311 4796 2476 4870 deest
2502 4796 2622 4870 γάρε

2177 4868 2308 4946 (24)
2323 4865 2826 4946 εθευοίι.’ῦοωθι·.
2860 4867 3071 4946 Felc._i
3105 4873 3162 4946 et
3191 4871 3242 4940 4,
3291 4865 3626 4946 δημιουργὸς
3656 4880 3754 4931 τοῦ

2106 4937 2239 5014 Θεοῦ
2274 4937 2444 5014 Σοφία
2537 4939 2838 5014 μονογενὴς
2859 4937 3034 5014 ,αὐτοῦ
3083 4937 3278 5014 Λόγος.
3331 4937 3479 5014 Mox,
3501 4937 3752 5014 'S'eguer.

2108 5011 2257 5096 Reg:
2281 5010 2432 5096 licio:
2455 5011 2499 5096 ‘4
2527 5015 2584 5066 et
2610 5010 2884 5096 5‘,an105:
2925 5011 3003 5096 ὡς
3030 5010 3154 5096 περὶ
3176 5010 3410 5096 ’.ἑαυτοῦι
3435 5013 3519 5096 τὸ,
3575 5010 3755 5096 ἴκτισὲ

2111 5080 2649 5162 nefdtﬂtioblerrhet
2676 5082 2824 5162 Felc°
2862 5080 3115 5162 1,.αύτοῦ
3168 5083 3244 5162 ᾡς
3289 5085 3414 5162 περὶ
3445 5080 3636 5145 ἑαυτοῦ
3665 5093 3752 5161 τό,

2107 5153 2215 5210 etc.
2252 5153 2363 5208 Alii
2396 5158 2452 5211 et
2481 5153 2645 5216 editi,
2693 5153 2897 5215 εῗκόνος
2927 5153 3118 5209 ἑαυτοῦ
3145 5154 3231 5225 τό,
3263 5153 3374 5216 etc;

2178 5225 2832 5318 (ξμεῖρειεμςςίξξςιβθε.
2867 5227 3098 5318 eobier.
3122 5217 3272 5284 Fele.
3307 5231 3359 5297 ι,
3392 5231 3424 5287 4
3445 5217 3750 5307 δι’δμῧτνς.

2106 5295 2222 5352 Alii
2255 5295 2450 5354 autem
2477 5302 2534 5354 et
2562 5298 2726 5363 editi,
2755 5295 2914 5367 αῦτή.

2179 5368 2290 5442 (26)
2318 5369 2410 5442 Sic
2439 5369 2782 5442 Seguerian.
2811 5370 3142 5442 Goblerian.
3176 5369 3324 5442 Felc.
3361 5373 3386 5428 1
3449 5379 3506 5430 et
3559 5378 3612 5431 4.
3681 5385 3757 5434 At

2106 5437 2206 5494 alii
2237 5437 2294 5518 et
2321 5438 2482 5507 editi,
2518 5437 2742 5518 ᾗτρῷτον
2801 5441 2983 5518 ὥσπερ
3039 5439 3128 5496 καὶ
3172 5437 3383 5506 ἐπιϐάς.
3447 5446 3594 5504 Ibid.
3651 5457 3752 5507 Se-

2105 5511 2370 5583 guerian.
2402 5531 2486 5583 τις
2517 5511 2648 5583 ὁδῷ.

2176 5582 2292 5656 (27)
2322 5581 2550 5656 Anglic.
2581 5581 2634 5638 ἔν
2663 5583 2834 5660 ἀρχῇ.
2866 5583 3016 5642 Ibid.
3065 5585 3306 5658 Seguer.
3338 5587 3568 5647 Gobler.
3601 5592 3750 5650 Felc.

2108 5671 2239 5754 1.61;
2246 5671 2301 5743 4,
2307 5669 2652 5754 ’τὸνγταύτης
2684 5673 2916 5750 Πατέρα·
2945 5672 3057 5732 Alii
3091 5679 3287 5734 autem
3335 5681 3394 5734 et
3439 5677 3602 5754 editi,
3658 5684 3751 5740 τὸν

2105 5737 2539 5821 αὐτ-ἧς’Πατὲρα.
2606 5737 2618 5744 ⁷
2829 5737 2839 5750 ’
3072 5795 3085 5800 -
