4074 6374
391 404 507 464 327

918 402 983 462 S.
1030 394 1449 460 A'l‘llANASlI
1494 398 1664 459 OPP.
1712 394 1914 459 PARS
1962 395 2110 457 1.-
2142 396 2556 462 HISTORICA
2606 402 2703 464 ET
2748 400 3226 466 DOGMA'I‘ICA.

3682 408 3801 467 328

391 540 500 609 Egi:
532 540 589 592 iu
619 536 806 604 Patre,
837 538 888 590 et
919 536 1083 589 Pater
1115 532 1174 587 in
1211 548 1296 587 me
1325 536 1428 599 est,
1478 548 1581 586 nec
1632 530 1871 602 proinde
1911 531 2017 600 jau

2153 529 2329 605 Λόγον
2365 534 2476 604 (77)
2523 534 2611 588 καὶ
2663 534 2885 609 Σοφίαν,
2916 534 3041 591 ἀλλ’
3075 536 3134 589 ἐκ
3180 534 3406 591 πολλων
3430 516 3525 591 ἕνα
3554 538 3643 592 καὶ
3672 542 3800 593 106-

395 643 579 682 unum
608 625 768 680 hunc
788 639 918 680 esse
940 623 1036 679 Dei
1069 621 1281 679 Filium
1322 626 1379 674 et
1407 620 1664 675 Verbum
1698 636 1764 675 ac
1792 619 2041 691 Sapien-

389 714 555 781 tiam,
588 713 687 770 sed
718 728 852 768 eum
886 727 1069 766 unum
1102 704 1336 782 quque
1367 725 1434 763 ex
1467 708 1672 763 multis
1704 723 1849 763 esse.

456 804 512 860 3.
540 801 714 873 Atqui
748 799 797 857 si
829 800 950 856 hac
973 803 1129 855 esset
1170 798 1481 853 verborum
1531 797 1759 852 Domini
1805 801 2039 852 senten-

389 892 489 965 tia,
540 907 658 947 non
704 890 785 945 ita
832 905 965 945 eum
1014 886 1171 959 loqui
1213 886 1589 956 oportuisset,
1620 885 1729 957 Ego
1759 887 1819 939 in
1848 886 2037 954 Patre,

384 987 444 1038 et
472 983 644 1037 Pater
664 981 722 1035 in
754 995 842 1033 me
869 983 973 1042 est,
999 977 1099 1033 sed
1135 976 1330 1048 potius
1363 991 1377 1030 :
1412 975 1530 1046 Ego
1569 973 1740 1030 etiam
1795 990 1925 1029 sum
1977 974 2036 1027 in

387 1070 579 1135 Patre,
628 1072 685 1125 et
718 1067 889 1123 Pater
919 1066 976 1121 in
1007 1081 1101 1121 me
1130 1065 1305 1120 etiam
1337 1068 1459 1131 est;
1494 1068 1560 1119 ut
1591 1062 1862 1117 videlicet
1892 1061 2038 1117 nihil

386 1174 449 1217 se
480 1157 777 1231 proprium
810 1160 867 1211 et
906 1154 1206 1227 singulare
1249 1153 1401 1224 apud
1456 1152 1705 1219 Patrem,
1755 1156 2036 1221 tanquam

386 1248 619 1319 Filium,
641 1246 1006 1315 habere,{sed
1040 1245 1338 1300 communi
1372 1259 1506 1298 cum
1539 1241 1815 1298 omnibus
1847 1240 2039 1314 gratia

382 1338 637 1410 gaudere
666 1334 1047 1406 signiﬁcaret.
1082 1332 1296 1388 Verum
1324 1348 1439 1387 non
1472 1331 1552 1385 ita
1583 1348 1645 1386 se
1698 1347 1789 1386 res
1838 1331 2034 1399 habet,

384 1430 450 1481 ut
494 1424 816 1497 Opinautur
862 1422 971 1487 illi.
1018 1422 1117 1492 qui
1165 1437 1300 1477 cum
1354 1436 1489 1475 eum
1535 1436 1739 1475 verum
1772 1436 1840 1475 ex
1868 1419 2036 1476 Patre

385 1514 599 1571 Filium
630 1528 759 1570 esse
792 1529 907 1568 non
940 1511 1216 1582 sentiant,
1281 1508 1430 1566 falsa
1476 1511 1548 1565 de
1596 1524 1729 1566 vero
1781 1509 2030 1580 ﬁngunt,

380 1603 481 1662 cui
536 1601 645 1660 soli
695 1601 887 1659 dicere
934 1599 1224 1669 convenit,
1254 1599 1366 1669 Ego
1394 1600 1455 1655 in
1484 1599 1673 1666 Patre,
1706 1600 1755 1655 et
1782 1598 1949 1653 Pater
1974 1599 2036 1652 in

385 1709 474 1749 me
527 1701 624 1749 est.
683 1690 866 1747 Filius
923 1690 1078 1746 enim
1129 1689 1189 1745 in
1220 1692 1390 1744 Patre
1418 1691 1529 1756 est,
1563 1692 1850 1760 quantum
1902 1686 2036 1742 licet

381 1780 668 1855 telligere,
716 1779 856 1853 quia
902 1783 1091 1834 totum
1123 1778 1279 1849 quod
1313 1783 1404 1834 est
1438 1775 1636 1849 Filius,
1669 1776 1778 1833 hoc
1808 1778 2029 1832 naturai

2149 638 2239 673 10v
2266 622 2576 698 τυγχάνειν.

2217 802 2271 855 3.
2332 798 2490 856 Ἀλλ’
2546 796 2696 876 εἷ’περ
2754 803 2821 870 ἦν
2902 801 3074 864 οὕτως
3153 804 3181 858 6
3241 802 3439 879 Κύριος
3514 805 3792 878 εἰρηκὼς,

2147 881 2252 943 ἔδει
2286 892 2399 960 (78)
2453 889 2528 961 μὴ
2590 890 2757 944 εἰπεῖν
2814 889 2995 945 αὐτόν·
3041 891 3180 965 Ἐγὼ
3228 890 3280 946 ἐν
3329 897 3409 964 τῷ
3451 894 3650 967 Ιῐατρὶ,
3704 895 3793 950 καὶ

2147 977 2175 1030 6
2208 978 2395 1053 ΙΙατήρ
2443 977 2494 1031 ἐν
2551 977 2695 1050 ἐμοί·
2727 977 2873 1033 ἀλλὰ
2923 977 3160 1051 μᾶλλον·
3197 980 3354 1056 Κάγὼ
3385 980 3437 1036 ἐν
3486 980 3566 1055 τῷ
3598 982 3790 1057 Ιῐατρὶ,

2146 1065 2233 1120 ιιαὶ
2283 1067 2311 1120 6
2373 1067 2561 1143 Πατὴρ
2622 1064 2679 1121 δὲ
2730 1067 2818 1122 καὶ
2864 1066 2915 1122 ἐν
2960 1066 3085 1142 ἐμοί
3145 1071 3258 1143 (79)
3298 1068 3461 1143 ἐστιν,
3506 1068 3599 1127 ’ίνα
3647 1070 3790 1145 μηδὶ

2146 1152 2285 1209 ἴδιον
2345 1156 2435 1210 καὶ
2493 1155 2756 1231 ἐξαίρετον
2810 1150 2914 1232 ἔχῃ
2943 1156 3081 1233 πρδς
3110 1158 3203 1212 τὸν
3260 1160 3474 1235 Πατέρα
3522 1160 3597 1223 ὡς
3641 1162 3786 1234 Υἱὸς,

2142 1245 2332 1312 κοινὴν
2390 1240 2448 1298 δὲ
2508 1244 2643 1316 μετὰ
2688 1243 2903 1299 πάντων
2947 1239 3049 1320 ἔχῃ
3094 1246 3193 1315 τὴν
3226 1246 3391 1316 αὐτὴν
3423 1246 3605 1323 χάριν.
3636 1249 3794 1307 Ἀλλ’

2144 1330 2243 1387 οὐκ
2271 1327 2433 1406 ἔστιν,
2474 1335 2548 1395 ὡς
2578 1333 2891 1406 νομίζουσιν
2935 1334 3151 1389 ἐκεῖνοι·
3188 1336 3264 1408 μή
3316 1341 3638 1412 φρονοῦντες
3689 1340 3789 1415 γὰρ

2143 1421 2264 1476 Υἱὸν
2325 1423 2452 1477 εἶναι
2517 1424 2736 1498 γνήσιον
2799 1422 2857 1477 ἐκ
2915 1424 3146 1497 ΙΙατρὸς,
3204 1423 3635 1499 καταψεύδονται
3690 1433 3788 1483 106

2140 1511 2389 1585 γνησίου,
2450 1513 2495 1583 ᾧ
2546 1511 2694 1584 μόνῳ
2749 1511 2975 1585 ἁρμόζει
3028 1510 3223 1588 λεγειν·
3266 1513 3407 1590 Ἐγὼ
3451 1514 3502 1570 ἐν
3533 1521 3614 1588 τῷ
3671 1520 3786 1574 Πα-

2137 1600 2225 1676 τρὶ
2256 1600 2345 1655 καὶ
2402 1601 2430 1654 ὁ
2463 1602 2652 1675 ΙΙατὴρ
2708 1599 2761 1655 ἰν
2823 1599 2970 1673 ἐμοί.
3032 1602 3183 1656 Ἔστι
3238 1602 3343 1679 γὰρ
3399 1604 3583 1667 ὁΥῖὸς
3624 1605 3675 1660 ἐν
3707 1611 3789 1678 τῷ

2139 1689 2336 1762 ΙΙατρὶ,
2386 1689 2458 1751 ὥς
2503 1710 2563 1765 γε
2607 1694 2748 1744 νοεῖν
2803 1685 3018 1759 ἔξεστιν,
3055 1687 3242 1759 ἐπειδὴ
3294 1691 3508 1765 σύμπαν
3536 1693 3600 1748 τὸ
3652 1695 3785 1749 εἶναι

2134 1782 2232 1833 τοῦ
2262 1779 2411 1850 Υἱοῦ,
2440 1782 2602 1834 τοῦτο
2647 1784 2750 1848 τῆς
2793 1782 2890 1833 τοῦ
2938 1778 3149 1854 Πατρὸς
3193 1779 3379 1843 οὐσίας
3428 1778 3566 1837 ἴδιόν
3619 1782 3783 1857 ἐστιν,

376 1871 568 1929 Patris
598 1868 903 1942 proprium
937 1871 1046 1937 est,
1076 1884 1144 1923 eo
1174 1867 1348 1923 modo
1381 1882 1497 1939 quo
1526 1883 1595 1922 ex
1649 1865 1777 1921 luce
1831 1863 2017 1936 splen-

2137 1868 2212 1930 ὡς
2244 1866 2303 1922 ἐκ
2346 1868 2522 1945 φωτὸς
2570 1866 2914 1942 ἀπαύγασμα,
2963 1867 3052 1922 καὶ
3114 1866 3173 1922 ἐκ
3223 1872 3404 1944 πηγῆς
3451 1871 3568 1944 (80)
3610 1892 3784 1928 ποτα-

376 1960 505 2030 dor,
559 1964 617 2016 et
671 1974 739 2015 ex
791 1958 949 2013 fonte
996 1956 1210 2012 ﬂuvius
1240 1956 1517 2024 exoritur,
1550 1954 1691 2011 adeo
1722 1959 1786 2011 ut
1810 1954 1911 2026 qui
1942 1953 2027 2009 Fi-

375 2048 526 2105 lium
554 2046 729 2113 videt,
743 2046 803 2101 id
831 2046 987 2118 quod
1018 2044 1322 2118 prOprium
1351 2048 1442 2100 est
1471 2044 1662 2100 Patris
1694 2044 1901 2112 videat,
1935 2043 2023 2098 in-

373 2136 781 2210 intelligatque
812 2134 1022 2191 Filium
1050 2133 1268 2191 idcirco
1299 2134 1359 2188 in
1390 2134 1559 2189 Patre
1588 2148 1717 2189 esse
1774 2133 1909 2203 quia
1955 2148 2025 2188 ex

371 2226 543 2283 Patre
593 2224 771 2282 habet
826 2228 891 2280 ut
942 2224 1056 2292 sit;
1118 2228 1177 2280 et
1233 2222 1494 2278 vicissim
1526 2223 1755 2279 Patrem
1786 2222 1845 2277 in
1877 2221 2021 2279 Filio

372 2331 524 2386 esse,
551 2313 690 2389 quia
718 2312 900 2368 Filius
932 2315 1022 2367 est
1051 2311 1109 2367 id
1142 2312 1296 2383 quod
1329 2310 1631 2383 proprium
1663 2316 1753 2368 est
1798 2328 1869 2367 ex
1919 2312 2021 2368 Pa-

368 2407 478 2473 tre,
531 2402 705 2460 sicuti
751 2401 837 2459 sol
883 2405 973 2458 est
1001 2402 1060 2456 in
1094 2400 1425 2472 splendore,
1457 2416 1625 2456 mens
1648 2399 1707 2454 in
1738 2402 1931 2465 verbo,
1965 2404 2023 2456 et

371 2496 503 2550 fons
532 2494 591 2548 in
623 2492 822 2547 ﬂuvio.
860 2491 943 2545 Ita
974 2489 1131 2547 enim
1164 2489 1265 2561 qui
1301 2487 1513 2545 Filium
1570 2488 2021 2561 contemplatur,

373 2582 432 2638 id
466 2582 621 2654 quod
653 2585 872 2637 natura:
902 2578 1090 2635 Patris
1121 2578 1419 2650 proprium
1445 2584 1535 2634 est
1554 2577 1731 2634 simul
1758 2583 2016 2634 contem-

371 2671 591 2744 piatur,
604 2670 954 2740 Patremque
974 2668 1033 2723 in
1060 2666 1204 2723 Filio
1228 2666 1380 2723 488
1406 2683 1533 2724 esse
1565 2666 1856 2739 intelligit.
1872 2667 2017 2724 Nam

372 2775 511 2816 cum
543 2760 730 2815 forma
760 2762 817 2813 et
843 2756 1121 2812 divinitas
1154 2756 1340 2811 Patris
1372 2756 1480 2811 hoc
1511 2756 1705 2828 ipsum
1737 2758 1815 2812 sit
1861 2757 2015 2829 quod

370 2853 461 2905 est
496 2846 725 2921 ,Filius,
757 2845 997 2903 omnino
1027 2844 1297 2916 sequitur
1330 2849 1392 2900 ut
1419 2845 1601 2900 Filius
1632 2845 1708 2900 sit
1736 2846 1793 2901 in
1830 2846 2018 2915 Patre,

369 2942 426 2993 et
452 2941 624 2994 Pater
654 2937 714 2991 in
769 2935 934 2992 Filio.
997 2934 1277 2998 Quocirco
1332 2950 1466 2990 cum
1524 2938 1694 2990 antea
1751 2934 2016 3002 dixisset,

369 3028 479 3096 Ego
523 3035 576 3082 et
621 3027 786 3081 Pater
833 3040 1008 3079 unum
1052 3039 1245 3079 sumus
1273 3024 1337 3093 ³⁸,
1372 3023 1469 3079 hic
1499 3028 1652 3079 recte
1681 3022 1782 3093 ait,
1819 3026 1924 3095 Ego
1958 3027 2019 3081 in

368 3116 543 3171 Patre
569 3123 620 3171 at
650 3119 813 3171 Pater
843 3114 903 3168 in
931 3128 1018 3168 me
1045 3120 1120 3168 est
1148 3114 1212 3181 ⁸ο,
1246 3118 1313 3168 ut
1340 3111 1562 3168 scilicet
1589 3112 1853 3168 eamdem
1888 3130 2016 3170 am-

370 3203 579 3259 borum
604 3201 967 3258 divinitatem
1002 3217 1298 3273 unamque
1329 3206 1599 3256 naturam
1618 3217 1748 3256 esse
1763 3202 2013 3257 doceret.

2137 1956 2263 2029 μὸς,
2295 1957 2434 2012 ὥστε
2477 1957 2567 2011 τὸν
2616 1956 2828 2032 ὁρῶντα
2870 1956 2961 2011 τὸν
3014 1957 3136 2011 Υἱὸν
3188 1958 3315 2033 ὸρᾷν
3341 1959 3405 2013 τὸ
3447 1962 3545 2015 106
3573 1962 3783 2037 Πατρὸς

2136 2043 2291 2117 ἴδιον,
2339 2046 2429 2101 καὶ
2480 2051 2644 2116 νοεῖν,
2697 2046 2778 2099 ὅτι
2826 2049 2924 2099 τοῦ
2973 2046 3101 2101 Υἱοῦ
3146 2046 3210 2101 τὸ
3259 2048 3410 2120 εἶναι,
3442 2046 3502 2103 ἐκ
3542 2054 3639 2104 τοῦ
3669 2056 3779 2104 Ila-

2129 2135 2257 2211 τρὸς
2290 2136 2368 2204 ὃν,
2402 2134 2582 2197 οὕτως
2632 2136 2745 2207 (81)
2775 2132 2826 2188 ἐν
2879 2137 2958 2206 τῷ
3004 2134 3172 2210 Πατρί
3217 2133 3376 2194 ἐστιν.
3412 2137 3562 2193 ’Ἐστι
3596 2134 3654 2192 δὲ
3683 2139 3774 2193 καὶ

2131 2225 2160 2278 ὁ
2192 2225 2383 2299 Πατὴρ
2415 2224 2469 2278 ἰν
2499 2227 2578 2294 τῷ
2609 2223 2739 2295 Υἱῷ,
2771 2219 2958 2290 ἐπειδὴ
3010 2222 3075 2277 τὸ
3126 2222 3187 2278 ἐκ
3234 2229 3331 2278 τοῦ
3363 2226 3576 2301 Πατρὸς
3606 2224 3770 2299 ἴδιον,

2127 2316 2289 2368 τοῦτο
2322 2314 2350 2367 6
2402 2312 2524 2373 Υἱὸς
2575 2310 2828 2388 τυγχάνει
2862 2309 2959 2380 ὣν,
2992 2312 3068 2373 ὡς
3118 2312 3170 2366 ἐν
3199 2316 3279 2385 τῷ
3331 2313 3712 2388 ἀπαυγάσματι
3746 2318 3774 2370 6

2127 2401 2293 2471 ἥλιος
2325 2404 2459 2474 (82),
2491 2400 2582 2455 καὶ
2614 2398 2665 2453 ἐν
2696 2404 2775 2471 τῷ
2804 2398 2955 2474 λόγῳ
2986 2400 3015 2454 ὁ
3044 2405 3192 2469 νοῦς,
3224 2401 3314 2455 καὶ
3345 2400 3397 2457 ἐν
3428 2406 3507 2473 τῷ
3537 2403 3772 2476 ποταμῷ

2126 2494 2162 2562 ἡ
2194 2492 2372 2565 πηγή·
2408 2489 2550 2544 οὕτω
2576 2489 2676 2564 γὰρ
2709 2489 2738 2543 6
2768 2491 2986 2565 θεωρῶν
3009 2490 3100 2544 τὸν
3148 2489 3296 2557 Υὶὸν,
3328 2491 3521 2567 θεωρεῖ
3547 2498 3647 2560 τῆς
3678 2498 3775 2547 τοῦ

2130 2580 2338 2653 ΙΙατρὸς
2388 2577 2571 2639 ούσίας
2620 2577 2683 2632 τὸ
2739 2573 2898 2645 ἴδιον,
2954 2576 3043 2631 καὶ
3096 2584 3229 2647 νοεῖ,
3285 2574 3366 2633 ὅτι
3399 2580 3428 2632 6
3479 2581 3663 2655 Πατὴρ
3718 2579 3769 2635 ἐν

2124 2674 2204 2742 τῷ
2250 2669 2358 2739 Υἳῷ
2412 2667 2547 2725 ἐστι.
2587 2670 2692 2721 T06
2718 2666 2821 2742 γὰρ
2866 2662 3044 2727 εἴδους
3096 2669 3206 2740 (83)
3237 2667 3327 2721 καὶ
3357 2674 3458 2737 τῆς
3512 2669 3771 2740 θεότητος

2124 2763 2221 2815 106
2254 2756 2465 2830 ΙΙατρὸς
2498 2754 2663 2825 οῧσης
2683 2756 2745 2810 τὸ
2775 2755 2910 2809 εἶναι
2937 2758 3034 2809 τοῦ
3076 2755 3209 2809 Υἱοῠ
3238 2752 3564 2819 ἀκολούθως
3592 2759 3621 2812 6
3649 2758 3775 2821 Υἱὸς

2126 2847 2176 2903 ἐν
2204 2847 2284 2917 τῷ
2317 2844 2489 2919 Ιῐατρί
2540 2842 2670 2913 ἐστι,
2703 2843 2793 2898 καὶ
2825 2844 2853 2897 6
2885 2844 3077 2919 ΙΙατήρ
3108 2841 3158 2898 ἰν
3208 2848 3289 2916 τῷ
3318 2845 3451 2917 Υἱῷ.
3486 2846 3583 2900 Διὰ
3610 2850 3772 2901 τοῦτο

2123 2937 2225 3013 γὰρ
2268 2935 2358 2989 καὶ
2408 2933 2629 2994 εἰκότως
2687 2934 2797 3005 (84)
2853 2930 3087 3006 εἰρηκὼς
3141 2931 3426 3009 πρότερον·
3490 2934 3631 3009 Ἐγὼ
3680 2935 3771 2990 καὶ

2127 3026 2155 3079 6
2214 3025 2398 3093 Ιιατὴρ
2455 3020 2507 3077 ἔν
2566 3020 2747 3094 ἐσμεν,
2804 3018 3040 3097 ἐπήγαγε
3094 3021 3178 3075 τό·
3240 3022 3381 3097 Ἐγὼ
3435 3021 3487 3077 ἐν
3534 3023 3614 3096 τῷ
3668 3029 3772 3079 Πα-

2124 3112 2233 3189 τρὶ,
2290 3112 2378 3167 καὶ
2437 3113 2465 3165 ὁ
2525 3110 2708 3180 Πατὴρ
2741 3109 2793 3163 ἐν
2846 3107 2993 3182 ἐμοί·
3020 3106 3113 3165 Ἱνα
3166 3111 3269 3179 τὴν
3334 3112 3428 3184 μὲν
3465 3110 3770 3183 ταύτότητα

2125 3209 2226 3272 τῆς
2256 3201 2532 3269 θεότητος,
2565 3200 2663 3267 τὴν
2699 3195 2756 3253 Si
2786 3193 3012 3268 ἑνότητα
3044 3200 3155 3271 (85)
3185 3205 3285 3268 τῆς
3317 3199 3500 3262 οὐσίας
3526 3198 3692 3277 55(59-

439 3300 492 3357 4.
517 3298 707 3355 Unum
740 3298 897 3353 enim
928 3296 1012 3351 illi
1042 3303 1205 3365 sunt,
1226 3313 1341 3353 non
1374 3297 1529 3369 quod
1562 3314 1743 3353 unum
1776 3297 1834 3352 in
1866 3298 2016 3355 duas

2181 3264 2247 3356 '4.
2275 3301 2371 3355 Ἕν
2399 3264 2499 3372 γάρ
2552 3264 2704 3368 εἰσιν,
2753 3294 2862 3371 οὐχ
2898 3264 2973 3358 ως
3021 3264 3150 3358 ἑνὸς,
3185 3264 3350 3352 πάλιν
3384 3297 3461 3361 εἷς
3493 3295 3589 3353 δύο
3618 3264 3763 3377 μέρη

370 3395 564 3463 partes
594 3389 673 3445 sit
701 3388 977 3452 divisum,
1010 3402 1142 3457 qua
1182 3386 1326 3440 nihil
1376 3386 1495 3441 sint
1546 3390 1752 3457 praeter
1792 3402 2010 3455 unum;

364 3495 554 3552 neque
584 3479 740 3551 quod
767 3491 951 3532 unum
985 3475 1075 3530 bis
1107 3474 1462 3542 nominetur,
1496 3474 1576 3529 ita
1608 3479 1675 3530 ut
1702 3475 1861 3530 idem
1904 3475 2009 3530 ali-

366 3569 603 3641 quando
634 3567 824 3634 Pater,
856 3562 1174 3636 aliquando
1207 3564 1297 3619 sui
1330 3564 1511 3619 Filius
1541 3564 1675 3631 ﬁat;
1717 3580 1843 3635 qua:
1874 3580 2009 3620 cum

362 3657 607 3713 sentiret
648 3654 955 3724 Sabellius,
993 3652 1299 3709 haereticus
1328 3657 1418 3707 est
1439 3652 1761 3724 judicatus.
1792 3652 2008 3710 Verum

363 3750 479 3802 duo
509 3745 748 3817 quidem
781 3749 939 3813 sunt,
971 3743 1111 3815 quia
1139 3743 1309 3797 Pater
1339 3740 1505 3796 Pater
1562 3745 1669 3812 est,
1730 3758 1833 3798 nec
1884 3742 2011 3815 ipse

359 3840 450 3890 est
504 3833 717 3897 Filius;
779 3836 837 3888 et
891 3831 1150 3888 vicissim
1186 3829 1369 3885 Filius
1398 3835 1487 3885 est
1518 3829 1716 3901 Filius,
1750 3846 1855 3886 nec
1884 3831 2010 3903 ipse

361 3924 529 3980 Pater
558 3928 667 3980 est.
701 3925 828 3978 Una
856 3936 989 3978 vero
1018 3920 1253 3976 illorum
1285 3923 1497 3975 natura
1526 3923 1616 3974 est
1647 3936 1659 3973 :
1699 3936 1804 3975 nec
1849 3922 2008 3977 enim

357 4013 636 4085 genitoris
663 4011 899 4084 genitus
926 4016 1015 4067 est
1043 4007 1512 4075 dissimilis,cum
1543 4007 1737 4080 imago
1759 4010 1889 4080 ejus
1910 4010 2006 4079 sit,

356 4105 414 4156 et
443 4100 643 4158 omnia
673 4116 802 4172 qua
832 4099 987 4154 Patri
1027 4103 1182 4163 sunt,
1215 4098 1335 4152 sint
1365 4112 1599 4168 quoque
1656 4096 1805 4151 Filii.
1862 4098 2009 4154 Hinc

356 4189 539 4248 Filius
596 4189 748 4246 alius
806 4204 922 4245 non
980 4192 1072 4243 est
1117 4187 1293 4253 Deus,
1326 4185 1463 4256 quia
1502 4201 1615 4241 non
1648 4185 2009 4243 extrinsecus

355 4279 590 4335 efﬁctus
619 4283 743 4334 est:
765 4276 1025 4349 alioquin
1057 4274 1392 4346 complures
1422 4273 1535 4329 diis
1566 4275 2006 4345 inducerentur,

355 4368 405 4425 si
435 4373 714 4423 extranea
741 4366 1168 4439 excogitaretur
1221 4363 1498 4419 divinitas
1555 4368 1763 4436 praeter
1817 4365 2010 4421 Patris

356 4455 745 4512 divinitatem.
779 4454 1036 4510 Tametsi
1068 4455 1226 4508 enim
1255 4452 1369 4524 (88)
1401 4451 1559 4508 aliud
1592 4456 1682 4509 est
1713 4452 1916 4520 Filius,
1945 4458 2011 4511 ut

430 4555 478 4592 ²⁹
502 4555 674 4612 Joan.
705 4570 764 4624 ι,
796 4554 887 4608 20.
962 4554 1007 4594 ³ο
1036 4553 1204 4609 Joan.
1236 4569 1351 4619 xxv,
1383 4553 1470 4607 10.

428 4663 542 4735 (77)
573 4663 668 4719 Sic
698 4661 839 4735 Reg.
876 4664 1195 4735 1._Seguer.
1230 4657 1459 4735 Gobler.
1489 4671 1545 4735 et
1577 4659 1768 4735 Felck.
1794 4660 1842 4714 1.
1863 4659 2008 4735 _Edi-
2041 4666 2087 4730 1)
2118 4664 2198 4732 τῷ
2228 4659 2394 4735 Λόγέμ

354 4735 396 4789 ti
435 4728 633 4790 autem
664 4740 720 4790 ei.
749 4728 869 4798 alii,
905 4728 1062 4786 εἶναι.⁷
1080 4730 1171 4784 τὸν
1220 4733 1338 4804 106
1368 4729 1576 4804 Ματρὸς
1629 4730 1751 4804 Υὶον
1788 4728 2009 4804 καί

352 4806 813 4931 arma
842 4800 1429 4931 inferenti?-
1472 4800 1531 4857 έτ
1798 4804 1849 4870 ¹ν
1883 4800 2011 4857 ἀλλ’

362 4878 537 4952 εἴπερ.
573 4878 722 4933 Editi
755 4882 813 4933 et
842 4878 964 4942 alii,
998 4878 1124 4928 ἀλλ’
1154 4878 1394 4947 ἐπείπερ.

428 4950 546 5020 (78)
577 4950 670 5020 Sic
702 4948 842 5020 Reg,
877 4950 902 5003 1
937 4953 993 5003 et
1021 4951 1256 5018 Seguer.
1290 4952 1366 4999 At
1403 4942 1499 5000 alii
1529 4948 1585 5000 et
1613 4944 1775 5014 editi,
1805 4944 1873 5014 ἦν
1915 4944 2005 4999 οὗ-

357 5037 455 5080 τος
485 5018 764 5093 ὸξΚρρίιος,
796 5018 924 5086 ἔδει,
958 5024 1067 5093 etc.

426 5090 540 5162 (79)
567 5083 762 5162 Felck.
795 5096 831 5147 2
859 5083 920 5148 et
946 5091 1110 5156 editi,
1144 5083 1201 5141 δὲ
1244 5085 1295 5162 εν
1331 5085 1489 5162 ἐμοίέ
1521 5087 1723 5142 Crateri
1770 5105 1913 5162 mss.
1947 5083 2007 5162 δὲ

353 5158 445 5215 καῖ
477 5158 530 5233 ἐν
561 5159 710 5233 ἐμοί.
747 5163 877 5233 Mox
907 5163 1106 5233 1183.1
1140 5165 1198 5216 et
1241 5160 1296 5233 2,
1338 5158 1402 5233 γει
1457 5159 1695 5233 Seguer.
1717 5158 1864 5233 1196;
1911 5159 2001 5233 τὸν

362 5232 573 5323 Ξοςτὲρα
593 5229 678 5295 ’ὡς
711 5232 859 5296 Υἱός.
890 5235 961 5289 At
992 5229 1090 5288 alii
1120 5236 1177 5288 et
1206 5232 1372 5299 editi,
1405 5229 1560 5305 πρὸξ
1577 5231 1668 5285 τὸν
1714 5229 1926 5304 Πατέρα
1976 5230 2004 5285 6

358 5302 543 5448 n($88)
570 5375 705 5448 Reg.
745 5377 794 5445 1,
826 5376 1065 5448 Seguer.
1111 5373 1338 5448 Gobler.
1389 5377 1446 5429 et
1491 5372 1680 5448 Ifelck.
1717 5376 1771 5444 1,
1804 5371 1864 5427 ἐκ
1894 5394 2001 5443 πη-

358 5454 484 5521 γῆς.
519 5443 631 5521 Alii
655 5443 721 5502 Et
747 5443 930 5521 editie
957 5445 1242 5521 Commel_
1268 5443 1344 5506 ὡς
1375 5446 1585 5521 πηγῇς.

430 5520 1068 5592 (81)Reg.71,Seguer.
1103 5516 1333 5573 Gobler.
1387 5513 1445 5573 et
1473 5513 1682 5572 'Felck.
1721 5517 1773 5585 1,
1805 5513 2000 5577 οὕτως.

356 5591 553 5645 (lateri
586 5596 642 5645 et
663 5590 813 5646 editi
828 5635 841 5657 ,
868 5590 1026 5650 οὗτος

425 5663 536 5734 (82)
570 5662 708 5737 Reg,
746 5666 783 5737 1_
806 5655 863 5719 et
893 5664 1128 5737 seguer.
1162 5660 1189 5713 ὁ
1215 5655 1477 5737 ἥλιοςᾼη
1508 5658 1727 5737 aliis_et
1756 5658 2003 5737 editis,6

354 5729 538 5792 deest.
577 5729 721 5790 Ibid.
752 5735 894 5808 Reg.
929 5729 998 5804 1,‘
1011 5736 1246 5806 Seguer.
1279 5731 1509 5787 Gobler.
1540 5736 1599 5787 et
1626 5731 1815 5787 Felck.
1844 5732 1892 5799 1,
1912 5729 2002 5784 καὶ

2122 3384 2614 3463 διαιρεθὲντος,καὶ
2676 3382 2844 3457 μηδὲν
2905 3380 3074 3440 ὄντων
3133 3384 3280 3454 πλὴν
3336 3386 3475 3450 ἑνός·
3531 3386 3656 3443 οὐδὲ
3695 3390 3771 3452 ὡς

2117 3481 2215 3531 106
2268 3476 2383 3537 ἑνὸς
2439 3472 2522 3535 δὶς
2577 3468 3009 3547 ὀνομαζομένου,
3042 3472 3181 3529 ὥστε
3211 3476 3322 3548 (86)
3353 3477 3445 3531 τὸν
3477 3475 3636 3531 αὐτὸν
3667 3476 3764 3534 ἅλ-

2120 3567 2250 3621 λοτε
2282 3566 2377 3639 μὶν
2431 3563 2665 3636 ΙΙατὲρα,
2723 3559 2920 3617 ἅύλοτε
2973 3559 3031 3616 δὲ
3083 3563 3203 3617 Υἳὸν
3259 3564 3450 3619 ἑαυτοῦ
3503 3565 3765 3641 γίνεσθαι·

2116 3652 2281 3709 10610
2334 3654 2435 3728 γὰρ
2491 3646 2794 3712 Σαϐἐλλιος
2849 3653 3146 3728 φρονήσας,
3199 3652 3473 3727 αἱρετικὸς
3526 3652 3710 3729 ἐκρίθη
3751 3699 3765 3712 .

2119 3741 2296 3798 Ἀλλά
2336 3740 2435 3796 δύο
2489 3740 2584 3814 μὲν
2639 3739 2794 3813 εἰσιν,
2853 3741 2935 3795 ὅτι
2969 3741 2998 3794 6
3030 3741 3220 3816 Πατὴρ
3266 3743 3458 3819 Πατήρ
3512 3741 3643 3812 ἐστι,
3675 3745 3765 3799 καὶ

2119 3831 2226 3907 οὐχ
2257 3832 2284 3885 6
2315 3831 2472 3891 αὐτὸς
2504 3829 2626 3891 Υἱός
2657 3828 2785 3884 ἐστι·
2823 3828 2913 3884 καὶ
2945 3830 2974 3884 6
3003 3830 3127 3891 Υἱὸς
3172 3828 3294 3893 Υἱός
3347 3829 3482 3899 ἐστι,
3512 3833 3601 3886 καὶ
3655 3833 3765 3908 οὐχ

2119 3923 2149 3975 6
2189 3920 2346 3981 αὐτὸς
2404 3921 2591 3993 Πατήρ
2649 3917 2780 3974 ἐστι.
2838 3918 2952 3976 Μία
3004 3915 3062 3972 δὲ
3108 3921 3144 3988 ἡ
3193 3919 3371 3996 φύσις·
3404 3921 3469 3975 ού
3517 3922 3618 3998 γὰρ
3672 3922 3762 3976 ἀν-

2118 4010 2310 4083 όμοιον
2341 4011 2404 4063 τὸ
2432 4008 2674 4084 γέννημα
2704 4011 2800 4062 106
2845 4009 3221 4083 γεννήσαντος·
3273 4008 3432 4064 εἰκὼν
3482 4010 3586 4086 γάρ
3620 4009 3759 4066 ἐστιν

2117 4098 2303 4164 αὐτοῦ,
2336 4097 2424 4152 καὶ
2468 4095 2639 4151 πάντα
2668 4095 2735 4150 τὰ
2766 4095 2976 4171 ΙΙατρὸς
3023 4100 3119 4151 106
3171 4097 3299 4151 Υἱοῦ
3344 4096 3476 4155 ἐστι.
3511 4099 3603 4153 Διὸ
3634 4097 3762 4154 οὐδὲ

2118 4185 2291 4248 ἄλλος
2345 4186 2473 4247 Θεὸς
2530 4187 2559 4240 6
2617 4184 2741 4246 Υἱός
2796 4188 2929 4259 (87)·
2981 4186 3046 4240 οὐ
3078 4185 3182 4260 γὰρ
3229 4182 3418 4256 ἔξωθεν
3465 4186 3759 4259 ἐπενοήθη·

2118 4274 2231 4330 ἐπεὶ
2265 4273 2481 4336 πάντως
2508 4274 2598 4328 καὶ
2646 4271 2872 4345 πολλοὶ,
2905 4274 3060 4346 ξὲνης
3107 4274 3254 4351 παρὰ
3280 4276 3379 4344 τὴν
3410 4280 3508 4331 106
3552 4277 3765 4353 ΙῙατρὸς

2119 4364 2514 4437 ἰπινοουμένης
2569 4364 2851 4433 θεότητος·
2911 4361 2957 4416 εἷ’
3007 4362 3107 4439 γὰρ
3159 4361 3458 4441 καὶὲτερόν
3515 4364 3654 4420 ἐστιν
3687 4366 3765 4429 ὡς

2118 4451 2361 4528 γέννημα
2391 4452 2418 4506 6
2453 4451 2599 4519 Υἱὸς,
2632 4449 2776 4506 ἀλλὰ
2824 4450 3019 4506 ταύτόν
3064 4450 3202 4507 ἔστιν
3258 4453 3333 4515 ὡς
3382 4454 3533 4516 Θεός·
3567 4454 3659 4509 καὶ
3706 4452 3762 4509 ἓν

2404 4703 2415 4715 .
2453 4658 2557 4714 Alii
2592 4663 2646 4715 et
2677 4659 2841 4729 editi,
2871 4657 2965 4733 xuii
2990 4656 3041 4733 ἐν
3073 4656 3152 4732 τῷ
3184 4658 3367 4733 Λόγῳ.

2189 4733 2302 4803 (83)
2325 4729 2474 4804 Reg.
2512 4733 2562 4800 1,
2595 4735 2832 4804 Seguer.
2872 4729 3209 4788 anlerfet
3255 4729 3530 4804 Felck.__1,
3562 4729 3759 4793 εἷ’δους.

2119 4799 2710 4891 1ηᾏψὶὶρξῃυ2ειυέ
2741 4806 3004 4891 τηατ-ἐξῆρε
3027 4809 3286 4870 notatur,
3312 4823 3402 4878 γρ.
3419 4799 3616 4865 εἴδους.
3643 4808 3757 4858 Οερ-

2119 4875 2227 4931 teri
2258 4873 2511 4930 etveditio
2544 4873 2826 4930 Commel.
2862 4873 3024 4930 ἰδίου.

2185 4948 2292 5018 (84)
2318 4946 2479 5020 Βεε..
2518 4948 2567 5014 1,
2609 4950 2844 5019 Seguer.
2892 4945 2993 5020 γὰρ
3052 4944 3296 5008 εἰκότως.
3330 4946 3441 5002 Alii
3490 4950 3548 5003 et
3596 4946 3758 5015 editi,

2113 5012 2226 5092 γὰρ
2243 5012 2332 5071 καὶ
2366 5012 2607 5077 εἰῖιότως.

2184 5086 2295 5162 (85)
2320 5094 2555 5162 Seguer.
2590 5088 2689 5155 τὴν
2724 5086 2969 5156 ἑνότητα.

2184 5159 2297 5245 (.86)
2329 5159 2690 5245 Si.§.“°$.:.‘:.
2712 5166 2963 5245 8339.9“.
2999 5160 3231 5245 θοδίβῗε
3270 5165 3338 5245 .θὲ
3375 5159 3652 5245 Ῑῗθιὲιίλλ·
3684 5164 3762 5216 At

2115 5225 2212 5288 alii
2243 5225 2300 5289 et
2328 5233 2491 5299 editi,
2508 5225 2632 5284 οὖδὲ
2652 5225 2817 5286 ὥστεῖ
2827 5232 3004 5287 Paulo
3026 5232 3451 5305 ροει,ΕοΙοιί.5,
3468 5225 3759 5305 Σαϐἑλιος.

2184 5306 2297 5386 (87)
2331 5305 2532 5386 Res-.1
2579 5309 2660 5386 ει.
2691 5306 2752 5386 2,.
2778 5302 3234 5386 ξεευθιξζὲειείξ-
3270 5302 3757 5386 Arene-Pohle-

2184 5319 2297 5372 (δι)
2332 5319 2469 5375 ueg.
2508 5319 2532 5357 1
2585 5319 2643 5357 et
2691 5319 2744 5369 κ,
2778 5319 3014 5429 wagner.
3058 5319 3234 5360 basu.
3270 5319 3494 5386 angue.
3524 5319 3756 5360 uooler.

2112 5375 2303 5433 Felck.
2337 5379 2360 5430 1
2396 5380 2454 5430 et
2481 5376 2536 5443 5,
2571 5373 2700 5435 Θεὸς
2733 5374 2760 5429 6
2793 5374 2852 5427 Υ¹ι
2893 5396 2936 5437 ς,
2971 5375 3122 5431 Editi
3167 5381 3223 5432 et
3276 5375 3395 5446 alii,
3429 5373 3559 5435 Θεὸς
3610 5372 3756 5446 Υἱός.

2187 5450 2294 5517 (88)
2328 5447 2414 5503 Ita
2440 5447 2749 5511 vertimus,
2801 5451 3022 5503 textum
3074 5447 3335 5503 Graecum
3382 5445 3595 5516 secuti,
3627 5445 3763 5502 licet

2112 5519 2283 5591 vulgo
2314 5517 2844 5591 doceantitheologi
2867 5519 3073 5591 Filium
3108 5536 3223 5575 non
3254 5520 3550 5587 aliud,sed
3582 5519 3762 5591 alium

2113 5590 2241 5646 esse
2271 5608 2305 5646 a
2340 5592 2531 5647 Patre.
2565 5590 2781 5646 Verum
2802 5590 2927 5647 ista
2958 5590 3228 5660 dictione,
3259 5591 3434 5660 aliud,
3466 5591 3621 5647 idem
3661 5590 3759 5647 hic

2112 5636 3755 5737 Siéﬁiﬁchi'éériciGQK'ib'SﬁimiHéﬁE3111333033666:

2111 5748 2206 5803 ne,
2236 5735 2401 5805 alius,
2435 5738 2501 5791 ut
2527 5739 2702 5809 patet.
2990 5772 2995 5777 ρ
