4074 6410
442 445 553 506 331

982 444 1044 502 S.
1101 449 1137 500 Α
1157 440 1521 501 THANASII
1566 437 1737 500 OPP.
1785 436 1986 498 PARS
2031 439 2078 498 Ι.
2113 473 2190 482 -
2223 436 2638 502 HISTORICA
2689 443 2787 504 ΕΤ
2832 439 3313 506 DOGMA'I‘ICA.

3748 445 3856 506 332

440 595 558 634 una
587 579 914 648 eademque
929 577 1342 631 esteentcntia.
1363 575 1470 639 Qui
1490 575 1646 628 enim
1671 574 1750 628 ita
1771 573 1884 628 scit
1907 589 2090 627 unum

2207 569 2260 624 ἐν
2288 577 2402 634 τοῖς
2431 575 2575 646 τρισὶ
2604 573 2820 638 τούτοις
2855 575 2960 651 ῥητ
2975 581 3079 638 οῖς.
3112 577 3170 633 Ὁ
3215 577 3318 652 γὰρ
3367 575 3540 639 οὕτως
3590 576 3852 652 ἐγνωκὼς,

443 682 573 724 esse
605 664 816 722 Filium
861 669 920 721 et
964 665 1212 728 Patrem,
1247 661 1406 718 novit
1437 666 1592 717 certe
1633 678 1766 717 eum
1816 661 1876 716 in
1909 663 2100 728 Patre,

445 760 502 812 et
529 759 762 812 Patrem
795 755 852 810 in
888 751 1032 809 Filio
1057 769 1202 808 esse.
1237 751 1520 806 Divinitas
1551 751 1704 806 enim
1739 749 1888 818 Filii,
1914 747 2100 804 Patris

446 861 679 917 quoque
720 843 848 914 ipsa
876 847 984 908 est,
1017 843 1340 912 eademque
1370 843 1460 895 est
1492 839 1550 894 in
1589 838 1725 894 Filio
1761 856 1774 896 :
1809 838 1964 910 quod
1998 837 2098 910 qui

445 931 976 1006 comprehenderit,
1007 930 1059 986 is
1089 945 1437 1002 persuasum
1471 927 1638 985 facile
1667 927 1928 992 habebit,
1961 942 2094 982 eum

444 1023 544 1096 qui
576 1021 784 1079 Filium
805 1021 948 1076 vidit
976 1023 1203 1076 Patrem
1234 1019 1484 1075 vidisse:
1507 1017 1724 1090 quippe
1753 1033 1887 1072 cum
1910 1015 2098 1072 Patris

443 1113 716 1168 divinitas
743 1113 803 1168 in
859 1109 1002 1166 Filio
1031 1109 1448 1181 conspiciatur.
1502 1107 1563 1163 1d
1615 1113 1811 1164 autem
1845 1105 2097 1179 lacilius,

442 1201 720 1275 imaginis
739 1198 1110 1272 imperatoris
1125 1197 1411 1269 exemplo,
1429 1195 2096 1268 poteritintelligi.Nem-

447 1309 517 1366 pe
547 1293 606 1348 in
636 1291 895 1364 imagine
915 1288 1141 1361 species
1173 1287 1410 1360 quidem
1443 1291 1500 1343 et
1521 1287 1706 1342 forma
1728 1285 2098 1358 imperatoris

445 1385 557 1448 est,
591 1381 647 1436 in
680 1381 1032 1452 imperatore
1051 1382 1248 1434 autem
1279 1377 1482 1432 eadem
1514 1375 1738 1448 species
1767 1379 1856 1431 est
1885 1391 2013 1447 quae
2035 1374 2096 1429 in

447 1471 705 1544 imagine
751 1469 997 1526 videtur.
1047 1467 1304 1524 Perfecta
1352 1465 1508 1520 enim
1557 1464 1884 1520 similitudo
1923 1463 2095 1519 estin

447 1559 820 1632 imperatoris
849 1556 1124 1629 imagine,
1157 1555 1238 1610 ita
1267 1559 1332 1610 ut
1359 1560 1417 1610 et
1443 1554 1495 1610 is
1525 1553 1626 1625 qui
1653 1553 1968 1626 imaginem
2007 1553 2096 1608 vi—

447 1649 618 1715 derit,
651 1649 710 1704 in
761 1648 889 1720 ipsa
929 1645 1337 1718 imperatorem
1387 1643 1702 1710 intueatur,
1735 1647 1793 1698 et
1835 1641 2095 1698 vicissim

449 1738 552 1812 qui
610 1737 1020 1810 imperatorem
1077 1733 1308 1803 viderit,
1359 1735 1640 1805 agnoscat
1676 1731 1843 1786 illum
1899 1731 2094 1802 ipsum

448 1843 579 1884 esse
608 1825 706 1898 qui
738 1825 798 1880 in
829 1824 1083 1896 imagine
1102 1821 1481 1894 conspicitur.
1507 1820 1584 1876 Ex
1614 1836 1680 1876 eo
1709 1823 1905 1876 autem
1937 1819 2095 1891 quod

449 1915 618 1972 nulla
647 1915 980 2009 discrepent
1007 1910 1514 2009 dissimilitudine,
1547 1910 1594 1965 si
1627 1909 1762 1982 quis
1953 1909 2102 1964 ima-
2136 1944 2181 2009 Β

450 2005 669 2078 ginem,
699 2003 873 2058 vellet
913 2001 1326 2072 imperatorem
1355 1999 1570 2070 videre,
1604 2003 1756 2055 recte
1788 1998 1870 2053 illi
1905 1998 2098 2070 imago

449 2093 669 2150 diceret
700 2109 712 2147 :
747 2093 864 2164 Ego
893 2095 952 2147 et
983 2091 1300 2162 imperator
1318 2105 1501 2144 unum
1535 2105 1783 2156 sumus;
1813 2103 1918 2160 ego
1939 2087 2096 2143 enim

451 2183 511 2238 in
546 2181 644 2238 illo
675 2196 832 2247 sum,
863 2183 922 2236 et
953 2179 1049 2236 ille
1095 2179 1152 2234 in
1185 2195 1278 2234 me
1311 2195 1324 2233 :
1359 2179 1632 2250 quodque
1685 2177 1742 2232 in
1792 2194 1886 2232 me
1913 2176 2095 2244 vides,

447 2272 601 2327 idem
635 2271 696 2325 in
724 2270 823 2326 illo
853 2267 1090 2341 aspicis,
1123 2273 1181 2324 et
1213 2267 1367 2340 quod
1399 2265 1458 2326 in
1490 2267 1590 2322 illo
1623 2265 2012 2336 vidisti,idem
2035 2263 2095 2319 in

445 2376 538 2416 me
565 2359 778 2416 cernis.
816 2363 1018 2430 Itaque
1047 2358 1149 2428 qui
1181 2355 1498 2428 imaginem
1523 2356 1745 2423 adorat,
1770 2354 1829 2409 in
1859 2371 1926 2410 ea
1957 2370 2096 2426 quo-

442 2465 556 2522 que
578 2447 987 2520 imperatorem
1017 2446 1258 2502 adorat:
1284 2445 1474 2515 imago
1497 2443 1786 2516 siquidem
1810 2445 1937 2514 ejus
1968 2461 2097 2516 spe-

440 2539 558 2594 cies
590 2541 648 2593 et
676 2537 862 2593 forma
891 2539 1000 2591 est.
1033 2533 1176 2590 Cum
1213 2534 1396 2606 igitur
1431 2533 1608 2588 Filius
1640 2533 1832 2604 imago
1863 2550 2098 2605 quoque

437 2627 516 2682 sit
535 2626 758 2691 Patris;
785 2623 1108 2696 intelligere
1133 2639 1368 2678 necesse
1395 2626 1485 2678 est
1505 2621 1868 2677 divinitatem
1893 2629 1950 2678 et
1972 2640 2096 2694 pro.

436 2715 740 2788 prietatem
781 2713 992 2778 Patris,
1023 2712 1132 2768 hoc
1172 2712 1368 2784 ipsum
1426 2727 1555 2766 esse
1587 2712 1738 2780 quod
1771 2715 1859 2766 est
1893 2711 2092 2768 Filius.

436 2806 552 2862 Hoc
581 2811 774 2860 autem
808 2807 899 2858 est
927 2802 1082 2870 quod
1131 2801 1226 2856 his
1257 2801 1450 2856 verbis
1481 2799 1866 2872 signiﬁcatur,
1901 2801 2006 2870 Qui
2033 2801 2095 2857 in

433 2895 620 2966 fama
651 2895 751 2949 Dei
769 2892 1037 2948 exsistam
1062 2891 1105 2925 ‘1
1135 2915 1148 2958 ;
1181 2895 1258 2958 et,
1293 2894 1454 2945 Pater
1483 2891 1540 2944 in
1571 2905 1658 2945 me
1679 2890 1744 2944 ⁸³.

505 2984 560 3038 6.
592 2982 872 3038 Caeterum
894 2997 1004 3036 non
1027 2995 1096 3036 ex
1115 2983 1277 3050 parte
1309 2984 1540 3034 tantum
1562 2978 1886 3035 divinitatis
1908 2979 2094 3037 forma

437 3076 546 3144 est,
579 3072 680 3128 sed
703 3071 812 3126 hoc
829 3069 984 3142 quod
1011 3074 1100 3125 est
1113 3067 1316 3136 Filius,
1339 3067 1638 3140 plenitudo
1659 3073 1748 3122 est
1768 3067 2093 3125 divinitatis

442 3161 647 3232 Patris,
667 3160 748 3215 ita
780 3165 844 3214 ut
869 3159 1046 3214 Filius
1073 3161 1230 3214 totus
1261 3157 1338 3213 sit
1372 3157 1540 3212 Deus.
1564 3156 1712 3214 Hinc
1740 3173 1875 3212 cum
1895 3174 2088 3230 isqua-

438 3251 514 3308 lis
535 3251 651 3307 Deo
677 3254 854 3317 esset,
878 3265 992 3304 non
1015 3247 1280 3320 rapinam
1305 3246 1624 3302 arbitratus
1648 3251 1737 3301 est
1762 3251 1870 3302 Dee
1901 3263 2091 3319 mqua-

2209 656 2291 711 ³ἔτι
2329 655 2384 712 ἓν
2417 659 2549 714 εἷ’σιν
2581 661 2609 714 6
2642 662 2766 724 Υἱὸς
2813 663 2904 718 καὶ
2955 663 2984 718 6
3033 664 3246 738 Πατήρ,
3296 661 3462 734 οἶδεν,
3495 663 3578 720 ὅτι
3609 663 3768 728 αὐτὸς
3808 664 3856 720 ἓν

2205 751 2284 818 τῷ
2318 750 2484 822 Πατρί
2513 749 2646 824 ἑστι,
2699 750 2788 806 καὶ
2839 753 2867 807 6
2915 753 3102 827 Πατὴρ
3152 751 3205 808 ἐν
3250 756 3330 824 τῷ
3373 754 3502 826 Υἱῷο
3554 755 3589 823 ἡ
3631 753 3734 829 γὰρ
3764 758 3854 809 τοῖ’)

2207 835 2334 890 Υἱοῦ
2385 837 2572 910 θεότης
2618 844 2716 895 τοῦ
2761 841 2969 917 Πατρός
3024 840 3158 916 ἐστι,
3211 841 3300 896 καὶ
3352 841 3487 912 αὐτὴ
3553 844 3630 917 (1)
3678 841 3731 896 ἐν
3779 846 3851 914 τῷ

2206 925 2318 998 Υἱῷ
2345 925 2475 982 ἐστι·
2525 929 2613 984 καὶ
2664 930 2692 984 ὁ
2737 935 2899 985 τοῦτο
2947 928 3005 986 δὶ
3050 926 3372 987 καταλαϐὼν
3422 932 3726 1004 πέπεισται,
3771 930 3849 986 ὅτι

2207 1015 2235 1068 6
2264 1013 2521 1091 ἕωρακὼς
2551 1019 2643 1073 τὸν
2693 1019 2813 1074 Υἱὸν
2867 1020 3072 1096 ἑώρακε
3117 1021 3210 1074 τὸν
3257 1022 3484 1096 Πατέρα·
3539 1019 3591 1076 ἐν
3639 1022 3744 1097 γὰρ
3781 1025 3853 1094 τῷ

2207 1104 2316 1176 Υἱῴ
2345 1107 2380 1174 ἡ
2412 1110 2509 1160 τοῦ
2541 1107 2750 1184 Πατρὸς
2790 1108 2983 1179 Θεότης
3031 1115 3334 1184 θεωρεῖται.
3365 1114 3538 1166 Τοῦτο
3569 1107 3628 1165 δὲ
3656 1109 3746 1164 καὶ
3777 1112 3852 1185 (2)

2207 1193 2312 1248 ἀπὸ
2366 1199 2464 1249 τοῦ
2507 1193 2950 1272 παραδείγματος
3001 1205 3100 1268 τῆς
3160 1198 3373 1262 εἰκόνος
3429 1203 3528 1255 τοῦ
3592 1198 3852 1275 βασιλέως

2205 1282 2632 1359 προσεχέστερόν
2680 1307 2765 1348 τις
2811 1293 3090 1342 κατανοεῖν
3143 1284 3450 1360 δυνήσεται.
3507 1289 3596 1346 Ἐν
3641 1288 3742 1364 γὰρ
3787 1289 3854 1360 τῇ

2207 1370 2373 1426 εἰκόνι
2400 1373 2462 1428 τὸ
2492 1371 2633 1437 εἶδος
2677 1374 2765 1430 καὶ
2795 1377 2830 1446 ἡ
2888 1378 3072 1454 μορφή
3123 1381 3221 1432 τοῦ
3273 1375 3542 1453 βασιλέως
3587 1376 3720 1448 ἐστὶ,
3769 1376 3853 1432 καὶ

2205 1459 2256 1514 έν
2287 1466 2366 1533 τῷ
2403 1462 2617 1536 βασιλεῖ
2647 1461 2706 1518 δὲ
2746 1464 2808 1518 τὸ
2855 1463 2908 1521 ἐν
2949 1469 3018 1539 τῇ
3073 1465 3238 1520 εἰκόνι
3289 1465 3431 1528 εἶδός
3481 1465 3643 1524 ἐστιν.
3695 1470 3854 1521 ’Δπα-

2206 1549 2510 1624 ράλλακτος
2567 1552 2670 1629 γάρ
2729 1551 2868 1608 ἐστιν
2925 1557 2960 1624 ἡ
3013 1555 3064 1609 ἐν
3116 1559 3185 1629 τῇ
3235 1554 3402 1611 εἰκόνι
3452 1560 3550 1610 τοῦ
3585 1555 3850 1632 βασιλέως

2205 1639 2491 1713 ὁμοιότης·
2541 1640 2680 1697 ὥστε
2724 1643 2815 1698 τὸν
2863 1641 3132 1719 ἐνορῶντα
3180 1647 3247 1719 τῇ
3300 1643 3463 1700 εἰκόνι
3516 1647 3594 1718 (3)
3627 1645 3758 1720 ὁρᾷν
3803 1643 3854 1700 ἰν

2205 1727 2340 1802 αὐτῇ
2369 1730 2460 1784 τὸν
2493 1729 2738 1805 βασιλέα,
2768 1731 2857 1787 καὶ
2912 1732 3003 1788 τὸν
3035 1731 3203 1788 πάλιν
3257 1735 3466 1810 ὁρῶντα
3495 1733 3586 1789 τὸν
3633 1731 3856 1810 βασιλέα

2205 1815 2600 1895 ἐπιγινώσκειν,
2648 1819 2730 1874 ὅτι
2782 1820 2938 1883 οὗτός
2984 1820 3122 1877 ἐστιν
3168 1823 3197 1878 6
3227 1821 3279 1877 ἐν
3328 1826 3398 1898 τῇ
3431 1822 3620 1879 εἰκόνι.
3662 1823 3757 1880 Ἐκ
3797 1819 3854 1878 δὲ

2205 1910 2303 1962 τοῦ
2337 1908 2412 1980 μή
2447 1905 2788 1965 διαλλάττειν
2837 1917 2936 1980 τὴν
2987 1907 3312 1985 ὁμοιότητα,
3342 1917 3422 1984 τῷ
3469 1911 3684 1968 θέλοντι
3722 1910 3854 1986 μετὰ

2204 1997 2304 2065 τήν
2347 1995 2528 2052 ε’κόνα
2579 2000 2850 2075 θεωρῆσαι
2895 2001 2987 2055 τὸν
3043 2001 3268 2076 βασιλέα
3315 1999 3460 2056 εἶ’ποι
3509 2001 3568 2056 ἂν
3601 2003 3636 2072 ἡ
3672 2001 3850 2057 εἰκών·

2206 2085 2346 2161 Ἐγὼ
2397 2085 2485 2140 καὶ
2539 2087 2572 2140 ά
2644 2085 2898 2162 βασιλεὺς
2962 2085 3017 2143 ἓν
3077 2088 3235 2163 ἐσμεν
3302 2091 3382 2163 (4)
3463 2088 3570 2166 ἐγὼ
3639 2089 3740 2166 γὰρ
3799 2087 3850 2144 ἐν

2206 2174 2394 2247 ἐκείνῳ
2450 2175 2587 2248 εἰμὶ,
2646 2177 2889 2239 κάκεῖνος
2946 2177 2998 2232 ἐν
3045 2177 3188 2252 ἐμοί·
3246 2178 3336 2233 καὶ
3385 2180 3414 2234 ὃ
3445 2180 3572 2253 ὁρᾷς
3603 2177 3656 2234 ἐν
3709 2177 3852 2252 ἐμοὶ,

2203 2267 2363 2318 τοῦτο
2395 2263 2446 2318 έν
2487 2262 2674 2338 ἐκείνῳ
2725 2266 2972 2342 βλέπεις’
3030 2267 3116 2322 καὶ
3167 2267 3198 2322 ὃ
3246 2267 3490 2344 ἑώρακας
3538 2267 3588 2322 ἐν
3640 2266 3851 2340 ἐκείνῳ,

2203 2357 2362 2408 τοῦτο
2399 2352 2620 2428 βλέπεις
2651 2354 2702 2408 ἐν
2735 2354 2883 2428 ἐμοί.
2917 2357 2972 2409 Ὀ
3002 2361 3132 2432 γοῦν
3183 2361 3499 2433 προσκυνῶν
3543 2359 3623 2431 (5)
3651 2357 3750 2426 τήν
3783 2357 3852 2412 εἶ-

2204 2441 2355 2508 κόνα,
2411 2441 2462 2497 έν
2521 2441 2658 2518 αὐτῇ
2713 2450 3006 2518 προσκυνεῖ
3062 2445 3153 2501 καὶ
3208 2447 3298 2501 τὸν
3362 2445 3606 2522 βασιλέα
3667 2448 3703 2516 ἡ
3750 2445 3854 2522 γὰρ

2205 2529 2408 2585 ἐκείνου
2444 2533 2626 2610 μορφὴ
2674 2532 2764 2587 καὶ
2811 2535 2873 2588 τὸ
2905 2531 3044 2596 εἶδός
3097 2533 3236 2588 ἐστιν
3289 2536 3365 2607 (6)
3395 2537 3429 2604 ἡ
3487 2533 3668 2592 εἰκών.
3700 2535 3851 2595 Ἐπεὶ

2202 2619 2380 2675 τοίνυν
2411 2621 2560 2675 καὶὸ
2593 2621 2712 2682 Υἰὸς
2761 2621 2918 2676 εἷ’κών
2967 2621 3075 2678 ἐστι
3123 2627 3220 2678 τοῦ
3263 2623 3493 2699 Πατρὸς,
3526 2623 3578 2694 ἐξ
3625 2621 3856 2699 ἀνάγκης

2204 2706 2314 2762 ἐστὶ
2344 2715 2514 2777 νοεῖν,
2547 2709 2630 2765 ὅτι
2679 2712 2712 2779 ἡ
2767 2709 2958 2782 θεότης
2988 2711 3077 2766 καὶ
3109 2713 3144 2781 ἡ
3187 2709 3396 2782 ἰδιότης
3425 2716 3522 2766 τοῦ
3554 2712 3760 2786 Πατρὸς
3791 2711 3853 2766 τὸ

2203 2797 2334 2852 εἶναι
2364 2803 2460 2853 τοῦ
2494 2799 2620 2852 1⁸ἱοῦ
2651 2797 2781 2856 ἐστι.
2816 2801 2916 2856 Καὶ
2942 2801 3102 2855 τοῦτό
3132 2799 3298 2871 ἐστιν,
3325 2803 3421 2863 Ὃς
3448 2804 3522 2874 (7)
3556 2801 3607 2855 ἐν
3663 2803 3852 2880 μορφῇ

2203 2885 2334 2942 Θεοῦ
2367 2887 2652 2965 ὑπάρχων,
2683 2889 2794 2959 καὶ,
2825 2891 2887 2946 Ὁ
2916 2891 3103 2965 Πατὴρ
3137 2889 3186 2944 έν
3220 2889 3366 2963 ἐμοί.

2270 2979 2324 3032 6.
2358 2977 2470 3034 Οὐκ
2501 2976 2561 3032 ἐκ
2607 2976 2802 3054 μέρους
2851 2976 2909 3034 δὲ
2937 2981 2972 3049 ἡ
3004 2981 3102 3048 τῆς
3149 2979 3404 3051 Θεότητος
3461 2981 3672 3057 μορφὴ,
3704 2976 3854 3034 ἀλλᾶ

2198 3067 2262 3120 τὸ
2291 3065 2574 3141 πλήρωμα
2601 3073 2704 3136 τῆς
2748 3071 2846 3122 τοῦ
2902 3069 3108 3143 Πατρὸς
3155 3067 3408 3140 θεότητός
3458 3067 3569 3124 ἐστι
3615 3073 3680 3122 τὸ
3711 3067 3849 3124 εἶναι

2199 3153 2295 3209 τοῦ
2326 3155 2474 3224 Ποῦ,
2505 3154 2594 3210 καὶ
2642 3155 2775 3218 ὅλος
2828 3159 2904 3230 (8)
2953 3156 3080 3220 Θεός
3130 3156 3270 3212 ἐστιν
3302 3159 3330 3211 6
3361 3156 3506 3219 Υἱός.
3541 3158 3639 3212 Διὰ
3682 3161 3846 3212 τοῦτο

2199 3244 2286 3299 καὶ
2310 3240 2399 3298 ’ίνα
2427 3248 2542 3316 Θεῷ
2573 3241 2669 3317 ὢν,
2704 3243 2811 3320 οὐχ
2859 3245 3141 3321 ἁρπαγμὸν
3187 3247 3439 3320 ἡγήσατο
3484 3246 3548 3300 τὸ
3580 3245 3711 3300 εἶναι
3764 3241 3857 3302 ἴσα

439 3341 551 3397 lem
582 3338 788 3395 esse".
821 3310 1118 3403 Similiter,
1155 3335 1290 3407 quia
1322 3334 1450 3390 Filii
1477 3334 1750 3391 divinitas
1782 3340 1838 3390 et
1865 3310 2089 3408 species

2206 3335 2333 3404 Θεῷ”
2390 3333 2478 3386 καὶ
2537 3331 2700 3388 πάλιν
2761 3331 2948 3403 ἐπειδὴ
3005 3338 3100 3389 τοῦ
3150 3335 3277 3388 Υἱοῦ
3307 3336 3342 3403 ἡ
3411 3333 3606 3404 θεότης
3653 3333 3743 3388 καὶ
3789 3334 3856 3390 τὸ

438 3446 538 3487 seu
577 3429 763 3484 forma
785 3425 1004 3484 nullius
1035 3426 1188 3481 alius
1211 3441 1384 3496 quam
1416 3424 1602 3480 Patris
1623 3428 1734 3494 est,
1760 3424 1868 3480 hoc
1891 3426 2088 3498 ipsum

435 3521 526 3575 est
553 3517 707 3589 quod
739 3515 904 3584 dixit,
954 3515 1062 3584 Ego
1093 3516 1152 3569 in
1185 3515 1429 3570 Patre“.
1473 3513 1568 3569 Sic
1599 3514 1737 3569 Deus
1769 3516 1825 3569 in
1858 3514 2086 3572 Christo

437 3610 554 3662 erat
581 3605 851 3662 mundum
899 3602 1269 3660 reconcilians
1313 3605 1422 3658 sibi
1440 3603 1504 3658 ‘5.
1555 3603 1818 3675 Namque
1863 3610 2085 3660 natura;

437 3696 629 3752 Patris
649 3711 920 3768 proprius
937 3697 1024 3750 est
1049 3691 1251 3760 Filius,
1271 3691 1330 3746 in
1357 3709 1471 3764 quo
1503 3698 1715 3747 natura
1735 3698 1929 3749 creata
1950 3711 2084 3750 cum

439 3785 556 3842 Deo
582 3785 1010 3841 reconciliatur.
1051 3783 1143 3836 Sic
1175 3799 1244 3837 ea
1273 3798 1399 3852 quae
1452 3779 1630 3836 Filius
1673 3782 1882 3853 agebat
1913 3800 2088 3855 Opera

443 3875 626 3930 Patris
645 3879 831 3940 erant,
851 3873 990 3946 quia
1005 3871 1184 3928 Filius
1202 3871 1426 3942 species
1441 3887 1542 3925 seu
1565 3869 1750 3925 forma
1765 3885 1890 3926 erat.
1903 3872 2088 3930 Patris

441 3961 786 4028 divinitatis,
821 3977 945 4032 qua:
985 3958 1115 4030 ipsa
1139 3973 1314 4030 opera
1343 3955 1648 4012 efﬁciebat.
1679 3957 1772 4012 Sic
1805 3957 1902 4028 qui
1937 3959 2092 4016 videt

442 4053 676 4118 Filium,
701 4053 930 4108 Patrem
954 4047 1129 4105 simul
1159 4048 1340 4116 videt,
1363 4047 1499 4118 quia
1525 4047 1582 4101 in
1618 4053 1861 4120 paterna
1889 4049 2094 4106 divini-

442 4146 562 4198 tate
579 4145 635 4197 et
654 4144 744 4196 est
761 4144 820 4196 et
835 4137 1096 4194 cernitur
1114 4136 1325 4204 Filius;
1347 4141 1700 4208 paterneque
1721 4137 1944 4209 species
1963 4156 2090 4212 quas

440 4231 500 4286 in
524 4230 622 4286 illo
645 4232 754 4295 est,
773 4227 1001 4283 Patrem
1019 4225 1077 4280 in
1105 4225 1305 4280 eodem
1325 4223 1577 4292 exhibet,
1596 4229 1769 4296 atque
1791 4225 1901 4282 hoc
1919 4229 2092 4284 modo

441 4324 612 4376 Pater
631 4323 722 4374 est
738 4316 800 4372 in
821 4315 988 4372 Filio.
1013 4312 1338 4385 Proprietas
1357 4317 1552 4368 autem
1570 4317 1627 4368 et
1643 4312 1936 4386 divinitas,
1963 4333 2090 4386 quis

438 4424 507 4464 ex
535 4408 708 4462 Patre
734 4404 793 4460 in
826 4403 970 4460 Filio
992 4403 1241 4472 exsistit,
1259 4401 1469 4458 Filium
1506 4401 1564 4456 in
1596 4406 1764 4458 Patre
1796 4421 2090 4461 common-

439 4499 606 4562 strat,
621 4494 1012 4565 eamdemque
1025 4493 1097 4548 ab
1110 4508 1176 4548 eo
1189 4491 1366 4546 dividi
1392 4507 1690 4562 nunquam
1713 4509 1882 4563 posse
1894 4500 2088 4551 osten-

2199 3419 2342 3484 εῖδος
2385 3418 2599 3484 οὐδενὸς
2650 3420 2846 3492 ἄλλου,
2879 3425 2912 3493 ἣ
2943 3427 3040 3478 τοῦ
3071 3423 3279 3499 Πατρός
3311 3421 3445 3494 ἐστι,
3475 3423 3640 3478 τοῦτό
3685 3421 3851 3493 ἐστιν,

2194 3513 2326 3588 ὅπερ
2386 3511 2500 3566 εἶπε
2554 3511 2617 3565 τὸ
2677 3513 2766 3583 (9),
2828 3513 2972 3587 Ἐγὼ
3033 3511 3084 3566 ἐν
3139 3517 3221 3584 τῷ
3269 3511 3457 3586 Πατρί’
3510 3510 3668 3569 Οὕτω
3714 3511 3850 3575 Θεὸς

2193 3599 2259 3668 ἦν
2341 3598 2391 3653 ἒν
2468 3603 2686 3675 Χριστῷ
2757 3599 2964 3674 κόσμον
3025 3601 3199 3672 ἑαυτῷ
3252 3598 3641 3656 καταλλάσσων
3703 3619 3716 3631 ’
3777 3599 3845 3654 τὸ

2194 3689 2294 3764 γὰρ
2331 3684 2468 3744 ἴδιον
2500 3695 2600 3758 τῆς
2625 3692 2723 3743 τοῦ
2756 3689 2964 3766 Πατρὸς
3013 3688 3196 3752 οόσῖας
3237 3688 3374 3744 ἐστὶν
3407 3689 3436 3744 6
3468 3689 3608 3760 Υἱὸς,
3647 3688 3698 3744 ἐν
3731 3689 3776 3760 ᾧ
3809 3691 3846 3759 ἡ

2194 3776 2368 3840 κτίσις
2398 3777 2534 3854 πρὸς
2577 3777 2668 3832 τὸν
2718 3778 2846 3833 Θεὸν
2894 3777 3324 3848 κατηλλάσσετο.
3358 3777 3541 3841 Οὕτως
3595 3777 3626 3832 ἃ
3657 3777 3844 3853 εἰργά-

2201 3872 2317 3936 ζετο
2347 3868 2461 3940 (10)
2489 3867 2517 3920 6
2549 3865 2693 3936 l‘i6c,
2732 3871 2828 3922 τοῦ
2879 3866 3086 3942 Πατρός
3119 3867 3260 3922 ἐστιν
3289 3864 3442 3942 ἔργα·
3473 3867 3536 3922 τὸ
3564 3866 3665 3943 γὰρ
3697 3864 3842 3929 εἶδος

2195 3964 2297 4026 τῆς
2321 3959 2418 4011 τοῦ
2449 3955 2657 4032 Πατρὸς
2687 3954 2943 4026 Θεότητός
2974 3955 3112 4011 ἐστιν
3145 3958 3173 4010 6
3209 3955 3350 4026 Υἱός,
3392 3954 3513 4024 ἥτις
3564 3955 3846 4030 εἰργάζετο

2197 4047 2265 4101 τὰ
2294 4040 2443 4119 ἔργα·
2495 4044 2638 4100 οὕτω
2688 4041 2746 4099 δὲ
2797 4045 2826 4098 6
2879 4044 3095 4120 βλέπων
3144 4045 3234 4100 τὸν
3275 4045 3397 4100 Υἱὸν
3443 4045 3544 4120 ὁρᾷ
3587 4044 3679 4099 τὸν
3734 4045 3848 4100 [Ια-

2197 4134 2345 4209 τέραι⁵
2391 4133 2440 4188 ἐν
2489 4134 2591 4210 γὰρ
2637 4137 2706 4207 τῇ
2755 4134 2982 4206 πατρῴᾳ
3029 4133 3244 4204 θεότητί
3293 4132 3404 4189 ἐστι
3443 4131 3533 4188 καὶ
3566 4137 3852 4208 θεωρεῖται

2200 4226 2227 4279 ὁ
2259 4223 2404 4284 Υἱός·
2453 4223 2542 4277 καὶ
2588 4224 2650 4277 τὸ
2699 4221 2750 4276 ἐν
2803 4222 2949 4296 αὐτῷ
2997 4225 3258 4300 πατρικὸν
3307 4220 3448 4285 εἶδος
3499 4220 3760 4278 δείκνυσιν
3795 4220 3851 4277 ἂν

2199 4311 2346 4384 αὐτῷ
2375 4311 2607 4386 (11)τὸν
2661 4311 2894 4386 Πατέρα·
2946 4311 3037 4366 καὶ
3079 4310 3252 4374 οὕτως
3305 4310 3446 4366 ἐστὶν
3499 4311 3526 4365 6
3581 4311 3766 4386 Πατὴρ
3799 4309 3854 4366 ἐν

2199 4408 2278 4476 τῷ
2309 4403 2438 4474 Υἱῷ.
2473 4402 2572 4455 Καὶ
2598 4404 2633 4472 ἡ
2663 4399 2722 4456 ἐκ
2766 4405 2864 4456 τοῦ
2908 4401 3122 4478 [ἰατρὸς
3173 4399 3232 4456 δὲ
3261 4400 3313 4456 ἐν
3366 4401 3476 4474 Υἱῷ
3507 4397 3719 4471 ἰδιότης
3761 4399 3860 4455 καὶ

2200 4491 2392 4562 θεότης
2422 4488 2654 4546 δείκνυσι
2683 4489 2774 4544 τὸν
2807 4489 2930 4544 Υἱὸν
2961 4486 3015 4544 ἐν
3059 4495 3138 4562 τῷ
3171 4490 3360 4566 Πατρὶ,
3391 4487 3484 4544 καὶ
3534 4489 3596 4544 τὸ
3630 4487 3710 4544 ἀεὶ
3741 4489 3864 4563 (12)

511 4640 551 4676 ⁴¹
586 4636 796 4710 Philip.
831 4654 896 4709 II,
924 4637 978 4692 6.
1057 4637 1103 4672 ⁴²
1131 4636 1300 4692 Joan.
1335 4651 1450 4704 xw,
1485 4637 1568 4692 10.
1647 4637 1692 4671 ⁸³
1720 4636 1930 4710 Philip.
1967 4657 2027 4712 ιι,
2052 4641 2088 4696 6

2209 4641 2229 4674 ⁸
2259 4639 2426 4695 Joan.
2459 4653 2576 4703 xw,
2613 4637 2694 4692 10.
2773 4637 2817 4671 ⁴⁸
2845 4637 2896 4692 ΙΙ
2925 4639 3050 4692 Cor.
3081 4653 3138 4706 v,
3178 4637 3263 4692 19.

511 4783 588 4854 (1)
625 4782 764 4853 Reg.
797 4783 855 4835 et
882 4784 1119 4854 Seguer.
1153 4776 1310 4854 αὐτῇ.
1353 4779 1578 4854 ϐοείοιιὶΔ
1604 4782 1660 4833 et
1708 4779 1885 4854 editi,
1928 4779 2090 4854 αὕτη,
2125 4789 2168 4851 ῐ)

443 4847 582 4914 de’
606 4847 743 4925 Reg'.
777 4853 801 4925 _l
841 4859 898 4908 et
928 4847 1163 4925 S—e'guer.
1198 4847 1498 4925 πέπεισται.
1546 4849 1815 4906 Damasc.
1868 4847 2091 4906 ἐπίστα-

440 4947 548 4982 ται.
585 4920 789 4983 (ἷωῶνὶ
822 4929 878 4980 ct
906 4920 1069 4987 editi,
1102 4920 1449 4974 πεπίστευκεν

518 5000 590 5068 (2)
620 4997 713 5054 sic
757 5012 902 5052 mss.
959 4999 1224 5068 Dauiasc.
1281 4999 1338 5068 et
1393 4990 1701 5068 concilium
1766 4995 2094 5068 secundum

443 5064 768 5134 Nicaenum,
803 5071 911 5122 act.
949 5068 1000 5134 4,
1035 5065 1132 5120 ubi
1161 5065 1252 5120 hic
1285 5066 1446 5121 locus
1494 5064 1755 5120 affertur.
1790 5065 1978 5121 Editio
2001 5085 2093 5124 ve-

444 5159 507 5197 ro
556 5139 836 5196 Commel.
859 5141 1020 5192 τοῦτο
1041 5135 1150 5191 καί.

513 5213 582 5278 (3}
609 5209 1072 5282 Concil._Niczsn.
1103 5207 1372 5282 ἐνορῶντα
1403 5207 1498 5274 τὴν
1551 5204 1752 5282 εἰκόνα.
1801 5212 2089 5282 υιιωιιεο.,

440 5283 652 5349 ὁρῶντα
679 5281 777 5349 τὴν
811 5279 1011 5336 εἰκόνα.
1047 5281 1176 5336 Mox
1195 5278 1434 5335 ϐουλον.
1473 5278 1661 5334 Felck.
1718 5281 1742 5332 1
1780 5285 1838 5333 et
1880 5278 2088 5336 concil.

440 5351 678 5423 Νίσαια,
711 5351 800 5406 καὶ
831 5351 1004 5423 πάλιν.
1030 5353 1121 5406 τὸν
1151 5352 1378 5423 ὁρῶντα.

507 5426 584 5499 (4.)
615 5417 886 5499 Damasc.
949 5419 1094 5478 εἷ’ποι
1143 5421 1203 5478 ἂν
1246 5421 1427 5493 τούτῳ
1472 5422 1506 5489 ἡ
1541 5417 1718 5484 εἰκὼν,
1754 5417 1858 5494 ἐγὼ
1878 5419 1965 5474 καὶ
1999 5421 2092 5496 βα-

436 5493 616 5559 σιλεὺς
647 5493 701 5551 ἓν
731 5495 784 5550 τί
810 5494 998 5570 ἐσμεν.

507 5571 585 5643 (5)
621 5563 891 5626 υιὶωαεοξ
919 5569 980 5624 Ὁ
1007 5565 1114 5643 γᾶν)Δ
1156 5563 1691 5643 προσκυνῶνλ-Μοπ
1747 5563 1888 5643 Beg.
1943 5567 1976 5643 _1
2033 5569 2090 5643 et

436 5635 673 5717 Seguer.
707 5645 1002 5717 προσκυνεῖ
1022 5635 1120 5694 ’καὶ
1167 5635 1282 5692 τόν.
1337 5639 1397 5692 ln
1449 5635 1578 5692 aliis
1611 5640 1668 5690 et
1696 5635 1892 5706 editis,
1927 5637 2089 5694 deest

438 5733 550 5768 και.

512 5787 590 5864 (6)
623 5789 885 5842 Damasc.
917 5781 980 5837 τὸ
1008 5779 1147 5842 εἶδος
1178 5778 1342 5834 αὐτοῦ
1373 5776 1536 5850 ἆστιν,
1567 5783 1674 5833 etc.

2269 4781 2347 4850 (7)
2377 4780 2470 4834 Sic
2520 4780 2656 4905 Reg.
2707 4779 2760 4846 1,
2808 4783 3047 4850 Seguer.
3111 4784 3170 4834 et
3217 4778 3438 4850 Anglic.
3490 4781 3554 4834 ut
3599 4783 3656 4833 et
3685 4776 3870 4834 habet

2269 4851 2521 4905 rintura.
2558 4857 2594 4902 A
2630 4849 2665 4905 ii
2697 4854 2892 4905 autem
2919 4855 2976 4905 et
2999 4851 3160 4905 editi.
3193 4848 3242 4904 6.

2201 4848 2976 4938 Scriptura.‘_Aliimauten‘fet
2999 4851 3160 4938 editi,
3184 4848 3267 4938 6‘
3317 4848 3346 4938 ’Δ
3381 4920 3394 4937 ρ

2281 4916 2354 4993 (κ)
2387 4920 2611 4994 Anglic.
2646 4917 2816 4982 ὅλως.
2851 4922 2992 4993 Reg.
3024 4924 3078 4990 2,
3110 4919 3199 4975 καὶ
3247 4921 3274 4975 6
3321 4920 3394 4973 Λό
3435 4939 3493 4981 ος
3547 4916 3676 4979 Θεός
3707 4917 3860 4973 ἐστιν

2213 4995 2234 5048 6
2269 4992 2411 5053 Υἱός.
2449 4992 2630 5048 Felck.
2664 4994 2720 5053 5,
2743 4991 2835 5046 καὶ
2868 4993 2896 5046 ὁ
2929 4990 3099 5053 Λόγος
3129 4991 3269 5046 ἐστὶν
3303 4991 3332 5046 6
3363 4939 3506 5053 Υἶός.

2207 5011 2234 5048 ο
2275 5011 2411 5053 [ιος.
2449 5011 2630 5048 l‘CICK.
2664 5011 2720 5060 ἱ),
2743 5013 2835 5046 και
2868 5011 2896 5046 0
2929 5011 3099 5065 Λογος
3129 5011 3269 5046 εστιν
3303 5011 3332 5046 ο
3369 5011 3506 5053 ιιος.

2388 5071 2528 5149 ᾕρεε
2541 5066 2610 5149 ,1,
2641 5065 3222 5149 §eguer:‘Goblc‘r._et
3255 5063 3440 5149 [τοιςκὲ
3483 5064 3548 5149 Il,
3606 5056 3863 5149 εἶξιομεγ,

2209 5133 2598 5210 aliietediti.
2629 5133 2754 5210 εἶπέ⁸
2793 5135 2939 5210 Ibid,
2971 5141 3101 5208 post
3151 5133 3340 5210 Ιιατρί,
3401 5133 3570 5190 Felck
3645 5134 3700 5203 5,
3751 5133 3864 5188 ad-

2206 5209 2312 5272 dit,
2345 5205 2485 5280 xai6
2519 5207 2702 5280 Πατὴρ
2737 5205 2788 5260 ἐν
2814 5205 2958 5278 ἐμοί.

2209 5348 2234 5366 η
2277 5281 2386 5350 (10)
2412 5279 2570 5370 ,Reg;
2607 5273 3003 5370 l,'etnSe"guer.
3029 5276 3338 5370 εἰργάξετο,
3389 5279 3466 5370 e’t’
3495 5273 3673 5370 paulo
3709 5280 3872 5370 ﬂpost.

2202 5347 2680 5442 ᾕτέςνεῖργάζετο.
2747 5347 2946 5407 Ceteri
2995 5354 3052 5406 et
3091 5347 3254 5417 editi,
3307 5347 3582 5424 ἐργάζεται
3621 5352 3677 5401 et
3705 5347 3867 5409 ὅστις

2535 5493 2674 5566 Reg.
2710 5492 2734 5547 1
2771 5497 2830 5549 et
2856 5496 3095 5567 Seguer.
3149 5496 3224 5548 At
3272 5490 3370 5548 alii
3421 5495 3478 5546 et
3528 5489 3688 5556 editi,
3743 5483 3865 5542 δεί-

2199 5585 2382 5618 κνυσιν
2414 5566 2610 5635 ἑαυτῷ.

2269 5639 2383 5709 (12)
2416 5630 2590 5709 Basil.
2624 5641 2680 5692 et
2711 5634 2986 5709 Anglia,
3012 5633 3102 5709 καὶ
3132 5633 3194 5709 τὸ
3223 5631 3464 5709 ἀείκειο.
3491 5631 3609 5709 Alii
3641 5635 3701 5688 et
3727 5630 3868 5709 edi-

2199 5703 2286 5764 tio
2315 5703 2620 5774 Commel.,
2651 5705 2740 5761 καὶ
2771 5703 2874 5764 ﬁt.
2909 5707 3128 5764 Ibidem
3161 5706 3219 5762 in
3251 5703 3448 5762 cedice
3477 5708 3714 5778 Seguer.
3749 5703 3867 5759 ab-

2199 5781 2453 5838 scissum
2486 5786 2576 5839 est
2607 5779 2808 5836 folium
2839 5781 3157 5855 integrum.
