4074 6408
441 429 553 490 331

981 426 1043 485 S.
1101 431 1136 483 Α
1156 423 1518 484 l‘HANASll
1564 421 1736 483 OPP.
1784 421 1984 482 PARS
2030 423 2076 481 1.
2111 457 2188 466 --
2221 421 2636 486 HISTORICA
2687 428 2786 488 ET
2831 425 3312 490 DOGMATICA.

3747 428 3856 491 332

439 577 557 617 una
585 561 912 632 eademque
927 561 1340 614 estsententia.
1361 559 1469 622 Qui
1489 559 1644 612 enim
1671 558 1748 612 ita
1769 557 1882 612 scit
1905 574 2089 611 unum

2207 553 2258 608 ἐν
2286 562 2402 620 τοῖς
2429 559 2573 630 τρισὶ
2603 558 2818 622 τούτοις
2853 559 3078 636 ῥητοῖς.
3111 563 3169 618 Ὁ
3213 562 3316 637 γὰρ
3366 561 3540 624 οὕτως
3589 561 3850 638 ἐγνωκὼς,

443 664 572 706 esse
604 647 814 704 Filium
859 653 918 704 et
963 648 1211 711 Patrem,
1245 645 1404 702 novit
1435 649 1590 701 certe
1630 662 1764 702 eum
1815 645 1874 701 in
1907 647 2097 712 Patre,

443 743 501 794 et
529 742 762 794 Patrem
795 739 850 792 in
885 735 1030 792 Filio
1055 752 1202 791 esse.
1234 735 1518 791 Divinitas
1549 735 1703 791 enim
1738 733 1886 803 Filii,
1912 732 2097 789 Patris

445 843 677 900 quoque
717 826 847 898 ipsa
874 830 984 891 est,
1017 826 1338 895 eademque
1368 826 1458 879 est
1491 823 1547 878 in
1587 823 1723 878 Filio
1759 841 1772 879 :
1807 822 1962 894 quod
1995 821 2096 895 qui

444 914 975 989 comprehenderit,
1006 913 1057 969 is
1087 929 1435 986 persuasum
1469 911 1636 968 facile
1665 911 1926 976 habebit,
1959 927 2092 967 eum

443 1005 542 1078 qui
574 1004 782 1062 Filium
804 1003 946 1060 vidit
973 1006 1200 1059 Patrem
1233 1002 1482 1058 vidisse:
1505 1002 1722 1074 quippe
1751 1017 1884 1056 cum
1908 999 2096 1056 Patris

441 1095 714 1152 divinitas
741 1095 801 1150 in
856 1093 1000 1150 Filio
1029 1092 1446 1164 conspiciatur.
1500 1091 1561 1147 Id
1612 1097 1808 1147 autem
1843 1089 2095 1163 facilius,

440 1183 718 1257 imaginis
738 1181 1108 1255 imperatoris
1123 1180 1409 1252 exemplo,
1427 1179 2094 1253 poteritintelligi.Nem-

445 1292 516 1348 pe
545 1275 604 1330 in
635 1273 892 1346 imagine
913 1270 1139 1343 species
1170 1271 1408 1342 quidem
1440 1274 1497 1326 et
1518 1271 1705 1326 forma
1726 1269 2096 1342 imperatoris

443 1367 555 1430 est,
589 1364 645 1419 in
677 1363 1030 1435 imperatore
1049 1365 1246 1416 autem
1277 1360 1478 1416 eadem
1511 1359 1735 1432 species
1765 1363 1854 1414 est
1883 1375 2010 1431 quas
2034 1358 2094 1414 in

445 1453 702 1527 imagine
749 1451 996 1508 videtur.
1045 1449 1301 1506 Perfecta
1349 1449 1506 1504 enim
1555 1447 1882 1503 similitudo
1921 1448 2094 1503 estin

445 1541 818 1614 imperatoris
846 1539 1121 1612 imagine,
1155 1538 1236 1592 ita
1265 1541 1330 1592 ut
1357 1543 1415 1592 et
1441 1537 1493 1594 is
1523 1537 1624 1608 qui
1650 1536 1966 1610 imaginem
2005 1536 2094 1592 vi-

445 1631 616 1697 derit,
648 1631 708 1686 in
760 1630 886 1702 ipsa
927 1627 1336 1701 imperatorem
1384 1627 1700 1692 intueatur,
1733 1631 1790 1682 et
1833 1625 2092 1682 vicissim

447 1719 549 1794 qui
607 1719 1018 1792 imperatorem
1075 1716 1306 1785 viderit,
1357 1719 1638 1788 agnoscat
1673 1714 1840 1770 illum
1897 1715 2091 1786 ipsum

445 1825 576 1866 esse
605 1807 704 1881 qui
737 1808 796 1863 in
827 1806 1080 1879 imagine
1100 1804 1478 1877 conspicitur.
1505 1803 1581 1858 Ex
1611 1820 1678 1860 eo
1707 1807 1901 1860 autem
1934 1804 2092 1875 quod

448 1897 615 1993 nulla
643 1897 978 1993 discrepent
1005 1893 1511 1993 dissimilitudine,
1544 1893 1592 1948 si
1624 1893 1760 1964 quis
1951 1893 2100 1949 ima-
2133 1928 2178 1993 Β

448 1987 666 2060 ginem,
697 1985 870 2042 vellet
910 1984 1322 2054 imperatorem
1352 1983 1568 2053 videre,
1601 1987 1752 2038 recte
1785 1981 1867 2037 illi
1901 1981 2094 2054 imago

447 2074 665 2132 diceret
697 2091 710 2129 :
745 2075 862 2146 Ego
891 2077 950 2129 et
979 2073 1297 2145 imperator
1317 2089 1498 2127 unum
1531 2087 1741 2127 sumus
1767 2089 1780 2140 ;
1809 2087 1915 2144 ego
1935 2071 2094 2127 enim

449 2164 508 2220 in
543 2163 642 2220 illo
673 2178 830 2229 sum,
860 2167 920 2219 et
949 2161 1046 2218 ille
1091 2161 1150 2216 in
1183 2178 1276 2217 me
1309 2179 1321 2217 :
1355 2161 1629 2233 quodque
1681 2161 1739 2215 in
1789 2177 1882 2216 me
1909 2160 2092 2228 vides,

445 2253 599 2309 idem
633 2253 692 2308 in
721 2252 820 2308 illo
850 2251 1086 2324 aspicis,
1120 2256 1178 2307 et
1209 2251 1364 2322 quod
1395 2249 1454 2309 in
1488 2250 1586 2306 illo
1619 2249 2010 2320 vidisti,idem
2031 2247 2092 2303 in

442 2358 536 2398 me
561 2341 775 2398 cernis.
812 2345 1015 2413 itaque
1044 2341 1146 2412 qui
1177 2339 1497 2410 imaginem
1519 2340 1742 2408 adorat,
1767 2338 1826 2393 in
1855 2356 1923 2394 ea
1953 2354 2094 2410 quo-

439 2448 553 2504 que
575 2429 984 2502 imperatorem
1015 2430 1218 2484 adorat
1241 2443 1254 2481 :
1280 2428 1472 2499 imago
1493 2427 1782 2500 siquidem
1806 2429 1934 2498 ejus
1965 2445 2094 2501 spe-

437 2521 556 2576 cies
587 2525 645 2576 et
673 2520 859 2574 forma
888 2523 996 2574 est.
1030 2516 1173 2573 Cu‘m
1207 2517 1392 2589 igitur
1428 2517 1605 2572 Filius
1637 2517 1828 2589 imago
1859 2534 2094 2590 quoque

433 2609 514 2664 sit
531 2609 756 2673 Patris;
782 2605 1105 2678 intelligere
1129 2622 1366 2661 necesse
1392 2609 1482 2662 est
1502 2605 1864 2661 divinitatem
1889 2613 1946 2662 et
1969 2624 2092 2678 pro.

434 2697 737 2771 prietatem
777 2696 988 2760 Patris,
1021 2695 1128 2751 hoc
1169 2695 1364 2766 ipsum
1423 2711 1552 2751 esse
1584 2695 1734 2764 quod
1767 2699 1855 2750 est
1890 2695 2090 2752 Filius.

433 2787 548 2844 Hoc
577 2793 772 2842 autem
805 2791 896 2841 est
923 2785 1078 2854 quod
1129 2783 1223 2840 his
1254 2785 1446 2839 verbis
1477 2783 1862 2855 signiﬁcatur,
1897 2786 2002 2853 Qui
2029 2786 2091 2841 in

429 2877 616 2948 forma
648 2877 748 2931 Dei
766 2875 1034 2930 exsistam
1059 2873 1102 2908 ‘1
1131 2898 1146 2942 ς
1179 2879 1254 2942 et,
1288 2878 1451 2928 Pater
1479 2873 1536 2927 in
1567 2888 1654 2929 me
1675 2873 1740 2927 ".

501 2966 557 3020 6.
588 2963 868 3020 Caeterum
890 2979 1001 3019 non
1024 2979 1092 3018 ex
1111 2966 1274 3034 parte
1305 2967 1536 3017 tantum
1559 2961 1882 3018 divinitatis
1904 2962 2090 3021 forma

433 3059 542 3126 est,
575 3053 677 3110 sed
700 3053 808 3109 hoc
827 3052 982 3124 quod
1007 3057 1097 3107 est
1111 3051 1312 3120 Filius,
1335 3051 1634 3124 plenitudo
1655 3057 1744 3106 est
1765 3050 2089 3110 divinitatis

438 3143 644 3215 Patris,
665 3142 744 3198 ita
776 3147 840 3196 ut
865 3141 1043 3196 Filius
1070 3145 1227 3197 totus
1257 3140 1334 3196 sit
1368 3141 1535 3195 Deus.
1561 3139 1708 3197 Hinc
1737 3157 1870 3196 cum
1891 3159 2084 3214 isqua-

434 3233 510 3288 lis
532 3233 648 3288 Deo
673 3235 850 3300 esset,
875 3248 988 3286 non
1012 3230 1276 3302 rapinam
1300 3229 1619 3285 arbitratus
1644 3234 1733 3284 est
1757 3235 1866 3286 Dee
1897 3247 2086 3303 mqua-

2207 640 2289 696 ὅτι
2328 639 2382 697 ἓν
2416 643 2547 699 εἷ’σιν
2579 645 2607 699 6
2640 647 2764 710 Υἱὸς
2811 647 2902 702 καὶ
2953 648 2982 703 6
3032 649 3244 724 Πατὴρ,
3295 645 3460 718 οἶδεν,
3493 647 3576 705 ὅτι
3608 649 3768 713 αὐτὸς
3807 649 3853 706 έν

2203 735 2282 803 τῷ
2316 735 2482 807 lla-.va
2511 734 2644 809 ἐστι⁹
2697 735 2786 790 καὶ
2837 737 2865 792 6
2913 739 3101 812 Πατήρ
3150 737 3203 792 έν
3249 742 3330 810 τῷ
3373 739 3500 812 Υὶῷ·
3553 741 3588 809 ἡ
3629 739 3732 815 γὰρ
3762 744 3852 795 τοῦ

2205 820 2332 874 Υὶοῦ
2383 822 2570 895 Θεότης
2616 829 2714 880 τοῦ
2759 826 2967 902 Πατρός
3023 825 3156 901 ἐστι,
3209 827 3299 882 καὶ
3351 827 3485 897 αὐτή
3551 830 3628 902 (1)
3677 827 3729 883 ἐν
3777 832 3849 900 τῷ

2205 910 2316 982 Υἱῷ
2343 909 2473 966 ἐστι·
2523 913 2611 968 καὶ
2662 915 2690 968 ὁ
2736 919 2897 970 τοῦτο
2945 913 3004 970 δὶ
3048 911 3370 972 καταλαϐὼν
3421 917 3724 990 πέπεισται,
3770 917 3847 972 ὅτι

2205 999 2232 1052 ὁ
2263 997 2519 1075 ἕωρακὼς
2550 1003 2642 1058 τὸν
2691 1004 2812 1058 Υἱὸν
2865 1005 3070 1081 ἑώρακε
3115 1005 3208 1060 τὸν
3255 1008 3482 1082 Πατέρα·
3537 1005 3589 1062 έν
3637 1007 3742 1083 γὰρ
3779 1011 3851 1080 τῷ

2205 1089 2314 1160 ι”ιῴ
2343 1091 2378 1159 ἡ
2410 1095 2508 1145 τοῦ
2540 1091 2748 1168 Πατρὸς
2789 1093 2981 1164 Θεότης
3029 1099 3332 1170 θεωρεῖται.
3363 1099 3536 1151 Τοῦτο
3567 1093 3626 1151 δὲ
3654 1094 3744 1151 καὶ
3775 1098 3850 1170 (2)

2205 1177 2310 1232 ἀπὸ
2364 1183 2462 1234 τοῦ
2505 1179 2947 1257 παραδείγματος
2999 1190 3098 1253 τῆς
3159 1183 3371 1247 εἰκόνος
3428 1189 3526 1240 τοῦ
3591 1184 3850 1260 βασιλέως

2203 1267 2630 1344 προσεχέστερόν
2679 1292 2762 1332 τις
2809 1277 3088 1327 κατανοεῖν
3141 1269 3448 1344 δυνήσεται.
3506 1275 3594 1331 Ἐν
3639 1273 3740 1350 γὰρ
3785 1275 3852 1346 τῇ

2205 1355 2370 1411 εἰκόνι
2398 1357 2460 1412 τὸ
2490 1355 2631 1422 εἶδος
2675 1359 2763 1415 καὶ
2793 1362 2828 1431 ἡ
2885 1363 3070 1440 μορφή
3121 1366 3219 1416 τοῦ
3271 1361 3540 1438 βασιλέως
3585 1361 3718 1433 ἰστὶ,
3767 1362 3851 1418 καὶ

2203 1443 2254 1499 έν
2283 1451 2364 1518 τῷ
2401 1447 2614 1521 βασιλεῖ
2645 1445 2703 1503 δὲ
2743 1449 2806 1504 τὸ
2853 1447 2906 1504 ἐν
2947 1453 3016 1524 τῇ
3071 1450 3236 1506 εἰκόνι
3287 1450 3428 1514 εἶδός
3479 1450 3640 1508 ἐστιν.
3693 1456 3852 1507 ’Δπα-

2203 1533 2508 1608 ράλλακτος
2564 1537 2668 1614 γάρ
2727 1537 2866 1594 ἐστιν
2923 1542 2958 1608 ἡ
3010 1539 3062 1594 ἐν
3114 1544 3182 1615 τῇ
3233 1540 3399 1596 εἰκόνι
3449 1545 3546 1596 τοῦ
3582 1540 3848 1618 βασιλέως

2203 1624 2488 1697 ὁμοιότης·
2539 1625 2678 1682 ὥστε
2721 1627 2812 1683 τὸν
2860 1626 3130 1704 ἐνορῶντα
3177 1633 3244 1704 τῇ
3297 1629 3461 1686 εἰκόνι
3514 1633 3592 1704 (3)
3625 1631 3755 1705 ὁρᾷν
3801 1629 3852 1686 έν

2201 1712 2337 1787 αὐτῇ
2367 1715 2458 1768 τὸν
2490 1714 2734 1790 βασιλέα,
2765 1717 2854 1772 καὶ
2909 1717 3000 1773 τὸν
3033 1717 3200 1774 πάλιν
3254 1721 3463 1796 ὁρῶντα
3492 1719 3584 1774 τὸν
3630 1717 3854 1795 βασιλέα

2203 1800 2597 1879 ἐπιγινώσκειν,
2645 1803 2728 1859 ὅτι
2779 1805 2936 1869 οὗτός
2981 1805 3119 1862 ἐστιν
3165 1809 3194 1862 6
3225 1807 3277 1862 έν
3325 1811 3394 1883 τῇ
3428 1807 3617 1865 εἰκόνι.
3659 1809 3754 1866 Ἐκ
3795 1805 3852 1864 δὲ

2202 1895 2300 1946 τοῦ
2335 1892 2410 1964 μὴ
2445 1890 2786 1950 διαλλάττειν
2834 1902 2934 1965 τὴν
2985 1891 3309 1970 ὁμοιότητα,
3339 1901 3420 1970 τῷ
3464 1897 3682 1954 θέλοντι
3719 1896 3852 1972 μετᾶ

2201 1981 2301 2049 τήν
2345 1980 2525 2037 ε”κόνα
2576 1985 2846 2060 Θεωρῆσαι
2892 1985 2984 2040 τὸν
3039 1987 3266 2061 βασιλέα
3312 1984 3457 2042 εἷ’ποι
3506 1987 3565 2042 ἂν
3598 1989 3633 2056 ἡ
3669 1987 3846 2042 εἰκών·

2203 2069 2344 2145 Ἐγὼ
2394 2069 2482 2124 καὶ
2536 2072 2569 2126 ἁ
2641 2071 2896 2147 βασιλεὺς
2959 2071 3014 2128 ἓν
3073 2073 3232 2148 έσμεν
3299 2077 3379 2148 (4)
3459 2073 3567 2152 ἐγὼ
3636 2075 3738 2152 γὰρ
3797 2073 3847 2130 έν

2203 2159 2390 2232 ἐκείνῳ
2447 2159 2584 2232 εἰμί,
2643 2162 2886 2224 κάκεῖνος
2943 2162 2994 2217 ἐν
3042 2163 3184 2238 ἐμοί·
3243 2163 3332 2218 καὶ
3382 2165 3410 2220 ὃ
3442 2166 3569 2239 ὁρᾷς
3599 2163 3652 2220 έν
3705 2162 3849 2238 ἐμοὶ,

2200 2251 2360 2302 τοῦτο
2392 2247 2444 2302 έν
2484 2247 2670 2322 ἐκείνῳ
2722 2251 2969 2326 βλέπεις·
3027 2251 3112 2307 καὶ
3163 2252 3194 2307 ὃ
3243 2253 3486 2330 ἑώρακας
3535 2253 3585 2308 ἐν
3637 2251 3848 2326 ἐκείνῳ,

2199 2341 2358 2392 τοῦτο
2396 2337 2616 2413 βλέπεις
2648 2339 2699 2393 ὲν
2733 2339 2879 2413 ἐμοί.
2913 2342 2969 2394 Ὀ
2998 2345 3128 2417 γοῦν
3179 2347 3496 2418 προσκυνῶν
3539 2345 3620 2416 (5)
3647 2343 3746 2412 τὴν
3780 2343 3850 2397 εἶ·

2201 2426 2352 2493 κόνα,
2408 2425 2459 2481 ἐν
2518 2426 2654 2502 αὐτῇ
2709 2435 3002 2503 προσκυνεῖ
3059 2430 3149 2486 καὶ
3205 2432 3295 2486 τὸν
3359 2430 3602 2507 βασιλέα·
3663 2434 3699 2501 ἡ
3747 2431 3851 2508 γὰρ

2201 2513 2404 2570 ἐκείνου
2440 2517 2623 2594 μορφή
2671 2517 2761 2572 καὶ
2808 2520 2870 2572 τὸ
2901 2516 3040 2581 εἶδός
3094 2518 3233 2574 ἐστιν
3285 2521 3362 2593 (6)
3392 2523 3426 2589 ἡ
3483 2519 3664 2578 εἰκών.
3696 2521 3848 2581 Ἐπεὶ

2199 2603 2376 2659 τοίνυν
2407 2605 2496 2660 καὶ
2529 2605 2556 2659 ὁ
2589 2606 2709 2667 Υἱὸς
2757 2606 2914 2661 εἰκών
2963 2607 3072 2662 ἐστι
3119 2612 3217 2663 τοῦ
3260 2609 3490 2684 Πατρὸς,
3522 2609 3574 2680 ἐξ
3621 2607 3853 2686 ἀνάγκης

2200 2691 2311 2747 ἐστὶ
2341 2699 2510 2761 νοεῖν,
2543 2693 2626 2750 ὅτι
2675 2697 2709 2764 ἡ
2763 2694 2954 2767 θεότης
2984 2697 3073 2750 καὶ
3106 2699 3140 2766 ὴ
3184 2694 3392 2768 ἰδιότης
3421 2701 3518 2752 τοῦ
3550 2698 3756 2772 ΙΙατρὸς
3787 2697 3849 2752 τὸ

2199 2781 2330 2836 εἶναι
2361 2787 2456 2838 τοῦ
2489 2783 2616 2838 Υἱοῦ
2647 2782 2777 2840 ἐστι.
2812 2786 2912 2841 Καὶ
2938 2785 3098 2840 τοῦτό
3129 2785 3295 2856 ἐστιν,
3321 2788 3417 2848 ‘Oc;
3443 2789 3519 2860 (7)
3552 2787 3603 2840 έν
3659 2790 3848 2866 μορφῇ

2199 2869 2330 2926 Θεοῦ
2363 2871 2648 2950 ὑπάρχων,
2679 2873 2789 2944 καὶ,
2822 2875 2883 2931 Ὀ
2912 2876 3099 2950 Πατὴρ
3132 2874 3182 2930 έν
3216 2875 3362 2948 έμοί.

2267 2964 2320 3017 6.
2354 2961 2466 3019 Οὐκ
2497 2961 2556 3016 ἐκ
2603 2961 2798 3040 μέρους
2847 2961 2905 3018 δὲ
2933 2966 2968 3033 ἡ
2999 2967 3098 3032 τῆς
3145 2965 3400 3036 θεότητος
3457 2966 3668 3042 μορφὴ,
3700 2962 3850 3020 ἀλλὰ

2194 3051 2257 3104 τὸ
2287 3049 2570 3125 πλήρωμα
2596 3058 2699 3120 τῆς
2743 3056 2841 3106 τοῦ
2897 3053 3104 3128 Πατρὸς
3151 3053 3404 3124 θεότητός
3453 3052 3565 3108 ἐστι
3611 3059 3676 3108 τὸ
3706 3053 3846 3109 εἰναι

2195 3137 2291 3194 τοῦ
2323 3140 2470 3208 ficii,
2500 3139 2589 3194 καὶ
2638 3140 2771 3203 ὅλος
2823 3144 2899 3215 (8)
2947 3141 3076 3204 Θεός
3125 3141 3266 3197 ἐστιν
3298 3144 3326 3196 6
3357 3141 3503 3205 Υἱός.
3537 3143 3634 3197 Διὰ
3678 3147 3842 3198 τοῦτο

2193 3229 2281 3283 καὶ
2305 3225 2394 3282 ἵνα
2423 3233 2538 3300 Θεῷ
2568 3226 2665 3302 ὢν,
2699 3229 2806 3305 οὐχ
2854 3229 3136 3306 ἁρπαγμὸν
3183 3233 3434 3307 ἡγήσατο
3479 3232 3544 3286 τὸ
3575 3232 3708 3286 εἶναι
3761 3227 3854 3287 ἴσα

436 3322 548 3378 lem
579 3320 785 3377 esse“.
817 3293 1116 3385 Similiter,
1151 3317 1287 3390 quia
1317 3317 1445 3373 Filii
1473 3318 1746 3374 divinitas
1777 3324 1833 3375 et
1861 3293 2085 3392 Species

2207 3320 2329 3389 θεῷ·
2385 3317 2473 3370 καὶ
2511 3293 2696 3372 ’πάλίν
3000 3293 3096 3374 τὸῦ
3145 3293 3338 3390 Υἱοίίὴ
3407 3319 3602 3390 θεότης
3648 3319 3738 3374 καὶ
3785 3320 3852 3376 τὸ

435 3427 534 3468 seu
573 3410 758 3466 forma
782 3408 1000 3466 nullius
1032 3409 1184 3464 alius
1207 3424 1380 3479 quam
1411 3407 1598 3463 Patris
1619 3412 1730 3476 est,
1755 3407 1864 3464 hoc
1886 3409 2083 3482 ipsum

431 3503 522 3556 est
549 3499 704 3570 quod
735 3497 900 3566 dixit,
950 3497 1059 3566 Ego
1089 3498 1149 3552 in
1180 3497 1425 3552 Patre“.
1468 3496 1564 3552 Sic
1594 3497 1734 3552 Deus
1765 3499 1820 3553 in
1854 3498 2082 3555 Christo

433 3592 550 3644 erat
578 3587 847 3644 mundum
895 3585 1264 3642 reconcilians
1309 3587 1418 3640 sibi
1435 3586 1499 3641 “.
1551 3586 1814 3658 Namque
1859 3593 2080 3644 natura

434 3677 625 3734 Patris
645 3681 917 3750 proprius
934 3680 1020 3732 est
1046 3674 1246 3742 Filius,
1267 3674 1325 3730 in
1353 3691 1466 3747 quo
1499 3681 1710 3730 natura
1731 3682 1924 3733 creata
1946 3695 2079 3735 cum

435 3767 552 3824 Deo
577 3766 1006 3823 reconciliatur.
1048 3765 1140 3818 Sic
1171 3781 1240 3820 ea
1269 3781 1395 3835 quas
1447 3763 1625 3818 Filius
1669 3766 1877 3836 agebat
1907 3783 2083 3838 Opera

439 3856 622 3912 Patris
641 3859 827 3921 erant,
847 3855 986 3928 quia
1001 3853 1180 3909 Filius
1198 3853 1422 3924 species
1437 3870 1536 3908 seu
1560 3853 1745 3908 forma
1761 3863 1885 3910 erat
1898 3855 2084 3914 Patris

437 3943 781 4010 divinitatis,
817 3959 941 4014 qua:
981 3940 1112 4012 ipsa
1135 3956 1310 4012 Opera
1339 3938 1643 3994 efﬁciebat.
1675 3940 1768 3995 Sic
1799 3941 1897 4012 qui
1933 3943 2087 4000 videt

438 4035 672 4099 Filium,
696 4034 926 4089 Patrem
950 4030 1124 4087 simul
1155 4031 1334 4098 videt,
1358 4030 1494 4101 quia
1521 4030 1576 4084 in
1613 4035 1855 4103 paterna
1884 4033 2089 4090 divini-

437 4128 558 4180 tate
575 4127 632 4179 et
649 4126 740 4178 est
757 4126 815 4178 et
831 4120 1092 4176 cernitur
1109 4119 1321 4187 Filius;
1343 4123 1694 4192 paterneque
1715 4121 1939 4192 species
1959 4140 2084 4195 quas

436 4213 496 4268 in
520 4212 618 4268 illo
641 4215 749 4278 est,
769 4211 996 4266 Patrem
1015 4207 1072 4263 in
1100 4208 1301 4264 eodem
1320 4207 1572 4275 exhibet,
1591 4212 1763 4280 atque
1785 4209 1896 4264 hoc
1914 4213 2086 4268 modo

436 4306 607 4357 Pater
627 4305 717 4355 est
734 4298 794 4354 in
817 4298 982 4354 Filio.
1009 4295 1334 4368 Pmprietas
1353 4299 1546 4351 autem
1565 4301 1622 4351 et
1637 4295 1932 4368 divinitas,
1957 4317 2086 4370 quas

433 4406 502 4446 ex
530 4390 704 4444 Patre
729 4387 789 4442 in
821 4386 966 4442 Filio
987 4385 1236 4455 exsistit,
1255 4384 1464 4440 Filium
1501 4385 1560 4440 in
1590 4389 1758 4442 Patre
1791 4404 2084 4444 common-

434 4477 1007 4547 strat,eumdemque
1021 4475 1171 4530 abeo
1185 4473 1362 4529 dividi
1387 4491 1685 4545 nunquam
1707 4492 1876 4547 posse
1889 4483 2082 4536 osten-

2219 3403 2270 3427 γε,
2423 3403 2475 3424 ,ιι
2541 3406 2555 3423 ς
2651 3407 2672 3421 ν.
3004 3412 3032 3422 -
3537 3412 3564 3424 ..
3685 3406 3699 3424 ς

2195 3423 2336 3467 ε.οος
2380 3423 2594 3468 ουοενος
2645 3405 2840 3477 αλλου,
2873 3409 2908 3478 ἢ
2939 3427 3035 3463 του
3066 3408 3274 3486 Πατρός
3306 3407 3440 3480 ἐστι⁹
3471 3409 3636 3464 τουτό
3681 3429 3848 3479 εστιν,

2190 3497 2321 3572 ὅπερ
2381 3495 2495 3550 εἷπε
2549 3495 2612 3550 τὸ
2672 3498 2762 3568 (9),
2823 3497 2968 3572 Ἐγὼ
3028 3496 3078 3552 έν
3135 3502 3217 3570 τῷ
3263 3497 3453 3572 Πατρί·
3506 3495 3663 3555 Οὕτω
3711 3498 3848 3562 Θεὸς

2188 3584 2254 3652 ἦν
2337 3583 2386 3638 έν
2463 3587 2681 3660 Χριστῷ
2752 3584 2959 3658 κόσμον
3020 3585 3194 3658 ἑαυτῷ
3248 3583 3636 3642 καταλλάσσων
3699 3605 3710 3616 ·
3773 3585 3841 3640 τὸ

2188 3673 2290 3750 γὰρ
2327 3669 2464 3727 ἶ(διον
2495 3680 2594 3742 τῆς
2621 3677 2718 3728 τοῦ
2751 3675 2959 3750 Πατρὸς
3008 3674 3190 3737 οὐσίας
3231 3673 3369 3730 ἐστὶν
3403 3675 3431 3729 ὁ
3462 3675 3604 3746 Υἱὸς,
3643 3673 3694 3730 έν
3727 3675 3771 3746 ᾧ
3805 3676 3842 3746 ἡ

2189 3760 2364 3824 κτίσις
2393 3762 2528 3838 πρὸς
2571 3762 2663 3816 τὸν
2713 3763 2841 3818 Θεὸν
2889 3762 3319 3834 κατηλλάσσετο.
3353 3763 3536 3827 Οὕτως
3589 3762 3622 3818 ἃ
3652 3763 3842 3839 εἰργά-

2195 3856 2312 3920 ζετο
2342 3852 2360 3924 (
2372 3854 2456 3925 10)
2485 3851 2512 3905 ὁ
2545 3850 2688 3920 Υἱὸς,
2727 3856 2824 3906 τοῦ
2873 3852 3081 3927 Πατρός
3114 3852 3254 3908 ἰστιν
3284 3849 3437 3928 ἔργα·
3468 3853 3531 3908 τὸ
3559 3852 3660 3930 γὰρ
3692 3850 3838 3914 εἶδος

2191 3948 2292 4010 τῆς
2317 3944 2413 3995 τοῦ
2444 3940 2652 4016 Πατρὸς
2683 3939 2938 4011 θεότητός
2969 3940 3107 3996 ἐστιν
3139 3943 3168 3997 ὁ
3204 3939 3344 4013 Υἱὸς,
3386 3940 3507 4010 ἥτις
3559 3941 3842 4016 εἰργάζετο

2192 4031 2260 4086 τὰ
2289 4025 2438 4104 ἔργα·
2491 4029 2633 4084 οὕτω
2683 4026 2741 4084 δὲ
2792 4030 2820 4084 ὁ
2873 4029 3090 4105 βλέπων
3139 4031 3230 4086 τὸν
3270 4031 3392 4086 Υἱὸν
3438 4031 3539 4106 ὁρᾷ
3581 4031 3674 4085 τὸν
3729 4031 3843 4087 Πα-

2191 4119 2339 4194 τέρα·
2385 4117 2435 4172 έν
2483 4119 2585 4195 γὰρ
2632 4122 2701 4192 τῇ
2750 4120 2976 4192 πατρῴᾳ
3023 4118 3239 4190 θεότητί
3288 4118 3398 4175 ἔστι
3437 4118 3528 4174 καὶ
3560 4124 3847 4194 θεωρεῖται

2194 4210 2222 4263 ὁ
2253 4207 2400 4268 Υἱός·
2447 4208 2536 4262 καὶ
2583 4208 2645 4262 τὸ
2695 4207 2744 4262 ἐν
2798 4207 2943 4280 αὐτῷ
2991 4210 3253 4285 πατρικὸν
3302 4206 3443 4270 εἶδος
3493 4206 3755 4264 δείκνυσιν
3791 4207 3847 4264 ἰν

2193 4296 2340 4369 αὐτῷ
2369 4296 2602 4370 (11)τὸν
2655 4296 2888 4372 Πατέρα·
2941 4297 3031 4351 καὶ
3073 4296 3246 4360 οὕτως
3299 4296 3440 4352 ἐστὶν
3493 4297 3521 4351 ὁ
3575 4297 3760 4371 Πατὴρ
3795 4295 3850 4352 ἐν

2194 4393 2272 4460 τῷ
2303 4387 2432 4458 Υἰῷ.
2469 4387 2566 4440 Καὶ
2593 4388 2628 4456 ἡ
2658 4384 2716 4440 ἐκ
2761 4389 2858 4441 τοῦ
2903 4386 3116 4464 Πατρὸς
3168 4384 3226 4442 δὲ
3255 4385 3307 4442 ἐν
3359 4386 3470 4459 Υἰῷ
3501 4383 3714 4458 ἰδιότης
3755 4385 3855 4441 καὶ

2195 4475 2386 4546 θεότης
2416 4473 2648 4530 δείκνυσι
2677 4474 2768 4530 τὸν
2801 4475 2924 4529 Υἱὸν
2957 4469 3009 4530 ἐν
3054 4479 3132 4548 τῷ
3165 4475 3354 4550 Πατρί,
3386 4474 3478 4529 καὶ
3527 4475 3590 4530 τὸ
3624 4472 3704 4530 ἀεὶ
3736 4475 3858 4550 (12)

506 4622 546 4658 ⁵⁸
581 4618 791 4692 Philip.
827 4636 890 4692 ιι,
919 4619 973 4675 6.
1052 4619 1098 4654 ⁴²
1127 4618 1295 4675 Joan.
1331 4635 1445 4686 xxv,
1480 4619 1563 4674 10.
1642 4620 1686 4654 ⁸³
1714 4619 1925 4694 Philip.
1961 4640 2022 4696 ll,
2047 4625 2090 4680 6.

2207 4626 2224 4659 ⁸
2253 4623 2420 4680 Joan.
2455 4638 2571 4688 xw,
2607 4621 2689 4676 10.
2767 4622 2810 4656 ⁴⁵
2840 4622 2892 4676 ΙΙ
2919 4624 3045 4676 Cor.
3076 4638 3132 4691 v,
3172 4622 3258 4677 19.

506 4766 584 4836 (1)
620 4763 759 4836 Reg.
793 4766 850 4818 et
877 4767 1114 4836 Seguer.
1148 4759 1306 4836 αότῄ.
1348 4761 1570 4836 Caeteri_
1598 4765 1654 4816 et
1703 4761 1879 4836 edili,_
1922 4763 2084 4836 αὕτη,
2119 4773 2162 4836 [)

437 4830 576 4894 Μόιί
601 4830 738 4907 Ριθᾷ
771 4836 796 4907 Al
837 4842 894 4890 et
923 4830 1158 4907 SEguer.
1193 4830 1492 4907 πέπεισται.
1540 4833 1809 4888 Damasc.
1863 4830 2085 4891 ἐπίστια-

435 4929 542 4964 ται.
581 4902 783 4964 (ἰωῐῖνὶ
817 4911 874 4962 ct
901 4902 1064 4968 editi,
1097 4902 1443 4956 πεπίστευκεν

513 4981 586 5050 (2)
615 4979 708 5035 sic
752 4994 896 5034 mss.
953 4982 1219 5050 Dedisse.
1277 4981 1333 5050 et
1389 4973 1695 5050 concilium
1760 4979 2087 5050 secundum

437 5047 762 5116 Nicmnum,
797 5053 906 5104 act.
943 5050 994 5118 4,
1029 5047 1126 5103 ubi
1156 5047 1246 5102 hic
1279 5048 1440 5102 locus
1488 5047 1748 5104 affertur.
1783 5049 1972 5105 Editio
1995 5069 2086 5108 ve-

438 5141 502 5178 ro
551 5121 831 5178 Commel.
853 5123 1014 5174 τοῦτο
1035 5118 1144 5174 καί.

507 5195 576 5258 (3)
605 5191 1065 5265 ΟοηκείΙηΝιοωη,
1097 5190 1367 5265 ἐνορῶντα
1398 5189 1492 5256 τὴν
1545 5187 1744 5265 εἰκόνα.
1794 5196 2082 5265 Damasc.,

434 5264 647 5332 ὁρῶντα
673 5263 772 5332 τήν
806 5261 1005 5318 εἰκόνα.
1041 5264 1170 5318 Mox
1191 5261 1428 5317 'tloblcr.
1465 5261 1654 5316 Felck.
1713 5263 1735 5316 1
1773 5269 1831 5317 et
1873 5261 2081 5320 concil.

435 5333 672 5404 Nicen,
706 5333 794 5388 καὶ
826 5333 936 5388 πάλ
950 5355 999 5404 ιν.
1025 5334 1116 5387 τὸν
1145 5333 1372 5404 ὁρῶντα.

501 5407 580 5480 (4,)
610 5400 880 5480 Damasc.
943 5400 1088 5459 εἷ’ποι
1138 5403 1197 5458 ἂν
1241 5403 1420 5476 τούτῳ
1466 5405 1500 5472 ἡ
1535 5400 1712 5468 εἰκὼν,
1746 5401 1852 5478 ἐγὼ
1871 5403 1958 5458 καὶ
1992 5405 2085 5480 βα-

430 5474 611 5540 σιλεὺς
641 5474 695 5532 ἓν
726 5477 778 5531 τί
805 5476 992 5550 ἐσμεν.

501 5552 580 5624 (5)
615 5547 885 5608 Damasci
914 5549 974 5606 Ὁ
1001 5547 1108 5624 γδιοΔ
1149 5547 1685 5624 προσκυνῶνε--Μονχ
1739 5547 1882 5624 Beg.
1937 5551 1972 5624 _1
2027 5553 2084 5604 et

431 5617 667 5748 Seguer.
701 5626 996 5698 προσκυνεῖ
1017 5617 1114 5676 ’καὶ
1160 5617 1275 5674 τόν.
1329 5622 1390 5675 In
1442 5617 1572 5674 aliis
1603 5623 1661 5674 et
1689 5617 1886 5690 editis,
1921 5621 2084 5676 deest

433 5713 499 5748 κα
531 5737 544 5748 .

433 5713 544 5748 και.

507 5767 584 5844 (6)
617 5771 878 5824 Damasc.
910 5763 973 5819 τὸ
1001 5760 1140 5825 εἰδος
1171 5761 1334 5816 αὐτοῦ
1365 5759 1530 5833 tcmv,
1560 5767 1667 5816 etc.

2263 4766 2341 4836 (7)
2371 4765 2464 4819 Sic
2514 4765 2650 4890 Reg.
2701 4764 2754 4830 1,
2802 4768 3041 4835 Seguer.
3105 4768 3164 4819 et
3212 4763 3432 4836 Anglic.
3484 4767 3550 4818 ut
3593 4769 3650 4819 et
3680 4762 3866 4820 habet

2263 4837 2515 4890 rintura.
2553 4842 2588 4888 A
2625 4834 2658 4890 ii
2691 4839 2886 4890 autem
2913 4840 2971 4890 et
2993 4836 3154 4890 editi.
3187 4833 3236 4888 6.

2195 4833 2523 4908 Scriptura.
2540 4833 2971 4908 ,Aliiaautem‘et
2993 4836 3154 4902 editi,
3179 4833 3236 4908 6.

2275 4902 2354 4979 (Ν).
2381 4905 2605 4979 Anglic.
2640 4902 2822 4979 ὅλως.Δ
2845 4907 2994 4979 Reg.
3017 4910 3072 4976 2,
3103 4904 3193 4979 καὶ
3217 4906 3268 4979 Δὁ
3307 4905 3488 4979 -Λόγος
3542 4903 3670 4964 Θεός
3701 4903 3855 4958 ἐστιν

2199 4979 2228 5033 ὁ
2264 4977 2405 5039 Υἱός.
2443 4975 2624 5034 Πέισξιι.
2658 4979 2714 5045 5,
2738 4976 2829 5032 καὶ
2861 4978 2890 5031 6
2921 4975 3094 5050 Ᾰόγος
3123 4976 3262 5032 ἐστὶν
3298 4977 3334 5050 ὁ,
3356 4975 3499 5050 Υἱός.

2272 5050 2348 5134 (9)
2381 5051 2604 5134 ξὶρεεέ,
2635 5042 3216 5134 ξεςυειδεὶϐοὸιοιν..ςῐ
3247 5048 3434 5134 Felckn.
3475 5049 3542 5134 '1,
3599 5042 3859 5134 εἴπομεν,

2201 5118 2748 5195 misceantque
2787 5121 2932 5195 Ibid.
2965 5125 3094 5193 post
3144 5118 3334 5195 Ιιατρί,
3395 5119 3564 5176 Felck
3639 5119 3694 5190 5,
3745 5119 3858 5174 ad—
3920 5119 3924 5124 '

2199 5195 2305 5257 dit,
2338 5191 2426 5246 καὶ
2451 5192 2478 5245 ὁ
2513 5191 2696 5264 Πατὴρ
2731 5190 2782 5244 ἐν
2808 5189 2952 5263 έμοί.

2271 5265 2380 5337 (10)
2406 5264 2555 5338 Reg.
2600 5259 2735 5330 Ι,’θι
2763 5259 2996 5338 Seguer.
3031 5262 3332 5338 εἰργάζετο,
3383 5265 3443 5338 et
3489 5259 3660 5334 paulo
3704 5265 3867 5338 post

2195 5331 2323 5409 fici;
2365 5331 2674 5409 εἰργάζετο.
2739 5331 2938 5392 Οᾶξῖθτί
2989 5339 3046 5392 et
3083 5331 3246 5402 editi,
3301 5331 3576 5409 ἐργάζεται
3614 5337 3670 5386 et
3699 5331 3861 5395 ὅστις

2198 5405 2500 5464 ἐργάζεται.

2227 5427 2500 5552 afﬁgi:
2529 5476 2668 5552 Reg.
2702 5477 2728 5531 1
2764 5481 2823 5534 et
2849 5481 3087 5552 Seguer.
3143 5481 3216 5532 At
3265 5476 3363 5534 alii
3414 5481 3472 5532 et
3521 5475 3682 5543 editi,
3738 5469 3860 5528 δεί-

2193 5569 2376 5602 κνυσιν
2408 5549 2604 5619 ἑαυτῷ.

2263 5621 2376 5692 (12)
2410 5617 2583 5693 Basil.
2617 5625 2674 5676 et
2703 5618 2979 5693 Anglic,
3005 5617 3096 5673 καὶ
3125 5619 3186 5693 τρ
3217 5617 3458 5693 aetLetc.
3491 5617 3602 5674 Alii
3635 5621 3694 5674 et
3721 5617 3861 5693 edi-

2192 5689 2279 5747 tio
2309 5689 2612 5760 COmmel.,
2644 5690 2732 5746 καὶ
2764 5689 2866 5748 ἀέί.
2901 5691 3120 5748 Ibidem
3154 5691 3212 5748 in
3244 5691 3441 5748 codice
3470 5695 3707 5764 Seguer.
3743 5689 3861 5745 ab-

2191 5763 2446 5823 scissum
2479 5770 2570 5823 est
2599 5764 2800 5820 folium
2831 5765 3150 5839 integrum.
