4074 6400
189 446 292 510 333

1262 445 1551 507 ORATIO
1594 442 1675 507 Ill
1721 444 2030 506 CONTRA
2082 447 2450 508 ARIANOS.

3455 446 3576 506 334

182 576 455 654 ἀδιαίρετον
509 576 694 632 αὐτοῦ·
746 578 835 632 καὶ
900 578 929 631 6
977 576 1188 632 ἀκούων
1234 574 1291 631 δὲ
1333 577 1421 631 καὶ
1476 575 1692 652 βλέπων
1740 578 1807 631 τὰ

1945 577 2023 634 lit.
2061 579 2340 642 Quocirca
2372 580 2471 652 qui
2516 581 2675 636 audit
2722 583 2779 633 et
2808 579 2964 633 videt
3011 594 3097 648 ea,
3129 594 3258 650 quae
3306 578 3378 632 de
3406 577 3578 633 Patre

184 666 428 743 λεγόμενα
470 667 594 743 περὶ
645 672 743 722 106
791 666 1019 742 Πατρὸς,
1051 670 1219 721 ταῦτα
1248 664 1517 740 λεγόμενα
1548 666 1671 738 περὶ
1710 670 1806 720 106

184 759 315 830 Υἱοῦ,
343 756 401 811 06
451 757 587 811 κατὰ
631 755 791 832 χάριν
825 757 858 824 ἣ
891 756 1134 831 μετοχὴν
1188 754 1547 830 ἐπιγενόμενα
1596 757 1709 828 (13)
1738 757 1806 829 τῇ

184 845 323 918 οὐσίᾳ
363 846 548 916 αὐτοῦ,
588 844 714 901 ἀλλ’
761 844 844 900 ὅτι
894 845 1024 900 αὐτὸ
1070 846 1132 900 τὸ
1180 846 1308 900 εἶναι
1356 848 1452 899 τοῦ
1500 845 1628 899 Υἱοῦ
1675 842 1809 899 ἴδιον

184 935 271 1005 τῆς
300 938 560 1013 πατρικῆς
607 933 791 996 οὐσίας
840 933 947 989 ἐσνὶ
997 938 1262 1010 γέννημα,
1295 935 1477 1004 νοήσει
1524 932 1706 995 καλῶς
1749 933 1810 987 τὸ

188 1024 478 1102 εἰρημένον,
526 1023 666 1079 καθᾶ
712 1028 999 1098 προεῖπον,
1044 1021 1191 1099 Ἐγὼ
1237 1021 1289 1077 ἐν
1336 1027 1417 1095 τῷ
1465 1021 1632 1097 Πατρὶ
1659 1066 1673 1090 ,
1720 1020 1810 1075 καὶ

187 1114 408 1190 ὁΠατήρ
467 1112 518 1168 ἐν
579 1111 725 1186 ἰμοίθ
759 1112 872 1182 καὶ,
924 1110 1064 1187 Ἐγὼ
1110 1110 1254 1166 καὶὸ
1286 1112 1474 1187 Πατὴρ
1520 1108 1575 1165 ἓν
1627 1108 1809 1183 ἐσμεν.

184 1206 317 1259 Ἐστι
344 1202 442 1279 γὰρ
473 1204 502 1257 6
533 1202 679 1275 Υἱὸς,
707 1204 824 1264 οἷος
856 1201 883 1256 6
916 1202 1125 1276 Πατὴρ,
1156 1199 1235 1275 τῷ
1262 1201 1433 1256 πάντα
1466 1201 1533 1255 10‘:
1577 1203 1674 1255 106
1704 1205 1813 1254 Πα-

182 1294 297 1369 τρὸς
346 1289 514 1367 ἔχειν·
576 1288 662 1346 διὸ
719 1290 809 1345 καὶ
871 1290 1004 1364 μετὰ
1052 1288 1149 1345 106
1210 1290 1419 1365 Πατρὸς
1469 1288 1812 1363 σημαίνεται.

181 1383 375 1455 Πατέρα
402 1380 506 1456 γὰρ
538 1379 639 1435 οὐκ.
668 1377 730 1434 ἄν
760 1400 843 1441 τις
876 1377 1046 1449 εἷίποι,
1083 1379 1160 1452 μὴ
1194 1379 1539 1454 ὑπάρχοντος
1578 1379 1727 1434 Υἱοῦ.
1754 1378 1815 1435 Ὁ

182 1471 350 1544 μέντοι
389 1471 632 1541 ποιητὴν
683 1468 859 1545 λέγων
900 1469 990 1524 τὸν
1043 1467 1195 1540 Θεὸν,
1250 1467 1311 1523 06
1360 1467 1575 1531 πάντως
1624 1467 1714 1522 καὶ
1752 1465 1819 1521 τὰ

178 1561 421 1636 γενόμενα
469 1561 584 1633 (14)
633 1556 819 1629 δηλοῖ*
853 1556 965 1613 ἔστι
1009 1559 1114 1635 γὰρ
1163 1557 1254 1613 καὶ
1302 1558 1409 1634 πρὸ
1439 1562 1545 1611 τῶν
1579 1556 1823 1629 ποιημά-

174 1672 273 1705 των
306 1650 559 1719 ποιητήςο
595 1649 623 1702 6
655 1645 713 1702 δὲ
760 1649 969 1724 Πατέρα
1019 1646 1194 1723 λέγων
1229 1645 1385 1710 εὐθὺς
1422 1646 1554 1719 μετᾶ
1584 1650 1680 1700 106
1712 1651 1819 1700 Πα-

175 1739 293 1813 τρός
333 1739 444 1811 (15)
504 1734 759 1810 σημαίνει
815 1737 906 1792 καὶ
964 1738 1065 1807 τήν
1100 1740 1195 1791 106
1251 1736 1379 1791 Υἳοῦ
1430 1734 1675 1811 ὕπαρξιν.
1728 1734 1825 1790 Διὰ

176 1832 328 1883 τοῦτο
355 1825 444 1881 καὶ
476 1826 504 1880 6
534 1824 801 1881 πιστεύων
836 1825 911 1886 εἰς
960 1824 1050 1879 τὸν
1086 1822 1208 1880 Υἲὸν
1245 1824 1319 1887 εἰς
1366 1825 1459 1880 τὸν
1494 1824 1703 1901 Πατέρα
1734 1845 1822 1879 πι-

1916 666 2217 732 dicuntur,
2251 668 2321 721 de
2356 667 2499 722 Filio
2546 683 2780 738 quoque
2810 666 2947 734 dici,
2982 683 3097 721 non
3130 666 3284 737 quod
3323 665 3440 720 haec
3475 679 3579 737 per

1917 757 2164 829 gratiam
2199 760 2327 828 ejus
2360 757 2631 813 accidant
2658 762 2897 825 naturae,
2930 761 3030 813 aut
3061 758 3354 829 quatenus
3381 754 3459 811 sit
3481 754 3580 810 h0-

1919 863 2049 902 rum
2082 847 2398 921 particeps,
2429 848 2531 903 sed
2566 848 2706 920 quia
2754 847 2867 903 hoc
2914 847 3041 920 ipso
3071 846 3227 919 quod
3257 860 3341 903 est
3379 843 3578 915 Filius,

1921 937 2192 1008 proprius
2223 942 2312 992 est
2344 945 2564 992 natuuu
2600 936 2785 992 Patris
2816 937 3006 992 fetus:
3031 934 3149 1005 ille,
3172 932 3374 1008 procul
3397 933 3578 989 dubio

1920 1025 2162 1096 Optime,
2196 1030 2259 1080 ut
2301 1026 2426 1096 jam
2479 1024 2619 1093 dixi,
2653 1024 2773 1080 haec
2818 1026 2996 1080 verba
3040 1023 3348 1098 intelliget,
3380 1024 3486 1096 Ego
3516 1024 3579 1078 in

1920 1116 2085 1171 Patre
2111 1117 2163 1170 et
2201 1116 2367 1170 Pater
2411 1116 2471 1171 in
2498 1131 2586 1170 me
2614 1115 2754 1170 est“
2780 1133 2794 1183 ;
2825 1121 2901 1180 et,
2939 1118 3053 1187 Ego
3096 1122 3147 1171 et
3192 1120 3375 1171 Pater
3405 1130 3578 1169 unum

1921 1222 2111 1260 sumus
2133 1206 2197 1258 ⁸⁷.
2229 1203 2389 1261 Talis
2420 1205 2712 1277 siquidem
2745 1209 2834 1262 est
2866 1204 3046 1261 Filius
3078 1204 3271 1277 qualis
3304 1204 3490 1276 Pater,
3514 1220 3581 1260 eo

1927 1295 2079 1366 quod
2114 1295 2267 1350 440
2299 1294 2499 1350 omnia
2530 1294 2748 1350 habent
2789 1312 2916 1367 qua)
2948 1294 3136 1349 Patris
3166 1297 3343 1350 sunt:
3369 1310 3485 1366 quo
3518 1293 3586 1348 ﬁt

1927 1387 1992 1438 ut
2021 1388 2075 1440 et
2107 1382 2235 1455 ipse
2263 1400 2380 1438 una
2430 1400 2562 1439 cum
2601 1383 2764 1438 Patre
2798 1383 3181 1455 signiﬁcetur.
3214 1382 3397 1439 Nemo
3428 1383 3585 1439 enim

1931 1473 2155 1527 Patrem
2198 1471 2603 1544 appellaverit,
2640 1471 2747 1527 nisi
2798 1472 3039 1527 exsistat
3070 1470 3269 1528 Filius.
3304 1471 3420 1527 Nec
3452 1488 3585 1528 vero

1931 1560 2035 1634 qui
2067 1565 2247 1617 Deum
2289 1562 2619 1617 effectorem
2658 1561 2819 1632 dicit,
2851 1560 3065 1617 idcirco
3098 1577 3189 1617 res
3220 1561 3454 1617 effectus
3486 1576 3586 1616 ne-

1932 1649 2184 1707 cessario
2217 1649 2551 1722 signiﬁcat;
2584 1650 2876 1722 siquidem
2909 1650 3098 1721 epifex
3130 1650 3304 1706 etiam
3336 1652 3425 1706 est
3454 1654 3589 1705 ante

1932 1755 2129 1812 opera.
2163 1739 2270 1795 Sed
2307 1738 2406 1810 qui
2432 1738 2660 1794 Patrem
2694 1737 2834 1794 dicit
2868 1740 3108 1795 omnino
3130 1755 3263 1794 cum
3298 1738 3465 1795 Patre
3498 1737 3587 1795 Fi-

1932 1827 2077 1885 lium
2110 1844 2343 1901 quoque
2362 1828 2638 1884 exsistere
2661 1827 2973 1901 signiﬁcat.
3002 1828 3160 1885 Unde
3190 1828 3290 1900 qui
3325 1826 3509 1884 credit
3528 1827 3586 1882 in

178 1916 360 1972 01e6et'
394 1915 470 1978 εἷς
504 1916 607 1991 γὰρ
657 1915 720 1969 τὸ
763 1911 899 1969 ἴδιον
947 1916 1047 1984 τῆς
1095 1917 1191 1970 106
1240 1913 1449 1986 Πατρὸς
1499 1912 1683 1975 οὐσίας
1734 1934 1826 1967 πι-

1945 1916 2171 1985 Filium,
2193 1918 2250 1971 in
2277 1917 2505 1972 Patrem
2529 1916 2731 1984 credit,
2756 1916 2972 1989 quippe
2994 1915 3094 1989 qui
3117 1916 3174 1972 in
3207 1933 3340 1973 eum
3366 1916 3589 1984 credat,

176 2005 338 2061 01e6e:
388 2007 549 2079 (16)·
600 2003 691 2058 καὶ
742 2003 887 2058 οὕτω
943 2002 1038 2075 μία
1089 2002 1228 2057 ἐστὶν
1280 2005 1316 2072 ἡ
1373 2001 1551 2065 πίστις
1601 2002 1678 2064 είς
1736 1998 1826 2056 ἕνα

174 2093 319 2149 Θεόν·
351 2093 441 2148 καὶ
468 2094 498 2147 6
528 2096 846 2167 προσκυνῶν
882 2089 939 2146 δὲ
969 2092 1058 2147 καὶ
1104 2097 1282 2165 τιμῶν
1330 2091 1422 2146 τὸν
1455 2092 1575 2146 Υἱὸν
1632 2089 1684 2144 ἐν
1718 2092 1828 2163 Υἱῷ

172 2187 459 2258 προσκυνεῖ
486 2181 576 2237 καὶ
606 2187 743 2255 τιμᾷ
770 2181 860 2236 τὸν
912 2181 1140 2253 Πατέρα.
1173 2181 1285 2237 Μία
1312 2182 1410 2255 γάρ
1462 2179 1600 2235 ἐστιν
1636 2182 1669 2250 ἡ
1704 2180 1828 2235 Θεό-

172 2295 286 2344 της·
319 2272 409 2328 καὶ
442 2269 531 2327 διὰ
557 2276 721 2326 τοῦτο
757 2271 854 2344 μία
883 2271 1019 2341 τιμή
1050 2271 1139 2325 καὶ
1176 2270 1273 2343 μία
1306 2269 1415 2325 ἐστὶ
1456 2269 1828 2346 προσκύνησις

167 2366 198 2433 ἡ
232 2362 287 2417 ἐν
319 2362 427 2433 Υἱῷ
456 2363 569 2431 (17)
609 2360 700 2415 καὶ
734 2357 805 2414 δι’
853 2359 1015 2414 αὐτοῦ
1062 2358 1327 2434 γινομένη
1380 2363 1460 2431 τῷ
1512 2358 1701 2434 Πατρί·
1735 2371 1828 2425 καὶ

166 2454 193 2505 6
224 2450 370 2506 οὕτω
401 2450 717 2526 προσκυνῶν
765 2445 852 2502 ἕνα
896 2450 1024 2503 Θεὸν
1074 2452 1382 2523 προσκυνεῖ·
1420 2448 1495 2510 εἷς
1544 2448 1644 2523 γᾶ.)
1690 2445 1825 2509 Θεός

164 2541 300 2609 ἐστι,
331 2540 421 2593 καὶ
472 2538 570 2592 οὐκ
615 2535 755 2592 ἔστιν
807 2535 977 2598 ἄλλος
1008 2535 1154 2606 πλὴν
1184 2536 1368 2593 αὐτοῦ.
1394 2537 1523 2594 ’Ότε
1554 2541 1685 2612 γοῦν
1723 2535 1825 2609 μό-

164 2650 254 2691 νος
304 2627 516 2704 λὲγεται
565 2628 593 2681 6
641 2627 829 2698 Πατὴρ
879 2625 1027 2688 Θεός·
1062 2625 1151 2680 καὶ
1183 2624 1266 2680 6'1:
1301 2626 1375 2687 εἷς
1409 2625 1543 2712 Θεός
1576 2626 1708 2691 ἐστι,
1742 2646 1833 2712 καὶ

165 2721 246 2787 τὸ,
286 2717 432 2791 Ἐγώ
474 2716 611 2788 εἰμι,
659 2715 774 2783 καὶ,
824 2714 975 2783 Πλὴν
1018 2714 1156 2788 ἐμοῦ
1206 2718 1320 2787 (18)
1373 2714 1471 2769 οὐκ
1520 2711 1631 2769 ἔστι
1681 2711 1830 2776 Θεόςέ

164 2808 254 2861 καὶ
306 2805 394 2871 τὸ,
448 2805 592 2878 Ἐγὼ
639 2808 875 2879 πρῶτος,
924 2803 1015 2858 καὶ
1067 2802 1176 2879 ἐγὼ
1232 2804 1366 2875 μετᾶ
1412 2807 1601 2871 ταῦτα,
1646 2800 1833 2866 καλῶς

165 2895 408 2970 λέγεταιο
445 2896 524 2955 εἷς
570 2893 674 2969 γὰρ
724 2893 854 2955 Θεὸς
901 2892 991 2948 καὶ
1046 2892 1211 2966 μόνος
1262 2892 1351 2946 καὶ
1401 2888 1619 2966 πρῶτός
1668 2892 1807 2948 ἐστιν

164 2966 283 3042 Οὖᾷ
316 2984 393 3045 εἷς
438 2966 704 3058 ἀναίρεσιν
756 2978 813 3037 δὲ
859 2986 955 3037 106
1001 2982 1128 3037 Υἱοῦ
1179 2980 1412 3057 λέγεται.
1468 2983 1557 3050 Μὴ
1598 2966 1835 3058 γένοιτοῘ

163 3073 276 3129 ἔστι
310 3073 413 3149 γὰρ
443 3071 534 3127 καὶ
568 3072 728 3134 αὐτὸς
758 3070 810 3126 ἐν
856 3076 936 3144 τῷ
986 3071 1085 3140 ἑνὶ,
1120 3071 1208 3125 καὶ
1254 3072 1480 3147 πρώτῳ,
1512 3072 1605 3126 καὶ
1663 3072 1834 3145 μόνῳ,

167 3164 242 3225 ὡς
262 3166 365 3217 106
384 3161 503 3223 ἑνὸς
524 3160 614 3215 καὶ
642 3159 811 3233 μόνου
832 3162 921 3216 καὶ
937 3160 1158 3236 πρώτου
1182 3159 1271 3214 καὶ
1304 3160 1467 3232 μόνος
1496 3158 1699 3236 Λόγος(
1722 3163 1831 3235 19),

166 3252 257 3307 καὶ
293 3249 479 3327 σοφία,
510 3249 600 3304 καὶ
631 3247 957 3325 ἀπαύγασμα
980 3244 1077 3305 ὤν.
1109 3254 1260 3304 ’Ἐστι
1295 3246 1351 3303 δὲ
1372 3247 1460 3303 καὶ
1480 3250 1696 3324 πρῶτος
1718 3251 1832 3324 (20)

166 3340 260 3394 καὶ
294 3313 485 3405 αὐτὸς,
515 3313 800 3412 πλήρωμα
846 3343 945 3408 τῆς
993 3342 1090 3392 106
1122 3337 1344 3412 πρώτου
1382 3337 1471 3392 καὶ
1507 3313 1675 3411 μόνου
1712 3313 1829 3403 θεόί
1861 3313 1906 3381 C

166 3449 363 3500 τητος,
398 3425 531 3489 ὅλος
562 3425 651 3481 καὶ
680 3424 905 3500 πλήρης
935 3422 1008 3481 ὥν
1041 3426 1190 3489 Θεός.
1228 3427 1437 3483 Οὐκοῦν
1478 3427 1541 3482 06
1572 3425 1643 3482 δι’
1672 3428 1830 3483 αὐτὸν

168 3518 419 3592 εἴρηται,
472 3514 601 3570 ἀλλ’
651 3515 728 3579 εἰς
780 3515 1047 3591 ἀναίρεσιν
1079 3520 1176 3571 106
1211 3517 1287 3590 μὴ
1322 3517 1452 3571 εἶναι
1483 3514 1683 3592 ἕτερον,
1716 3517 1832 3582 οἶός

170 3607 322 3663 ἐστιν
385 3607 415 3661 6
476 3606 682 3678 Πατὴρ,
718 3605 808 3660 καὶ
842 3607 869 3660 6
920 3605 1117 3661 τούτου
1176 3605 1369 3682 Λόγος·
1427 3607 1518 3661 καὶ
1574 3603 1684 3663 ἔστι
1737 3609 1832 3682 μὲν

170 3695 343 3758 αὐτὸς
395 3695 426 3748 6
470 3699 594 3756 νοῦς
646 3697 758 3767 (21)
807 3698 904 3749 106
952 3696 1237 3773 προφήτου
1284 3697 1508 3773 φανερὸς
1554 3696 1643 3752 καὶ
1703 3704 1834 3753 πᾶσι

174 3782 492 3861 πρόδηλος.

248 3879 307 3929 7.
342 3869 569 3940 Ἐπειδὴ
620 3868 678 3925 δὲ
719 3872 772 3926 οἱ
819 3865 1030 3933 ἀσεϐεῖς
1078 3872 1167 3927 καὶ
1214 3879 1382 3930 ταῦτα
1430 3873 1679 3953 φέροντες
1710 3873 1833 3932 δυσ-

173 3965 433 4039 φημοῦσι
486 3961 578 4033 μὶν
627 3960 718 4015 τὸν
771 3960 987 4037 Κύριον,
1020 3959 1336 4032 ὀνειδίζουσι
1370 3961 1428 4020 δὶ
1456 3967 1591 4039 ἡμῖν
1643 3965 1835 4041 λέγον-

169 4072 286 4113 τες·
323 4048 467 4105 Ἰδοὺ
502 4052 603 4120 εἷς,
636 4049 723 4105 καὶ
759 4049 945 4124 μόνος,
979 4051 1068 4106 καὶ
1110 4057 1326 4129 πρῶτος
1377 4052 1593 4131 λέγεται
1625 4056 1652 4110 6
1684 4055 1834 4126 Θεὸς,

1938 2007 2036 2079 qui
2062 2006 2333 2079 proprius
2355 2010 2443 2061 est
2460 2010 2682 2063 naturte
2703 2006 2892 2062 Patris
2919 2022 2931 2061 :
2957 2009 3131 2078 atque
3151 2004 3260 2062 hoc
3284 2009 3451 2078 pacto
3472 2021 3591 2061 una

1936 2101 2025 2152 est
2046 2095 2189 2151 ﬁdes
2214 2095 2270 2151 in
2290 2111 2469 2151 unum
2496 2095 2676 2152 Deum
2708 2113 2720 2149 :
2748 2099 2803 2151 et
2826 2094 2922 2151 ille
2944 2112 3076 2151 vero
3097 2095 3193 2166 qui
3219 2094 3431 2150 Filium
3454 2094 3592 2150 ado-

1938 2190 2028 2241 rat
2055 2190 2112 2241 et
2142 2184 2411 2253 honorat,
2445 2184 2501 2239 in
2556 2184 2699 2240 Filio
2732 2185 2934 2240 adorat
2964 2189 3022 2239 et
3050 2183 3299 2240 honorat
3341 2184 3592 2255 Patrem,

1938 2274 2075 2346 quia
2108 2291 2225 2329 una
2244 2278 2331 2329 est
2348 2274 2653 2329 amborum
2678 2272 2976 2328 divinitas.
3000 2273 3124 2338 Qua
3145 2273 3215 2327 de
3238 2289 3416 2328 causa
3438 2289 3596 2327 unus

1939 2368 2028 2418 est
2059 2363 2261 2431 honor,
2296 2379 2531 2435 unaque
2579 2362 2862 2431 adoratio,
2896 2378 3012 2434 qua
3064 2366 3233 2417 Pater
3262 2360 3320 2416 in
3367 2359 3509 2417 Filio
3538 2365 3598 2415 et

1943 2469 2043 2524 per
2076 2450 2288 2507 Filium
2321 2451 2550 2517 colitur,
2581 2456 2639 2507 et
2682 2450 2782 2522 qui
2832 2450 2915 2506 ita
2944 2450 3169 2519 adorat,
3192 2465 3376 2506 unum
3409 2450 3594 2506 Deum

1939 2542 2161 2607 adorat,
2196 2541 2335 2612 quia
2383 2557 2538 2596 unus
2572 2544 2658 2596 est
2711 2544 2883 2609 Deus,
2921 2556 3027 2596 nec
3068 2539 3219 2597 alius
3266 2542 3355 2597 est
3385 2542 3598 2612 praeter
3711 2595 3719 2603 ,

1941 2647 2098 2687 eum.
2125 2630 2269 2685 Cum
2301 2646 2436 2702 ergo
2458 2628 2620 2685 solus
2642 2629 2810 2684 Pater
2830 2628 3045 2684 dicitur
3065 2628 3218 2684 Deus
3244 2646 3257 2684 :
3281 2644 3415 2685 cum
3449 2628 3589 2685 item

1941 2718 2158 2776 dicitur
2176 2736 2328 2776 unus
2348 2735 2477 2776 esse
2496 2723 2668 2787 Deus,
2691 2722 2769 2786 et,
2788 2720 2895 2789 Ego
2914 2734 3040 2774 sum
3055 2719 3098 2753 ‘3
3124 2736 3138 2787 ;
3170 2722 3246 2785 et,
3273 2722 3487 2776 Przter
3508 2734 3594 2773 me

1940 2826 2051 2867 non
2081 2812 2160 2865 est
2185 2811 2326 2865 Deus
2346 2807 2429 2877 ‘9;
2464 2812 2539 2876 et,
2587 2812 2696 2878 Ego
2721 2810 2959 2880 primus,
2998 2812 3050 2863 et
3099 2824 3193 2879 ego
3217 2810 3335 2881 post
3366 2806 3478 2863 hac
3497 2807 3541 2842 ⁸⁰
3573 2823 3587 2861 :

1942 2898 2087 2965 haec,
2113 2897 2376 2971 inquam,
2410 2897 2608 2953 omnia
2637 2902 2791 2953 recte
2838 2896 3136 2962 dicuntur,
3168 2895 3307 2969 quia
3351 2912 3503 2951 unus
3535 2898 3594 2950 et

1946 2987 2108 3045 solus
2137 2992 2194 3043 et
2224 2987 2449 3060 primus
2479 2990 2567 3042 est
2596 2985 2768 3042 Deus.
2792 2986 2906 3042 Nec
2938 3002 3069 3041 vero
3099 2984 3442 3057 hujusmodi
3464 3000 3592 3040 ver-

1945 3076 2037 3133 bis
2066 3076 2396 3132 excluditur
2427 3075 2625 3132 Filius.
2679 3074 2865 3131 Absit.
2902 3077 3028 3148 Ipse
3058 3075 3214 3132 enim
3242 3077 3332 3130 est
3358 3074 3419 3129 in
3452 3089 3594 3140 uno,

1945 3168 2136 3242 primo
2167 3170 2225 3222 et
2253 3165 2398 3233 solo,
2433 3169 2713 3237 tanquam
2762 3164 2962 3231 unius,
2992 3164 3177 3221 solius
3205 3167 3263 3220 et
3290 3163 3467 3236 primi
3499 3178 3599 3220 so-

1945 3256 2070 3312 lum
2103 3255 2240 3310 item
2274 3253 2553 3324 Verbum,
2584 3252 2873 3326 sapientia
2902 3256 2959 3310 et
2988 3251 3286 3325 splendor.
3311 3251 3602 3326 lpseitem

1945 3345 2173 3419 primus
2214 3347 2322 3413 est,
2355 3342 2572 3415 quippe
2621 3342 2721 3415 qui
2753 3340 3080 3397 divinitatis
3129 3341 3305 3413 primi
3335 3345 3393 3397 et
3418 3338 3602 3398 solius

1945 3432 2245 3507 plenitudo
2276 3431 2372 3498 sit,
2407 3434 2683 3503 totusque
2713 3434 2771 3487 et
2799 3429 3008 3501 plenus
3040 3429 3217 3485 Deus.
3253 3430 3454 3501 Itaque
3484 3445 3601 3485 non

1944 3524 2071 3596 ejus
2101 3538 2281 3577 causa
2302 3520 2401 3575 illa
2430 3521 2586 3575 dicta
2616 3523 2777 3585 sunt,
2802 3519 2903 3575 sed
2936 3520 3008 3574 ad
3041 3518 3451 3575 declarandum
3485 3534 3599 3574 non

1943 3629 2071 3669 esse
2104 3610 2286 3666 alium
2317 3606 2510 3681 qualis
2534 3612 2621 3664 est
2648 3612 2818 3664 Pater
2846 3608 3089 3678 ejusque
3117 3607 3373 3664 Verbum
3400 3624 3413 3663 :
3439 3622 3601 3663 eam-

1945 3717 2057 3773 que
2090 3698 2380 3772 propheta:
2404 3702 2657 3754 mentem
2684 3714 2812 3754 esse
2843 3695 3066 3754 clarum
3098 3697 3598 3769 manifestumque

1944 3794 2034 3847 est
2063 3790 2134 3845 ab
2165 3787 2466 3844 omnibus.

2012 3880 2067 3933 7.
2090 3877 2308 3933 Verum
2328 3874 2805 3947 quandoquidem
2826 3874 2994 3948 impii
3024 3876 3147 3931 haec
3178 3875 3596 3931 circumferen-

1943 3970 2053 4038 tes,
2086 3966 2262 4037 impie
2311 3965 2382 4019 de
2412 3964 2661 4020 Domino
2692 3963 3039 4036 loquuntur,
3071 3963 3359 4037 nobisque
3388 3962 3595 4034 hujus-

1947 4055 2105 4112 modi
2133 4054 2328 4111 verbis
2359 4053 2690 4109 obtrectant
2720 4070 2734 4108 :
2767 4054 2912 4109 Ecce
2946 4070 3098 4109 unus
3130 4057 3187 4109 et
3217 4052 3376 4109 solus
3404 4057 3462 4109 et
3483 4053 3599 4126 pri-

170 4145 295 4204 πῶς
356 4140 518 4213 ὑμεῖς
578 4138 759 4216 λέγετε
811 4140 905 4195 τὸν
954 4140 1076 4195 Υἱὸν
1121 4142 1252 4196 εἶναι
1285 4138 1412 4198 Θεόν
1447 4146 1559 4214 (22)
1594 4171 1607 4213 ;
1641 4145 1703 4199 Ei
1733 4145 1826 4221 γὰρ

1947 4163 2080 4202 mus
2126 4143 2339 4200 dicitur
2382 4143 2559 4209 Deus,
2594 4159 2774 4215 quare
2822 4160 2958 4216 ergo
3006 4159 3110 4198 vos
3156 4141 3369 4198 Filium
3412 4142 3599 4199 Deum

165 4231 233 4298 ἦν
268 4228 434 4299 Θεὸς,
495 4225 593 4282 οὐκ
644 4224 704 4282 ἂν
761 4224 970 4303 ἔλεγεν,
1027 4228 1171 4304 Ἐγὼ
1224 4230 1408 4303 μόνος,
1462 4228 1586 4285 066i:
1644 4231 1725 4286 ὅτι
1758 4233 1826 4296 εἷς

1947 4251 2180 4309 quoque
2216 4250 2347 4289 esse
2392 4232 2791 4289 contenditis?
2821 4233 2868 4288 si
2900 4231 3056 4289 enim
3094 4236 3248 4289 esset
3276 4232 3450 4305 Deus,
3486 4249 3599 4289 non

168 4317 318 4374 ἐστιν
378 4317 409 4372 6
460 4315 612 4380 Θεός·
668 4315 960 4392 ἀναγκαῖον
1007 4318 1098 4373 τὸν
1145 4323 1272 4373 v06v
1329 4319 1417 4374 καὶ
1465 4318 1671 4376 τούτων

1945 4325 2182 4393 diceret,
2216 4325 2324 4395 Ego
2371 4323 2518 4379 solus
2541 4324 2605 4394 5',
2638 4338 2828 4395 neque
2857 4323 3034 4393 quod,
3067 4338 3211 4378 unus
3239 4330 3317 4378 est
3349 4322 3485 4378 Deus
3504 4322 3551 4357 ⁸²
3586 4339 3599 4378 :

248 4436 299 4473 ιδ
327 4436 511 4524 {92351.
542 4451 659 4524 151v,
696 4437 782 4524 10'.
856 4437 899 4471 ‘7
930 4435 1097 4492 Joan.
1150 4454 1208 4506 x,
1236 4437 1325 4495 30.
1405 4438 1449 4473 ⁴⁸
1480 4438 1658 4496 Exod.
1709 4457 1795 4511 ιιι,

2003 4442 2050 4477 ⁵³
2078 4445 2242 4524 Deut.
2273 4456 2451 4506 χχιιι,
2482 4437 2570 4494 39.
2646 4439 2691 4474 5°
2736 4439 2849 4495 Isa.
2900 4455 2991 4511 XL,
3019 4440 3074 4494 6.
3151 4439 3195 4475 ⁵1
3229 4442 3392 4496 Deut.
3425 4456 3604 4506 xxxii,

166 4510 262 4564 39.
346 4510 398 4543 ⁸³
428 4508 599 4563 Deut.
633 4522 710 4575 νι,
740 4507 793 4561 4.

238 4637 359 4709 (13)
399 4635 541 4725 Reg.
578 4635 627 4725 1,
659 4631 1043 4725 ἐπιγενόμενα.
1088 4632 1667 4725 Εάἱὶίηέπιγινόμενα.
1689 4639 1854 4725 ‘Mo'x
1884 4652 1929 4717 Ι)
1962 4638 2151 4725 νοιτοιί
2187 4633 2297 4722 ἔστι
2322 4632 2399 4725 (Se
2415 4635 2504 4690 καί
2535 4634 2693 4725 αὐτος
2726 4632 2778 4689 ἐν
2805 4632 2885 4725 τῷ
2911 4635 2987 4689 ένί
3017 4634 3106 4724 sui
3140 4635 3292 4725 p.6qu
3318 4635 3431 4725 ιιιιιὶΔ
3456 4635 3606 4725 πρώ-

166 4704 352 4777 ωὲε,
387 4704 524 4761 0:616
550 4705 613 4759 16
643 4704 802 4763 εἶναι.
834 4704 1027 4763 Editio
1058 4725 1190 4764 vero
1231 4704 1533 4779 0011111161.,
1583 4707 1712 4764 0:616
1776 4709 1851 4764 εῖ-

167 4802 277 4834 ναι.

243 4853 367 4925 (14)
406 4849 623 4925 Regius
654 4849 904 4925 primus,
936 4848 1015 4925 τὰ.
1055 4845 1346 4924 λεγόμενα,
1396 4856 1461 4906 ut
1492 4858 1547 4907 et
1576 4852 1843 4911 Nannius

161 4919 574 4995 lcg‘itJAlii‘et
604 4919 766 4989 editi,
798 4922 864 4995 τᾷ
893 4919 1176 4995 γενόμενα.

237 4992 366 5111 $15)
408 4994 548 5067 Reg.
614 4995 666 5059 1,
720 4992 854 5064 μετὰ
899 4992 997 5046 τοῦ
1029 4992 1280 5067 Πατρός.
1327 4993 1501 5062 Editi,
1558 4994 1692 5066 μετὰ
1735 4995 1839 5050 Πα-

160 5085 325 5126 τρος.

408 5140 539 5189 Haec
566 5136 761 5212 yerba,
797 5131 874 5197 εἷς
903 5135 1004 5212 γαρ
1033 5132 1284 5212 τὸ-ἷξδιον
1333 5140 1430 5212 τῆς
1461 5139 1573 5212 106
1630 5136 1841 5212 Πατρὸς

165 5206 367 5267 οὐσίας
398 5206 666 5277 πιστεύει,
692 5206 995 5277 desunt'iu
1028 5207 1259 5263 Gobler.
1293 5214 1351 5263 et
1383 5208 1573 5263 Felek.
1615 5214 1659 5262 ι.

236 5282 373 5353 (17)
404 5279 553 5353 Reg.
582 5276 699 5353 1,1;
733 5276 784 5331 ἰν
832 5278 961 5350 Υἱῷ.
1008 5279 1158 5353 Editi
1188 5280 1244 5353 ᾖΔ
1275 5280 1628 5353 οοῑιιὶιῑριιῑ.Δ
1662 5279 1840 5353 Paulo

165 5345 311 5422 post
344 5345 585 5425 Regii,
618 5352 749 5405 Ὅτε
796 5345 924 5425 γοῦν
976 5345 1139 5424 μόνος
1192 5345 1426 5424 λέγεται.
1481 5350 1656 5419 Editi,
1713 5352 1843 5407 ’Ότι

164 5419 307 5495 θοῦν
340 5419 808 5495 κοιΐμόνοςηεεῐςεἶ

236 5496 365 5563 (18)
402 5489 634 5565 ΒεεζΛ,
668 5492 1025 5565 Goblerian.,
1063 5492 1251 5549 Felck.
1288 5494 1337 5562 1,
1368 5491 1459 5545 καὶ
1506 5489 1651 5565 πλὴν
1684 5489 1839 5565 ἐμοῦ.

162 5562 351 5638 Editi,
388 5562 788 5638 καξητὸμιπλῂν
820 5562 982 5638 έμοῖᾶἒ
1004 5566 1224 5638 Ibidem
1273 5565 1415 5637 Reg.
1449 5565 1528 5638 ‘1,
1580 5562 1840 5638 οὐκ-,ἐστι

160 5632 347 5699 Θεός.⁷
368 5636 553 5701 Editi,
584 5633 690 5689 οὐκ
721 5632 861 5689 ἔστιν
893 5632 1065 5698 ἄλλος
1096 5635 1243 5697 Θεός.
1285 5632 1423 5691 Ιὶρῖιι
1449 5635 1587 5706 Reg.
1614 5636 1842 5705 1,ibid.,

162 5707 589 5794 λαὶ-ἐδιὼημεῄ
618 5710 804 5794 ταῦτα.
838 5709 1008 5794 Εόίξξ,
1042 5708 1243 5794 καὶῄτὸ,
1282 5706 1387 5794 ἐγὼ
1422 5708 1555 5787 μετὰ
1582 5711 1769 5794 ταῦτα.

237 5782 367 5855 (19)
403 5776 502 5837 Sic
532 5781 673 5853 Reg.
731 5781 782 5835 1.
835 5785 906 5836 At
953 5776 1087 5855 Reg.
1134 5781 1190 5849 2,
1238 5776 1385 5854 Λέγει
1415 5776 1602 5834 ταῦτα’
1640 5779 1714 5854 μὴ
1747 5778 1845 5858 γέ-

1960 4730 2059 4782 τῳ,
2093 4711 2165 4769 ὡς
2189 4708 2438 4783 τοῦ-ἑνὸς
2468 4707 2557 4763 καὶ
2591 4706 2769 4783 μόνου.
2790 4706 2879 4783 καὶ
2919 4706 3152 4783 πρώτου
3193 4706 3354 4783 μόνος
3395 4706 3600 4783 ΔΛόγος,

1951 4776 2064 4839 etc.
2099 4780 2272 4855 E_di_ti,
2308 4777 2457 4855 λέγει
2484 4776 2670 4855 ταῦτα.
2705 4779 2781 4855 μὴ
2811 4776 3021 4855 γένοιτο
3049 4776 3294 4855 ίιέστιῇδὲ
3322 4778 3411 4855 καῖ
3442 4776 3600 4855 πρῶτ

1949 4874 2044 4915 τος
2099 4848 2268 4913 αὐτὸς
2305 4850 2357 4906 ἐν
2386 4848 2486 4924 ’τῷ
2535 4850 2613 4906 ἑνὶ
2649 4848 2746 4924 ,καὶ
2800 4848 2950 4924 μόνῳ
2998 4848 3086 4924 καὶ
3119 4850 3347 4924 πρώτῳ,
3380 4850 3455 4912 ὡς
3487 4848 3599 4903 ’τοῦ

1952 4925 2067 4985 ἐνὸς
2096 4923 2184 4978 καὶ
2216 4924 2438 4996 πρώτου
2460 4920 2557 4978 ’καὶ
2590 4922 2757 4996 μόνου
2792 4920 2956 4996 μόνος
2982 4920 3187 4996 Λόγος.

2018 4992 2354 5068 (30‘)__Fe|k_:_k.
2385 4998 2434 5068 2,
2465 5001 2524 5051 et
2569 4992 2731 5062 editi,
2785 4992 2935 5068 ’Ἐστι
2992 4992 3086 5046 καὶ
3128 4992 3598 5068 πρώτοςηϐιριετί

1955 5063 2241 5147 τηεξ.,ἕστι
2266 5064 2323 5147 δὲ
2352 5066 2441 5147 ιιριὶ
2472 5070 2714 5147 πρῶτος..
2740 5063 3597 5147 Paulopost‘Angliquobler.

1952 5144 2008 5194 et
2040 5135 2227 5196 Felck.
2268 5142 2315 5205 1,
2351 5136 2496 5199 ὅλως
2517 5135 2612 5192 ’καὶ
2644 5136 2887 5207 πλήρης.
2920 5135 3011 5191 sic
3053 5135 3229 5191 etiam
3261 5135 3319 5190 in
3354 5136 3493 5208 Reg.
3546 5138 3599 5203 1,

1951 5210 2141 5283 prima
2174 5228 2351 5266 manu
2384 5211 2667 5282 scriptum
2698 5215 2840 5278 erat,
2873 5208 2974 5264 sed
3008 5207 3195 5264 altera
3224 5207 3600 5264 emendatum

1950 5288 2059 5339 est.

2023 5355 2134 5425 (21)
2167 5352 2261 5425 §ic
2294 5359 2426 5425 Heg.
2461 5352 2514 5418 1,
2546 5350 2879 5408 Goblerian.
2913 5354 2971 5405 et
2999 5348 3188 5405 Felck.
3225 5351 3277 5406 4.
3316 5354 3386 5407 At
3415 5350 3512 5406 alii
3547 5354 3605 5406 et

1951 5422 2124 5487 editi,
2146 5422 2301 5483 οὗτος
2333 5422 2361 5475 6
2393 5426 2537 5483 νοῦς.

2045 5498 2134 5563 22)
2168 5497 2303 5567 Reg.
2340 5495 2391 5559 1,
2421 5493 2511 5567 τόν
2546 5492 2797 5566 Χριστόν.

2044 5559 2136 5637 23)
2169 5559 2307 5637 Reg.
2346 5568 2394 5629 1,
2434 5565 2527 5618 16v
2576 5559 2696 5637 νοῦν
2755 5561 2844 5637 καὶ
2893 5559 3502 5637 1061:.w_.rGobler_ian.
3553 5568 3612 5637 et

1952 5633 2139 5694 Felck'.
2180 5641 2229 5705 1,
2254 5633 2353 5690 ἶτὸν
2385 5640 2509 5689 νοῦν
2541 5635 2630 5689 καὶ
2662 5635 2783 5708 περί
2815 5633 3043 5708 τοότων.
3081 5635 3256 5708 Editi,
3285 5634 3482 5708 _10ivuv
3518 5634 3606 5690 καὶ

1952 5709 2074 5783 περὶ
2103 5702 2333 5765 τούτων.
2370 5708 2587 5764 [bidem
2621 5702 2756 5778 Reg.
2792 5709 2843 5775 1,
2876 5705 2950 5767 ὡς
2985 5702 3230 5780 δυνατὸν,
3256 5704 3445 5766 εἰπεῖν.
