4074 6408
477 451 593 518 335

1017 454 1079 514 S.
1129 453 1553 515 A'I‘HANASII
1599 455 1771 514 OPI‘.
1823 453 2016 514 PARS
2063 453 2108 515 l.
2145 489 2220 497 —
2258 451 2664 515 HISTORICA
2718 451 2813 515 ET
2859 451 3337 517 DOGMATICA.

3760 449 3868 516 336

479 603 609 644 eam
641 587 716 644 ob
746 603 868 644 rem
884 602 1070 660 operai
1090 588 1340 658 pretium
1357 592 1467 653 est,
1495 587 1670 643 etiam
1697 588 1767 644 de
1787 587 2130 658 hujusmodi

2251 591 2348 640 τῶν
2385 585 2584 662 ῥητῶν,
2617 587 2692 648 ὡς
2723 584 2946 642 δυνατόν
2983 585 3147 659 ἐστιν,
3182 585 3480 658 εἰπεῖν,⁴ίνα
3505 588 3697 649 πάντες
3726 591 3866 663 γνῶσ

486 677 661 734 dictis
689 693 792 749 pro
822 683 1026 732 nostra
1055 676 1329 732 facultate
1358 677 1666 743 disserere,
1696 683 1760 732 ut
1790 677 1924 732 inde
1955 676 2140 733 omni-

486 765 600 822 bus
629 770 826 838 pateat
854 781 984 822 vere
1031 767 1280 822 Arianos
1317 765 1412 821 Dei
1444 766 1642 822 hostes
1673 783 1822 822 esse.
1868 767 1927 822 Si
1960 766 2140 838 igitur

488 853 632 910 Filio
653 853 948 910 contentio
964 861 1120 910 esset
1136 871 1270 910 cum
1291 859 1602 926 Patre,non
1619 854 1914 911 immerito
1937 855 2138 926 hujus-

487 944 646 1000 modi
673 942 774 999 ille
797 943 1029 999 audiret
1047 959 1252 1012 voces;
1283 949 1339 1000 et
1357 943 1408 1000 si
1433 944 1932 1016 quemadmodum
1956 943 2135 1000 David

485 1033 556 1088 de
586 1031 814 1088 Adonia
861 1037 919 1088 et
967 1033 1258 1088 Absalone
1309 1033 1552 1100 audivit,
1589 1033 1667 1088 ita
1711 1033 1877 1088 Pater
1925 1032 2133 1088 Filium

483 1122 898 1187 videret,recte
914 1122 1054 1177 item
1075 1123 1198 1178 haec
1229 1123 1406 1179 verba
1427 1123 1538 1179 sibi
1566 1123 1676 1194 ipsi
1697 1123 1914 1179 diceret
1929 1127 1986 1178 et
2003 1139 2135 1194 pro-

483 1211 680 1278 ferret,
712 1225 783 1266 ne
816 1211 962 1266 forte
993 1210 1196 1278 Filius,
1233 1211 1494 1284 seipsum
1521 1217 1700 1267 Deum
1732 1211 2002 1277 dicendo,
2038 1211 2134 1266 ali-

482 1317 630 1372 quos
661 1317 694 1356 a
722 1301 890 1356 Patre
911 1299 1241 1356 abduceret.
1267 1301 1379 1356 Sed
1412 1301 1463 1356 si
1494 1306 1696 1356 contra
1727 1317 1788 1356 se
1818 1317 1911 1356 res
1937 1301 2132 1368 habet,

481 1389 695 1461 illeque
729 1390 832 1461 qui
859 1388 1067 1444 Filium
1095 1389 1418 1462 cognoscit,
1443 1390 1668 1446 Patrem
1692 1389 1904 1445 melius
1927 1405 2136 1462 cogno-

485 1478 616 1546 scit,
651 1493 826 1550 quem
858 1493 1067 1548 nempe
1097 1477 1182 1532 illi
1218 1478 1399 1534 Filius
1432 1479 1554 1549 ipse
1586 1479 1860 1550 patefacit
1893 1495 1905 1532 :
1939 1479 2010 1547 si,
2044 1479 2134 1534 in-

483 1583 682 1640 quam,
719 1566 925 1622 melius
954 1583 1188 1639 quoque
1219 1571 1277 1623 in
1309 1567 1522 1635 Verbo,
1547 1567 1632 1623 uti
1665 1568 1888 1622 dictum
1921 1573 2029 1640 est,
2051 1566 2133 1623 vi-

484 1656 647 1712 debit
665 1655 895 1711 Patrem
920 1673 933 1711 :
957 1655 1006 1711 si
1039 1655 1176 1711 item
1201 1660 1510 1727 postquam
1534 1656 1766 1710 advenit
1789 1654 1991 1727 Filius,
2017 1673 2133 1711 non

483 1745 746 1818 seipsum
779 1745 879 1799 sed
913 1743 1142 1800 Patrem
1165 1743 1490 1812 honoravit,
1515 1743 1669 1800 unde
1699 1745 1931 1800 cuidam
1965 1745 2035 1800 ad
2070 1761 2132 1801 se

483 1833 777 1890 accedenti
809 1831 909 1904 ait,
956 1833 1098 1901 Quid
1143 1849 1229 1889 me
1258 1834 1404 1889 dicis
1455 1833 1701 1888 bonum?
1747 1835 1910 1890 Nemo
1940 1836 2129 1902 bonus,

479 1923 594 1978 nisi
621 1920 775 1978 solus
805 1922 944 1978 Deus
966 1922 1011 1957 ⁸³
1037 1939 1050 1990 ;
1083 1927 1139 1978 et
1189 1922 1568 1994 interroganti
1612 1923 1908 1994 quodnam
1939 1923 2131 1993 majus

482 2012 828 2067 mandatum
859 2015 1017 2067 esset
1057 2011 1115 2066 in
1163 2009 1310 2084 lege,
1361 2012 1684 2084 respondit,
1735 2011 1896 2078 Audi,
1933 2013 2128 2083 Israel,

480 2102 741 2158 Dominus
769 2100 910 2157 Deus
959 2103 1099 2170 tuus,
1138 2101 1396 2156 Dominus
1426 2116 1570 2154 unus
1607 2103 1684 2156 est
1705 2101 1750 2134 ⁵⁴
1782 2118 1794 2156 :
1829 2101 2020 2156 turbis
2050 2101 2128 2157 si-

482 2189 699 2246 militer
743 2189 871 2247 ait:
904 2193 1014 2259 Ego
1066 2191 1136 2244 de
1182 2191 1310 2244 caelo
1357 2189 1628 2260 descendi,
1661 2206 1770 2244 non
1819 2195 1879 2245 ut
1925 2191 2132 2260 faciam

479 2281 812 2336 voluntatem
855 2293 1054 2346 meam,
1099 2279 1198 2334 sed
1244 2279 1577 2334 voluntatem
1625 2279 1812 2334 Patris
1859 2281 1956 2350 qui
1981 2280 2132 2334 misit

479 2387 569 2426 me
587 2370 670 2426 ἐς
712 2369 797 2426 sic
829 2385 1060 2442 quoque
1103 2369 1349 2424 docebat
1394 2368 1739 2442 discipulos,
1789 2371 1953 2426 Pater
1979 2386 2130 2426 meus

479 2461 661 2533 major
705 2475 789 2514 me
818 2467 894 2515 est
915 2459 998 2528 5‘;
1031 2463 1108 2524 et,
1144 2459 1262 2530 Qui
1314 2475 1398 2514 me
1448 2458 1699 2526 honorat,
1745 2458 1976 2515 honorat
2005 2475 2130 2514 eum

479 2550 574 2622 qui
593 2549 740 2605 441
776 2550 931 2604 misit
959 2564 1049 2603 me
1071 2549 1136 2604 ⁸⁷.
1184 2547 1343 2611 Quod
1376 2548 1426 2603 si
1477 2547 1656 2603 Filius
1687 2547 1861 2604 talem
1903 2566 1964 2604 se
1994 2564 2130 2619 erga

479 2639 712 2694 Patrem
756 2637 992 2708 praebet,
1025 2637 1165 2708 quid
1211 2635 1327 2691 illic
1357 2642 1446 2691 est
1491 2637 1868 2705 contrarium,
1904 2643 1967 2692 ut
1996 2655 2130 2708 quis

481 2726 582 2782 illa
619 2726 938 2798 Scriptura;
968 2725 1094 2781 loca
1141 2725 1248 2780 hoc
1281 2725 1452 2780 modo
1484 2725 1620 2780 velit
1669 2724 1991 2798 intelligere
2008 2726 2036 2781 Τ
2067 2728 2129 2782 In

483 2815 688 2888 primis
705 2832 858 2882 vero,
881 2815 928 2870 si
955 2814 1209 2870 Verbum
1236 2814 1414 2870 Filius
1437 2821 1528 2870 est
1549 2813 1756 2880 Patris,
1775 2816 1908 2890 quis
1927 2819 2133 2888 praeter

484 2904 579 2961 Dei
600 2903 803 2960 hostes
825 2903 969 2960 adeo
989 2904 1231 2959 demens
1258 2903 1353 2971 sit,
1373 2908 1436 2959 ut
1457 2904 1788 2974 suspicetur
1809 2904 1989 2960 Deum
2010 2905 2129 2960 haec

478 2993 740 3050 locutum
770 3009 919 3064 esse,
951 3009 1066 3064 quo
1097 3009 1271 3048 suum
1305 2992 1563 3048 Verbum
1593 2994 2053 3050 calumniaretur
2077 3001 2133 3051 et

479 3081 726 3139 tolleret.
751 3085 877 3137 Non
909 3087 999 3138 est
1029 3081 1148 3136 haec
1177 3081 1644 3138 Christianorum
1669 3084 1994 3140 sententia:
2029 3085 2126 3140 ab-

481 3171 592 3226 sit!
630 3171 744 3226 Nec
774 3171 929 3226 enim
965 3178 1198 3242 prOpter
1232 3170 1437 3226 Filium
1466 3171 1582 3226 ista
1611 3170 1832 3243 scripta
1862 3176 2130 3245 sunt,sed

481 3260 553 3316 ad
581 3259 864 3314 falsorum
911 3259 1178 3327 deorum,
1210 3259 1310 3330 qui
1343 3260 1414 3315 ab
1444 3259 1784 3316 hominibus
1817 3261 1936 3316 ﬁcti
1969 3268 2130 3332 sunt,

427 3393 440 3402 .
481 3347 842 3404 eversionem
879 3365 892 3402 :
924 3347 1102 3418 idque
1133 3347 1288 3402 haud
1323 3348 1546 3420 absque
1577 3354 1734 3404 recta
1765 3351 2004 3407 ratione.

551 3455 606 3510 8.
641 3454 788 3520 Quia
818 3452 973 3510 enim
1005 3453 1104 3525 qui
1155 3453 1318 3509 falsis
1351 3455 1463 3510 diis
1493 3461 1631 3510 sunt
1662 3457 1903 3522 addicti,
1933 3475 1966 3512 a
1997 3474 2130 3515 vero

484 3543 600 3600 Deo
631 3543 913 3598 recedunt
945 3559 958 3598 :
992 3541 1122 3598 ideo
1152 3542 1306 3598 Deus
1345 3543 1442 3612 qui
1477 3543 1666 3598 bonus
1696 3551 1784 3599 est
1813 3563 2133 3619 curamque

485 3631 789 3688 hominum
838 3629 1034 3694 habet,
1077 3646 1210 3685 cum
1261 3636 1523 3686 errantes
1569 3639 1816 3702 revocat,
1866 3635 1947 3690 ait
1981 3652 1993 3691 :
2025 3639 2132 3708 Ego

484 3723 623 3777 Deus
650 3722 798 3776 solus
818 3721 862 3754 ⁵⁸
886 3737 900 3786 ;
950 3725 1027 3784 et,
1059 3721 1168 3788 Ego
1195 3735 1317 3774 sum
1337 3720 1382 3756 ⁵ο
1407 3739 1418 3786 ;
1453 3728 1530 3790 et,
1564 3722 1776 3778 Praeter
1803 3741 1888 3778 me
1917 3741 2026 3780 non
2055 3735 2133 3782 est

477 3811 619 3868 Deus
639 3811 706 3878 ⁸ο,
736 3809 967 3882 aliaque
998 3809 1053 3864 id
1077 3825 1290 3882 genus,
1313 3825 1444 3864 cum
1471 3814 1534 3864 ut
1561 3827 1629 3865 ea
1649 3828 1776 3882 quae
1805 3812 1966 3868 nulla
1995 3819 2136 3870 sunt

479 3899 834 3972 exploderet,
865 3903 992 3952 tum
1026 3902 1090 3953 ut
1114 3913 1318 3952 omnes
1351 3897 1422 3952 ad
1455 3898 1715 3969 seipsum
1751 3906 2130 3958 converteret.

478 3996 561 4045 Ac
591 3987 1084 4060 quemadmodum
1109 3985 1160 4042 si
1191 3986 1325 4056 quis
1351 4003 1452 4057 per
1481 3987 1634 4042 diem
1667 3992 1724 4042 et
1755 3988 1876 4043 sole
1905 3989 2136 4046 lucente

477 4077 704 4150 lignum
736 4082 954 4132 temere
986 4075 1268 4148 pingeret,
1306 4075 1362 4129 in
1395 4091 1509 4146 quo
1543 4091 1612 4129 ne
1643 4077 1866 4147 species
1897 4078 2135 4149 quidem

2245 677 2334 729 καί
2364 673 2424 729 ἐκ
2450 676 2680 748 τούτων,
2715 677 2800 730 ὅτι
2831 671 3002 739 ὅντως
3047 676 3178 731 εἰσὶν
3223 677 3276 731 οἱ
3307 677 3573 750 Ἀρειανοὶ
3604 677 3888 751 Θεομάχοί.

2247 763 2309 820 Εἰ
2370 765 2464 836 μὶν
2525 763 2616 819 οὖν
2675 763 2887 838 ἅμιλλα
2933 769 3014 839 τῷ
3067 767 3177 839 Υἱῷ
3213 763 3326 821 ἐστι
3371 766 3507 842 πρὸς
3531 765 3622 820 τὸν
3669 766 3886 841 Πατέρα,

2243 853 2496 915 τοιαύτας
2545 852 2787 908 ἀκουέτω
2837 853 3050 932 φωνάς·
3105 854 3195 909 καὶ
3249 854 3294 908 ei
3343 853 3524 929 ὥσπερ
3573 849 3740 910 Δαϐἰδ
3784 855 3888 928 (24)

2256 941 2280 960 ν
2579 942 2595 962 ς
2697 947 2721 957 ι·
2772 949 2785 968 ν
2843 939 2867 961 Ν
3143 945 3156 962 \
3275 947 3302 957 ~
3339 944 3351 965 9
3622 943 3636 963 \
3787 942 3813 963 θ’

2244 963 2444 1011 ηκουσε
2475 963 2596 1018 περι
2628 964 2726 996 του
2791 943 3039 998 Αοωνίου
3069 965 3158 999 και
3209 965 3306 998 του
3357 937 3720 1016 Δϐεσσαλωμ,
3753 964 3888 998 ουτω

2243 1031 2331 1086 καὶ
2365 1031 2392 1086 6
2445 1033 2629 1105 Πατὴρ
2688 1031 2876 1108 βλέπει
2933 1034 3023 1088 τὸν
3074 1034 3217 1086 Υἱὸν·
3269 1033 3407 1109 πρὸς
3449 1033 3634 1088 ἑαυτὸν
3689 1032 3888 1108 λεγέτω

2243 1121 2332 1175 καὶ
2365 1123 2680 1199 προφερέτω
2707 1125 2932 1177 τοιαῦτα
2963 1121 3200 1199 ῥήματα,
3237 1123 3452 1195 μήποτε
3482 1123 3511 1176 6
3543 1123 3687 1192 Υἱὸς,
3719 1121 3886 1198 λέγων

2245 1209 2430 1264 ἑαυτὸν
2462 1210 2614 1282 Θεὸν,
2649 1210 2932 1286 ἀποστήσῃ
2985 1212 3133 1273 τινὰς
3181 1210 3286 1265 ἀπὸ
3334 1214 3430 1266 τοῦ
3487 1213 3714 1288 Πατρός·
3748 1209 3793 1266 εἴ
3837 1207 3889 1266 δὲ

2243 1299 2272 1354 6
2300 1299 2580 1375 γινώσκων
2612 1299 2702 1354 τὸν
2738 1300 2858 1355 Υἱὸν
2886 1299 3140 1374 γινώσκει
3167 1297 3381 1372 μᾶλλον
3405 1299 3494 1355 τὸν
3519 1302 3632 1373 (25)
3657 1300 3881 1375 Πατέρα,

2242 1385 2726 1450 ἀποκαλύπτοντος
2787 1393 2977 1444 τοῦτον
3020 1387 3168 1462 αύτῷ
3215 1393 3312 1444 τοῦ
3359 1390 3510 1457 Υἷοῦ,
3561 1391 3648 1444 καὶ
3707 1388 3760 1443 ἐν
3811 1393 3888 1462 τῷ

2242 1477 2407 1552 Λόγῳ
2438 1473 2625 1551 ὄψεται
2679 1476 2890 1551 μᾶλλον
2945 1479 3035 1532 τὸν
3091 1477 3321 1552 Πατέρα,
3368 1477 3604 1551 καθάπερ
3657 1473 3884 1554 εἷ’ρηται·

2243 1563 2415 1629 ἐλθὼν
2450 1563 2506 1621 δὲ
2536 1567 2564 1620 6
2599 1567 2742 1639 Υἱὸς,
2775 1565 2882 1642 οὐχ
2913 1567 3121 1634 ἑαυτὸν,
3153 1565 3300 1622 ἀλλά
3327 1569 3418 1622 τὸν
3452 1568 3660 1642 Πατέρα
3708 1563 3885 1636 ἐδόξαο

2243 1675 2319 1726 σε,
2373 1654 2544 1731 λέγων
2591 1656 2684 1729 μὲν
2734 1660 2813 1728 τῷ
2861 1656 3313 1732 προσερχομένῳ⁶
3345 1655 3412 1713 Τί
3447 1677 3513 1730 με
3560 1654 3739 1731 λέγεις
3769 1655 3890 1732 ἀγα-

2243 1744 2384 1812 Οόν;
2437 1741 2630 1807 Οὐδεὶς
2679 1745 2897 1820 ἀγαθὸς,
2947 1744 2992 1800 εί
3047 1746 3122 1818 μὴ
3175 1745 3248 1806 εἶς
3296 1746 3325 1800 6
3377 1745 3529 1808 Θεός’
3580 1745 3888 1822 ἀποκρινό-

2245 1853 2404 1904 μενος
2437 1830 2495 1890 ὂῗε
2539 1838 2616 1904 τῷ
2660 1832 2954 1907 ἐρωτῶντι,
3006 1833 3134 1888 ποία
3165 1836 3273 1908 (26)
3306 1831 3502 1904 ἐντολή
3535 1833 3588 1888 ἐν
3619 1839 3698 1906 τῷ
3729 1835 3887 1908 νόμῳ

2166 1961 2209 2024 Β
2245 1921 2469 1994 μείζων,
2521 1920 2626 1990 ὅτι,
2672 1925 2871 1978 ’Ἄκουε
2928 1922 3186 1998 Ἰσραὴλ,
3249 1923 3446 2024 Κύριος
3495 1925 3522 1978 6
3580 1925 3710 1986 Θεός
3770 1944 3888 1990 σου,

2243 2011 2434 2086 Κύριος
2495 2013 2566 2074 εἷς
2625 2010 2777 2066 ἐστι·
2832 2013 2921 2067 καὶ
2975 2018 3090 2074 τοῖς
3141 2013 3234 2086 μὲν
3279 2007 3476 2089 ὄχλοις
3527 2011 3719 2088 λέγων·
3749 2013 3888 2089 Ἐγὼ

2239 2099 2298 2154 ἐκ
2352 2105 2449 2156 τοῦ
2508 2104 2621 2174 (27)
2677 2101 2908 2177 ούρανοῦ
2961 2096 3307 2172 καταϐέϐηκα
3367 2101 3472 2179 οὐχ
3523 2099 3615 2156 ’ίνα
3664 2103 3883 2172 ποιήσω

2238 2189 2300 2243 τὸ
2359 2187 2575 2262 θέλημα
2630 2190 2692 2244 τὸ
2742 2189 2896 2263 ἐμόν,
2931 2187 3075 2245 ἀλλά
3123 2191 3185 2245 τὸ
3244 2189 3463 2264 θέλημα
3491 2195 3588 2246 τοῦ
3637 2190 3887 2265 πέμψαν-

2238 2279 2330 2338 τός
2369 2297 2436 2349 με
2473 2279 2684 2354 Πατρός
2880 2278 3007 2341 τοὺς
3058 2276 3115 2334 δὲ
3163 2279 3406 2352 μαθητάς
3457 2277 3746 2350 διδάσκων,
3781 2281 3887 2350 δτι,

2239 2367 2299 2424 Ὁ
2332 2368 2516 2442 Πατήρ
2570 2388 2674 2440 μου
2727 2367 2922 2440 μείζων
2986 2367 3092 2440 μού
3149 2367 3279 2423 ἐστι’
3315 2369 3426 2436 καὶ,
3465 2370 3526 2426 ἰ)
3585 2367 3682 2442 ἐμὲ
3709 2373 3885 2442 τιμῶν

2237 2459 2372 2528 τιμᾷ
2415 2455 2506 2509 τὸν
2556 2455 2839 2530 πέμψαντά
2891 2477 2976 2529 με.
3013 2459 3108 2512 Καὶ
3161 2458 3204 2512 εἰ
3252 2459 3498 2520 τοιοῦτός
3532 2456 3671 2513 ἐστιν
3704 2459 3732 2512 6
3764 2458 3887 2520 Υἱὸς

2239 2545 2373 2618 πρὸς
2394 2546 2482 2599 τὸν
2507 2545 2697 2600 ἑαυτοῦ
2725 2547 2952 2621 Πατέρα,
2979 2546 3110 2601 ποία
3131 2544 3462 2619 ἐναντιότης,
3481 2545 3572 2602 ’ίνα
3595 2547 3683 2602 καὶ
3705 2547 3888 2602 τοιαύο

2237 2655 2336 2703 την
2367 2655 2450 2695 τις
2483 2633 2735 2688 ὑπόνοιαν
2769 2629 2912 2709 λάϐῃ
2948 2637 3055 2706 (29)
3087 2635 3211 2710 περὶ
3240 2639 3347 2690 τῶν
3379 2635 3642 2691 τοιούτων
3675 2635 3887 2712 ῥητῶν;

2241 2719 2466 2784 ’Ἄλλως
2497 2741 2554 2776 τε
2585 2721 2837 2798 εἷ’Λόγος
2863 2721 2974 2777 ἐστὶ
2994 2727 3092 2778 τοῦ
3124 2723 3334 2800 Πατρός
3367 2725 3394 2779 6
3427 2725 3571 2796 Υἱὸς,
3597 2723 3680 2786 τίς
3713 2725 3891 2788 οὕτως

2240 2808 2381 2865 ἐστὶν
2433 2808 2640 2888 ἄφρων,
2698 2810 2844 2880 πλὴν
2894 2816 3002 2866 τῶν
3049 2811 3470 2888 χριστομάχων,
3524 2813 3598 2876 ὡς
3645 2812 3890 2886 νομίζειν

2241 2898 2345 2966 ὅτι,
2398 2899 2511 2953 τὸν·
2541 2899 2729 2954 ἑαυτοῦ
2780 2900 2952 2976 Λόγον
3005 2895 3320 2957 διαϐάλλων
3378 2904 3467 2956 καὶ
3516 2903 3773 2976 ἀναιρῶν,
3823 2901 3895 2957 τὰ

2240 2992 2462 3043 τοιαῦτα
2501 2987 2805 3059 λελάληκεν
2855 2989 2883 3043 6
2928 2989 3105 3059 Θεός;
3159 2991 3268 3046 Ούκ
3315 2989 3455 3046 ἔστιν
3508 2991 3664 3053 οὗτος
3705 2992 3732 3046 6
3761 2995 3894 3049 νοῦς

2241 3078 2600 3151 Χριστιανῶνο
2656 3078 2732 3150 μή
2782 3077 3030 3155 γένοιτοῐ
3067 3079 3140 3132 Ού
3187 3079 3290 3155 γάρ
3341 3076 3430 3134 διὰ
3479 3083 3586 3154 (30)
3632 3081 3721 3134 τὸν
3766 3079 3895 3136 Υίὸν

2242 3168 2409 3221 ταῦτα
2438 3166 2756 3242 γέγραπται,
2789 3165 2916 3222 ἀλλ’
2950 3167 3026 3230 εἰς
3075 3167 3343 3244 ἀναίρεσιν
3389 3173 3496 3223 τῶν
3544 3168 3898 3225 πλασθέντων

2243 3254 2387 3329 παρᾶ
2409 3259 2514 3308 τῶν
2543 3254 2840 3331 ἀνθρώπων
2881 3253 3250 3330 ψευδωνύμων
3284 3258 3440 3312 θεῶν’
3474 3256 3564 3312 καὶ
3593 3259 3629 3326 ἡ
3682 3253 3903 3313 διάνοια

2161 3323 2202 3388 C
2238 3347 2345 3398 τῶν
2376 3343 2638 3398 τοιούτων
2674 3343 2852 3420 ῥητῶν
2882 3341 2998 3421 ἔχει
3027 3347 3128 3415 τὴν
3159 3345 3330 3402 αἰτίαν
3365 3343 3612 3421 εὔλογον.

2318 3454 2370 3506 8.
2406 3448 2627 3520 Ἐπειδή
2669 3452 2772 3527 γάρ
2821 3452 2873 3505 o't
2921 3453 3300 3526 προσκείμενοι
3347 3459 3464 3514 τοῖς
3512 3451 3901 3527 ψευδωνύμοις

2245 3541 2386 3600 θεοῖς
2439 3539 2754 3617 ἀφίστανται
2799 3545 2894 3595 τοῦ
2945 3540 3210 3612 ἀληθινοῦ
3258 3546 3415 3612 Θεοῦ,
3451 3541 3539 3596 διὰ
3567 3545 3724 3596 τοῦτο
3756 3541 3900 3617 ἀγα-

2241 3630 2338 3690 θὸς
2397 3625 2470 3682 ὤν
2525 3629 2612 3683 καὶ
2668 3627 2969 3700 κηδόμενος
3015 3633 3126 3704 (31)
3174 3635 3281 3686 τῶν
3328 3631 3627 3706 ἀνθρώπων
3661 3632 3688 3684 6
3737 3632 3898 3702 Θεὸς,

2246 3717 2684 3790 ἀνακαλούμενος
2716 3712 2858 3780 ’τοῦς
2905 3718 3292 3788 πλανηθέντας,
3341 3720 3523 3789 φησίν
3574 3720 3716 3795 Ἐγὼ
3762 3721 3903 3782 Θεὸς

2250 3806 2434 3879 μόνος’
2493 3807 2604 3875 καὶ,
2669 3807 2809 3882 Ἐγώ
2867 3809 3002 3881 εἶ’μι·
3061 3808 3151 3862 καὶ
3213 3813 3348 3881 (3'2),
3407 3808 3559 3878 Πλὴν
3610 3807 3650 3880 ἐ⁵
3683 3813 3744 3862 οῦ
3795 3807 3904 3864 οὐκ

2245 3893 2356 3951 ἔστι
2403 3895 2553 3958 Θεός·
2613 3895 2701 3950 καὶ
2756 3895 2854 3951 ὅσα
2901 3898 3123 3952 τοιαῦτά
3178 3895 3286 3952 ἐστι
3339 3895 3497 3973 ῥητάο
3534 3895 3626 3952 ’ἱνα
3681 3898 3746 3951 τὰ
3799 3899 3906 3971 μὲν

2253 3985 2326 4057 μὴ
2383 3979 2510 4038 ὅντα
2553 3979 2806 4058 διαϐάλῃ,
2857 3982 3150 4061 ἐπιστρέψῃ
3199 3983 3256 4040 δὲ
3303 3988 3506 4048 πάντας
3561 3986 3638 4048 ε’ς
3682 3986 3907 4044 ἑαυτόν.

2250 4073 2346 4128 Καὶ
2373 4073 2552 4148 ὥσπερ
2587 4069 2646 4127 ἂν
2679 4070 2839 4136 εἷ’τις
2886 4075 3096 4150 ἡμέρας
3129 4072 3296 4145 οὔσης
3329 4074 3418 4129 καὶ
3465 4073 3632 4144 ἡλίου
3677 4073 3914 4152 φαίνον-

479 4171 636 4223 esset
675 4164 944 4230 luminis,
988 4163 1320 4235 diceretque
1353 4163 1504 4219 hanc
1550 4163 1865 4236 imaginem
1898 4184 2131 4224 causam

2251 4182 2341 4224 τος
2406 4161 2720 4240 ζωγραφοίη
2781 4161 2942 4233 ξύλον
2997 4161 3215 4232 ἁπλῶς,
3274 4160 3400 4218 ούδέ
3451 4161 3546 4218 κᾶν
3605 4163 3910 4241 φαντασίαν

479 4271 610 4312 esse
636 4253 786 4310 lucis
817 4269 830 4309 :
866 4253 1018 4324 quod
1049 4249 1136 4308 sol
1166 4252 1638 4307 animadvertens
1669 4251 1717 4308 si
1750 4253 1986 4326 diceret,
2020 4256 2138 4328 Ego

553 4445 600 4482 ⁸³
631 4444 769 4516 Luc.
801 4459 970 4516 xviii,
998 4442 1084 4516 19Ῐ
1161 4441 1206 4476 ⁶⁶
1235 4440 1563 4516 Marcum,
1610 4443 1700 4512 29,
1750 4443 1840 4500 30.
1916 4445 1961 4482 ⁵⁵
2001 4445 2170 4502 Joan.
2223 4461 2300 4511 vr,
2331 4445 2420 4500 38.
2497 4443 2542 4479 ⁸⁸
2570 4443 2739 4500 Joan.
2789 4459 2904 4516 xiv,
2953 4444 3043 4500 28.

482 4533 660 4585 xxxii,
688 4515 779 4571 39.
854 4515 900 4550 ⁵ο
931 4513 1106 4570 Exod.
1141 4529 1226 4584 ιιι,
1257 4514 1344 4568 15.
1419 4514 1464 4548 ⁸ο
1497 4518 1658 4570 Deut.
1693 4532 1766 4585 νι,
1802 4517 1852 4570 4.

549 4713 662 4787 (24)
693 4718 832 4787 Reg.
857 4713 918 4787 _i,
975 4708 1215 4787 ᾄκουέτω
1263 4711 1594 4787 φωνάς’-καὶ
1644 4712 1692 4787 εἴ
1738 4711 1922 4787 ὥσπερ
1960 4714 1988 4766 6
2022 4721 2126 4787 hct-
2163 4719 2206 4783 D

481 4771 592 4869 ϐίδ,
625 4771 940 4869 Editi,
973 4771 1308 4869 ἀκουέτωσξν
1343 4771 1536 4869 (pecunia:
1568 4783 1660 4869 καί
1698 4785 1754 4869 ,εἰ
1797 4771 1914 4869 ,ὡς
1939 4779 2127 4869 ιὲαϐίδ,

482 4851 595 4916 etc.
630 4858 851 4915 Ibidem
885 4858 1016 4928 Aeg.
1053 4859 1104 4922 1,
1135 4851 1464 4928 Goblerian.
1489 4863 1546 4911 et
1565 4857 1752 4928 Felpk.
1778 4860 1838 4928 ,1,
1871 4851 2133 4911 Ἀϐεσσα-

487 4930 812 5002 1169.363.
843 4931 899 4998 2,
931 4922 1106 5002 Βῖιξὶὶ,
1129 4933 1196 5002 iet
1227 4922 1926 5002 Anglican.,_’A653altbu.
1960 4929 2132 5002 Editi,

481 4996 992 5073 Ἀϐσαλώμηιιιδω
1026 5000 1241 5073 ibidem
1279 4996 1418 5073 Rég.
1450 5001 1506 5073 l,
1535 5000 1765 5073 Gobler.
1800 4996 2136 5073 et'FelckJ,

487 5073 660 5146 οὕτως
691 5067 780 5146 καὶ
813 5072 842 5126 6
883 5070 1084 5146 Datim
1124 5067 1594 5146 pléast.'_E_diti0
1641 5073 1963 5146 Commel,
1987 5071 2075 5146 καὶ
2109 5073 2136 5126 6

489 5143 846 5218 ῙΙατὴροίξτω
877 5139 1102 5218 βλέπεὶκ
1124 5139 1260 5218 Reg.
1302 5145 1353 5218 1.Δ
1385 5143 1598 5199 ibidem
1652 5143 1788 5218 πρὸς
1821 5142 2006 5198 ἑαυτὸν
2042 5142 2129 5199 λε-

487 5211 859 5292 γέτωξΕάἱιὶ,
878 5211 1012 5286 πρὸς
1047 5211 1462 5292 α’ξςὸςιξλεγέτω·
1537 5285 1548 5292 _
1592 5287 1605 5292 _
1781 5287 1876 5292 _-_
1917 5264 1939 5292 _-

560 5288 670 5358 (25)
700 5285 965 5358 Siclteg.
1005 5289 1054 5354 1,
1088 5285 1321 5342 Goblor.
1351 5293 1410 5342 et
1459 5285 1647 5340 Felck.
1683 5286 1734 5342 1.
1781 5287 1930 5343 Editi
1978 5304 2132 5354 vero,

493 5355 829 5432 μᾶλλονῌκαὶ
849 5355 964 5432 τόν.

561 5429 842 5503 (26))ἶ88.
878 5430 930 5503 1,
961 5423 1490 5503 ἀποκρινόμενος-δὲ
1535 5425 1923 5503 τεῷ-ἐρωτῶντι
1980 5427 2132 5503 ποία,

489 5494 599 5594 θιιξ.
657 5494 846 5573 Editi“,
906 5494 1337 5574 ἀποκρινάμενος
1391 5494 1447 5552 δὲ
1500 5494 1599 5570 τῷ
1629 5494 1900 5576 ἐρωτῶντι
1951 5494 2132 5568 αὐτὸν,

490 5593 640 5630 ποια.
881 5607 884 5610 ί
1735 5627 1742 5634 .

563 5647 676 5719 (27)
705 5644 798 5719 Sic
829 5643 966 5719 B_eg_.
1000 5643 1028 5719 l_
1063 5647 1119 5697 et
1150 5641 1366 5719 anglis.
1387 5645 1478 5719 _At
1501 5643 1736 5719 _Gobler.
1766 5641 2046 5719 et_Felck.
2081 5644 2131 5712 1,

494 5710 689 5790 λέγων,
721 5713 805 5790 ὅτι
1007 5711 1070 5790 ἐκ
1097 5715 1215 5790 τοῦ.
1238 5712 1423 5790 Editi,
1456 5710 1726 5790 λέγοιμ-ἐκ
1743 5717 1862 5790 τοῦ.

555 5759 556 5764 η
591 5738 689 5786 ων,
721 5738 805 5770 οτι
855 5738 978 5790 ι’λγω
1010 5738 1070 5768 εκ
1097 5738 1215 5770 του.
1250 5738 1423 5784 mum,
1457 5738 1518 5768 Λε
1559 5738 1639 5782 ον,
1664 5738 1726 5768 εκ
1743 5738 1862 5771 του.

555 5738 676 5874 (28)
705 5789 798 5846 Sic
826 5787 964 5861 Reg.
996 5787 1024 5842 1
1059 5789 1118 5842 et
1142 5787 1197 5856 2,
1229 5783 1482 5857 Gobler.,
1521 5738 1712 5844 i‘elck.
1747 5787 1772 5842 1
1807 5790 1864 5842 et
1893 5785 1944 5840 4.
1974 5785 2043 5844 At
2071 5783 2133 5843 in

2256 4250 2384 4328 ἕχον
2417 4251 2619 4330 φωτὸς,
2652 4251 2742 4306 καὶ
2783 4248 2938 4327 λέγοι
2979 4253 3078 4322 τήν
3115 4247 3293 4308 εἰκόνα
3321 4251 3521 4324 ταύτην
3563 4251 3738 4308 αἰτίαν
3767 4253 3912 4308 εἶναι

3119 4444 3166 4480 ⁸⁷
3193 4445 3363 4502 Joan.
3394 4461 3450 4514 v,
3480 4444 3568 4500 23.
3647 4443 3690 4479 ⁸⁸
3723 4443 3911 4502 Deut.

2243 4712 2499 4790 editione
2529 4713 2805 4790 Commel.
2845 4713 3008 4770 deest
3040 4712 3270 4790 [131965.

2311 4786 2425 4856 ('29)
2457 4789 2593 4856 Keg.
2636 4787 2684 4852 1,
2713 4786 2949 4859 Seguer.
2983 4791 3046 4859 et
3071 4779 3270 4859 Ba'sil.,
3293 4779 3732 4859 λαϐῃλῐὺὶόοιιι-
3753 4785 3920 4859 Reg.

2245 4857 2267 4911 1
2306 4851 2362 4912 et
2402 4851 2665 4930 Seguer.,
2707 4851 2908 4932 ῥητῶν.
2942 4858 3048 4913 Alii
3083 4863 3141 4914 et
3183 4857 3343 4925 editi,
3387 4851 3574 4928 λάϐοι,
3623 4864 3677 4913 et
3710 4851 3926 4932 ρημοὶ,

2243 4948 2374 4981 των.

2317 4999 2428 5072 (730)
2458 4998 2548 5053 sic
2582 4999 3079 5072 Reg._l,_Segucr.
3113 5001 3342 5056 Gobler.
3377 5003 3433 5055 et
3478 4999 3664 5055 Felck.
3719 5001 3769 5054 1.
3827 5006 3922 5058 At.

2247 5066 2344 5124 alii
2379 5066 2436 5126 et
2465 5071 2629 5137 editi,
2661 5066 2920 5126 ὄύδεδιάέ

2317 5143 2442 5216 (31)Δ
2459 5142 2552 5216 Sic
2586 5143 2724 5214 Reg.
2769 5143 2785 5195 ι
2820 5148 2877 5198 et
2900 5143 3138 5214 Seguer.
3181 5143 3380 5198 Caeteri
3415 5149 3606 5198 autem
3642 5146 3700 5196 et
3728 5142 3932 5216 editi,

2247 5208 2318 5265 ὢν
2329 5208 2648 5283 κηδόμενος
2657 5256 2668 5268 .

2316 5286 2429 5358 (32)
2459 5281 2547 5358 Sic
2570 5285 2769 5358 Reg_._l
2804 5289 2862 5340 et
2885 5287 2941 5354 2,
2973 5287 3209 5358 Seguer.
3248 5283 3422 5358 Basili.
3477 5281 3684 5358 Anglic
3705 5301 3785 5358 in;
3846 5295 3942 5342 et.

2249 5356 2436 5410 Felck.
2469 5357 2522 5410 5.
2562 5361 2624 5410 In
2658 5355 2948 5426 aliis‘vero
2979 5361 3035 5412 et
3052 5355 3236 5412 aditis
3265 5355 3354 5410 καί
3385 5355 3718 5426 deestltiox
3753 5355 3934 5426 Reg-

2247 5428 2298 5501 1,
2332 5431 2387 5482 et
2409 5428 2656 5501 Seguer.
2689 5421 2922 5501 διαϐάλῃ
2950 5445 2962 5483 :
2997 5428 3096 5484 alii
3121 5435 3182 5501 et
3229 5428 3366 5484 editi
3379 5473 3400 5501 ,_
3442 5422 3754 5501 6;aoai)_tlp_._
3777 5421 3936 5501 lbi—

2245 5499 2376 5572 dem
2407 5497 2595 5572 Reg}
2633 5503 2774 5572 et_2,
2824 5497 3085 5572 segnem,
3115 5499 3316 5561 πάντας
3365 5499 3438 5560 εἶς
3474 5497 3886 5572 ἑαυτόνζΕάίιί
3911 5547 3936 5570 ,

2246 5569 2416 5644 πάντα
2553 5569 2762 5644 ὲαῦτόν.
2801 5569 2939 5644 Item
2975 5573 3190 5644 ibidem
3238 5573 3375 5644 Reg.
3435 5574 3458 5626 1
3523 5577 3578 5627 et
3625 5569 3936 5644 segnem,

2245 5641 2448 5720 ’ςΩοςπερ
2480 5640 2539 5696 ἂν
2574 5639 2628 5698 εἷ’
2641 5663 2722 5705 τις
2754 5643 2986 5720 ἡμέρας.
3019 5643 3130 5700 Alii
3157 5647 3216 5702 et
3245 5639 3408 5717 editi,
3438 5644 3641 5720 Ὥσπερ
3673 5639 3732 5696 ἂν
3791 5639 3938 5712 τῆξ

2242 5713 2472 5788 ἡμέρας·
