  <div class='ocr_page' id='page_1' title='image "/cluster/home/n/w/nwhite01/storage/ocr_20150623/26/hvd.32044019208479/222.png"; bbox 0 0 4074 6338; ppageno 0'>
   <div class='ocr_carea' id='block_1_1' title="bbox 231 447 360 509">
    <p class='ocr_par' dir='ltr' id='par_1_1' title="bbox 231 447 360 509">
     <span class='ocr_line' id='line_1_1' title="bbox 231 447 360 509; baseline 0.016 -3"><span class='ocrx_word' id='word_1_1' title='bbox 231 447 360 509; x_wconf 74' lang='grc'><strong>345</strong></span> 
     </span>
    </p>
   </div>
   <div class='ocr_carea' id='block_1_2' title="bbox 1361 448 2541 511">
    <p class='ocr_par' dir='ltr' id='par_1_2' title="bbox 1361 448 2541 511">
     <span class='ocr_line' id='line_1_2' title="bbox 1361 448 2541 511; baseline -0.002 0"><span class='ocrx_word' id='word_1_2' title='bbox 1361 449 1649 511; x_wconf 80' lang='lat' dir='ltr'><strong>ORATIO</strong></span> <span class='ocrx_word' id='word_1_3' title='bbox 1695 450 1773 509; x_wconf 87' lang='lat' dir='ltr'><strong>Ill</strong></span> <span class='ocrx_word' id='word_1_4' title='bbox 1820 448 2130 510; x_wconf 77' lang='lat' dir='ltr'><strong>CONTRA</strong></span> <span class='ocrx_word' id='word_1_5' title='bbox 2176 448 2541 511; x_wconf 70' lang='lat' dir='ltr'><strong>ARIANOS.</strong></span> 
     </span>
    </p>
   </div>
   <div class='ocr_carea' id='block_1_3' title="bbox 3530 450 3648 511">
    <p class='ocr_par' dir='ltr' id='par_1_3' title="bbox 3530 450 3648 511">
     <span class='ocr_line' id='line_1_3' title="bbox 3530 450 3648 511; baseline 0 0"><span class='ocrx_word' id='word_1_6' title='bbox 3530 450 3648 511; x_wconf 81' lang='grc'><strong>346</strong></span> 
     </span>
    </p>
   </div>
   <div class='ocr_carea' id='block_1_4' title="bbox 231 576 1878 654">
    <p class='ocr_par' dir='ltr' id='par_1_4' title="bbox 231 576 1878 654">
     <span class='ocr_line' id='line_1_4' title="bbox 231 576 1878 654; baseline 0.001 -21"><span class='ocrx_word' id='word_1_7' title='bbox 231 579 323 633; x_wconf 88' lang='grc' dir='ltr'><strong>καὶ</strong></span> <span class='ocrx_word' id='word_1_8' title='bbox 358 577 608 654; x_wconf 73' lang='grc' dir='ltr'>εἰρήνην,</span> <span class='ocrx_word' id='word_1_9' title='bbox 638 576 805 648; x_wconf 72' lang='grc' dir='ltr'>αὐτὴν</span> <span class='ocrx_word' id='word_1_10' title='bbox 832 580 920 634; x_wconf 88' lang='grc' dir='ltr'><strong>καὶ</strong></span> <span class='ocrx_word' id='word_1_11' title='bbox 956 581 984 634; x_wconf 92' lang='lat'><strong>6</strong></span> <span class='ocrx_word' id='word_1_12' title='bbox 1016 580 1137 642; x_wconf 73' lang='grc' dir='ltr'><strong>Υἱὸς</strong></span> <span class='ocrx_word' id='word_1_13' title='bbox 1170 577 1415 650; x_wconf 84' lang='grc' dir='ltr'>δίδωσιν,</span> <span class='ocrx_word' id='word_1_14' title='bbox 1456 580 1531 643; x_wconf 86' lang='grc' dir='ltr'>ὡς</span> <span class='ocrx_word' id='word_1_15' title='bbox 1581 582 1610 635; x_wconf 98' lang='lat'><strong>6</strong></span> <span class='ocrx_word' id='word_1_16' title='bbox 1660 577 1878 640; x_wconf 87' lang='grc' dir='ltr'>Παῦλος</span> 
     </span>
    </p>
   </div>
   <div class='ocr_carea' id='block_1_5' title="bbox 1999 576 3644 654">
    <p class='ocr_par' dir='ltr' id='par_1_5' title="bbox 1999 578 3644 653">
     <span class='ocr_line' id='line_1_5' title="bbox 1999 578 3644 653; baseline 0 -18"><span class='ocrx_word' id='word_1_17' title='bbox 1999 580 2079 635; x_wconf 89' lang='lat' dir='ltr'><strong>uti</strong></span> <span class='ocrx_word' id='word_1_18' title='bbox 2110 580 2327 637; x_wconf 78' lang='lat' dir='ltr'><strong>Paulus</strong></span> <span class='ocrx_word' id='word_1_19' title='bbox 2356 580 2414 637; x_wconf 91' lang='lat' dir='ltr'><strong>in</strong></span> <span class='ocrx_word' id='word_1_20' title='bbox 2439 582 2715 637; x_wconf 90' lang='lat' dir='ltr'><strong>omnibus</strong></span> <span class='ocrx_word' id='word_1_21' title='bbox 2737 582 2862 638; x_wconf 91' lang='lat' dir='ltr'><strong>suis</strong></span> <span class='ocrx_word' id='word_1_22' title='bbox 2892 580 3163 653; x_wconf 80' lang='lat' dir='ltr'><strong>Epistolis</strong></span> <span class='ocrx_word' id='word_1_23' title='bbox 3184 578 3644 653; x_wconf 77' lang='lat' dir='ltr'><strong>significat,dum</strong></span> 
     </span>
    </p>
   </div>
   <div class='ocr_carea' id='block_1_6' title="bbox 232 665 1885 749">
    <p class='ocr_par' dir='ltr' id='par_1_6' title="bbox 232 665 1885 749">
     <span class='ocr_line' id='line_1_6' title="bbox 232 665 1885 749; baseline -0.001 -26"><span class='ocrx_word' id='word_1_24' title='bbox 232 666 652 739; x_wconf 74' lang='grc' dir='ltr'><strong>ἐπισημαίνεται</strong></span> <span class='ocrx_word' id='word_1_25' title='bbox 703 665 792 722; x_wconf 74' lang='grc' dir='ltr'><strong>διὰ</strong></span> <span class='ocrx_word' id='word_1_26' title='bbox 839 668 1015 739; x_wconf 81' lang='grc' dir='ltr'>πάσης</span> <span class='ocrx_word' id='word_1_27' title='bbox 1073 670 1365 739; x_wconf 74' lang='grc' dir='ltr'><strong>ἐπιστολῆς</strong></span> <span class='ocrx_word' id='word_1_28' title='bbox 1414 670 1657 749; x_wconf 70' lang='grc' dir='ltr'>γράφωψ</span> <span class='ocrx_word' id='word_1_29' title='bbox 1720 668 1885 742; x_wconf 81' lang='grc' dir='ltr'>Χάρις</span> 
     </span>
    </p>
   </div>
   <div class='ocr_carea' id='block_1_7' title="bbox 235 756 1887 835">
    <p class='ocr_par' dir='ltr' id='par_1_7' title="bbox 235 756 1887 835">
     <span class='ocr_line' id='line_1_7' title="bbox 235 756 1887 835; baseline -0.001 -23"><span class='ocrx_word' id='word_1_30' title='bbox 235 757 365 829; x_wconf 77' lang='grc' dir='ltr'>ὑμῖν</span> <span class='ocrx_word' id='word_1_31' title='bbox 418 757 507 811; x_wconf 68' lang='grc' dir='ltr'><strong>καὶ</strong></span> <span class='ocrx_word' id='word_1_32' title='bbox 559 756 749 833; x_wconf 69' lang='grc' dir='ltr'>εἲρήνη</span> <span class='ocrx_word' id='word_1_33' title='bbox 803 759 909 813; x_wconf 82' lang='grc' dir='ltr'>ἀπὸ</span> <span class='ocrx_word' id='word_1_34' title='bbox 951 757 1087 814; x_wconf 84' lang='grc' dir='ltr'>Θεοῦ</span> <span class='ocrx_word' id='word_1_35' title='bbox 1152 760 1362 835; x_wconf 85' lang='grc' dir='ltr'>Πατρὸς</span> <span class='ocrx_word' id='word_1_36' title='bbox 1421 762 1583 832; x_wconf 75' lang='grc' dir='ltr'>ἡμῶν</span> <span class='ocrx_word' id='word_1_37' title='bbox 1639 760 1729 813; x_wconf 86' lang='grc' dir='ltr'><strong>καὶ</strong></span> <span class='ocrx_word' id='word_1_38' title='bbox 1785 761 1887 814; x_wconf 85' lang='grc' dir='ltr'><strong>Κυ-</strong></span> 
     </span>
    </p>
   </div>
   <div class='ocr_carea' id='block_1_8' title="bbox 231 846 1887 924">
    <p class='ocr_par' dir='ltr' id='par_1_8' title="bbox 231 846 1887 924">
     <span class='ocr_line' id='line_1_8' title="bbox 231 846 1887 924; baseline 0.005 -25"><span class='ocrx_word' id='word_1_39' title='bbox 231 847 355 921; x_wconf 83' lang='grc' dir='ltr'>ρίου</span> <span class='ocrx_word' id='word_1_40' title='bbox 415 847 597 916; x_wconf 85' lang='grc' dir='ltr'>Ἰησοῦ</span> <span class='ocrx_word' id='word_1_41' title='bbox 651 848 908 919; x_wconf 83' lang='grc' dir='ltr'>Χριστοῦ.</span> <span class='ocrx_word' id='word_1_42' title='bbox 967 848 1076 904; x_wconf 84' lang='grc' dir='ltr'>Μία</span> <span class='ocrx_word' id='word_1_43' title='bbox 1125 849 1228 924; x_wconf 77' lang='grc' dir='ltr'><strong>γὰρ</strong></span> <span class='ocrx_word' id='word_1_44' title='bbox 1286 847 1377 903; x_wconf 72' lang='grc' dir='ltr'>καὶ</span> <span class='ocrx_word' id='word_1_45' title='bbox 1435 851 1469 918; x_wconf 83' lang='grc' dir='ltr'>ἡ</span> <span class='ocrx_word' id='word_1_46' title='bbox 1528 848 1662 917; x_wconf 81' lang='grc' dir='ltr'>αὐτή</span> <span class='ocrx_word' id='word_1_47' title='bbox 1722 846 1887 923; x_wconf 82' lang='grc' dir='ltr'>χάρις</span> 
     </span>
    </p>
   </div>
   <div class='ocr_carea' id='block_1_9' title="bbox 230 934 1886 1014">
    <p class='ocr_par' dir='ltr' id='par_1_9' title="bbox 230 934 1886 1014">
     <span class='ocr_line' id='line_1_9' title="bbox 230 934 1886 1014; baseline -0.001 -24"><span class='ocrx_word' id='word_1_48' title='bbox 230 934 342 990; x_wconf 73' lang='grc' dir='ltr'>ἐστὶ</span> <span class='ocrx_word' id='word_1_49' title='bbox 375 935 524 1010; x_wconf 82' lang='grc' dir='ltr'><strong>παρά</strong></span> <span class='ocrx_word' id='word_1_50' title='bbox 582 936 797 1011; x_wconf 86' lang='grc' dir='ltr'>Πατρὸς</span> <span class='ocrx_word' id='word_1_51' title='bbox 845 935 896 990; x_wconf 77' lang='grc' dir='ltr'>ἐν</span> <span class='ocrx_word' id='word_1_52' title='bbox 943 938 1072 1009; x_wconf 53' lang='lat' dir='ltr'><strong>rte),</strong></span> <span class='ocrx_word' id='word_1_53' title='bbox 1126 938 1199 999; x_wconf 84' lang='grc' dir='ltr'>ὡς</span> <span class='ocrx_word' id='word_1_54' title='bbox 1255 937 1393 993; x_wconf 79' lang='grc' dir='ltr'>ἔστιν</span> <span class='ocrx_word' id='word_1_55' title='bbox 1444 934 1499 992; x_wconf 73' lang='grc' dir='ltr'><strong>ἓν</strong></span> <span class='ocrx_word' id='word_1_56' title='bbox 1542 938 1604 992; x_wconf 89' lang='grc' dir='ltr'>τὸ</span> <span class='ocrx_word' id='word_1_57' title='bbox 1645 940 1758 1014; x_wconf 91' lang='grc' dir='ltr'><strong>φῶς</strong></span> <span class='ocrx_word' id='word_1_58' title='bbox 1788 940 1886 990; x_wconf 90' lang='grc' dir='ltr'><strong>τοῦ</strong></span> 
     </span>
    </p>
   </div>
   <div class='ocr_carea' id='block_1_10' title="bbox 229 1025 1882 1104">
    <p class='ocr_par' dir='ltr' id='par_1_10' title="bbox 229 1025 1882 1104">
     <span class='ocr_line' id='line_1_10' title="bbox 229 1025 1882 1104; baseline -0.001 -24"><span class='ocrx_word' id='word_1_59' title='bbox 229 1025 402 1094; x_wconf 83' lang='grc' dir='ltr'>ἡλίου</span> <span class='ocrx_word' id='word_1_60' title='bbox 447 1026 535 1080; x_wconf 76' lang='grc' dir='ltr'><strong>καὶ</strong></span> <span class='ocrx_word' id='word_1_61' title='bbox 578 1031 675 1080; x_wconf 84' lang='grc' dir='ltr'><strong>τοῦ</strong></span> <span class='ocrx_word' id='word_1_62' title='bbox 724 1026 1148 1101; x_wconf 79' lang='grc' dir='ltr'>ἀπαυγάσματος</span> <span class='ocrx_word' id='word_1_63' title='bbox 1194 1031 1326 1101; x_wconf 86' lang='grc'>(74),</span> <span class='ocrx_word' id='word_1_64' title='bbox 1372 1028 1461 1083; x_wconf 77' lang='grc' dir='ltr'><strong>καὶ</strong></span> <span class='ocrx_word' id='word_1_65' title='bbox 1509 1028 1571 1082; x_wconf 86' lang='grc' dir='ltr'>τὸ</span> <span class='ocrx_word' id='word_1_66' title='bbox 1633 1026 1882 1104; x_wconf 78' lang='grc' dir='ltr'><strong>φωτίζειν</strong></span> 
     </span>
    </p>
   </div>
   <div class='ocr_carea' id='block_1_11' title="bbox 226 1112 1881 1193">
    <p class='ocr_par' dir='ltr' id='par_1_11' title="bbox 226 1112 1881 1193">
     <span class='ocr_line' id='line_1_11' title="bbox 226 1112 1881 1193; baseline 0 -24"><span class='ocrx_word' id='word_1_67' title='bbox 226 1119 327 1169; x_wconf 81' lang='grc' dir='ltr'><strong>τοῦ</strong></span> <span class='ocrx_word' id='word_1_68' title='bbox 356 1114 525 1185; x_wconf 74' lang='grc' dir='ltr'>ἡλίου</span> <span class='ocrx_word' id='word_1_69' title='bbox 558 1112 648 1170; x_wconf 70' lang='grc' dir='ltr'><strong>διὰ</strong></span> <span class='ocrx_word' id='word_1_70' title='bbox 670 1120 769 1170; x_wconf 88' lang='grc' dir='ltr'><strong>τοῦ</strong></span> <span class='ocrx_word' id='word_1_71' title='bbox 809 1116 1234 1191; x_wconf 82' lang='grc' dir='ltr'>ἀπαυγάσματος</span> <span class='ocrx_word' id='word_1_72' title='bbox 1286 1116 1509 1193; x_wconf 88' lang='grc' dir='ltr'>γίνεται.</span> <span class='ocrx_word' id='word_1_73' title='bbox 1561 1116 1718 1173; x_wconf 76' lang='grc' dir='ltr'>Οὕτω</span> <span class='ocrx_word' id='word_1_74' title='bbox 1755 1120 1881 1191; x_wconf 86' lang='grc' dir='ltr'>γοῦν</span> 
     </span>
    </p>
   </div>
   <div class='ocr_carea' id='block_1_12' title="bbox 226 1203 1882 1280">
    <p class='ocr_par' dir='ltr' id='par_1_12' title="bbox 226 1203 1882 1280">
     <span class='ocr_line' id='line_1_12' title="bbox 226 1203 1882 1280; baseline 0 -22"><span class='ocrx_word' id='word_1_75' title='bbox 226 1203 395 1259; x_wconf 72' lang='grc' dir='ltr'>πάλιν</span> <span class='ocrx_word' id='word_1_76' title='bbox 450 1203 819 1279; x_wconf 74' lang='grc' dir='ltr'><strong>ἐπευχόμενος</strong></span> <span class='ocrx_word' id='word_1_77' title='bbox 880 1204 1324 1261; x_wconf 85' lang='grc' dir='ltr'>Θεσσαλονικεῦσι</span> <span class='ocrx_word' id='word_1_78' title='bbox 1382 1205 1471 1261; x_wconf 81' lang='grc' dir='ltr'><strong>καὶ</strong></span> <span class='ocrx_word' id='word_1_79' title='bbox 1527 1204 1720 1280; x_wconf 63' lang='grc' dir='ltr'>λέγων</span> <span class='ocrx_word' id='word_1_80' title='bbox 1776 1204 1882 1258; x_wconf 80' lang='grc' dir='ltr'><strong>Αὐ-</strong></span> 
     </span>
    </p>
   </div>
   <div class='ocr_carea' id='block_1_13' title="bbox 227 1290 1886 1369">
    <p class='ocr_par' dir='ltr' id='par_1_13' title="bbox 227 1290 1886 1369">
     <span class='ocr_line' id='line_1_13' title="bbox 227 1290 1886 1369; baseline -0.001 -23"><span class='ocrx_word' id='word_1_81' title='bbox 227 1294 322 1354; x_wconf 81' lang='grc' dir='ltr'><strong>τὸς</strong></span> <span class='ocrx_word' id='word_1_82' title='bbox 377 1290 437 1347; x_wconf 72' lang='grc' dir='ltr'>δὲ</span> <span class='ocrx_word' id='word_1_83' title='bbox 515 1294 542 1346; x_wconf 89' lang='lat'><strong>6</strong></span> <span class='ocrx_word' id='word_1_84' title='bbox 597 1293 725 1355; x_wconf 81' lang='grc' dir='ltr'>Θεὸς</span> <span class='ocrx_word' id='word_1_85' title='bbox 798 1293 886 1347; x_wconf 87' lang='grc' dir='ltr'><strong>καὶ</strong></span> <span class='ocrx_word' id='word_1_86' title='bbox 965 1295 1150 1369; x_wconf 70' lang='grc' dir='ltr'>Πατὴρ</span> <span class='ocrx_word' id='word_1_87' title='bbox 1210 1297 1394 1367; x_wconf 78' lang='grc' dir='ltr'>ἡμῶν,</span> <span class='ocrx_word' id='word_1_88' title='bbox 1451 1294 1540 1348; x_wconf 88' lang='grc' dir='ltr'><strong>καὶ</strong></span> <span class='ocrx_word' id='word_1_89' title='bbox 1599 1294 1627 1346; x_wconf 88' lang='grc' dir='ltr'><strong>ὁ</strong></span> <span class='ocrx_word' id='word_1_90' title='bbox 1684 1293 1886 1367; x_wconf 76' lang='grc' dir='ltr'>Κύριος</span> 
     </span>
    </p>
   </div>
   <div class='ocr_carea' id='block_1_14' title="bbox 228 1380 1882 1456">
    <p class='ocr_par' dir='ltr' id='par_1_14' title="bbox 228 1380 1882 1456">
     <span class='ocr_line' id='line_1_14' title="bbox 228 1380 1882 1456; baseline -0.002 -18"><span class='ocrx_word' id='word_1_91' title='bbox 228 1384 442 1450; x_wconf 72' lang='grc' dir='ltr'>Ἰησοῦς</span> <span class='ocrx_word' id='word_1_92' title='bbox 501 1384 730 1456; x_wconf 79' lang='grc' dir='ltr'>Χριστὸς</span> <span class='ocrx_word' id='word_1_93' title='bbox 786 1385 895 1454; x_wconf 88' lang='grc'><strong>(75)</strong></span> <span class='ocrx_word' id='word_1_94' title='bbox 950 1383 1265 1438; x_wconf 71' lang='grc' dir='ltr'>κατευθύναι</span> <span class='ocrx_word' id='word_1_95' title='bbox 1341 1384 1439 1452; x_wconf 73' lang='grc' dir='ltr'>τὴν</span> <span class='ocrx_word' id='word_1_96' title='bbox 1522 1380 1644 1437; x_wconf 78' lang='grc' dir='ltr'>ὁδὸν</span> <span class='ocrx_word' id='word_1_97' title='bbox 1721 1385 1882 1454; x_wconf 79' lang='grc' dir='ltr'>ἡμῶν</span> 
     </span>
    </p>
   </div>
   <div class='ocr_carea' id='block_1_15' title="bbox 226 1470 1885 1547">
    <p class='ocr_par' dir='ltr' id='par_1_15' title="bbox 226 1470 1885 1547">
     <span class='ocr_line' id='line_1_15' title="bbox 226 1470 1885 1547; baseline -0.001 -22"><span class='ocrx_word' id='word_1_98' title='bbox 226 1472 365 1545; x_wconf 82' lang='grc' dir='ltr'>πρὸς</span> <span class='ocrx_word' id='word_1_99' title='bbox 410 1472 572 1545; x_wconf 73' lang='grc' dir='ltr'>ὑμᾶς,</span> <span class='ocrx_word' id='word_1_100' title='bbox 629 1472 729 1540; x_wconf 70' lang='grc' dir='ltr'>τὴν</span> <span class='ocrx_word' id='word_1_101' title='bbox 778 1470 1003 1542; x_wconf 71' lang='grc' dir='ltr'>ἑνότητα</span> <span class='ocrx_word' id='word_1_102' title='bbox 1043 1477 1142 1527; x_wconf 67' lang='grc' dir='ltr'><strong>τοῦ</strong></span> <span class='ocrx_word' id='word_1_103' title='bbox 1201 1473 1410 1547; x_wconf 86' lang='grc' dir='ltr'>Πατρὸς</span> <span class='ocrx_word' id='word_1_104' title='bbox 1470 1471 1557 1526; x_wconf 82' lang='grc' dir='ltr'><strong>καὶ</strong></span> <span class='ocrx_word' id='word_1_105' title='bbox 1607 1476 1704 1526; x_wconf 88' lang='grc' dir='ltr'><strong>τοῦ</strong></span> <span class='ocrx_word' id='word_1_106' title='bbox 1756 1473 1885 1525; x_wconf 79' lang='grc' dir='ltr'><strong>Υἱοῦ</strong></span> 
     </span>
    </p>
   </div>
   <div class='ocr_carea' id='block_1_16' title="bbox 225 1559 1884 1638">
    <p class='ocr_par' dir='ltr' id='par_1_16' title="bbox 225 1559 1884 1638">
     <span class='ocr_line' id='line_1_16' title="bbox 225 1559 1884 1638; baseline -0.001 -23"><span class='ocrx_word' id='word_1_107' title='bbox 225 1559 507 1638; x_wconf 70' lang='grc' dir='ltr'>ἐφύλαξεψ</span> <span class='ocrx_word' id='word_1_108' title='bbox 560 1559 623 1615; x_wconf 82' lang='grc' dir='ltr'>οὐ</span> <span class='ocrx_word' id='word_1_109' title='bbox 669 1561 771 1636; x_wconf 82' lang='grc' dir='ltr'><strong>γὰρ</strong></span> <span class='ocrx_word' id='word_1_110' title='bbox 821 1561 955 1631; x_wconf 79' lang='grc' dir='ltr'>εἶπε,</span> <span class='ocrx_word' id='word_1_111' title='bbox 1015 1561 1410 1629; x_wconf 73' lang='grc' dir='ltr'>κατευθύνοιεν,</span> <span class='ocrx_word' id='word_1_112' title='bbox 1461 1562 1536 1624; x_wconf 83' lang='grc' dir='ltr'>ὡς</span> <span class='ocrx_word' id='word_1_113' title='bbox 1593 1564 1739 1635; x_wconf 77' lang='grc' dir='ltr'>παρὰ</span> <span class='ocrx_word' id='word_1_114' title='bbox 1790 1559 1884 1614; x_wconf 77' lang='grc' dir='ltr'>δύο</span> 
     </span>
    </p>
   </div>
   <div class='ocr_carea' id='block_1_17' title="bbox 225 1648 1884 1727">
    <p class='ocr_par' dir='ltr' id='par_1_17' title="bbox 225 1648 1884 1727">
     <span class='ocr_line' id='line_1_17' title="bbox 225 1648 1884 1727; baseline 0.001 -23"><span class='ocrx_word' id='word_1_115' title='bbox 225 1648 550 1724; x_wconf 61' lang='grc' dir='ltr'>διδομένης,</span> <span class='ocrx_word' id='word_1_116' title='bbox 580 1652 725 1727; x_wconf 79' lang='grc' dir='ltr'>παρᾶ</span> <span class='ocrx_word' id='word_1_117' title='bbox 754 1650 948 1706; x_wconf 78' lang='grc' dir='ltr'>τούτου</span> <span class='ocrx_word' id='word_1_118' title='bbox 996 1651 1086 1706; x_wconf 81' lang='grc' dir='ltr'><strong>καὶ</strong></span> <span class='ocrx_word' id='word_1_119' title='bbox 1117 1650 1334 1723; x_wconf 77' lang='grc' dir='ltr'>τούτου,</span> <span class='ocrx_word' id='word_1_120' title='bbox 1385 1648 1586 1719; x_wconf 71' lang='grc' dir='ltr'>διπλῆς</span> <span class='ocrx_word' id='word_1_121' title='bbox 1633 1652 1884 1726; x_wconf 81' lang='grc' dir='ltr'>χάριτος,</span> 
     </span>
    </p>
   </div>
   <div class='ocr_carea' id='block_1_18' title="bbox 223 1736 1883 1815">
    <p class='ocr_par' dir='ltr' id='par_1_18' title="bbox 223 1736 1883 1815">
     <span class='ocr_line' id='line_1_18' title="bbox 223 1736 1883 1815; baseline 0.001 -22"><span class='ocrx_word' id='word_1_122' title='bbox 223 1737 396 1811; x_wconf 74' lang='grc' dir='ltr'>ἀλλὰ,</span> <span class='ocrx_word' id='word_1_123' title='bbox 445 1740 784 1811; x_wconf 80' lang='grc' dir='ltr'>κατευθύναι,</span> <span class='ocrx_word' id='word_1_124' title='bbox 835 1737 930 1795; x_wconf 70' lang='grc' dir='ltr'>’ίνα</span> <span class='ocrx_word' id='word_1_125' title='bbox 977 1736 1142 1814; x_wconf 75' lang='grc' dir='ltr'>δείξῃ,</span> <span class='ocrx_word' id='word_1_126' title='bbox 1192 1739 1274 1795; x_wconf 83' lang='grc' dir='ltr'><strong>ὅτι</strong></span> <span class='ocrx_word' id='word_1_127' title='bbox 1328 1741 1359 1795; x_wconf 86' lang='lat'><strong>6</strong></span> <span class='ocrx_word' id='word_1_128' title='bbox 1408 1740 1592 1815; x_wconf 80' lang='grc' dir='ltr'>Πατὴρ</span> <span class='ocrx_word' id='word_1_129' title='bbox 1637 1737 1706 1794; x_wconf 84' lang='grc' dir='ltr'>δι’</span> <span class='ocrx_word' id='word_1_130' title='bbox 1756 1741 1883 1795; x_wconf 76' lang='grc' dir='ltr'>ι’ἱοῦ</span> 
     </span>
    </p>
   </div>
   <div class='ocr_carea' id='block_1_19' title="bbox 224 1824 1883 1906">
    <p class='ocr_par' dir='ltr' id='par_1_19' title="bbox 224 1824 1883 1906">
     <span class='ocr_line' id='line_1_19' title="bbox 224 1824 1883 1906; baseline 0 -23"><span class='ocrx_word' id='word_1_131' title='bbox 224 1825 423 1883; x_wconf 83' lang='grc' dir='ltr'>δίδωσι</span> <span class='ocrx_word' id='word_1_132' title='bbox 451 1828 672 1899; x_wconf 70' lang='grc' dir='ltr'>ταύτην·</span> <span class='ocrx_word' id='word_1_133' title='bbox 723 1828 774 1899; x_wconf 78' lang='grc' dir='ltr'><strong>ἐξ</strong></span> <span class='ocrx_word' id='word_1_134' title='bbox 804 1830 878 1883; x_wconf 82' lang='grc' dir='ltr'>ὧν</span> <span class='ocrx_word' id='word_1_135' title='bbox 906 1829 1002 1885; x_wconf 72' lang='grc' dir='ltr'><strong>κᾶν</strong></span> <span class='ocrx_word' id='word_1_136' title='bbox 1037 1828 1285 1906; x_wconf 76' lang='grc' dir='ltr'>ἑρυθριᾷν</span> <span class='ocrx_word' id='word_1_137' title='bbox 1320 1830 1372 1883; x_wconf 77' lang='grc' dir='ltr'><strong>οἱ</strong></span> <span class='ocrx_word' id='word_1_138' title='bbox 1404 1824 1615 1891; x_wconf 78' lang='grc' dir='ltr'>ἀσεϐεῖς</span> <span class='ocrx_word' id='word_1_139' title='bbox 1648 1826 1883 1902; x_wconf 83' lang='grc' dir='ltr'>δυνάμε-</span> 
     </span>
    </p>
   </div>
   <div class='ocr_carea' id='block_1_20' title="bbox 224 1916 919 1993">
    <p class='ocr_par' dir='ltr' id='par_1_20' title="bbox 224 1916 919 1993">
     <span class='ocr_line' id='line_1_20' title="bbox 224 1916 919 1993; baseline 0.007 -23"><span class='ocrx_word' id='word_1_140' title='bbox 224 1937 337 1985; x_wconf 90' lang='grc' dir='ltr'>νοι,</span> <span class='ocrx_word' id='word_1_141' title='bbox 365 1916 430 1971; x_wconf 83' lang='grc' dir='ltr'>οὗ</span> <span class='ocrx_word' id='word_1_142' title='bbox 466 1916 761 1993; x_wconf 70' lang='grc' dir='ltr'>βούλονται</span> <span class='ocrx_word' id='word_1_143' title='bbox 784 1921 919 1989; x_wconf 89' lang='grc'><strong>(76).</strong></span> 
     </span>
    </p>
   </div>
   <div class='ocr_carea' id='block_1_21' title="bbox 301 2004 1877 2083">
    <p class='ocr_par' dir='ltr' id='par_1_21' title="bbox 301 2004 1877 2083">
     <span class='ocr_line' id='line_1_21' title="bbox 301 2004 1877 2083; baseline -0.001 -20"><span class='ocrx_word' id='word_1_144' title='bbox 301 2008 388 2063; x_wconf 87' lang='grc'>12.</span> <span class='ocrx_word' id='word_1_145' title='bbox 423 2006 491 2062; x_wconf 68' lang='lat' dir='ltr'><strong>Ei</strong></span> <span class='ocrx_word' id='word_1_146' title='bbox 517 2007 617 2083; x_wconf 79' lang='grc' dir='ltr'><strong>γὰρ</strong></span> <span class='ocrx_word' id='word_1_147' title='bbox 653 2008 729 2080; x_wconf 73' lang='grc' dir='ltr'>μὴ</span> <span class='ocrx_word' id='word_1_148' title='bbox 760 2009 824 2076; x_wconf 72' lang='grc' dir='ltr'>ἦν</span> <span class='ocrx_word' id='word_1_149' title='bbox 860 2007 1048 2077; x_wconf 73' lang='grc' dir='ltr'>ἑνότης</span> <span class='ocrx_word' id='word_1_150' title='bbox 1077 2007 1167 2062; x_wconf 80' lang='grc' dir='ltr'>καὶ</span> <span class='ocrx_word' id='word_1_151' title='bbox 1194 2004 1338 2061; x_wconf 76' lang='grc' dir='ltr'>’ίδιον</span> <span class='ocrx_word' id='word_1_152' title='bbox 1377 2013 1476 2077; x_wconf 83' lang='grc' dir='ltr'><strong>τῆς</strong></span> <span class='ocrx_word' id='word_1_153' title='bbox 1531 2006 1627 2061; x_wconf 84' lang='grc' dir='ltr'><strong>τοῦ</strong></span> <span class='ocrx_word' id='word_1_154' title='bbox 1668 2008 1877 2081; x_wconf 89' lang='grc' dir='ltr'>Πατρὸς</span> 
     </span>
    </p>
   </div>
   <div class='ocr_carea' id='block_1_22' title="bbox 238 2091 1878 2173">
    <p class='ocr_par' dir='ltr' id='par_1_22' title="bbox 238 2091 1878 2173">
     <span class='ocr_line' id='line_1_22' title="bbox 238 2091 1878 2173; baseline 0.001 -25"><span class='ocrx_word' id='word_1_155' title='bbox 238 2093 427 2156; x_wconf 74' lang='grc' dir='ltr'>οὐσίας</span> <span class='ocrx_word' id='word_1_156' title='bbox 455 2093 702 2169; x_wconf 73' lang='grc' dir='ltr'>γέννημα</span> <span class='ocrx_word' id='word_1_157' title='bbox 730 2096 758 2150; x_wconf 94' lang='lat'><strong>6</strong></span> <span class='ocrx_word' id='word_1_158' title='bbox 789 2091 985 2171; x_wconf 76' lang='grc' dir='ltr'>Λόγος,</span> <span class='ocrx_word' id='word_1_159' title='bbox 1033 2096 1106 2157; x_wconf 86' lang='grc' dir='ltr'>ὡς</span> <span class='ocrx_word' id='word_1_160' title='bbox 1138 2096 1201 2150; x_wconf 88' lang='grc' dir='ltr'>τὸ</span> <span class='ocrx_word' id='word_1_161' title='bbox 1251 2094 1578 2170; x_wconf 76' lang='grc' dir='ltr'>ἀπαύγασμα</span> <span class='ocrx_word' id='word_1_162' title='bbox 1623 2100 1718 2150; x_wconf 85' lang='grc' dir='ltr'><strong>τοῦ</strong></span> <span class='ocrx_word' id='word_1_163' title='bbox 1764 2116 1878 2173; x_wconf 87' lang='grc' dir='ltr'>φω-</span> 
     </span>
    </p>
   </div>
   <div class='ocr_carea' id='block_1_23' title="bbox 224 2180 1879 2261">
    <p class='ocr_par' dir='ltr' id='par_1_23' title="bbox 224 2180 1879 2261">
     <span class='ocr_line' id='line_1_23' title="bbox 224 2180 1879 2261; baseline 0 -23"><span class='ocrx_word' id='word_1_164' title='bbox 224 2183 348 2252; x_wconf 83' lang='grc' dir='ltr'>τὸς,</span> <span class='ocrx_word' id='word_1_165' title='bbox 379 2181 529 2238; x_wconf 77' lang='grc' dir='ltr'><strong>ἀλλᾶ</strong></span> <span class='ocrx_word' id='word_1_166' title='bbox 567 2180 858 2255; x_wconf 73' lang='grc' dir='ltr'>διειστήκει</span> <span class='ocrx_word' id='word_1_167' title='bbox 889 2188 957 2258; x_wconf 77' lang='grc' dir='ltr'><strong>τῇ</strong></span> <span class='ocrx_word' id='word_1_168' title='bbox 989 2183 1141 2261; x_wconf 82' lang='grc' dir='ltr'>φύσει</span> <span class='ocrx_word' id='word_1_169' title='bbox 1176 2186 1203 2239; x_wconf 91' lang='lat'><strong>6</strong></span> <span class='ocrx_word' id='word_1_170' title='bbox 1236 2185 1358 2246; x_wconf 69' lang='grc' dir='ltr'><strong>Υἱὸς</strong></span> <span class='ocrx_word' id='word_1_171' title='bbox 1387 2188 1484 2238; x_wconf 90' lang='grc' dir='ltr'><strong>τοῦ</strong></span> <span class='ocrx_word' id='word_1_172' title='bbox 1516 2183 1725 2259; x_wconf 85' lang='grc' dir='ltr'>Πατρός</span> <span class='ocrx_word' id='word_1_173' title='bbox 1749 2186 1879 2258; x_wconf 86' lang='grc'>(77)·</span> 
     </span>
    </p>
   </div>
   <div class='ocr_carea' id='block_1_24' title="bbox 222 2269 1875 2350">
    <p class='ocr_par' dir='ltr' id='par_1_24' title="bbox 222 2269 1875 2350">
     <span class='ocr_line' id='line_1_24' title="bbox 222 2269 1875 2350; baseline 0.001 -23"><span class='ocrx_word' id='word_1_174' title='bbox 222 2269 388 2345; x_wconf 77' lang='grc' dir='ltr'>ἤρκει</span> <span class='ocrx_word' id='word_1_175' title='bbox 418 2274 509 2328; x_wconf 87' lang='grc' dir='ltr'>τὸν</span> <span class='ocrx_word' id='word_1_176' title='bbox 543 2274 753 2349; x_wconf 77' lang='grc' dir='ltr'>Πατέρα</span> <span class='ocrx_word' id='word_1_177' title='bbox 783 2272 967 2328; x_wconf 80' lang='grc' dir='ltr'>δοῦναι</span> <span class='ocrx_word' id='word_1_178' title='bbox 1003 2273 1190 2347; x_wconf 83' lang='grc' dir='ltr'>μόνον,</span> <span class='ocrx_word' id='word_1_179' title='bbox 1231 2271 1453 2336; x_wconf 76' lang='grc' dir='ltr'>οὐδενὸς</span> <span class='ocrx_word' id='word_1_180' title='bbox 1481 2278 1587 2329; x_wconf 89' lang='grc' dir='ltr'><strong>τῶν</strong></span> <span class='ocrx_word' id='word_1_181' title='bbox 1636 2280 1875 2350; x_wconf 80' lang='grc' dir='ltr'>γενητῶν</span> 
     </span>
    </p>
   </div>
   <div class='ocr_carea' id='block_1_25' title="bbox 219 2360 1880 2436">
    <p class='ocr_par' dir='ltr' id='par_1_25' title="bbox 219 2360 1880 2436">
     <span class='ocr_line' id='line_1_25' title="bbox 219 2360 1880 2436; baseline 0.002 -21"><span class='ocrx_word' id='word_1_182' title='bbox 219 2360 712 2424; x_wconf 84' lang='grc' dir='ltr'>ἐπικοινωνοῦντος</span> <span class='ocrx_word' id='word_1_183' title='bbox 763 2364 899 2436; x_wconf 91' lang='grc' dir='ltr'>πρὸς</span> <span class='ocrx_word' id='word_1_184' title='bbox 947 2364 1039 2417; x_wconf 86' lang='grc' dir='ltr'><strong>τὸν</strong></span> <span class='ocrx_word' id='word_1_185' title='bbox 1083 2362 1423 2433; x_wconf 85' lang='grc' dir='ltr'>πεποιηκότα</span> <span class='ocrx_word' id='word_1_186' title='bbox 1457 2362 1508 2417; x_wconf 79' lang='grc' dir='ltr'>ἐν</span> <span class='ocrx_word' id='word_1_187' title='bbox 1547 2368 1664 2425; x_wconf 84' lang='grc' dir='ltr'>τοῖς</span> <span class='ocrx_word' id='word_1_188' title='bbox 1727 2361 1880 2418; x_wconf 85' lang='grc' dir='ltr'>διδο-</span> 
     </span>
    </p>
   </div>
   <div class='ocr_carea' id='block_1_26' title="bbox 221 2448 1879 2523">
    <p class='ocr_par' dir='ltr' id='par_1_26' title="bbox 221 2448 1879 2523">
     <span class='ocr_line' id='line_1_26' title="bbox 221 2448 1879 2523; baseline 0.002 -19"><span class='ocrx_word' id='word_1_189' title='bbox 221 2450 436 2521; x_wconf 51' lang='grc' dir='ltr'>μένοις</span> <span class='ocrx_word' id='word_1_190' title='bbox 468 2454 559 2504; x_wconf 89' lang='grc' dir='ltr'><strong>νῦν</strong></span> <span class='ocrx_word' id='word_1_191' title='bbox 589 2448 646 2505; x_wconf 71' lang='grc' dir='ltr'>δὲ</span> <span class='ocrx_word' id='word_1_192' title='bbox 677 2454 710 2520; x_wconf 81' lang='grc' dir='ltr'>ἡ</span> <span class='ocrx_word' id='word_1_193' title='bbox 742 2452 966 2522; x_wconf 76' lang='grc' dir='ltr'>τοιαύτη</span> <span class='ocrx_word' id='word_1_194' title='bbox 1000 2454 1110 2523; x_wconf 83' lang='grc'>(78)</span> <span class='ocrx_word' id='word_1_195' title='bbox 1154 2450 1301 2514; x_wconf 72' lang='grc' dir='ltr'>δόσις</span> <span class='ocrx_word' id='word_1_196' title='bbox 1350 2450 1573 2506; x_wconf 86' lang='grc' dir='ltr'>δείκνυσι</span> <span class='ocrx_word' id='word_1_197' title='bbox 1619 2453 1718 2521; x_wconf 73' lang='grc' dir='ltr'>τὴν</span> <span class='ocrx_word' id='word_1_198' title='bbox 1768 2453 1879 2507; x_wconf 72' lang='grc' dir='ltr'>ἑνό-</span> 
     </span>
    </p>
   </div>
   <div class='ocr_carea' id='block_1_27' title="bbox 214 2540 1877 2617">
    <p class='ocr_par' dir='ltr' id='par_1_27' title="bbox 214 2540 1877 2617">
     <span class='ocr_line' id='line_1_27' title="bbox 214 2540 1877 2617; baseline 0.001 -23"><span class='ocrx_word' id='word_1_199' title='bbox 214 2560 361 2609; x_wconf 85' lang='grc' dir='ltr'>τητα</span> <span class='ocrx_word' id='word_1_200' title='bbox 388 2544 487 2593; x_wconf 88' lang='grc' dir='ltr'><strong>τοῦ</strong></span> <span class='ocrx_word' id='word_1_201' title='bbox 541 2542 747 2614; x_wconf 83' lang='grc' dir='ltr'>Πατρὸς</span> <span class='ocrx_word' id='word_1_202' title='bbox 790 2540 879 2595; x_wconf 80' lang='grc' dir='ltr'><strong>καὶ</strong></span> <span class='ocrx_word' id='word_1_203' title='bbox 931 2545 1028 2595; x_wconf 89' lang='grc' dir='ltr'><strong>τοῦ</strong></span> <span class='ocrx_word' id='word_1_204' title='bbox 1082 2541 1229 2600; x_wconf 70' lang='grc' dir='ltr'>Υἱοῦ.</span> <span class='ocrx_word' id='word_1_205' title='bbox 1280 2542 1394 2598; x_wconf 71' lang='grc' dir='ltr'><strong>Οὔκ</strong></span> <span class='ocrx_word' id='word_1_206' title='bbox 1424 2540 1484 2595; x_wconf 83' lang='grc' dir='ltr'><strong>ἂν</strong></span> <span class='ocrx_word' id='word_1_207' title='bbox 1514 2546 1641 2617; x_wconf 89' lang='grc' dir='ltr'>γοῦν</span> <span class='ocrx_word' id='word_1_208' title='bbox 1672 2540 1877 2612; x_wconf 72' lang='grc' dir='ltr'>εὕξαιτό</span> 
     </span>
    </p>
   </div>
   <div class='ocr_carea' id='block_1_28' title="bbox 215 2622 1876 2706">
    <p class='ocr_par' dir='ltr' id='par_1_28' title="bbox 215 2622 1876 2706">
     <span class='ocr_line' id='line_1_28' title="bbox 215 2622 1876 2706; baseline 0.001 -23"><span class='ocrx_word' id='word_1_209' title='bbox 215 2649 303 2689; x_wconf 86' lang='grc' dir='ltr'><strong>τις</strong></span> <span class='ocrx_word' id='word_1_210' title='bbox 334 2622 525 2684; x_wconf 71' lang='grc' dir='ltr'>λαϐεῖν</span> <span class='ocrx_word' id='word_1_211' title='bbox 575 2631 721 2703; x_wconf 79' lang='grc' dir='ltr'>παρὰ</span> <span class='ocrx_word' id='word_1_212' title='bbox 767 2634 863 2683; x_wconf 90' lang='grc' dir='ltr'><strong>τοῦ</strong></span> <span class='ocrx_word' id='word_1_213' title='bbox 914 2634 1047 2685; x_wconf 90' lang='grc' dir='ltr'>Θεοῦ</span> <span class='ocrx_word' id='word_1_214' title='bbox 1095 2633 1206 2702; x_wconf 89' lang='grc'><strong>(79)</strong></span> <span class='ocrx_word' id='word_1_215' title='bbox 1248 2629 1338 2684; x_wconf 83' lang='grc' dir='ltr'><strong>καὶ</strong></span> <span class='ocrx_word' id='word_1_216' title='bbox 1382 2635 1489 2685; x_wconf 90' lang='grc' dir='ltr'><strong>τῶν</strong></span> <span class='ocrx_word' id='word_1_217' title='bbox 1518 2629 1788 2706; x_wconf 68' lang='grc' dir='ltr'>ἀγγέλων,</span> <span class='ocrx_word' id='word_1_218' title='bbox 1842 2631 1876 2700; x_wconf 73' lang='grc' dir='ltr'><strong>ἢ</strong></span> 
     </span>
    </p>
   </div>
   <div class='ocr_carea' id='block_1_29' title="bbox 222 2716 1877 2792">
    <p class='ocr_par' dir='ltr' id='par_1_29' title="bbox 222 2716 1877 2792">
     <span class='ocr_line' id='line_1_29' title="bbox 222 2716 1877 2792; baseline 0.001 -21"><span class='ocrx_word' id='word_1_219' title='bbox 222 2716 372 2792; x_wconf 83' lang='grc' dir='ltr'>παρά</span> <span class='ocrx_word' id='word_1_220' title='bbox 401 2739 550 2780; x_wconf 90' lang='grc' dir='ltr'>τινος</span> <span class='ocrx_word' id='word_1_221' title='bbox 580 2723 688 2773; x_wconf 91' lang='grc' dir='ltr'><strong>τῶν</strong></span> <span class='ocrx_word' id='word_1_222' title='bbox 719 2716 904 2773; x_wconf 80' lang='grc' dir='ltr'>ἄλλων</span> <span class='ocrx_word' id='word_1_223' title='bbox 933 2720 1269 2791; x_wconf 77' lang='grc' dir='ltr'>κτισμάτων,</span> <span class='ocrx_word' id='word_1_224' title='bbox 1304 2716 1417 2774; x_wconf 81' lang='grc' dir='ltr'>οὐδ’</span> <span class='ocrx_word' id='word_1_225' title='bbox 1469 2720 1528 2772; x_wconf 82' lang='grc' dir='ltr'>ἂν</span> <span class='ocrx_word' id='word_1_226' title='bbox 1585 2717 1727 2774; x_wconf 80' lang='grc' dir='ltr'>εἷ’ποι</span> <span class='ocrx_word' id='word_1_227' title='bbox 1771 2742 1877 2790; x_wconf 89' lang='grc' dir='ltr'>τις,</span> 
     </span>
    </p>
   </div>
   <div class='ocr_carea' id='block_1_30' title="bbox 222 2806 1874 2884">
    <p class='ocr_par' dir='ltr' id='par_1_30' title="bbox 222 2806 1874 2884">
     <span class='ocr_line' id='line_1_30' title="bbox 222 2806 1874 2884; baseline 0.001 -22"><span class='ocrx_word' id='word_1_228' title='bbox 222 2808 349 2880; x_wconf 79' lang='grc' dir='ltr'>Δῴη</span> <span class='ocrx_word' id='word_1_229' title='bbox 386 2828 472 2861; x_wconf 85' lang='grc' dir='ltr'><strong>σοι</strong></span> <span class='ocrx_word' id='word_1_230' title='bbox 524 2809 552 2862; x_wconf 91' lang='grc' dir='ltr'>ὁ</span> <span class='ocrx_word' id='word_1_231' title='bbox 601 2807 729 2870; x_wconf 85' lang='grc' dir='ltr'>Θεὸς</span> <span class='ocrx_word' id='word_1_232' title='bbox 778 2809 868 2862; x_wconf 89' lang='grc' dir='ltr'><strong>καὶ</strong></span> <span class='ocrx_word' id='word_1_233' title='bbox 918 2810 945 2862; x_wconf 91' lang='lat'><strong>6</strong></span> <span class='ocrx_word' id='word_1_234' title='bbox 988 2807 1215 2884; x_wconf 76' lang='grc' dir='ltr'>ἅγγελος</span> <span class='ocrx_word' id='word_1_235' title='bbox 1247 2811 1380 2882; x_wconf 88' lang='grc'>(80),</span> <span class='ocrx_word' id='word_1_236' title='bbox 1416 2806 1560 2863; x_wconf 81' lang='grc' dir='ltr'>ἀλλὰ</span> <span class='ocrx_word' id='word_1_237' title='bbox 1590 2810 1735 2883; x_wconf 80' lang='grc' dir='ltr'><strong>πορᾶ</strong></span> <span class='ocrx_word' id='word_1_238' title='bbox 1768 2816 1874 2863; x_wconf 84' lang='grc' dir='ltr'>Πα-</span> 
     </span>
    </p>
   </div>
   <div class='ocr_carea' id='block_1_31' title="bbox 218 2894 1872 2972">
    <p class='ocr_par' dir='ltr' id='par_1_31' title="bbox 218 2894 1872 2972">
     <span class='ocr_line' id='line_1_31' title="bbox 218 2894 1872 2972; baseline 0.001 -20"><span class='ocrx_word' id='word_1_239' title='bbox 218 2896 350 2972; x_wconf 78' lang='grc' dir='ltr'>τρὸς</span> <span class='ocrx_word' id='word_1_240' title='bbox 408 2896 499 2950; x_wconf 87' lang='grc' dir='ltr'><strong>καὶ</strong></span> <span class='ocrx_word' id='word_1_241' title='bbox 544 2901 641 2951; x_wconf 89' lang='grc' dir='ltr'><strong>τοῦ</strong></span> <span class='ocrx_word' id='word_1_242' title='bbox 690 2897 817 2951; x_wconf 71' lang='grc' dir='ltr'>Υἱοῦ</span> <span class='ocrx_word' id='word_1_243' title='bbox 863 2894 950 2951; x_wconf 79' lang='grc' dir='ltr'><strong>διὰ</strong></span> <span class='ocrx_word' id='word_1_244' title='bbox 993 2898 1094 2966; x_wconf 72' lang='grc' dir='ltr'>τὴν</span> <span class='ocrx_word' id='word_1_245' title='bbox 1144 2897 1371 2967; x_wconf 74' lang='grc' dir='ltr'>ἑνότητα</span> <span class='ocrx_word' id='word_1_246' title='bbox 1417 2898 1506 2951; x_wconf 79' lang='grc' dir='ltr'><strong>καὶ</strong></span> <span class='ocrx_word' id='word_1_247' title='bbox 1536 2898 1633 2966; x_wconf 79' lang='grc' dir='ltr'>τὴν</span> <span class='ocrx_word' id='word_1_248' title='bbox 1663 2896 1872 2969; x_wconf 75' lang='grc' dir='ltr'>ἒνοειδῆ</span> 
     </span>
    </p>
   </div>
   <div class='ocr_carea' id='block_1_32' title="bbox 224 2983 1874 3061">
    <p class='ocr_par' dir='ltr' id='par_1_32' title="bbox 224 2983 1874 3061">
     <span class='ocr_line' id='line_1_32' title="bbox 224 2983 1874 3061; baseline 0.002 -21"><span class='ocrx_word' id='word_1_249' title='bbox 224 2983 399 3041; x_wconf 85' lang='grc' dir='ltr'>δόσιν.</span> <span class='ocrx_word' id='word_1_250' title='bbox 436 2986 534 3039; x_wconf 77' lang='grc' dir='ltr'>Διά</span> <span class='ocrx_word' id='word_1_251' title='bbox 586 2986 688 3061; x_wconf 74' lang='grc' dir='ltr'><strong>γὰρ</strong></span> <span class='ocrx_word' id='word_1_252' title='bbox 735 2984 832 3040; x_wconf 77' lang='grc' dir='ltr'><strong>τοῦ</strong></span> <span class='ocrx_word' id='word_1_253' title='bbox 881 2987 1007 3040; x_wconf 78' lang='grc' dir='ltr'>Υίοῦ</span> <span class='ocrx_word' id='word_1_254' title='bbox 1058 2983 1266 3041; x_wconf 79' lang='grc' dir='ltr'>δίδοται</span> <span class='ocrx_word' id='word_1_255' title='bbox 1312 2987 1380 3040; x_wconf 77' lang='grc' dir='ltr'><strong>τὰ</strong></span> <span class='ocrx_word' id='word_1_256' title='bbox 1410 2983 1688 3059; x_wconf 85' lang='grc' dir='ltr'>διδόμενα’</span> <span class='ocrx_word' id='word_1_257' title='bbox 1724 2986 1874 3043; x_wconf 75' lang='grc' dir='ltr'>οὐδὲν</span> 
     </span>
    </p>
   </div>
   <div class='ocr_carea' id='block_1_33' title="bbox 225 3071 1877 3155">
    <p class='ocr_par' dir='ltr' id='par_1_33' title="bbox 225 3071 1877 3155">
     <span class='ocr_line' id='line_1_33' title="bbox 225 3071 1877 3155; baseline 0.003 -28"><span class='ocrx_word' id='word_1_258' title='bbox 225 3071 285 3128; x_wconf 63' lang='grc' dir='ltr'>δὲ</span> <span class='ocrx_word' id='word_1_259' title='bbox 331 3074 500 3147; x_wconf 74' lang='grc' dir='ltr'>ἐστιν,</span> <span class='ocrx_word' id='word_1_260' title='bbox 550 3074 579 3128; x_wconf 79' lang='grc' dir='ltr'><strong>’ὀ</strong></span> <span class='ocrx_word' id='word_1_261' title='bbox 629 3076 705 3147; x_wconf 85' lang='grc' dir='ltr'>μή</span> <span class='ocrx_word' id='word_1_262' title='bbox 756 3072 824 3129; x_wconf 88' lang='grc' dir='ltr'>δι’</span> <span class='ocrx_word' id='word_1_263' title='bbox 870 3076 997 3129; x_wconf 79' lang='grc' dir='ltr'>Υἱοῦ</span> <span class='ocrx_word' id='word_1_264' title='bbox 1043 3074 1242 3151; x_wconf 76' lang='grc' dir='ltr'>ἐνεργεῖ</span> <span class='ocrx_word' id='word_1_265' title='bbox 1284 3076 1312 3130; x_wconf 85' lang='grc' dir='ltr'>ὁ</span> <span class='ocrx_word' id='word_1_266' title='bbox 1346 3078 1552 3150; x_wconf 70' lang='grc' dir='ltr'>Πατήρ·</span> <span class='ocrx_word' id='word_1_267' title='bbox 1584 3075 1726 3131; x_wconf 79' lang='grc' dir='ltr'>οὕτω</span> <span class='ocrx_word' id='word_1_268' title='bbox 1773 3080 1877 3155; x_wconf 83' lang='grc' dir='ltr'><strong>γὰρ</strong></span> 
     </span>
    </p>
   </div>
   <div class='ocr_carea' id='block_1_34' title="bbox 220 3158 1877 3242">
    <p class='ocr_par' dir='ltr' id='par_1_34' title="bbox 220 3158 1877 3242">
     <span class='ocr_line' id='line_1_34' title="bbox 220 3158 1877 3242; baseline 0 -24"><span class='ocrx_word' id='word_1_269' title='bbox 220 3161 311 3218; x_wconf 78' lang='grc' dir='ltr'><strong>καὶ</strong></span> <span class='ocrx_word' id='word_1_270' title='bbox 347 3163 377 3217; x_wconf 89' lang='lat'><strong>6</strong></span> <span class='ocrx_word' id='word_1_271' title='bbox 410 3158 598 3217; x_wconf 75' lang='grc' dir='ltr'>λαϐὼν</span> <span class='ocrx_word' id='word_1_272' title='bbox 647 3162 862 3242; x_wconf 81' lang='grc' dir='ltr'>ἀσφαλῆ</span> <span class='ocrx_word' id='word_1_273' title='bbox 912 3166 1010 3233; x_wconf 79' lang='grc' dir='ltr'><strong>τήν</strong></span> <span class='ocrx_word' id='word_1_274' title='bbox 1066 3166 1228 3240; x_wconf 82' lang='grc' dir='ltr'>χάριν</span> <span class='ocrx_word' id='word_1_275' title='bbox 1273 3162 1409 3239; x_wconf 81' lang='grc' dir='ltr'>ἔχει.</span> <span class='ocrx_word' id='word_1_276' title='bbox 1443 3164 1505 3220; x_wconf 73' lang='grc' dir='ltr'><strong>Εἰ</strong></span> <span class='ocrx_word' id='word_1_277' title='bbox 1538 3161 1596 3219; x_wconf 74' lang='grc' dir='ltr'>δὲ</span> <span class='ocrx_word' id='word_1_278' title='bbox 1623 3164 1650 3218; x_wconf 92' lang='lat'><strong>6</strong></span> <span class='ocrx_word' id='word_1_279' title='bbox 1680 3185 1877 3242; x_wconf 80' lang='grc' dir='ltr'>πατρι-</span> 
     </span>
    </p>
   </div>
   <div class='ocr_carea' id='block_1_35' title="bbox 222 3247 1873 3331">
    <p class='ocr_par' dir='ltr' id='par_1_35' title="bbox 222 3247 1873 3331">
     <span class='ocr_line' id='line_1_35' title="bbox 222 3247 1873 3331; baseline 0.002 -26"><span class='ocrx_word' id='word_1_280' title='bbox 222 3252 407 3327; x_wconf 79' lang='grc' dir='ltr'>άρχης</span> <span class='ocrx_word' id='word_1_281' title='bbox 466 3247 696 3322; x_wconf 77' lang='grc' dir='ltr'>Ἰακὼϐ,</span> <span class='ocrx_word' id='word_1_282' title='bbox 747 3250 985 3328; x_wconf 80' lang='grc' dir='ltr'>εὐλογῶν</span> <span class='ocrx_word' id='word_1_283' title='bbox 1028 3251 1156 3314; x_wconf 79' lang='grc' dir='ltr'>τοὺς</span> <span class='ocrx_word' id='word_1_284' title='bbox 1208 3251 1467 3327; x_wconf 80' lang='grc' dir='ltr'>ἐγγόνους</span> <span class='ocrx_word' id='word_1_285' title='bbox 1522 3254 1731 3331; x_wconf 67' lang='grc' dir='ltr'><strong>Ἐφαῖμ</strong></span> <span class='ocrx_word' id='word_1_286' title='bbox 1784 3254 1873 3309; x_wconf 83' lang='grc' dir='ltr'><strong>καὶ</strong></span> 
     </span>
    </p>
   </div>
   <div class='ocr_carea' id='block_1_36' title="bbox 1999 669 3647 741">
    <p class='ocr_par' dir='ltr' id='par_1_36' title="bbox 1999 669 3647 741">
     <span class='ocr_line' id='line_1_36' title="bbox 1999 669 3647 741; baseline 0.002 -18"><span class='ocrx_word' id='word_1_287' title='bbox 1999 669 2082 725; x_wconf 89' lang='lat' dir='ltr'><strong>ita</strong></span> <span class='ocrx_word' id='word_1_288' title='bbox 2110 670 2353 725; x_wconf 81' lang='lat' dir='ltr'><strong>scribit:</strong></span> <span class='ocrx_word' id='word_1_289' title='bbox 2404 671 2596 726; x_wconf 78' lang='lat' dir='ltr'><strong>Gratia</strong></span> <span class='ocrx_word' id='word_1_290' title='bbox 2629 671 2779 726; x_wconf 78' lang='lat' dir='ltr'><strong>vobis</strong></span> <span class='ocrx_word' id='word_1_291' title='bbox 2826 674 2876 726; x_wconf 87' lang='lat' dir='ltr'><strong>et</strong></span> <span class='ocrx_word' id='word_1_292' title='bbox 2906 689 3020 741; x_wconf 59' lang='lat' dir='ltr'><strong>pax:</strong></span> <span class='ocrx_word' id='word_1_293' title='bbox 3066 687 3101 725; x_wconf 82' lang='grc' dir='ltr'><strong>α</strong></span> <span class='ocrx_word' id='word_1_294' title='bbox 3137 672 3242 725; x_wconf 87' lang='lat' dir='ltr'><strong>Deo</strong></span> <span class='ocrx_word' id='word_1_295' title='bbox 3277 675 3437 726; x_wconf 76' lang='lat' dir='ltr'><strong>Patre</strong></span> <span class='ocrx_word' id='word_1_296' title='bbox 3466 675 3647 727; x_wconf 83' lang='lat' dir='ltr'><strong>nostra</strong></span> 
     </span>
    </p>
   </div>
   <div class='ocr_carea' id='block_1_37' title="bbox 1997 759 3648 831">
    <p class='ocr_par' dir='ltr' id='par_1_37' title="bbox 1997 759 3648 831">
     <span class='ocr_line' id='line_1_37' title="bbox 1997 759 3648 831; baseline 0 -18"><span class='ocrx_word' id='word_1_297' title='bbox 1997 762 2048 813; x_wconf 79' lang='lat' dir='ltr'><strong>et</strong></span> <span class='ocrx_word' id='word_1_298' title='bbox 2076 761 2311 815; x_wconf 83' lang='lat' dir='ltr'><strong>Domino</strong></span> <span class='ocrx_word' id='word_1_299' title='bbox 2338 762 2464 816; x_wconf 74' lang='lat' dir='ltr'><strong>Iesu</strong></span> <span class='ocrx_word' id='word_1_300' title='bbox 2505 760 2725 817; x_wconf 73' lang='lat' dir='ltr'><strong>Christo</strong></span> <span class='ocrx_word' id='word_1_301' title='bbox 2752 762 2816 814; x_wconf 74' lang='grc'><strong>⁷⁵.</strong></span> <span class='ocrx_word' id='word_1_302' title='bbox 2862 760 2986 815; x_wconf 90' lang='lat' dir='ltr'><strong>Una</strong></span> <span class='ocrx_word' id='word_1_303' title='bbox 3015 759 3172 815; x_wconf 87' lang='lat' dir='ltr'><strong>enim</strong></span> <span class='ocrx_word' id='word_1_304' title='bbox 3205 759 3528 831; x_wconf 88' lang='lat' dir='ltr'><strong>eademque</strong></span> <span class='ocrx_word' id='word_1_305' title='bbox 3556 764 3648 814; x_wconf 88' lang='lat' dir='ltr'><strong>est</strong></span> 
     </span>
    </p>
   </div>
   <div class='ocr_carea' id='block_1_38' title="bbox 1995 848 3641 921">
    <p class='ocr_par' dir='ltr' id='par_1_38' title="bbox 1995 848 3641 921">
     <span class='ocr_line' id='line_1_38' title="bbox 1995 848 3641 921; baseline 0.001 -19"><span class='ocrx_word' id='word_1_306' title='bbox 1995 849 2183 919; x_wconf 89' lang='lat' dir='ltr'><strong>gratia</strong></span> <span class='ocrx_word' id='word_1_307' title='bbox 2213 866 2342 921; x_wconf 68' lang='lat' dir='ltr'><strong>quae</strong></span> <span class='ocrx_word' id='word_1_308' title='bbox 2376 868 2409 904; x_wconf 88' lang='lat' dir='ltr'><strong>a</strong></span> <span class='ocrx_word' id='word_1_309' title='bbox 2460 849 2624 905; x_wconf 90' lang='lat' dir='ltr'><strong>Patre</strong></span> <span class='ocrx_word' id='word_1_310' title='bbox 2656 850 2710 904; x_wconf 93' lang='lat' dir='ltr'><strong>in</strong></span> <span class='ocrx_word' id='word_1_311' title='bbox 2747 849 2889 905; x_wconf 88' lang='lat' dir='ltr'><strong>Filio</strong></span> <span class='ocrx_word' id='word_1_312' title='bbox 2920 850 3112 916; x_wconf 87' lang='lat' dir='ltr'><strong>datur,</strong></span> <span class='ocrx_word' id='word_1_313' title='bbox 3143 848 3641 921; x_wconf 83' lang='lat' dir='ltr'><strong>quemadmodum</strong></span> 
     </span>
    </p>
   </div>
   <div class='ocr_carea' id='block_1_39' title="bbox 1998 936 3648 1010">
    <p class='ocr_par' dir='ltr' id='par_1_39' title="bbox 1998 936 3648 1010">
     <span class='ocr_line' id='line_1_39' title="bbox 1998 936 3648 1010; baseline 0 -19"><span class='ocrx_word' id='word_1_314' title='bbox 1998 953 2118 992; x_wconf 89' lang='lat' dir='ltr'><strong>una</strong></span> <span class='ocrx_word' id='word_1_315' title='bbox 2170 942 2259 992; x_wconf 88' lang='lat' dir='ltr'><strong>est</strong></span> <span class='ocrx_word' id='word_1_316' title='bbox 2288 937 2386 992; x_wconf 84' lang='lat' dir='ltr'><strong>lux</strong></span> <span class='ocrx_word' id='word_1_317' title='bbox 2417 937 2557 993; x_wconf 89' lang='lat' dir='ltr'><strong>solis</strong></span> <span class='ocrx_word' id='word_1_318' title='bbox 2588 944 2645 994; x_wconf 82' lang='lat' dir='ltr'><strong>et</strong></span> <span class='ocrx_word' id='word_1_319' title='bbox 2675 937 3025 1010; x_wconf 80' lang='lat' dir='ltr'><strong>splendoris,</strong></span> <span class='ocrx_word' id='word_1_320' title='bbox 3058 944 3113 993; x_wconf 86' lang='lat' dir='ltr'><strong>et</strong></span> <span class='ocrx_word' id='word_1_321' title='bbox 3163 936 3248 992; x_wconf 90' lang='lat' dir='ltr'><strong>sol</strong></span> <span class='ocrx_word' id='word_1_322' title='bbox 3280 936 3513 992; x_wconf 88' lang='lat' dir='ltr'><strong>nonnisi</strong></span> <span class='ocrx_word' id='word_1_323' title='bbox 3545 953 3648 1009; x_wconf 91' lang='lat' dir='ltr'><strong>per</strong></span> 
     </span>
    </p>
   </div>
   <div class='ocr_carea' id='block_1_40' title="bbox 1998 1026 3671 1083">
    <p class='ocr_par' dir='ltr' id='par_1_40' title="bbox 1998 1026 3671 1083">
     <span class='ocr_line' id='line_1_40' title="bbox 1998 1026 3671 1083; baseline -0.003 -2"><span class='ocrx_word' id='word_1_324' title='bbox 1998 1042 2166 1082; x_wconf 90' lang='lat' dir='ltr'><strong>suam</strong></span> <span class='ocrx_word' id='word_1_325' title='bbox 2195 1026 2381 1082; x_wconf 88' lang='lat' dir='ltr'><strong>lucem</strong></span> <span class='ocrx_word' id='word_1_326' title='bbox 2410 1027 2723 1083; x_wconf 72' lang='lat' dir='ltr'><strong>illuminat.</strong></span> <span class='ocrx_word' id='word_1_327' title='bbox 2748 1028 2990 1082; x_wconf 89' lang='lat' dir='ltr'><strong>Sicitem</strong></span> <span class='ocrx_word' id='word_1_328' title='bbox 3019 1026 3671 1083; x_wconf 84' lang='lat' dir='ltr'><strong>Thessalonicensibus.</strong></span> 
     </span>
    </p>
   </div>
   <div class='ocr_carea' id='block_1_41' title="bbox 1998 1116 3645 1186">
    <p class='ocr_par' dir='ltr' id='par_1_41' title="bbox 1998 1116 3645 1186">
     <span class='ocr_line' id='line_1_41' title="bbox 1998 1116 3645 1186; baseline 0.001 -18"><span class='ocrx_word' id='word_1_329' title='bbox 1998 1119 2304 1186; x_wconf 89' lang='lat' dir='ltr'><strong>precatur:</strong></span> <span class='ocrx_word' id='word_1_330' title='bbox 2334 1118 2452 1186; x_wconf 76' lang='lat' dir='ltr'><strong>Ipse</strong></span> <span class='ocrx_word' id='word_1_331' title='bbox 2480 1123 2666 1171; x_wconf 78' lang='lat' dir='ltr'><strong>autem</strong></span> <span class='ocrx_word' id='word_1_332' title='bbox 2701 1117 2839 1171; x_wconf 83' lang='lat' dir='ltr'><strong>Deus</strong></span> <span class='ocrx_word' id='word_1_333' title='bbox 2882 1119 2932 1170; x_wconf 78' lang='lat' dir='ltr'><strong>et</strong></span> <span class='ocrx_word' id='word_1_334' title='bbox 2971 1117 3136 1170; x_wconf 80' lang='lat' dir='ltr'><strong>Pater</strong></span> <span class='ocrx_word' id='word_1_335' title='bbox 3176 1119 3355 1171; x_wconf 75' lang='lat' dir='ltr'><strong>noster</strong></span> <span class='ocrx_word' id='word_1_336' title='bbox 3382 1120 3432 1170; x_wconf 82' lang='lat' dir='ltr'><strong>et</strong></span> <span class='ocrx_word' id='word_1_337' title='bbox 3461 1116 3645 1170; x_wconf 83' lang='lat' dir='ltr'><strong>Domi-</strong></span> 
     </span>
    </p>
   </div>
   <div class='ocr_carea' id='block_1_42' title="bbox 1995 1203 3641 1272">
    <p class='ocr_par' dir='ltr' id='par_1_42' title="bbox 1995 1203 3641 1272">
     <span class='ocr_line' id='line_1_42' title="bbox 1995 1203 3641 1272; baseline 0.001 -15"><span class='ocrx_word' id='word_1_338' title='bbox 1995 1218 2102 1257; x_wconf 79' lang='lat' dir='ltr'><strong>nus</strong></span> <span class='ocrx_word' id='word_1_339' title='bbox 2145 1204 2297 1258; x_wconf 71' lang='lat' dir='ltr'><strong>Iesus</strong></span> <span class='ocrx_word' id='word_1_340' title='bbox 2344 1203 2599 1259; x_wconf 77' lang='lat' dir='ltr'><strong>Christus</strong></span> <span class='ocrx_word' id='word_1_341' title='bbox 2655 1205 2868 1272; x_wconf 85' lang='lat' dir='ltr'><strong>dirigat</strong></span> <span class='ocrx_word' id='word_1_342' title='bbox 2906 1206 3050 1259; x_wconf 88' lang='lat' dir='ltr'><strong>viam</strong></span> <span class='ocrx_word' id='word_1_343' title='bbox 3082 1207 3323 1259; x_wconf 82' lang='lat' dir='ltr'><strong>nostram</strong></span> <span class='ocrx_word' id='word_1_344' title='bbox 3351 1203 3422 1257; x_wconf 82' lang='lat' dir='ltr'><strong>ad</strong></span> <span class='ocrx_word' id='word_1_345' title='bbox 3460 1218 3548 1258; x_wconf 80' lang='lat' dir='ltr'><strong>vos</strong></span> <span class='ocrx_word' id='word_1_346' title='bbox 3576 1203 3641 1269; x_wconf 76' lang='grc'><strong>⁷⁷,</strong></span> 
     </span>
    </p>
   </div>
   <div class='ocr_carea' id='block_1_43' title="bbox 1997 1291 3643 1361">
    <p class='ocr_par' dir='ltr' id='par_1_43' title="bbox 1997 1291 3643 1361">
     <span class='ocr_line' id='line_1_43' title="bbox 1997 1291 3643 1361; baseline 0.001 -15"><span class='ocrx_word' id='word_1_347' title='bbox 1997 1292 2214 1361; x_wconf 85' lang='lat' dir='ltr'><strong>quibus</strong></span> <span class='ocrx_word' id='word_1_348' title='bbox 2238 1293 2427 1348; x_wconf 78' lang='lat' dir='ltr'><strong>verbis</strong></span> <span class='ocrx_word' id='word_1_349' title='bbox 2453 1293 2637 1348; x_wconf 87' lang='lat' dir='ltr'><strong>Patris</strong></span> <span class='ocrx_word' id='word_1_350' title='bbox 2661 1300 2715 1347; x_wconf 88' lang='lat' dir='ltr'><strong>et</strong></span> <span class='ocrx_word' id='word_1_351' title='bbox 2738 1292 2862 1348; x_wconf 81' lang='lat' dir='ltr'><strong>Filii</strong></span> <span class='ocrx_word' id='word_1_352' title='bbox 2897 1293 3181 1347; x_wconf 87' lang='lat' dir='ltr'><strong>unitatem</strong></span> <span class='ocrx_word' id='word_1_353' title='bbox 3214 1291 3482 1347; x_wconf 85' lang='lat' dir='ltr'><strong>servavit.</strong></span> <span class='ocrx_word' id='word_1_354' title='bbox 3498 1293 3643 1347; x_wconf 86' lang='lat' dir='ltr'><strong>Nam</strong></span> 
     </span>
    </p>
   </div>
   <div class='ocr_carea' id='block_1_44' title="bbox 1996 1380 3644 1453">
    <p class='ocr_par' dir='ltr' id='par_1_44' title="bbox 1996 1380 3644 1453">
     <span class='ocr_line' id='line_1_44' title="bbox 1996 1380 3644 1453; baseline 0 -19"><span class='ocrx_word' id='word_1_355' title='bbox 1996 1396 2112 1436; x_wconf 84' lang='lat' dir='ltr'><strong>non</strong></span> <span class='ocrx_word' id='word_1_356' title='bbox 2144 1380 2308 1448; x_wconf 85' lang='lat' dir='ltr'><strong>dixit,</strong></span> <span class='ocrx_word' id='word_1_357' title='bbox 2342 1381 2608 1453; x_wconf 82' lang='lat' dir='ltr'><strong>dirigunt,</strong></span> <span class='ocrx_word' id='word_1_358' title='bbox 2643 1382 2811 1453; x_wconf 81' lang='lat' dir='ltr'><strong>quasi</strong></span> <span class='ocrx_word' id='word_1_359' title='bbox 2863 1380 3077 1452; x_wconf 83' lang='lat' dir='ltr'><strong>duplex</strong></span> <span class='ocrx_word' id='word_1_360' title='bbox 3108 1381 3295 1452; x_wconf 86' lang='lat' dir='ltr'><strong>gratia</strong></span> <span class='ocrx_word' id='word_1_361' title='bbox 3326 1397 3359 1435; x_wconf 88' lang='lat' dir='ltr'><strong>a</strong></span> <span class='ocrx_word' id='word_1_362' title='bbox 3389 1380 3644 1446; x_wconf 85' lang='lat' dir='ltr'><strong>duobus,</strong></span> 
     </span>
    </p>
   </div>
   <div class='ocr_carea' id='block_1_45' title="bbox 1996 1470 3642 1540">
    <p class='ocr_par' dir='ltr' id='par_1_45' title="bbox 1996 1470 3642 1540">
     <span class='ocr_line' id='line_1_45' title="bbox 1996 1470 3642 1540; baseline 0.001 -17"><span class='ocrx_word' id='word_1_363' title='bbox 1996 1486 2202 1540; x_wconf 84' lang='lat' dir='ltr'><strong>nempe</strong></span> <span class='ocrx_word' id='word_1_364' title='bbox 2236 1472 2306 1525; x_wconf 84' lang='lat' dir='ltr'><strong>ab</strong></span> <span class='ocrx_word' id='word_1_365' title='bbox 2341 1470 2438 1525; x_wconf 91' lang='lat' dir='ltr'><strong>illo</strong></span> <span class='ocrx_word' id='word_1_366' title='bbox 2470 1477 2526 1526; x_wconf 92' lang='lat' dir='ltr'><strong>et</strong></span> <span class='ocrx_word' id='word_1_367' title='bbox 2558 1470 2658 1526; x_wconf 92' lang='lat' dir='ltr'><strong>illo</strong></span> <span class='ocrx_word' id='word_1_368' title='bbox 2689 1472 2947 1535; x_wconf 83' lang='lat' dir='ltr'><strong>daretur,</strong></span> <span class='ocrx_word' id='word_1_369' title='bbox 2978 1470 3102 1539; x_wconf 88' lang='lat' dir='ltr'><strong>sed,</strong></span> <span class='ocrx_word' id='word_1_370' title='bbox 3125 1470 3356 1536; x_wconf 76' lang='lat' dir='ltr'><strong>dirigat,</strong></span> <span class='ocrx_word' id='word_1_371' title='bbox 3393 1474 3457 1523; x_wconf 91' lang='lat' dir='ltr'><strong>ut</strong></span> <span class='ocrx_word' id='word_1_372' title='bbox 3483 1470 3642 1524; x_wconf 86' lang='lat' dir='ltr'><strong>illam</strong></span> 
     </span>
    </p>
   </div>
   <div class='ocr_carea' id='block_1_46' title="bbox 1996 1558 3642 1631">
    <p class='ocr_par' dir='ltr' id='par_1_46' title="bbox 1996 1558 3642 1631">
     <span class='ocr_line' id='line_1_46' title="bbox 1996 1558 3642 1631; baseline 0.001 -19"><span class='ocrx_word' id='word_1_373' title='bbox 1996 1575 2029 1612; x_wconf 89' lang='lat' dir='ltr'><strong>a</strong></span> <span class='ocrx_word' id='word_1_374' title='bbox 2059 1558 2229 1613; x_wconf 89' lang='lat' dir='ltr'><strong>Patre</strong></span> <span class='ocrx_word' id='word_1_375' title='bbox 2262 1576 2362 1631; x_wconf 89' lang='lat' dir='ltr'><strong>per</strong></span> <span class='ocrx_word' id='word_1_376' title='bbox 2392 1559 2600 1614; x_wconf 78' lang='lat' dir='ltr'><strong>Filium</strong></span> <span class='ocrx_word' id='word_1_377' title='bbox 2634 1561 2759 1615; x_wconf 88' lang='lat' dir='ltr'><strong>dari</strong></span> <span class='ocrx_word' id='word_1_378' title='bbox 2801 1559 3198 1631; x_wconf 78' lang='lat' dir='ltr'><strong>significaret:</strong></span> <span class='ocrx_word' id='word_1_379' title='bbox 3248 1576 3373 1628; x_wconf 68' lang='lat' dir='ltr'><strong>qua:</strong></span> <span class='ocrx_word' id='word_1_380' title='bbox 3406 1558 3642 1630; x_wconf 88' lang='lat' dir='ltr'><strong>quidem</strong></span> 
     </span>
    </p>
   </div>
   <div class='ocr_carea' id='block_1_47' title="bbox 1993 1646 3645 1721">
    <p class='ocr_par' dir='ltr' id='par_1_47' title="bbox 1993 1646 3645 1721">
     <span class='ocr_line' id='line_1_47' title="bbox 1993 1646 3645 1721; baseline 0.002 -20"><span class='ocrx_word' id='word_1_381' title='bbox 1993 1646 2207 1719; x_wconf 90' lang='lat' dir='ltr'><strong>impios</strong></span> <span class='ocrx_word' id='word_1_382' title='bbox 2239 1654 2512 1721; x_wconf 76' lang='lat' dir='ltr'><strong>cogerent</strong></span> <span class='ocrx_word' id='word_1_383' title='bbox 2542 1648 2751 1705; x_wconf 83' lang='lat' dir='ltr'><strong>saltem</strong></span> <span class='ocrx_word' id='word_1_384' title='bbox 2775 1649 3138 1718; x_wconf 87' lang='lat' dir='ltr'><strong>erubescere,</strong></span> <span class='ocrx_word' id='word_1_385' title='bbox 3172 1647 3283 1705; x_wconf 90' lang='lat' dir='ltr'><strong>nisi</strong></span> <span class='ocrx_word' id='word_1_386' title='bbox 3306 1647 3645 1705; x_wconf 88' lang='lat' dir='ltr'><strong>erubescere</strong></span> 
     </span>
    </p>
   </div>
   <div class='ocr_carea' id='block_1_48' title="bbox 1994 1736 2239 1794">
    <p class='ocr_par' dir='ltr' id='par_1_48' title="bbox 1994 1736 2239 1794">
     <span class='ocr_line' id='line_1_48' title="bbox 1994 1736 2239 1794; baseline 0.012 -3"><span class='ocrx_word' id='word_1_387' title='bbox 1994 1736 2239 1794; x_wconf 81' lang='lat' dir='ltr'><strong>nollent.</strong></span> 
     </span>
    </p>
   </div>
   <div class='ocr_carea' id='block_1_49' title="bbox 2062 2022 3640 2095">
    <p class='ocr_par' dir='ltr' id='par_1_49' title="bbox 2062 2022 3640 2095">
     <span class='ocr_line' id='line_1_49' title="bbox 2062 2022 3640 2095; baseline 0 -17"><span class='ocrx_word' id='word_1_388' title='bbox 2062 2024 2148 2078; x_wconf 83' lang='grc'>12.</span> <span class='ocrx_word' id='word_1_389' title='bbox 2182 2024 2447 2095; x_wconf 83' lang='lat' dir='ltr'><strong>Namque</strong></span> <span class='ocrx_word' id='word_1_390' title='bbox 2505 2023 2552 2078; x_wconf 91' lang='lat' dir='ltr'><strong>si</strong></span> <span class='ocrx_word' id='word_1_391' title='bbox 2610 2040 2723 2078; x_wconf 93' lang='lat' dir='ltr'><strong>non</strong></span> <span class='ocrx_word' id='word_1_392' title='bbox 2784 2028 2940 2078; x_wconf 89' lang='lat' dir='ltr'><strong>esset</strong></span> <span class='ocrx_word' id='word_1_393' title='bbox 2989 2022 3204 2090; x_wconf 89' lang='lat' dir='ltr'><strong>unitas,</strong></span> <span class='ocrx_word' id='word_1_394' title='bbox 3250 2038 3354 2077; x_wconf 90' lang='lat' dir='ltr'><strong>nec</strong></span> <span class='ocrx_word' id='word_1_395' title='bbox 3386 2022 3640 2078; x_wconf 88' lang='lat' dir='ltr'><strong>Verbum</strong></span> 
     </span>
    </p>
   </div>
   <div class='ocr_carea' id='block_1_50' title="bbox 1990 2111 3639 2185">
    <p class='ocr_par' dir='ltr' id='par_1_50' title="bbox 1990 2111 3639 2185">
     <span class='ocr_line' id='line_1_50' title="bbox 1990 2111 3639 2185; baseline -0.002 -17"><span class='ocrx_word' id='word_1_396' title='bbox 1990 2117 2208 2168; x_wconf 66' lang='lat' dir='ltr'><strong>natura:</strong></span> <span class='ocrx_word' id='word_1_397' title='bbox 2225 2114 2407 2168; x_wconf 81' lang='lat' dir='ltr'><strong>Patris</strong></span> <span class='ocrx_word' id='word_1_398' title='bbox 2434 2113 2704 2185; x_wconf 89' lang='lat' dir='ltr'><strong>proprius</strong></span> <span class='ocrx_word' id='word_1_399' title='bbox 2725 2117 2881 2167; x_wconf 89' lang='lat' dir='ltr'><strong>esset</strong></span> <span class='ocrx_word' id='word_1_400' title='bbox 2903 2115 3149 2183; x_wconf 88' lang='lat' dir='ltr'><strong>fetus,ut</strong></span> <span class='ocrx_word' id='word_1_401' title='bbox 3170 2112 3318 2168; x_wconf 89' lang='lat' dir='ltr'><strong>lucis</strong></span> <span class='ocrx_word' id='word_1_402' title='bbox 3342 2111 3639 2184; x_wconf 90' lang='lat' dir='ltr'><strong>splendor,</strong></span> 
     </span>
    </p>
   </div>
   <div class='ocr_carea' id='block_1_51' title="bbox 1990 2209 3640 2278">
    <p class='ocr_par' dir='ltr' id='par_1_51' title="bbox 1990 2209 3640 2278">
     <span class='ocr_line' id='line_1_51' title="bbox 1990 2209 3640 2278; baseline 0.001 -12"><span class='ocrx_word' id='word_1_403' title='bbox 1990 2212 2091 2266; x_wconf 90' lang='lat' dir='ltr'><strong>sed</strong></span> <span class='ocrx_word' id='word_1_404' title='bbox 2123 2209 2302 2266; x_wconf 89' lang='lat' dir='ltr'><strong>Filius</strong></span> <span class='ocrx_word' id='word_1_405' title='bbox 2332 2227 2365 2266; x_wconf 91' lang='lat' dir='ltr'><strong>a</strong></span> <span class='ocrx_word' id='word_1_406' title='bbox 2395 2215 2561 2265; x_wconf 86' lang='lat' dir='ltr'><strong>Patre</strong></span> <span class='ocrx_word' id='word_1_407' title='bbox 2593 2214 2801 2266; x_wconf 89' lang='lat' dir='ltr'><strong>natura</strong></span> <span class='ocrx_word' id='word_1_408' title='bbox 2831 2210 3108 2278; x_wconf 70' lang='lat' dir='ltr'><strong>differret,</strong></span> <span class='ocrx_word' id='word_1_409' title='bbox 3138 2210 3281 2265; x_wconf 85' lang='lat' dir='ltr'><strong>satis</strong></span> <span class='ocrx_word' id='word_1_410' title='bbox 3313 2214 3463 2267; x_wconf 87' lang='lat' dir='ltr'><strong>certe</strong></span> <span class='ocrx_word' id='word_1_411' title='bbox 3483 2214 3640 2267; x_wconf 84' lang='lat' dir='ltr'><strong>esset</strong></span> 
     </span>
    </p>
   </div>
   <div class='ocr_carea' id='block_1_52' title="bbox 1989 2300 3638 2372">
    <p class='ocr_par' dir='ltr' id='par_1_52' title="bbox 1989 2300 3638 2372">
     <span class='ocr_line' id='line_1_52' title="bbox 1989 2300 3638 2372; baseline -0.001 -15"><span class='ocrx_word' id='word_1_412' title='bbox 1989 2301 2039 2357; x_wconf 91' lang='lat' dir='ltr'><strong>si</strong></span> <span class='ocrx_word' id='word_1_413' title='bbox 2070 2301 2231 2357; x_wconf 91' lang='lat' dir='ltr'><strong>solus</strong></span> <span class='ocrx_word' id='word_1_414' title='bbox 2276 2302 2445 2356; x_wconf 88' lang='lat' dir='ltr'><strong>Pater</strong></span> <span class='ocrx_word' id='word_1_415' title='bbox 2492 2302 2680 2372; x_wconf 88' lang='lat' dir='ltr'><strong>deret,</strong></span> <span class='ocrx_word' id='word_1_416' title='bbox 2713 2318 2847 2357; x_wconf 90' lang='lat' dir='ltr'><strong>cum</strong></span> <span class='ocrx_word' id='word_1_417' title='bbox 2878 2300 3098 2356; x_wconf 88' lang='lat' dir='ltr'><strong>nullam</strong></span> <span class='ocrx_word' id='word_1_418' title='bbox 3136 2317 3256 2356; x_wconf 90' lang='lat' dir='ltr'><strong>rem</strong></span> <span class='ocrx_word' id='word_1_419' title='bbox 3289 2305 3544 2357; x_wconf 87' lang='lat' dir='ltr'><strong>creatam</strong></span> <span class='ocrx_word' id='word_1_420' title='bbox 3578 2300 3638 2355; x_wconf 91' lang='lat' dir='ltr'><strong>in</strong></span> 
     </span>
    </p>
   </div>
   <div class='ocr_carea' id='block_1_53' title="bbox 1988 2389 3641 2462">
    <p class='ocr_par' dir='ltr' id='par_1_53' title="bbox 1988 2389 3641 2462">
     <span class='ocr_line' id='line_1_53' title="bbox 1988 2389 3641 2462; baseline -0.001 -16"><span class='ocrx_word' id='word_1_421' title='bbox 1988 2391 2198 2446; x_wconf 88' lang='lat' dir='ltr'><strong>dandis</strong></span> <span class='ocrx_word' id='word_1_422' title='bbox 2226 2391 2435 2461; x_wconf 88' lang='lat' dir='ltr'><strong>gratiis</strong></span> <span class='ocrx_word' id='word_1_423' title='bbox 2467 2390 2688 2445; x_wconf 85' lang='lat' dir='ltr'><strong>sociam</strong></span> <span class='ocrx_word' id='word_1_424' title='bbox 2734 2389 2945 2445; x_wconf 88' lang='lat' dir='ltr'><strong>habeat</strong></span> <span class='ocrx_word' id='word_1_425' title='bbox 2993 2394 3242 2445; x_wconf 92' lang='lat' dir='ltr'><strong>Creator.</strong></span> <span class='ocrx_word' id='word_1_426' title='bbox 3278 2392 3641 2462; x_wconf 87' lang='lat' dir='ltr'><strong>Quapropter</strong></span> 
     </span>
    </p>
   </div>
   <div class='ocr_carea' id='block_1_54' title="bbox 1989 2479 3635 2551">
    <p class='ocr_par' dir='ltr' id='par_1_54' title="bbox 1989 2479 3635 2551">
     <span class='ocr_line' id='line_1_54' title="bbox 1989 2479 3635 2551; baseline 0 -17"><span class='ocrx_word' id='word_1_427' title='bbox 1989 2479 2082 2535; x_wconf 87' lang='lat' dir='ltr'><strong>hic</strong></span> <span class='ocrx_word' id='word_1_428' title='bbox 2109 2479 2287 2534; x_wconf 86' lang='lat' dir='ltr'><strong>dandi</strong></span> <span class='ocrx_word' id='word_1_429' title='bbox 2320 2479 2530 2534; x_wconf 90' lang='lat' dir='ltr'><strong>modus</strong></span> <span class='ocrx_word' id='word_1_430' title='bbox 2564 2480 2799 2551; x_wconf 91' lang='lat' dir='ltr'><strong>signum</strong></span> <span class='ocrx_word' id='word_1_431' title='bbox 2832 2484 2921 2534; x_wconf 91' lang='lat' dir='ltr'><strong>est</strong></span> <span class='ocrx_word' id='word_1_432' title='bbox 2962 2479 3205 2535; x_wconf 86' lang='lat' dir='ltr'><strong>unitatis</strong></span> <span class='ocrx_word' id='word_1_433' title='bbox 3234 2479 3422 2534; x_wconf 80' lang='lat' dir='ltr'><strong>Patris</strong></span> <span class='ocrx_word' id='word_1_434' title='bbox 3453 2485 3509 2534; x_wconf 89' lang='lat' dir='ltr'><strong>et</strong></span> <span class='ocrx_word' id='word_1_435' title='bbox 3542 2479 3635 2534; x_wconf 82' lang='lat' dir='ltr'><strong>Fi-</strong></span> 
     </span>
    </p>
   </div>
   <div class='ocr_carea' id='block_1_55' title="bbox 1989 2567 3638 2640">
    <p class='ocr_par' dir='ltr' id='par_1_55' title="bbox 1989 2567 3638 2640">
     <span class='ocr_line' id='line_1_55' title="bbox 1989 2567 3638 2640; baseline 0 -18"><span class='ocrx_word' id='word_1_436' title='bbox 1989 2567 2072 2623; x_wconf 89' lang='lat' dir='ltr'><strong>lii.</strong></span> <span class='ocrx_word' id='word_1_437' title='bbox 2107 2568 2216 2639; x_wconf 84' lang='grc'>(80)</span> <span class='ocrx_word' id='word_1_438' title='bbox 2246 2568 2427 2623; x_wconf 91' lang='lat' dir='ltr'><strong>Nemo</strong></span> <span class='ocrx_word' id='word_1_439' title='bbox 2461 2568 2640 2639; x_wconf 81' lang='lat' dir='ltr'><strong>igitur</strong></span> <span class='ocrx_word' id='word_1_440' title='bbox 2671 2568 2813 2639; x_wconf 91' lang='lat' dir='ltr'><strong>quid</strong></span> <span class='ocrx_word' id='word_1_441' title='bbox 2845 2585 2877 2622; x_wconf 89' lang='lat' dir='ltr'><strong>a</strong></span> <span class='ocrx_word' id='word_1_442' title='bbox 2921 2574 3031 2623; x_wconf 89' lang='lat' dir='ltr'><strong>er</strong></span> <span class='ocrx_word' id='word_1_443' title='bbox 3062 2574 3117 2622; x_wconf 91' lang='lat' dir='ltr'><strong>ct</strong></span> <span class='ocrx_word' id='word_1_444' title='bbox 3147 2569 3216 2623; x_wconf 91' lang='lat' dir='ltr'><strong>ab</strong></span> <span class='ocrx_word' id='word_1_445' title='bbox 3259 2568 3487 2640; x_wconf 73' lang='lat' dir='ltr'><strong>angelis</strong></span> <span class='ocrx_word' id='word_1_446' title='bbox 3537 2572 3638 2623; x_wconf 88' lang='lat' dir='ltr'><strong>aut</strong></span> 
     </span>
    </p>
   </div>
   <div class='ocr_carea' id='block_1_56' title="bbox 1990 2665 3638 2739">
    <p class='ocr_par' dir='ltr' id='par_1_56' title="bbox 1990 2665 3638 2739">
     <span class='ocr_line' id='line_1_56' title="bbox 1990 2665 3638 2739; baseline -0.001 -18"><span class='ocrx_word' id='word_1_447' title='bbox 1990 2665 2189 2739; x_wconf 87' lang='lat' dir='ltr'><strong>aliqua</strong></span> <span class='ocrx_word' id='word_1_448' title='bbox 2219 2666 2333 2721; x_wconf 88' lang='lat' dir='ltr'><strong>alia</strong></span> <span class='ocrx_word' id='word_1_449' title='bbox 2362 2683 2421 2722; x_wconf 90' lang='lat' dir='ltr'><strong>re</strong></span> <span class='ocrx_word' id='word_1_450' title='bbox 2450 2670 2645 2721; x_wconf 88' lang='lat' dir='ltr'><strong>creata</strong></span> <span class='ocrx_word' id='word_1_451' title='bbox 2674 2671 2944 2738; x_wconf 89' lang='lat' dir='ltr'><strong>precatus</strong></span> <span class='ocrx_word' id='word_1_452' title='bbox 2978 2666 3167 2733; x_wconf 83' lang='lat' dir='ltr'><strong>fuerit,</strong></span> <span class='ocrx_word' id='word_1_453' title='bbox 3203 2681 3493 2737; x_wconf 89' lang='lat' dir='ltr'><strong>nemoque</strong></span> <span class='ocrx_word' id='word_1_454' title='bbox 3516 2665 3638 2720; x_wconf 83' lang='lat' dir='ltr'><strong>cui.</strong></span> 
     </span>
    </p>
   </div>
   <div class='ocr_carea' id='block_1_57' title="bbox 1990 2754 3637 2827">
    <p class='ocr_par' dir='ltr' id='par_1_57' title="bbox 1990 2754 3637 2827">
     <span class='ocr_line' id='line_1_57' title="bbox 1990 2754 3637 2827; baseline -0.001 -18"><span class='ocrx_word' id='word_1_455' title='bbox 1990 2772 2166 2827; x_wconf 85' lang='lat' dir='ltr'><strong>quam</strong></span> <span class='ocrx_word' id='word_1_456' title='bbox 2204 2755 2434 2825; x_wconf 83' lang='lat' dir='ltr'><strong>dixerit,</strong></span> <span class='ocrx_word' id='word_1_457' title='bbox 2468 2755 2574 2809; x_wconf 86' lang='lat' dir='ltr'><strong>Det</strong></span> <span class='ocrx_word' id='word_1_458' title='bbox 2623 2754 2727 2809; x_wconf 85' lang='lat' dir='ltr'><strong>tibi</strong></span> <span class='ocrx_word' id='word_1_459' title='bbox 2784 2761 2931 2809; x_wconf 79' lang='lat' dir='ltr'><strong>Deus</strong></span> <span class='ocrx_word' id='word_1_460' title='bbox 2965 2759 3022 2809; x_wconf 91' lang='lat' dir='ltr'><strong>et</strong></span> <span class='ocrx_word' id='word_1_461' title='bbox 3052 2754 3334 2826; x_wconf 80' lang='lat' dir='ltr'><strong>angelus:</strong></span> <span class='ocrx_word' id='word_1_462' title='bbox 3371 2756 3469 2810; x_wconf 90' lang='lat' dir='ltr'><strong>sed</strong></span> <span class='ocrx_word' id='word_1_463' title='bbox 3506 2772 3637 2826; x_wconf 73' lang='lat' dir='ltr'><strong>quis</strong></span> 
     </span>
    </p>
   </div>
   <div class='ocr_carea' id='block_1_58' title="bbox 1990 2852 3640 2927">
    <p class='ocr_par' dir='ltr' id='par_1_58' title="bbox 1990 2852 3640 2927">
     <span class='ocr_line' id='line_1_58' title="bbox 1990 2852 3640 2927; baseline -0.001 -17"><span class='ocrx_word' id='word_1_464' title='bbox 1990 2870 2316 2927; x_wconf 84' lang='lat' dir='ltr'><strong>precamur,</strong></span> <span class='ocrx_word' id='word_1_465' title='bbox 2338 2871 2371 2909; x_wconf 91' lang='lat' dir='ltr'><strong>a</strong></span> <span class='ocrx_word' id='word_1_466' title='bbox 2402 2853 2568 2909; x_wconf 88' lang='lat' dir='ltr'><strong>Patre</strong></span> <span class='ocrx_word' id='word_1_467' title='bbox 2599 2860 2655 2909; x_wconf 90' lang='lat' dir='ltr'><strong>et</strong></span> <span class='ocrx_word' id='word_1_468' title='bbox 2686 2853 2828 2907; x_wconf 88' lang='lat' dir='ltr'><strong>Filio</strong></span> <span class='ocrx_word' id='word_1_469' title='bbox 2847 2870 3172 2925; x_wconf 87' lang='lat' dir='ltr'><strong>precamur,</strong></span> <span class='ocrx_word' id='word_1_470' title='bbox 3194 2853 3265 2907; x_wconf 91' lang='lat' dir='ltr'><strong>ob</strong></span> <span class='ocrx_word' id='word_1_471' title='bbox 3297 2870 3496 2909; x_wconf 87' lang='lat' dir='ltr'><strong>eorum</strong></span> <span class='ocrx_word' id='word_1_472' title='bbox 3515 2852 3640 2908; x_wconf 89' lang='lat' dir='ltr'><strong>uni-</strong></span> 
     </span>
    </p>
   </div>
   <div class='ocr_carea' id='block_1_59' title="bbox 1986 2943 3640 3015">
    <p class='ocr_par' dir='ltr' id='par_1_59' title="bbox 1986 2943 3640 3015">
     <span class='ocr_line' id='line_1_59' title="bbox 1986 2943 3640 3015; baseline -0.001 -16"><span class='ocrx_word' id='word_1_473' title='bbox 1986 2948 2166 2999; x_wconf 83' lang='lat' dir='ltr'><strong>tatem</strong></span> <span class='ocrx_word' id='word_1_474' title='bbox 2183 2945 2536 3015; x_wconf 76' lang='lat' dir='ltr'><strong>unicumque</strong></span> <span class='ocrx_word' id='word_1_475' title='bbox 2550 2943 2943 2998; x_wconf 85' lang='lat' dir='ltr'><strong>donationem.</strong></span> <span class='ocrx_word' id='word_1_476' title='bbox 2970 2945 3103 3008; x_wconf 66' lang='lat' dir='ltr'><strong>Qum</strong></span> <span class='ocrx_word' id='word_1_477' title='bbox 3125 2944 3279 2997; x_wconf 92' lang='lat' dir='ltr'><strong>enim</strong></span> <span class='ocrx_word' id='word_1_478' title='bbox 3296 2944 3529 3008; x_wconf 88' lang='lat' dir='ltr'><strong>dantur,</strong></span> <span class='ocrx_word' id='word_1_479' title='bbox 3543 2960 3640 3013; x_wconf 43' lang='lat' dir='ltr'><strong>per</strong></span> 
     </span>
    </p>
   </div>
   <div class='ocr_carea' id='block_1_60' title="bbox 1990 3030 3642 3104">
    <p class='ocr_par' dir='ltr' id='par_1_60' title="bbox 1990 3030 3642 3104">
     <span class='ocr_line' id='line_1_60' title="bbox 1990 3030 3642 3104; baseline 0 -17"><span class='ocrx_word' id='word_1_480' title='bbox 1990 3032 2197 3087; x_wconf 89' lang='lat' dir='ltr'><strong>Filium</strong></span> <span class='ocrx_word' id='word_1_481' title='bbox 2229 3032 2465 3101; x_wconf 87' lang='lat' dir='ltr'><strong>dantur,</strong></span> <span class='ocrx_word' id='word_1_482' title='bbox 2501 3031 2764 3103; x_wconf 87' lang='lat' dir='ltr'><strong>nihilque</strong></span> <span class='ocrx_word' id='word_1_483' title='bbox 2815 3030 3053 3086; x_wconf 88' lang='lat' dir='ltr'><strong>omnino</strong></span> <span class='ocrx_word' id='word_1_484' title='bbox 3086 3036 3175 3087; x_wconf 89' lang='lat' dir='ltr'><strong>est</strong></span> <span class='ocrx_word' id='word_1_485' title='bbox 3204 3033 3357 3103; x_wconf 90' lang='lat' dir='ltr'><strong>quod</strong></span> <span class='ocrx_word' id='word_1_486' title='bbox 3392 3049 3505 3087; x_wconf 92' lang='lat' dir='ltr'><strong>non</strong></span> <span class='ocrx_word' id='word_1_487' title='bbox 3540 3049 3642 3104; x_wconf 91' lang='lat' dir='ltr'><strong>per</strong></span> 
     </span>
    </p>
   </div>
   <div class='ocr_carea' id='block_1_61' title="bbox 1987 3127 3642 3199">
    <p class='ocr_par' dir='ltr' id='par_1_61' title="bbox 1987 3127 3642 3199">
     <span class='ocr_line' id='line_1_61' title="bbox 1987 3127 3642 3199; baseline -0.001 -15"><span class='ocrx_word' id='word_1_488' title='bbox 1987 3128 2198 3184; x_wconf 88' lang='lat' dir='ltr'><strong>Filium</strong></span> <span class='ocrx_word' id='word_1_489' title='bbox 2228 3128 2444 3184; x_wconf 79' lang='lat' dir='ltr'><strong>efficiat</strong></span> <span class='ocrx_word' id='word_1_490' title='bbox 2478 3128 2678 3184; x_wconf 85' lang='lat' dir='ltr'><strong>Pater:</strong></span> <span class='ocrx_word' id='word_1_491' title='bbox 2714 3127 2966 3199; x_wconf 89' lang='lat' dir='ltr'><strong>hincque</strong></span> <span class='ocrx_word' id='word_1_492' title='bbox 2996 3134 3154 3183; x_wconf 85' lang='lat' dir='ltr'><strong>certa</strong></span> <span class='ocrx_word' id='word_1_493' title='bbox 3206 3132 3264 3183; x_wconf 89' lang='lat' dir='ltr'><strong>et</strong></span> <span class='ocrx_word' id='word_1_494' title='bbox 3297 3143 3504 3184; x_wconf 87' lang='lat' dir='ltr'><strong>secura</strong></span> <span class='ocrx_word' id='word_1_495' title='bbox 3551 3132 3642 3183; x_wconf 85' lang='lat' dir='ltr'><strong>est</strong></span> 
     </span>
    </p>
   </div>
   <div class='ocr_carea' id='block_1_62' title="bbox 1988 3215 3641 3290">
    <p class='ocr_par' dir='ltr' id='par_1_62' title="bbox 1988 3215 3641 3290">
     <span class='ocr_line' id='line_1_62' title="bbox 1988 3215 3641 3290; baseline -0.001 -17"><span class='ocrx_word' id='word_1_496' title='bbox 1988 3218 2177 3290; x_wconf 87' lang='lat' dir='ltr'><strong>gratia</strong></span> <span class='ocrx_word' id='word_1_497' title='bbox 2206 3234 2379 3288; x_wconf 87' lang='lat' dir='ltr'><strong>quam</strong></span> <span class='ocrx_word' id='word_1_498' title='bbox 2414 3217 2759 3287; x_wconf 86' lang='lat' dir='ltr'><strong>accipimus.</strong></span> <span class='ocrx_word' id='word_1_499' title='bbox 2794 3216 2953 3283; x_wconf 87' lang='lat' dir='ltr'><strong>Quod</strong></span> <span class='ocrx_word' id='word_1_500' title='bbox 3003 3217 3049 3270; x_wconf 89' lang='lat' dir='ltr'><strong>si</strong></span> <span class='ocrx_word' id='word_1_501' title='bbox 3085 3215 3416 3289; x_wconf 83' lang='lat' dir='ltr'><strong>patriarcha</strong></span> <span class='ocrx_word' id='word_1_502' title='bbox 3460 3217 3641 3272; x_wconf 88' lang='lat' dir='ltr'><strong>Jacob</strong></span> 
     </span>
    </p>
   </div>
   <div class='ocr_carea' id='block_1_63' title="bbox 222 3314 1878 3419">
    <p class='ocr_par' dir='ltr' id='par_1_63' title="bbox 222 3314 1874 3419">
     <span class='ocr_line' id='line_1_63' title="bbox 222 3314 1874 3419; baseline 0.001 -24"><span class='ocrx_word' id='word_1_503' title='bbox 222 3314 485 3409; x_wconf 62' lang='grc' dir='ltr'>Μανασσῆ</span> <span class='ocrx_word' id='word_1_504' title='bbox 519 3314 721 3415; x_wconf 76' lang='grc' dir='ltr'>ἔλεγεν.</span> <span class='ocrx_word' id='word_1_505' title='bbox 784 3342 840 3394; x_wconf 82' lang='lat'><strong>&#39;0</strong></span> <span class='ocrx_word' id='word_1_506' title='bbox 891 3314 1024 3395; x_wconf 68' lang='grc' dir='ltr'>Θεὸς</span> <span class='ocrx_word' id='word_1_507' title='bbox 1058 3342 1085 3395; x_wconf 91' lang='lat'><strong>6</strong></span> <span class='ocrx_word' id='word_1_508' title='bbox 1142 3314 1354 3419; x_wconf 73' lang='grc' dir='ltr'>τρέφων</span> <span class='ocrx_word' id='word_1_509' title='bbox 1406 3362 1473 3415; x_wconf 85' lang='grc' dir='ltr'><strong>με</strong></span> <span class='ocrx_word' id='word_1_510' title='bbox 1515 3341 1573 3396; x_wconf 77' lang='grc' dir='ltr'>ἐκ</span> <span class='ocrx_word' id='word_1_511' title='bbox 1602 3314 1874 3412; x_wconf 78' lang='grc' dir='ltr'><strong>⁸νεότητός</strong></span> 
     </span>
    </p>
   </div>
   <div class='ocr_carea' id='block_1_64' title="bbox 1999 3314 3643 3419">
    <p class='ocr_par' dir='ltr' id='par_1_64' title="bbox 1999 3314 3643 3385">
     <span class='ocr_line' id='line_1_64' title="bbox 1999 3314 3643 3385; baseline 0 -14"><span class='ocrx_word' id='word_1_512' title='bbox 1999 3314 2112 3371; x_wconf 70' lang='lat' dir='ltr'><strong>suis</strong></span> <span class='ocrx_word' id='word_1_513' title='bbox 2162 3315 2475 3385; x_wconf 91' lang='lat' dir='ltr'><strong>nepotibus</strong></span> <span class='ocrx_word' id='word_1_514' title='bbox 2533 3314 2810 3385; x_wconf 88' lang='lat' dir='ltr'><strong>Ephraim</strong></span> <span class='ocrx_word' id='word_1_515' title='bbox 2863 3319 2922 3370; x_wconf 89' lang='lat' dir='ltr'><strong>et</strong></span> <span class='ocrx_word' id='word_1_516' title='bbox 2977 3317 3244 3371; x_wconf 85' lang='lat' dir='ltr'><strong>Manasse</strong></span> <span class='ocrx_word' id='word_1_517' title='bbox 3291 3315 3643 3371; x_wconf 82' lang='lat' dir='ltr'><strong>benedicens</strong></span> 
     </span>
    </p>
   </div>
   <div class='ocr_carea' id='block_1_65' title="bbox 222 3425 1871 3507">
    <p class='ocr_par' dir='ltr' id='par_1_65' title="bbox 222 3425 1871 3507">
     <span class='ocr_line' id='line_1_65' title="bbox 222 3425 1871 3507; baseline 0.002 -24"><span class='ocrx_word' id='word_1_518' title='bbox 222 3449 332 3501; x_wconf 87' lang='grc' dir='ltr'><strong>μου</strong></span> <span class='ocrx_word' id='word_1_519' title='bbox 388 3425 495 3491; x_wconf 72' lang='grc' dir='ltr'>ἕως</span> <span class='ocrx_word' id='word_1_520' title='bbox 560 3436 664 3498; x_wconf 79' lang='grc' dir='ltr'>τῆς</span> <span class='ocrx_word' id='word_1_521' title='bbox 722 3427 930 3504; x_wconf 74' lang='grc' dir='ltr'>ἡμέρας</span> <span class='ocrx_word' id='word_1_522' title='bbox 984 3429 1224 3501; x_wconf 71' lang='grc' dir='ltr'>ταύτης’</span> <span class='ocrx_word' id='word_1_523' title='bbox 1287 3432 1314 3485; x_wconf 90' lang='lat'><strong>6</strong></span> <span class='ocrx_word' id='word_1_524' title='bbox 1373 3430 1608 3506; x_wconf 82' lang='grc' dir='ltr'>ἄγγελος</span> <span class='ocrx_word' id='word_1_525' title='bbox 1666 3432 1694 3485; x_wconf 90' lang='lat'><strong>6</strong></span> <span class='ocrx_word' id='word_1_526' title='bbox 1752 3430 1871 3507; x_wconf 80' lang='grc' dir='ltr'>ῥυό-</span> 
     </span>
    </p>
   </div>
   <div class='ocr_carea' id='block_1_66' title="bbox 221 3517 1870 3594">
    <p class='ocr_par' dir='ltr' id='par_1_66' title="bbox 221 3517 1870 3594">
     <span class='ocr_line' id='line_1_66' title="bbox 221 3517 1870 3594; baseline 0.002 -22"><span class='ocrx_word' id='word_1_527' title='bbox 221 3518 384 3589; x_wconf 78' lang='grc' dir='ltr'>μενός</span> <span class='ocrx_word' id='word_1_528' title='bbox 455 3539 521 3591; x_wconf 84' lang='grc' dir='ltr'><strong>με</strong></span> <span class='ocrx_word' id='word_1_529' title='bbox 578 3520 689 3593; x_wconf 89' lang='grc'>(81)</span> <span class='ocrx_word' id='word_1_530' title='bbox 749 3517 808 3573; x_wconf 80' lang='grc' dir='ltr'>ἐκ</span> <span class='ocrx_word' id='word_1_531' title='bbox 856 3518 1070 3574; x_wconf 76' lang='grc' dir='ltr'>πάντων</span> <span class='ocrx_word' id='word_1_532' title='bbox 1128 3524 1235 3574; x_wconf 87' lang='grc' dir='ltr'><strong>τῶν</strong></span> <span class='ocrx_word' id='word_1_533' title='bbox 1290 3525 1515 3588; x_wconf 80' lang='grc' dir='ltr'>κακῶν,</span> <span class='ocrx_word' id='word_1_534' title='bbox 1570 3519 1870 3594; x_wconf 80' lang='grc' dir='ltr'>εὐλογήσαι</span> 
     </span>
    </p>
   </div>
   <div class='ocr_carea' id='block_1_67' title="bbox 216 3604 1871 3686">
    <p class='ocr_par' dir='ltr' id='par_1_67' title="bbox 216 3604 1871 3686">
     <span class='ocr_line' id='line_1_67' title="bbox 216 3604 1871 3686; baseline 0.001 -26"><span class='ocrx_word' id='word_1_535' title='bbox 216 3607 283 3660; x_wconf 71' lang='grc' dir='ltr'><strong>τὰ</strong></span> <span class='ocrx_word' id='word_1_536' title='bbox 314 3604 507 3661; x_wconf 83' lang='grc' dir='ltr'>παιδία</span> <span class='ocrx_word' id='word_1_537' title='bbox 552 3612 739 3662; x_wconf 90' lang='grc' dir='ltr'>ταῦτα·</span> <span class='ocrx_word' id='word_1_538' title='bbox 787 3608 848 3662; x_wconf 87' lang='grc' dir='ltr'>οὑ</span> <span class='ocrx_word' id='word_1_539' title='bbox 900 3613 1007 3662; x_wconf 87' lang='grc' dir='ltr'><strong>τῶν</strong></span> <span class='ocrx_word' id='word_1_540' title='bbox 1054 3608 1373 3672; x_wconf 72' lang='grc' dir='ltr'>κτισθέντων</span> <span class='ocrx_word' id='word_1_541' title='bbox 1424 3609 1663 3677; x_wconf 78' lang='grc' dir='ltr'>καὶ,τὴν</span> <span class='ocrx_word' id='word_1_542' title='bbox 1714 3608 1871 3686; x_wconf 80' lang='grc' dir='ltr'>φύσιν</span> 
     </span>
    </p>
   </div>
   <div class='ocr_carea' id='block_1_68' title="bbox 218 3692 1875 3773">
    <p class='ocr_par' dir='ltr' id='par_1_68' title="bbox 218 3692 1875 3773">
     <span class='ocr_line' id='line_1_68' title="bbox 218 3692 1875 3773; baseline 0.001 -23"><span class='ocrx_word' id='word_1_543' title='bbox 218 3695 469 3773; x_wconf 71' lang='grc' dir='ltr'>ἀγγέλων</span> <span class='ocrx_word' id='word_1_544' title='bbox 499 3692 668 3750; x_wconf 76' lang='grc' dir='ltr'>ὄντων</span> <span class='ocrx_word' id='word_1_545' title='bbox 698 3692 786 3751; x_wconf 72' lang='grc' dir='ltr'>ἕνα</span> <span class='ocrx_word' id='word_1_546' title='bbox 818 3703 1055 3766; x_wconf 78' lang='grc' dir='ltr'>συνῆπτε</span> <span class='ocrx_word' id='word_1_547' title='bbox 1106 3700 1209 3769; x_wconf 87' lang='grc'>(83)</span> <span class='ocrx_word' id='word_1_548' title='bbox 1256 3696 1336 3769; x_wconf 86' lang='grc' dir='ltr'>τῷ</span> <span class='ocrx_word' id='word_1_549' title='bbox 1382 3697 1619 3752; x_wconf 87' lang='grc' dir='ltr'>κτίσαντι</span> <span class='ocrx_word' id='word_1_550' title='bbox 1678 3696 1875 3760; x_wconf 79' lang='grc' dir='ltr'>αὐτοὺς</span> 
     </span>
    </p>
   </div>
   <div class='ocr_carea' id='block_1_69' title="bbox 218 3782 1874 3863">
    <p class='ocr_par' dir='ltr' id='par_1_69' title="bbox 218 3782 1874 3863">
     <span class='ocr_line' id='line_1_69' title="bbox 218 3782 1874 3863; baseline 0.001 -23"><span class='ocrx_word' id='word_1_551' title='bbox 218 3790 356 3857; x_wconf 62' lang='grc' dir='ltr'>Θεῷ.</span> <span class='ocrx_word' id='word_1_552' title='bbox 406 3782 532 3839; x_wconf 77' lang='grc' dir='ltr'>οὐδὲ</span> <span class='ocrx_word' id='word_1_553' title='bbox 585 3785 739 3861; x_wconf 74' lang='grc' dir='ltr'>ἀφεὶς</span> <span class='ocrx_word' id='word_1_554' title='bbox 782 3786 875 3840; x_wconf 86' lang='grc' dir='ltr'>τὸν</span> <span class='ocrx_word' id='word_1_555' title='bbox 922 3787 1188 3863; x_wconf 72' lang='grc' dir='ltr'>τρέφοντα</span> <span class='ocrx_word' id='word_1_556' title='bbox 1235 3785 1394 3841; x_wconf 78' lang='grc' dir='ltr'>αὐτὸν</span> <span class='ocrx_word' id='word_1_557' title='bbox 1446 3786 1574 3841; x_wconf 88' lang='grc' dir='ltr'>Θεὸν</span> <span class='ocrx_word' id='word_1_558' title='bbox 1621 3788 1748 3861; x_wconf 86' lang='grc' dir='ltr'>παρ’</span> <span class='ocrx_word' id='word_1_559' title='bbox 1775 3786 1874 3861; x_wconf 82' lang='grc' dir='ltr'><strong>ἀγ-</strong></span> 
     </span>
    </p>
   </div>
   <div class='ocr_carea' id='block_1_70' title="bbox 219 3871 1872 3951">
    <p class='ocr_par' dir='ltr' id='par_1_70' title="bbox 219 3871 1872 3951">
     <span class='ocr_line' id='line_1_70' title="bbox 219 3871 1872 3951; baseline 0.001 -22"><span class='ocrx_word' id='word_1_560' title='bbox 219 3873 389 3949; x_wconf 72' lang='grc' dir='ltr'>γέλου</span> <span class='ocrx_word' id='word_1_561' title='bbox 416 3877 517 3944; x_wconf 73' lang='grc' dir='ltr'><strong>τήν</strong></span> <span class='ocrx_word' id='word_1_562' title='bbox 545 3873 801 3949; x_wconf 80' lang='grc' dir='ltr'>εὐλογίαν</span> <span class='ocrx_word' id='word_1_563' title='bbox 833 3871 955 3949; x_wconf 73' lang='grc' dir='ltr'>ᾔτει</span> <span class='ocrx_word' id='word_1_564' title='bbox 983 3882 1100 3938; x_wconf 84' lang='grc' dir='ltr'>τοῖς</span> <span class='ocrx_word' id='word_1_565' title='bbox 1132 3875 1398 3951; x_wconf 71' lang='grc' dir='ltr'>ἐγγόνοις,</span> <span class='ocrx_word' id='word_1_566' title='bbox 1447 3874 1576 3931; x_wconf 83' lang='grc' dir='ltr'>ἀλλ’</span> <span class='ocrx_word' id='word_1_567' title='bbox 1618 3876 1872 3951; x_wconf 76' lang='grc' dir='ltr'>εἰρηκὼς,</span> 
     </span>
    </p>
   </div>
   <div class='ocr_carea' id='block_1_71' title="bbox 215 3961 1872 4038">
    <p class='ocr_par' dir='ltr' id='par_1_71' title="bbox 215 3961 1872 4038">
     <span class='ocr_line' id='line_1_71' title="bbox 215 3961 1872 4038; baseline 0.001 -20"><span class='ocrx_word' id='word_1_568' title='bbox 215 3963 276 4018; x_wconf 75' lang='grc' dir='ltr'>Ὀ</span> <span class='ocrx_word' id='word_1_569' title='bbox 335 3962 603 4038; x_wconf 79' lang='grc' dir='ltr'>ῥυόμενός</span> <span class='ocrx_word' id='word_1_570' title='bbox 662 3984 728 4036; x_wconf 85' lang='grc' dir='ltr'><strong>με</strong></span> <span class='ocrx_word' id='word_1_571' title='bbox 776 3962 836 4018; x_wconf 83' lang='grc' dir='ltr'>ἐκ</span> <span class='ocrx_word' id='word_1_572' title='bbox 883 3965 1093 4018; x_wconf 74' lang='grc' dir='ltr'>πάντων</span> <span class='ocrx_word' id='word_1_573' title='bbox 1142 3969 1251 4019; x_wconf 90' lang='grc' dir='ltr'><strong>τῶν</strong></span> <span class='ocrx_word' id='word_1_574' title='bbox 1316 3969 1517 4034; x_wconf 82' lang='grc' dir='ltr'>κακῶν,</span> <span class='ocrx_word' id='word_1_575' title='bbox 1576 3961 1740 4035; x_wconf 77' lang='grc' dir='ltr'>ἔδειξε</span> <span class='ocrx_word' id='word_1_576' title='bbox 1796 3966 1872 4037; x_wconf 83' lang='grc' dir='ltr'>μή</span> 
     </span>
    </p>
   </div>
   <div class='ocr_carea' id='block_1_72' title="bbox 214 4050 1872 4129">
    <p class='ocr_par' dir='ltr' id='par_1_72' title="bbox 214 4050 1872 4129">
     <span class='ocr_line' id='line_1_72' title="bbox 214 4050 1872 4129; baseline 0.001 -24"><span class='ocrx_word' id='word_1_577' title='bbox 214 4057 326 4106; x_wconf 84' lang='grc' dir='ltr'><strong>τῶν</strong></span> <span class='ocrx_word' id='word_1_578' title='bbox 354 4050 680 4116; x_wconf 77' lang='grc' dir='ltr'>κτισθέντων</span> <span class='ocrx_word' id='word_1_579' title='bbox 713 4053 832 4107; x_wconf 75' lang='grc' dir='ltr'>τινὰ</span> <span class='ocrx_word' id='word_1_580' title='bbox 862 4051 1132 4128; x_wconf 67' lang='grc' dir='ltr'>ἀγγέλων,</span> <span class='ocrx_word' id='word_1_581' title='bbox 1182 4051 1328 4108; x_wconf 84' lang='grc' dir='ltr'>ἀλλᾶ</span> <span class='ocrx_word' id='word_1_582' title='bbox 1374 4053 1465 4107; x_wconf 90' lang='grc' dir='ltr'>τὸν</span> <span class='ocrx_word' id='word_1_583' title='bbox 1512 4054 1687 4129; x_wconf 76' lang='grc' dir='ltr'>Λόγον</span> <span class='ocrx_word' id='word_1_584' title='bbox 1740 4053 1872 4108; x_wconf 78' lang='grc' dir='ltr'>εἶναι</span> 
     </span>
    </p>
   </div>
   <div class='ocr_carea' id='block_1_73' title="bbox 215 4139 1874 4218">
    <p class='ocr_par' dir='ltr' id='par_1_73' title="bbox 215 4139 1874 4218">
     <span class='ocr_line' id='line_1_73' title="bbox 215 4139 1874 4218; baseline 0.001 -24"><span class='ocrx_word' id='word_1_585' title='bbox 215 4146 317 4195; x_wconf 83' lang='grc' dir='ltr'><strong>τοῦ</strong></span> <span class='ocrx_word' id='word_1_586' title='bbox 348 4146 509 4209; x_wconf 85' lang='grc' dir='ltr'>Θεοῦ,</span> <span class='ocrx_word' id='word_1_587' title='bbox 540 4140 619 4195; x_wconf 78' lang='grc' dir='ltr'><strong>ὅν⁹</strong></span> <span class='ocrx_word' id='word_1_588' title='bbox 647 4146 728 4213; x_wconf 84' lang='grc' dir='ltr'>τῷ</span> <span class='ocrx_word' id='word_1_589' title='bbox 758 4142 924 4217; x_wconf 85' lang='grc' dir='ltr'>Πατρί</span> <span class='ocrx_word' id='word_1_590' title='bbox 956 4142 1237 4197; x_wconf 84' lang='grc' dir='ltr'>συνάπτων</span> <span class='ocrx_word' id='word_1_591' title='bbox 1267 4139 1496 4218; x_wconf 73' lang='grc' dir='ltr'>ηὔχετο,</span> <span class='ocrx_word' id='word_1_592' title='bbox 1555 4139 1625 4197; x_wconf 87' lang='grc' dir='ltr'>δι’</span> <span class='ocrx_word' id='word_1_593' title='bbox 1676 4140 1738 4196; x_wconf 81' lang='grc' dir='ltr'>οὗ</span> <span class='ocrx_word' id='word_1_594' title='bbox 1784 4142 1874 4197; x_wconf 88' lang='grc' dir='ltr'>καὶ</span> 
     </span>
    </p>
   </div>
   <div class='ocr_carea' id='block_1_74' title="bbox 217 4228 1873 4307">
    <p class='ocr_par' dir='ltr' id='par_1_74' title="bbox 217 4228 1873 4307">
     <span class='ocr_line' id='line_1_74' title="bbox 217 4228 1873 4307; baseline 0.002 -24"><span class='ocrx_word' id='word_1_595' title='bbox 217 4229 310 4292; x_wconf 59' lang='grc' dir='ltr'>οὓς</span> <span class='ocrx_word' id='word_1_596' title='bbox 343 4228 433 4284; x_wconf 73' lang='grc' dir='ltr'>ἐὰν</span> <span class='ocrx_word' id='word_1_597' title='bbox 466 4228 621 4304; x_wconf 68' lang='grc' dir='ltr'>θέλῃ,</span> <span class='ocrx_word' id='word_1_598' title='bbox 654 4228 835 4307; x_wconf 77' lang='grc' dir='ltr'>ῥύεται</span> <span class='ocrx_word' id='word_1_599' title='bbox 866 4230 896 4284; x_wconf 93' lang='lat'><strong>6</strong></span> <span class='ocrx_word' id='word_1_600' title='bbox 926 4230 1078 4293; x_wconf 87' lang='grc' dir='ltr'>Θεός.</span> <span class='ocrx_word' id='word_1_601' title='bbox 1124 4233 1333 4288; x_wconf 90' lang='grc' dir='ltr'>Τοῦτον</span> <span class='ocrx_word' id='word_1_602' title='bbox 1374 4230 1478 4307; x_wconf 84' lang='grc' dir='ltr'><strong>γὰρ</strong></span> <span class='ocrx_word' id='word_1_603' title='bbox 1506 4229 1595 4285; x_wconf 88' lang='grc' dir='ltr'><strong>καὶ</strong></span> <span class='ocrx_word' id='word_1_604' title='bbox 1624 4229 1873 4305; x_wconf 81' lang='grc' dir='ltr'>μεγάλης</span> 
     </span>
    </p>
   </div>
   <div class='ocr_carea' id='block_1_75' title="bbox 224 4316 1879 4394">
    <p class='ocr_par' dir='ltr' id='par_1_75' title="bbox 224 4316 1879 4394">
     <span class='ocr_line' id='line_1_75' title="bbox 224 4316 1879 4394; baseline 0.001 -21"><span class='ocrx_word' id='word_1_605' title='bbox 224 4317 434 4394; x_wconf 79' lang='grc' dir='ltr'>βουλῆς</span> <span class='ocrx_word' id='word_1_606' title='bbox 462 4317 736 4394; x_wconf 75' lang='grc' dir='ltr'>’Ἄγγελον</span> <span class='ocrx_word' id='word_1_607' title='bbox 764 4323 861 4374; x_wconf 86' lang='grc' dir='ltr'><strong>τοῦ</strong></span> <span class='ocrx_word' id='word_1_608' title='bbox 905 4319 1114 4394; x_wconf 86' lang='grc' dir='ltr'>Πατρὸς</span> <span class='ocrx_word' id='word_1_609' title='bbox 1159 4316 1317 4383; x_wconf 73' lang='grc' dir='ltr'>εὶδὼς</span> <span class='ocrx_word' id='word_1_610' title='bbox 1368 4319 1735 4393; x_wconf 79' lang='grc' dir='ltr'>καλούμενον,</span> <span class='ocrx_word' id='word_1_611' title='bbox 1778 4318 1879 4375; x_wconf 79' lang='grc' dir='ltr'>οὐκ</span> 
     </span>
    </p>
   </div>
   <div class='ocr_carea' id='block_1_76' title="bbox 1985 3403 3637 3475">
    <p class='ocr_par' dir='ltr' id='par_1_76' title="bbox 1985 3403 3637 3475">
     <span class='ocr_line' id='line_1_76' title="bbox 1985 3403 3637 3475; baseline -0.001 -16"><span class='ocrx_word' id='word_1_612' title='bbox 1985 3403 2151 3467; x_wconf 85' lang='lat' dir='ltr'><strong>dixit,</strong></span> <span class='ocrx_word' id='word_1_613' title='bbox 2196 3404 2339 3457; x_wconf 73' lang='lat' dir='ltr'><strong>Deus</strong></span> <span class='ocrx_word' id='word_1_614' title='bbox 2388 3404 2485 3475; x_wconf 79' lang='lat' dir='ltr'><strong>qui</strong></span> <span class='ocrx_word' id='word_1_615' title='bbox 2511 3404 2689 3473; x_wconf 76' lang='lat' dir='ltr'><strong>pascit</strong></span> <span class='ocrx_word' id='word_1_616' title='bbox 2717 3419 2803 3457; x_wconf 86' lang='lat' dir='ltr'><strong>me</strong></span> <span class='ocrx_word' id='word_1_617' title='bbox 2841 3419 2875 3456; x_wconf 84' lang='grc' dir='ltr'><strong>α</strong></span> <span class='ocrx_word' id='word_1_618' title='bbox 2914 3404 3204 3474; x_wconf 80' lang='lat' dir='ltr'><strong>juventute</strong></span> <span class='ocrx_word' id='word_1_619' title='bbox 3230 3420 3349 3459; x_wconf 83' lang='lat' dir='ltr'><strong>mea</strong></span> <span class='ocrx_word' id='word_1_620' title='bbox 3379 3419 3546 3474; x_wconf 77' lang='lat' dir='ltr'><strong>usque</strong></span> <span class='ocrx_word' id='word_1_621' title='bbox 3575 3404 3637 3458; x_wconf 87' lang='lat' dir='ltr'><strong>in</strong></span> 
     </span>
    </p>
   </div>
   <div class='ocr_carea' id='block_1_77' title="bbox 1979 3491 3641 3564">
    <p class='ocr_par' dir='ltr' id='par_1_77' title="bbox 1979 3491 3641 3564">
     <span class='ocr_line' id='line_1_77' title="bbox 1979 3491 3641 3564; baseline 0 -18"><span class='ocrx_word' id='word_1_622' title='bbox 1979 3501 2307 3564; x_wconf 60' lang='lat' dir='ltr'><strong>praesentem</strong></span> <span class='ocrx_word' id='word_1_623' title='bbox 2336 3491 2522 3546; x_wconf 80' lang='lat' dir='ltr'><strong>diem:</strong></span> <span class='ocrx_word' id='word_1_624' title='bbox 2564 3493 2802 3560; x_wconf 73' lang='lat' dir='ltr'><strong>Angelus</strong></span> <span class='ocrx_word' id='word_1_625' title='bbox 2860 3496 2954 3564; x_wconf 88' lang='lat' dir='ltr'><strong>qui</strong></span> <span class='ocrx_word' id='word_1_626' title='bbox 3008 3494 3156 3547; x_wconf 85' lang='lat' dir='ltr'><strong>eruit</strong></span> <span class='ocrx_word' id='word_1_627' title='bbox 3200 3508 3287 3547; x_wconf 80' lang='lat' dir='ltr'><strong>me</strong></span> <span class='ocrx_word' id='word_1_628' title='bbox 3334 3493 3399 3547; x_wconf 84' lang='lat' dir='ltr'><strong>de</strong></span> <span class='ocrx_word' id='word_1_629' title='bbox 3426 3494 3641 3548; x_wconf 75' lang='lat' dir='ltr'><strong>cunctis</strong></span> 
     </span>
    </p>
   </div>
   <div class='ocr_carea' id='block_1_78' title="bbox 1984 3590 3637 3663">
    <p class='ocr_par' dir='ltr' id='par_1_78' title="bbox 1984 3590 3637 3663">
     <span class='ocr_line' id='line_1_78' title="bbox 1984 3590 3637 3663; baseline 0.001 -18"><span class='ocrx_word' id='word_1_630' title='bbox 1984 3591 2175 3655; x_wconf 78' lang='lat' dir='ltr'><strong>malis,</strong></span> <span class='ocrx_word' id='word_1_631' title='bbox 2210 3590 2491 3645; x_wconf 79' lang='lat' dir='ltr'><strong>benedicat</strong></span> <span class='ocrx_word' id='word_1_632' title='bbox 2518 3592 2707 3661; x_wconf 81' lang='lat' dir='ltr'><strong>pueris</strong></span> <span class='ocrx_word' id='word_1_633' title='bbox 2731 3593 2853 3645; x_wconf 76' lang='lat' dir='ltr'><strong>istis</strong></span> <span class='ocrx_word' id='word_1_634' title='bbox 2869 3592 2948 3646; x_wconf 73' lang='lat'><strong>73:</strong></span> <span class='ocrx_word' id='word_1_635' title='bbox 2985 3607 3353 3663; x_wconf 82' lang='lat' dir='ltr'><strong>nequaquam</strong></span> <span class='ocrx_word' id='word_1_636' title='bbox 3387 3591 3637 3647; x_wconf 78' lang='lat' dir='ltr'><strong>exbisce</strong></span> 
     </span>
    </p>
   </div>
   <div class='ocr_carea' id='block_1_79' title="bbox 1981 3678 3637 3752">
    <p class='ocr_par' dir='ltr' id='par_1_79' title="bbox 1981 3678 3637 3752">
     <span class='ocr_line' id='line_1_79' title="bbox 1981 3678 3637 3752; baseline -0.002 -18"><span class='ocrx_word' id='word_1_637' title='bbox 1981 3678 2174 3735; x_wconf 88' lang='lat' dir='ltr'><strong>verbis</strong></span> <span class='ocrx_word' id='word_1_638' title='bbox 2200 3678 2451 3748; x_wconf 89' lang='lat' dir='ltr'><strong>aliquem</strong></span> <span class='ocrx_word' id='word_1_639' title='bbox 2486 3696 2553 3734; x_wconf 87' lang='lat' dir='ltr'><strong>ex</strong></span> <span class='ocrx_word' id='word_1_640' title='bbox 2572 3679 2781 3734; x_wconf 85' lang='lat' dir='ltr'><strong>creatis</strong></span> <span class='ocrx_word' id='word_1_641' title='bbox 2803 3683 2856 3734; x_wconf 89' lang='lat' dir='ltr'><strong>et</strong></span> <span class='ocrx_word' id='word_1_642' title='bbox 2880 3680 2979 3750; x_wconf 92' lang='lat' dir='ltr'><strong>qui</strong></span> <span class='ocrx_word' id='word_1_643' title='bbox 3014 3686 3223 3735; x_wconf 81' lang='lat' dir='ltr'><strong>natura</strong></span> <span class='ocrx_word' id='word_1_644' title='bbox 3252 3684 3392 3734; x_wconf 85' lang='lat' dir='ltr'><strong>sunt</strong></span> <span class='ocrx_word' id='word_1_645' title='bbox 3422 3680 3637 3752; x_wconf 77' lang='lat' dir='ltr'><strong>angeli.</strong></span> 
     </span>
    </p>
   </div>
   <div class='ocr_carea' id='block_1_80' title="bbox 1984 3768 3641 3839">
    <p class='ocr_par' dir='ltr' id='par_1_80' title="bbox 1984 3768 3641 3839">
     <span class='ocr_line' id='line_1_80' title="bbox 1984 3768 3641 3839; baseline 0.001 -16"><span class='ocrx_word' id='word_1_646' title='bbox 1984 3785 2116 3823; x_wconf 90' lang='lat' dir='ltr'><strong>cum</strong></span> <span class='ocrx_word' id='word_1_647' title='bbox 2136 3769 2311 3835; x_wconf 86' lang='lat' dir='ltr'><strong>Deo,a</strong></span> <span class='ocrx_word' id='word_1_648' title='bbox 2324 3784 2439 3839; x_wconf 92' lang='lat' dir='ltr'><strong>quo</strong></span> <span class='ocrx_word' id='word_1_649' title='bbox 2456 3768 2637 3823; x_wconf 88' lang='lat' dir='ltr'><strong>creati</strong></span> <span class='ocrx_word' id='word_1_650' title='bbox 2660 3770 2999 3838; x_wconf 83' lang='lat' dir='ltr'><strong>sunt,conju</strong></span> <span class='ocrx_word' id='word_1_651' title='bbox 3012 3770 3204 3825; x_wconf 79' lang='lat' dir='ltr'><strong>nxisse</strong></span> <span class='ocrx_word' id='word_1_652' title='bbox 3217 3768 3641 3825; x_wconf 85' lang='lat' dir='ltr'><strong>existimandus</strong></span> 
     </span>
    </p>
   </div>
   <div class='ocr_carea' id='block_1_81' title="bbox 1984 3856 3638 3928">
    <p class='ocr_par' dir='ltr' id='par_1_81' title="bbox 1984 3856 3638 3928">
     <span class='ocr_line' id='line_1_81' title="bbox 1984 3856 3638 3928; baseline 0 -15"><span class='ocrx_word' id='word_1_653' title='bbox 1984 3862 2091 3924; x_wconf 86' lang='lat' dir='ltr'><strong>est,</strong></span> <span class='ocrx_word' id='word_1_654' title='bbox 2126 3874 2313 3928; x_wconf 89' lang='lat' dir='ltr'><strong>neque</strong></span> <span class='ocrx_word' id='word_1_655' title='bbox 2344 3857 2457 3911; x_wconf 93' lang='lat' dir='ltr'><strong>Deo</strong></span> <span class='ocrx_word' id='word_1_656' title='bbox 2512 3856 2692 3912; x_wconf 91' lang='lat' dir='ltr'><strong>altore</strong></span> <span class='ocrx_word' id='word_1_657' title='bbox 2740 3874 2847 3912; x_wconf 92' lang='lat' dir='ltr'><strong>suo</strong></span> <span class='ocrx_word' id='word_1_658' title='bbox 2879 3858 3123 3913; x_wconf 90' lang='lat' dir='ltr'><strong>dimisso</strong></span> <span class='ocrx_word' id='word_1_659' title='bbox 3173 3857 3638 3913; x_wconf 84' lang='lat' dir='ltr'><strong>benedictionem</strong></span> 
     </span>
    </p>
   </div>
   <div class='ocr_carea' id='block_1_82' title="bbox 1985 3945 3640 4017">
    <p class='ocr_par' dir='ltr' id='par_1_82' title="bbox 1985 3945 3640 4017">
     <span class='ocr_line' id='line_1_82' title="bbox 1985 3945 3640 4017; baseline -0.001 -15"><span class='ocrx_word' id='word_1_660' title='bbox 1985 3963 2087 4017; x_wconf 85' lang='lat' dir='ltr'><strong>pro</strong></span> <span class='ocrx_word' id='word_1_661' title='bbox 2120 3946 2433 4017; x_wconf 88' lang='lat' dir='ltr'><strong>nepotibus</strong></span> <span class='ocrx_word' id='word_1_662' title='bbox 2464 3948 2536 4000; x_wconf 87' lang='lat' dir='ltr'><strong>ab</strong></span> <span class='ocrx_word' id='word_1_663' title='bbox 2571 3945 2777 4017; x_wconf 86' lang='lat' dir='ltr'><strong>angelo</strong></span> <span class='ocrx_word' id='word_1_664' title='bbox 2807 3949 3163 4017; x_wconf 87' lang='lat' dir='ltr'><strong>poposcisse,</strong></span> <span class='ocrx_word' id='word_1_665' title='bbox 3195 3946 3293 4001; x_wconf 91' lang='lat' dir='ltr'><strong>sed</strong></span> <span class='ocrx_word' id='word_1_666' title='bbox 3330 3945 3419 4001; x_wconf 88' lang='lat' dir='ltr'><strong>bis</strong></span> <span class='ocrx_word' id='word_1_667' title='bbox 3443 3946 3640 4014; x_wconf 88' lang='lat' dir='ltr'><strong>dictis,</strong></span> 
     </span>
    </p>
   </div>
   <div class='ocr_carea' id='block_1_83' title="bbox 1986 4034 3638 4106">
    <p class='ocr_par' dir='ltr' id='par_1_83' title="bbox 1986 4034 3638 4106">
     <span class='ocr_line' id='line_1_83' title="bbox 1986 4034 3638 4106; baseline 0.001 -16"><span class='ocrx_word' id='word_1_668' title='bbox 1986 4035 2092 4103; x_wconf 87' lang='lat' dir='ltr'><strong>Qui</strong></span> <span class='ocrx_word' id='word_1_669' title='bbox 2109 4036 2254 4090; x_wconf 84' lang='lat' dir='ltr'><strong>eruit</strong></span> <span class='ocrx_word' id='word_1_670' title='bbox 2282 4050 2369 4089; x_wconf 83' lang='lat' dir='ltr'><strong>me</strong></span> <span class='ocrx_word' id='word_1_671' title='bbox 2396 4034 2463 4090; x_wconf 82' lang='lat' dir='ltr'><strong>de</strong></span> <span class='ocrx_word' id='word_1_672' title='bbox 2488 4037 2701 4090; x_wconf 75' lang='lat' dir='ltr'><strong>cunctis</strong></span> <span class='ocrx_word' id='word_1_673' title='bbox 2728 4035 2911 4101; x_wconf 78' lang='lat' dir='ltr'><strong>matis,</strong></span> <span class='ocrx_word' id='word_1_674' title='bbox 2944 4034 3207 4090; x_wconf 89' lang='lat' dir='ltr'><strong>ostendit</strong></span> <span class='ocrx_word' id='word_1_675' title='bbox 3233 4049 3346 4089; x_wconf 91' lang='lat' dir='ltr'><strong>non</strong></span> <span class='ocrx_word' id='word_1_676' title='bbox 3381 4034 3638 4106; x_wconf 88' lang='lat' dir='ltr'><strong>aliquem</strong></span> 
     </span>
    </p>
   </div>
   <div class='ocr_carea' id='block_1_84' title="bbox 1984 4130 3634 4204">
    <p class='ocr_par' dir='ltr' id='par_1_84' title="bbox 1984 4130 3634 4204">
     <span class='ocr_line' id='line_1_84' title="bbox 1984 4130 3634 4204; baseline -0.001 -16"><span class='ocrx_word' id='word_1_677' title='bbox 1984 4148 2054 4188; x_wconf 82' lang='lat' dir='ltr'><strong>ex</strong></span> <span class='ocrx_word' id='word_1_678' title='bbox 2083 4132 2291 4187; x_wconf 89' lang='lat' dir='ltr'><strong>creatis</strong></span> <span class='ocrx_word' id='word_1_679' title='bbox 2321 4130 2566 4204; x_wconf 85' lang='lat' dir='ltr'><strong>angelis,</strong></span> <span class='ocrx_word' id='word_1_680' title='bbox 2602 4133 2701 4187; x_wconf 90' lang='lat' dir='ltr'><strong>sed</strong></span> <span class='ocrx_word' id='word_1_681' title='bbox 2736 4132 2832 4186; x_wconf 90' lang='lat' dir='ltr'><strong>Dei</strong></span> <span class='ocrx_word' id='word_1_682' title='bbox 2863 4147 2993 4187; x_wconf 89' lang='lat' dir='ltr'><strong>esse</strong></span> <span class='ocrx_word' id='word_1_683' title='bbox 3024 4132 3474 4203; x_wconf 81' lang='lat' dir='ltr'><strong>Verbum,quod</strong></span> <span class='ocrx_word' id='word_1_684' title='bbox 3500 4149 3634 4188; x_wconf 90' lang='lat' dir='ltr'><strong>cum</strong></span> 
     </span>
    </p>
   </div>
   <div class='ocr_carea' id='block_1_85' title="bbox 1986 4220 3633 4294">
    <p class='ocr_par' dir='ltr' id='par_1_85' title="bbox 1986 4220 3633 4294">
     <span class='ocr_line' id='line_1_85' title="bbox 1986 4220 3633 4294; baseline 0.001 -16"><span class='ocrx_word' id='word_1_685' title='bbox 1986 4222 2153 4278; x_wconf 87' lang='lat' dir='ltr'><strong>Patre</strong></span> <span class='ocrx_word' id='word_1_686' title='bbox 2182 4220 2242 4275; x_wconf 92' lang='lat' dir='ltr'><strong>in</strong></span> <span class='ocrx_word' id='word_1_687' title='bbox 2273 4220 2537 4277; x_wconf 89' lang='lat' dir='ltr'><strong>oratione</strong></span> <span class='ocrx_word' id='word_1_688' title='bbox 2563 4220 2940 4288; x_wconf 86' lang='lat' dir='ltr'><strong>consociavit,</strong></span> <span class='ocrx_word' id='word_1_689' title='bbox 2965 4222 3104 4293; x_wconf 89' lang='lat' dir='ltr'><strong>quia</strong></span> <span class='ocrx_word' id='word_1_690' title='bbox 3134 4236 3237 4293; x_wconf 87' lang='lat' dir='ltr'><strong>per</strong></span> <span class='ocrx_word' id='word_1_691' title='bbox 3266 4220 3459 4294; x_wconf 91' lang='lat' dir='ltr'><strong>ipsum</strong></span> <span class='ocrx_word' id='word_1_692' title='bbox 3483 4221 3633 4281; x_wconf 73' lang='lat'><strong>445</strong></span> 
     </span>
    </p>
   </div>
   <div class='ocr_carea' id='block_1_86' title="bbox 1985 4318 3637 4392">
    <p class='ocr_par' dir='ltr' id='par_1_86' title="bbox 1985 4318 3637 4392">
     <span class='ocr_line' id='line_1_86' title="bbox 1985 4318 3637 4392; baseline -0.001 -16"><span class='ocrx_word' id='word_1_693' title='bbox 1985 4320 2142 4376; x_wconf 88' lang='lat' dir='ltr'><strong>Deus</strong></span> <span class='ocrx_word' id='word_1_694' title='bbox 2172 4336 2322 4392; x_wconf 91' lang='lat' dir='ltr'><strong>quos</strong></span> <span class='ocrx_word' id='word_1_695' title='bbox 2352 4318 2603 4376; x_wconf 89' lang='lat' dir='ltr'><strong>voluerit</strong></span> <span class='ocrx_word' id='word_1_696' title='bbox 2630 4318 2862 4375; x_wconf 91' lang='lat' dir='ltr'><strong>liberat.</strong></span> <span class='ocrx_word' id='word_1_697' title='bbox 2889 4319 3034 4374; x_wconf 90' lang='lat' dir='ltr'><strong>Nam</strong></span> <span class='ocrx_word' id='word_1_698' title='bbox 3073 4335 3205 4374; x_wconf 91' lang='lat' dir='ltr'><strong>cum</strong></span> <span class='ocrx_word' id='word_1_699' title='bbox 3242 4318 3504 4376; x_wconf 88' lang='lat' dir='ltr'><strong>nescitus</strong></span> <span class='ocrx_word' id='word_1_700' title='bbox 3522 4336 3637 4375; x_wconf 91' lang='lat' dir='ltr'><strong>non</strong></span> 
     </span>
    </p>
   </div>
   <div class='ocr_carea' id='block_1_87' title="bbox 289 4493 1878 4566">
    <p class='ocr_par' dir='ltr' id='par_1_87' title="bbox 289 4494 1878 4566">
     <span class='ocr_line' id='line_1_87' title="bbox 289 4494 1878 4566; baseline 0 -17"><span class='ocrx_word' id='word_1_701' title='bbox 289 4496 334 4529; x_wconf 78' lang='grc' dir='ltr'><strong>τ⁶</strong></span> <span class='ocrx_word' id='word_1_702' title='bbox 368 4494 536 4549; x_wconf 84' lang='lat' dir='ltr'><strong>Rom.</strong></span> <span class='ocrx_word' id='word_1_703' title='bbox 574 4512 612 4561; x_wconf 94' lang='lat'><strong>1,</strong></span> <span class='ocrx_word' id='word_1_704' title='bbox 637 4495 672 4545; x_wconf 89' lang='grc'><strong>7</strong></span> <span class='ocrx_word' id='word_1_705' title='bbox 706 4511 718 4561; x_wconf 94' lang='grc'><strong>;</strong></span> <span class='ocrx_word' id='word_1_706' title='bbox 755 4494 922 4550; x_wconf 87' lang='lat' dir='ltr'><strong>lCor.</strong></span> <span class='ocrx_word' id='word_1_707' title='bbox 960 4512 997 4563; x_wconf 88' lang='lat'><strong>1,</strong></span> <span class='ocrx_word' id='word_1_708' title='bbox 1026 4494 1101 4565; x_wconf 88' lang='lat'><strong>3;</strong></span> <span class='ocrx_word' id='word_1_709' title='bbox 1131 4494 1340 4566; x_wconf 89' lang='lat' dir='ltr'><strong>Ephes.</strong></span> <span class='ocrx_word' id='word_1_710' title='bbox 1381 4512 1419 4563; x_wconf 90' lang='lat'><strong>1,</strong></span> <span class='ocrx_word' id='word_1_711' title='bbox 1451 4496 1506 4562; x_wconf 87' lang='lat'><strong>2,</strong></span> <span class='ocrx_word' id='word_1_712' title='bbox 1538 4499 1652 4551; x_wconf 89' lang='lat' dir='ltr'><strong>etc.</strong></span> <span class='ocrx_word' id='word_1_713' title='bbox 1728 4496 1771 4529; x_wconf 79' lang='grc'>⁷⁷</span> <span class='ocrx_word' id='word_1_714' title='bbox 1804 4495 1878 4551; x_wconf 90' lang='lat' dir='ltr'><strong>I&#39;]</strong></span> 
     </span>
    </p>
   </div>
   <div class='ocr_carea' id='block_1_88' title="bbox 1999 4493 3120 4566">
    <p class='ocr_par' dir='ltr' id='par_1_88' title="bbox 1999 4494 3120 4563">
     <span class='ocr_line' id='line_1_88' title="bbox 1999 4494 3120 4563; baseline -0.001 -13"><span class='ocrx_word' id='word_1_715' title='bbox 1999 4511 2058 4550; x_wconf 76' lang='lat' dir='ltr'><strong>IS.</strong></span> <span class='ocrx_word' id='word_1_716' title='bbox 2093 4512 2174 4560; x_wconf 83' lang='grc' dir='ltr'>ιιι,</span> <span class='ocrx_word' id='word_1_717' title='bbox 2210 4495 2296 4548; x_wconf 93' lang='grc'><strong>11.</strong></span> <span class='ocrx_word' id='word_1_718' title='bbox 2372 4494 2415 4529; x_wconf 80' lang='grc'><strong>⁷⁸</strong></span> <span class='ocrx_word' id='word_1_719' title='bbox 2447 4494 2653 4550; x_wconf 87' lang='lat' dir='ltr'><strong>Genes.</strong></span> <span class='ocrx_word' id='word_1_720' title='bbox 2682 4511 2877 4563; x_wconf 75' lang='lat' dir='ltr'><strong>XLVIII,</strong></span> <span class='ocrx_word' id='word_1_721' title='bbox 2920 4496 2999 4563; x_wconf 85' lang='lat' dir='ltr'><strong>l5,</strong></span> <span class='ocrx_word' id='word_1_722' title='bbox 3037 4495 3120 4549; x_wconf 90' lang='grc'><strong>16.</strong></span> 
     </span>
    </p>
   </div>
   <div class='ocr_carea' id='block_1_89' title="bbox 286 4680 1958 4769">
    <p class='ocr_par' dir='ltr' id='par_1_89' title="bbox 286 4680 1958 4769">
     <span class='ocr_line' id='line_1_89' title="bbox 286 4680 1958 4769; baseline 0 -36"><span class='ocrx_word' id='word_1_723' title='bbox 548 4681 683 4753; x_wconf 84' lang='lat' dir='ltr'><strong>Reg.</strong></span> <span class='ocrx_word' id='word_1_724' title='bbox 722 4682 1041 4769; x_wconf 31' lang='lat' dir='ltr'><strong>lLSeguecr‘.</strong></span> <span class='ocrx_word' id='word_1_725' title='bbox 1066 4680 1507 4769; x_wconf 37' lang='lat' dir='ltr'><strong>&#39;Angl.‘Gob.le’r.</strong></span> <span class='ocrx_word' id='word_1_726' title='bbox 1540 4685 1602 4736; x_wconf 89' lang='lat' dir='ltr'><strong>et</strong></span> <span class='ocrx_word' id='word_1_727' title='bbox 1633 4680 1791 4769; x_wconf 50' lang='lat' dir='ltr'><strong>Felc&#39;.</strong></span> <span class='ocrx_word' id='word_1_728' title='bbox 1830 4682 1879 4734; x_wconf 88' lang='grc'><strong>1.</strong></span> <span class='ocrx_word' id='word_1_729' title='bbox 1914 4684 1958 4747; x_wconf 85' lang='grc' dir='ltr'>Ι)</span> 
     </span>
    </p>
   </div>
   <div class='ocr_carea' id='block_1_90' title="bbox 219 4748 1879 4828">
    <p class='ocr_par' dir='ltr' id='par_1_90' title="bbox 219 4748 1879 4828">
     <span class='ocr_line' id='line_1_90' title="bbox 219 4748 1879 4828; baseline -0.001 -21"><span class='ocrx_word' id='word_1_730' title='bbox 219 4748 483 4828; x_wconf 49' lang='grc' dir='ltr'><strong>Αζθᾶἰιὶ,</strong></span> <span class='ocrx_word' id='word_1_731' title='bbox 505 4748 563 4828; x_wconf 55' lang='grc' dir='ltr'>ἓν</span> <span class='ocrx_word' id='word_1_732' title='bbox 593 4748 825 4828; x_wconf 44' lang='grc' dir='ltr'>τοι-φῶς</span> <span class='ocrx_word' id='word_1_733' title='bbox 853 4748 948 4806; x_wconf 65' lang='grc' dir='ltr'><strong>τοῦ</strong></span> <span class='ocrx_word' id='word_1_734' title='bbox 980 4748 1147 4828; x_wconf 71' lang='grc' dir='ltr'>ἡλίου</span> <span class='ocrx_word' id='word_1_735' title='bbox 1167 4748 1277 4828; x_wconf 44' lang='grc' dir='ltr'>καί.</span> <span class='ocrx_word' id='word_1_736' title='bbox 1317 4750 1879 4828; x_wconf 35' lang='grc' dir='ltr'>τοῦ-ἀπαυγασμάτος</span> 
     </span>
    </p>
   </div>
   <div class='ocr_carea' id='block_1_91' title="bbox 226 4820 1665 4897">
    <p class='ocr_par' dir='ltr' id='par_1_91' title="bbox 226 4820 1665 4897">
     <span class='ocr_line' id='line_1_91' title="bbox 226 4820 1665 4897; baseline 0.001 -20"><span class='ocrx_word' id='word_1_737' title='bbox 226 4821 438 4897; x_wconf 82' lang='grc' dir='ltr'>γίνεται</span> <span class='ocrx_word' id='word_1_738' title='bbox 472 4821 634 4878; x_wconf 74' lang='grc' dir='ltr'>οὕτω.</span> <span class='ocrx_word' id='word_1_739' title='bbox 671 4820 890 4880; x_wconf 79' lang='lat' dir='ltr'><strong>Ibidem</strong></span> <span class='ocrx_word' id='word_1_740' title='bbox 924 4820 1166 4897; x_wconf 56' lang='lat' dir='ltr'><strong>Anglia,</strong></span> <span class='ocrx_word' id='word_1_741' title='bbox 1202 4822 1360 4881; x_wconf 72' lang='grc' dir='ltr'>Οὕτω</span> <span class='ocrx_word' id='word_1_742' title='bbox 1392 4820 1448 4877; x_wconf 75' lang='grc' dir='ltr'>δὲ</span> <span class='ocrx_word' id='word_1_743' title='bbox 1476 4820 1665 4880; x_wconf 68' lang='grc' dir='ltr'>πάλιν.</span> 
     </span>
    </p>
   </div>
   <div class='ocr_carea' id='block_1_92' title="bbox 292 4928 1876 5001">
    <p class='ocr_par' dir='ltr' id='par_1_92' title="bbox 292 4928 1876 5001">
     <span class='ocr_line' id='line_1_92' title="bbox 292 4928 1876 5001; baseline -0.001 -18"><span class='ocrx_word' id='word_1_744' title='bbox 292 4932 410 5000; x_wconf 88' lang='grc'>(75)</span> <span class='ocrx_word' id='word_1_745' title='bbox 450 4930 588 5001; x_wconf 83' lang='lat' dir='ltr'><strong>Reg.</strong></span> <span class='ocrx_word' id='word_1_746' title='bbox 626 4932 677 4998; x_wconf 86' lang='grc'><strong>1,</strong></span> <span class='ocrx_word' id='word_1_747' title='bbox 709 4936 768 4985; x_wconf 89' lang='lat' dir='ltr'><strong>et</strong></span> <span class='ocrx_word' id='word_1_748' title='bbox 795 4934 1057 4999; x_wconf 80' lang='lat' dir='ltr'><strong>Seguer.,</strong></span> <span class='ocrx_word' id='word_1_749' title='bbox 1092 4930 1121 4983; x_wconf 86' lang='grc' dir='ltr'>ὁ</span> <span class='ocrx_word' id='word_1_750' title='bbox 1164 4928 1298 5001; x_wconf 9' lang='grc' dir='ltr'>,Θεὸς</span> <span class='ocrx_word' id='word_1_751' title='bbox 1329 4928 1417 4983; x_wconf 84' lang='grc' dir='ltr'>καὶ</span> <span class='ocrx_word' id='word_1_752' title='bbox 1475 4930 1659 5001; x_wconf 71' lang='grc' dir='ltr'>Πατὴρ</span> <span class='ocrx_word' id='word_1_753' title='bbox 1715 4930 1876 5000; x_wconf 74' lang='grc' dir='ltr'>ἡμῶν</span> 
     </span>
    </p>
   </div>
   <div class='ocr_carea' id='block_1_93' title="bbox 221 5000 1880 5091">
    <p class='ocr_par' dir='ltr' id='par_1_93' title="bbox 221 5000 1880 5091">
     <span class='ocr_line' id='line_1_93' title="bbox 221 5000 1880 5091; baseline 0 -37"><span class='ocrx_word' id='word_1_754' title='bbox 221 5000 338 5091; x_wconf 43' lang='grc' dir='ltr'>καὶ.</span> <span class='ocrx_word' id='word_1_755' title='bbox 371 5002 399 5054; x_wconf 88' lang='lat'><strong>6</strong></span> <span class='ocrx_word' id='word_1_756' title='bbox 460 5000 659 5091; x_wconf 57' lang='grc' dir='ltr'>ἰξόριος</span> <span class='ocrx_word' id='word_1_757' title='bbox 712 5002 935 5091; x_wconf 55' lang='grc' dir='ltr'>Ἰησρῦε</span> <span class='ocrx_word' id='word_1_758' title='bbox 976 5000 1227 5091; x_wconf 47' lang='grc' dir='ltr'>ξριστός.</span> <span class='ocrx_word' id='word_1_759' title='bbox 1252 5002 1371 5091; x_wconf 52' lang='lat' dir='ltr'><strong>‘A’lii</strong></span> <span class='ocrx_word' id='word_1_760' title='bbox 1412 5006 1470 5091; x_wconf 64' lang='lat' dir='ltr'><strong>et</strong></span> <span class='ocrx_word' id='word_1_761' title='bbox 1498 5000 1658 5069; x_wconf 88' lang='lat' dir='ltr'><strong>editi,</strong></span> <span class='ocrx_word' id='word_1_762' title='bbox 1692 5002 1719 5056; x_wconf 94' lang='lat'><strong>6</strong></span> <span class='ocrx_word' id='word_1_763' title='bbox 1750 5000 1880 5065; x_wconf 82' lang='grc' dir='ltr'>Θεὸς</span> 
     </span>
    </p>
   </div>
   <div class='ocr_carea' id='block_1_94' title="bbox 219 5072 1504 5148">
    <p class='ocr_par' dir='ltr' id='par_1_94' title="bbox 219 5072 1504 5148">
     <span class='ocr_line' id='line_1_94' title="bbox 219 5072 1504 5148; baseline 0.002 -21"><span class='ocrx_word' id='word_1_764' title='bbox 219 5074 381 5145; x_wconf 75' lang='grc' dir='ltr'>ἡμῶν</span> <span class='ocrx_word' id='word_1_765' title='bbox 409 5072 501 5126; x_wconf 81' lang='grc' dir='ltr'><strong>καὶ</strong></span> <span class='ocrx_word' id='word_1_766' title='bbox 529 5072 558 5126; x_wconf 85' lang='lat'><strong>6</strong></span> <span class='ocrx_word' id='word_1_767' title='bbox 591 5072 786 5145; x_wconf 71' lang='grc' dir='ltr'>Κύριος</span> <span class='ocrx_word' id='word_1_768' title='bbox 816 5076 976 5145; x_wconf 79' lang='grc' dir='ltr'>ἡμῶν</span> <span class='ocrx_word' id='word_1_769' title='bbox 1011 5072 1219 5143; x_wconf 86' lang='grc' dir='ltr'>Ἰησοῦς</span> <span class='ocrx_word' id='word_1_770' title='bbox 1251 5072 1504 5148; x_wconf 87' lang='grc' dir='ltr'>Χριστός.</span> 
     </span>
    </p>
   </div>
   <div class='ocr_carea' id='block_1_95' title="bbox 285 5178 1870 5252">
    <p class='ocr_par' dir='ltr' id='par_1_95' title="bbox 285 5178 1870 5252">
     <span class='ocr_line' id='line_1_95' title="bbox 285 5178 1870 5252; baseline 0.002 -21"><span class='ocrx_word' id='word_1_771' title='bbox 285 5180 401 5252; x_wconf 82' lang='lat'><strong>(76)</strong></span> <span class='ocrx_word' id='word_1_772' title='bbox 421 5178 530 5252; x_wconf 85' lang='lat' dir='ltr'><strong>Sic</strong></span> <span class='ocrx_word' id='word_1_773' title='bbox 560 5180 699 5252; x_wconf 75' lang='lat' dir='ltr'><strong>Reg.</strong></span> <span class='ocrx_word' id='word_1_774' title='bbox 738 5181 790 5252; x_wconf 82' lang='lat' dir='ltr'><strong>l._</strong></span> <span class='ocrx_word' id='word_1_775' title='bbox 819 5181 1058 5251; x_wconf 89' lang='lat' dir='ltr'><strong>Seguer.</strong></span> <span class='ocrx_word' id='word_1_776' title='bbox 1093 5179 1305 5252; x_wconf 86' lang='lat' dir='ltr'><strong>Gobler</strong></span> <span class='ocrx_word' id='word_1_777' title='bbox 1332 5185 1387 5235; x_wconf 90' lang='lat' dir='ltr'><strong>et</strong></span> <span class='ocrx_word' id='word_1_778' title='bbox 1430 5179 1579 5252; x_wconf 80' lang='lat' dir='ltr'><strong>Felc.</strong></span> <span class='ocrx_word' id='word_1_779' title='bbox 1645 5182 1709 5252; x_wconf 4' lang='lat' dir='ltr'><strong>lg;</strong></span> <span class='ocrx_word' id='word_1_780' title='bbox 1767 5181 1870 5252; x_wconf 81' lang='lat' dir='ltr'><strong>sed</strong></span> 
     </span>
    </p>
   </div>
   <div class='ocr_carea' id='block_1_96' title="bbox 217 5248 1877 5325">
    <p class='ocr_par' dir='ltr' id='par_1_96' title="bbox 217 5248 1877 5325">
     <span class='ocr_line' id='line_1_96' title="bbox 217 5248 1877 5325; baseline -0.001 -19"><span class='ocrx_word' id='word_1_781' title='bbox 217 5248 331 5325; x_wconf 83' lang='lat' dir='ltr'><strong>duo</strong></span> <span class='ocrx_word' id='word_1_782' title='bbox 373 5248 567 5325; x_wconf 73' lang='lat' dir='ltr'><strong>ultimi</strong></span> <span class='ocrx_word' id='word_1_783' title='bbox 599 5248 707 5325; x_wconf 72' lang='lat' dir='ltr'><strong>pro</strong></span> <span class='ocrx_word' id='word_1_784' title='bbox 731 5248 1237 5325; x_wconf 24' lang='lat' dir='ltr'><strong>x§v_,‘liabent_aat.</strong></span> <span class='ocrx_word' id='word_1_785' title='bbox 1299 5251 1588 5325; x_wconf 40' lang='lat' dir='ltr'><strong>Anglic..-</strong></span> <span class='ocrx_word' id='word_1_786' title='bbox 1615 5250 1703 5305; x_wconf 81' lang='grc' dir='ltr'><strong>καὶ</strong></span> <span class='ocrx_word' id='word_1_787' title='bbox 1740 5249 1877 5325; x_wconf 36' lang='grc' dir='ltr'>-ἐρυ-</span> 
     </span>
    </p>
   </div>
   <div class='ocr_carea' id='block_1_97' title="bbox 215 5316 1873 5400">
    <p class='ocr_par' dir='ltr' id='par_1_97' title="bbox 215 5316 1873 5400">
     <span class='ocr_line' id='line_1_97' title="bbox 215 5316 1873 5400; baseline 0.001 -26"><span class='ocrx_word' id='word_1_788' title='bbox 215 5322 368 5400; x_wconf 62' lang='grc' dir='ltr'>βριᾷν</span> <span class='ocrx_word' id='word_1_789' title='bbox 403 5322 456 5375; x_wconf 73' lang='grc' dir='ltr'><strong>οἱ</strong></span> <span class='ocrx_word' id='word_1_790' title='bbox 487 5316 623 5400; x_wconf 65' lang='grc' dir='ltr'><strong>κατᾶ</strong></span> <span class='ocrx_word' id='word_1_791' title='bbox 666 5316 998 5400; x_wconf 33' lang='grc' dir='ltr'>,Σαόἐλλι-ον.</span> <span class='ocrx_word' id='word_1_792' title='bbox 1034 5321 1123 5400; x_wconf 74' lang='grc' dir='ltr'><strong>καὶ</strong></span> <span class='ocrx_word' id='word_1_793' title='bbox 1184 5316 1426 5400; x_wconf 42' lang='grc' dir='ltr'>Ἀρειο-νν</span> <span class='ocrx_word' id='word_1_794' title='bbox 1461 5316 1670 5400; x_wconf 71' lang='grc' dir='ltr'>ᾇσεϐεῖς</span> <span class='ocrx_word' id='word_1_795' title='bbox 1711 5316 1873 5400; x_wconf 38' lang='grc' dir='ltr'>’όφεί-</span> 
     </span>
    </p>
   </div>
   <div class='ocr_carea' id='block_1_98' title="bbox 213 5390 1868 5470">
    <p class='ocr_par' dir='ltr' id='par_1_98' title="bbox 213 5390 1868 5470">
     <span class='ocr_line' id='line_1_98' title="bbox 213 5390 1868 5470; baseline 0.002 -23"><span class='ocrx_word' id='word_1_796' title='bbox 213 5390 393 5470; x_wconf 69' lang='grc' dir='ltr'>λουσι,</span> <span class='ocrx_word' id='word_1_797' title='bbox 425 5392 516 5470; x_wconf 51' lang='grc' dir='ltr'><strong>καί</strong></span> <span class='ocrx_word' id='word_1_798' title='bbox 551 5390 837 5470; x_wconf 67' lang='grc' dir='ltr'>δυναμενοι</span> <span class='ocrx_word' id='word_1_799' title='bbox 861 5393 933 5470; x_wconf 68' lang='grc' dir='ltr'><strong>Δοὐ</strong></span> <span class='ocrx_word' id='word_1_800' title='bbox 974 5390 1285 5470; x_wconf 54' lang='grc' dir='ltr'>βούλονται.</span> <span class='ocrx_word' id='word_1_801' title='bbox 1332 5396 1423 5470; x_wconf 72' lang='lat' dir='ltr'><strong>Sic</strong></span> <span class='ocrx_word' id='word_1_802' title='bbox 1475 5396 1618 5470; x_wconf 51' lang='lat' dir='ltr'><strong>item</strong></span> <span class='ocrx_word' id='word_1_803' title='bbox 1676 5390 1783 5450; x_wconf 80' lang='lat' dir='ltr'><strong>alii</strong></span> <span class='ocrx_word' id='word_1_804' title='bbox 1821 5403 1868 5470; x_wconf 72' lang='lat' dir='ltr'><strong>et</strong></span> 
     </span>
    </p>
   </div>
   <div class='ocr_carea' id='block_1_99' title="bbox 213 5462 1871 5533">
    <p class='ocr_par' dir='ltr' id='par_1_99' title="bbox 213 5462 1871 5533">
     <span class='ocr_line' id='line_1_99' title="bbox 213 5462 1871 5533; baseline 0 -13"><span class='ocrx_word' id='word_1_805' title='bbox 213 5466 379 5531; x_wconf 80' lang='lat' dir='ltr'><strong>editi,</strong></span> <span class='ocrx_word' id='word_1_806' title='bbox 409 5469 509 5521; x_wconf 88' lang='lat' dir='ltr'><strong>sed</strong></span> <span class='ocrx_word' id='word_1_807' title='bbox 547 5462 783 5523; x_wconf 79' lang='lat' dir='ltr'><strong>omissis</strong></span> <span class='ocrx_word' id='word_1_808' title='bbox 815 5468 906 5521; x_wconf 84' lang='lat' dir='ltr'><strong>his</strong></span> <span class='ocrx_word' id='word_1_809' title='bbox 955 5462 1172 5533; x_wconf 70' lang='lat' dir='ltr'><strong>verbis,</strong></span> <span class='ocrx_word' id='word_1_810' title='bbox 1227 5466 1364 5519; x_wconf 73' lang='grc' dir='ltr'>κατὰ</span> <span class='ocrx_word' id='word_1_811' title='bbox 1419 5462 1723 5520; x_wconf 76' lang='grc' dir='ltr'>Σαϐἑλλιον</span> <span class='ocrx_word' id='word_1_812' title='bbox 1781 5466 1871 5520; x_wconf 82' lang='grc' dir='ltr'><strong>καὶ</strong></span> 
     </span>
    </p>
   </div>
   <div class='ocr_carea' id='block_1_100' title="bbox 219 5537 1869 5627">
    <p class='ocr_par' dir='ltr' id='par_1_100' title="bbox 219 5537 1869 5627">
     <span class='ocr_line' id='line_1_100' title="bbox 219 5537 1869 5627; baseline 0.001 -35"><span class='ocrx_word' id='word_1_813' title='bbox 219 5537 972 5627; x_wconf 36' lang='lat' dir='ltr'><strong>:‘Aﬁstové’ibi‘demdiog},</strong></span> <span class='ocrx_word' id='word_1_814' title='bbox 1005 5546 1059 5594; x_wconf 84' lang='lat' dir='ltr'><strong>et</strong></span> <span class='ocrx_word' id='word_1_815' title='bbox 1087 5544 1304 5610; x_wconf 84' lang='lat' dir='ltr'><strong>Seguer</strong></span> <span class='ocrx_word' id='word_1_816' title='bbox 1334 5582 1347 5606; x_wconf 95' lang='lat'><strong>,</strong></span> <span class='ocrx_word' id='word_1_817' title='bbox 1392 5537 1585 5613; x_wconf 68' lang='grc' dir='ltr'>Εἲγᾶρ</span> <span class='ocrx_word' id='word_1_818' title='bbox 1648 5538 1722 5610; x_wconf 86' lang='grc' dir='ltr'>μή</span> <span class='ocrx_word' id='word_1_819' title='bbox 1782 5537 1869 5604; x_wconf 72' lang='grc' dir='ltr'>ἦν.</span> 
     </span>
    </p>
   </div>
   <div class='ocr_carea' id='block_1_101' title="bbox 218 5556 981 5683">
    <p class='ocr_par' dir='ltr' id='par_1_101' title="bbox 218 5556 981 5683">
     <span class='ocr_line' id='line_1_101' title="bbox 240 5556 972 5666; baseline 0.001 -74"><span class='ocrx_word' id='word_1_820' title='bbox 240 5556 458 5666; x_wconf 57' lang='grc' dir='ltr'>Λάρειον.</span> <span class='ocrx_word' id='word_1_821' title='bbox 499 5556 719 5594; x_wconf 77' lang='lat' dir='ltr'><strong>Ibidem</strong></span> <span class='ocrx_word' id='word_1_822' title='bbox 753 5556 886 5627; x_wconf 68' lang='lat' dir='ltr'><strong>ﬂag.</strong></span> <span class='ocrx_word' id='word_1_823' title='bbox 923 5556 972 5603; x_wconf 85' lang='lat'><strong>1,</strong></span> 
     </span>
     <span class='ocr_line' id='line_1_102' title="bbox 218 5607 981 5683; baseline -0.005 -18"><span class='ocrx_word' id='word_1_824' title='bbox 218 5610 258 5665; x_wconf 86' lang='lat' dir='ltr'><strong>E</strong></span> <span class='ocrx_word' id='word_1_825' title='bbox 305 5614 394 5681; x_wconf 75' lang='grc' dir='ltr'>ιιι,</span> <span class='ocrx_word' id='word_1_826' title='bbox 427 5608 493 5666; x_wconf 77' lang='grc' dir='ltr'><strong>Εἰ</strong></span> <span class='ocrx_word' id='word_1_827' title='bbox 525 5611 626 5683; x_wconf 74' lang='grc' dir='ltr'><strong>γὰρ</strong></span> <span class='ocrx_word' id='word_1_828' title='bbox 660 5607 746 5663; x_wconf 75' lang='grc' dir='ltr'><strong>καὶ</strong></span> <span class='ocrx_word' id='word_1_829' title='bbox 784 5631 858 5682; x_wconf 86' lang='grc' dir='ltr'><strong>μη</strong></span> <span class='ocrx_word' id='word_1_830' title='bbox 892 5608 981 5678; x_wconf 72' lang='grc' dir='ltr'><strong>ἦν,</strong></span> 
     </span>
    </p>
   </div>
   <div class='ocr_carea' id='block_1_102' title="bbox 286 5698 1873 5783">
    <p class='ocr_par' dir='ltr' id='par_1_102' title="bbox 286 5698 1873 5783">
     <span class='ocr_line' id='line_1_103' title="bbox 286 5698 1873 5783; baseline 0.001 -29"><span class='ocrx_word' id='word_1_831' title='bbox 427 5699 653 5783; x_wconf 51' lang='grc' dir='ltr'>Ρεοεᾼ,</span> <span class='ocrx_word' id='word_1_832' title='bbox 685 5700 948 5783; x_wconf 57' lang='grc' dir='ltr'><strong>ἣεευθιεη</strong></span> <span class='ocrx_word' id='word_1_833' title='bbox 981 5698 1086 5753; x_wconf 80' lang='grc' dir='ltr'>ἀπὸ</span> <span class='ocrx_word' id='word_1_834' title='bbox 1112 5701 1208 5753; x_wconf 83' lang='grc' dir='ltr'><strong>τοῦ</strong></span> <span class='ocrx_word' id='word_1_835' title='bbox 1256 5698 1492 5774; x_wconf 83' lang='grc' dir='ltr'>Πατρός.</span> <span class='ocrx_word' id='word_1_836' title='bbox 1528 5703 1592 5755; x_wconf 90' lang='lat' dir='ltr'><strong>In</strong></span> <span class='ocrx_word' id='word_1_837' title='bbox 1624 5698 1761 5755; x_wconf 78' lang='lat' dir='ltr'><strong>aliis</strong></span> <span class='ocrx_word' id='word_1_838' title='bbox 1815 5702 1873 5756; x_wconf 87' lang='lat' dir='ltr'><strong>et</strong></span> 
     </span>
    </p>
   </div>
   <div class='ocr_carea' id='block_1_103' title="bbox 224 5769 752 5829">
    <p class='ocr_par' dir='ltr' id='par_1_103' title="bbox 224 5769 752 5829">
     <span class='ocr_line' id='line_1_104' title="bbox 224 5769 752 5829; baseline 0 -2"><span class='ocrx_word' id='word_1_839' title='bbox 224 5769 397 5829; x_wconf 77' lang='lat' dir='ltr'><strong>editis</strong></span> <span class='ocrx_word' id='word_1_840' title='bbox 430 5769 596 5828; x_wconf 85' lang='lat' dir='ltr'><strong>deest</strong></span> <span class='ocrx_word' id='word_1_841' title='bbox 626 5769 752 5827; x_wconf 82' lang='grc' dir='ltr'>ἀπό.</span> 
     </span>
    </p>
   </div>
   <div class='ocr_carea' id='block_1_104' title="bbox 2060 4680 3637 4772">
    <p class='ocr_par' dir='ltr' id='par_1_104' title="bbox 2060 4680 3637 4772">
     <span class='ocr_line' id='line_1_105' title="bbox 2060 4680 3637 4772; baseline 0.003 -39"><span class='ocrx_word' id='word_1_842' title='bbox 2060 4680 2174 4772; x_wconf 61' lang='grc'>(78)</span> <span class='ocrx_word' id='word_1_843' title='bbox 2207 4681 2342 4752; x_wconf 80' lang='lat' dir='ltr'><strong>Reg.</strong></span> <span class='ocrx_word' id='word_1_844' title='bbox 2381 4683 2429 4751; x_wconf 85' lang='lat' dir='ltr'><strong>l,</strong></span> <span class='ocrx_word' id='word_1_845' title='bbox 2463 4686 2519 4735; x_wconf 89' lang='lat' dir='ltr'><strong>et</strong></span> <span class='ocrx_word' id='word_1_846' title='bbox 2549 4681 2806 4752; x_wconf 84' lang='lat' dir='ltr'><strong>Seguer.,</strong></span> <span class='ocrx_word' id='word_1_847' title='bbox 2838 4683 2872 4749; x_wconf 83' lang='grc' dir='ltr'>ἡ</span> <span class='ocrx_word' id='word_1_848' title='bbox 2908 4682 3069 4751; x_wconf 75' lang='grc' dir='ltr'>αὐτή.</span> <span class='ocrx_word' id='word_1_849' title='bbox 3107 4682 3254 4737; x_wconf 81' lang='lat' dir='ltr'><strong>Editi</strong></span> <span class='ocrx_word' id='word_1_850' title='bbox 3313 4688 3367 4737; x_wconf 90' lang='lat' dir='ltr'><strong>et</strong></span> <span class='ocrx_word' id='word_1_851' title='bbox 3427 4682 3547 4752; x_wconf 89' lang='lat' dir='ltr'><strong>alii,</strong></span> <span class='ocrx_word' id='word_1_852' title='bbox 3602 4684 3637 4751; x_wconf 78' lang='grc' dir='ltr'><strong>ἡ</strong></span> 
     </span>
    </p>
   </div>
   <div class='ocr_carea' id='block_1_105' title="bbox 1990 4771 2237 4807">
    <p class='ocr_par' dir='ltr' id='par_1_105' title="bbox 1990 4771 2237 4807">
     <span class='ocr_line' id='line_1_106' title="bbox 1990 4771 2237 4807; baseline 0.016 -3"><span class='ocrx_word' id='word_1_853' title='bbox 1990 4771 2213 4807; x_wconf 84' lang='grc' dir='ltr'>τοιαυτη</span> <span class='ocrx_word' id='word_1_854' title='bbox 2225 4794 2237 4807; x_wconf 79' lang='grc' dir='ltr'><strong>ο</strong></span> 
     </span>
    </p>
   </div>
   <div class='ocr_carea' id='block_1_106' title="bbox 2062 4772 3627 4895">
    <p class='ocr_par' dir='ltr' id='par_1_106' title="bbox 2062 4772 3627 4895">
     <span class='ocr_line' id='line_1_107' title="bbox 2062 4772 3627 4895; baseline 0 -18"><span class='ocrx_word' id='word_1_855' title='bbox 2062 4772 2351 4895; x_wconf 47' lang='grc' dir='ltr'>(ξξςηίὶθς.</span> <span class='ocrx_word' id='word_1_856' title='bbox 2388 4826 2438 4893; x_wconf 90' lang='grc'><strong>1,</strong></span> <span class='ocrx_word' id='word_1_857' title='bbox 2473 4829 2527 4879; x_wconf 90' lang='lat' dir='ltr'><strong>et</strong></span> <span class='ocrx_word' id='word_1_858' title='bbox 2554 4829 2811 4895; x_wconf 79' lang='lat' dir='ltr'><strong>Seguer.,</strong></span> <span class='ocrx_word' id='word_1_859' title='bbox 2844 4821 2939 4877; x_wconf 81' lang='grc' dir='ltr'>τοῦ</span> <span class='ocrx_word' id='word_1_860' title='bbox 2972 4822 3124 4881; x_wconf 83' lang='grc' dir='ltr'>Θεοῦ.</span> <span class='ocrx_word' id='word_1_861' title='bbox 3163 4825 3330 4890; x_wconf 73' lang='lat' dir='ltr'><strong>Editi,</strong></span> <span class='ocrx_word' id='word_1_862' title='bbox 3395 4830 3451 4880; x_wconf 86' lang='lat' dir='ltr'><strong>et</strong></span> <span class='ocrx_word' id='word_1_863' title='bbox 3509 4824 3627 4891; x_wconf 90' lang='lat' dir='ltr'><strong>alii,</strong></span> 
     </span>
    </p>
   </div>
   <div class='ocr_carea' id='block_1_107' title="bbox 1986 4894 2345 4955">
    <p class='ocr_par' dir='ltr' id='par_1_107' title="bbox 1986 4894 2345 4955">
     <span class='ocr_line' id='line_1_108' title="bbox 1986 4894 2345 4955; baseline 0.008 -8"><span class='ocrx_word' id='word_1_864' title='bbox 1986 4897 2083 4948; x_wconf 89' lang='grc' dir='ltr'><strong>τοῦ</strong></span> <span class='ocrx_word' id='word_1_865' title='bbox 2115 4894 2345 4955; x_wconf 84' lang='grc' dir='ltr'>Πατρός.</span> 
     </span>
    </p>
   </div>
   <div class='ocr_carea' id='block_1_108' title="bbox 2060 4914 3635 5039">
    <p class='ocr_par' dir='ltr' id='par_1_108' title="bbox 2060 4914 3635 5039">
     <span class='ocr_line' id='line_1_109' title="bbox 2060 4914 3635 5039; baseline 0.002 -20"><span class='ocrx_word' id='word_1_866' title='bbox 2060 4914 2384 5039; x_wconf 46' lang='grc' dir='ltr'><strong>(83ῗῖἕὲῐῖίο</strong></span> <span class='ocrx_word' id='word_1_867' title='bbox 2416 4966 2535 5020; x_wconf 71' lang='grc' dir='ltr'><strong>Ι]ωο</strong></span> <span class='ocrx_word' id='word_1_868' title='bbox 2568 4967 2626 5039; x_wconf 87' lang='lat' dir='ltr'><strong>S.</strong></span> <span class='ocrx_word' id='word_1_869' title='bbox 2661 4967 2962 5022; x_wconf 87' lang='lat' dir='ltr'><strong>Athanasii</strong></span> <span class='ocrx_word' id='word_1_870' title='bbox 3010 4968 3177 5021; x_wconf 54' lang='lat' dir='ltr'><strong>verba</strong></span> <span class='ocrx_word' id='word_1_871' title='bbox 3214 4970 3374 5037; x_wconf 84' lang='lat' dir='ltr'><strong>putet</strong></span> <span class='ocrx_word' id='word_1_872' title='bbox 3404 4966 3635 5039; x_wconf 76' lang='lat' dir='ltr'><strong>ofﬁcere</strong></span> 
     </span>
    </p>
   </div>
   <div class='ocr_carea' id='block_1_109' title="bbox 1988 5037 3637 5108">
    <p class='ocr_par' dir='ltr' id='par_1_109' title="bbox 1988 5037 3637 5108">
     <span class='ocr_line' id='line_1_110' title="bbox 1988 5037 3637 5108; baseline 0 -15"><span class='ocrx_word' id='word_1_873' title='bbox 1988 5037 2325 5095; x_wconf 75' lang='lat' dir='ltr'><strong>saneturum</strong></span> <span class='ocrx_word' id='word_1_874' title='bbox 2377 5038 2749 5093; x_wconf 85' lang='lat' dir='ltr'><strong>invocationi.</strong></span> <span class='ocrx_word' id='word_1_875' title='bbox 2794 5039 3055 5107; x_wconf 85' lang='lat' dir='ltr'><strong>Namque</strong></span> <span class='ocrx_word' id='word_1_876' title='bbox 3104 5054 3234 5091; x_wconf 90' lang='lat' dir='ltr'><strong>cum</strong></span> <span class='ocrx_word' id='word_1_877' title='bbox 3268 5037 3503 5108; x_wconf 83' lang='lat' dir='ltr'><strong>angelos</strong></span> <span class='ocrx_word' id='word_1_878' title='bbox 3533 5043 3637 5093; x_wconf 90' lang='lat' dir='ltr'><strong>aut</strong></span> 
     </span>
    </p>
   </div>
   <div class='ocr_carea' id='block_1_110' title="bbox 1987 5109 3634 5175">
    <p class='ocr_par' dir='ltr' id='par_1_110' title="bbox 1987 5109 3634 5175">
     <span class='ocr_line' id='line_1_111' title="bbox 1987 5109 3634 5175; baseline 0.001 -11"><span class='ocrx_word' id='word_1_879' title='bbox 1987 5116 2224 5167; x_wconf 90' lang='lat' dir='ltr'><strong>sanctos</strong></span> <span class='ocrx_word' id='word_1_880' title='bbox 2254 5112 2613 5173; x_wconf 88' lang='lat' dir='ltr'><strong>invocamus,</strong></span> <span class='ocrx_word' id='word_1_881' title='bbox 2670 5128 2783 5164; x_wconf 88' lang='lat' dir='ltr'><strong>nnn</strong></span> <span class='ocrx_word' id='word_1_882' title='bbox 2827 5112 2896 5164; x_wconf 83' lang='lat' dir='ltr'><strong>ab</strong></span> <span class='ocrx_word' id='word_1_883' title='bbox 2926 5109 3065 5175; x_wconf 89' lang='lat' dir='ltr'><strong>illis,</strong></span> <span class='ocrx_word' id='word_1_884' title='bbox 3116 5111 3214 5163; x_wconf 86' lang='lat' dir='ltr'><strong>sed</strong></span> <span class='ocrx_word' id='word_1_885' title='bbox 3250 5126 3282 5162; x_wconf 72' lang='grc' dir='ltr'>τι</span> <span class='ocrx_word' id='word_1_886' title='bbox 3315 5109 3428 5164; x_wconf 92' lang='lat' dir='ltr'><strong>Deo</strong></span> <span class='ocrx_word' id='word_1_887' title='bbox 3459 5110 3634 5166; x_wconf 85' lang='lat' dir='ltr'><strong>hono-</strong></span> 
     </span>
    </p>
   </div>
   <div class='ocr_carea' id='block_1_111' title="bbox 1986 5182 3633 5253">
    <p class='ocr_par' dir='ltr' id='par_1_111' title="bbox 1986 5182 3633 5253">
     <span class='ocr_line' id='line_1_112' title="bbox 1986 5182 3633 5253; baseline 0.001 -17"><span class='ocrx_word' id='word_1_888' title='bbox 1986 5199 2117 5238; x_wconf 89' lang='lat' dir='ltr'><strong>rum</strong></span> <span class='ocrx_word' id='word_1_889' title='bbox 2149 5183 2410 5239; x_wconf 91' lang='lat' dir='ltr'><strong>omnium</strong></span> <span class='ocrx_word' id='word_1_890' title='bbox 2468 5188 2701 5236; x_wconf 88' lang='lat' dir='ltr'><strong>auctore</strong></span> <span class='ocrx_word' id='word_1_891' title='bbox 2733 5197 2856 5249; x_wconf 75' lang='lat' dir='ltr'><strong>quae</strong></span> <span class='ocrx_word' id='word_1_892' title='bbox 2892 5182 3163 5251; x_wconf 80' lang='lat' dir='ltr'><strong>petimus,</strong></span> <span class='ocrx_word' id='word_1_893' title='bbox 3210 5182 3357 5253; x_wconf 89' lang='lat' dir='ltr'><strong>ipsis</strong></span> <span class='ocrx_word' id='word_1_894' title='bbox 3388 5183 3633 5238; x_wconf 89' lang='lat' dir='ltr'><strong>interce-</strong></span> 
     </span>
    </p>
   </div>
   <div class='ocr_carea' id='block_1_112' title="bbox 1986 5254 3011 5323">
    <p class='ocr_par' dir='ltr' id='par_1_112' title="bbox 1986 5254 3011 5323">
     <span class='ocr_line' id='line_1_113' title="bbox 1986 5254 3011 5323; baseline -0.002 -15"><span class='ocrx_word' id='word_1_895' title='bbox 1986 5254 2282 5320; x_wconf 88' lang='lat' dir='ltr'><strong>dentibus,</strong></span> <span class='ocrx_word' id='word_1_896' title='bbox 2312 5255 2653 5308; x_wconf 87' lang='lat' dir='ltr'><strong>obtenturos</strong></span> <span class='ocrx_word' id='word_1_897' title='bbox 2685 5269 3011 5323; x_wconf 83' lang='lat' dir='ltr'><strong>speramus.</strong></span> 
     </span>
    </p>
   </div>
   <div class='ocr_carea' id='block_1_113' title="bbox 2054 5328 3627 5421">
    <p class='ocr_par' dir='ltr' id='par_1_113' title="bbox 2054 5328 3627 5421">
     <span class='ocr_line' id='line_1_114' title="bbox 2054 5328 3627 5421; baseline 0.001 -33"><span class='ocrx_word' id='word_1_898' title='bbox 2054 5334 2453 5421; x_wconf 45' lang='lat' dir='ltr'><strong>($1)&#39;Uterq_uc</strong></span> <span class='ocrx_word' id='word_1_899' title='bbox 2486 5332 2695 5421; x_wconf 61' lang='lat' dir='ltr'><strong>Regius</strong></span> <span class='ocrx_word' id='word_1_900' title='bbox 2728 5337 2783 5421; x_wconf 61' lang='lat' dir='ltr'><strong>et</strong></span> <span class='ocrx_word' id='word_1_901' title='bbox 2831 5336 3099 5421; x_wconf 33' lang='lat' dir='ltr'><strong>Seguer.;</strong></span> <span class='ocrx_word' id='word_1_902' title='bbox 3143 5328 3234 5415; x_wconf 78' lang='grc' dir='ltr'>καί</span> <span class='ocrx_word' id='word_1_903' title='bbox 3293 5332 3327 5421; x_wconf 79' lang='grc' dir='ltr'><strong>ὁ¹</strong></span> <span class='ocrx_word' id='word_1_904' title='bbox 3378 5329 3627 5421; x_wconf 59' lang='grc' dir='ltr'>ἅγγελίος.</span> 
     </span>
    </p>
   </div>
   <div class='ocr_carea' id='block_1_114' title="bbox 1985 5400 3628 5493">
    <p class='ocr_par' dir='ltr' id='par_1_114' title="bbox 1985 5400 3628 5493">
     <span class='ocr_line' id='line_1_115' title="bbox 1985 5400 3628 5493; baseline -0.001 -33"><span class='ocrx_word' id='word_1_905' title='bbox 1985 5400 2185 5460; x_wconf 63' lang='grc' dir='ltr'><strong>Οδιὲιθτῑ</strong></span> <span class='ocrx_word' id='word_1_906' title='bbox 2219 5400 2861 5493; x_wconf 27' lang='grc' dir='ltr'>ΘῐὶθνᾶἱίίἈκαὶέᾶγ-ίελος.</span> <span class='ocrx_word' id='word_1_907' title='bbox 2888 5406 3022 5493; x_wconf 44' lang='lat' dir='ltr'><strong>Mox</strong></span> <span class='ocrx_word' id='word_1_908' title='bbox 3064 5404 3276 5493; x_wconf 54' lang='lat' dir='ltr'><strong>l‘iegius</strong></span> <span class='ocrx_word' id='word_1_909' title='bbox 3310 5407 3357 5472; x_wconf 91' lang='grc'><strong>1,</strong></span> <span class='ocrx_word' id='word_1_910' title='bbox 3394 5400 3476 5493; x_wconf 46' lang='grc' dir='ltr'><strong>ἐξ</strong></span> <span class='ocrx_word' id='word_1_911' title='bbox 3530 5410 3628 5459; x_wconf 82' lang='lat' dir='ltr'><strong>Se-</strong></span> 
     </span>
    </p>
   </div>
   <div class='ocr_carea' id='block_1_115' title="bbox 1983 5471 3479 5548">
    <p class='ocr_par' dir='ltr' id='par_1_115' title="bbox 1983 5471 3479 5548">
     <span class='ocr_line' id='line_1_116' title="bbox 1983 5471 3479 5548; baseline -0.002 -17"><span class='ocrx_word' id='word_1_912' title='bbox 1983 5491 2170 5548; x_wconf 91' lang='lat' dir='ltr'><strong>guer.,</strong></span> <span class='ocrx_word' id='word_1_913' title='bbox 2204 5474 2293 5527; x_wconf 84' lang='grc' dir='ltr'>καὶ</span> <span class='ocrx_word' id='word_1_914' title='bbox 2326 5471 2552 5541; x_wconf 76' lang='grc' dir='ltr'>ἐνοειδῆ.</span> <span class='ocrx_word' id='word_1_915' title='bbox 2586 5471 2730 5529; x_wconf 65' lang='grc' dir='ltr'><strong>Εόῖἰὶ</strong></span> <span class='ocrx_word' id='word_1_916' title='bbox 2764 5481 2819 5529; x_wconf 89' lang='lat' dir='ltr'><strong>et</strong></span> <span class='ocrx_word' id='word_1_917' title='bbox 2851 5474 2970 5544; x_wconf 85' lang='lat' dir='ltr'><strong>alii,</strong></span> <span class='ocrx_word' id='word_1_918' title='bbox 3001 5474 3090 5527; x_wconf 76' lang='grc' dir='ltr'><strong>καὶ</strong></span> <span class='ocrx_word' id='word_1_919' title='bbox 3120 5471 3217 5541; x_wconf 69' lang='grc' dir='ltr'><strong>τῆν</strong></span> <span class='ocrx_word' id='word_1_920' title='bbox 3252 5471 3479 5542; x_wconf 76' lang='grc' dir='ltr'>ἒνοειδῆ.</span> 
     </span>
    </p>
   </div>
   <div class='ocr_carea' id='block_1_116' title="bbox 2056 5555 3623 5635">
    <p class='ocr_par' dir='ltr' id='par_1_116' title="bbox 2056 5555 3623 5635">
     <span class='ocr_line' id='line_1_117' title="bbox 2056 5555 3623 5635; baseline 0.001 -26"><span class='ocrx_word' id='word_1_921' title='bbox 2056 5556 2166 5635; x_wconf 53' lang='lat'><strong>(82)</strong></span> <span class='ocrx_word' id='word_1_922' title='bbox 2199 5556 2332 5635; x_wconf 79' lang='lat' dir='ltr'><strong>Reg,</strong></span> <span class='ocrx_word' id='word_1_923' title='bbox 2367 5555 2417 5620; x_wconf 84' lang='lat' dir='ltr'><strong>l,</strong></span> <span class='ocrx_word' id='word_1_924' title='bbox 2453 5556 2603 5635; x_wconf 66' lang='lat' dir='ltr'><strong>§_e_g._</strong></span> <span class='ocrx_word' id='word_1_925' title='bbox 2633 5559 2688 5635; x_wconf 85' lang='lat' dir='ltr'><strong>et</strong></span> <span class='ocrx_word' id='word_1_926' title='bbox 2743 5555 2980 5635; x_wconf 64' lang='lat' dir='ltr'><strong>Graecus</strong></span> <span class='ocrx_word' id='word_1_927' title='bbox 3038 5556 3350 5635; x_wconf 71' lang='lat' dir='ltr'><strong>Scriptura:</strong></span> <span class='ocrx_word' id='word_1_928' title='bbox 3410 5560 3623 5624; x_wconf 85' lang='lat' dir='ltr'><strong>textus,</strong></span> 
     </span>
    </p>
   </div>
   <div class='ocr_carea' id='block_1_117' title="bbox 1983 5623 3355 5703">
    <p class='ocr_par' dir='ltr' id='par_1_117' title="bbox 1983 5623 3355 5703">
     <span class='ocr_line' id='line_1_118' title="bbox 1983 5623 3355 5703; baseline 0.001 -23"><span class='ocrx_word' id='word_1_929' title='bbox 1983 5627 2010 5680; x_wconf 90' lang='lat'><strong>6</strong></span> <span class='ocrx_word' id='word_1_930' title='bbox 2046 5623 2308 5703; x_wconf 45' lang='lat' dir='ltr'><strong>puppi-avoc</strong></span> <span class='ocrx_word' id='word_1_931' title='bbox 2337 5645 2421 5703; x_wconf 84' lang='grc' dir='ltr'><strong>με.</strong></span> <span class='ocrx_word' id='word_1_932' title='bbox 2459 5623 2607 5681; x_wconf 71' lang='lat' dir='ltr'><strong>Editi</strong></span> <span class='ocrx_word' id='word_1_933' title='bbox 2638 5631 2694 5703; x_wconf 72' lang='lat' dir='ltr'><strong>e_t</strong></span> <span class='ocrx_word' id='word_1_934' title='bbox 2724 5626 2842 5703; x_wconf 83' lang='lat' dir='ltr'><strong>alii,</strong></span> <span class='ocrx_word' id='word_1_935' title='bbox 2877 5626 2904 5679; x_wconf 89' lang='lat'><strong>6</strong></span> <span class='ocrx_word' id='word_1_936' title='bbox 2937 5623 3235 5703; x_wconf 52' lang='lat' dir='ltr'><strong>(incauteve:</strong></span> <span class='ocrx_word' id='word_1_937' title='bbox 3271 5646 3355 5703; x_wconf 76' lang='grc' dir='ltr'><strong>με.</strong></span> 
     </span>
    </p>
   </div>
   <div class='ocr_carea' id='block_1_118' title="bbox 2052 5647 3626 5772">
    <p class='ocr_par' dir='ltr' id='par_1_118' title="bbox 2052 5647 3626 5772">
     <span class='ocr_line' id='line_1_119' title="bbox 2052 5647 3355 5701; baseline 0 -20"><span class='ocrx_word' id='word_1_938' title='bbox 2052 5647 2142 5681; x_wconf 72' lang='grc' dir='ltr'><strong>9υο</strong></span> <span class='ocrx_word' id='word_1_939' title='bbox 2195 5647 2308 5685; x_wconf 79' lang='grc' dir='ltr'>ενος</span> <span class='ocrx_word' id='word_1_940' title='bbox 2337 5647 2421 5697; x_wconf 83' lang='grc' dir='ltr'><strong>με.</strong></span> <span class='ocrx_word' id='word_1_941' title='bbox 2459 5647 2607 5681; x_wconf 63' lang='grc' dir='ltr'><strong>Βιαιῑι</strong></span> <span class='ocrx_word' id='word_1_942' title='bbox 2638 5647 2694 5681; x_wconf 53' lang='lat' dir='ltr'>et</span> <span class='ocrx_word' id='word_1_943' title='bbox 2724 5647 2842 5695; x_wconf 70' lang='lat' dir='ltr'><strong>al&quot;,</strong></span> <span class='ocrx_word' id='word_1_944' title='bbox 2877 5647 2904 5679; x_wconf 87' lang='lat'><strong>0</strong></span> <span class='ocrx_word' id='word_1_945' title='bbox 2937 5647 3235 5701; x_wconf 80' lang='grc' dir='ltr'>ρυσαμενος</span> <span class='ocrx_word' id='word_1_946' title='bbox 3271 5647 3355 5699; x_wconf 81' lang='grc' dir='ltr'><strong>με.</strong></span> 
     </span>
     <span class='ocr_line' id='line_1_120' title="bbox 2052 5647 3626 5772; baseline 0.001 -17"><span class='ocrx_word' id='word_1_947' title='bbox 2052 5647 2290 5771; x_wconf 41' lang='grc' dir='ltr'>(83ςλ8ἱο</span> <span class='ocrx_word' id='word_1_948' title='bbox 2347 5702 2594 5772; x_wconf 88' lang='lat' dir='ltr'><strong>uterque</strong></span> <span class='ocrx_word' id='word_1_949' title='bbox 2650 5698 2861 5772; x_wconf 71' lang='lat' dir='ltr'><strong>Regius</strong></span> <span class='ocrx_word' id='word_1_950' title='bbox 2916 5704 2972 5756; x_wconf 88' lang='lat' dir='ltr'><strong>et</strong></span> <span class='ocrx_word' id='word_1_951' title='bbox 3027 5702 3260 5770; x_wconf 82' lang='lat' dir='ltr'><strong>Seguer.</strong></span> <span class='ocrx_word' id='word_1_952' title='bbox 3312 5701 3383 5756; x_wconf 85' lang='lat' dir='ltr'><strong>At</strong></span> <span class='ocrx_word' id='word_1_953' title='bbox 3412 5698 3508 5756; x_wconf 91' lang='lat' dir='ltr'><strong>alii</strong></span> <span class='ocrx_word' id='word_1_954' title='bbox 3568 5704 3626 5757; x_wconf 88' lang='lat' dir='ltr'><strong>et</strong></span> 
     </span>
    </p>
   </div>
   <div class='ocr_carea' id='block_1_119' title="bbox 1980 5771 2792 5843">
    <p class='ocr_par' dir='ltr' id='par_1_119' title="bbox 1980 5771 2792 5843">
     <span class='ocr_line' id='line_1_121' title="bbox 1980 5771 2792 5843; baseline 0.002 -16"><span class='ocrx_word' id='word_1_955' title='bbox 1980 5771 2141 5843; x_wconf 80' lang='lat' dir='ltr'><strong>editi,</strong></span> <span class='ocrx_word' id='word_1_956' title='bbox 2174 5776 2459 5843; x_wconf 82' lang='grc' dir='ltr'>συνῆπται,</span> <span class='ocrx_word' id='word_1_957' title='bbox 2493 5771 2792 5831; x_wconf 83' lang='lat' dir='ltr'><strong>mendose.</strong></span> 
     </span>
    </p>
   </div>
  </div>
