4074 6350
323 484 432 544 349

1432 482 1725 545 ORATIO
1769 485 1846 544 Ill
1893 484 2201 544 CONTRA
2250 486 2613 546 AItlANOS.

3604 483 3724 544 350

324 614 408 669 καὶ
486 614 711 687 αῦξήσαι
796 637 852 670 σε
938 615 1026 670 καὶ
1112 614 1381 686 πληθυνεῖ
1456 636 1533 683 σε,
1593 615 1682 670 καὶ
1739 611 1830 688 ἔσῃ
1882 613 1950 677 εἷς

2074 615 2226 672 alius
2258 634 2435 689 quam
2466 618 2565 674 Dei
2597 622 2687 674 est
2716 617 3053 674 benedicere
3083 622 3138 673 et
3166 616 3492 687 liberara,si
3523 617 3720 674 nullus

324 704 628 779 συναγωγὰς
715 703 879 768 ἐθνῶν
918 750 931 773 ,
990 706 1078 761 καὶ
1174 702 1288 778 δῴη
1364 725 1447 759 σοι
1533 706 1631 773 τὴν
1718 702 1963 779 εὐλογίαν

325 788 567 867 Ἀϐραὰμ
620 798 719 848 τοῦ
776 794 979 868 πατρός
1043 816 1167 868 μου.
1201 794 1264 851 Ei
1326 792 1383 849 δὲ
1441 793 1538 849 οὐκ
1594 791 1767 849 ἄλλου
1817 792 1960 855 τινός

323 882 426 937 ἐστι
460 884 519 937 τὸ
551 882 795 960 εὐλογεῖν
821 883 909 938 καὶ
934 885 997 939 τὸ
1046 884 1261 960 ῥύεσθαι
1293 886 1427 957 (94),
1458 884 1492 952 ἢ
1540 887 1639 938 τοῦ
1686 887 1839 948 Θεοῦ,
1870 882 1960 936 καὶ

322 971 415 1027 οὐκ
467 970 641 1034 ἄλλος
698 994 781 1034 τις
830 972 897 1042 ἦν
957 973 985 1026 6
1038 971 1303 1049 ῥυόμενος
1334 974 1425 1027 τὸν
1452 968 1646 1029 Ἰακὼϐ
1676 973 1711 1041 ἢ
1743 971 1901 1033 αὐτὸς
1932 970 1960 1022 6

322 1060 537 1135 Κύριος,
568 1062 659 1116 τὸν
704 1059 761 1116 δὲ
811 1060 1074 1137 ῥυόμενον
1134 1060 1291 1116 αὐτὸν
1320 1063 1348 1116 6
1379 1063 1727 1137 πατριάρχης
1775 1060 1960 1116 ἐπεκα-

320 1148 461 1204 λεῖτο
519 1151 608 1205 ἐπὶ
667 1150 793 1212 τοὺς
845 1149 1097 1226 ἐκγόνους
1146 1152 1277 1225 (95)·
1313 1148 1482 1220 δῆλόν
1530 1150 1695 1219 ἐστιν,
1728 1152 1803 1211 ὡς
1860 1151 1960 1205 οὐκ

318 1237 481 1293 ἄλλον
514 1238 567 1293 ἐν
598 1238 667 1313 τῇ
697 1238 833 1315 εὐχῇ
864 1243 1096 1303 συνῆπτε
1125 1238 1202 1312 τῷ
1234 1244 1349 1312 Θεῷ
1388 1239 1423 1308 ἢ
1472 1241 1565 1295 τὸν
1607 1240 1803 1294 τούτου
1852 1241 1957 1294 Λό-

317 1350 426 1403 γον,
457 1329 516 1383 ’ὀν
572 1326 660 1384 διὰ
716 1334 875 1383 τοῦτο
938 1329 1026 1383 καὶ
1087 1328 1313 1404 ἄγγελον
1344 1329 1615 1395 ἐκάλεσεν,
1650 1328 1731 1383 ὅτι
1791 1330 1956 1401 μόνος

316 1418 466 1479 οὗτός
516 1416 659 1471 ἔστιν
707 1419 734 1472 6
779 1417 1180 1473 ἀποκαλύπτων
1220 1419 1310 1472 τὸν
1346 1418 1574 1492 Πατέρα’
1607 1419 1777 1492 ’Ὁπερ
1808 1416 1895 1471 καὶ
1930 1418 1957 1472 6

317 1504 651 1568 ’Δπόστολος
709 1506 879 1561 ἐποίει
936 1506 1144 1581 λέγων·
1205 1508 1370 1584 Χάρις
1431 1509 1557 1580 ὑμῖν
1615 1506 1704 1562 καὶ
1763 1506 1953 1582 εἰρήνη

314 1595 412 1649 ἀπὸ
490 1600 627 1650 Θεοῦ
700 1596 906 1671 Πατρὸς
967 1598 1126 1668 ἡμῶν
1193 1594 1281 1650 καὶ
1340 1595 1542 1672 Κυρίου
1590 1597 1766 1666 Ἰησοῦ
1821 1598 1955 1670 Χρι-

313 1688 452 1738 στοῦο
488 1680 637 1738 οὕτω
692 1685 795 1759 γὰρ
850 1683 939 1739 καὶ
992 1682 1242 1761 ἀσφαλὴς
1275 1686 1388 1757 (96)
1419 1685 1484 1753 ἦν
1530 1686 1565 1753 ἡ
1600 1683 1819 1760 εὐλογία
1869 1681 1957 1739 διὰ

308 1774 367 1827 τὸ
394 1770 701 1849 ἀδιαίρετον
732 1777 829 1827 τοῦ
872 1774 1001 1827 Υἱοῦ
1030 1772 1167 1848 πρὸς
1195 1773 1286 1826 τὸν
1316 1771 1544 1847 Πατέρα,
1575 1772 1663 1827 καὶ
1713 1773 1795 1828 ὅτι
1859 1771 1955 1846 μία

311 1861 392 1915 καὶ
439 1864 474 1931 ἡ
529 1861 665 1932 αὐτή
711 1860 854 1916 ἐστιν
899 1864 934 1931 ἡ
986 1858 1245 1934 διδομένη
1301 1863 1483 1936 χάρις.
1522 1860 1623 1915 Κᾶν
1653 1863 1755 1938 γὰρ
1782 1864 1810 1916 6
1842 1867 1954 1916 [Ια-

309 1951 406 2027 τὴρ
436 1947 582 2023 δῴη,
617 1947 705 2005 διὰ
733 1954 829 2005 τοῦ
868 1951 996 2004 Υἱοῦ
1044 1950 1157 2005 ἐστι
1199 1950 1262 2005 τὸ
1312 1947 1596 2023 διδόμενον
1632 1953 1763 2024 (97)·
1796 1950 1891 2005 κᾶν
1925 1953 1953 2006 6

311 2038 429 2100 Υἱὸς
488 2038 717 2113 λέγηται
778 2037 1113 2114 χαρίζεσθαι,
1147 2039 1175 2092 6
1236 2040 1418 2112 Πατήρ
1469 2038 1610 2093 ἐστιν
1648 2040 1676 2093 6
1721 2037 1809 2093 διὰ
1856 2042 1952 2093 τοῦ

313 2128 435 2182 Υἱοῦ
492 2127 585 2182 καὶ
643 2126 695 2182 ἐν
749 2132 829 2199 τῷ
889 2128 999 2200 Υἱῷ
1029 2129 1307 2203 παρέχων·
1341 2127 1666 2203 Εὐχαριστῶ
1694 2130 1816 2204 γὰρ,
1848 2150 1957 2205 φη-

313 2215 387 2269 σὶν
436 2216 466 2270 6
517 2214 855 2277 Ἀπόστολος
900 2216 1120 2292 γράφων
1171 2216 1501 2292 Κορινθίοις,
1548 2222 1627 2289 τῷ
1674 2221 1791 2289 Θεῷ
1851 2238 1955 2290 μου

311 2302 537 2359 πάντοτε
600 2303 722 2379 περὶ
782 2304 933 2376 ὑμῶν
983 2302 1070 2359 ἐπὶ
1127 2307 1196 2378 τῇ
1250 2303 1437 2381 χάριτι
1512 2310 1607 2359 τοῦ
1656 2310 1788 2361 Θεοῦ
1847 2308 1954 2379 (98)

306 2396 370 2467 τῇ
427 2390 646 2467 δοθείσῃ
700 2394 827 2466 ὑμῖν
884 2391 936 2447 έν
995 2394 1213 2468 Χριστῷ
1269 2395 1470 2463 Ἰησοῦ.
1522 2399 1691 2449 Τοῦτο
1750 2392 1807 2449 δὶ
1863 2395 1951 2449 καὶ

306 2480 388 2537 hri
441 2482 627 2561 φωτὸς
684 2483 774 2537 καὶ
832 2481 1250 2557 ἀπαυγάσματος
1307 2480 1367 2537 ἄν
1420 2504 1501 2545 τις
1551 2481 1677 2538 ἴδοι·
1712 2483 1800 2538 καὶ
1847 2485 1951 2560 γὰρ

2071 712 2279 776 praeter
2310 708 2501 778 ipsum
2536 708 2875 769 Dominum,
2907 707 3084 762 Jacob
3121 706 3404 771 liberavit,
3439 722 3611 778 quem
3646 704 3712 761 li-

2070 793 2392 851 beratorem
2413 797 2537 868 ipse
2564 796 2894 868 patriarcha
2916 812 3020 868 pro
3040 795 3352 868 nepotibus
3379 795 3717 851 invocabat:

2070 884 2446 955 perspicuum
2482 887 2613 940 inde
2646 892 2886 941 esteum
2922 883 3145 939 nullum
3173 883 3342 939 alium
3373 900 3507 938 cum
3531 884 3716 939 Deoin

2069 988 2179 1026 sua
2211 974 2472 1028 oratione
2506 974 2882 1045 conjunxisse
2914 981 3120 1043 praeter
3151 973 3407 1027 Verbum
3440 974 3592 1044 quod
3626 973 3717 1027 id-

2068 1058 2221 1116 circo
2253 1061 2537 1133 Angelum
2561 1062 3062 1135 appellavit,quod
3094 1060 3283 1115 solum
3311 1062 3503 1133 ipsum
3530 1062 3716 1116 Patris

2068 1149 2365 1220 impertiat
2400 1151 2811 1223 cognitionem.
2840 1150 3189 1205 Simileitem
3211 1153 3301 1205 est
3321 1150 3475 1221 quod
3512 1149 3718 1204 scribit

2066 1238 2400 1309 Apostolus,
2461 1239 2651 1295 Gratia
2702 1240 2848 1296 vobis
2896 1249 2946 1295 et
2974 1256 3085 1310 pax
3122 1256 3152 1293 α
3184 1239 3288 1293 Deo
3317 1240 3480 1293 Patre
3506 1243 3713 1307 nostro,

2065 1332 2117 1382 et
2148 1328 2373 1383 Domino
2402 1330 2531 1384 Iesu
2560 1328 2771 1384 Christo
2811 1330 2873 1383 9°.
2922 1329 3007 1383 Ita
3038 1328 3193 1383 enim
3229 1331 3354 1383 tuta
3384 1331 3509 1382 erat
3542 1328 3714 1382 bene-

2066 1415 2245 1472 dictio
2277 1433 2409 1472 cum
2444 1418 2516 1471 ob
2551 1418 2911 1472 individuam
2946 1416 3075 1472 Filii
3112 1420 3168 1471 et
3199 1415 3387 1470 Patris
3419 1420 3714 1481 naturam,

2066 1509 2191 1560 tum
2225 1506 2362 1577 quia
2395 1524 2509 1562 una
2539 1511 2595 1561 et
2623 1508 2823 1562 eadem
2856 1509 2981 1562 erat
3010 1506 3145 1561 data
3173 1504 3381 1576 gratia.
3413 1503 3558 1559 Nam
3582 1502 3718 1558 licet

2066 1594 2293 1650 dederit
2326 1594 2512 1662 Pater,
2536 1597 2689 1667 quod
2724 1600 2922 1650 tamen
2954 1596 3259 1666 datur,per
3290 1592 3497 1649 Filium
3521 1592 3712 1647 datur.

2064 1682 2338 1739 similiter
2369 1683 2503 1739 licet
2525 1683 2709 1740 Filius
2740 1685 2877 1740 dare
2908 1684 3155 1751 dicatur,
3191 1682 3358 1737 Pater
3384 1686 3473 1737 est
3493 1681 3590 1753 qui
3614 1698 3717 1754 per

2066 1771 2277 1827 Filium
2312 1777 2367 1827 et
2395 1771 2454 1827 in
2480 1772 2622 1827 Filio
2641 1773 2760 1827 dat.
2782 1772 2927 1828 Hinc
2946 1771 3256 1844 Apostolus
3280 1772 3347 1827 ad
3382 1770 3712 1827 Corinthios

2063 1860 2288 1926 scribit,
2338 1860 2556 1916 Gratias
2585 1878 2685 1930 ago
2737 1863 2840 1917 Deo
2893 1878 3007 1916 meo
3051 1877 3262 1933 semper
3301 1877 3399 1934 pro
3442 1860 3588 1916 vobis
3616 1875 3714 1930 pro

2062 1950 2216 2005 440
2246 1951 2345 2005 Dei
2372 1953 2576 2019 gratia,
2608 1966 2733 2022 qua
2756 1952 2901 2006 vobis
2924 1953 2982 2006 in
3011 1952 3227 2007 Christo
3256 1951 3383 2006 Jesu
3400 1954 3478 2005 est
3498 1950 3627 2005 data
3643 1950 3711 2003 θι.

2061 2040 2211 2104 Quin
2234 2040 2409 2096 etiam
2436 2040 2583 2095 idem
2610 2041 2765 2096 istud
2794 2040 2851 2095 in
2886 2040 3012 2096 luce
3033 2044 3090 2095 et
3120 2038 3424 2111 splendore
3446 2037 3711 2094 animad-

2064 2137 2284 2185 vertere
2314 2134 2423 2185 est.
2456 2130 2601 2184 Nam
2625 2131 2779 2202 quod
2811 2129 2912 2185 lux
2941 2129 3257 2194 illuminat,
3291 2127 3445 2184 idem
3475 2142 3711 2199 quoque

2064 2219 2343 2291 splendor
2372 2218 2688 2282 illuminat,
2721 2223 2778 2273 et
2802 2218 3057 2275 vicissim
3089 2218 3240 2290 quod
3273 2215 3709 2290 splendorillu-

2066 2308 2273 2378 minat,
2306 2307 2411 2364 hoc
2433 2307 2531 2362 lux
2558 2324 2793 2381 quoque
2816 2307 3133 2363 illuminat.
3158 2308 3249 2362 Sic
3274 2312 3440 2362 Pater
3457 2306 3708 2370 videtur,

2061 2413 2196 2452 cum
2227 2396 2457 2452 videtur
2503 2396 2707 2463 Filius,
2730 2397 2869 2469 quin
2902 2397 3027 2469 ipse
3062 2396 3247 2452 Patris
3278 2399 3368 2452 est
3409 2394 3708 2467 splendor,

2062 2491 2239 2558 atque
2279 2485 2386 2541 hoc
2418 2489 2586 2558 pacto
2619 2486 2785 2542 Pater
2817 2490 2874 2542 et
2905 2485 3089 2541 Filius
3118 2502 3301 2540 unum
3333 2488 3491 2540 sunt.

302 2570 430 2646 ὅπερ
506 2570 731 2649 φωτίζει
799 2570 862 2625 τὸ
934 2575 1070 2646 φῶς,
1128 2574 1289 2625 τοῦτο
1346 2573 1409 2626 τὸ
1465 2570 1797 2647 ἀπαύγασμα
1866 2574 2226 2647 καταυγάζει·
2288 2573 2419 2648 ὅπερ
2492 2571 2549 2628 δὲ
2603 2575 2919 2649 καταυγάζει
2976 2573 3036 2628 τὸ
3092 2573 3435 2648 ἀπαύγασμα,
3497 2570 3557 2626 έκ
3609 2571 3707 2626 τοῦ

301 2660 473 2739 φωτός
533 2660 675 2715 ἐστιν
736 2660 764 2714 6
824 2658 1126 2737 φωτισμός.
1160 2658 1318 2717 Οὕτω
1375 2662 1465 2715 καὶ
1525 2658 1867 2736 βλεπομένου
1922 2666 2020 2717 τοῦ
2074 2663 2224 2733 Υἳοῦ,
2262 2660 2514 2736 βλέπεται
2576 2663 2605 2716 6
2662 2665 2868 2737 Πατήρ·
2900 2666 2997 2717 τοῦ
3053 2662 3155 2737 γὰρ
3214 2661 3420 2739 Πατρός
3476 2659 3585 2715 ἐστι
3642 2659 3706 2714 τὸ

300 2749 647 2825 ἀπαύγασμα’
681 2749 770 2803 καὶ
803 2748 974 2811 οὕτως
1008 2750 1036 2803 6
1063 2750 1247 2823 Πατὴρ
1276 2749 1366 2804 καὶ
1399 2750 1427 2803 6
1458 2750 1579 2812 Υἱὸς
1609 2746 1664 2804 ἓν
1697 2750 1820 2807 εἶσι.

369 2843 454 2896 14.
486 2841 669 2895 Τοῦτο
720 2836 777 2894 δέ
824 2837 911 2893 ἐπὶ
960 2842 1067 2893 τῶν
1098 2843 1343 2913 γενητῶν
1374 2840 1464 2893 καὶ
1495 2838 1803 2912 κτισμάτων

303 2927 396 2983 οῦκ
425 2925 487 2982 ἄν
521 2948 607 2989 τις
638 2924 805 2982 εἴποι.
840 2925 979 2985 Οὔτε
1007 2929 1132 3002 γὰρ,
1168 2925 1538 3001 ἐργαζομένου
1570 2932 1667 2983 τοῦ
1714 2929 1946 3004 Πατρὸς,

303 3014 580 3092 έργάζεταί
612 3037 694 3078 τις
754 3016 885 3071 αὐτὰ
941 3020 1046 3071 τῶν
1107 3015 1376 3092 ἀγγέλων,
1408 3016 1442 3085 ἢ
1476 3015 1650 3079 ἄλλος
1699 3039 1781 3080 τις
1838 3015 1944 3072 τῶν

302 3125 637 3178 κτισματων·
673 3101 824 3160 οὐδὲν
858 3104 960 3180 γὰρ
990 3104 1199 3160 τούτων
1233 3105 1519 3175 ποιητικὸν
1550 3105 1722 3160 αἴτιόν
1782 3105 1945 3178 ἐστιν,

304 3193 443 3250 ἀλλὰ
472 3198 586 3249 τῶν
612 3194 914 3269 γινομένων
956 3192 1111 3248 εἰσίν·
1144 3191 1332 3255 ἄλλως
1370 3214 1427 3248 τε
1474 3194 1563 3248 καὶ
1612 3195 1950 3270 κεχωρισμέ-

301 3304 407 3353 νοι,
437 3283 531 3337 καὶ
566 3279 906 3353 διεστηκότες
940 3286 1016 3355 (1)
1043 3288 1140 3338 τοῦ
1174 3284 1364 3355 μόνου,
1395 3282 1483 3337 καὶ
1517 3280 1657 3338 ἄλλο
1695 3284 1798 3353 τὴν
1848 3284 1949 3362 <96-

2128 2842 2213 2896 14.
2248 2842 2402 2897 Idem
2438 2847 2632 2898 autem
2667 2844 2737 2897 de
2772 2842 2938 2899 factis
2962 2848 3021 2898 et
3049 2841 3261 2897 creatis
3295 2841 3467 2896 rebus
3500 2840 3704 2913 nequit

2055 2930 2188 2986 dici.
2219 2930 2415 3001 Neque
2457 2932 2612 2987 enim
2644 2932 2809 2987 Patre
2843 2931 3060 3002 aliquid
3092 2931 3398 2995 efﬁciente,
3434 2929 3490 2984 id
3522 2932 3698 2985 etiam

2056 3018 2302 3091 angelus
2330 3019 2546 3091 aliquis
2577 3024 2679 3075 aut
2710 3019 2825 3075 alia
2856 3037 2948 3075 res
2971 3024 3162 3075 creata
3182 3018 3521 3085 afﬁcit,cum
3557 3017 3702 3073 nihil

2056 3107 2265 3163 horum
2307 3125 2486 3164 causa
2516 3109 2591 3163 sit
2622 3108 2905 3175 efficiens,
2938 3108 3036 3164 sed
3077 3123 3282 3163 omnes
3312 3106 3552 3162 omnino
3584 3104 3703 3161 sint

2057 3214 2149 3252 res
2184 3197 2343 3253 facta?
2375 3200 2446 3253 ab
2464 3214 2530 3252 eo
2548 3198 2649 3270 qui
2681 3198 2841 3254 solus
2863 3201 3267 3269 est,separataa
3298 3200 3353 3250 et
3375 3196 3701 3265 disjunctae,

2057 3303 2185 3357 quzc
2214 3286 2452 3341 etaliam
2471 3287 2542 3341 ab
2568 3287 2695 3358 ipso
2728 3292 2994 3342 naturate
3017 3285 3317 3352 habent,et
3345 3300 3519 3356 opera
3543 3288 3705 3350 sunt,

302 3391 376 3425 σιν
436 3368 612 3439 ὄντες,
655 3370 743 3425 καὶ
804 3365 931 3445 ἔργα
984 3372 1363 3447 τυγχάνοντες,
1428 3368 1551 3427 οὔτε
1607 3372 1741 3447 ἅπερ
1791 3372 1948 3449 ἔργά-ι

2066 3391 2250 3446 neque
2278 3392 2344 3430 ea
2392 3393 2516 3447 qua":
2554 3381 2701 3431 Deus
2728 3375 2923 3441 efﬁcit,
2960 3378 3207 3446 possunt
3236 3374 3485 3441 efﬁcere,
3518 3388 3705 3443 neque

306 3464 441 3529 ζεται
500 3461 531 3514 6
585 3459 736 3529 Θεὸς,
770 3456 1017 3514 δύνανται
1079 3458 1408 3535 ἐργάζεσθαι,
1443 3458 1583 3529 οὔτε,
1615 3462 1753 3525 καθᾶ
1811 3483 1947 3538 προ-

304 3553 473 3620 εῖπον,
506 3550 882 3625 χαριζομένου
936 3554 1033 3603 τοῦ
1090 3553 1243 3617 Θεοῦ,
1304 3550 1723 3625 συγχαρίζεσθαι
1758 3568 1771 3583 ⁸
1828 3548 1951 3605 οῦτε

306 3636 651 3713 βλεπομένου
722 3636 980 3712 ἀγγέλου,
1032 3636 1175 3692 εἷ’ποι
1249 3635 1311 3692 ἄν
1366 3659 1451 3700 τις
1509 3638 1796 3715 ἑωρακέναι
1854 3640 1947 3695 τὸν

304 3727 527 3800 Πατέρα.
567 3723 826 3802 ’Ἄγγελοι
889 3726 982 3798 μὲν
1040 3725 1169 3801 γὰρ,
1202 3726 1278 3788 ὡς
1336 3725 1656 3802 γέγραπται,
1708 3725 1949 3803 λειτουρ-

300 3815 419 3889 γικὰ
447 3812 737 3886 πνεύματά
767 3813 898 3868 εἰσιν
932 3814 1007 3877 εἰς
1037 3812 1307 3870 διακονίαν
1349 3815 1817 3889 ἀποστελλόμενοι
1850 3819 1946 3889 (2),

303 3904 385 3957 καὶ
414 3906 512 3966 τὰς
548 3904 676 3979 παρ’
707 3902 870 3958 αὐτοῦ
903 3900 991 3958 διὰ
1012 3909 1109 3958 τοῦ
1168 3905 1344 3980 Λόγου
1395 3902 1600 3979 δωρεὰς
1660 3902 1949 3978 διδομένας

304 3990 740 4068 ἀπαγγέλλοντές
792 3991 893 4047 εἶσι
942 3999 1058 4054 τοῖς
1108 3987 1469 4065 λαμϐάνουσι.
1499 3994 1596 4047 Καὶ
1640 3993 1799 4056 αὐτὸς
1832 3992 1890 4049 δὲ
1921 3994 1949 4048 6

306 4078 555 4156 ἄγγελος,
618 4081 916 4154 ὁρώμενος,
951 4079 1217 4157 ὁμολογεῖ
1274 4082 1602 4137 ἀπεστάλθαι
1661 4083 1807 4154 παρὰ
1852 4089 1949 4139 τοῦ

303 4172 597 4238 Δεσπότου,
630 4169 703 4231 ὡς
760 4168 847 4224 ἐπὶ
901 4169 1172 4245 Ζαχαρίου
1205 4171 1233 4224 6
1263 4165 1530 4245 Γαϐριὴλ,
1562 4170 1651 4226 καὶ
1711 4170 1797 4226 έπὶ
1848 4179 1948 4242 τῆς

303 4261 571 4314 Θεοτόκου
621 4257 836 4334 Μαρίας
867 4259 897 4313 6
932 4257 1093 4321 αὐτὸς
1124 4262 1198 4330 (3t
1230 4258 1583 4335 ὡμολόγησε.
1619 4259 1719 4317 Καὶ
1756 4262 1783 4315 6
1818 4260 1950 4336 βλέ-

303 4367 413 4402 πων
447 4346 507 4403 δὲ
538 4345 790 4423 ἀγγέλων
817 4345 1075 4402 ὀπτασίαν
1108 4344 1270 4419 οἶδεν,
1303 4348 1385 4404 ὅτι
1415 4348 1507 4404 τὸν
1540 4347 1771 4426 ἄγγελον
1821 4349 1946 4418 εἶδε,

301 4436 383 4490 καὶ
412 4436 472 4492 οὐ
503 4437 600 4491 τὸν
633 4436 785 4492 Θεόν.
820 4433 944 4493 Εἶδε
974 4436 1074 4511 γὰρ
1104 4437 1376 4513 Ζαχαρίας
1426 4437 1676 4515 ἅγγελονο
1708 4436 1814 4494 εἶδε
1858 4438 1948 4494 καὶ

367 4590 410 4625 ⁸ο
439 4590 612 4647 Rom.
649 4606 687 4659 ι,
718 4590 772 4644 7.
886 4590 928 4625 ⁹¹
964 4589 1006 4646 I.
1038 4588 1166 4646 Cor.
1196 4607 1239 4659 ι,
1269 4591 1323 4647 4.
1435 4592 1481 4627 ⁹²
1512 4591 1685 4647 Hebr.
1719 4610 1758 4661 ι,
1794 4593 1880 4648 14.

308 4758 425 4809 μου.
456 4739 611 4795 Editi
645 4743 701 4795 et
732 4738 855 4811 alii,
887 4739 949 4795 Ὀ
981 4738 1109 4800 Θεός

305 4811 748 4904 σαιιΔσε,ΔΒΘεὶυρ
780 4811 1030 4904 primus,
1064 4811 1659 4904 Seguer.‘gobler;
1706 4811 1872 4904 Ifelc.‘
1897 4811 1947 4904 1,

307 4880 528 4956 addunt
554 4880 644 4936 καὶ
671 4880 939 4952 πληθυνεῖ
958 4880 1034 4950 σε,
1056 4880 1183 4956 (ιυῶ
1199 4884 1258 4940 in
1282 4884 1411 4956 aliis
1434 4891 1489 4940 et
1509 4886 1680 4956 editis
1710 4880 1945 4944 desunt:

321 4954 733 5078 ségafiegius
792 4956 843 5009 1.
905 4960 961 5011 et
1014 4954 1278 5028 segnem,
1337 4955 1476 5010 ἐστιν
1554 4954 1801 5033 εὐλογεῖν
1858 4959 1949 5013 καὶ

340 5044 539 5080 υεσυαι.

309 5041 991 5180 ῗυῖδὲῗιίὶεεῇμεςρνξωυε
1022 5101 1080 5153 et
1108 5102 1369 5171 Seguer.,
1402 5096 1675 5173 ἐγκόνους.
1703 5100 1811 5157 Alii
1843 5118 1945 5158 au-

304 5165 411 5241 tem
446 5165 503 5224 et
534 5165 697 5241 editi,
731 5165 1004 5241 ἐγγόνους.

371 5239 480 5327 (96)
508 5238 736 5327 Gobler.
770 5238 828 5294 et
860 5239 1005 5327 Felc.
1040 5243 1092 5307 1,
1127 5240 1227 5315 γὰρ
1253 5238 1540 5327 ,ἀσφαλής
1576 5242 1755 5327 Paulo
1777 5249 1946 5327 “post

306 5311 555 5384 uterque
576 5310 798 5384 Regius
822 5315 880 5384 et
907 5310 1168 5383 Seguer;
1199 5310 1301 5384 ’μία
1347 5310 1436 5367 καὶ
1467 5315 1501 5383 ἡ
1533 5313 1691 5383 αὐτή.
1731 5310 1839 5370 Alii
1888 5321 1946 5371 et

306 5379 458 5451 editi,
496 5382 593 5454 μία
621 5379 711 5435 καὶ
743 5379 899 5452 αὐτή.

370 5454 487 5526 (9‘7)
514 5455 736 5526 Regius
762 5457 1025 5525 uterque,
1073 5454 1313 5526 Seguer.
1361 5456 1590 5513 Gobler.
1643 5455 1791 5512 Felc.
1826 5458 1850 5511 1
1887 5461 1944 5513 et

307 5521 495 5596 @6611
526 5521 928 5596 τὸῖιδόμενονξ
964 5527 1026 5596 in
1060 5521 1191 5582 aliis
1223 5531 1280 5583 et
1307 5527 1480 5583 editis
1510 5530 1674 5586 deest
1699 5527 1782 5582 τό.
1816 5531 1943 5585 Mox

310 5592 440 5671 Reg.
477 5599 626 5671 l_,_et
666 5592 928 5671 Seguer._,
980 5594 1202 5671 λέγηται
1252 5598 1586 5671 χαρίζεσθαι.
1637 5600 1832 5655 Cazteri
1885 5605 1942 5656 et

308 5666 459 5749 editi,
658 5665 1412 5749 _xat'ptt;_ecl_lat.._l_3au_lopost
1434 5672 1571 5745 Reg.
1607 5674 1658 5741 1,
1699 5678 1755 5729 et
1783 5673 1940 5747 Seg.,

309 5738 356 5788 ἐν
379 5738 619 5813 grta);
646 5738 841 5797 Gazt'eri
875 5746 931 5796 et
956 5741 1117 5809 editi,
1152 5738 1203 5813 ἐν
1239 5738 1369 5813 flia.

372 5808 486 5883 (98)
515 5808 607 5868 Sic
651 5829 795 5870 mss.
852 5815 1062 5885 praster
1106 5808 1262 5870 Felc.
1294 5808 1349 5884 2,
1385 5812 1506 5889 qui,
1540 5819 1605 5871 ut
1651 5818 1709 5871 et
1762 5814 1939 5872 editio

1170 4761 1295 4813 μου.
1328 4741 1550 4816 Ibidem
1604 4746 1735 4816 post
1782 4740 1950 4816 ᾳῦξή·
1979 4750 2027 4815 D

2059 3463 2142 3518 uti
2174 3480 2353 3535 supra
2382 3463 2523 3528 dixi,
2557 3468 2667 3519 Deo
2698 3465 2945 3536 gratiam
2978 3463 3370 3536 impertiente,
3402 3478 3531 3518 eam
3570 3477 3706 3515 cum

2057 3550 2158 3607 illo
2183 3552 2485 3624 impertire
2502 3556 2727 3622 queunt
2752 3570 2764 3607 :
2792 3568 2897 3608 nec
2930 3551 3137 3622 quis,si
3173 3550 3441 3623 angelum
3467 3550 3707 3617 videret,

2059 3656 2121 3697 se
2152 3642 2379 3696 Patrem
2412 3641 2631 3697 vidisse
2664 3645 2815 3697 recte
2848 3646 3046 3713 posset
3078 3641 3287 3696 dicere.
3323 3640 3469 3695 Nam
3490 3637 3706 3710 angeli,

2059 3734 2124 3785 ut
2154 3730 2435 3801 scriptum
2494 3735 2583 3785 est
2629 3731 2696 3800 ⁹²,
2738 3730 3161 3786 ministratores
3193 3733 3333 3784 sunt
3361 3728 3605 3799 spiritus
3637 3728 3705 3782 ad

2058 3819 2519 3874 ministrandum
2546 3818 2840 3890 missi,qui
2862 3820 3170 3889 dona,qua
3202 3819 3273 3874 ab
3295 3817 3425 3889 ipso
3460 3834 3560 3889 per
3576 3816 3711 3871 Ver-

2056 3907 2199 3963 bum
2233 3907 2469 3976 dantur,
2501 3907 2593 3963 his
2625 3908 3096 3977 annuntiantqui
3129 3925 3196 3963 ea
3226 3907 3542 3977 accipiunt.
3564 3906 3710 3961 Hinc

2058 3996 2184 4070 ipse
2212 4014 2501 4068 apparens
2532 3997 2795 4069 angelus,
2830 4014 2892 4051 se
2939 4014 2971 4051 a
3025 3997 3271 4052 Domino
3304 3995 3552 4050 missum
3584 4011 3711 4050 esse

2059 4085 2293 4155 fatetur,
2322 4086 2404 4140 uti
2437 4085 2671 4141 Gabriel
2702 4085 2989 4141 Zacharias
3012 4090 3069 4140 et
3094 4084 3346 4157 Deiparae
3362 4083 3551 4138 Mariae
3573 4100 3708 4138 con-

2060 4176 2250 4230 fessus
2273 4179 2379 4231 est.
2402 4174 2545 4230 Hinc
2562 4175 2739 4230 etiam
2760 4176 2857 4246 qui
2883 4174 3157 4247 angelum
3182 4173 3412 4240 vidit,se
3434 4171 3709 4244 angelum

2060 4281 2173 4319 non
2212 4268 2387 4319 Deum
2421 4262 2829 4320 vidissenovit.
2857 4263 3017 4318 Vidit
3037 4263 3190 4318 enim
3207 4260 3479 4335 angelum
3503 4260 3715 4316 Zacha-

2060 4352 2199 4416 rias,
2248 4352 2394 4407 vidit
2450 4369 2582 4408 vero
2644 4353 2823 4408 Isaias
2871 4352 3227 4417 Dominum;
3261 4349 3531 4423 angelum
3566 4349 3712 4405 vidit

2061 4446 2264 4497 Manus
2295 4444 2462 4512 pater
2489 4441 2811 4505 Sainsonis,
2844 4445 3025 4497 Deum
3058 4445 3254 4497 autem
3293 4441 3515 4513 Moyses
3533 4438 3714 4494 intui-

2057 4744 2362 4807 Commel.,
2397 4744 2615 4801 omittit
2641 4748 2737 4799 τοῦ
2764 4749 2917 4799 Θεοῦ.

2131 4816 2245 4890 (99)
2279 4815 2422 4872 Felc.
2458 4819 2511 4884 5,
2539 4821 2819 4890 γεννητῶν
2849 4817 3179 4890 κτισμάτων.

2131 4884 2207 4959 (1)
2239 4890 2501 4957 Seguer.,
2535 4884 2835 4950 διεστῶτες.
2894 4884 3037 4944 Ibid.
3071 4890 3222 4959 Reg._
3318 4888 3472 4959 Pt#2.
3520 4884 3702 4959 Basil.

2058 4955 2287 5032 Anglic.
2317 4955 2398 5032 et
2419 4955 2566 5017 Felc.
2616 4963 2671 5027 5,
2701 4964 2796 5013 τοῦ
2832 4959 3022 5032 μόνου,
3054 4955 3335 5032 καὶίῖἱλλο.
3367 4957 3563 5032 _Edi_t.i,_
3604 4960 3703 5032 τοῦ

2062 5025 2249 5102 μόνῐυ,
2310 5027 2472 5085 ἄλλο.
2535 5025 2668 5102 Mog
2712 5025 2941 5102 Gobler.
2976 5025 3040 5102 et
3064 5031 3212 5102 Felc.
3252 5031 3303 5097 1,
3331 5025 3453 5102 οὔτε
3547 5026 3700 5102 ἐργάο

2059 5099 2223 5186 ςεται.
2282 5102 2533 5186 Reg.m1,
2568 5099 2718 5186 ,οὔτε
2757 5100 2958 5186 ’ῶσπερ
3025 5100 3320 5186 ἐργάζεται.
3365 5100 3519 5184 Ἰῦἰᾶ.
3571 5099 3705 5171 post

2057 5170 2308 5246 66vav11t
2337 5170 2669 5246 έξγάζεσοαι,
2705 5170 2938 5229 addunt
2973 5170 3111 5246 editi
3153 5179 3207 5229 et
3238 5172 3506 5246 plerique
3531 5170 3699 5232 ῐῐὶεε..

2055 5242 2170 5319 ἐπεὶ
2226 5242 2568 5319 καὶᾼζαῦτοὺς
2622 5243 2929 5319 ἐργάσεσθαι
2991 5242 3610 5319 δόξωσινίβθεύθτὶθη.
3645 5248 3703 5319 et

2056 5265 2170 5298 επει
2226 5265 2316 5299 και
2378 5265 2568 5305 αυτους
2622 5265 2677 5319 ερ
2718 5265 2929 5299 ασεσυαι
2991 5265 3235 5315 οοζωσιν.
3271 5265 3610 5318 beguenun.
3645 5265 3701 5298 Βῐ

2056 5317 2195 5389 Reg.
2233 5319 2281 5383 1,
2316 5311 2581 5385 δόξουσιν.
2605 5265 2738 5389 Sed
2762 5317 2880 5373 hzec
2912 5319 3123 5375 desunt
3155 5319 3213 5373 in
3247 5317 3385 5388 Reg.
3423 5318 3472 5383 1,
3510 5319 3567 5371 et
3610 5314 3701 5370 vi-

2054 5387 2267 5444 dentur
2300 5405 2540 5459 prorsus
2571 5387 2826 5443 inutilia.

2123 5460 2199 5542 (2)
2232 5455 2448 5542 Regius
2490 5460 2737 5542 ‘primus
2773 5466 2837 5542 ‘et
2882 5466 3146 5530 Segucr.,
3201 5455 3694 5528 ἀποστελλόμενοι.

2053 5527 2164 5584 Alii
2200 5536 2255 5586 et
2284 5527 2444 5599 editi,
2479 5527 2946 5603 ἀποστελλόμενα.

2124 5603 2357 5676 (3)_Bmc
2388 5602 2582 5676 verba,
2618 5598 2825 5676 Μαρίας
2859 5604 2886 5657 ὁ
2917 5600 3096 5676 αὐτός,
3132 5604 3346 5676 desunt
3374 5602 3430 5676 in
3460 5598 3691 5676 Gobler.

2050 5677 2108 5747 et
2133 5671 2370 5747 Felc._l.
2408 5672 2583 5747 Paulo
2641 5671 2791 5747 post
2825 5693 2927 5747 pro
2976 5671 3100 5747 εἶδε,
3136 5675 3343 5747 Regius
3394 5671 3695 5747 lLugbique

2049 5743 2246 5870 gafet,
2279 5742 2437 5817 εἶδεν,
2471 5741 2746 5820 idemque
2776 5741 2974 5816 habet,
3008 5745 3070 5802 οὐ
3099 5745 3193 5801 τὸν
3219 5741 3388 5801 ‘essv.
3423 5741 3692 5808 Editi,'o6

2093 5836 2117 5870 ε
2151 5838 2199 5870 ν.

2093 5836 2176 5871 εον
2186 5858 2199 5873 ο
