  <div class='ocr_page' id='page_1' title='image "/cluster/home/n/w/nwhite01/storage/ocr_20150623/26/hvd.32044019208479/226.png"; bbox 0 0 4074 6364; ppageno 0'>
   <div class='ocr_carea' id='block_1_1' title="bbox 374 425 3783 501">
    <p class='ocr_par' dir='ltr' id='par_1_1' title="bbox 374 425 3783 501">
     <span class='ocr_line' id='line_1_1' title="bbox 374 425 3783 501; baseline 0.001 -3"><span class='ocrx_word' id='word_1_1' title='bbox 374 432 492 500; x_wconf 80' lang='lat'><strong>353</strong></span> <span class='ocrx_word' id='word_1_2' title='bbox 1491 428 1783 496; x_wconf 77' lang='lat' dir='ltr'><strong>th&#39;TIO</strong></span> <span class='ocrx_word' id='word_1_3' title='bbox 1828 427 1905 495; x_wconf 81' lang='grc' dir='ltr'>1ῐί</span> <span class='ocrx_word' id='word_1_4' title='bbox 1951 425 2260 495; x_wconf 75' lang='lat' dir='ltr'><strong>CONTRA</strong></span> <span class='ocrx_word' id='word_1_5' title='bbox 2318 426 2681 494; x_wconf 77' lang='lat' dir='ltr'><strong>MtIANOS.</strong></span> <span class='ocrx_word' id='word_1_6' title='bbox 3666 440 3783 501; x_wconf 73' lang='lat'><strong>354</strong></span> 
     </span>
    </p>
   </div>
   <div class='ocr_carea' id='block_1_2' title="bbox 378 564 2045 646">
    <p class='ocr_par' dir='ltr' id='par_1_2' title="bbox 378 565 2020 646">
     <span class='ocr_line' id='line_1_2' title="bbox 378 565 2020 646; baseline -0.004 -21"><span class='ocrx_word' id='word_1_7' title='bbox 378 570 430 641; x_wconf 75' lang='grc' dir='ltr'>ἐξ</span> <span class='ocrx_word' id='word_1_8' title='bbox 459 567 626 640; x_wconf 74' lang='grc' dir='ltr'>ἡλίου</span> <span class='ocrx_word' id='word_1_9' title='bbox 686 568 735 623; x_wconf 78' lang='grc' dir='ltr'><strong>ἐν</strong></span> <span class='ocrx_word' id='word_1_10' title='bbox 782 574 861 642; x_wconf 71' lang='grc' dir='ltr'>τῷ</span> <span class='ocrx_word' id='word_1_11' title='bbox 902 566 1282 643; x_wconf 82' lang='grc' dir='ltr'>ἀπαυγάσματι</span> <span class='ocrx_word' id='word_1_12' title='bbox 1325 571 1458 646; x_wconf 79' lang='grc' dir='ltr'><strong>φῶς’</strong></span> <span class='ocrx_word' id='word_1_13' title='bbox 1511 567 1652 621; x_wconf 67' lang='grc' dir='ltr'>οὕτω</span> <span class='ocrx_word' id='word_1_14' title='bbox 1683 566 1806 640; x_wconf 83' lang='grc' dir='ltr'>μίαν</span> <span class='ocrx_word' id='word_1_15' title='bbox 1842 565 2020 641; x_wconf 71' lang='grc' dir='ltr'>ἀρχὴν</span> 
     </span>
    </p>
   </div>
   <div class='ocr_carea' id='block_1_3' title="bbox 2163 564 3783 646">
    <p class='ocr_par' dir='ltr' id='par_1_3' title="bbox 2163 564 3783 643">
     <span class='ocr_line' id='line_1_3' title="bbox 2163 564 3783 643; baseline 0.006 -22"><span class='ocrx_word' id='word_1_16' title='bbox 2163 568 2530 639; x_wconf 50' lang='grc' dir='ltr'>κριθῐιάοτεω,</span> <span class='ocrx_word' id='word_1_17' title='bbox 2565 584 2859 640; x_wconf 89' lang='lat' dir='ltr'><strong>unamque</strong></span> <span class='ocrx_word' id='word_1_18' title='bbox 2908 567 3096 623; x_wconf 82' lang='lat' dir='ltr'><strong>lucem</strong></span> <span class='ocrx_word' id='word_1_19' title='bbox 3129 582 3194 627; x_wconf 85' lang='lat' dir='ltr'><strong>ex</strong></span> <span class='ocrx_word' id='word_1_20' title='bbox 3224 564 3345 625; x_wconf 88' lang='lat' dir='ltr'><strong>sole</strong></span> <span class='ocrx_word' id='word_1_21' title='bbox 3377 568 3434 626; x_wconf 92' lang='lat' dir='ltr'>in</span> <span class='ocrx_word' id='word_1_22' title='bbox 3474 570 3783 643; x_wconf 73' lang='lat' dir='ltr'><strong>Splendore</strong></span> 
     </span>
    </p>
   </div>
   <div class='ocr_carea' id='block_1_4' title="bbox 379 654 2045 734">
    <p class='ocr_par' dir='ltr' id='par_1_4' title="bbox 379 654 2024 734">
     <span class='ocr_line' id='line_1_4' title="bbox 379 654 2024 734; baseline -0.003 -20"><span class='ocrx_word' id='word_1_23' title='bbox 379 656 624 733; x_wconf 72' lang='grc' dir='ltr'>οἷ’δαμενο</span> <span class='ocrx_word' id='word_1_24' title='bbox 655 660 749 713; x_wconf 88' lang='grc' dir='ltr'><strong>τόν</strong></span> <span class='ocrx_word' id='word_1_25' title='bbox 778 679 837 713; x_wconf 87' lang='grc' dir='ltr'><strong>τε</strong></span> <span class='ocrx_word' id='word_1_26' title='bbox 866 655 1208 733; x_wconf 82' lang='grc' dir='ltr'>δημιουργόν</span> <span class='ocrx_word' id='word_1_27' title='bbox 1237 658 1415 732; x_wconf 83' lang='grc' dir='ltr'>Λόγον</span> <span class='ocrx_word' id='word_1_28' title='bbox 1448 659 1558 730; x_wconf 87' lang='grc'>(16)</span> <span class='ocrx_word' id='word_1_29' title='bbox 1614 654 1884 734; x_wconf 74' lang='grc' dir='ltr'>φάσκομεν</span> <span class='ocrx_word' id='word_1_30' title='bbox 1917 654 2024 731; x_wconf 81' lang='grc' dir='ltr'>οὐχ</span> 
     </span>
    </p>
   </div>
   <div class='ocr_carea' id='block_1_5' title="bbox 2163 654 3784 734">
    <p class='ocr_par' dir='ltr' id='par_1_5' title="bbox 2165 655 3784 733">
     <span class='ocr_line' id='line_1_5' title="bbox 2165 655 3784 733; baseline 0.004 -22"><span class='ocrx_word' id='word_1_31' title='bbox 2165 655 2528 712; x_wconf 86' lang='lat' dir='ltr'><strong>xsistentem.</strong></span> <span class='ocrx_word' id='word_1_32' title='bbox 2555 657 2639 713; x_wconf 91' lang='lat' dir='ltr'><strong>Ita</strong></span> <span class='ocrx_word' id='word_1_33' title='bbox 2656 673 2839 712; x_wconf 90' lang='lat' dir='ltr'><strong>unum</strong></span> <span class='ocrx_word' id='word_1_34' title='bbox 2862 658 3238 729; x_wconf 80' lang='lat' dir='ltr'><strong>agnoscimus</strong></span> <span class='ocrx_word' id='word_1_35' title='bbox 3263 660 3616 733; x_wconf 87' lang='lat' dir='ltr'><strong>principium</strong></span> <span class='ocrx_word' id='word_1_36' title='bbox 3639 681 3650 717; x_wconf 88' lang='lat'><strong>:</strong></span> <span class='ocrx_word' id='word_1_37' title='bbox 3680 679 3784 718; x_wconf 87' lang='lat' dir='ltr'><strong>nec</strong></span> 
     </span>
    </p>
   </div>
   <div class='ocr_carea' id='block_1_6' title="bbox 376 740 2045 821">
    <p class='ocr_par' dir='ltr' id='par_1_6' title="bbox 376 740 2024 821">
     <span class='ocr_line' id='line_1_6' title="bbox 376 740 2024 821; baseline -0.005 -18"><span class='ocrx_word' id='word_1_38' title='bbox 376 745 559 820; x_wconf 72' lang='grc' dir='ltr'>’ἕτερόν</span> <span class='ocrx_word' id='word_1_39' title='bbox 591 769 711 802; x_wconf 89' lang='grc' dir='ltr'>τινα</span> <span class='ocrx_word' id='word_1_40' title='bbox 738 746 941 821; x_wconf 88' lang='grc' dir='ltr'>τρόπον</span> <span class='ocrx_word' id='word_1_41' title='bbox 993 740 1137 821; x_wconf 82' lang='grc' dir='ltr'>ἔχειν</span> <span class='ocrx_word' id='word_1_42' title='bbox 1171 742 1426 815; x_wconf 87' lang='grc' dir='ltr'>θεότητος</span> <span class='ocrx_word' id='word_1_43' title='bbox 1464 743 1500 811; x_wconf 76' lang='grc' dir='ltr'><strong>ἢ</strong></span> <span class='ocrx_word' id='word_1_44' title='bbox 1556 743 1654 811; x_wconf 78' lang='grc' dir='ltr'>τὴν</span> <span class='ocrx_word' id='word_1_45' title='bbox 1711 746 1807 797; x_wconf 89' lang='grc' dir='ltr'><strong>τοῦ</strong></span> <span class='ocrx_word' id='word_1_46' title='bbox 1854 741 2024 815; x_wconf 82' lang='grc' dir='ltr'>μόνου</span> 
     </span>
    </p>
   </div>
   <div class='ocr_carea' id='block_1_7' title="bbox 2163 740 3780 821">
    <p class='ocr_par' dir='ltr' id='par_1_7' title="bbox 2163 745 3780 819">
     <span class='ocr_line' id='line_1_7' title="bbox 2163 745 3780 819; baseline 0.002 -19"><span class='ocrx_word' id='word_1_47' title='bbox 2163 745 2325 815; x_wconf 68' lang='grc' dir='ltr'>ῳὶῐὶοί</span> <span class='ocrx_word' id='word_1_48' title='bbox 2354 745 2541 802; x_wconf 91' lang='lat' dir='ltr'><strong>Verbo</strong></span> <span class='ocrx_word' id='word_1_49' title='bbox 2559 746 2854 801; x_wconf 89' lang='lat' dir='ltr'><strong>diversum</strong></span> <span class='ocrx_word' id='word_1_50' title='bbox 2887 745 3145 818; x_wconf 82' lang='lat' dir='ltr'><strong>aliquem</strong></span> <span class='ocrx_word' id='word_1_51' title='bbox 3178 748 3501 806; x_wconf 82' lang='lat' dir='ltr'><strong>divinitatis</strong></span> <span class='ocrx_word' id='word_1_52' title='bbox 3520 752 3780 819; x_wconf 90' lang='lat' dir='ltr'><strong>modum,</strong></span> 
     </span>
    </p>
   </div>
   <div class='ocr_carea' id='block_1_8' title="bbox 380 830 2023 911">
    <p class='ocr_par' dir='ltr' id='par_1_8' title="bbox 380 830 2023 911">
     <span class='ocr_line' id='line_1_8' title="bbox 380 830 2023 911; baseline -0.005 -19"><span class='ocrx_word' id='word_1_53' title='bbox 380 841 537 904; x_wconf 86' lang='grc' dir='ltr'>Θεοῦ,</span> <span class='ocrx_word' id='word_1_54' title='bbox 579 835 669 891; x_wconf 80' lang='grc' dir='ltr'><strong>διὰ</strong></span> <span class='ocrx_word' id='word_1_55' title='bbox 712 836 775 891; x_wconf 90' lang='grc' dir='ltr'><strong>τὸ</strong></span> <span class='ocrx_word' id='word_1_56' title='bbox 822 835 873 906; x_wconf 78' lang='grc' dir='ltr'><strong>ἐξ</strong></span> <span class='ocrx_word' id='word_1_57' title='bbox 920 834 1084 889; x_wconf 81' lang='grc' dir='ltr'>αὐτοῦ</span> <span class='ocrx_word' id='word_1_58' title='bbox 1132 833 1442 911; x_wconf 74' lang='grc' dir='ltr'>πεφυκέναι.</span> <span class='ocrx_word' id='word_1_59' title='bbox 1492 830 1720 888; x_wconf 80' lang='grc' dir='ltr'>Μᾶλλον</span> <span class='ocrx_word' id='word_1_60' title='bbox 1780 832 1872 904; x_wconf 75' lang='grc' dir='ltr'><strong>μὲν</strong></span> <span class='ocrx_word' id='word_1_61' title='bbox 1933 831 2023 885; x_wconf 83' lang='grc' dir='ltr'><strong>οὗν</strong></span> 
     </span>
    </p>
   </div>
   <div class='ocr_carea' id='block_1_9' title="bbox 382 916 2028 1002">
    <p class='ocr_par' dir='ltr' id='par_1_9' title="bbox 382 916 2028 1002">
     <span class='ocr_line' id='line_1_9' title="bbox 382 916 2028 1002; baseline -0.005 -20"><span class='ocrx_word' id='word_1_62' title='bbox 382 928 431 982; x_wconf 74' lang='grc' dir='ltr'><strong>εἱ</strong></span> <span class='ocrx_word' id='word_1_63' title='bbox 461 930 865 1002; x_wconf 78' lang='grc' dir='ltr'>Ἀρειομανῖται</span> <span class='ocrx_word' id='word_1_64' title='bbox 913 921 1139 985; x_wconf 80' lang='grc' dir='ltr'>δικαίως</span> <span class='ocrx_word' id='word_1_65' title='bbox 1172 921 1233 977; x_wconf 75' lang='grc' dir='ltr'>ἂν</span> <span class='ocrx_word' id='word_1_66' title='bbox 1283 927 1470 998; x_wconf 78' lang='grc' dir='ltr'>σχοῖεν</span> <span class='ocrx_word' id='word_1_67' title='bbox 1502 922 1615 995; x_wconf 85' lang='grc'>(17)</span> <span class='ocrx_word' id='word_1_68' title='bbox 1659 920 1722 976; x_wconf 90' lang='grc' dir='ltr'><strong>τὸ</strong></span> <span class='ocrx_word' id='word_1_69' title='bbox 1776 916 2028 995; x_wconf 80' lang='grc' dir='ltr'>ἔγκλημα</span> 
     </span>
    </p>
   </div>
   <div class='ocr_carea' id='block_1_10' title="bbox 380 1006 2025 1085">
    <p class='ocr_par' dir='ltr' id='par_1_10' title="bbox 380 1006 2025 1085">
     <span class='ocr_line' id='line_1_10' title="bbox 380 1006 2025 1085; baseline -0.005 -14"><span class='ocrx_word' id='word_1_70' title='bbox 380 1024 481 1085; x_wconf 75' lang='grc' dir='ltr'>τῆς</span> <span class='ocrx_word' id='word_1_71' title='bbox 529 1012 931 1085; x_wconf 82' lang='grc' dir='ltr'>πολυθεότητος</span> <span class='ocrx_word' id='word_1_72' title='bbox 978 1012 1012 1081; x_wconf 69' lang='grc' dir='ltr'>ἢ</span> <span class='ocrx_word' id='word_1_73' title='bbox 1062 1011 1151 1067; x_wconf 82' lang='grc' dir='ltr'><strong>καὶ</strong></span> <span class='ocrx_word' id='word_1_74' title='bbox 1203 1011 1513 1083; x_wconf 82' lang='grc' dir='ltr'><strong>ἀθεότητος,</strong></span> <span class='ocrx_word' id='word_1_75' title='bbox 1565 1008 1647 1064; x_wconf 77' lang='grc' dir='ltr'>ὅτι</span> <span class='ocrx_word' id='word_1_76' title='bbox 1694 1006 1885 1079; x_wconf 80' lang='grc' dir='ltr'>ἔξωθεν</span> <span class='ocrx_word' id='word_1_77' title='bbox 1935 1009 2025 1062; x_wconf 91' lang='grc' dir='ltr'><strong>τὸν</strong></span> 
     </span>
    </p>
   </div>
   <div class='ocr_carea' id='block_1_11' title="bbox 384 1091 2028 1175">
    <p class='ocr_par' dir='ltr' id='par_1_11' title="bbox 384 1091 2028 1175">
     <span class='ocr_line' id='line_1_11' title="bbox 384 1091 2028 1175; baseline -0.005 -18"><span class='ocrx_word' id='word_1_78' title='bbox 384 1105 507 1158; x_wconf 75' lang='grc' dir='ltr'>ι”ιὸν</span> <span class='ocrx_word' id='word_1_79' title='bbox 538 1103 762 1175; x_wconf 77' lang='grc' dir='ltr'>κτίσμα,</span> <span class='ocrx_word' id='word_1_80' title='bbox 792 1100 879 1156; x_wconf 81' lang='grc' dir='ltr'><strong>καὶ</strong></span> <span class='ocrx_word' id='word_1_81' title='bbox 911 1100 1076 1155; x_wconf 74' lang='grc' dir='ltr'>πάλιν</span> <span class='ocrx_word' id='word_1_82' title='bbox 1100 1100 1162 1154; x_wconf 90' lang='grc' dir='ltr'><strong>τὸ</strong></span> <span class='ocrx_word' id='word_1_83' title='bbox 1210 1102 1427 1171; x_wconf 86' lang='grc' dir='ltr'>[Ινεῦμα</span> <span class='ocrx_word' id='word_1_84' title='bbox 1474 1097 1534 1151; x_wconf 80' lang='grc' dir='ltr'>ἐκ</span> <span class='ocrx_word' id='word_1_85' title='bbox 1580 1100 1676 1151; x_wconf 82' lang='grc' dir='ltr'><strong>τοῦ</strong></span> <span class='ocrx_word' id='word_1_86' title='bbox 1737 1097 1813 1169; x_wconf 75' lang='grc' dir='ltr'>μὴ</span> <span class='ocrx_word' id='word_1_87' title='bbox 1874 1091 2028 1156; x_wconf 77' lang='grc' dir='ltr'>ὄντος</span> 
     </span>
    </p>
   </div>
   <div class='ocr_carea' id='block_1_12' title="bbox 386 1184 2029 1269">
    <p class='ocr_par' dir='ltr' id='par_1_12' title="bbox 386 1184 2029 1269">
     <span class='ocr_line' id='line_1_12' title="bbox 386 1184 2029 1269; baseline -0.007 -21"><span class='ocrx_word' id='word_1_88' title='bbox 386 1191 831 1269; x_wconf 79' lang='grc' dir='ltr'>βαττολογοῦσιν.</span> <span class='ocrx_word' id='word_1_89' title='bbox 861 1192 931 1247; x_wconf 84' lang='grc' dir='ltr'><strong>’Ἠ</strong></span> <span class='ocrx_word' id='word_1_90' title='bbox 960 1189 1062 1265; x_wconf 75' lang='grc' dir='ltr'>γὰρ</span> <span class='ocrx_word' id='word_1_91' title='bbox 1095 1192 1206 1263; x_wconf 82' lang='grc'>(18)</span> <span class='ocrx_word' id='word_1_92' title='bbox 1239 1188 1341 1242; x_wconf 82' lang='grc' dir='ltr'><strong>οὐκ</strong></span> <span class='ocrx_word' id='word_1_93' title='bbox 1373 1188 1499 1241; x_wconf 77' lang='grc' dir='ltr'>εἶναι</span> <span class='ocrx_word' id='word_1_94' title='bbox 1533 1185 1662 1241; x_wconf 83' lang='grc' dir='ltr'>Θεὸν</span> <span class='ocrx_word' id='word_1_95' title='bbox 1710 1186 1801 1239; x_wconf 89' lang='grc' dir='ltr'><strong>τὸν</strong></span> <span class='ocrx_word' id='word_1_96' title='bbox 1858 1184 2029 1257; x_wconf 81' lang='grc' dir='ltr'>Λόγον</span> 
     </span>
    </p>
   </div>
   <div class='ocr_carea' id='block_1_13' title="bbox 384 1274 2028 1360">
    <p class='ocr_par' dir='ltr' id='par_1_13' title="bbox 384 1274 2028 1360">
     <span class='ocr_line' id='line_1_13' title="bbox 384 1274 2028 1360; baseline -0.005 -24"><span class='ocrx_word' id='word_1_97' title='bbox 384 1284 669 1360; x_wconf 78' lang='grc' dir='ltr'>φήσουσιν·</span> <span class='ocrx_word' id='word_1_98' title='bbox 701 1280 736 1350; x_wconf 75' lang='grc' dir='ltr'><strong>ἢ</strong></span> <span class='ocrx_word' id='word_1_99' title='bbox 770 1279 1016 1355; x_wconf 58' lang='grc' dir='ltr'>λεγοντες</span> <span class='ocrx_word' id='word_1_100' title='bbox 1046 1278 1171 1333; x_wconf 87' lang='grc' dir='ltr'>Θεὸν</span> <span class='ocrx_word' id='word_1_101' title='bbox 1220 1277 1313 1350; x_wconf 79' lang='grc' dir='ltr'><strong>μὲν</strong></span> <span class='ocrx_word' id='word_1_102' title='bbox 1373 1274 1462 1331; x_wconf 82' lang='grc' dir='ltr'>διὰ</span> <span class='ocrx_word' id='word_1_103' title='bbox 1515 1276 1578 1330; x_wconf 92' lang='grc' dir='ltr'><strong>τὸ</strong></span> <span class='ocrx_word' id='word_1_104' title='bbox 1634 1276 2028 1351; x_wconf 75' lang='grc' dir='ltr'>γεγραμμένον,</span> 
     </span>
    </p>
   </div>
   <div class='ocr_carea' id='block_1_14' title="bbox 386 1361 2031 1447">
    <p class='ocr_par' dir='ltr' id='par_1_14' title="bbox 386 1361 2031 1447">
     <span class='ocr_line' id='line_1_14' title="bbox 386 1361 2031 1447; baseline -0.005 -21"><span class='ocrx_word' id='word_1_105' title='bbox 386 1374 465 1447; x_wconf 77' lang='grc' dir='ltr'>μή</span> <span class='ocrx_word' id='word_1_106' title='bbox 498 1368 634 1425; x_wconf 70' lang='grc' dir='ltr'>ἴδιον</span> <span class='ocrx_word' id='word_1_107' title='bbox 670 1367 726 1425; x_wconf 78' lang='grc' dir='ltr'><strong>δὲ</strong></span> <span class='ocrx_word' id='word_1_108' title='bbox 755 1373 852 1434; x_wconf 73' lang='grc' dir='ltr'>τῆς</span> <span class='ocrx_word' id='word_1_109' title='bbox 882 1368 1067 1430; x_wconf 78' lang='grc' dir='ltr'>οὐσίας</span> <span class='ocrx_word' id='word_1_110' title='bbox 1096 1372 1191 1422; x_wconf 87' lang='grc' dir='ltr'><strong>τοῦ</strong></span> <span class='ocrx_word' id='word_1_111' title='bbox 1224 1366 1455 1442; x_wconf 85' lang='grc' dir='ltr'>Πατρὸς,</span> <span class='ocrx_word' id='word_1_112' title='bbox 1489 1363 1737 1425; x_wconf 87' lang='grc' dir='ltr'>πολλοὺς</span> <span class='ocrx_word' id='word_1_113' title='bbox 1780 1361 1841 1417; x_wconf 75' lang='grc' dir='ltr'>ἂν</span> <span class='ocrx_word' id='word_1_114' title='bbox 1889 1363 2031 1418; x_wconf 76' lang='grc' dir='ltr'>εἰσά-</span> 
     </span>
    </p>
   </div>
   <div class='ocr_carea' id='block_1_15' title="bbox 381 1452 2033 1537">
    <p class='ocr_par' dir='ltr' id='par_1_15' title="bbox 381 1452 2033 1537">
     <span class='ocr_line' id='line_1_15' title="bbox 381 1452 2033 1537; baseline -0.006 -21"><span class='ocrx_word' id='word_1_115' title='bbox 381 1480 527 1537; x_wconf 84' lang='grc' dir='ltr'>γοιεν</span> <span class='ocrx_word' id='word_1_116' title='bbox 577 1457 668 1515; x_wconf 79' lang='grc' dir='ltr'>διὰ</span> <span class='ocrx_word' id='word_1_117' title='bbox 710 1458 773 1514; x_wconf 76' lang='grc' dir='ltr'><strong>τὸ</strong></span> <span class='ocrx_word' id='word_1_118' title='bbox 825 1454 1117 1534; x_wconf 72' lang='grc' dir='ltr'>ἑτεροειδὲς</span> <span class='ocrx_word' id='word_1_119' title='bbox 1162 1455 1358 1510; x_wconf 78' lang='grc' dir='ltr'>αὐτῶν·</span> <span class='ocrx_word' id='word_1_120' title='bbox 1415 1454 1460 1510; x_wconf 85' lang='grc' dir='ltr'>εἰ</span> <span class='ocrx_word' id='word_1_121' title='bbox 1509 1456 1584 1527; x_wconf 78' lang='grc' dir='ltr'>μὴ</span> <span class='ocrx_word' id='word_1_122' title='bbox 1617 1454 1717 1528; x_wconf 77' lang='grc' dir='ltr'><strong>ἄρα</strong></span> <span class='ocrx_word' id='word_1_123' title='bbox 1745 1452 1880 1507; x_wconf 82' lang='grc' dir='ltr'>κατᾶ</span> <span class='ocrx_word' id='word_1_124' title='bbox 1939 1473 2033 1526; x_wconf 85' lang='grc' dir='ltr'>με·</span> 
     </span>
    </p>
   </div>
   <div class='ocr_carea' id='block_1_16' title="bbox 381 1541 2032 1625">
    <p class='ocr_par' dir='ltr' id='par_1_16' title="bbox 381 1541 2032 1625">
     <span class='ocr_line' id='line_1_16' title="bbox 381 1541 2032 1625; baseline -0.006 -20"><span class='ocrx_word' id='word_1_125' title='bbox 381 1552 583 1625; x_wconf 79' lang='grc' dir='ltr'>τοχήν,</span> <span class='ocrx_word' id='word_1_126' title='bbox 618 1548 797 1623; x_wconf 78' lang='grc' dir='ltr'>ὥσπερ</span> <span class='ocrx_word' id='word_1_127' title='bbox 828 1547 916 1602; x_wconf 82' lang='grc' dir='ltr'><strong>καὶ</strong></span> <span class='ocrx_word' id='word_1_128' title='bbox 963 1547 1030 1601; x_wconf 66' lang='grc' dir='ltr'>τὰ</span> <span class='ocrx_word' id='word_1_129' title='bbox 1075 1545 1269 1613; x_wconf 76' lang='grc' dir='ltr'>πάντα,</span> <span class='ocrx_word' id='word_1_130' title='bbox 1313 1545 1441 1600; x_wconf 87' lang='grc' dir='ltr'>Θεὸν</span> <span class='ocrx_word' id='word_1_131' title='bbox 1491 1542 1735 1619; x_wconf 86' lang='grc' dir='ltr'>λέγεσθαι</span> <span class='ocrx_word' id='word_1_132' title='bbox 1792 1542 1881 1596; x_wconf 89' lang='grc' dir='ltr'><strong>καὶ</strong></span> <span class='ocrx_word' id='word_1_133' title='bbox 1938 1541 2032 1596; x_wconf 85' lang='grc' dir='ltr'>αὐ-</span> 
     </span>
    </p>
   </div>
   <div class='ocr_carea' id='block_1_17' title="bbox 382 1630 2033 1714">
    <p class='ocr_par' dir='ltr' id='par_1_17' title="bbox 382 1630 2033 1714">
     <span class='ocr_line' id='line_1_17' title="bbox 382 1630 2033 1714; baseline -0.006 -21"><span class='ocrx_word' id='word_1_134' title='bbox 382 1639 477 1693; x_wconf 85' lang='grc' dir='ltr'><strong>τὸν</strong></span> <span class='ocrx_word' id='word_1_135' title='bbox 508 1639 685 1714; x_wconf 88' lang='grc' dir='ltr'>λέγειν</span> <span class='ocrx_word' id='word_1_136' title='bbox 716 1635 1088 1711; x_wconf 81' lang='grc' dir='ltr'>τολμήσουσιν</span> <span class='ocrx_word' id='word_1_137' title='bbox 1119 1637 1252 1708; x_wconf 71' lang='grc'>(19)*</span> <span class='ocrx_word' id='word_1_138' title='bbox 1309 1630 1488 1689; x_wconf 83' lang='grc' dir='ltr'><strong>Ἀλλὰ</strong></span> <span class='ocrx_word' id='word_1_139' title='bbox 1531 1630 1621 1687; x_wconf 81' lang='grc' dir='ltr'><strong>καὶ</strong></span> <span class='ocrx_word' id='word_1_140' title='bbox 1664 1634 1823 1686; x_wconf 84' lang='grc' dir='ltr'>τοῦτο</span> <span class='ocrx_word' id='word_1_141' title='bbox 1873 1631 2033 1703; x_wconf 85' lang='grc' dir='ltr'>νομί-</span> 
     </span>
    </p>
   </div>
   <div class='ocr_carea' id='block_1_18' title="bbox 390 1718 2036 1800">
    <p class='ocr_par' dir='ltr' id='par_1_18' title="bbox 390 1718 2036 1800">
     <span class='ocr_line' id='line_1_18' title="bbox 390 1718 2036 1800; baseline -0.006 -17"><span class='ocrx_word' id='word_1_142' title='bbox 390 1734 568 1799; x_wconf 84' lang='grc' dir='ltr'>ζοντες</span> <span class='ocrx_word' id='word_1_143' title='bbox 617 1725 830 1800; x_wconf 83' lang='grc' dir='ltr'>ὁμοίως</span> <span class='ocrx_word' id='word_1_144' title='bbox 880 1720 1185 1794; x_wconf 74' lang='grc' dir='ltr'>ἀσεϐοῦσιν,</span> <span class='ocrx_word' id='word_1_145' title='bbox 1232 1720 1326 1778; x_wconf 64' lang='grc' dir='ltr'>ἕνα</span> <span class='ocrx_word' id='word_1_146' title='bbox 1380 1726 1487 1776; x_wconf 83' lang='grc' dir='ltr'><strong>τῶν</strong></span> <span class='ocrx_word' id='word_1_147' title='bbox 1537 1722 1745 1776; x_wconf 82' lang='grc' dir='ltr'>πάντων</span> <span class='ocrx_word' id='word_1_148' title='bbox 1787 1718 2036 1796; x_wconf 87' lang='grc' dir='ltr'>λέγοντες</span> 
     </span>
    </p>
   </div>
   <div class='ocr_carea' id='block_1_19' title="bbox 389 1807 2035 1892">
    <p class='ocr_par' dir='ltr' id='par_1_19' title="bbox 389 1807 2035 1892">
     <span class='ocr_line' id='line_1_19' title="bbox 389 1807 2035 1892; baseline -0.005 -20"><span class='ocrx_word' id='word_1_149' title='bbox 389 1817 523 1873; x_wconf 78' lang='grc' dir='ltr'>εἶναι</span> <span class='ocrx_word' id='word_1_150' title='bbox 588 1816 680 1870; x_wconf 86' lang='grc' dir='ltr'><strong>τὸν</strong></span> <span class='ocrx_word' id='word_1_151' title='bbox 758 1813 953 1892; x_wconf 83' lang='grc' dir='ltr'>Λόγον.</span> <span class='ocrx_word' id='word_1_152' title='bbox 1030 1814 1217 1888; x_wconf 83' lang='grc' dir='ltr'>Ἦμῶν</span> <span class='ocrx_word' id='word_1_153' title='bbox 1277 1810 1334 1867; x_wconf 69' lang='grc' dir='ltr'><strong>δὲ</strong></span> <span class='ocrx_word' id='word_1_154' title='bbox 1390 1816 1551 1866; x_wconf 84' lang='grc' dir='ltr'>τοῦτο</span> <span class='ocrx_word' id='word_1_155' title='bbox 1617 1807 1756 1883; x_wconf 76' lang='grc' dir='ltr'>μηδὲ</span> <span class='ocrx_word' id='word_1_156' title='bbox 1812 1809 1887 1872; x_wconf 80' lang='grc' dir='ltr'><strong>εἷς</strong></span> <span class='ocrx_word' id='word_1_157' title='bbox 1943 1809 2035 1864; x_wconf 84' lang='grc' dir='ltr'><strong>τὸν</strong></span> 
     </span>
    </p>
   </div>
   <div class='ocr_carea' id='block_1_20' title="bbox 384 1897 2035 1979">
    <p class='ocr_par' dir='ltr' id='par_1_20' title="bbox 384 1897 2035 1979">
     <span class='ocr_line' id='line_1_20' title="bbox 384 1897 2035 1979; baseline -0.006 -18"><span class='ocrx_word' id='word_1_158' title='bbox 384 1912 512 1961; x_wconf 82' lang='grc' dir='ltr'>νοῦν</span> <span class='ocrx_word' id='word_1_159' title='bbox 570 1907 679 1979; x_wconf 88' lang='grc'>(20)</span> <span class='ocrx_word' id='word_1_160' title='bbox 734 1925 873 1960; x_wconf 83' lang='grc' dir='ltr'>ποτε</span> <span class='ocrx_word' id='word_1_161' title='bbox 921 1901 1189 1966; x_wconf 76' lang='grc' dir='ltr'>εἷσέλθοιῐ</span> <span class='ocrx_word' id='word_1_162' title='bbox 1248 1905 1345 1958; x_wconf 83' lang='lat' dir='ltr'><strong>&quot;Ev</strong></span> <span class='ocrx_word' id='word_1_163' title='bbox 1399 1902 1500 1977; x_wconf 73' lang='grc' dir='ltr'><strong>γὰρ</strong></span> <span class='ocrx_word' id='word_1_164' title='bbox 1555 1897 1697 1961; x_wconf 73' lang='grc' dir='ltr'>εἶδος</span> <span class='ocrx_word' id='word_1_165' title='bbox 1755 1898 2035 1970; x_wconf 76' lang='grc' dir='ltr'>θεότητος,</span> 
     </span>
    </p>
   </div>
   <div class='ocr_carea' id='block_1_21' title="bbox 388 1986 2038 2071">
    <p class='ocr_par' dir='ltr' id='par_1_21' title="bbox 388 1986 2038 2071">
     <span class='ocr_line' id='line_1_21' title="bbox 388 1986 2038 2071; baseline -0.007 -19"><span class='ocrx_word' id='word_1_166' title='bbox 388 1997 525 2071; x_wconf 75' lang='grc' dir='ltr'>ὅπερ</span> <span class='ocrx_word' id='word_1_167' title='bbox 558 1994 668 2050; x_wconf 71' lang='grc' dir='ltr'>ἐστὶ</span> <span class='ocrx_word' id='word_1_168' title='bbox 698 1993 787 2049; x_wconf 79' lang='grc' dir='ltr'><strong>καὶ</strong></span> <span class='ocrx_word' id='word_1_169' title='bbox 821 1994 872 2047; x_wconf 84' lang='grc' dir='ltr'>ἐν</span> <span class='ocrx_word' id='word_1_170' title='bbox 905 1997 983 2065; x_wconf 81' lang='grc' dir='ltr'>τῷ</span> <span class='ocrx_word' id='word_1_171' title='bbox 1012 1987 1198 2068; x_wconf 85' lang='grc' dir='ltr'>Λόγῳ·</span> <span class='ocrx_word' id='word_1_172' title='bbox 1232 1990 1321 2045; x_wconf 87' lang='grc' dir='ltr'><strong>καὶ</strong></span> <span class='ocrx_word' id='word_1_173' title='bbox 1367 1991 1441 2051; x_wconf 84' lang='grc' dir='ltr'>εἷς</span> <span class='ocrx_word' id='word_1_174' title='bbox 1471 1988 1602 2051; x_wconf 85' lang='grc' dir='ltr'>Θεὸς</span> <span class='ocrx_word' id='word_1_175' title='bbox 1634 1990 1661 2042; x_wconf 87' lang='grc' dir='ltr'>ὁ</span> <span class='ocrx_word' id='word_1_176' title='bbox 1719 1988 1924 2062; x_wconf 77' lang='grc' dir='ltr'>Πατὴρ,</span> <span class='ocrx_word' id='word_1_177' title='bbox 1958 1986 2038 2065; x_wconf 70' lang='grc' dir='ltr'><strong>ἐφ’</strong></span> 
     </span>
    </p>
   </div>
   <div class='ocr_carea' id='block_1_22' title="bbox 389 2075 2043 2157">
    <p class='ocr_par' dir='ltr' id='par_1_22' title="bbox 389 2075 2043 2157">
     <span class='ocr_line' id='line_1_22' title="bbox 389 2075 2043 2157; baseline -0.007 -16"><span class='ocrx_word' id='word_1_178' title='bbox 389 2086 566 2157; x_wconf 67' lang='grc' dir='ltr'>ἑαυτῷ</span> <span class='ocrx_word' id='word_1_179' title='bbox 614 2080 687 2138; x_wconf 76' lang='grc' dir='ltr'>ὢν</span> <span class='ocrx_word' id='word_1_180' title='bbox 734 2085 847 2157; x_wconf 88' lang='grc'>(21)</span> <span class='ocrx_word' id='word_1_181' title='bbox 901 2081 1036 2136; x_wconf 81' lang='grc' dir='ltr'>κατὰ</span> <span class='ocrx_word' id='word_1_182' title='bbox 1082 2080 1145 2135; x_wconf 88' lang='grc' dir='ltr'><strong>τὸ</strong></span> <span class='ocrx_word' id='word_1_183' title='bbox 1187 2078 1275 2135; x_wconf 69' lang='grc' dir='ltr'><strong>ἐπὶ</strong></span> <span class='ocrx_word' id='word_1_184' title='bbox 1306 2080 1519 2134; x_wconf 85' lang='grc' dir='ltr'>πάντων</span> <span class='ocrx_word' id='word_1_185' title='bbox 1553 2079 1706 2133; x_wconf 63' lang='grc' dir='ltr'>εἶναι·</span> <span class='ocrx_word' id='word_1_186' title='bbox 1739 2077 1829 2132; x_wconf 86' lang='grc' dir='ltr'><strong>καὶ</strong></span> <span class='ocrx_word' id='word_1_187' title='bbox 1880 2075 1934 2131; x_wconf 85' lang='grc' dir='ltr'><strong>έν</strong></span> <span class='ocrx_word' id='word_1_188' title='bbox 1964 2079 2043 2147; x_wconf 81' lang='grc' dir='ltr'>τῷ</span> 
     </span>
    </p>
   </div>
   <div class='ocr_carea' id='block_1_23' title="bbox 386 2164 2040 2252">
    <p class='ocr_par' dir='ltr' id='par_1_23' title="bbox 386 2164 2040 2252">
     <span class='ocr_line' id='line_1_23' title="bbox 386 2164 2040 2252; baseline -0.008 -22"><span class='ocrx_word' id='word_1_189' title='bbox 386 2176 504 2248; x_wconf 75' lang='grc' dir='ltr'><strong>Υἱῷ</strong></span> <span class='ocrx_word' id='word_1_190' title='bbox 540 2172 597 2229; x_wconf 78' lang='grc' dir='ltr'><strong>δὲ</strong></span> <span class='ocrx_word' id='word_1_191' title='bbox 627 2172 953 2252; x_wconf 72' lang='grc' dir='ltr'>φαινόμενος</span> <span class='ocrx_word' id='word_1_192' title='bbox 982 2171 1119 2226; x_wconf 85' lang='grc' dir='ltr'><strong>κατὰ</strong></span> <span class='ocrx_word' id='word_1_193' title='bbox 1167 2170 1229 2225; x_wconf 90' lang='grc' dir='ltr'><strong>τὸ</strong></span> <span class='ocrx_word' id='word_1_194' title='bbox 1279 2167 1368 2224; x_wconf 71' lang='grc' dir='ltr'><strong>διὰ</strong></span> <span class='ocrx_word' id='word_1_195' title='bbox 1400 2169 1613 2223; x_wconf 79' lang='grc' dir='ltr'>πάντων</span> <span class='ocrx_word' id='word_1_196' title='bbox 1668 2165 1901 2238; x_wconf 78' lang='grc' dir='ltr'>διήκειν,</span> <span class='ocrx_word' id='word_1_197' title='bbox 1950 2164 2040 2221; x_wconf 83' lang='grc' dir='ltr'><strong>καὶ</strong></span> 
     </span>
    </p>
   </div>
   <div class='ocr_carea' id='block_1_24' title="bbox 390 2253 2042 2336">
    <p class='ocr_par' dir='ltr' id='par_1_24' title="bbox 390 2253 2042 2336">
     <span class='ocr_line' id='line_1_24' title="bbox 390 2253 2042 2336; baseline -0.007 -17"><span class='ocrx_word' id='word_1_198' title='bbox 390 2265 552 2336; x_wconf 84' lang='grc' dir='ltr'>έντῷ</span> <span class='ocrx_word' id='word_1_199' title='bbox 608 2261 875 2335; x_wconf 80' lang='grc' dir='ltr'>Ηνεύματι</span> <span class='ocrx_word' id='word_1_200' title='bbox 937 2258 993 2316; x_wconf 76' lang='grc' dir='ltr'><strong>δὲ</strong></span> <span class='ocrx_word' id='word_1_201' title='bbox 1046 2259 1181 2315; x_wconf 84' lang='grc' dir='ltr'>κατᾶ</span> <span class='ocrx_word' id='word_1_202' title='bbox 1236 2258 1300 2313; x_wconf 90' lang='grc' dir='ltr'><strong>τὸ</strong></span> <span class='ocrx_word' id='word_1_203' title='bbox 1358 2256 1408 2312; x_wconf 85' lang='grc' dir='ltr'>ἐν</span> <span class='ocrx_word' id='word_1_204' title='bbox 1446 2257 1608 2312; x_wconf 83' lang='grc' dir='ltr'>ἅπασι</span> <span class='ocrx_word' id='word_1_205' title='bbox 1639 2260 1750 2329; x_wconf 85' lang='grc'>(22)</span> <span class='ocrx_word' id='word_1_206' title='bbox 1806 2253 1895 2310; x_wconf 70' lang='grc' dir='ltr'>διὰ</span> <span class='ocrx_word' id='word_1_207' title='bbox 1945 2259 2042 2309; x_wconf 89' lang='grc' dir='ltr'><strong>τοῦ</strong></span> 
     </span>
    </p>
   </div>
   <div class='ocr_carea' id='block_1_25' title="bbox 387 2341 2043 2429">
    <p class='ocr_par' dir='ltr' id='par_1_25' title="bbox 387 2341 2043 2429">
     <span class='ocr_line' id='line_1_25' title="bbox 387 2341 2043 2429; baseline -0.007 -20"><span class='ocrx_word' id='word_1_208' title='bbox 387 2356 576 2429; x_wconf 75' lang='grc' dir='ltr'>Λόγου</span> <span class='ocrx_word' id='word_1_209' title='bbox 626 2352 679 2406; x_wconf 88' lang='grc' dir='ltr'><strong>έν</strong></span> <span class='ocrx_word' id='word_1_210' title='bbox 727 2351 871 2423; x_wconf 80' lang='grc' dir='ltr'>αὐτῷ</span> <span class='ocrx_word' id='word_1_211' title='bbox 919 2347 1171 2425; x_wconf 82' lang='grc' dir='ltr'>ἐνεργεῖν.</span> <span class='ocrx_word' id='word_1_212' title='bbox 1215 2345 1374 2405; x_wconf 72' lang='grc' dir='ltr'><strong>Οὕτω</strong></span> <span class='ocrx_word' id='word_1_213' title='bbox 1405 2346 1627 2423; x_wconf 77' lang='grc' dir='ltr'>γὰρκαὶ</span> <span class='ocrx_word' id='word_1_214' title='bbox 1675 2342 1768 2400; x_wconf 72' lang='grc' dir='ltr'>ἕνα</span> <span class='ocrx_word' id='word_1_215' title='bbox 1825 2341 1915 2400; x_wconf 76' lang='grc' dir='ltr'><strong>διὰ</strong></span> <span class='ocrx_word' id='word_1_216' title='bbox 1944 2351 2043 2413; x_wconf 88' lang='grc' dir='ltr'>τῆς</span> 
     </span>
    </p>
   </div>
   <div class='ocr_carea' id='block_1_26' title="bbox 390 2432 2039 2519">
    <p class='ocr_par' dir='ltr' id='par_1_26' title="bbox 390 2432 2039 2519">
     <span class='ocr_line' id='line_1_26' title="bbox 390 2432 2039 2519; baseline -0.007 -21"><span class='ocrx_word' id='word_1_217' title='bbox 390 2438 635 2519; x_wconf 81' lang='grc' dir='ltr'>Τριάδος</span> <span class='ocrx_word' id='word_1_218' title='bbox 665 2442 1048 2515; x_wconf 72' lang='grc' dir='ltr'>ὁμολογοῦμεν</span> <span class='ocrx_word' id='word_1_219' title='bbox 1081 2438 1207 2492; x_wconf 72' lang='grc' dir='ltr'>εἶναι</span> <span class='ocrx_word' id='word_1_220' title='bbox 1238 2437 1328 2491; x_wconf 87' lang='grc' dir='ltr'><strong>τὸν</strong></span> <span class='ocrx_word' id='word_1_221' title='bbox 1362 2436 1515 2507; x_wconf 85' lang='grc' dir='ltr'>Θεὸν,</span> <span class='ocrx_word' id='word_1_222' title='bbox 1544 2434 1634 2489; x_wconf 82' lang='grc' dir='ltr'><strong>καὶ</strong></span> <span class='ocrx_word' id='word_1_223' title='bbox 1656 2433 1799 2489; x_wconf 77' lang='grc' dir='ltr'>πολὺ</span> <span class='ocrx_word' id='word_1_224' title='bbox 1827 2432 2039 2506; x_wconf 77' lang='grc' dir='ltr'>μᾶλλον</span> 
     </span>
    </p>
   </div>
   <div class='ocr_carea' id='block_1_27' title="bbox 390 2521 2041 2605">
    <p class='ocr_par' dir='ltr' id='par_1_27' title="bbox 390 2521 2041 2605">
     <span class='ocr_line' id='line_1_27' title="bbox 390 2521 2041 2605; baseline -0.006 -18"><span class='ocrx_word' id='word_1_225' title='bbox 390 2525 770 2605; x_wconf 72' lang='grc' dir='ltr'>εὐσεϐέστερον</span> <span class='ocrx_word' id='word_1_226' title='bbox 803 2527 1033 2604; x_wconf 76' lang='grc' dir='ltr'>λέγομεν</span> <span class='ocrx_word' id='word_1_227' title='bbox 1069 2529 1181 2600; x_wconf 87' lang='grc'>(23)</span> <span class='ocrx_word' id='word_1_228' title='bbox 1209 2532 1310 2595; x_wconf 78' lang='grc' dir='ltr'>τῆς</span> <span class='ocrx_word' id='word_1_229' title='bbox 1340 2521 1665 2586; x_wconf 82' lang='grc' dir='ltr'>πολυειδοῦς</span> <span class='ocrx_word' id='word_1_230' title='bbox 1717 2523 1806 2578; x_wconf 85' lang='grc' dir='ltr'><strong>καὶ</strong></span> <span class='ocrx_word' id='word_1_231' title='bbox 1864 2522 2041 2578; x_wconf 88' lang='grc' dir='ltr'>πολυ-</span> 
     </span>
    </p>
   </div>
   <div class='ocr_carea' id='block_1_28' title="bbox 396 2608 2041 2695">
    <p class='ocr_par' dir='ltr' id='par_1_28' title="bbox 396 2608 2041 2695">
     <span class='ocr_line' id='line_1_28' title="bbox 396 2608 2041 2695; baseline -0.005 -19"><span class='ocrx_word' id='word_1_232' title='bbox 396 2640 597 2695; x_wconf 87' lang='grc' dir='ltr'>μερους</span> <span class='ocrx_word' id='word_1_233' title='bbox 625 2623 731 2673; x_wconf 84' lang='grc' dir='ltr'><strong>τῶν</strong></span> <span class='ocrx_word' id='word_1_234' title='bbox 762 2618 1047 2692; x_wconf 72' lang='grc' dir='ltr'>αἱρετικῶν</span> <span class='ocrx_word' id='word_1_235' title='bbox 1081 2612 1457 2684; x_wconf 70' lang='grc' dir='ltr'>θεόττ,τος,ὅτι</span> <span class='ocrx_word' id='word_1_236' title='bbox 1486 2614 1588 2682; x_wconf 75' lang='grc' dir='ltr'>τὴν</span> <span class='ocrx_word' id='word_1_237' title='bbox 1623 2611 1748 2687; x_wconf 82' lang='grc' dir='ltr'>μίαν</span> <span class='ocrx_word' id='word_1_238' title='bbox 1781 2611 1831 2667; x_wconf 82' lang='grc' dir='ltr'>ἐν</span> <span class='ocrx_word' id='word_1_239' title='bbox 1863 2608 2041 2689; x_wconf 75' lang='grc' dir='ltr'>τριάδι</span> 
     </span>
    </p>
   </div>
   <div class='ocr_carea' id='block_1_29' title="bbox 392 2710 975 2785">
    <p class='ocr_par' dir='ltr' id='par_1_29' title="bbox 392 2710 975 2785">
     <span class='ocr_line' id='line_1_29' title="bbox 392 2710 975 2785; baseline -0.005 -20"><span class='ocrx_word' id='word_1_240' title='bbox 392 2710 628 2779; x_wconf 82' lang='grc' dir='ltr'>θεότητα</span> <span class='ocrx_word' id='word_1_241' title='bbox 648 2711 975 2785; x_wconf 76' lang='grc' dir='ltr'>φρονοῦμεν.</span> 
     </span>
    </p>
   </div>
   <div class='ocr_carea' id='block_1_30' title="bbox 2135 834 3785 906">
    <p class='ocr_par' dir='ltr' id='par_1_30' title="bbox 2135 834 3785 906">
     <span class='ocr_line' id='line_1_30' title="bbox 2135 834 3785 906; baseline 0.003 -17"><span class='ocrx_word' id='word_1_242' title='bbox 2135 835 2235 890; x_wconf 91' lang='lat' dir='ltr'><strong>sed</strong></span> <span class='ocrx_word' id='word_1_243' title='bbox 2281 835 2471 906; x_wconf 81' lang='lat' dir='ltr'><strong>ipsam</strong></span> <span class='ocrx_word' id='word_1_244' title='bbox 2500 834 2685 891; x_wconf 93' lang='lat' dir='ltr'><strong>solius</strong></span> <span class='ocrx_word' id='word_1_245' title='bbox 2738 834 2837 890; x_wconf 88' lang='lat' dir='ltr'><strong>Dei</strong></span> <span class='ocrx_word' id='word_1_246' title='bbox 2871 834 3231 891; x_wconf 80' lang='lat' dir='ltr'><strong>divinitatem</strong></span> <span class='ocrx_word' id='word_1_247' title='bbox 3283 840 3687 905; x_wconf 88' lang='lat' dir='ltr'><strong>attribuimus,</strong></span> <span class='ocrx_word' id='word_1_248' title='bbox 3719 856 3785 896; x_wconf 91' lang='lat' dir='ltr'><strong>eo</strong></span> 
     </span>
    </p>
   </div>
   <div class='ocr_carea' id='block_1_31' title="bbox 2137 923 3790 998">
    <p class='ocr_par' dir='ltr' id='par_1_31' title="bbox 2137 923 3790 998">
     <span class='ocr_line' id='line_1_31' title="bbox 2137 923 3790 998; baseline 0.004 -21"><span class='ocrx_word' id='word_1_249' title='bbox 2137 924 2291 995; x_wconf 88' lang='lat' dir='ltr'><strong>quod</strong></span> <span class='ocrx_word' id='word_1_250' title='bbox 2325 940 2393 979; x_wconf 83' lang='lat' dir='ltr'><strong>ex</strong></span> <span class='ocrx_word' id='word_1_251' title='bbox 2426 924 2550 995; x_wconf 91' lang='lat' dir='ltr'><strong>ipso</strong></span> <span class='ocrx_word' id='word_1_252' title='bbox 2573 929 2773 979; x_wconf 89' lang='lat' dir='ltr'><strong>natum</strong></span> <span class='ocrx_word' id='word_1_253' title='bbox 2807 923 2904 978; x_wconf 92' lang='lat' dir='ltr'><strong>sit.</strong></span> <span class='ocrx_word' id='word_1_254' title='bbox 2925 923 3137 979; x_wconf 89' lang='lat' dir='ltr'><strong>Verum</strong></span> <span class='ocrx_word' id='word_1_255' title='bbox 3165 926 3350 982; x_wconf 89' lang='lat' dir='ltr'><strong>multo</strong></span> <span class='ocrx_word' id='word_1_256' title='bbox 3379 929 3607 998; x_wconf 72' lang='lat' dir='ltr'><strong>aequius</strong></span> <span class='ocrx_word' id='word_1_257' title='bbox 3628 930 3790 983; x_wconf 57' lang='lat' dir='ltr'><strong>Aria-</strong></span> 
     </span>
    </p>
   </div>
   <div class='ocr_carea' id='block_1_32' title="bbox 2139 1012 3791 1083">
    <p class='ocr_par' dir='ltr' id='par_1_32' title="bbox 2139 1012 3791 1083">
     <span class='ocr_line' id='line_1_32' title="bbox 2139 1012 3791 1083; baseline 0.004 -16"><span class='ocrx_word' id='word_1_258' title='bbox 2139 1013 2197 1067; x_wconf 90' lang='lat' dir='ltr'><strong>ni</strong></span> <span class='ocrx_word' id='word_1_259' title='bbox 2229 1012 2487 1068; x_wconf 88' lang='lat' dir='ltr'><strong>accusari</strong></span> <span class='ocrx_word' id='word_1_260' title='bbox 2522 1016 2759 1083; x_wconf 80' lang='lat' dir='ltr'><strong>possent</strong></span> <span class='ocrx_word' id='word_1_261' title='bbox 2814 1014 3031 1068; x_wconf 87' lang='lat' dir='ltr'><strong>multos</strong></span> <span class='ocrx_word' id='word_1_262' title='bbox 3084 1016 3167 1067; x_wconf 87' lang='lat' dir='ltr'><strong>vel</strong></span> <span class='ocrx_word' id='word_1_263' title='bbox 3198 1017 3374 1071; x_wconf 87' lang='lat' dir='ltr'><strong>etiam</strong></span> <span class='ocrx_word' id='word_1_264' title='bbox 3425 1017 3623 1073; x_wconf 91' lang='lat' dir='ltr'><strong>nullos</strong></span> <span class='ocrx_word' id='word_1_265' title='bbox 3651 1019 3791 1073; x_wconf 91' lang='lat' dir='ltr'><strong>deos</strong></span> 
     </span>
    </p>
   </div>
   <div class='ocr_carea' id='block_1_33' title="bbox 2141 1101 3790 1173">
    <p class='ocr_par' dir='ltr' id='par_1_33' title="bbox 2141 1101 3790 1173">
     <span class='ocr_line' id='line_1_33' title="bbox 2141 1101 3790 1173; baseline 0.003 -17"><span class='ocrx_word' id='word_1_266' title='bbox 2141 1101 2468 1167; x_wconf 81' lang='lat' dir='ltr'><strong>admittere,</strong></span> <span class='ocrx_word' id='word_1_267' title='bbox 2503 1101 2718 1173; x_wconf 88' lang='lat' dir='ltr'><strong>quippe</strong></span> <span class='ocrx_word' id='word_1_268' title='bbox 2749 1102 2846 1172; x_wconf 89' lang='lat' dir='ltr'><strong>qui</strong></span> <span class='ocrx_word' id='word_1_269' title='bbox 2881 1101 3073 1172; x_wconf 90' lang='lat' dir='ltr'><strong>inepte</strong></span> <span class='ocrx_word' id='word_1_270' title='bbox 3104 1106 3461 1159; x_wconf 82' lang='lat' dir='ltr'><strong>contendant</strong></span> <span class='ocrx_word' id='word_1_271' title='bbox 3491 1112 3547 1160; x_wconf 88' lang='lat' dir='ltr'><strong>et</strong></span> <span class='ocrx_word' id='word_1_272' title='bbox 3582 1106 3790 1161; x_wconf 80' lang='lat' dir='ltr'><strong>Filium</strong></span> 
     </span>
    </p>
   </div>
   <div class='ocr_carea' id='block_1_34' title="bbox 2140 1190 3792 1263">
    <p class='ocr_par' dir='ltr' id='par_1_34' title="bbox 2140 1190 3792 1263">
     <span class='ocr_line' id='line_1_34' title="bbox 2140 1190 3792 1263; baseline 0.004 -18"><span class='ocrx_word' id='word_1_273' title='bbox 2140 1196 2443 1245; x_wconf 86' lang='lat' dir='ltr'><strong>externum</strong></span> <span class='ocrx_word' id='word_1_274' title='bbox 2477 1196 2858 1261; x_wconf 88' lang='lat' dir='ltr'><strong>creatumque</strong></span> <span class='ocrx_word' id='word_1_275' title='bbox 2885 1207 3033 1257; x_wconf 82' lang='lat' dir='ltr'><strong>esse,</strong></span> <span class='ocrx_word' id='word_1_276' title='bbox 3068 1196 3123 1246; x_wconf 90' lang='lat' dir='ltr'><strong>et</strong></span> <span class='ocrx_word' id='word_1_277' title='bbox 3151 1190 3435 1263; x_wconf 82' lang='lat' dir='ltr'><strong>Spiritum</strong></span> <span class='ocrx_word' id='word_1_278' title='bbox 3467 1201 3737 1251; x_wconf 84' lang='lat' dir='ltr'><strong>sanctum</strong></span> <span class='ocrx_word' id='word_1_279' title='bbox 3762 1213 3792 1250; x_wconf 89' lang='lat' dir='ltr'><strong>e</strong></span> 
     </span>
    </p>
   </div>
   <div class='ocr_carea' id='block_1_35' title="bbox 2143 1269 3793 1341">
    <p class='ocr_par' dir='ltr' id='par_1_35' title="bbox 2143 1269 3793 1341">
     <span class='ocr_line' id='line_1_35' title="bbox 2143 1269 3793 1341; baseline 0.004 -8"><span class='ocrx_word' id='word_1_280' title='bbox 2143 1269 2325 1334; x_wconf 77' lang='lat' dir='ltr'><strong>nihilo</strong></span> <span class='ocrx_word' id='word_1_281' title='bbox 2357 1295 2500 1334; x_wconf 85' lang='lat' dir='ltr'><strong>esse.</strong></span> <span class='ocrx_word' id='word_1_282' title='bbox 2535 1278 2635 1333; x_wconf 90' lang='lat' dir='ltr'><strong>Vel</strong></span> <span class='ocrx_word' id='word_1_283' title='bbox 2665 1279 2819 1334; x_wconf 93' lang='lat' dir='ltr'><strong>enim</strong></span> <span class='ocrx_word' id='word_1_284' title='bbox 2868 1279 3125 1335; x_wconf 84' lang='lat' dir='ltr'><strong>Verbum</strong></span> <span class='ocrx_word' id='word_1_285' title='bbox 3166 1297 3280 1336; x_wconf 90' lang='lat' dir='ltr'>non</span> <span class='ocrx_word' id='word_1_286' title='bbox 3330 1298 3458 1339; x_wconf 89' lang='lat' dir='ltr'><strong>esse</strong></span> <span class='ocrx_word' id='word_1_287' title='bbox 3489 1283 3671 1339; x_wconf 92' lang='lat' dir='ltr'><strong>Deum</strong></span> <span class='ocrx_word' id='word_1_288' title='bbox 3707 1286 3793 1341; x_wconf 77' lang='lat' dir='ltr'><strong>fa-</strong></span> 
     </span>
    </p>
   </div>
   <div class='ocr_carea' id='block_1_36' title="bbox 2142 1368 3790 1444">
    <p class='ocr_par' dir='ltr' id='par_1_36' title="bbox 2142 1368 3790 1444">
     <span class='ocr_line' id='line_1_36' title="bbox 2142 1368 3790 1444; baseline 0.004 -20"><span class='ocrx_word' id='word_1_289' title='bbox 2142 1372 2376 1424; x_wconf 88' lang='lat' dir='ltr'><strong>teantur</strong></span> <span class='ocrx_word' id='word_1_290' title='bbox 2406 1383 2641 1424; x_wconf 85' lang='lat' dir='ltr'><strong>necesse</strong></span> <span class='ocrx_word' id='word_1_291' title='bbox 2660 1374 2748 1423; x_wconf 90' lang='lat' dir='ltr'><strong>est</strong></span> <span class='ocrx_word' id='word_1_292' title='bbox 2782 1385 2795 1422; x_wconf 87' lang='lat'><strong>:</strong></span> <span class='ocrx_word' id='word_1_293' title='bbox 2829 1369 2913 1423; x_wconf 89' lang='lat' dir='ltr'><strong>vel</strong></span> <span class='ocrx_word' id='word_1_294' title='bbox 2935 1368 2984 1424; x_wconf 91' lang='lat' dir='ltr'><strong>si</strong></span> <span class='ocrx_word' id='word_1_295' title='bbox 3018 1370 3201 1425; x_wconf 87' lang='lat' dir='ltr'><strong>Deum</strong></span> <span class='ocrx_word' id='word_1_296' title='bbox 3232 1386 3382 1440; x_wconf 90' lang='lat' dir='ltr'><strong>esse,</strong></span> <span class='ocrx_word' id='word_1_297' title='bbox 3406 1374 3545 1444; x_wconf 80' lang='lat' dir='ltr'><strong>quia</strong></span> <span class='ocrx_word' id='word_1_298' title='bbox 3566 1374 3621 1429; x_wconf 89' lang='lat' dir='ltr'><strong>id</strong></span> <span class='ocrx_word' id='word_1_299' title='bbox 3648 1375 3790 1429; x_wconf 87' lang='lat' dir='ltr'><strong>scri-</strong></span> 
     </span>
    </p>
   </div>
   <div class='ocr_carea' id='block_1_37' title="bbox 2143 1456 3798 1533">
    <p class='ocr_par' dir='ltr' id='par_1_37' title="bbox 2143 1456 3798 1533">
     <span class='ocr_line' id='line_1_37' title="bbox 2143 1456 3798 1533; baseline 0.004 -22"><span class='ocrx_word' id='word_1_300' title='bbox 2143 1461 2307 1529; x_wconf 88' lang='lat' dir='ltr'><strong>ptum</strong></span> <span class='ocrx_word' id='word_1_301' title='bbox 2341 1462 2451 1526; x_wconf 90' lang='lat' dir='ltr'><strong>est,</strong></span> <span class='ocrx_word' id='word_1_302' title='bbox 2497 1456 2747 1512; x_wconf 82' lang='lat' dir='ltr'><strong>inﬁciari</strong></span> <span class='ocrx_word' id='word_1_303' title='bbox 2804 1473 2918 1512; x_wconf 91' lang='lat' dir='ltr'><strong>non</strong></span> <span class='ocrx_word' id='word_1_304' title='bbox 2968 1462 3239 1525; x_wconf 72' lang='lat' dir='ltr'><strong>audeant,</strong></span> <span class='ocrx_word' id='word_1_305' title='bbox 3272 1459 3588 1533; x_wconf 90' lang='lat' dir='ltr'><strong>ipsumque</strong></span> <span class='ocrx_word' id='word_1_306' title='bbox 3618 1460 3798 1518; x_wconf 82' lang='lat' dir='ltr'>velint</span> 
     </span>
    </p>
   </div>
   <div class='ocr_carea' id='block_1_38' title="bbox 2145 1545 3798 1618">
    <p class='ocr_par' dir='ltr' id='par_1_38' title="bbox 2145 1545 3798 1618">
     <span class='ocr_line' id='line_1_38' title="bbox 2145 1545 3798 1618; baseline 0.005 -18"><span class='ocrx_word' id='word_1_307' title='bbox 2145 1551 2366 1601; x_wconf 67' lang='lat' dir='ltr'><strong>natura</strong></span> <span class='ocrx_word' id='word_1_308' title='bbox 2414 1545 2602 1601; x_wconf 84' lang='lat' dir='ltr'><strong>Patris</strong></span> <span class='ocrx_word' id='word_1_309' title='bbox 2649 1562 2779 1602; x_wconf 86' lang='lat' dir='ltr'><strong>esse</strong></span> <span class='ocrx_word' id='word_1_310' title='bbox 2826 1546 3130 1601; x_wconf 86' lang='lat' dir='ltr'><strong>alienum:</strong></span> <span class='ocrx_word' id='word_1_311' title='bbox 3170 1546 3408 1618; x_wconf 88' lang='lat' dir='ltr'><strong>planum</strong></span> <span class='ocrx_word' id='word_1_312' title='bbox 3461 1555 3551 1606; x_wconf 91' lang='lat' dir='ltr'><strong>est</strong></span> <span class='ocrx_word' id='word_1_313' title='bbox 3580 1551 3798 1608; x_wconf 85' lang='lat' dir='ltr'><strong>multos</strong></span> 
     </span>
    </p>
   </div>
   <div class='ocr_carea' id='block_1_39' title="bbox 2145 1634 3798 1707">
    <p class='ocr_par' dir='ltr' id='par_1_39' title="bbox 2145 1634 3798 1707">
     <span class='ocr_line' id='line_1_39' title="bbox 2145 1634 3798 1707; baseline 0.004 -17"><span class='ocrx_word' id='word_1_314' title='bbox 2145 1636 2285 1691; x_wconf 90' lang='lat' dir='ltr'><strong>deos</strong></span> <span class='ocrx_word' id='word_1_315' title='bbox 2317 1642 2552 1707; x_wconf 81' lang='lat' dir='ltr'><strong>propter</strong></span> <span class='ocrx_word' id='word_1_316' title='bbox 2581 1635 2870 1690; x_wconf 88' lang='lat' dir='ltr'><strong>diversam</strong></span> <span class='ocrx_word' id='word_1_317' title='bbox 2896 1634 3129 1690; x_wconf 92' lang='lat' dir='ltr'><strong>illorum</strong></span> <span class='ocrx_word' id='word_1_318' title='bbox 3164 1641 3432 1694; x_wconf 90' lang='lat' dir='ltr'><strong>naturam</strong></span> <span class='ocrx_word' id='word_1_319' title='bbox 3457 1639 3528 1695; x_wconf 86' lang='lat' dir='ltr'><strong>ab</strong></span> <span class='ocrx_word' id='word_1_320' title='bbox 3561 1639 3676 1696; x_wconf 92' lang='lat' dir='ltr'><strong>illis</strong></span> <span class='ocrx_word' id='word_1_321' title='bbox 3707 1640 3798 1696; x_wconf 90' lang='lat' dir='ltr'><strong>in-</strong></span> 
     </span>
    </p>
   </div>
   <div class='ocr_carea' id='block_1_40' title="bbox 2145 1723 3799 1791">
    <p class='ocr_par' dir='ltr' id='par_1_40' title="bbox 2145 1723 3799 1791">
     <span class='ocr_line' id='line_1_40' title="bbox 2145 1723 3799 1791; baseline 0.004 -11"><span class='ocrx_word' id='word_1_322' title='bbox 2145 1724 2300 1791; x_wconf 89' lang='lat' dir='ltr'><strong>duci,</strong></span> <span class='ocrx_word' id='word_1_323' title='bbox 2322 1723 2436 1779; x_wconf 90' lang='lat' dir='ltr'><strong>nisi</strong></span> <span class='ocrx_word' id='word_1_324' title='bbox 2454 1725 2599 1779; x_wconf 82' lang='lat' dir='ltr'><strong>forte</strong></span> <span class='ocrx_word' id='word_1_325' title='bbox 2616 1724 2798 1780; x_wconf 91' lang='lat' dir='ltr'><strong>Deum</strong></span> <span class='ocrx_word' id='word_1_326' title='bbox 2820 1723 2984 1780; x_wconf 91' lang='lat' dir='ltr'><strong>illum</strong></span> <span class='ocrx_word' id='word_1_327' title='bbox 3012 1726 3244 1781; x_wconf 87' lang='lat' dir='ltr'>nonnisi</span> <span class='ocrx_word' id='word_1_328' title='bbox 3266 1729 3799 1787; x_wconf 82' lang='lat' dir='ltr'>communicatione</span> 
     </span>
    </p>
   </div>
   <div class='ocr_carea' id='block_1_41' title="bbox 2146 1812 3797 1885">
    <p class='ocr_par' dir='ltr' id='par_1_41' title="bbox 2146 1812 3797 1885">
     <span class='ocr_line' id='line_1_41' title="bbox 2146 1812 3797 1885; baseline 0.003 -15"><span class='ocrx_word' id='word_1_329' title='bbox 2146 1830 2295 1880; x_wconf 89' lang='lat' dir='ltr'><strong>esse,</strong></span> <span class='ocrx_word' id='word_1_330' title='bbox 2344 1814 2427 1869; x_wconf 89' lang='lat' dir='ltr'><strong>uti</strong></span> <span class='ocrx_word' id='word_1_331' title='bbox 2477 1830 2569 1869; x_wconf 90' lang='lat' dir='ltr'><strong>res</strong></span> <span class='ocrx_word' id='word_1_332' title='bbox 2612 1812 2758 1869; x_wconf 86' lang='lat' dir='ltr'><strong>alias</strong></span> <span class='ocrx_word' id='word_1_333' title='bbox 2807 1829 3033 1885; x_wconf 84' lang='lat' dir='ltr'><strong>omnes,</strong></span> <span class='ocrx_word' id='word_1_334' title='bbox 3064 1814 3257 1869; x_wconf 87' lang='lat' dir='ltr'><strong>dicere</strong></span> <span class='ocrx_word' id='word_1_335' title='bbox 3306 1832 3421 1872; x_wconf 90' lang='lat' dir='ltr'>non</span> <span class='ocrx_word' id='word_1_336' title='bbox 3466 1824 3797 1876; x_wconf 76' lang='lat' dir='ltr'><strong>vereantur.</strong></span> 
     </span>
    </p>
   </div>
   <div class='ocr_carea' id='block_1_42' title="bbox 2147 1901 3799 1975">
    <p class='ocr_par' dir='ltr' id='par_1_42' title="bbox 2147 1901 3799 1975">
     <span class='ocr_line' id='line_1_42' title="bbox 2147 1901 3799 1975; baseline 0.004 -18"><span class='ocrx_word' id='word_1_337' title='bbox 2147 1902 2361 1959; x_wconf 84' lang='lat' dir='ltr'><strong>Verum</strong></span> <span class='ocrx_word' id='word_1_338' title='bbox 2411 1903 2461 1957; x_wconf 90' lang='lat' dir='ltr'><strong>si</strong></span> <span class='ocrx_word' id='word_1_339' title='bbox 2510 1901 2631 1957; x_wconf 73' lang='lat' dir='ltr'><strong>hinc</strong></span> <span class='ocrx_word' id='word_1_340' title='bbox 2677 1901 2911 1957; x_wconf 90' lang='lat' dir='ltr'><strong>illorum</strong></span> <span class='ocrx_word' id='word_1_341' title='bbox 2963 1908 3052 1957; x_wconf 89' lang='lat' dir='ltr'><strong>est</strong></span> <span class='ocrx_word' id='word_1_342' title='bbox 3098 1905 3406 1975; x_wconf 83' lang='lat' dir='ltr'><strong>sententia,</strong></span> <span class='ocrx_word' id='word_1_343' title='bbox 3440 1923 3554 1962; x_wconf 91' lang='lat' dir='ltr'><strong>non</strong></span> <span class='ocrx_word' id='word_1_344' title='bbox 3599 1908 3799 1963; x_wconf 87' lang='lat' dir='ltr'><strong>minus</strong></span> 
     </span>
    </p>
   </div>
   <div class='ocr_carea' id='block_1_43' title="bbox 2152 1991 3800 2064">
    <p class='ocr_par' dir='ltr' id='par_1_43' title="bbox 2152 1991 3800 2064">
     <span class='ocr_line' id='line_1_43' title="bbox 2152 1991 3800 2064; baseline 0.004 -17"><span class='ocrx_word' id='word_1_345' title='bbox 2152 1991 2316 2064; x_wconf 89' lang='lat' dir='ltr'><strong>impii</strong></span> <span class='ocrx_word' id='word_1_346' title='bbox 2366 1996 2505 2047; x_wconf 85' lang='lat' dir='ltr'><strong>sunt</strong></span> <span class='ocrx_word' id='word_1_347' title='bbox 2545 1991 2814 2059; x_wconf 82' lang='lat' dir='ltr'><strong>habendi,</strong></span> <span class='ocrx_word' id='word_1_348' title='bbox 2848 1991 2943 2062; x_wconf 92' lang='lat' dir='ltr'><strong>qui</strong></span> <span class='ocrx_word' id='word_1_349' title='bbox 2977 2007 3183 2062; x_wconf 85' lang='lat' dir='ltr'><strong>nempe</strong></span> <span class='ocrx_word' id='word_1_350' title='bbox 3229 1993 3479 2051; x_wconf 89' lang='lat' dir='ltr'><strong>Verbum</strong></span> <span class='ocrx_word' id='word_1_351' title='bbox 3526 1996 3678 2052; x_wconf 89' lang='lat' dir='ltr'><strong>inter</strong></span> <span class='ocrx_word' id='word_1_352' title='bbox 3707 2012 3800 2054; x_wconf 84' lang='lat' dir='ltr'><strong>res</strong></span> 
     </span>
    </p>
   </div>
   <div class='ocr_carea' id='block_1_44' title="bbox 2151 2080 3801 2157">
    <p class='ocr_par' dir='ltr' id='par_1_44' title="bbox 2151 2080 3801 2157">
     <span class='ocr_line' id='line_1_44' title="bbox 2151 2080 3801 2157; baseline 0.002 -20"><span class='ocrx_word' id='word_1_353' title='bbox 2151 2087 2389 2137; x_wconf 70' lang='lat' dir='ltr'><strong>caeteras</strong></span> <span class='ocrx_word' id='word_1_354' title='bbox 2427 2080 2746 2146; x_wconf 86' lang='lat' dir='ltr'><strong>collocent;</strong></span> <span class='ocrx_word' id='word_1_355' title='bbox 2780 2081 2936 2152; x_wconf 88' lang='lat' dir='ltr'><strong>quod</strong></span> <span class='ocrx_word' id='word_1_356' title='bbox 2969 2081 3123 2137; x_wconf 84' lang='lat' dir='ltr'><strong>absit</strong></span> <span class='ocrx_word' id='word_1_357' title='bbox 3155 2086 3217 2137; x_wconf 91' lang='lat' dir='ltr'><strong>ut</strong></span> <span class='ocrx_word' id='word_1_358' title='bbox 3253 2084 3422 2138; x_wconf 89' lang='lat' dir='ltr'><strong>nobis</strong></span> <span class='ocrx_word' id='word_1_359' title='bbox 3454 2101 3713 2157; x_wconf 87' lang='lat' dir='ltr'><strong>unquam</strong></span> <span class='ocrx_word' id='word_1_360' title='bbox 3739 2085 3801 2141; x_wconf 89' lang='lat' dir='ltr'><strong>in</strong></span> 
     </span>
    </p>
   </div>
   <div class='ocr_carea' id='block_1_45' title="bbox 2152 2169 3805 2241">
    <p class='ocr_par' dir='ltr' id='par_1_45' title="bbox 2152 2169 3805 2241">
     <span class='ocr_line' id='line_1_45' title="bbox 2152 2169 3805 2241; baseline 0.003 -15"><span class='ocrx_word' id='word_1_361' title='bbox 2152 2175 2408 2226; x_wconf 89' lang='lat' dir='ltr'><strong>mentem</strong></span> <span class='ocrx_word' id='word_1_362' title='bbox 2430 2169 2642 2226; x_wconf 85' lang='lat' dir='ltr'><strong>veniat.</strong></span> <span class='ocrx_word' id='word_1_363' title='bbox 2668 2169 2969 2241; x_wconf 82' lang='lat' dir='ltr'><strong>Siquidem</strong></span> <span class='ocrx_word' id='word_1_364' title='bbox 3008 2188 3122 2226; x_wconf 88' lang='lat' dir='ltr'><strong>una</strong></span> <span class='ocrx_word' id='word_1_365' title='bbox 3151 2177 3239 2227; x_wconf 89' lang='lat' dir='ltr'><strong>est</strong></span> <span class='ocrx_word' id='word_1_366' title='bbox 3268 2172 3593 2229; x_wconf 84' lang='lat' dir='ltr'><strong>divinitatis</strong></span> <span class='ocrx_word' id='word_1_367' title='bbox 3617 2174 3805 2231; x_wconf 79' lang='lat' dir='ltr'><strong>forma</strong></span> 
     </span>
    </p>
   </div>
   <div class='ocr_carea' id='block_1_46' title="bbox 2153 2259 3807 2334">
    <p class='ocr_par' dir='ltr' id='par_1_46' title="bbox 2153 2259 3807 2334">
     <span class='ocr_line' id='line_1_46' title="bbox 2153 2259 3807 2334; baseline 0.004 -20"><span class='ocrx_word' id='word_1_368' title='bbox 2153 2277 2280 2332; x_wconf 69' lang='lat' dir='ltr'><strong>qua:</strong></span> <span class='ocrx_word' id='word_1_369' title='bbox 2311 2259 2515 2315; x_wconf 88' lang='lat' dir='ltr'><strong>eadem</strong></span> <span class='ocrx_word' id='word_1_370' title='bbox 2533 2262 2871 2331; x_wconf 88' lang='lat' dir='ltr'><strong>estquoque</strong></span> <span class='ocrx_word' id='word_1_371' title='bbox 2901 2259 2958 2313; x_wconf 91' lang='lat' dir='ltr'><strong>in</strong></span> <span class='ocrx_word' id='word_1_372' title='bbox 2990 2259 3198 2316; x_wconf 93' lang='lat' dir='ltr'><strong>Verbo.</strong></span> <span class='ocrx_word' id='word_1_373' title='bbox 3224 2260 3404 2332; x_wconf 91' lang='lat' dir='ltr'><strong>Unus,</strong></span> <span class='ocrx_word' id='word_1_374' title='bbox 3430 2262 3691 2334; x_wconf 89' lang='lat' dir='ltr'><strong>inquam,</strong></span> <span class='ocrx_word' id='word_1_375' title='bbox 3715 2267 3807 2320; x_wconf 82' lang='lat' dir='ltr'><strong>est</strong></span> 
     </span>
    </p>
   </div>
   <div class='ocr_carea' id='block_1_47' title="bbox 2152 2347 3800 2420">
    <p class='ocr_par' dir='ltr' id='par_1_47' title="bbox 2152 2347 3800 2420">
     <span class='ocr_line' id='line_1_47' title="bbox 2152 2347 3800 2420; baseline 0.003 -16"><span class='ocrx_word' id='word_1_376' title='bbox 2152 2348 2306 2404; x_wconf 88' lang='lat' dir='ltr'><strong>Deus</strong></span> <span class='ocrx_word' id='word_1_377' title='bbox 2334 2348 2581 2413; x_wconf 79' lang='lat' dir='ltr'><strong>Pater,in</strong></span> <span class='ocrx_word' id='word_1_378' title='bbox 2603 2347 2796 2420; x_wconf 88' lang='lat' dir='ltr'><strong>seipse</strong></span> <span class='ocrx_word' id='word_1_379' title='bbox 2819 2349 3272 2413; x_wconf 63' lang='lat' dir='ltr'><strong>exsistens,cum</strong></span> <span class='ocrx_word' id='word_1_380' title='bbox 3297 2351 3355 2406; x_wconf 92' lang='lat' dir='ltr'><strong>in</strong></span> <span class='ocrx_word' id='word_1_381' title='bbox 3374 2350 3651 2408; x_wconf 82' lang='lat' dir='ltr'><strong>omnibus</strong></span> <span class='ocrx_word' id='word_1_382' title='bbox 3673 2357 3762 2409; x_wconf 88' lang='lat' dir='ltr'><strong>est</strong></span> <span class='ocrx_word' id='word_1_383' title='bbox 3786 2368 3800 2409; x_wconf 91' lang='lat'>:</span> 
     </span>
    </p>
   </div>
   <div class='ocr_carea' id='block_1_48' title="bbox 2152 2435 3803 2513">
    <p class='ocr_par' dir='ltr' id='par_1_48' title="bbox 2152 2435 3803 2513">
     <span class='ocr_line' id='line_1_48' title="bbox 2152 2435 3803 2513; baseline 0.004 -21"><span class='ocrx_word' id='word_1_384' title='bbox 2152 2438 2212 2493; x_wconf 89' lang='lat' dir='ltr'>in</span> <span class='ocrx_word' id='word_1_385' title='bbox 2247 2435 2388 2493; x_wconf 73' lang='lat' dir='ltr'>Filio</span> <span class='ocrx_word' id='word_1_386' title='bbox 2419 2443 2613 2492; x_wconf 89' lang='lat' dir='ltr'><strong>autem</strong></span> <span class='ocrx_word' id='word_1_387' title='bbox 2668 2454 2978 2509; x_wconf 84' lang='lat' dir='ltr'><strong>apparens,</strong></span> <span class='ocrx_word' id='word_1_388' title='bbox 3011 2454 3143 2493; x_wconf 91' lang='lat' dir='ltr'><strong>cum</strong></span> <span class='ocrx_word' id='word_1_389' title='bbox 3178 2456 3278 2510; x_wconf 86' lang='lat' dir='ltr'><strong>per</strong></span> <span class='ocrx_word' id='word_1_390' title='bbox 3318 2457 3406 2496; x_wconf 87' lang='lat' dir='ltr'><strong>res</strong></span> <span class='ocrx_word' id='word_1_391' title='bbox 3439 2458 3642 2497; x_wconf 87' lang='lat' dir='ltr'><strong>omnes</strong></span> <span class='ocrx_word' id='word_1_392' title='bbox 3677 2458 3803 2513; x_wconf 90' lang='lat' dir='ltr'><strong>per-</strong></span> 
     </span>
    </p>
   </div>
   <div class='ocr_carea' id='block_1_49' title="bbox 2153 2525 3805 2602">
    <p class='ocr_par' dir='ltr' id='par_1_49' title="bbox 2153 2525 3805 2602">
     <span class='ocr_line' id='line_1_49' title="bbox 2153 2525 3805 2602; baseline 0.002 -20"><span class='ocrx_word' id='word_1_393' title='bbox 2153 2526 2355 2582; x_wconf 88' lang='lat' dir='ltr'><strong>vadit:</strong></span> <span class='ocrx_word' id='word_1_394' title='bbox 2392 2525 2649 2597; x_wconf 87' lang='lat' dir='ltr'><strong>itemque</strong></span> <span class='ocrx_word' id='word_1_395' title='bbox 2706 2527 2761 2580; x_wconf 93' lang='lat' dir='ltr'><strong>iu</strong></span> <span class='ocrx_word' id='word_1_396' title='bbox 2811 2526 3049 2597; x_wconf 84' lang='lat' dir='ltr'><strong>Spiritu,</strong></span> <span class='ocrx_word' id='word_1_397' title='bbox 3083 2544 3216 2583; x_wconf 91' lang='lat' dir='ltr'><strong>cum</strong></span> <span class='ocrx_word' id='word_1_398' title='bbox 3270 2528 3327 2583; x_wconf 91' lang='lat' dir='ltr'><strong>in</strong></span> <span class='ocrx_word' id='word_1_399' title='bbox 3376 2529 3654 2586; x_wconf 83' lang='lat' dir='ltr'><strong>omnibus</strong></span> <span class='ocrx_word' id='word_1_400' title='bbox 3703 2547 3805 2602; x_wconf 89' lang='lat' dir='ltr'><strong>per</strong></span> 
     </span>
    </p>
   </div>
   <div class='ocr_carea' id='block_1_50' title="bbox 2154 2615 3807 2692">
    <p class='ocr_par' dir='ltr' id='par_1_50' title="bbox 2154 2615 3807 2692">
     <span class='ocr_line' id='line_1_50' title="bbox 2154 2615 3807 2692; baseline 0.003 -24"><span class='ocrx_word' id='word_1_401' title='bbox 2154 2615 2408 2670; x_wconf 85' lang='lat' dir='ltr'><strong>Verbum</strong></span> <span class='ocrx_word' id='word_1_402' title='bbox 2440 2615 2500 2669; x_wconf 90' lang='lat' dir='ltr'>in</span> <span class='ocrx_word' id='word_1_403' title='bbox 2540 2615 2667 2686; x_wconf 91' lang='lat' dir='ltr'><strong>ipso</strong></span> <span class='ocrx_word' id='word_1_404' title='bbox 2715 2616 2930 2685; x_wconf 89' lang='lat' dir='ltr'><strong>Spiritu</strong></span> <span class='ocrx_word' id='word_1_405' title='bbox 2965 2615 3103 2687; x_wconf 85' lang='lat' dir='ltr'><strong>agit.</strong></span> <span class='ocrx_word' id='word_1_406' title='bbox 3156 2617 3249 2672; x_wconf 89' lang='lat' dir='ltr'><strong>Sic</strong></span> <span class='ocrx_word' id='word_1_407' title='bbox 3280 2618 3434 2674; x_wconf 91' lang='lat' dir='ltr'><strong>enim</strong></span> <span class='ocrx_word' id='word_1_408' title='bbox 3491 2636 3669 2673; x_wconf 81' lang='lat' dir='ltr'><strong>unum</strong></span> <span class='ocrx_word' id='word_1_409' title='bbox 3706 2638 3807 2692; x_wconf 85' lang='lat' dir='ltr'><strong>per</strong></span> 
     </span>
    </p>
   </div>
   <div class='ocr_carea' id='block_1_51' title="bbox 2154 2703 3805 2779">
    <p class='ocr_par' dir='ltr' id='par_1_51' title="bbox 2154 2703 3805 2779">
     <span class='ocr_line' id='line_1_51' title="bbox 2154 2703 3805 2779; baseline 0.002 -20"><span class='ocrx_word' id='word_1_410' title='bbox 2154 2704 2498 2759; x_wconf 87' lang='lat' dir='ltr'><strong>Trinitatem</strong></span> <span class='ocrx_word' id='word_1_411' title='bbox 2549 2703 2732 2758; x_wconf 91' lang='lat' dir='ltr'><strong>Deum</strong></span> <span class='ocrx_word' id='word_1_412' title='bbox 2776 2720 2905 2758; x_wconf 88' lang='lat' dir='ltr'>esse</span> <span class='ocrx_word' id='word_1_413' title='bbox 2953 2706 3348 2761; x_wconf 81' lang='lat' dir='ltr'><strong>confitemur:</strong></span> <span class='ocrx_word' id='word_1_414' title='bbox 3392 2724 3517 2777; x_wconf 74' lang='lat' dir='ltr'><strong>qum</strong></span> <span class='ocrx_word' id='word_1_415' title='bbox 3566 2709 3805 2779; x_wconf 88' lang='lat' dir='ltr'><strong>quidem</strong></span> 
     </span>
    </p>
   </div>
   <div class='ocr_carea' id='block_1_52' title="bbox 392 2790 3804 2867">
    <p class='ocr_par' dir='ltr' id='par_1_52' title="bbox 392 2790 3804 2867">
     <span class='ocr_line' id='line_1_52' title="bbox 392 2790 3804 2867; baseline -0.001 -12"><span class='ocrx_word' id='word_1_416' title='bbox 392 2803 601 2856; x_wconf 87' lang='lat' dir='ltr'><strong>nostra</strong></span> <span class='ocrx_word' id='word_1_417' title='bbox 629 2796 921 2853; x_wconf 88' lang='lat' dir='ltr'><strong>sententia</strong></span> <span class='ocrx_word' id='word_1_418' title='bbox 947 2795 1119 2867; x_wconf 80' lang='lat' dir='ltr'><strong>longe</strong></span> <span class='ocrx_word' id='word_1_419' title='bbox 1150 2793 1361 2850; x_wconf 90' lang='lat' dir='ltr'><strong>melius</strong></span> <span class='ocrx_word' id='word_1_420' title='bbox 1394 2809 1525 2848; x_wconf 88' lang='lat' dir='ltr'><strong>cum</strong></span> <span class='ocrx_word' id='word_1_421' title='bbox 1561 2793 1772 2864; x_wconf 82' lang='lat' dir='ltr'><strong>pietate</strong></span> <span class='ocrx_word' id='word_1_422' title='bbox 1800 2792 2088 2865; x_wconf 83' lang='lat' dir='ltr'><strong>congruit,</strong></span> <span class='ocrx_word' id='word_1_423' title='bbox 2122 2808 2299 2864; x_wconf 89' lang='lat' dir='ltr'><strong>quam</strong></span> <span class='ocrx_word' id='word_1_424' title='bbox 2354 2790 2732 2847; x_wconf 82' lang='lat' dir='ltr'><strong>multiformis</strong></span> <span class='ocrx_word' id='word_1_425' title='bbox 2765 2790 3185 2864; x_wconf 86' lang='lat' dir='ltr'><strong>multiplexque</strong></span> <span class='ocrx_word' id='word_1_426' title='bbox 3223 2794 3627 2851; x_wconf 66' lang='lat' dir='ltr'><strong>haereticorum</strong></span> <span class='ocrx_word' id='word_1_427' title='bbox 3660 2797 3804 2851; x_wconf 84' lang='lat' dir='ltr'><strong>divi-</strong></span> 
     </span>
    </p>
   </div>
   <div class='ocr_carea' id='block_1_53' title="bbox 395 2880 2245 2959">
    <p class='ocr_par' dir='ltr' id='par_1_53' title="bbox 395 2880 2245 2959">
     <span class='ocr_line' id='line_1_53' title="bbox 395 2880 2245 2959; baseline -0.004 -16"><span class='ocrx_word' id='word_1_428' title='bbox 395 2888 576 2959; x_wconf 89' lang='lat' dir='ltr'><strong>nitas,</strong></span> <span class='ocrx_word' id='word_1_429' title='bbox 610 2902 743 2942; x_wconf 89' lang='lat' dir='ltr'><strong>cum</strong></span> <span class='ocrx_word' id='word_1_430' title='bbox 777 2901 953 2940; x_wconf 91' lang='lat' dir='ltr'><strong>unam</strong></span> <span class='ocrx_word' id='word_1_431' title='bbox 986 2883 1045 2939; x_wconf 93' lang='lat' dir='ltr'><strong>in</strong></span> <span class='ocrx_word' id='word_1_432' title='bbox 1076 2883 1360 2939; x_wconf 89' lang='lat' dir='ltr'><strong>Trinitate</strong></span> <span class='ocrx_word' id='word_1_433' title='bbox 1390 2880 1752 2936; x_wconf 85' lang='lat' dir='ltr'><strong>divinitatem</strong></span> <span class='ocrx_word' id='word_1_434' title='bbox 1786 2897 2245 2953; x_wconf 88' lang='lat' dir='ltr'><strong>propugnemus.</strong></span> 
     </span>
    </p>
   </div>
   <div class='ocr_carea' id='block_1_54' title="bbox 473 2963 2041 3050">
    <p class='ocr_par' dir='ltr' id='par_1_54' title="bbox 473 2963 2041 3050">
     <span class='ocr_line' id='line_1_54' title="bbox 473 2963 2041 3050; baseline -0.005 -19"><span class='ocrx_word' id='word_1_435' title='bbox 473 2978 559 3031; x_wconf 83' lang='grc'><strong>16.</strong></span> <span class='ocrx_word' id='word_1_436' title='bbox 591 2974 658 3031; x_wconf 76' lang='grc' dir='ltr'><strong>Εἴ</strong></span> <span class='ocrx_word' id='word_1_437' title='bbox 679 2974 782 3050; x_wconf 72' lang='grc' dir='ltr'>γὰρ</span> <span class='ocrx_word' id='word_1_438' title='bbox 818 2973 894 3045; x_wconf 84' lang='grc' dir='ltr'>μή</span> <span class='ocrx_word' id='word_1_439' title='bbox 931 2971 1104 3033; x_wconf 68' lang='grc' dir='ltr'>οὕτως</span> <span class='ocrx_word' id='word_1_440' title='bbox 1134 2966 1272 3045; x_wconf 74' lang='grc' dir='ltr'>ἔχει,</span> <span class='ocrx_word' id='word_1_441' title='bbox 1305 2967 1431 3025; x_wconf 81' lang='grc' dir='ltr'>ἀλλ’</span> <span class='ocrx_word' id='word_1_442' title='bbox 1462 2968 1513 3038; x_wconf 79' lang='grc' dir='ltr'><strong>ἐξ</strong></span> <span class='ocrx_word' id='word_1_443' title='bbox 1565 2967 1663 3022; x_wconf 80' lang='grc' dir='ltr'><strong>οὐκ</strong></span> <span class='ocrx_word' id='word_1_444' title='bbox 1705 2963 1871 3023; x_wconf 76' lang='grc' dir='ltr'>ὄντων</span> <span class='ocrx_word' id='word_1_445' title='bbox 1931 2967 2041 3023; x_wconf 83' lang='grc' dir='ltr'>ἐστὶ</span> 
     </span>
    </p>
   </div>
   <div class='ocr_carea' id='block_1_55' title="bbox 390 3054 2045 3137">
    <p class='ocr_par' dir='ltr' id='par_1_55' title="bbox 390 3054 2045 3137">
     <span class='ocr_line' id='line_1_55' title="bbox 390 3054 2045 3137; baseline -0.005 -18"><span class='ocrx_word' id='word_1_446' title='bbox 390 3064 600 3137; x_wconf 77' lang='grc' dir='ltr'>κτίσμα</span> <span class='ocrx_word' id='word_1_447' title='bbox 628 3061 714 3117; x_wconf 77' lang='grc' dir='ltr'>καί</span> <span class='ocrx_word' id='word_1_448' title='bbox 740 3061 956 3134; x_wconf 81' lang='grc' dir='ltr'>ποίημα</span> <span class='ocrx_word' id='word_1_449' title='bbox 986 3061 1013 3115; x_wconf 84' lang='grc' dir='ltr'>ὁ</span> <span class='ocrx_word' id='word_1_450' title='bbox 1056 3058 1230 3134; x_wconf 79' lang='grc' dir='ltr'>Λόγος</span> <span class='ocrx_word' id='word_1_451' title='bbox 1303 3057 1339 3127; x_wconf 70' lang='grc' dir='ltr'><strong>ἢ</strong></span> <span class='ocrx_word' id='word_1_452' title='bbox 1388 3056 1486 3111; x_wconf 77' lang='grc' dir='ltr'><strong>οὐκ</strong></span> <span class='ocrx_word' id='word_1_453' title='bbox 1525 3054 1633 3112; x_wconf 85' lang='grc' dir='ltr'>ἔστι</span> <span class='ocrx_word' id='word_1_454' title='bbox 1683 3058 1811 3117; x_wconf 85' lang='grc' dir='ltr'>Θεὸς</span> <span class='ocrx_word' id='word_1_455' title='bbox 1850 3056 2045 3127; x_wconf 85' lang='grc' dir='ltr'>ἀληθι-</span> 
     </span>
    </p>
   </div>
   <div class='ocr_carea' id='block_1_56' title="bbox 391 3143 2040 3223">
    <p class='ocr_par' dir='ltr' id='par_1_56' title="bbox 391 3143 2040 3223">
     <span class='ocr_line' id='line_1_56' title="bbox 391 3143 2040 3223; baseline -0.005 -15"><span class='ocrx_word' id='word_1_456' title='bbox 391 3155 508 3223; x_wconf 89' lang='grc' dir='ltr'>νὸς,</span> <span class='ocrx_word' id='word_1_457' title='bbox 542 3148 631 3206; x_wconf 78' lang='grc' dir='ltr'><strong>διὰ</strong></span> <span class='ocrx_word' id='word_1_458' title='bbox 653 3152 717 3206; x_wconf 86' lang='grc' dir='ltr'><strong>τὸ</strong></span> <span class='ocrx_word' id='word_1_459' title='bbox 766 3151 903 3205; x_wconf 72' lang='grc' dir='ltr'>εἶναι</span> <span class='ocrx_word' id='word_1_460' title='bbox 941 3148 1097 3204; x_wconf 81' lang='grc' dir='ltr'>αὐτὸν</span> <span class='ocrx_word' id='word_1_461' title='bbox 1142 3143 1234 3202; x_wconf 71' lang='grc' dir='ltr'><strong>ἕνα</strong></span> <span class='ocrx_word' id='word_1_462' title='bbox 1272 3151 1377 3201; x_wconf 80' lang='grc' dir='ltr'><strong>τῶν</strong></span> <span class='ocrx_word' id='word_1_463' title='bbox 1409 3145 1739 3219; x_wconf 79' lang='grc' dir='ltr'>κτισμάτων·</span> <span class='ocrx_word' id='word_1_464' title='bbox 1770 3144 1805 3215; x_wconf 68' lang='grc' dir='ltr'><strong>ἢ</strong></span> <span class='ocrx_word' id='word_1_465' title='bbox 1838 3144 1886 3201; x_wconf 70' lang='grc' dir='ltr'>εἴ</span> <span class='ocrx_word' id='word_1_466' title='bbox 1914 3147 2040 3201; x_wconf 87' lang='grc' dir='ltr'>Θεὸν</span> 
     </span>
    </p>
   </div>
   <div class='ocr_carea' id='block_1_57' title="bbox 394 3235 2042 3313">
    <p class='ocr_par' dir='ltr' id='par_1_57' title="bbox 394 3235 2042 3313">
     <span class='ocr_line' id='line_1_57' title="bbox 394 3235 2042 3313; baseline -0.005 -16"><span class='ocrx_word' id='word_1_467' title='bbox 394 3242 558 3297; x_wconf 76' lang='grc' dir='ltr'>αὐτὸν</span> <span class='ocrx_word' id='word_1_468' title='bbox 618 3239 975 3313; x_wconf 80' lang='grc' dir='ltr'>ὀνομάζουσιν</span> <span class='ocrx_word' id='word_1_469' title='bbox 1019 3236 1399 3313; x_wconf 80' lang='grc' dir='ltr'>ἐντρεπόμενοι</span> <span class='ocrx_word' id='word_1_470' title='bbox 1433 3235 1579 3311; x_wconf 79' lang='grc' dir='ltr'>παρὰ</span> <span class='ocrx_word' id='word_1_471' title='bbox 1624 3239 1732 3289; x_wconf 83' lang='grc' dir='ltr'><strong>τῶν</strong></span> <span class='ocrx_word' id='word_1_472' title='bbox 1793 3240 2042 3313; x_wconf 76' lang='grc' dir='ltr'>Γραφῶν,</span> 
     </span>
    </p>
   </div>
   <div class='ocr_carea' id='block_1_58' title="bbox 396 3320 2042 3405">
    <p class='ocr_par' dir='ltr' id='par_1_58' title="bbox 396 3320 2042 3405">
     <span class='ocr_line' id='line_1_58' title="bbox 396 3320 2042 3405; baseline -0.005 -19"><span class='ocrx_word' id='word_1_473' title='bbox 396 3329 604 3405; x_wconf 79' lang='grc' dir='ltr'>ἀνάγκη</span> <span class='ocrx_word' id='word_1_474' title='bbox 662 3328 836 3403; x_wconf 87' lang='grc' dir='ltr'>λέγειν</span> <span class='ocrx_word' id='word_1_475' title='bbox 896 3325 1089 3387; x_wconf 76' lang='grc' dir='ltr'>αὐτοὺς</span> <span class='ocrx_word' id='word_1_476' title='bbox 1147 3322 1242 3379; x_wconf 70' lang='grc' dir='ltr'>δύο</span> <span class='ocrx_word' id='word_1_477' title='bbox 1299 3322 1476 3395; x_wconf 85' lang='grc' dir='ltr'>θεοὺς,</span> <span class='ocrx_word' id='word_1_478' title='bbox 1522 3320 1614 3378; x_wconf 74' lang='grc' dir='ltr'>ἕνα</span> <span class='ocrx_word' id='word_1_479' title='bbox 1668 3324 1763 3397; x_wconf 75' lang='grc' dir='ltr'>μὲν</span> <span class='ocrx_word' id='word_1_480' title='bbox 1798 3324 2042 3393; x_wconf 83' lang='grc' dir='ltr'>κτίστην,</span> 
     </span>
    </p>
   </div>
   <div class='ocr_carea' id='block_1_59' title="bbox 394 3410 2049 3494">
    <p class='ocr_par' dir='ltr' id='par_1_59' title="bbox 394 3410 2049 3494">
     <span class='ocr_line' id='line_1_59' title="bbox 394 3410 2049 3494; baseline -0.005 -20"><span class='ocrx_word' id='word_1_481' title='bbox 394 3422 492 3475; x_wconf 89' lang='grc' dir='ltr'><strong>τὸν</strong></span> <span class='ocrx_word' id='word_1_482' title='bbox 534 3415 592 3473; x_wconf 78' lang='grc' dir='ltr'><strong>δὶ</strong></span> <span class='ocrx_word' id='word_1_483' title='bbox 618 3414 801 3494; x_wconf 70' lang='grc' dir='ltr'>ἕτερον</span> <span class='ocrx_word' id='word_1_484' title='bbox 833 3414 1067 3472; x_wconf 79' lang='grc' dir='ltr'>κτιστύν·</span> <span class='ocrx_word' id='word_1_485' title='bbox 1098 3413 1186 3468; x_wconf 79' lang='grc' dir='ltr'><strong>καὶ</strong></span> <span class='ocrx_word' id='word_1_486' title='bbox 1218 3411 1314 3467; x_wconf 72' lang='grc' dir='ltr'><strong>δύο</strong></span> <span class='ocrx_word' id='word_1_487' title='bbox 1344 3412 1554 3487; x_wconf 71' lang='grc' dir='ltr'>κυρίοις</span> <span class='ocrx_word' id='word_1_488' title='bbox 1612 3411 1912 3488; x_wconf 70' lang='grc' dir='ltr'>λατρεύειν,</span> <span class='ocrx_word' id='word_1_489' title='bbox 1972 3410 2049 3467; x_wconf 78' lang='grc' dir='ltr'><strong>ὲνί</strong></span> 
     </span>
    </p>
   </div>
   <div class='ocr_carea' id='block_1_60' title="bbox 405 3501 2049 3584">
    <p class='ocr_par' dir='ltr' id='par_1_60' title="bbox 405 3501 2049 3584">
     <span class='ocr_line' id='line_1_60' title="bbox 405 3501 2049 3584; baseline -0.004 -21"><span class='ocrx_word' id='word_1_490' title='bbox 405 3509 502 3582; x_wconf 77' lang='grc' dir='ltr'>μὶν</span> <span class='ocrx_word' id='word_1_491' title='bbox 535 3508 781 3584; x_wconf 82' lang='grc' dir='ltr'>ἀγενήτῳ</span> <span class='ocrx_word' id='word_1_492' title='bbox 815 3509 949 3580; x_wconf 82' lang='grc'>(24),</span> <span class='ocrx_word' id='word_1_493' title='bbox 980 3508 1058 3576; x_wconf 83' lang='grc' dir='ltr'>τῷ</span> <span class='ocrx_word' id='word_1_494' title='bbox 1091 3501 1147 3558; x_wconf 77' lang='grc' dir='ltr'><strong>δὶ</strong></span> <span class='ocrx_word' id='word_1_495' title='bbox 1177 3503 1344 3579; x_wconf 71' lang='grc' dir='ltr'>ἑτέρῳ</span> <span class='ocrx_word' id='word_1_496' title='bbox 1372 3501 1582 3577; x_wconf 79' lang='grc' dir='ltr'>γενητῷ</span> <span class='ocrx_word' id='word_1_497' title='bbox 1627 3503 1716 3556; x_wconf 81' lang='grc' dir='ltr'><strong>καὶ</strong></span> <span class='ocrx_word' id='word_1_498' title='bbox 1773 3501 2049 3575; x_wconf 75' lang='grc' dir='ltr'><strong>κτίσματι⁸</strong></span> 
     </span>
    </p>
   </div>
   <div class='ocr_carea' id='block_1_61' title="bbox 406 3589 2051 3670">
    <p class='ocr_par' dir='ltr' id='par_1_61' title="bbox 406 3589 2051 3670">
     <span class='ocr_line' id='line_1_61' title="bbox 406 3589 2051 3670; baseline -0.004 -18"><span class='ocrx_word' id='word_1_499' title='bbox 406 3595 504 3652; x_wconf 78' lang='grc' dir='ltr'><strong>δύο</strong></span> <span class='ocrx_word' id='word_1_500' title='bbox 534 3618 593 3651; x_wconf 88' lang='grc' dir='ltr'><strong>τε</strong></span> <span class='ocrx_word' id='word_1_501' title='bbox 622 3595 828 3657; x_wconf 81' lang='grc' dir='ltr'>πίστεις</span> <span class='ocrx_word' id='word_1_502' title='bbox 860 3590 1025 3670; x_wconf 83' lang='grc' dir='ltr'>ἔχειν,</span> <span class='ocrx_word' id='word_1_503' title='bbox 1063 3591 1188 3667; x_wconf 82' lang='grc' dir='ltr'>μίαν</span> <span class='ocrx_word' id='word_1_504' title='bbox 1227 3592 1319 3665; x_wconf 70' lang='grc' dir='ltr'>μὲν</span> <span class='ocrx_word' id='word_1_505' title='bbox 1354 3590 1428 3653; x_wconf 82' lang='grc' dir='ltr'><strong>εἰς</strong></span> <span class='ocrx_word' id='word_1_506' title='bbox 1459 3592 1549 3645; x_wconf 90' lang='grc' dir='ltr'><strong>τὸν</strong></span> <span class='ocrx_word' id='word_1_507' title='bbox 1599 3589 1851 3661; x_wconf 86' lang='grc' dir='ltr'>ἀληθινὸν</span> <span class='ocrx_word' id='word_1_508' title='bbox 1903 3592 2051 3661; x_wconf 88' lang='grc' dir='ltr'>Θεὸν,</span> 
     </span>
    </p>
   </div>
   <div class='ocr_carea' id='block_1_62' title="bbox 404 3677 2052 3763">
    <p class='ocr_par' dir='ltr' id='par_1_62' title="bbox 404 3677 2052 3763">
     <span class='ocr_line' id='line_1_62' title="bbox 404 3677 2052 3763; baseline -0.004 -22"><span class='ocrx_word' id='word_1_509' title='bbox 404 3687 588 3763; x_wconf 75' lang='grc' dir='ltr'>ἑτέραν</span> <span class='ocrx_word' id='word_1_510' title='bbox 642 3682 699 3740; x_wconf 78' lang='grc' dir='ltr'><strong>δὲ</strong></span> <span class='ocrx_word' id='word_1_511' title='bbox 747 3684 824 3746; x_wconf 79' lang='grc' dir='ltr'>εἰς</span> <span class='ocrx_word' id='word_1_512' title='bbox 853 3684 944 3738; x_wconf 89' lang='grc' dir='ltr'><strong>τὸν</strong></span> <span class='ocrx_word' id='word_1_513' title='bbox 994 3681 1291 3751; x_wconf 77' lang='grc' dir='ltr'>ποιηθέντα</span> <span class='ocrx_word' id='word_1_514' title='bbox 1318 3678 1407 3735; x_wconf 87' lang='grc' dir='ltr'><strong>καὶ</strong></span> <span class='ocrx_word' id='word_1_515' title='bbox 1439 3677 1745 3734; x_wconf 83' lang='grc' dir='ltr'>πλασθέντα</span> <span class='ocrx_word' id='word_1_516' title='bbox 1774 3681 1899 3757; x_wconf 86' lang='grc' dir='ltr'>παρ’</span> <span class='ocrx_word' id='word_1_517' title='bbox 1957 3680 2052 3735; x_wconf 78' lang='grc' dir='ltr'>αὖ·</span> 
     </span>
    </p>
   </div>
   <div class='ocr_carea' id='block_1_63' title="bbox 399 3766 2050 3849">
    <p class='ocr_par' dir='ltr' id='par_1_63' title="bbox 399 3766 2050 3849">
     <span class='ocr_line' id='line_1_63' title="bbox 399 3766 2050 3849; baseline -0.004 -19"><span class='ocrx_word' id='word_1_518' title='bbox 399 3780 508 3830; x_wconf 80' lang='grc' dir='ltr'><strong>τῶν</strong></span> <span class='ocrx_word' id='word_1_519' title='bbox 571 3777 682 3849; x_wconf 78' lang='lat' dir='ltr'><strong>l25)</strong></span> <span class='ocrx_word' id='word_1_520' title='bbox 739 3773 829 3829; x_wconf 78' lang='grc' dir='ltr'><strong>καὶ</strong></span> <span class='ocrx_word' id='word_1_521' title='bbox 887 3770 1148 3846; x_wconf 76' lang='grc' dir='ltr'>λεχθέντα</span> <span class='ocrx_word' id='word_1_522' title='bbox 1200 3769 1364 3825; x_wconf 83' lang='grc' dir='ltr'>Θεόν.</span> <span class='ocrx_word' id='word_1_523' title='bbox 1426 3768 1652 3846; x_wconf 86' lang='grc' dir='ltr'>Ἀνάγκη</span> <span class='ocrx_word' id='word_1_524' title='bbox 1723 3766 1779 3824; x_wconf 72' lang='grc' dir='ltr'><strong>δὲ</strong></span> <span class='ocrx_word' id='word_1_525' title='bbox 1833 3768 2050 3837; x_wconf 77' lang='grc' dir='ltr'>αὐτοὺς,</span> 
     </span>
    </p>
   </div>
   <div class='ocr_carea' id='block_1_64' title="bbox 395 3859 2050 3941">
    <p class='ocr_par' dir='ltr' id='par_1_64' title="bbox 395 3859 2050 3941">
     <span class='ocr_line' id='line_1_64' title="bbox 395 3859 2050 3941; baseline -0.004 -23"><span class='ocrx_word' id='word_1_526' title='bbox 395 3862 541 3919; x_wconf 69' lang='grc' dir='ltr'>οὕτω</span> <span class='ocrx_word' id='word_1_527' title='bbox 570 3861 972 3941; x_wconf 82' lang='grc' dir='ltr'>τυφλωθέντας,</span> <span class='ocrx_word' id='word_1_528' title='bbox 1028 3862 1117 3914; x_wconf 79' lang='grc' dir='ltr'>ὅτε</span> <span class='ocrx_word' id='word_1_529' title='bbox 1177 3860 1270 3933; x_wconf 76' lang='grc' dir='ltr'>μὲν</span> <span class='ocrx_word' id='word_1_530' title='bbox 1320 3863 1674 3935; x_wconf 69' lang='grc' dir='ltr'>προσκυνοῦσι</span> <span class='ocrx_word' id='word_1_531' title='bbox 1731 3864 1811 3932; x_wconf 78' lang='grc' dir='ltr'>τῷ</span> <span class='ocrx_word' id='word_1_532' title='bbox 1867 3859 2050 3933; x_wconf 81' lang='grc' dir='ltr'>ἀγενή-</span> 
     </span>
    </p>
   </div>
   <div class='ocr_carea' id='block_1_65' title="bbox 400 3946 2048 4027">
    <p class='ocr_par' dir='ltr' id='par_1_65' title="bbox 400 3946 2048 4027">
     <span class='ocr_line' id='line_1_65' title="bbox 400 3946 2048 4027; baseline -0.003 -19"><span class='ocrx_word' id='word_1_533' title='bbox 400 3973 484 4026; x_wconf 84' lang='grc' dir='ltr'><strong>τῳ</strong></span> <span class='ocrx_word' id='word_1_534' title='bbox 514 3955 650 4027; x_wconf 85' lang='grc'>(26),</span> <span class='ocrx_word' id='word_1_535' title='bbox 683 3951 1135 4020; x_wconf 84' lang='grc' dir='ltr'>κατανωτίζεσθαι</span> <span class='ocrx_word' id='word_1_536' title='bbox 1165 3950 1255 4004; x_wconf 87' lang='grc' dir='ltr'><strong>τὸν</strong></span> <span class='ocrx_word' id='word_1_537' title='bbox 1288 3949 1537 4024; x_wconf 85' lang='grc' dir='ltr'>γενητὸν,</span> <span class='ocrx_word' id='word_1_538' title='bbox 1570 3947 1657 4003; x_wconf 75' lang='grc' dir='ltr'>ὅτε</span> <span class='ocrx_word' id='word_1_539' title='bbox 1707 3946 1765 4003; x_wconf 74' lang='grc' dir='ltr'><strong>δὲ</strong></span> <span class='ocrx_word' id='word_1_540' title='bbox 1820 3948 2048 4026; x_wconf 79' lang='grc' dir='ltr'>προσέρ-</span> 
     </span>
    </p>
   </div>
   <div class='ocr_carea' id='block_1_66' title="bbox 404 4037 2054 4117">
    <p class='ocr_par' dir='ltr' id='par_1_66' title="bbox 404 4037 2054 4117">
     <span class='ocr_line' id='line_1_66' title="bbox 404 4037 2054 4117; baseline -0.001 -21"><span class='ocrx_word' id='word_1_541' title='bbox 404 4061 598 4117; x_wconf 84' lang='grc' dir='ltr'>χονται</span> <span class='ocrx_word' id='word_1_542' title='bbox 629 4045 708 4113; x_wconf 80' lang='grc' dir='ltr'>τῷ</span> <span class='ocrx_word' id='word_1_543' title='bbox 756 4040 1012 4112; x_wconf 81' lang='grc' dir='ltr'>κτίσματι</span> <span class='ocrx_word' id='word_1_544' title='bbox 1062 4037 1487 4116; x_wconf 73' lang='grc' dir='ltr'>ἀποστρέφεσθαι</span> <span class='ocrx_word' id='word_1_545' title='bbox 1534 4037 1623 4091; x_wconf 83' lang='grc' dir='ltr'><strong>τὸν</strong></span> <span class='ocrx_word' id='word_1_546' title='bbox 1673 4038 1914 4109; x_wconf 82' lang='grc' dir='ltr'>κτίστην.</span> <span class='ocrx_word' id='word_1_547' title='bbox 1979 4040 2054 4094; x_wconf 78' lang='grc' dir='ltr'><strong>Οὐ</strong></span> 
     </span>
    </p>
   </div>
   <div class='ocr_carea' id='block_1_67' title="bbox 402 4124 2054 4206">
    <p class='ocr_par' dir='ltr' id='par_1_67' title="bbox 402 4124 2054 4206">
     <span class='ocr_line' id='line_1_67' title="bbox 402 4124 2054 4206; baseline -0.002 -22"><span class='ocrx_word' id='word_1_548' title='bbox 402 4130 504 4206; x_wconf 70' lang='grc' dir='ltr'>γὰρ</span> <span class='ocrx_word' id='word_1_549' title='bbox 536 4126 675 4184; x_wconf 76' lang='grc' dir='ltr'>ἔστιν</span> <span class='ocrx_word' id='word_1_550' title='bbox 707 4125 839 4183; x_wconf 76' lang='grc' dir='ltr'>ἰδεῖν</span> <span class='ocrx_word' id='word_1_551' title='bbox 877 4133 1072 4184; x_wconf 90' lang='grc' dir='ltr'>τοῦτον</span> <span class='ocrx_word' id='word_1_552' title='bbox 1121 4127 1173 4182; x_wconf 74' lang='grc' dir='ltr'>ἐν</span> <span class='ocrx_word' id='word_1_553' title='bbox 1223 4126 1434 4199; x_wconf 74' lang='grc' dir='ltr'>ἐκείνῳ,</span> <span class='ocrx_word' id='word_1_554' title='bbox 1493 4124 1583 4181; x_wconf 74' lang='grc' dir='ltr'><strong>διὰ</strong></span> <span class='ocrx_word' id='word_1_555' title='bbox 1636 4126 1700 4182; x_wconf 88' lang='grc' dir='ltr'><strong>τὸ</strong></span> <span class='ocrx_word' id='word_1_556' title='bbox 1757 4126 1905 4198; x_wconf 81' lang='grc' dir='ltr'>ξένας</span> <span class='ocrx_word' id='word_1_557' title='bbox 1965 4129 2054 4183; x_wconf 79' lang='grc' dir='ltr'><strong>καὶ</strong></span> 
     </span>
    </p>
   </div>
   <div class='ocr_carea' id='block_1_68' title="bbox 408 4214 2056 4296">
    <p class='ocr_par' dir='ltr' id='par_1_68' title="bbox 408 4214 2056 4296">
     <span class='ocr_line' id='line_1_68' title="bbox 408 4214 2056 4296; baseline -0.001 -24"><span class='ocrx_word' id='word_1_558' title='bbox 408 4215 699 4296; x_wconf 75' lang='grc' dir='ltr'>διαφόρους</span> <span class='ocrx_word' id='word_1_559' title='bbox 757 4216 932 4271; x_wconf 83' lang='grc' dir='ltr'>αὐτῶν</span> <span class='ocrx_word' id='word_1_560' title='bbox 1152 4215 1287 4270; x_wconf 81' lang='grc' dir='ltr'>εἶναι</span> <span class='ocrx_word' id='word_1_561' title='bbox 1342 4214 1435 4277; x_wconf 85' lang='grc' dir='ltr'>τάς</span> <span class='ocrx_word' id='word_1_562' title='bbox 1489 4235 1549 4269; x_wconf 87' lang='grc' dir='ltr'><strong>τε</strong></span> <span class='ocrx_word' id='word_1_563' title='bbox 1596 4215 1782 4292; x_wconf 79' lang='grc' dir='ltr'>φύσεις</span> <span class='ocrx_word' id='word_1_564' title='bbox 1807 4216 1898 4269; x_wconf 78' lang='grc' dir='ltr'><strong>καὶ</strong></span> <span class='ocrx_word' id='word_1_565' title='bbox 1962 4216 2056 4278; x_wconf 83' lang='grc' dir='ltr'>τὰς</span> 
     </span>
    </p>
   </div>
   <div class='ocr_carea' id='block_1_69' title="bbox 405 4301 2057 4384">
    <p class='ocr_par' dir='ltr' id='par_1_69' title="bbox 405 4301 2057 4384">
     <span class='ocr_line' id='line_1_69' title="bbox 405 4301 2057 4384; baseline -0.001 -22"><span class='ocrx_word' id='word_1_566' title='bbox 405 4306 701 4382; x_wconf 66' lang='grc' dir='ltr'>ἐνεργείας.</span> <span class='ocrx_word' id='word_1_567' title='bbox 732 4303 891 4365; x_wconf 74' lang='grc' dir='ltr'><strong>Οὕτω</strong></span> <span class='ocrx_word' id='word_1_568' title='bbox 924 4302 982 4362; x_wconf 78' lang='grc' dir='ltr'><strong>δὲ</strong></span> <span class='ocrx_word' id='word_1_569' title='bbox 1011 4309 1350 4384; x_wconf 77' lang='grc' dir='ltr'>φρονοῦντες,</span> <span class='ocrx_word' id='word_1_570' title='bbox 1398 4304 1614 4366; x_wconf 80' lang='grc' dir='ltr'>πάντως</span> <span class='ocrx_word' id='word_1_571' title='bbox 1662 4303 1751 4358; x_wconf 82' lang='grc' dir='ltr'><strong>καὶ</strong></span> <span class='ocrx_word' id='word_1_572' title='bbox 1800 4301 2057 4368; x_wconf 85' lang='grc' dir='ltr'>πλείονας</span> 
     </span>
    </p>
   </div>
   <div class='ocr_carea' id='block_1_70' title="bbox 2226 2970 3807 3042">
    <p class='ocr_par' dir='ltr' id='par_1_70' title="bbox 2226 2970 3807 3042">
     <span class='ocr_line' id='line_1_70' title="bbox 2226 2970 3807 3042; baseline 0.004 -17"><span class='ocrx_word' id='word_1_573' title='bbox 2226 2972 2309 3025; x_wconf 87' lang='grc'><strong>16.</strong></span> <span class='ocrx_word' id='word_1_574' title='bbox 2344 2970 2611 3042; x_wconf 82' lang='lat' dir='ltr'><strong>Namque</strong></span> <span class='ocrx_word' id='word_1_575' title='bbox 2641 2970 2688 3026; x_wconf 93' lang='lat' dir='ltr'><strong>si</strong></span> <span class='ocrx_word' id='word_1_576' title='bbox 2726 2987 2839 3026; x_wconf 89' lang='lat' dir='ltr'><strong>non</strong></span> <span class='ocrx_word' id='word_1_577' title='bbox 2872 2972 2952 3026; x_wconf 90' lang='lat' dir='ltr'><strong>ita</strong></span> <span class='ocrx_word' id='word_1_578' title='bbox 2983 2990 3044 3028; x_wconf 89' lang='lat' dir='ltr'><strong>se</strong></span> <span class='ocrx_word' id='word_1_579' title='bbox 3077 2989 3167 3028; x_wconf 87' lang='lat' dir='ltr'><strong>res</strong></span> <span class='ocrx_word' id='word_1_580' title='bbox 3201 2973 3392 3040; x_wconf 87' lang='lat' dir='ltr'><strong>habet,</strong></span> <span class='ocrx_word' id='word_1_581' title='bbox 3420 2975 3518 3031; x_wconf 89' lang='lat' dir='ltr'><strong>sed</strong></span> <span class='ocrx_word' id='word_1_582' title='bbox 3551 2974 3807 3032; x_wconf 87' lang='lat' dir='ltr'><strong>Verbum</strong></span> 
     </span>
    </p>
   </div>
   <div class='ocr_carea' id='block_1_71' title="bbox 2153 3059 3812 3138">
    <p class='ocr_par' dir='ltr' id='par_1_71' title="bbox 2153 3059 3812 3138">
     <span class='ocr_line' id='line_1_71' title="bbox 2153 3059 3812 3138; baseline 0.002 -23"><span class='ocrx_word' id='word_1_583' title='bbox 2153 3076 2183 3115; x_wconf 89' lang='lat' dir='ltr'><strong>e</strong></span> <span class='ocrx_word' id='word_1_584' title='bbox 2214 3059 2397 3115; x_wconf 90' lang='lat' dir='ltr'><strong>nihilo</strong></span> <span class='ocrx_word' id='word_1_585' title='bbox 2448 3059 2665 3115; x_wconf 80' lang='lat' dir='ltr'><strong>factum</strong></span> <span class='ocrx_word' id='word_1_586' title='bbox 2708 3065 2762 3115; x_wconf 87' lang='lat' dir='ltr'><strong>et</strong></span> <span class='ocrx_word' id='word_1_587' title='bbox 2792 3066 3051 3116; x_wconf 88' lang='lat' dir='ltr'><strong>creatum</strong></span> <span class='ocrx_word' id='word_1_588' title='bbox 3102 3067 3191 3117; x_wconf 86' lang='lat' dir='ltr'><strong>est</strong></span> <span class='ocrx_word' id='word_1_589' title='bbox 3222 3080 3235 3117; x_wconf 90' lang='lat'><strong>:</strong></span> <span class='ocrx_word' id='word_1_590' title='bbox 3270 3062 3356 3118; x_wconf 93' lang='lat' dir='ltr'><strong>vel</strong></span> <span class='ocrx_word' id='word_1_591' title='bbox 3406 3080 3542 3138; x_wconf 82' lang='lat' dir='ltr'><strong>ergo</strong></span> <span class='ocrx_word' id='word_1_592' title='bbox 3575 3080 3687 3121; x_wconf 91' lang='lat' dir='ltr'><strong>non</strong></span> <span class='ocrx_word' id='word_1_593' title='bbox 3720 3068 3812 3121; x_wconf 89' lang='lat' dir='ltr'><strong>est</strong></span> 
     </span>
    </p>
   </div>
   <div class='ocr_carea' id='block_1_72' title="bbox 2154 3148 3809 3222">
    <p class='ocr_par' dir='ltr' id='par_1_72' title="bbox 2154 3148 3809 3222">
     <span class='ocr_line' id='line_1_72' title="bbox 2154 3148 3809 3222; baseline 0.002 -18"><span class='ocrx_word' id='word_1_594' title='bbox 2154 3148 2305 3204; x_wconf 89' lang='lat' dir='ltr'><strong>Deus</strong></span> <span class='ocrx_word' id='word_1_595' title='bbox 2346 3164 2535 3214; x_wconf 89' lang='lat' dir='ltr'><strong>verus,</strong></span> <span class='ocrx_word' id='word_1_596' title='bbox 2582 3166 2715 3205; x_wconf 85' lang='lat' dir='ltr'><strong>cum</strong></span> <span class='ocrx_word' id='word_1_597' title='bbox 2766 3149 2843 3205; x_wconf 88' lang='lat' dir='ltr'><strong>sit</strong></span> <span class='ocrx_word' id='word_1_598' title='bbox 2892 3167 3009 3206; x_wconf 90' lang='lat' dir='ltr'><strong>una</strong></span> <span class='ocrx_word' id='word_1_599' title='bbox 3056 3168 3086 3207; x_wconf 93' lang='lat' dir='ltr'><strong>e</strong></span> <span class='ocrx_word' id='word_1_600' title='bbox 3137 3152 3311 3212; x_wconf 83' lang='lat' dir='ltr'><strong>rebus</strong></span> <span class='ocrx_word' id='word_1_601' title='bbox 3360 3153 3608 3222; x_wconf 88' lang='lat' dir='ltr'><strong>creatis;</strong></span> <span class='ocrx_word' id='word_1_602' title='bbox 3642 3153 3727 3211; x_wconf 92' lang='lat' dir='ltr'><strong>vel</strong></span> <span class='ocrx_word' id='word_1_603' title='bbox 3759 3156 3809 3210; x_wconf 88' lang='lat' dir='ltr'>si</span> 
     </span>
    </p>
   </div>
   <div class='ocr_carea' id='block_1_73' title="bbox 2153 3237 3811 3316">
    <p class='ocr_par' dir='ltr' id='par_1_73' title="bbox 2153 3237 3811 3316">
     <span class='ocr_line' id='line_1_73' title="bbox 2153 3237 3811 3316; baseline 0.003 -22"><span class='ocrx_word' id='word_1_604' title='bbox 2153 3237 2475 3310; x_wconf 90' lang='lat' dir='ltr'><strong>Scripturis</strong></span> <span class='ocrx_word' id='word_1_605' title='bbox 2503 3239 2780 3311; x_wconf 85' lang='lat' dir='ltr'><strong>refragari</strong></span> <span class='ocrx_word' id='word_1_606' title='bbox 2815 3256 2927 3295; x_wconf 93' lang='lat' dir='ltr'>non</span> <span class='ocrx_word' id='word_1_607' title='bbox 2960 3241 3262 3312; x_wconf 91' lang='lat' dir='ltr'><strong>audentes,</strong></span> <span class='ocrx_word' id='word_1_608' title='bbox 3287 3242 3470 3298; x_wconf 89' lang='lat' dir='ltr'><strong>Deum</strong></span> <span class='ocrx_word' id='word_1_609' title='bbox 3506 3242 3671 3299; x_wconf 91' lang='lat' dir='ltr'><strong>illum</strong></span> <span class='ocrx_word' id='word_1_610' title='bbox 3704 3260 3811 3316; x_wconf 88' lang='lat' dir='ltr'><strong>ap-</strong></span> 
     </span>
    </p>
   </div>
   <div class='ocr_carea' id='block_1_74' title="bbox 2160 3326 3811 3400">
    <p class='ocr_par' dir='ltr' id='par_1_74' title="bbox 2160 3326 3811 3400">
     <span class='ocr_line' id='line_1_74' title="bbox 2160 3326 3811 3400; baseline 0.004 -20"><span class='ocrx_word' id='word_1_611' title='bbox 2160 3326 2402 3399; x_wconf 80' lang='lat' dir='ltr'><strong>pellant,</strong></span> <span class='ocrx_word' id='word_1_612' title='bbox 2435 3328 2615 3400; x_wconf 84' lang='lat' dir='ltr'><strong>igitur</strong></span> <span class='ocrx_word' id='word_1_613' title='bbox 2646 3344 2880 3385; x_wconf 89' lang='lat' dir='ltr'><strong>necesse</strong></span> <span class='ocrx_word' id='word_1_614' title='bbox 2917 3336 3003 3386; x_wconf 87' lang='lat' dir='ltr'><strong>est</strong></span> <span class='ocrx_word' id='word_1_615' title='bbox 3034 3334 3099 3385; x_wconf 93' lang='lat' dir='ltr'><strong>ut</strong></span> <span class='ocrx_word' id='word_1_616' title='bbox 3127 3330 3275 3387; x_wconf 89' lang='lat' dir='ltr'><strong>duos</strong></span> <span class='ocrx_word' id='word_1_617' title='bbox 3307 3332 3444 3387; x_wconf 90' lang='lat' dir='ltr'><strong>deos</strong></span> <span class='ocrx_word' id='word_1_618' title='bbox 3475 3332 3811 3400; x_wconf 87' lang='lat' dir='ltr'><strong>admittant,</strong></span> 
     </span>
    </p>
   </div>
   <div class='ocr_carea' id='block_1_75' title="bbox 2161 3418 3811 3493">
    <p class='ocr_par' dir='ltr' id='par_1_75' title="bbox 2161 3418 3811 3493">
     <span class='ocr_line' id='line_1_75' title="bbox 2161 3418 3811 3493; baseline 0.004 -22"><span class='ocrx_word' id='word_1_619' title='bbox 2161 3433 2343 3471; x_wconf 87' lang='lat' dir='ltr'><strong>unum</strong></span> <span class='ocrx_word' id='word_1_620' title='bbox 2386 3422 2725 3488; x_wconf 88' lang='lat' dir='ltr'><strong>creatorem,</strong></span> <span class='ocrx_word' id='word_1_621' title='bbox 2776 3423 3038 3475; x_wconf 88' lang='lat' dir='ltr'><strong>creatum</strong></span> <span class='ocrx_word' id='word_1_622' title='bbox 3087 3418 3293 3490; x_wconf 77' lang='lat' dir='ltr'><strong>alium,</strong></span> <span class='ocrx_word' id='word_1_623' title='bbox 3326 3437 3389 3476; x_wconf 89' lang='lat' dir='ltr'><strong>ac</strong></span> <span class='ocrx_word' id='word_1_624' title='bbox 3421 3422 3651 3477; x_wconf 90' lang='lat' dir='ltr'><strong>duobus</strong></span> <span class='ocrx_word' id='word_1_625' title='bbox 3682 3438 3811 3493; x_wconf 82' lang='lat' dir='ltr'><strong>pro-</strong></span> 
     </span>
    </p>
   </div>
   <div class='ocr_carea' id='block_1_76' title="bbox 2164 3505 3817 3577">
    <p class='ocr_par' dir='ltr' id='par_1_76' title="bbox 2164 3505 3817 3577">
     <span class='ocr_line' id='line_1_76' title="bbox 2164 3505 3817 3577; baseline 0.004 -18"><span class='ocrx_word' id='word_1_626' title='bbox 2164 3505 2299 3560; x_wconf 88' lang='lat' dir='ltr'><strong>inde</strong></span> <span class='ocrx_word' id='word_1_627' title='bbox 2343 3506 2601 3561; x_wconf 90' lang='lat' dir='ltr'><strong>dominis</strong></span> <span class='ocrx_word' id='word_1_628' title='bbox 2647 3506 2922 3577; x_wconf 82' lang='lat' dir='ltr'><strong>serviant,</strong></span> <span class='ocrx_word' id='word_1_629' title='bbox 2957 3508 3055 3562; x_wconf 92' lang='lat' dir='ltr'><strong>uni</strong></span> <span class='ocrx_word' id='word_1_630' title='bbox 3104 3525 3216 3564; x_wconf 91' lang='lat' dir='ltr'>non</span> <span class='ocrx_word' id='word_1_631' title='bbox 3242 3508 3412 3575; x_wconf 76' lang='lat' dir='ltr'><strong>facto,</strong></span> <span class='ocrx_word' id='word_1_632' title='bbox 3446 3509 3545 3565; x_wconf 88' lang='lat' dir='ltr'><strong>alii</strong></span> <span class='ocrx_word' id='word_1_633' title='bbox 3582 3511 3728 3565; x_wconf 83' lang='lat' dir='ltr'><strong>facto</strong></span> <span class='ocrx_word' id='word_1_634' title='bbox 3759 3515 3817 3565; x_wconf 88' lang='lat' dir='ltr'><strong>et</strong></span> 
     </span>
    </p>
   </div>
   <div class='ocr_carea' id='block_1_77' title="bbox 2163 3594 3814 3667">
    <p class='ocr_par' dir='ltr' id='par_1_77' title="bbox 2163 3594 3814 3667">
     <span class='ocr_line' id='line_1_77' title="bbox 2163 3594 3814 3667; baseline 0.002 -17"><span class='ocrx_word' id='word_1_635' title='bbox 2163 3598 2376 3663; x_wconf 89' lang='lat' dir='ltr'><strong>creato,</strong></span> <span class='ocrx_word' id='word_1_636' title='bbox 2405 3594 2629 3665; x_wconf 88' lang='lat' dir='ltr'><strong>hocque</strong></span> <span class='ocrx_word' id='word_1_637' title='bbox 2677 3599 2843 3667; x_wconf 88' lang='lat' dir='ltr'><strong>pacto</strong></span> <span class='ocrx_word' id='word_1_638' title='bbox 2874 3596 3021 3652; x_wconf 86' lang='lat' dir='ltr'><strong>duas</strong></span> <span class='ocrx_word' id='word_1_639' title='bbox 3062 3596 3316 3654; x_wconf 88' lang='lat' dir='ltr'><strong>habeant</strong></span> <span class='ocrx_word' id='word_1_640' title='bbox 3350 3598 3516 3664; x_wconf 82' lang='lat' dir='ltr'><strong>ﬁdes,</strong></span> <span class='ocrx_word' id='word_1_641' title='bbox 3547 3616 3724 3654; x_wconf 88' lang='lat' dir='ltr'><strong>unam</strong></span> <span class='ocrx_word' id='word_1_642' title='bbox 3754 3598 3814 3653; x_wconf 92' lang='lat' dir='ltr'><strong>in</strong></span> 
     </span>
    </p>
   </div>
   <div class='ocr_carea' id='block_1_78' title="bbox 2164 3682 3815 3760">
    <p class='ocr_par' dir='ltr' id='par_1_78' title="bbox 2164 3682 3815 3760">
     <span class='ocr_line' id='line_1_78' title="bbox 2164 3682 3815 3760; baseline 0.003 -22"><span class='ocrx_word' id='word_1_643' title='bbox 2164 3699 2363 3739; x_wconf 88' lang='lat' dir='ltr'><strong>verum</strong></span> <span class='ocrx_word' id='word_1_644' title='bbox 2395 3682 2601 3755; x_wconf 84' lang='lat' dir='ltr'><strong>Deum,</strong></span> <span class='ocrx_word' id='word_1_645' title='bbox 2635 3684 2807 3740; x_wconf 88' lang='lat' dir='ltr'><strong>aliam</strong></span> <span class='ocrx_word' id='word_1_646' title='bbox 2853 3684 2910 3740; x_wconf 89' lang='lat' dir='ltr'><strong>in</strong></span> <span class='ocrx_word' id='word_1_647' title='bbox 2945 3686 3164 3741; x_wconf 81' lang='lat' dir='ltr'><strong>factum</strong></span> <span class='ocrx_word' id='word_1_648' title='bbox 3212 3691 3283 3742; x_wconf 89' lang='lat' dir='ltr'><strong>ab</strong></span> <span class='ocrx_word' id='word_1_649' title='bbox 3316 3687 3578 3760; x_wconf 82' lang='lat' dir='ltr'><strong>ipsisque</strong></span> <span class='ocrx_word' id='word_1_650' title='bbox 3612 3689 3815 3743; x_wconf 79' lang='lat' dir='ltr'><strong>ﬁctum</strong></span> 
     </span>
    </p>
   </div>
   <div class='ocr_carea' id='block_1_79' title="bbox 2163 3773 3814 3833">
    <p class='ocr_par' dir='ltr' id='par_1_79' title="bbox 2163 3773 3814 3833">
     <span class='ocr_line' id='line_1_79' title="bbox 2163 3773 3814 3833; baseline 0.002 -5"><span class='ocrx_word' id='word_1_651' title='bbox 2163 3778 2215 3828; x_wconf 89' lang='lat' dir='ltr'><strong>et</strong></span> <span class='ocrx_word' id='word_1_652' title='bbox 2250 3773 2469 3827; x_wconf 87' lang='lat' dir='ltr'><strong>dictum</strong></span> <span class='ocrx_word' id='word_1_653' title='bbox 2529 3773 2733 3828; x_wconf 89' lang='lat' dir='ltr'><strong>Deum.</strong></span> <span class='ocrx_word' id='word_1_654' title='bbox 2770 3774 3017 3830; x_wconf 74' lang='lat' dir='ltr'><strong>Necesse</strong></span> <span class='ocrx_word' id='word_1_655' title='bbox 3048 3780 3138 3830; x_wconf 80' lang='lat' dir='ltr'><strong>est</strong></span> <span class='ocrx_word' id='word_1_656' title='bbox 3182 3779 3374 3831; x_wconf 71' lang='lat' dir='ltr'><strong>autem</strong></span> <span class='ocrx_word' id='word_1_657' title='bbox 3410 3794 3507 3832; x_wconf 75' lang='lat' dir='ltr'><strong>eos</strong></span> <span class='ocrx_word' id='word_1_658' title='bbox 3541 3778 3683 3833; x_wconf 82' lang='lat' dir='ltr'><strong>adeo</strong></span> <span class='ocrx_word' id='word_1_659' title='bbox 3715 3777 3814 3832; x_wconf 92' lang='lat' dir='ltr'><strong>ob-</strong></span> 
     </span>
    </p>
   </div>
   <div class='ocr_carea' id='block_1_80' title="bbox 2164 3863 3814 3933">
    <p class='ocr_par' dir='ltr' id='par_1_80' title="bbox 2164 3863 3814 3933">
     <span class='ocr_line' id='line_1_80' title="bbox 2164 3863 3814 3933; baseline 0.001 -16"><span class='ocrx_word' id='word_1_660' title='bbox 2164 3867 2403 3917; x_wconf 82' lang='lat' dir='ltr'><strong>caecatos</strong></span> <span class='ocrx_word' id='word_1_661' title='bbox 2435 3878 2470 3917; x_wconf 88' lang='lat' dir='ltr'><strong>a</strong></span> <span class='ocrx_word' id='word_1_662' title='bbox 2499 3863 2649 3918; x_wconf 81' lang='lat' dir='ltr'><strong>facto</strong></span> <span class='ocrx_word' id='word_1_663' title='bbox 2680 3864 2969 3933; x_wconf 84' lang='lat' dir='ltr'><strong>recedere,</strong></span> <span class='ocrx_word' id='word_1_664' title='bbox 3003 3881 3138 3920; x_wconf 92' lang='lat' dir='ltr'><strong>cum</strong></span> <span class='ocrx_word' id='word_1_665' title='bbox 3176 3865 3512 3920; x_wconf 84' lang='lat' dir='ltr'><strong>noniactum</strong></span> <span class='ocrx_word' id='word_1_666' title='bbox 3547 3867 3814 3933; x_wconf 89' lang='lat' dir='ltr'><strong>adorant,</strong></span> 
     </span>
    </p>
   </div>
   <div class='ocr_carea' id='block_1_81' title="bbox 2165 3950 3811 4020">
    <p class='ocr_par' dir='ltr' id='par_1_81' title="bbox 2165 3950 3811 4020">
     <span class='ocr_line' id='line_1_81' title="bbox 2165 3950 3811 4020; baseline 0.002 -15"><span class='ocrx_word' id='word_1_667' title='bbox 2165 3957 2221 4005; x_wconf 92' lang='lat' dir='ltr'><strong>et</strong></span> <span class='ocrx_word' id='word_1_668' title='bbox 2251 3950 2509 4005; x_wconf 89' lang='lat' dir='ltr'><strong>vicissim</strong></span> <span class='ocrx_word' id='word_1_669' title='bbox 2542 3967 2604 4007; x_wconf 91' lang='lat' dir='ltr'><strong>se</strong></span> <span class='ocrx_word' id='word_1_670' title='bbox 2634 3968 2667 4006; x_wconf 88' lang='lat' dir='ltr'><strong>a</strong></span> <span class='ocrx_word' id='word_1_671' title='bbox 2697 3956 2957 4007; x_wconf 88' lang='lat' dir='ltr'><strong>creatore</strong></span> <span class='ocrx_word' id='word_1_672' title='bbox 2987 3958 3262 4020; x_wconf 85' lang='lat' dir='ltr'><strong>avertere,</strong></span> <span class='ocrx_word' id='word_1_673' title='bbox 3289 3971 3420 4009; x_wconf 90' lang='lat' dir='ltr'><strong>cum</strong></span> <span class='ocrx_word' id='word_1_674' title='bbox 3445 3955 3514 4010; x_wconf 90' lang='lat' dir='ltr'><strong>ad</strong></span> <span class='ocrx_word' id='word_1_675' title='bbox 3547 3959 3811 4009; x_wconf 86' lang='lat' dir='ltr'><strong>creatum</strong></span> 
     </span>
    </p>
   </div>
   <div class='ocr_carea' id='block_1_82' title="bbox 2165 4040 3814 4115">
    <p class='ocr_par' dir='ltr' id='par_1_82' title="bbox 2165 4040 3814 4115">
     <span class='ocr_line' id='line_1_82' title="bbox 2165 4040 3814 4115; baseline 0.001 -19"><span class='ocrx_word' id='word_1_676' title='bbox 2165 4040 2467 4096; x_wconf 79' lang='lat' dir='ltr'><strong>accedunt.</strong></span> <span class='ocrx_word' id='word_1_677' title='bbox 2492 4040 2605 4096; x_wconf 91' lang='lat' dir='ltr'><strong>Nec</strong></span> <span class='ocrx_word' id='word_1_678' title='bbox 2627 4041 2783 4095; x_wconf 89' lang='lat' dir='ltr'><strong>enim</strong></span> <span class='ocrx_word' id='word_1_679' title='bbox 2815 4040 2909 4095; x_wconf 90' lang='lat' dir='ltr'><strong>bic</strong></span> <span class='ocrx_word' id='word_1_680' title='bbox 2938 4041 2995 4096; x_wconf 89' lang='lat' dir='ltr'><strong>in</strong></span> <span class='ocrx_word' id='word_1_681' title='bbox 3028 4041 3128 4096; x_wconf 93' lang='lat' dir='ltr'><strong>illo</strong></span> <span class='ocrx_word' id='word_1_682' title='bbox 3151 4043 3332 4097; x_wconf 88' lang='lat' dir='ltr'><strong>videri</strong></span> <span class='ocrx_word' id='word_1_683' title='bbox 3364 4049 3571 4115; x_wconf 89' lang='lat' dir='ltr'><strong>potest,</strong></span> <span class='ocrx_word' id='word_1_684' title='bbox 3595 4044 3814 4115; x_wconf 84' lang='lat' dir='ltr'><strong>quippe</strong></span> 
     </span>
    </p>
   </div>
   <div class='ocr_carea' id='block_1_83' title="bbox 2164 4127 3817 4187">
    <p class='ocr_par' dir='ltr' id='par_1_83' title="bbox 2164 4127 3817 4187">
     <span class='ocr_line' id='line_1_83' title="bbox 2164 4127 3817 4187; baseline 0.002 -3"><span class='ocrx_word' id='word_1_685' title='bbox 2164 4145 2297 4184; x_wconf 90' lang='lat' dir='ltr'><strong>cum</strong></span> <span class='ocrx_word' id='word_1_686' title='bbox 2331 4127 2532 4183; x_wconf 65' lang='lat' dir='ltr'><strong>alienis</strong></span> <span class='ocrx_word' id='word_1_687' title='bbox 2562 4134 2619 4183; x_wconf 91' lang='lat' dir='ltr'><strong>et</strong></span> <span class='ocrx_word' id='word_1_688' title='bbox 2650 4129 2890 4184; x_wconf 75' lang='lat' dir='ltr'><strong>diversas</strong></span> <span class='ocrx_word' id='word_1_689' title='bbox 2940 4130 3061 4185; x_wconf 90' lang='lat' dir='ltr'><strong>sint</strong></span> <span class='ocrx_word' id='word_1_690' title='bbox 3090 4132 3396 4187; x_wconf 88' lang='lat' dir='ltr'><strong>amborum</strong></span> <span class='ocrx_word' id='word_1_691' title='bbox 3433 4147 3563 4185; x_wconf 92' lang='lat' dir='ltr'><strong>cum</strong></span> <span class='ocrx_word' id='word_1_692' title='bbox 3595 4137 3817 4187; x_wconf 65' lang='lat' dir='ltr'><strong>natura</strong></span> 
     </span>
    </p>
   </div>
   <div class='ocr_carea' id='block_1_84' title="bbox 2164 4218 3819 4291">
    <p class='ocr_par' dir='ltr' id='par_1_84' title="bbox 2164 4218 3819 4291">
     <span class='ocr_line' id='line_1_84' title="bbox 2164 4218 3819 4291; baseline 0.002 -18"><span class='ocrx_word' id='word_1_693' title='bbox 2164 4225 2292 4273; x_wconf 86' lang='lat' dir='ltr'><strong>tum</strong></span> <span class='ocrx_word' id='word_1_694' title='bbox 2325 4218 2585 4273; x_wconf 74' lang='lat' dir='ltr'><strong>effectus.</strong></span> <span class='ocrx_word' id='word_1_695' title='bbox 2637 4218 2693 4273; x_wconf 88' lang='lat' dir='ltr'><strong>Si</strong></span> <span class='ocrx_word' id='word_1_696' title='bbox 2729 4218 2909 4290; x_wconf 88' lang='lat' dir='ltr'><strong>igitur</strong></span> <span class='ocrx_word' id='word_1_697' title='bbox 2939 4220 3058 4274; x_wconf 63' lang='lat' dir='ltr'><strong>hac</strong></span> <span class='ocrx_word' id='word_1_698' title='bbox 3106 4219 3337 4275; x_wconf 90' lang='lat' dir='ltr'><strong>illorum</strong></span> <span class='ocrx_word' id='word_1_699' title='bbox 3387 4226 3477 4278; x_wconf 89' lang='lat' dir='ltr'><strong>est</strong></span> <span class='ocrx_word' id='word_1_700' title='bbox 3507 4221 3819 4291; x_wconf 88' lang='lat' dir='ltr'><strong>sententia,</strong></span> 
     </span>
    </p>
   </div>
   <div class='ocr_carea' id='block_1_85' title="bbox 2166 4305 3823 4380">
    <p class='ocr_par' dir='ltr' id='par_1_85' title="bbox 2166 4305 3823 4380">
     <span class='ocr_line' id='line_1_85' title="bbox 2166 4305 3823 4380; baseline 0.001 -17"><span class='ocrx_word' id='word_1_701' title='bbox 2166 4305 2498 4378; x_wconf 89' lang='lat' dir='ltr'><strong>complures</strong></span> <span class='ocrx_word' id='word_1_702' title='bbox 2519 4306 2774 4376; x_wconf 83' lang='lat' dir='ltr'><strong>profecto</strong></span> <span class='ocrx_word' id='word_1_703' title='bbox 2792 4307 2932 4363; x_wconf 89' lang='lat' dir='ltr'><strong>deos</strong></span> <span class='ocrx_word' id='word_1_704' title='bbox 2962 4312 3292 4380; x_wconf 86' lang='lat' dir='ltr'><strong>agnoscunt</strong></span> <span class='ocrx_word' id='word_1_705' title='bbox 3324 4325 3337 4365; x_wconf 85' lang='lat'><strong>:</strong></span> <span class='ocrx_word' id='word_1_706' title='bbox 3367 4308 3524 4366; x_wconf 87' lang='lat' dir='ltr'><strong>hunc</strong></span> <span class='ocrx_word' id='word_1_707' title='bbox 3553 4309 3710 4366; x_wconf 88' lang='lat' dir='ltr'><strong>enim</strong></span> <span class='ocrx_word' id='word_1_708' title='bbox 3730 4309 3823 4365; x_wconf 85' lang='lat' dir='ltr'><strong>de-</strong></span> 
     </span>
    </p>
   </div>
   <div class='ocr_carea' id='block_1_86' title="bbox 482 4537 2045 4671">
    <p class='ocr_par' dir='ltr' id='par_1_86' title="bbox 482 4538 2045 4671">
     <span class='ocr_line' id='line_1_86' title="bbox 482 4538 2045 4616; baseline 0.001 -17"><span class='ocrx_word' id='word_1_709' title='bbox 482 4543 596 4616; x_wconf 80' lang='grc'>(16)</span> <span class='ocrx_word' id='word_1_710' title='bbox 628 4544 709 4599; x_wconf 84' lang='lat' dir='ltr'><strong>Re</strong></span> <span class='ocrx_word' id='word_1_711' title='bbox 753 4542 843 4598; x_wconf 89' lang='lat' dir='ltr'><strong>ius</strong></span> <span class='ocrx_word' id='word_1_712' title='bbox 874 4544 899 4598; x_wconf 91' lang='lat'><strong>1</strong></span> <span class='ocrx_word' id='word_1_713' title='bbox 933 4546 989 4598; x_wconf 92' lang='lat' dir='ltr'><strong>et</strong></span> <span class='ocrx_word' id='word_1_714' title='bbox 1041 4548 1110 4598; x_wconf 90' lang='lat' dir='ltr'><strong>Se</strong></span> <span class='ocrx_word' id='word_1_715' title='bbox 1155 4558 1301 4609; x_wconf 89' lang='lat' dir='ltr'><strong>uer.,</strong></span> <span class='ocrx_word' id='word_1_716' title='bbox 1357 4538 1692 4615; x_wconf 85' lang='grc' dir='ltr'>δημιουργὸν</span> <span class='ocrx_word' id='word_1_717' title='bbox 1744 4538 1937 4614; x_wconf 80' lang='grc' dir='ltr'>Λόγον.</span> <span class='ocrx_word' id='word_1_718' title='bbox 1998 4543 2045 4599; x_wconf 80' lang='lat' dir='ltr'><strong>II</strong></span> 
     </span>
     <span class='ocr_line' id='line_1_87' title="bbox 482 4558 1251 4671; baseline -0.001 0"><span class='ocrx_word' id='word_1_719' title='bbox 482 4617 547 4671; x_wconf 86' lang='lat' dir='ltr'><strong>iis</strong></span> <span class='ocrx_word' id='word_1_720' title='bbox 576 4621 634 4671; x_wconf 91' lang='lat' dir='ltr'><strong>et</strong></span> <span class='ocrx_word' id='word_1_721' title='bbox 662 4559 834 4671; x_wconf 51' lang='lat' dir='ltr'><strong>agitis</strong></span> <span class='ocrx_word' id='word_1_722' title='bbox 860 4616 1025 4671; x_wconf 89' lang='lat' dir='ltr'><strong>deest</strong></span> <span class='ocrx_word' id='word_1_723' title='bbox 1053 4558 1251 4671; x_wconf 51' lang='lat' dir='ltr'><strong>Afyov.</strong></span> 
     </span>
    </p>
   </div>
   <div class='ocr_carea' id='block_1_87' title="bbox 2163 4537 3824 4671">
    <p class='ocr_par' dir='ltr' id='par_1_87' title="bbox 2172 4537 3824 4671">
     <span class='ocr_line' id='line_1_88' title="bbox 2172 4537 3824 4620; baseline 0.004 -25"><span class='ocrx_word' id='word_1_724' title='bbox 2172 4537 2387 4608; x_wconf 75' lang='grc' dir='ltr'>ἅπασιν,</span> <span class='ocrx_word' id='word_1_725' title='bbox 2414 4542 2565 4614; x_wconf 89' lang='lat' dir='ltr'><strong>quod</strong></span> <span class='ocrx_word' id='word_1_726' title='bbox 2593 4543 2649 4597; x_wconf 91' lang='lat' dir='ltr'>in</span> <span class='ocrx_word' id='word_1_727' title='bbox 2682 4541 2814 4599; x_wconf 82' lang='lat' dir='ltr'><strong>aliis</strong></span> <span class='ocrx_word' id='word_1_728' title='bbox 2845 4550 2902 4600; x_wconf 93' lang='lat' dir='ltr'><strong>et</strong></span> <span class='ocrx_word' id='word_1_729' title='bbox 2931 4544 3106 4602; x_wconf 90' lang='lat' dir='ltr'><strong>editis</strong></span> <span class='ocrx_word' id='word_1_730' title='bbox 3137 4545 3321 4602; x_wconf 70' lang='lat' dir='ltr'><strong>deest.</strong></span> <span class='ocrx_word' id='word_1_731' title='bbox 3349 4546 3476 4604; x_wconf 88' lang='lat' dir='ltr'><strong>Mox</strong></span> <span class='ocrx_word' id='word_1_732' title='bbox 3502 4552 3641 4620; x_wconf 81' lang='lat' dir='ltr'><strong>Reg.</strong></span> <span class='ocrx_word' id='word_1_733' title='bbox 3669 4546 3824 4610; x_wconf 80' lang='lat'><strong>1,86-</strong></span> 
     </span>
     <span class='ocr_line' id='line_1_89' title="bbox 2173 4613 3821 4671; baseline 0 0"><span class='ocrx_word' id='word_1_734' title='bbox 2173 4631 2335 4671; x_wconf 68' lang='lat' dir='ltr'><strong>Euer.</strong></span> <span class='ocrx_word' id='word_1_735' title='bbox 2379 4613 2704 4669; x_wconf 88' lang='lat' dir='ltr'><strong>Goblerian.</strong></span> <span class='ocrx_word' id='word_1_736' title='bbox 2742 4622 2797 4670; x_wconf 90' lang='lat' dir='ltr'><strong>et</strong></span> <span class='ocrx_word' id='word_1_737' title='bbox 2831 4616 3081 4671; x_wconf 80' lang='lat' dir='ltr'><strong>Felckm.</strong></span> <span class='ocrx_word' id='word_1_738' title='bbox 3116 4619 3166 4671; x_wconf 94' lang='lat'><strong>1.</strong></span> <span class='ocrx_word' id='word_1_739' title='bbox 3209 4616 3368 4671; x_wconf 77' lang='grc' dir='ltr'>Οὕτω</span> <span class='ocrx_word' id='word_1_740' title='bbox 3415 4619 3516 4671; x_wconf 73' lang='grc' dir='ltr'>γὰο</span> <span class='ocrx_word' id='word_1_741' title='bbox 3560 4618 3647 4671; x_wconf 82' lang='grc' dir='ltr'><strong>καὶ</strong></span> <span class='ocrx_word' id='word_1_742' title='bbox 3704 4615 3821 4671; x_wconf 68' lang='grc' dir='ltr'>ἕνα.</span> 
     </span>
    </p>
   </div>
   <div class='ocr_carea' id='block_1_88' title="bbox 414 4616 1251 4688">
    <p class='ocr_par' dir='ltr' id='par_1_88' title="bbox 414 4616 1251 4688">
     <span class='ocr_line' id='line_1_90' title="bbox 414 4616 1251 4688; baseline -0.007 -15"><span class='ocrx_word' id='word_1_743' title='bbox 414 4616 547 4673; x_wconf 86' lang='lat' dir='ltr'><strong>aliis</strong></span> <span class='ocrx_word' id='word_1_744' title='bbox 576 4616 834 4688; x_wconf 22' lang='lat' dir='ltr'><strong>etieditis</strong></span> <span class='ocrx_word' id='word_1_745' title='bbox 860 4616 1025 4688; x_wconf 88' lang='lat' dir='ltr'><strong>deest</strong></span> <span class='ocrx_word' id='word_1_746' title='bbox 1053 4616 1251 4688; x_wconf 68' lang='grc' dir='ltr'>Λόγον.</span> 
     </span>
    </p>
   </div>
   <div class='ocr_carea' id='block_1_89' title="bbox 487 4684 2063 4775">
    <p class='ocr_par' dir='ltr' id='par_1_89' title="bbox 487 4684 2063 4775">
     <span class='ocr_line' id='line_1_91' title="bbox 487 4684 2063 4775; baseline 0 0"><span class='ocrx_word' id='word_1_747' title='bbox 487 4687 850 4775; x_wconf 43' lang='lat' dir='ltr'><strong>(massas</strong></span> <span class='ocrx_word' id='word_1_748' title='bbox 884 4684 2063 4775; x_wconf 43' lang='lat' dir='ltr'><strong>Papus.“8538999990912“Paw</strong></span> 
     </span>
    </p>
   </div>
   <div class='ocr_carea' id='block_1_90' title="bbox 417 4753 2061 4833">
    <p class='ocr_par' dir='ltr' id='par_1_90' title="bbox 417 4753 2061 4833">
     <span class='ocr_line' id='line_1_92' title="bbox 417 4753 2061 4833; baseline -0.004 -19"><span class='ocrx_word' id='word_1_749' title='bbox 417 4764 474 4814; x_wconf 89' lang='lat' dir='ltr'><strong>et</strong></span> <span class='ocrx_word' id='word_1_750' title='bbox 496 4753 667 4833; x_wconf 77' lang='lat' dir='ltr'><strong>editi,</strong></span> <span class='ocrx_word' id='word_1_751' title='bbox 696 4753 900 4833; x_wconf 57' lang='grc' dir='ltr'>ἒᾶοιενῖ</span> <span class='ocrx_word' id='word_1_752' title='bbox 934 4758 1063 4833; x_wconf 60' lang='lat' dir='ltr'><strong>Mox</strong></span> <span class='ocrx_word' id='word_1_753' title='bbox 1083 4759 1231 4833; x_wconf 66' lang='lat' dir='ltr'><strong>Reg.</strong></span> <span class='ocrx_word' id='word_1_754' title='bbox 1267 4753 1393 4833; x_wconf 55' lang='lat' dir='ltr'><strong>1_&#39;et</strong></span> <span class='ocrx_word' id='word_1_755' title='bbox 1424 4753 1753 4827; x_wconf 58' lang='lat' dir='ltr'><strong>Seguer.,&quot;‘l3</strong></span> <span class='ocrx_word' id='word_1_756' title='bbox 1784 4755 1872 4809; x_wconf 83' lang='grc' dir='ltr'><strong>καὶ</strong></span> <span class='ocrx_word' id='word_1_757' title='bbox 1906 4754 2061 4833; x_wconf 75' lang='grc' dir='ltr'>ἀθεό-</span> 
     </span>
    </p>
   </div>
   <div class='ocr_carea' id='block_1_91' title="bbox 414 4828 2066 4900">
    <p class='ocr_par' dir='ltr' id='par_1_91' title="bbox 414 4828 2066 4900">
     <span class='ocr_line' id='line_1_93' title="bbox 414 4828 2066 4900; baseline -0.001 -17"><span class='ocrx_word' id='word_1_758' title='bbox 414 4849 602 4900; x_wconf 85' lang='grc' dir='ltr'>τητος.</span> <span class='ocrx_word' id='word_1_759' title='bbox 638 4828 838 4887; x_wconf 72' lang='lat' dir='ltr'><strong>Caateri</strong></span> <span class='ocrx_word' id='word_1_760' title='bbox 872 4836 929 4885; x_wconf 93' lang='lat' dir='ltr'><strong>et</strong></span> <span class='ocrx_word' id='word_1_761' title='bbox 957 4829 1095 4885; x_wconf 92' lang='lat' dir='ltr'><strong>editi</strong></span> <span class='ocrx_word' id='word_1_762' title='bbox 1127 4828 1161 4897; x_wconf 75' lang='grc' dir='ltr'><strong>ἢ</strong></span> <span class='ocrx_word' id='word_1_763' title='bbox 1182 4828 1500 4895; x_wconf 71' lang='grc' dir='ltr'>ὀωίιιιιηῐ,</span> <span class='ocrx_word' id='word_1_764' title='bbox 1545 4833 1603 4883; x_wconf 93' lang='lat' dir='ltr'><strong>et</strong></span> <span class='ocrx_word' id='word_1_765' title='bbox 1651 4835 1926 4900; x_wconf 65' lang='lat' dir='ltr'><strong>praeterea</strong></span> <span class='ocrx_word' id='word_1_766' title='bbox 1958 4831 2066 4882; x_wconf 83' lang='lat' dir='ltr'><strong>An-</strong></span> 
     </span>
    </p>
   </div>
   <div class='ocr_carea' id='block_1_92' title="bbox 417 4901 1100 4975">
    <p class='ocr_par' dir='ltr' id='par_1_92' title="bbox 417 4901 1100 4975">
     <span class='ocr_line' id='line_1_94' title="bbox 417 4901 1100 4975; baseline -0.006 -18"><span class='ocrx_word' id='word_1_767' title='bbox 417 4904 631 4975; x_wconf 82' lang='lat' dir='ltr'><strong>glican.</strong></span> <span class='ocrx_word' id='word_1_768' title='bbox 663 4902 750 4956; x_wconf 78' lang='grc' dir='ltr'><strong>καὶ</strong></span> <span class='ocrx_word' id='word_1_769' title='bbox 787 4901 1100 4975; x_wconf 83' lang='grc' dir='ltr'>ἀθεότητος.</span> 
     </span>
    </p>
   </div>
   <div class='ocr_carea' id='block_1_93' title="bbox 455 4968 2064 5100">
    <p class='ocr_par' dir='ltr' id='par_1_93' title="bbox 455 4968 2064 5100">
     <span class='ocr_line' id='line_1_95' title="bbox 487 4968 2064 5100; baseline -0.002 -73"><span class='ocrx_word' id='word_1_770' title='bbox 487 4976 580 5045; x_wconf 77' lang='grc'><strong>(18</strong></span> <span class='ocrx_word' id='word_1_771' title='bbox 614 4975 827 5100; x_wconf 53' lang='lat' dir='ltr'><strong>Regius</strong></span> <span class='ocrx_word' id='word_1_772' title='bbox 860 4973 1088 5046; x_wconf 82' lang='lat' dir='ltr'><strong>primus</strong></span> <span class='ocrx_word' id='word_1_773' title='bbox 1119 4976 1173 5028; x_wconf 90' lang='lat' dir='ltr'><strong>et</strong></span> <span class='ocrx_word' id='word_1_774' title='bbox 1203 4970 1620 5043; x_wconf 78' lang='lat' dir='ltr'><strong>Soguerianus,</strong></span> <span class='ocrx_word' id='word_1_775' title='bbox 1652 4973 1717 5023; x_wconf 36' lang='lat' dir='ltr'><strong>&#39;l&#39;l</strong></span> <span class='ocrx_word' id='word_1_776' title='bbox 1751 4968 1876 5043; x_wconf 74' lang='grc' dir='ltr'>γάρ.</span> <span class='ocrx_word' id='word_1_777' title='bbox 1913 4970 2064 5025; x_wconf 86' lang='lat' dir='ltr'><strong>Editi</strong></span> 
     </span>
     <span class='ocr_line' id='line_1_96' title="bbox 455 5044 863 5100; baseline 0 -1"><span class='ocrx_word' id='word_1_778' title='bbox 455 5051 474 5099; x_wconf 91' lang='lat' dir='ltr'><strong>t</strong></span> <span class='ocrx_word' id='word_1_779' title='bbox 503 5045 625 5100; x_wconf 89' lang='lat' dir='ltr'><strong>alii.</strong></span> <span class='ocrx_word' id='word_1_780' title='bbox 647 5050 687 5099; x_wconf 84' lang='grc' dir='ltr'>Ε</span> <span class='ocrx_word' id='word_1_781' title='bbox 741 5044 863 5100; x_wconf 70' lang='grc' dir='ltr'>γάρ.</span> 
     </span>
    </p>
   </div>
   <div class='ocr_carea' id='block_1_94' title="bbox 419 5061 863 5111">
    <p class='ocr_par' dir='ltr' id='par_1_94' title="bbox 419 5061 863 5111">
     <span class='ocr_line' id='line_1_97' title="bbox 419 5061 863 5111; baseline -0.002 -11"><span class='ocrx_word' id='word_1_782' title='bbox 419 5061 474 5100; x_wconf 82' lang='lat' dir='ltr'><strong>et</strong></span> <span class='ocrx_word' id='word_1_783' title='bbox 503 5061 625 5111; x_wconf 88' lang='lat' dir='ltr'><strong>am,</strong></span> <span class='ocrx_word' id='word_1_784' title='bbox 652 5061 711 5100; x_wconf 71' lang='lat' dir='ltr'><strong>Et</strong></span> <span class='ocrx_word' id='word_1_785' title='bbox 741 5061 863 5111; x_wconf 79' lang='grc' dir='ltr'>γαρ.</span> 
     </span>
    </p>
   </div>
   <div class='ocr_carea' id='block_1_95' title="bbox 489 5064 2069 5188">
    <p class='ocr_par' dir='ltr' id='par_1_95' title="bbox 489 5064 2069 5188">
     <span class='ocr_line' id='line_1_98' title="bbox 489 5064 2069 5188; baseline -0.003 -17"><span class='ocrx_word' id='word_1_786' title='bbox 489 5064 863 5188; x_wconf 34' lang='lat' dir='ltr'><strong>(ﬁgitﬁgit?</strong></span> <span class='ocrx_word' id='word_1_787' title='bbox 885 5114 1110 5188; x_wconf 88' lang='lat' dir='ltr'><strong>primus</strong></span> <span class='ocrx_word' id='word_1_788' title='bbox 1140 5113 1359 5188; x_wconf 81' lang='lat' dir='ltr'><strong>omittit</strong></span> <span class='ocrx_word' id='word_1_789' title='bbox 1401 5111 1604 5188; x_wconf 75' lang='grc' dir='ltr'>λέγειν.</span> <span class='ocrx_word' id='word_1_790' title='bbox 1631 5112 1788 5188; x_wconf 84' lang='lat' dir='ltr'><strong>_Mox_</strong></span> <span class='ocrx_word' id='word_1_791' title='bbox 1823 5110 1978 5188; x_wconf 72' lang='lat' dir='ltr'><strong>idem</strong></span> <span class='ocrx_word' id='word_1_792' title='bbox 2011 5116 2069 5166; x_wconf 89' lang='lat' dir='ltr'><strong>et</strong></span> 
     </span>
    </p>
   </div>
   <div class='ocr_carea' id='block_1_96' title="bbox 417 5178 2064 5259">
    <p class='ocr_par' dir='ltr' id='par_1_96' title="bbox 417 5178 2064 5259">
     <span class='ocr_line' id='line_1_99' title="bbox 417 5178 2064 5259; baseline -0.003 -17"><span class='ocrx_word' id='word_1_793' title='bbox 417 5178 660 5259; x_wconf 66' lang='lat' dir='ltr'><strong>Seguer.</strong></span> <span class='ocrx_word' id='word_1_794' title='bbox 691 5178 1022 5259; x_wconf 60' lang='lat' dir='ltr'><strong>Goblerian.</strong></span> <span class='ocrx_word' id='word_1_795' title='bbox 1056 5192 1112 5241; x_wconf 84' lang='lat' dir='ltr'><strong>et</strong></span> <span class='ocrx_word' id='word_1_796' title='bbox 1145 5186 1393 5259; x_wconf 66' lang='lat' dir='ltr'><strong>tj‘elgkm.</strong></span> <span class='ocrx_word' id='word_1_797' title='bbox 1429 5178 1490 5259; x_wconf 18' lang='lat'><strong>17,?</strong></span> <span class='ocrx_word' id='word_1_798' title='bbox 1513 5182 1739 5259; x_wconf 54' lang='grc' dir='ltr'>ὸμοίωὶ</span> <span class='ocrx_word' id='word_1_799' title='bbox 1765 5178 2064 5259; x_wconf 71' lang='grc' dir='ltr'>ἀσεϐοῦσιν.</span> 
     </span>
    </p>
   </div>
   <div class='ocr_carea' id='block_1_97' title="bbox 418 5249 2065 5330">
    <p class='ocr_par' dir='ltr' id='par_1_97' title="bbox 418 5249 2065 5330">
     <span class='ocr_line' id='line_1_100' title="bbox 418 5249 2065 5330; baseline -0.004 -17"><span class='ocrx_word' id='word_1_800' title='bbox 418 5249 531 5314; x_wconf 66' lang='grc' dir='ltr'><strong>Αιῧ</strong></span> <span class='ocrx_word' id='word_1_801' title='bbox 563 5267 622 5315; x_wconf 94' lang='lat' dir='ltr'><strong>et</strong></span> <span class='ocrx_word' id='word_1_802' title='bbox 650 5259 811 5330; x_wconf 80' lang='lat' dir='ltr'><strong>editi,</strong></span> <span class='ocrx_word' id='word_1_803' title='bbox 850 5257 1109 5330; x_wconf 77' lang='grc' dir='ltr'>μειζόνῳς</span> <span class='ocrx_word' id='word_1_804' title='bbox 1140 5249 1672 5330; x_wconf 58' lang='grc' dir='ltr'>ἀσεϐοῦσινλρἱᾶοω</span> <span class='ocrx_word' id='word_1_805' title='bbox 1709 5254 1923 5330; x_wconf 79' lang='lat' dir='ltr'><strong>Regius</strong></span> <span class='ocrx_word' id='word_1_806' title='bbox 1950 5255 2065 5326; x_wconf 89' lang='lat' dir='ltr'><strong>pri-</strong></span> 
     </span>
    </p>
   </div>
   <div class='ocr_carea' id='block_1_98' title="bbox 425 5324 1940 5404">
    <p class='ocr_par' dir='ltr' id='par_1_98' title="bbox 425 5324 1940 5404">
     <span class='ocr_line' id='line_1_101' title="bbox 425 5324 1940 5404; baseline -0.007 -18"><span class='ocrx_word' id='word_1_807' title='bbox 425 5348 577 5395; x_wconf 86' lang='lat' dir='ltr'><strong>mus,</strong></span> <span class='ocrx_word' id='word_1_808' title='bbox 610 5350 712 5404; x_wconf 87' lang='lat' dir='ltr'><strong>pro</strong></span> <span class='ocrx_word' id='word_1_809' title='bbox 745 5324 972 5385; x_wconf 63' lang='grc' dir='ltr'>ἔναι’τῶν</span> <span class='ocrx_word' id='word_1_810' title='bbox 1006 5329 1236 5404; x_wconf 57' lang='grc' dir='ltr'>πάεδτιον,</span> <span class='ocrx_word' id='word_1_811' title='bbox 1274 5325 1541 5404; x_wconf 31' lang='grc' dir='ltr'><strong>διώθῐιέκ</strong></span> <span class='ocrx_word' id='word_1_812' title='bbox 1561 5330 1669 5404; x_wconf 79' lang='grc' dir='ltr'><strong>τῶν</strong></span> <span class='ocrx_word' id='word_1_813' title='bbox 1704 5324 1940 5404; x_wconf 51' lang='grc' dir='ltr'><strong>πεῖν-τιοντ</strong></span> 
     </span>
    </p>
   </div>
   <div class='ocr_carea' id='block_1_99' title="bbox 496 5396 2066 5474">
    <p class='ocr_par' dir='ltr' id='par_1_99' title="bbox 496 5396 2066 5474">
     <span class='ocr_line' id='line_1_102' title="bbox 496 5396 2066 5474; baseline -0.004 -17"><span class='ocrx_word' id='word_1_814' title='bbox 496 5396 734 5474; x_wconf 77' lang='grc' dir='ltr'>(20)’8ίο</span> <span class='ocrx_word' id='word_1_815' title='bbox 764 5408 904 5473; x_wconf 79' lang='lat' dir='ltr'><strong>Reg.</strong></span> <span class='ocrx_word' id='word_1_816' title='bbox 939 5404 959 5456; x_wconf 88' lang='lat'><strong>1</strong></span> <span class='ocrx_word' id='word_1_817' title='bbox 999 5408 1053 5474; x_wconf 90' lang='lat' dir='ltr'><strong>et</strong></span> <span class='ocrx_word' id='word_1_818' title='bbox 1083 5405 1136 5474; x_wconf 73' lang='lat'><strong>2,</strong></span> <span class='ocrx_word' id='word_1_819' title='bbox 1170 5396 1408 5474; x_wconf 84' lang='lat' dir='ltr'><strong>Seguer.</strong></span> <span class='ocrx_word' id='word_1_820' title='bbox 1445 5400 1676 5474; x_wconf 72' lang='lat' dir='ltr'><strong>Gobler.</strong></span> <span class='ocrx_word' id='word_1_821' title='bbox 1709 5396 1989 5474; x_wconf 60' lang='lat' dir='ltr'><strong>etFelcli.</strong></span> <span class='ocrx_word' id='word_1_822' title='bbox 2016 5397 2066 5474; x_wconf 86' lang='lat'><strong>1,</strong></span> 
     </span>
    </p>
   </div>
   <div class='ocr_carea' id='block_1_100' title="bbox 431 5469 2072 5545">
    <p class='ocr_par' dir='ltr' id='par_1_100' title="bbox 431 5469 2072 5545">
     <span class='ocr_line' id='line_1_103' title="bbox 431 5469 2072 5545; baseline -0.004 -18"><span class='ocrx_word' id='word_1_823' title='bbox 431 5469 630 5530; x_wconf 58' lang='lat' dir='ltr'><strong>At&#39;alii</strong></span> <span class='ocrx_word' id='word_1_824' title='bbox 665 5484 722 5545; x_wconf 83' lang='lat' dir='ltr'><strong>et</strong></span> <span class='ocrx_word' id='word_1_825' title='bbox 751 5469 913 5540; x_wconf 62' lang='lat' dir='ltr'><strong>edifi,</strong></span> <span class='ocrx_word' id='word_1_826' title='bbox 951 5472 1025 5545; x_wconf 79' lang='grc' dir='ltr'>μή</span> <span class='ocrx_word' id='word_1_827' title='bbox 1065 5470 1142 5545; x_wconf 79' lang='grc' dir='ltr'>εἰς</span> <span class='ocrx_word' id='word_1_828' title='bbox 1168 5469 1452 5545; x_wconf 27' lang='lat' dir='ltr'><strong>caveam,</strong></span> <span class='ocrx_word' id='word_1_829' title='bbox 1484 5472 1705 5545; x_wconf 73' lang='lat' dir='ltr'><strong>Ibidem</strong></span> <span class='ocrx_word' id='word_1_830' title='bbox 1755 5471 1896 5540; x_wconf 84' lang='lat' dir='ltr'><strong>Reg.</strong></span> <span class='ocrx_word' id='word_1_831' title='bbox 1935 5469 1982 5534; x_wconf 86' lang='lat'><strong>1,</strong></span> <span class='ocrx_word' id='word_1_832' title='bbox 2015 5472 2072 5523; x_wconf 90' lang='lat' dir='ltr'><strong>et</strong></span> 
     </span>
    </p>
   </div>
   <div class='ocr_carea' id='block_1_101' title="bbox 420 5540 2009 5625">
    <p class='ocr_par' dir='ltr' id='par_1_101' title="bbox 420 5540 2009 5625">
     <span class='ocr_line' id='line_1_104' title="bbox 420 5540 2009 5625; baseline -0.004 -25"><span class='ocrx_word' id='word_1_833' title='bbox 420 5547 659 5625; x_wconf 69' lang='lat' dir='ltr'><strong>Segyer.</strong></span> <span class='ocrx_word' id='word_1_834' title='bbox 692 5541 859 5625; x_wconf 73' lang='grc' dir='ltr'>ἔλθοι.</span> <span class='ocrx_word' id='word_1_835' title='bbox 891 5540 1091 5625; x_wconf 67' lang='lat' dir='ltr'><strong>Caeteri</strong></span> <span class='ocrx_word' id='word_1_836' title='bbox 1122 5549 1194 5625; x_wconf 26' lang='lat' dir='ltr'><strong>et.</strong></span> <span class='ocrx_word' id='word_1_837' title='bbox 1215 5543 1378 5625; x_wconf 65' lang='lat' dir='ltr'><strong>editi,</strong></span> <span class='ocrx_word' id='word_1_838' title='bbox 1411 5540 1668 5625; x_wconf 47' lang='lat' dir='ltr'><strong>similest;</strong></span> <span class='ocrx_word' id='word_1_839' title='bbox 1718 5611 1730 5625; x_wconf 47' lang='lat'><strong>.</strong></span> <span class='ocrx_word' id='word_1_840' title='bbox 1756 5608 1771 5625; x_wconf 34' lang='grc' dir='ltr'>θ</span> <span class='ocrx_word' id='word_1_841' title='bbox 1886 5608 1901 5625; x_wconf 26' lang='grc' dir='ltr'><strong>κ</strong></span> <span class='ocrx_word' id='word_1_842' title='bbox 1984 5602 2009 5625; x_wconf 51' lang='grc' dir='ltr'><em>ν</em></span> 
     </span>
    </p>
   </div>
   <div class='ocr_carea' id='block_1_102' title="bbox 505 5608 2068 5692">
    <p class='ocr_par' dir='ltr' id='par_1_102' title="bbox 505 5608 2068 5692">
     <span class='ocr_line' id='line_1_105' title="bbox 505 5608 2068 5692; baseline -0.008 -19"><span class='ocrx_word' id='word_1_843' title='bbox 505 5608 617 5692; x_wconf 78' lang='grc'>(21)</span> <span class='ocrx_word' id='word_1_844' title='bbox 649 5619 1118 5692; x_wconf 75' lang='lat' dir='ltr'><strong>Regiusprimus</strong></span> <span class='ocrx_word' id='word_1_845' title='bbox 1147 5620 1210 5692; x_wconf 72' lang='lat' dir='ltr'><strong>et</strong></span> <span class='ocrx_word' id='word_1_846' title='bbox 1230 5608 1621 5688; x_wconf 88' lang='lat' dir='ltr'><strong>Seguerianus</strong></span> <span class='ocrx_word' id='word_1_847' title='bbox 1649 5610 1730 5689; x_wconf 73' lang='grc' dir='ltr'><strong>ἐφ’</strong></span> <span class='ocrx_word' id='word_1_848' title='bbox 1753 5608 1939 5666; x_wconf 74' lang='grc' dir='ltr'>ἑαυτὸν</span> <span class='ocrx_word' id='word_1_849' title='bbox 1972 5608 2068 5663; x_wconf 82' lang='grc' dir='ltr'><strong>ὤν.</strong></span> 
     </span>
    </p>
   </div>
   <div class='ocr_carea' id='block_1_103' title="bbox 424 5686 1348 5765">
    <p class='ocr_par' dir='ltr' id='par_1_103' title="bbox 424 5686 1348 5765">
     <span class='ocr_line' id='line_1_106' title="bbox 424 5686 1348 5765; baseline -0.013 -12"><span class='ocrx_word' id='word_1_850' title='bbox 424 5686 632 5753; x_wconf 52' lang='lat' dir='ltr'><strong>Ceteri</strong></span> <span class='ocrx_word' id='word_1_851' title='bbox 662 5686 910 5765; x_wconf 53' lang='lat' dir='ltr'><strong>et&#39;editi,</strong></span> <span class='ocrx_word' id='word_1_852' title='bbox 945 5686 1024 5765; x_wconf 55' lang='grc' dir='ltr'><strong>ἐφ’</strong></span> <span class='ocrx_word' id='word_1_853' title='bbox 1049 5686 1225 5759; x_wconf 68' lang='grc' dir='ltr'>ἑαυτῷ</span> <span class='ocrx_word' id='word_1_854' title='bbox 1255 5686 1348 5765; x_wconf 53' lang='lat' dir='ltr'><strong>ev&quot;.</strong></span> 
     </span>
    </p>
   </div>
   <div class='ocr_carea' id='block_1_104' title="bbox 492 5747 2070 5847">
    <p class='ocr_par' dir='ltr' id='par_1_104' title="bbox 492 5747 2070 5847">
     <span class='ocr_line' id='line_1_107' title="bbox 492 5747 2070 5847; baseline -0.01 -26"><span class='ocrx_word' id='word_1_855' title='bbox 492 5747 614 5847; x_wconf 79' lang='grc'>(22)</span> <span class='ocrx_word' id='word_1_856' title='bbox 639 5763 853 5837; x_wconf 79' lang='lat' dir='ltr'><strong>Regius</strong></span> <span class='ocrx_word' id='word_1_857' title='bbox 881 5747 1106 5834; x_wconf 76' lang='lat' dir='ltr'><strong>primus</strong></span> <span class='ocrx_word' id='word_1_858' title='bbox 1149 5747 1209 5816; x_wconf 63' lang='lat' dir='ltr'><strong>et&#39;</strong></span> <span class='ocrx_word' id='word_1_859' title='bbox 1260 5757 1654 5832; x_wconf 83' lang='lat' dir='ltr'><strong>Seguerianus</strong></span> <span class='ocrx_word' id='word_1_860' title='bbox 1711 5754 1959 5823; x_wconf 90' lang='lat' dir='ltr'><strong>addunt,</strong></span> <span class='ocrx_word' id='word_1_861' title='bbox 2018 5747 2070 5807; x_wconf 76' lang='grc' dir='ltr'>ἐν</span> 
     </span>
    </p>
   </div>
   <div class='ocr_carea' id='block_1_105' title="bbox 2173 4613 3821 4696">
    <p class='ocr_par' dir='ltr' id='par_1_105' title="bbox 2173 4613 3821 4696">
     <span class='ocr_line' id='line_1_108' title="bbox 2173 4613 3821 4696; baseline 0.004 -29"><span class='ocrx_word' id='word_1_862' title='bbox 2173 4631 2335 4696; x_wconf 72' lang='lat' dir='ltr'><strong>guer.</strong></span> <span class='ocrx_word' id='word_1_863' title='bbox 2379 4613 2704 4696; x_wconf 67' lang='lat' dir='ltr'><strong>Goblerian.</strong></span> <span class='ocrx_word' id='word_1_864' title='bbox 2742 4622 2797 4670; x_wconf 90' lang='lat' dir='ltr'><strong>et</strong></span> <span class='ocrx_word' id='word_1_865' title='bbox 2831 4616 3081 4696; x_wconf 43' lang='lat' dir='ltr'><strong>lfe‘lckm.</strong></span> <span class='ocrx_word' id='word_1_866' title='bbox 3116 4619 3166 4684; x_wconf 91' lang='lat'><strong>1,</strong></span> <span class='ocrx_word' id='word_1_867' title='bbox 3209 4616 3368 4675; x_wconf 77' lang='grc' dir='ltr'><strong>Οὕτω</strong></span> <span class='ocrx_word' id='word_1_868' title='bbox 3415 4619 3516 4693; x_wconf 82' lang='grc' dir='ltr'>γὰρ</span> <span class='ocrx_word' id='word_1_869' title='bbox 3560 4613 3647 4672; x_wconf 70' lang='grc' dir='ltr'><strong>κᾶὶ</strong></span> <span class='ocrx_word' id='word_1_870' title='bbox 3704 4615 3821 4673; x_wconf 68' lang='grc' dir='ltr'>ἕνα.</span> 
     </span>
    </p>
   </div>
   <div class='ocr_carea' id='block_1_106' title="bbox 2174 4684 3006 4751">
    <p class='ocr_par' dir='ltr' id='par_1_106' title="bbox 2174 4684 3006 4751">
     <span class='ocr_line' id='line_1_109' title="bbox 2174 4684 3006 4751; baseline 0.005 -12"><span class='ocrx_word' id='word_1_871' title='bbox 2174 4685 2323 4740; x_wconf 84' lang='lat' dir='ltr'><strong>Editi</strong></span> <span class='ocrx_word' id='word_1_872' title='bbox 2359 4691 2417 4740; x_wconf 82' lang='lat' dir='ltr'><strong>et</strong></span> <span class='ocrx_word' id='word_1_873' title='bbox 2446 4685 2563 4751; x_wconf 83' lang='lat' dir='ltr'><strong>alii,</strong></span> <span class='ocrx_word' id='word_1_874' title='bbox 2597 4684 2744 4739; x_wconf 79' lang='grc' dir='ltr'>οὕτω</span> <span class='ocrx_word' id='word_1_875' title='bbox 2774 4687 2863 4740; x_wconf 88' lang='grc' dir='ltr'><strong>καὶ</strong></span> <span class='ocrx_word' id='word_1_876' title='bbox 2896 4685 3006 4743; x_wconf 79' lang='grc' dir='ltr'>ἕνα.</span> 
     </span>
    </p>
   </div>
   <div class='ocr_carea' id='block_1_107' title="bbox 2246 4755 3824 4839">
    <p class='ocr_par' dir='ltr' id='par_1_107' title="bbox 2246 4755 3824 4839">
     <span class='ocr_line' id='line_1_110' title="bbox 2246 4755 3824 4839; baseline 0.003 -29"><span class='ocrx_word' id='word_1_877' title='bbox 2246 4758 2356 4838; x_wconf 84' lang='grc'>(23)</span> <span class='ocrx_word' id='word_1_878' title='bbox 2401 4757 2792 4839; x_wconf 64' lang='grc' dir='ltr'>δρεμοτὶεηυε</span> <span class='ocrx_word' id='word_1_879' title='bbox 2840 4755 3169 4839; x_wconf 38' lang='grc' dir='ltr'>λεγόμενον..</span> <span class='ocrx_word' id='word_1_880' title='bbox 3218 4761 3314 4839; x_wconf 79' lang='lat' dir='ltr'><strong>Sic</strong></span> <span class='ocrx_word' id='word_1_881' title='bbox 3361 4761 3506 4839; x_wconf 79' lang='lat' dir='ltr'><strong>item</strong></span> <span class='ocrx_word' id='word_1_882' title='bbox 3541 4762 3600 4815; x_wconf 90' lang='lat' dir='ltr'><strong>in</strong></span> <span class='ocrx_word' id='word_1_883' title='bbox 3648 4760 3824 4832; x_wconf 83' lang='lat' dir='ltr'><strong>Regio</strong></span> 
     </span>
    </p>
   </div>
   <div class='ocr_carea' id='block_1_108' title="bbox 2177 4832 3817 4971">
    <p class='ocr_par' dir='ltr' id='par_1_108' title="bbox 2177 4832 3817 4971">
     <span class='ocr_line' id='line_1_111' title="bbox 2177 4832 3536 4900; baseline 0.002 -18"><span class='ocrx_word' id='word_1_884' title='bbox 2177 4832 2386 4900; x_wconf 87' lang='lat' dir='ltr'><strong>primo,</strong></span> <span class='ocrx_word' id='word_1_885' title='bbox 2420 4832 2705 4900; x_wconf 89' lang='lat' dir='ltr'><strong>scriptum</strong></span> <span class='ocrx_word' id='word_1_886' title='bbox 2739 4837 2882 4895; x_wconf 88' lang='lat' dir='ltr'><strong>erat,</strong></span> <span class='ocrx_word' id='word_1_887' title='bbox 2917 4832 3017 4887; x_wconf 73' lang='lat' dir='ltr'><strong>Sed</strong></span> <span class='ocrx_word' id='word_1_888' title='bbox 3051 4850 3108 4884; x_wconf 77' lang='grc' dir='ltr'><strong>ον</strong></span> <span class='ocrx_word' id='word_1_889' title='bbox 3139 4833 3393 4887; x_wconf 91' lang='lat' dir='ltr'><strong>deletum</strong></span> <span class='ocrx_word' id='word_1_890' title='bbox 3428 4837 3536 4887; x_wconf 88' lang='lat' dir='ltr'><strong>est.</strong></span> 
     </span>
     <span class='ocr_line' id='line_1_112' title="bbox 2247 4900 3817 4971; baseline 0.001 -18"><span class='ocrx_word' id='word_1_891' title='bbox 2247 4900 2369 4971; x_wconf 60' lang='lat'><strong>(&#39;24)</strong></span> <span class='ocrx_word' id='word_1_892' title='bbox 2393 4905 2528 4971; x_wconf 82' lang='lat' dir='ltr'><strong>Reg.</strong></span> <span class='ocrx_word' id='word_1_893' title='bbox 2563 4902 2613 4967; x_wconf 91' lang='lat'><strong>1,</strong></span> <span class='ocrx_word' id='word_1_894' title='bbox 2648 4901 2882 4971; x_wconf 81' lang='lat' dir='ltr'><strong>Seguer.</strong></span> <span class='ocrx_word' id='word_1_895' title='bbox 2940 4903 3162 4959; x_wconf 67' lang='lat' dir='ltr'><strong>Anglic.</strong></span> <span class='ocrx_word' id='word_1_896' title='bbox 3214 4904 3444 4958; x_wconf 85' lang='lat' dir='ltr'><strong>Gobler.</strong></span> <span class='ocrx_word' id='word_1_897' title='bbox 3505 4901 3755 4957; x_wconf 79' lang='lat' dir='ltr'><strong>Felckm.</strong></span> <span class='ocrx_word' id='word_1_898' title='bbox 3794 4902 3817 4955; x_wconf 87' lang='lat'><strong>1</strong></span> 
     </span>
    </p>
   </div>
   <div class='ocr_carea' id='block_1_109' title="bbox 2175 4901 3827 5053">
    <p class='ocr_par' dir='ltr' id='par_1_109' title="bbox 2175 4901 3827 5053">
     <span class='ocr_line' id='line_1_113' title="bbox 2247 4901 3817 5024; baseline 0.001 -71"><span class='ocrx_word' id='word_1_899' title='bbox 2247 4901 2358 4970; x_wconf 78' lang='grc'>(24)</span> <span class='ocrx_word' id='word_1_900' title='bbox 2393 4905 2528 5024; x_wconf 63' lang='lat' dir='ltr'><strong>Reg.</strong></span> <span class='ocrx_word' id='word_1_901' title='bbox 2563 4902 2613 4967; x_wconf 91' lang='lat'><strong>1,</strong></span> <span class='ocrx_word' id='word_1_902' title='bbox 2648 4901 2882 4971; x_wconf 81' lang='lat' dir='ltr'><strong>Seguer.</strong></span> <span class='ocrx_word' id='word_1_903' title='bbox 2940 4903 3162 4959; x_wconf 67' lang='lat' dir='ltr'><strong>Anglic.</strong></span> <span class='ocrx_word' id='word_1_904' title='bbox 3214 4904 3444 4958; x_wconf 85' lang='lat' dir='ltr'><strong>Gobler.</strong></span> <span class='ocrx_word' id='word_1_905' title='bbox 3505 4901 3755 4957; x_wconf 79' lang='lat' dir='ltr'><strong>Felckm.</strong></span> <span class='ocrx_word' id='word_1_906' title='bbox 3794 4902 3817 4955; x_wconf 87' lang='lat'><strong>1</strong></span> 
     </span>
     <span class='ocr_line' id='line_1_114' title="bbox 2175 4969 3827 5053; baseline 0.001 -27"><span class='ocrx_word' id='word_1_907' title='bbox 2175 4977 2232 5053; x_wconf 77' lang='lat' dir='ltr'><strong>et</strong></span> <span class='ocrx_word' id='word_1_908' title='bbox 2260 4973 2316 5053; x_wconf 75' lang='lat'><strong>5,</strong></span> <span class='ocrx_word' id='word_1_909' title='bbox 2349 4969 2467 5045; x_wconf 81' lang='grc' dir='ltr'>ἆγεν</span> <span class='ocrx_word' id='word_1_910' title='bbox 2493 4991 2631 5053; x_wconf 44' lang='grc' dir='ltr'>ρῳ..</span> <span class='ocrx_word' id='word_1_911' title='bbox 2667 4972 2865 5053; x_wconf 56' lang='lat' dir='ltr'><strong>pater}</strong></span> <span class='ocrx_word' id='word_1_912' title='bbox 2906 4982 2964 5029; x_wconf 92' lang='lat' dir='ltr'><strong>et</strong></span> <span class='ocrx_word' id='word_1_913' title='bbox 3010 4975 3170 5053; x_wconf 66' lang='lat' dir='ltr'><strong>editi,</strong></span> <span class='ocrx_word' id='word_1_914' title='bbox 3218 4974 3522 5053; x_wconf 68' lang='grc' dir='ltr'>βιγεννήτῳ,</span> <span class='ocrx_word' id='word_1_915' title='bbox 3556 4973 3687 5053; x_wconf 57' lang='lat' dir='ltr'><strong>Mox</strong></span> <span class='ocrx_word' id='word_1_916' title='bbox 3715 4977 3827 5053; x_wconf 69' lang='lat' dir='ltr'><strong>Go-</strong></span> 
     </span>
    </p>
   </div>
   <div class='ocr_carea' id='block_1_110' title="bbox 2176 5041 3822 5118">
    <p class='ocr_par' dir='ltr' id='par_1_110' title="bbox 2176 5041 3822 5118">
     <span class='ocr_line' id='line_1_115' title="bbox 2176 5041 3822 5118; baseline 0.001 -23"><span class='ocrx_word' id='word_1_917' title='bbox 2176 5041 2421 5118; x_wconf 41' lang='lat' dir='ltr'><strong>blerian&#39;.</strong></span> <span class='ocrx_word' id='word_1_918' title='bbox 2457 5049 2513 5099; x_wconf 89' lang='lat' dir='ltr'><strong>et</strong></span> <span class='ocrx_word' id='word_1_919' title='bbox 2541 5041 2793 5118; x_wconf 85' lang='lat' dir='ltr'><strong>Felckm.</strong></span> <span class='ocrx_word' id='word_1_920' title='bbox 2831 5046 2881 5111; x_wconf 88' lang='lat'><strong>1,</strong></span> <span class='ocrx_word' id='word_1_921' title='bbox 2913 5049 3123 5118; x_wconf 83' lang='grc' dir='ltr'>γενητῷ</span> <span class='ocrx_word' id='word_1_922' title='bbox 3147 5045 3233 5099; x_wconf 83' lang='grc' dir='ltr'><strong>καὶ</strong></span> <span class='ocrx_word' id='word_1_923' title='bbox 3275 5041 3518 5117; x_wconf 75' lang='grc' dir='ltr'>’κτιστῷ.</span> <span class='ocrx_word' id='word_1_924' title='bbox 3578 5050 3713 5117; x_wconf 80' lang='lat' dir='ltr'><strong>Reg.</strong></span> <span class='ocrx_word' id='word_1_925' title='bbox 3766 5047 3822 5109; x_wconf 88' lang='grc'>2,</span> 
     </span>
    </p>
   </div>
   <div class='ocr_carea' id='block_1_111' title="bbox 2142 5114 2686 5187">
    <p class='ocr_par' dir='ltr' id='par_1_111' title="bbox 2142 5114 2686 5187">
     <span class='ocr_line' id='line_1_116' title="bbox 2142 5114 2686 5187; baseline -0.002 -19"><span class='ocrx_word' id='word_1_926' title='bbox 2142 5124 2148 5129; x_wconf 91' lang='grc'><strong>’</strong></span> <span class='ocrx_word' id='word_1_927' title='bbox 2177 5114 2393 5187; x_wconf 86' lang='lat' dir='ltr'><strong>ibidem</strong></span> <span class='ocrx_word' id='word_1_928' title='bbox 2422 5117 2686 5187; x_wconf 77' lang='grc' dir='ltr'>γεννητῷ.</span> 
     </span>
    </p>
   </div>
   <div class='ocr_carea' id='block_1_112' title="bbox 2248 5185 3128 5258">
    <p class='ocr_par' dir='ltr' id='par_1_112' title="bbox 2248 5185 3128 5258">
     <span class='ocr_line' id='line_1_117' title="bbox 2248 5185 3128 5258; baseline 0.003 -19"><span class='ocrx_word' id='word_1_929' title='bbox 2248 5186 2359 5255; x_wconf 76' lang='grc'>(25)</span> <span class='ocrx_word' id='word_1_930' title='bbox 2396 5185 2752 5250; x_wconf 79' lang='lat' dir='ltr'><strong>Basiliensis,</strong></span> <span class='ocrx_word' id='word_1_931' title='bbox 2784 5185 2910 5258; x_wconf 87' lang='grc' dir='ltr'>παρ’</span> <span class='ocrx_word' id='word_1_932' title='bbox 2942 5186 3128 5243; x_wconf 83' lang='grc' dir='ltr'>αὐτοῦ.</span> 
     </span>
    </p>
   </div>
   <div class='ocr_carea' id='block_1_113' title="bbox 2249 5257 3821 5329">
    <p class='ocr_par' dir='ltr' id='par_1_113' title="bbox 2249 5257 3821 5329">
     <span class='ocr_line' id='line_1_118' title="bbox 2249 5257 3821 5329; baseline -0.001 -19"><span class='ocrx_word' id='word_1_933' title='bbox 2249 5258 2362 5326; x_wconf 83' lang='lat'><strong>(26)</strong></span> <span class='ocrx_word' id='word_1_934' title='bbox 2392 5262 2526 5329; x_wconf 76' lang='lat' dir='ltr'><strong>Reg.</strong></span> <span class='ocrx_word' id='word_1_935' title='bbox 2557 5257 2878 5329; x_wconf 75' lang='lat' dir='ltr'><strong>1,Seguer.</strong></span> <span class='ocrx_word' id='word_1_936' title='bbox 2913 5261 3140 5329; x_wconf 82' lang='lat' dir='ltr'><strong>Anglic,</strong></span> <span class='ocrx_word' id='word_1_937' title='bbox 3174 5259 3408 5315; x_wconf 88' lang='lat' dir='ltr'><strong>Gobler.</strong></span> <span class='ocrx_word' id='word_1_938' title='bbox 3460 5266 3518 5315; x_wconf 90' lang='lat' dir='ltr'><strong>et</strong></span> <span class='ocrx_word' id='word_1_939' title='bbox 3569 5257 3821 5313; x_wconf 52' lang='lat' dir='ltr'><strong>Ii‘elckm.</strong></span> 
     </span>
    </p>
   </div>
   <div class='ocr_carea' id='block_1_114' title="bbox 2182 5328 3822 5403">
    <p class='ocr_par' dir='ltr' id='par_1_114' title="bbox 2182 5328 3822 5403">
     <span class='ocr_line' id='line_1_119' title="bbox 2182 5328 3822 5403; baseline 0.002 -23"><span class='ocrx_word' id='word_1_940' title='bbox 2182 5329 2429 5403; x_wconf 77' lang='lat' dir='ltr'><strong>primus,</strong></span> <span class='ocrx_word' id='word_1_941' title='bbox 2464 5328 2733 5401; x_wconf 85' lang='grc' dir='ltr'>ἀγενήτῳ.</span> <span class='ocrx_word' id='word_1_942' title='bbox 2768 5328 3031 5403; x_wconf 31' lang='grc' dir='ltr'><strong>Εάίιὶμθε</strong></span> <span class='ocrx_word' id='word_1_943' title='bbox 3069 5330 3191 5397; x_wconf 83' lang='lat' dir='ltr'><strong>alii,</strong></span> <span class='ocrx_word' id='word_1_944' title='bbox 3242 5330 3534 5403; x_wconf 83' lang='grc' dir='ltr'>ἀγεννήτω.</span> <span class='ocrx_word' id='word_1_945' title='bbox 3587 5330 3822 5403; x_wconf 68' lang='lat' dir='ltr'><strong>ibidem</strong></span> 
     </span>
    </p>
   </div>
   <div class='ocr_carea' id='block_1_115' title="bbox 2180 5400 3828 5482">
    <p class='ocr_par' dir='ltr' id='par_1_115' title="bbox 2180 5400 3828 5482">
     <span class='ocr_line' id='line_1_120' title="bbox 2180 5400 3828 5482; baseline -0.001 -29"><span class='ocrx_word' id='word_1_946' title='bbox 2180 5401 2414 5482; x_wconf 47' lang='lat' dir='ltr'><strong>Reg,__1,‘</strong></span> <span class='ocrx_word' id='word_1_947' title='bbox 2435 5400 2670 5482; x_wconf 46' lang='lat' dir='ltr'><strong>segne}.</strong></span> <span class='ocrx_word' id='word_1_948' title='bbox 2704 5404 2761 5453; x_wconf 74' lang='lat' dir='ltr'><strong>et</strong></span> <span class='ocrx_word' id='word_1_949' title='bbox 2793 5400 3014 5482; x_wconf 70' lang='lat' dir='ltr'><strong>Anglic.</strong></span> <span class='ocrx_word' id='word_1_950' title='bbox 3046 5400 3520 5482; x_wconf 48' lang='lat' dir='ltr'><strong>mmvzpriﬁsaﬁxv;</strong></span> <span class='ocrx_word' id='word_1_951' title='bbox 3548 5400 3639 5482; x_wconf 79' lang='grc' dir='ltr'><strong>τὸν</strong></span> <span class='ocrx_word' id='word_1_952' title='bbox 3662 5418 3828 5482; x_wconf 47' lang='grc' dir='ltr'>γενητ</span> 
     </span>
    </p>
   </div>
   <div class='ocr_carea' id='block_1_116' title="bbox 2177 5468 3833 5547">
    <p class='ocr_par' dir='ltr' id='par_1_116' title="bbox 2177 5468 3833 5547">
     <span class='ocr_line' id='line_1_121' title="bbox 2177 5468 3833 5547; baseline 0.004 -26"><span class='ocrx_word' id='word_1_953' title='bbox 2177 5468 2577 5547; x_wconf 32' lang='grc' dir='ltr'><strong>τόνξ-Ιθοξοιςῐῇ.</strong></span> <span class='ocrx_word' id='word_1_954' title='bbox 2610 5472 2665 5547; x_wconf 88' lang='lat'><strong>5_,</strong></span> <span class='ocrx_word' id='word_1_955' title='bbox 2699 5468 3149 5547; x_wconf 74' lang='grc' dir='ltr'>κατανῶτίζεσθαι</span> <span class='ocrx_word' id='word_1_956' title='bbox 3201 5474 3262 5547; x_wconf 81' lang='grc' dir='ltr'><strong>τὸ</strong></span> <span class='ocrx_word' id='word_1_957' title='bbox 3320 5468 3553 5547; x_wconf 71' lang='grc' dir='ltr'>γενητῷ.</span> <span class='ocrx_word' id='word_1_958' title='bbox 3614 5468 3726 5526; x_wconf 83' lang='lat' dir='ltr'><strong>Alii</strong></span> <span class='ocrx_word' id='word_1_959' title='bbox 3775 5468 3833 5527; x_wconf 77' lang='lat' dir='ltr'><strong>ut.</strong></span> 
     </span>
    </p>
   </div>
   <div class='ocr_carea' id='block_1_117' title="bbox 2179 5540 3542 5619">
    <p class='ocr_par' dir='ltr' id='par_1_117' title="bbox 2179 5540 3542 5619">
     <span class='ocr_line' id='line_1_122' title="bbox 2179 5540 3542 5619; baseline 0.001 -22"><span class='ocrx_word' id='word_1_960' title='bbox 2179 5540 2358 5619; x_wconf 61' lang='lat' dir='ltr'><strong>editio</strong></span> <span class='ocrx_word' id='word_1_961' title='bbox 2387 5542 2690 5619; x_wconf 43' lang='lat' dir='ltr'><strong>geminet”</strong></span> <span class='ocrx_word' id='word_1_962' title='bbox 2720 5543 3173 5619; x_wconf 73' lang='grc' dir='ltr'>κατανωτίζεσθαι</span> <span class='ocrx_word' id='word_1_963' title='bbox 3202 5544 3264 5598; x_wconf 89' lang='grc' dir='ltr'><strong>τὸ</strong></span> <span class='ocrx_word' id='word_1_964' title='bbox 3295 5540 3542 5619; x_wconf 76' lang='grc' dir='ltr'>γενητόν.</span> 
     </span>
    </p>
   </div>
   <div class='ocr_carea' id='block_1_118' title="bbox 2255 5612 3832 5698">
    <p class='ocr_par' dir='ltr' id='par_1_118' title="bbox 2255 5612 3832 5698">
     <span class='ocr_line' id='line_1_123' title="bbox 2255 5612 3832 5698; baseline 0.003 -32"><span class='ocrx_word' id='word_1_965' title='bbox 2255 5613 2735 5698; x_wconf 46' lang='lat' dir='ltr'><strong>(27)”Sic‘Regius</strong></span> <span class='ocrx_word' id='word_1_966' title='bbox 2770 5614 2994 5697; x_wconf 73' lang='lat' dir='ltr'><strong>primus</strong></span> <span class='ocrx_word' id='word_1_967' title='bbox 3020 5623 3077 5672; x_wconf 92' lang='lat' dir='ltr'><strong>et</strong></span> <span class='ocrx_word' id='word_1_968' title='bbox 3128 5612 3538 5689; x_wconf 60' lang='lat' dir='ltr'><strong>Segue&#39;rianus.</strong></span> <span class='ocrx_word' id='word_1_969' title='bbox 3586 5617 3647 5671; x_wconf 88' lang='lat' dir='ltr'><strong>In</strong></span> <span class='ocrx_word' id='word_1_970' title='bbox 3697 5612 3832 5670; x_wconf 84' lang='lat' dir='ltr'><strong>aliis</strong></span> 
     </span>
    </p>
   </div>
   <div class='ocr_carea' id='block_1_119' title="bbox 2182 5682 2859 5742">
    <p class='ocr_par' dir='ltr' id='par_1_119' title="bbox 2182 5682 2859 5742">
     <span class='ocr_line' id='line_1_124' title="bbox 2182 5682 2859 5742; baseline 0 -2"><span class='ocrx_word' id='word_1_971' title='bbox 2182 5688 2240 5740; x_wconf 90' lang='lat' dir='ltr'><strong>et</strong></span> <span class='ocrx_word' id='word_1_972' title='bbox 2266 5682 2443 5741; x_wconf 84' lang='lat' dir='ltr'><strong>editis</strong></span> <span class='ocrx_word' id='word_1_973' title='bbox 2471 5682 2636 5742; x_wconf 75' lang='lat' dir='ltr'><strong>deest</strong></span> <span class='ocrx_word' id='word_1_974' title='bbox 2662 5682 2859 5740; x_wconf 76' lang='grc' dir='ltr'>αὐτῶν.</span> 
     </span>
    </p>
   </div>
  </div>
