  <div class='ocr_page' id='page_1' title='image "/cluster/home/n/w/nwhite01/storage/ocr_20150623/26/hvd.32044019208479/238.png"; bbox 0 0 4074 6342; ppageno 0'>
   <div class='ocr_carea' id='block_1_1' title="bbox 254 404 375 467">
    <p class='ocr_par' dir='ltr' id='par_1_1' title="bbox 254 404 375 467">
     <span class='ocr_line' id='line_1_1' title="bbox 254 404 375 467; baseline 0.017 -2"><span class='ocrx_word' id='word_1_1' title='bbox 254 404 375 467; x_wconf 85' lang='grc'><strong>373</strong></span> 
     </span>
    </p>
   </div>
   <div class='ocr_carea' id='block_1_2' title="bbox 248 623 1909 705">
    <p class='ocr_par' dir='ltr' id='par_1_2' title="bbox 248 623 1909 705">
     <span class='ocr_line' id='line_1_2' title="bbox 248 623 1909 705; baseline 0.002 -23"><span class='ocrx_word' id='word_1_2' title='bbox 248 631 349 682; x_wconf 84' lang='grc' dir='ltr'><strong>τοῦ</strong></span> <span class='ocrx_word' id='word_1_3' title='bbox 401 623 620 681; x_wconf 85' lang='grc' dir='ltr'>δυνατὸν</span> <span class='ocrx_word' id='word_1_4' title='bbox 678 627 746 695; x_wconf 79' lang='grc' dir='ltr'><strong>ἦν</strong></span> <span class='ocrx_word' id='word_1_5' title='bbox 795 626 1163 705; x_wconf 78' lang='grc' dir='ltr'><strong>ἁπλούστερον</strong></span> <span class='ocrx_word' id='word_1_6' title='bbox 1226 632 1535 705; x_wconf 75' lang='grc' dir='ltr'>θεωρῆσαι,</span> <span class='ocrx_word' id='word_1_7' title='bbox 1595 635 1762 685; x_wconf 86' lang='grc' dir='ltr'>ταῦτα</span> <span class='ocrx_word' id='word_1_8' title='bbox 1819 627 1909 686; x_wconf 79' lang='grc' dir='ltr'><strong>διὰ</strong></span> 
     </span>
    </p>
   </div>
   <div class='ocr_carea' id='block_1_3' title="bbox 249 714 1908 793">
    <p class='ocr_par' dir='ltr' id='par_1_3' title="bbox 249 714 1908 793">
     <span class='ocr_line' id='line_1_3' title="bbox 249 714 1908 793; baseline 0.002 -22"><span class='ocrx_word' id='word_1_9' title='bbox 249 714 484 772; x_wconf 84' lang='grc' dir='ltr'>πολλῶν</span> <span class='ocrx_word' id='word_1_10' title='bbox 528 714 843 791; x_wconf 73' lang='grc' dir='ltr'>εἰρήκαμενο</span> <span class='ocrx_word' id='word_1_11' title='bbox 897 718 925 772; x_wconf 98' lang='lat'><strong>6</strong></span> <span class='ocrx_word' id='word_1_12' title='bbox 976 714 1033 773; x_wconf 75' lang='grc' dir='ltr'>δὲ</span> <span class='ocrx_word' id='word_1_13' title='bbox 1084 717 1346 793; x_wconf 79' lang='grc' dir='ltr'>μακάριος</span> <span class='ocrx_word' id='word_1_14' title='bbox 1389 718 1640 789; x_wconf 83' lang='grc' dir='ltr'>Ἰωάννης</span> <span class='ocrx_word' id='word_1_15' title='bbox 1688 721 1800 793; x_wconf 91' lang='grc'>(13)</span> <span class='ocrx_word' id='word_1_16' title='bbox 1848 718 1908 774; x_wconf 70' lang='grc' dir='ltr'><strong>ἐκ</strong></span> 
     </span>
    </p>
   </div>
   <div class='ocr_carea' id='block_1_4' title="bbox 249 802 1903 884">
    <p class='ocr_par' dir='ltr' id='par_1_4' title="bbox 249 802 1903 884">
     <span class='ocr_line' id='line_1_4' title="bbox 249 802 1903 884; baseline 0.001 -24"><span class='ocrx_word' id='word_1_17' title='bbox 249 812 352 873; x_wconf 84' lang='grc' dir='ltr'><strong>τῆς</strong></span> <span class='ocrx_word' id='word_1_18' title='bbox 405 802 742 874; x_wconf 81' lang='grc' dir='ltr'><strong>Ἐπιστολῆς</strong></span> <span class='ocrx_word' id='word_1_19' title='bbox 791 805 843 860; x_wconf 75' lang='grc' dir='ltr'>ἐν</span> <span class='ocrx_word' id='word_1_20' title='bbox 896 804 1107 882; x_wconf 83' lang='grc' dir='ltr'><strong>ὀλίγοις</strong></span> <span class='ocrx_word' id='word_1_21' title='bbox 1152 808 1242 861; x_wconf 79' lang='grc' dir='ltr'>καὶ</span> <span class='ocrx_word' id='word_1_22' title='bbox 1288 805 1640 884; x_wconf 84' lang='grc' dir='ltr'>τελειώτερον</span> <span class='ocrx_word' id='word_1_23' title='bbox 1691 806 1903 881; x_wconf 81' lang='grc' dir='ltr'>μᾶλλον</span> 
     </span>
    </p>
   </div>
   <div class='ocr_carea' id='block_1_5' title="bbox 250 890 1907 972">
    <p class='ocr_par' dir='ltr' id='par_1_5' title="bbox 250 890 1907 972">
     <span class='ocr_line' id='line_1_5' title="bbox 250 890 1907 972; baseline 0.002 -25"><span class='ocrx_word' id='word_1_24' title='bbox 250 895 416 965; x_wconf 82' lang='grc' dir='ltr'>ἡμῶν</span> <span class='ocrx_word' id='word_1_25' title='bbox 450 890 607 966; x_wconf 76' lang='grc' dir='ltr'>δείξει</span> <span class='ocrx_word' id='word_1_26' title='bbox 637 898 746 948; x_wconf 84' lang='grc' dir='ltr'>τῶν</span> <span class='ocrx_word' id='word_1_27' title='bbox 777 895 1168 971; x_wconf 72' lang='grc' dir='ltr'><strong>γεγραμμένων</strong></span> <span class='ocrx_word' id='word_1_28' title='bbox 1212 896 1303 951; x_wconf 88' lang='grc' dir='ltr'>τὸν</span> <span class='ocrx_word' id='word_1_29' title='bbox 1336 900 1485 967; x_wconf 92' lang='grc' dir='ltr'>νοῦν,</span> <span class='ocrx_word' id='word_1_30' title='bbox 1516 896 1605 951; x_wconf 78' lang='grc' dir='ltr'>καὶ</span> <span class='ocrx_word' id='word_1_31' title='bbox 1648 894 1907 972; x_wconf 77' lang='grc' dir='ltr'>διελέγξει</span> 
     </span>
    </p>
   </div>
   <div class='ocr_carea' id='block_1_6' title="bbox 253 978 1906 1056">
    <p class='ocr_par' dir='ltr' id='par_1_6' title="bbox 253 978 1906 1056">
     <span class='ocr_line' id='line_1_6' title="bbox 253 978 1906 1056; baseline 0.002 -20"><span class='ocrx_word' id='word_1_32' title='bbox 253 982 350 1054; x_wconf 75' lang='grc' dir='ltr'>μὶν</span> <span class='ocrx_word' id='word_1_33' title='bbox 410 982 511 1050; x_wconf 73' lang='grc' dir='ltr'>τὴν</span> <span class='ocrx_word' id='word_1_34' title='bbox 570 985 677 1036; x_wconf 79' lang='grc' dir='ltr'><strong>τῶν</strong></span> <span class='ocrx_word' id='word_1_35' title='bbox 735 978 941 1038; x_wconf 75' lang='grc' dir='ltr'>ἀσεϐῶν</span> <span class='ocrx_word' id='word_1_36' title='bbox 1005 981 1271 1051; x_wconf 77' lang='grc' dir='ltr'>διάνοιαν,</span> <span class='ocrx_word' id='word_1_37' title='bbox 1325 982 1523 1056; x_wconf 76' lang='grc' dir='ltr'><strong>διδάξει</strong></span> <span class='ocrx_word' id='word_1_38' title='bbox 1575 983 1631 1039; x_wconf 80' lang='grc' dir='ltr'>δὲ</span> <span class='ocrx_word' id='word_1_39' title='bbox 1674 990 1792 1048; x_wconf 83' lang='grc' dir='ltr'><strong>πῶς</strong></span> <span class='ocrx_word' id='word_1_40' title='bbox 1848 1006 1906 1040; x_wconf 82' lang='lat' dir='ltr'><strong>1s</strong></span> 
     </span>
    </p>
   </div>
   <div class='ocr_carea' id='block_1_7' title="bbox 247 1068 1899 1147">
    <p class='ocr_par' dir='ltr' id='par_1_7' title="bbox 247 1068 1899 1147">
     <span class='ocr_line' id='line_1_7' title="bbox 247 1068 1899 1147; baseline 0.002 -23"><span class='ocrx_word' id='word_1_41' title='bbox 247 1072 416 1142; x_wconf 92' lang='grc' dir='ltr'>ἡμεῖς</span> <span class='ocrx_word' id='word_1_42' title='bbox 450 1073 561 1142; x_wconf 76' lang='grc'>(14)</span> <span class='ocrx_word' id='word_1_43' title='bbox 593 1068 645 1125; x_wconf 75' lang='grc' dir='ltr'>ἐν</span> <span class='ocrx_word' id='word_1_44' title='bbox 675 1075 755 1143; x_wconf 78' lang='grc' dir='ltr'><strong>τῷ</strong></span> <span class='ocrx_word' id='word_1_45' title='bbox 802 1076 919 1144; x_wconf 86' lang='grc' dir='ltr'>Θεῷ</span> <span class='ocrx_word' id='word_1_46' title='bbox 968 1072 1249 1147; x_wconf 81' lang='grc' dir='ltr'><strong>γινόμεθα,</strong></span> <span class='ocrx_word' id='word_1_47' title='bbox 1299 1073 1389 1128; x_wconf 80' lang='grc' dir='ltr'>καὶ</span> <span class='ocrx_word' id='word_1_48' title='bbox 1424 1075 1451 1128; x_wconf 91' lang='grc' dir='ltr'>ὁ</span> <span class='ocrx_word' id='word_1_49' title='bbox 1484 1074 1613 1135; x_wconf 86' lang='grc' dir='ltr'><strong>Θεὸς</strong></span> <span class='ocrx_word' id='word_1_50' title='bbox 1661 1073 1712 1128; x_wconf 82' lang='grc' dir='ltr'>ἐν</span> <span class='ocrx_word' id='word_1_51' title='bbox 1744 1076 1899 1147; x_wconf 79' lang='grc' dir='ltr'>ἡμῖν’</span> 
     </span>
    </p>
   </div>
   <div class='ocr_carea' id='block_1_8' title="bbox 243 1158 1901 1237">
    <p class='ocr_par' dir='ltr' id='par_1_8' title="bbox 243 1158 1901 1237">
     <span class='ocr_line' id='line_1_8' title="bbox 243 1158 1901 1237; baseline 0.002 -24"><span class='ocrx_word' id='word_1_52' title='bbox 243 1159 334 1213; x_wconf 70' lang='grc' dir='ltr'><strong>ναὶ</strong></span> <span class='ocrx_word' id='word_1_53' title='bbox 380 1164 499 1221; x_wconf 83' lang='grc' dir='ltr'><strong>πῶς</strong></span> <span class='ocrx_word' id='word_1_54' title='bbox 548 1158 714 1214; x_wconf 88' lang='grc' dir='ltr'>πάλιν</span> <span class='ocrx_word' id='word_1_55' title='bbox 764 1161 931 1233; x_wconf 80' lang='grc' dir='ltr'>ἡμεῖς</span> <span class='ocrx_word' id='word_1_56' title='bbox 985 1161 1081 1233; x_wconf 82' lang='grc' dir='ltr'>μὲν</span> <span class='ocrx_word' id='word_1_57' title='bbox 1129 1161 1180 1216; x_wconf 83' lang='grc' dir='ltr'>ἐν</span> <span class='ocrx_word' id='word_1_58' title='bbox 1214 1160 1361 1234; x_wconf 79' lang='grc' dir='ltr'><strong>αὐτῷ</strong></span> <span class='ocrx_word' id='word_1_59' title='bbox 1407 1162 1669 1237; x_wconf 83' lang='grc' dir='ltr'>γινόμεθα</span> <span class='ocrx_word' id='word_1_60' title='bbox 1696 1162 1770 1230; x_wconf 78' lang='grc' dir='ltr'>ἓν,</span> <span class='ocrx_word' id='word_1_61' title='bbox 1802 1162 1901 1218; x_wconf 85' lang='grc' dir='ltr'>πό-</span> 
     </span>
    </p>
   </div>
   <div class='ocr_carea' id='block_1_9' title="bbox 243 1244 1903 1328">
    <p class='ocr_par' dir='ltr' id='par_1_9' title="bbox 243 1244 1903 1328">
     <span class='ocr_line' id='line_1_9' title="bbox 243 1244 1903 1328; baseline 0.001 -26"><span class='ocrx_word' id='word_1_62' title='bbox 243 1268 336 1302; x_wconf 86' lang='grc' dir='ltr'>σον</span> <span class='ocrx_word' id='word_1_63' title='bbox 374 1245 431 1302; x_wconf 73' lang='grc' dir='ltr'>δὲ</span> <span class='ocrx_word' id='word_1_64' title='bbox 462 1244 710 1318; x_wconf 79' lang='grc' dir='ltr'>διέστηκε</span> <span class='ocrx_word' id='word_1_65' title='bbox 738 1249 837 1318; x_wconf 74' lang='grc' dir='ltr'><strong>τήν</strong></span> <span class='ocrx_word' id='word_1_66' title='bbox 886 1248 1043 1326; x_wconf 73' lang='grc' dir='ltr'>φύσιν</span> <span class='ocrx_word' id='word_1_67' title='bbox 1094 1250 1208 1323; x_wconf 88' lang='grc'>(15)</span> <span class='ocrx_word' id='word_1_68' title='bbox 1240 1251 1269 1304; x_wconf 93' lang='lat'><strong>6</strong></span> <span class='ocrx_word' id='word_1_69' title='bbox 1301 1250 1423 1312; x_wconf 68' lang='grc' dir='ltr'><strong>Υἱὸς</strong></span> <span class='ocrx_word' id='word_1_70' title='bbox 1471 1250 1562 1328; x_wconf 80' lang='grc' dir='ltr'><strong>ἀφ’</strong></span> <span class='ocrx_word' id='word_1_71' title='bbox 1598 1253 1781 1323; x_wconf 82' lang='grc' dir='ltr'>ἡμῶν·</span> <span class='ocrx_word' id='word_1_72' title='bbox 1816 1251 1903 1306; x_wconf 78' lang='grc' dir='ltr'>καὶ</span> 
     </span>
    </p>
   </div>
   <div class='ocr_carea' id='block_1_10' title="bbox 242 1334 1906 1413">
    <p class='ocr_par' dir='ltr' id='par_1_10' title="bbox 242 1334 1906 1413">
     <span class='ocr_line' id='line_1_10' title="bbox 242 1334 1906 1413; baseline 0.002 -22"><span class='ocrx_word' id='word_1_73' title='bbox 242 1336 439 1391; x_wconf 69' lang='grc' dir='ltr'>παύσει</span> <span class='ocrx_word' id='word_1_74' title='bbox 493 1334 690 1391; x_wconf 88' lang='grc' dir='ltr'>λοιπὸν</span> <span class='ocrx_word' id='word_1_75' title='bbox 730 1336 859 1399; x_wconf 75' lang='grc' dir='ltr'>τοὺς</span> <span class='ocrx_word' id='word_1_76' title='bbox 888 1337 1200 1413; x_wconf 77' lang='grc' dir='ltr'>’Δρειανοὺς</span> <span class='ocrx_word' id='word_1_77' title='bbox 1237 1340 1431 1412; x_wconf 77' lang='grc' dir='ltr'><strong>μηκέτι</strong></span> <span class='ocrx_word' id='word_1_78' title='bbox 1483 1340 1730 1413; x_wconf 71' lang='grc' dir='ltr'>νομίζειν</span> <span class='ocrx_word' id='word_1_79' title='bbox 1782 1340 1906 1394; x_wconf 71' lang='grc' dir='ltr'>ἑαυ-</span> 
     </span>
    </p>
   </div>
   <div class='ocr_carea' id='block_1_11' title="bbox 241 1420 1903 1499">
    <p class='ocr_par' dir='ltr' id='par_1_11' title="bbox 241 1420 1903 1499">
     <span class='ocr_line' id='line_1_11' title="bbox 241 1420 1903 1499; baseline 0.002 -20"><span class='ocrx_word' id='word_1_80' title='bbox 241 1424 374 1487; x_wconf 78' lang='grc' dir='ltr'>τοὺς</span> <span class='ocrx_word' id='word_1_81' title='bbox 433 1420 645 1489; x_wconf 83' lang='grc' dir='ltr'>ἔσεσθαι</span> <span class='ocrx_word' id='word_1_82' title='bbox 705 1426 780 1487; x_wconf 86' lang='grc' dir='ltr'><strong>ὡς</strong></span> <span class='ocrx_word' id='word_1_83' title='bbox 836 1426 929 1481; x_wconf 89' lang='grc' dir='ltr'>τὸν</span> <span class='ocrx_word' id='word_1_84' title='bbox 976 1427 1119 1491; x_wconf 67' lang='grc' dir='ltr'>Υἱὸν,</span> <span class='ocrx_word' id='word_1_85' title='bbox 1164 1425 1256 1481; x_wconf 65' lang='grc' dir='ltr'><strong>ἵνα</strong></span> <span class='ocrx_word' id='word_1_86' title='bbox 1292 1428 1368 1499; x_wconf 82' lang='grc' dir='ltr'>μὴ</span> <span class='ocrx_word' id='word_1_87' title='bbox 1418 1427 1509 1481; x_wconf 82' lang='grc' dir='ltr'>καὶ</span> <span class='ocrx_word' id='word_1_88' title='bbox 1553 1427 1706 1482; x_wconf 80' lang='grc' dir='ltr'>αὐτοὶ</span> <span class='ocrx_word' id='word_1_89' title='bbox 1741 1427 1903 1483; x_wconf 69' lang='grc' dir='ltr'>ἀκούο</span> 
     </span>
    </p>
   </div>
   <div class='ocr_carea' id='block_1_12' title="bbox 242 1510 1900 1588">
    <p class='ocr_par' dir='ltr' id='par_1_12' title="bbox 242 1510 1900 1588">
     <span class='ocr_line' id='line_1_12' title="bbox 242 1510 1900 1588; baseline 0.002 -20"><span class='ocrx_word' id='word_1_90' title='bbox 242 1530 403 1568; x_wconf 85' lang='grc' dir='ltr'>σωσι⁶</span> <span class='ocrx_word' id='word_1_91' title='bbox 466 1512 542 1567; x_wconf 80' lang='grc' dir='ltr'><strong>Σὺ</strong></span> <span class='ocrx_word' id='word_1_92' title='bbox 600 1510 659 1568; x_wconf 75' lang='grc' dir='ltr'>δὲ</span> <span class='ocrx_word' id='word_1_93' title='bbox 709 1514 760 1569; x_wconf 74' lang='grc' dir='ltr'>εἴ</span> <span class='ocrx_word' id='word_1_94' title='bbox 811 1511 1103 1588; x_wconf 80' lang='grc' dir='ltr'>ἅνθρωπος</span> <span class='ocrx_word' id='word_1_95' title='bbox 1159 1514 1248 1569; x_wconf 83' lang='grc' dir='ltr'><strong>καὶ</strong></span> <span class='ocrx_word' id='word_1_96' title='bbox 1320 1514 1383 1570; x_wconf 78' lang='grc' dir='ltr'>οὐ</span> <span class='ocrx_word' id='word_1_97' title='bbox 1436 1515 1584 1577; x_wconf 83' lang='grc' dir='ltr'>Θεός’</span> <span class='ocrx_word' id='word_1_98' title='bbox 1617 1514 1746 1585; x_wconf 82' lang='grc' dir='ltr'><strong>καί,</strong></span> <span class='ocrx_word' id='word_1_99' title='bbox 1807 1517 1900 1584; x_wconf 80' lang='grc' dir='ltr'><strong>Μὴ</strong></span> 
     </span>
    </p>
   </div>
   <div class='ocr_carea' id='block_1_13' title="bbox 243 1601 1903 1682">
    <p class='ocr_par' dir='ltr' id='par_1_13' title="bbox 243 1601 1903 1682">
     <span class='ocr_line' id='line_1_13' title="bbox 243 1601 1903 1682; baseline 0.002 -26"><span class='ocrx_word' id='word_1_100' title='bbox 243 1602 714 1678; x_wconf 79' lang='grc' dir='ltr'>συμπαρεκτείνου</span> <span class='ocrx_word' id='word_1_101' title='bbox 785 1603 957 1673; x_wconf 75' lang='grc' dir='ltr'>πένης</span> <span class='ocrx_word' id='word_1_102' title='bbox 1017 1602 1091 1657; x_wconf 86' lang='grc' dir='ltr'>ὣν</span> <span class='ocrx_word' id='word_1_103' title='bbox 1160 1601 1447 1677; x_wconf 82' lang='grc' dir='ltr'><strong>πλουσίῳ.</strong></span> <span class='ocrx_word' id='word_1_104' title='bbox 1510 1606 1708 1682; x_wconf 77' lang='grc' dir='ltr'>Γράφει</span> <span class='ocrx_word' id='word_1_105' title='bbox 1762 1605 1903 1660; x_wconf 82' lang='grc' dir='ltr'>τοί-</span> 
     </span>
    </p>
   </div>
   <div class='ocr_carea' id='block_1_14' title="bbox 242 1691 1903 1767">
    <p class='ocr_par' dir='ltr' id='par_1_14' title="bbox 242 1691 1903 1767">
     <span class='ocr_line' id='line_1_14' title="bbox 242 1691 1903 1767; baseline 0.001 -22"><span class='ocrx_word' id='word_1_106' title='bbox 242 1714 336 1747; x_wconf 89' lang='grc' dir='ltr'><strong>νυν</strong></span> <span class='ocrx_word' id='word_1_107' title='bbox 373 1693 402 1747; x_wconf 88' lang='grc' dir='ltr'>ὁ</span> <span class='ocrx_word' id='word_1_108' title='bbox 448 1692 709 1762; x_wconf 80' lang='grc' dir='ltr'>Ἰωάννης</span> <span class='ocrx_word' id='word_1_109' title='bbox 762 1691 904 1747; x_wconf 61' lang='grc' dir='ltr'>οὕτω</span> <span class='ocrx_word' id='word_1_110' title='bbox 968 1691 1139 1766; x_wconf 87' lang='grc' dir='ltr'>λέγων</span> <span class='ocrx_word' id='word_1_111' title='bbox 1200 1696 1333 1766; x_wconf 82' lang='grc'>(16)’</span> <span class='ocrx_word' id='word_1_112' title='bbox 1368 1694 1455 1750; x_wconf 87' lang='grc' dir='ltr'>Ἐν</span> <span class='ocrx_word' id='word_1_113' title='bbox 1502 1693 1681 1765; x_wconf 83' lang='grc' dir='ltr'>τούτῳ</span> <span class='ocrx_word' id='word_1_114' title='bbox 1735 1692 1903 1767; x_wconf 86' lang='grc' dir='ltr'>γινώ-</span> 
     </span>
    </p>
   </div>
   <div class='ocr_carea' id='block_1_15' title="bbox 244 1779 1901 1853">
    <p class='ocr_par' dir='ltr' id='par_1_15' title="bbox 244 1779 1901 1853">
     <span class='ocr_line' id='line_1_15' title="bbox 244 1779 1901 1853; baseline -0.002 -16"><span class='ocrx_word' id='word_1_115' title='bbox 244 1801 472 1853; x_wconf 81' lang='grc' dir='ltr'>σκομεν,</span> <span class='ocrx_word' id='word_1_116' title='bbox 532 1779 616 1836; x_wconf 77' lang='grc' dir='ltr'><strong>ὅτι</strong></span> <span class='ocrx_word' id='word_1_117' title='bbox 673 1780 725 1835; x_wconf 79' lang='grc' dir='ltr'>ἐν</span> <span class='ocrx_word' id='word_1_118' title='bbox 783 1779 931 1853; x_wconf 78' lang='grc' dir='ltr'>αὐτῷ</span> <span class='ocrx_word' id='word_1_119' title='bbox 982 1781 1237 1852; x_wconf 73' lang='grc' dir='ltr'>μένομεν,</span> <span class='ocrx_word' id='word_1_120' title='bbox 1295 1780 1385 1835; x_wconf 78' lang='grc' dir='ltr'>καὶ</span> <span class='ocrx_word' id='word_1_121' title='bbox 1426 1781 1589 1843; x_wconf 80' lang='grc' dir='ltr'>αὐτὸς</span> <span class='ocrx_word' id='word_1_122' title='bbox 1638 1780 1689 1836; x_wconf 83' lang='grc' dir='ltr'>ἐν</span> <span class='ocrx_word' id='word_1_123' title='bbox 1739 1782 1901 1852; x_wconf 80' lang='grc' dir='ltr'>ἡμῖν,</span> 
     </span>
    </p>
   </div>
   <div class='ocr_carea' id='block_1_16' title="bbox 244 1867 1981 1964">
    <p class='ocr_par' dir='ltr' id='par_1_16' title="bbox 244 1867 1981 1964">
     <span class='ocr_line' id='line_1_16' title="bbox 244 1867 1981 1964; baseline 0 -39"><span class='ocrx_word' id='word_1_124' title='bbox 244 1872 328 1925; x_wconf 79' lang='grc' dir='ltr'><strong>δτι</strong></span> <span class='ocrx_word' id='word_1_125' title='bbox 390 1871 451 1925; x_wconf 79' lang='grc' dir='ltr'><strong>ὲκ</strong></span> <span class='ocrx_word' id='word_1_126' title='bbox 504 1874 603 1925; x_wconf 88' lang='grc' dir='ltr'><strong>τοῦ</strong></span> <span class='ocrx_word' id='word_1_127' title='bbox 663 1869 977 1943; x_wconf 80' lang='grc' dir='ltr'>Πνεύματος</span> <span class='ocrx_word' id='word_1_128' title='bbox 1034 1868 1198 1924; x_wconf 80' lang='grc' dir='ltr'>αὐτοῦ</span> <span class='ocrx_word' id='word_1_129' title='bbox 1259 1867 1488 1925; x_wconf 84' lang='grc' dir='ltr'>δέδωκεν</span> <span class='ocrx_word' id='word_1_130' title='bbox 1536 1872 1694 1943; x_wconf 88' lang='grc' dir='ltr'>ἡμῖν.</span> <span class='ocrx_word' id='word_1_131' title='bbox 1754 1870 1899 1928; x_wconf 81' lang='grc' dir='ltr'><strong>Οὐκ·</strong></span> <span class='ocrx_word' id='word_1_132' title='bbox 1932 1898 1981 1964; x_wconf 82' lang='grc' dir='ltr'><strong>Β</strong></span> 
     </span>
    </p>
   </div>
   <div class='ocr_carea' id='block_1_17' title="bbox 241 1955 1901 2036">
    <p class='ocr_par' dir='ltr' id='par_1_17' title="bbox 241 1955 1901 2036">
     <span class='ocr_line' id='line_1_17' title="bbox 241 1955 1901 2036; baseline -0.001 -23"><span class='ocrx_word' id='word_1_133' title='bbox 241 1963 336 2013; x_wconf 88' lang='grc' dir='ltr'><strong>οῦν</strong></span> <span class='ocrx_word' id='word_1_134' title='bbox 390 1955 479 2013; x_wconf 73' lang='grc' dir='ltr'><strong>διὰ</strong></span> <span class='ocrx_word' id='word_1_135' title='bbox 526 1959 631 2028; x_wconf 75' lang='grc' dir='ltr'><strong>τήν</strong></span> <span class='ocrx_word' id='word_1_136' title='bbox 678 1955 973 2031; x_wconf 84' lang='grc' dir='ltr'>δεδομένην</span> <span class='ocrx_word' id='word_1_137' title='bbox 1019 1959 1154 2030; x_wconf 77' lang='grc' dir='ltr'>ἡμῖν</span> <span class='ocrx_word' id='word_1_138' title='bbox 1221 1963 1318 2013; x_wconf 81' lang='grc' dir='ltr'><strong>τοῦ</strong></span> <span class='ocrx_word' id='word_1_139' title='bbox 1378 1957 1689 2031; x_wconf 81' lang='grc' dir='ltr'>Πνεύματος</span> <span class='ocrx_word' id='word_1_140' title='bbox 1737 1960 1901 2036; x_wconf 88' lang='grc' dir='ltr'>χάριν</span> 
     </span>
    </p>
   </div>
   <div class='ocr_carea' id='block_1_18' title="bbox 243 2046 1902 2121">
    <p class='ocr_par' dir='ltr' id='par_1_18' title="bbox 243 2046 1902 2121">
     <span class='ocr_line' id='line_1_18' title="bbox 243 2046 1902 2121; baseline -0.001 -20"><span class='ocrx_word' id='word_1_141' title='bbox 243 2049 413 2119; x_wconf 86' lang='grc' dir='ltr'>ἡμεῖς</span> <span class='ocrx_word' id='word_1_142' title='bbox 440 2067 501 2102; x_wconf 84' lang='grc' dir='ltr'><strong>τε</strong></span> <span class='ocrx_word' id='word_1_143' title='bbox 526 2046 581 2101; x_wconf 79' lang='grc' dir='ltr'>ἐν</span> <span class='ocrx_word' id='word_1_144' title='bbox 632 2046 777 2119; x_wconf 80' lang='grc' dir='ltr'><strong>αὐτῷ</strong></span> <span class='ocrx_word' id='word_1_145' title='bbox 820 2046 1099 2121; x_wconf 81' lang='grc' dir='ltr'>γινόμεθα,</span> <span class='ocrx_word' id='word_1_146' title='bbox 1150 2047 1241 2101; x_wconf 82' lang='grc' dir='ltr'>καὶ</span> <span class='ocrx_word' id='word_1_147' title='bbox 1292 2046 1451 2109; x_wconf 81' lang='grc' dir='ltr'>αὐτὸς</span> <span class='ocrx_word' id='word_1_148' title='bbox 1502 2046 1555 2101; x_wconf 78' lang='grc' dir='ltr'>ἐν</span> <span class='ocrx_word' id='word_1_149' title='bbox 1601 2048 1758 2118; x_wconf 82' lang='grc' dir='ltr'>ἡμῖν·</span> <span class='ocrx_word' id='word_1_150' title='bbox 1811 2048 1902 2101; x_wconf 80' lang='grc' dir='ltr'>καὶ</span> 
     </span>
    </p>
   </div>
   <div class='ocr_carea' id='block_1_19' title="bbox 244 2132 1904 2211">
    <p class='ocr_par' dir='ltr' id='par_1_19' title="bbox 244 2132 1904 2211">
     <span class='ocr_line' id='line_1_19' title="bbox 244 2132 1904 2211; baseline 0.001 -21"><span class='ocrx_word' id='word_1_151' title='bbox 244 2133 435 2206; x_wconf 72' lang='grc' dir='ltr'>ἔπειδὴ</span> <span class='ocrx_word' id='word_1_152' title='bbox 467 2136 529 2190; x_wconf 86' lang='grc' dir='ltr'>τὸ</span> <span class='ocrx_word' id='word_1_153' title='bbox 578 2139 799 2209; x_wconf 78' lang='grc' dir='ltr'>Πνεῦμα</span> <span class='ocrx_word' id='word_1_154' title='bbox 834 2140 932 2190; x_wconf 89' lang='grc' dir='ltr'><strong>τοῦ</strong></span> <span class='ocrx_word' id='word_1_155' title='bbox 980 2140 1114 2191; x_wconf 88' lang='grc' dir='ltr'>Θεοῦ</span> <span class='ocrx_word' id='word_1_156' title='bbox 1162 2135 1296 2206; x_wconf 77' lang='grc' dir='ltr'>ἐστι,</span> <span class='ocrx_word' id='word_1_157' title='bbox 1330 2132 1420 2190; x_wconf 81' lang='grc' dir='ltr'>διὰ</span> <span class='ocrx_word' id='word_1_158' title='bbox 1445 2134 1641 2192; x_wconf 76' lang='grc' dir='ltr'>τούτου</span> <span class='ocrx_word' id='word_1_159' title='bbox 1678 2136 1904 2211; x_wconf 84' lang='grc' dir='ltr'>γινομέ-</span> 
     </span>
    </p>
   </div>
   <div class='ocr_carea' id='block_1_20' title="bbox 244 2222 1900 2299">
    <p class='ocr_par' dir='ltr' id='par_1_20' title="bbox 244 2222 1900 2299">
     <span class='ocr_line' id='line_1_20' title="bbox 244 2222 1900 2299; baseline 0 -20"><span class='ocrx_word' id='word_1_160' title='bbox 244 2246 343 2281; x_wconf 89' lang='grc' dir='ltr'><strong>νου</strong></span> <span class='ocrx_word' id='word_1_161' title='bbox 374 2223 426 2279; x_wconf 79' lang='grc' dir='ltr'>ἐν</span> <span class='ocrx_word' id='word_1_162' title='bbox 457 2226 593 2296; x_wconf 89' lang='grc' dir='ltr'>ἡμῖν</span> <span class='ocrx_word' id='word_1_163' title='bbox 643 2224 867 2287; x_wconf 75' lang='grc' dir='ltr'>εἰκότως</span> <span class='ocrx_word' id='word_1_164' title='bbox 914 2224 1005 2279; x_wconf 85' lang='grc' dir='ltr'><strong>καὶ</strong></span> <span class='ocrx_word' id='word_1_165' title='bbox 1053 2226 1239 2297; x_wconf 77' lang='grc' dir='ltr'>ἡμεῖς,</span> <span class='ocrx_word' id='word_1_166' title='bbox 1291 2222 1513 2299; x_wconf 86' lang='grc' dir='ltr'>ἔχοντες</span> <span class='ocrx_word' id='word_1_167' title='bbox 1557 2225 1621 2280; x_wconf 85' lang='grc' dir='ltr'><strong>τὸ</strong></span> <span class='ocrx_word' id='word_1_168' title='bbox 1662 2229 1900 2298; x_wconf 84' lang='grc' dir='ltr'>Πνεῦμα,</span> 
     </span>
    </p>
   </div>
   <div class='ocr_carea' id='block_1_21' title="bbox 243 2311 1905 2387">
    <p class='ocr_par' dir='ltr' id='par_1_21' title="bbox 243 2311 1905 2387">
     <span class='ocr_line' id='line_1_21' title="bbox 243 2311 1905 2387; baseline 0 -19"><span class='ocrx_word' id='word_1_169' title='bbox 243 2312 589 2385; x_wconf 75' lang='grc' dir='ltr'>νομιζόμεθα</span> <span class='ocrx_word' id='word_1_170' title='bbox 645 2311 697 2367; x_wconf 80' lang='grc' dir='ltr'>ἐν</span> <span class='ocrx_word' id='word_1_171' title='bbox 755 2317 834 2384; x_wconf 78' lang='grc' dir='ltr'><strong>τῷ</strong></span> <span class='ocrx_word' id='word_1_172' title='bbox 906 2316 1024 2385; x_wconf 84' lang='grc' dir='ltr'><strong>Θεῷ</strong></span> <span class='ocrx_word' id='word_1_173' title='bbox 1092 2312 1335 2387; x_wconf 86' lang='grc' dir='ltr'>γενέσθαι</span> <span class='ocrx_word' id='word_1_174' title='bbox 1394 2314 1527 2386; x_wconf 76' lang='grc'>(17)·</span> <span class='ocrx_word' id='word_1_175' title='bbox 1578 2313 1668 2368; x_wconf 85' lang='grc' dir='ltr'>καὶ</span> <span class='ocrx_word' id='word_1_176' title='bbox 1727 2313 1905 2376; x_wconf 80' lang='grc' dir='ltr'>οὕτως</span> 
     </span>
    </p>
   </div>
   <div class='ocr_carea' id='block_1_22' title="bbox 248 2396 1907 2476">
    <p class='ocr_par' dir='ltr' id='par_1_22' title="bbox 248 2396 1907 2476">
     <span class='ocr_line' id='line_1_22' title="bbox 248 2396 1907 2476; baseline 0 -19"><span class='ocrx_word' id='word_1_177' title='bbox 248 2402 395 2457; x_wconf 75' lang='grc' dir='ltr'>ἐστὶν</span> <span class='ocrx_word' id='word_1_178' title='bbox 430 2403 461 2456; x_wconf 97' lang='lat'><strong>6</strong></span> <span class='ocrx_word' id='word_1_179' title='bbox 490 2401 620 2464; x_wconf 84' lang='grc' dir='ltr'>Θεὸς</span> <span class='ocrx_word' id='word_1_180' title='bbox 665 2400 716 2457; x_wconf 76' lang='grc' dir='ltr'>ἐν</span> <span class='ocrx_word' id='word_1_181' title='bbox 767 2403 926 2474; x_wconf 85' lang='grc' dir='ltr'>ἡμῖν.</span> <span class='ocrx_word' id='word_1_182' title='bbox 961 2402 1071 2458; x_wconf 81' lang='grc' dir='ltr'><strong>Οὐκ</strong></span> <span class='ocrx_word' id='word_1_183' title='bbox 1098 2399 1200 2476; x_wconf 73' lang='grc' dir='ltr'>ἄρα</span> <span class='ocrx_word' id='word_1_184' title='bbox 1246 2403 1320 2465; x_wconf 87' lang='grc' dir='ltr'><strong>ὡς</strong></span> <span class='ocrx_word' id='word_1_185' title='bbox 1361 2396 1500 2457; x_wconf 75' lang='grc' dir='ltr'>ἔστιν</span> <span class='ocrx_word' id='word_1_186' title='bbox 1535 2403 1563 2458; x_wconf 91' lang='lat'><strong>6</strong></span> <span class='ocrx_word' id='word_1_187' title='bbox 1594 2403 1716 2464; x_wconf 76' lang='grc' dir='ltr'>Υἱὸς</span> <span class='ocrx_word' id='word_1_188' title='bbox 1745 2402 1796 2456; x_wconf 79' lang='grc' dir='ltr'>ἐν</span> <span class='ocrx_word' id='word_1_189' title='bbox 1827 2408 1907 2474; x_wconf 83' lang='grc' dir='ltr'>τῷ</span> 
     </span>
    </p>
   </div>
   <div class='ocr_carea' id='block_1_23' title="bbox 250 2490 1903 2567">
    <p class='ocr_par' dir='ltr' id='par_1_23' title="bbox 250 2490 1903 2567">
     <span class='ocr_line' id='line_1_23' title="bbox 250 2490 1903 2567; baseline 0 -21"><span class='ocrx_word' id='word_1_190' title='bbox 250 2492 447 2564; x_wconf 82' lang='grc' dir='ltr'>Πατρὶ,</span> <span class='ocrx_word' id='word_1_191' title='bbox 480 2490 625 2546; x_wconf 78' lang='grc' dir='ltr'>οὕτω</span> <span class='ocrx_word' id='word_1_192' title='bbox 681 2492 771 2546; x_wconf 82' lang='grc' dir='ltr'>καὶ</span> <span class='ocrx_word' id='word_1_193' title='bbox 820 2492 984 2563; x_wconf 77' lang='grc' dir='ltr'>ἡμεῖς</span> <span class='ocrx_word' id='word_1_194' title='bbox 1033 2490 1294 2565; x_wconf 81' lang='grc' dir='ltr'>γινόμεθα</span> <span class='ocrx_word' id='word_1_195' title='bbox 1344 2490 1396 2546; x_wconf 82' lang='grc' dir='ltr'>ὲν</span> <span class='ocrx_word' id='word_1_196' title='bbox 1440 2496 1523 2563; x_wconf 76' lang='grc' dir='ltr'>τῷ</span> <span class='ocrx_word' id='word_1_197' title='bbox 1568 2491 1737 2567; x_wconf 79' lang='grc' dir='ltr'>Πατρί</span> <span class='ocrx_word' id='word_1_198' title='bbox 1769 2494 1903 2566; x_wconf 86' lang='grc'>(18)·</span> 
     </span>
    </p>
   </div>
   <div class='ocr_carea' id='block_1_24' title="bbox 255 2578 1906 2656">
    <p class='ocr_par' dir='ltr' id='par_1_24' title="bbox 255 2578 1906 2656">
     <span class='ocr_line' id='line_1_24' title="bbox 255 2578 1906 2656; baseline 0 -22"><span class='ocrx_word' id='word_1_199' title='bbox 255 2579 319 2634; x_wconf 83' lang='grc' dir='ltr'>οὐ</span> <span class='ocrx_word' id='word_1_200' title='bbox 352 2581 459 2655; x_wconf 71' lang='grc' dir='ltr'><strong>γὰρ</strong></span> <span class='ocrx_word' id='word_1_201' title='bbox 484 2578 572 2635; x_wconf 81' lang='grc' dir='ltr'>καί</span> <span class='ocrx_word' id='word_1_202' title='bbox 608 2580 636 2634; x_wconf 92' lang='lat'><strong>6</strong></span> <span class='ocrx_word' id='word_1_203' title='bbox 666 2580 791 2643; x_wconf 71' lang='grc' dir='ltr'>Υἱὸς</span> <span class='ocrx_word' id='word_1_204' title='bbox 841 2580 1086 2656; x_wconf 80' lang='grc' dir='ltr'>μετέχων</span> <span class='ocrx_word' id='word_1_205' title='bbox 1134 2579 1246 2635; x_wconf 81' lang='grc' dir='ltr'>ἐστὶ</span> <span class='ocrx_word' id='word_1_206' title='bbox 1292 2585 1389 2635; x_wconf 89' lang='grc' dir='ltr'><strong>τοῦ</strong></span> <span class='ocrx_word' id='word_1_207' title='bbox 1438 2580 1771 2654; x_wconf 83' lang='grc' dir='ltr'>Πνεόματος,</span> <span class='ocrx_word' id='word_1_208' title='bbox 1815 2579 1906 2635; x_wconf 75' lang='grc' dir='ltr'>’ἱνα</span> 
     </span>
    </p>
   </div>
   <div class='ocr_carea' id='block_1_25' title="bbox 255 2664 1907 2745">
    <p class='ocr_par' dir='ltr' id='par_1_25' title="bbox 255 2664 1907 2745">
     <span class='ocr_line' id='line_1_25' title="bbox 255 2664 1907 2745; baseline -0.001 -22"><span class='ocrx_word' id='word_1_209' title='bbox 255 2666 346 2723; x_wconf 76' lang='grc' dir='ltr'><strong>διά</strong></span> <span class='ocrx_word' id='word_1_210' title='bbox 374 2672 538 2724; x_wconf 88' lang='grc' dir='ltr'>τοῦτο</span> <span class='ocrx_word' id='word_1_211' title='bbox 572 2667 661 2724; x_wconf 78' lang='grc' dir='ltr'><strong>καὶ</strong></span> <span class='ocrx_word' id='word_1_212' title='bbox 709 2667 761 2722; x_wconf 84' lang='grc' dir='ltr'>ἐν</span> <span class='ocrx_word' id='word_1_213' title='bbox 811 2674 892 2741; x_wconf 80' lang='grc' dir='ltr'>τῷ</span> <span class='ocrx_word' id='word_1_214' title='bbox 941 2668 1111 2744; x_wconf 85' lang='grc' dir='ltr'>Πατρὶ</span> <span class='ocrx_word' id='word_1_215' title='bbox 1156 2668 1396 2745; x_wconf 87' lang='grc' dir='ltr'>γένηται·</span> <span class='ocrx_word' id='word_1_216' title='bbox 1438 2666 1564 2722; x_wconf 73' lang='grc' dir='ltr'>οὐδὲ</span> <span class='ocrx_word' id='word_1_217' title='bbox 1612 2664 1907 2741; x_wconf 77' lang='grc' dir='ltr'>λαμϐάνων</span> 
     </span>
    </p>
   </div>
   <div class='ocr_carea' id='block_1_26' title="bbox 250 2754 1904 2834">
    <p class='ocr_par' dir='ltr' id='par_1_26' title="bbox 250 2754 1904 2834">
     <span class='ocr_line' id='line_1_26' title="bbox 250 2754 1904 2834; baseline 0 -23"><span class='ocrx_word' id='word_1_218' title='bbox 250 2757 364 2811; x_wconf 74' lang='grc' dir='ltr'><strong>ἰστί</strong></span> <span class='ocrx_word' id='word_1_219' title='bbox 392 2758 459 2812; x_wconf 88' lang='grc' dir='ltr'>τὸ</span> <span class='ocrx_word' id='word_1_220' title='bbox 507 2759 620 2829; x_wconf 87' lang='grc'>(19)</span> <span class='ocrx_word' id='word_1_221' title='bbox 671 2761 909 2829; x_wconf 88' lang='grc' dir='ltr'>Πνεῦμα,</span> <span class='ocrx_word' id='word_1_222' title='bbox 958 2755 1102 2812; x_wconf 81' lang='grc' dir='ltr'>ἀλλὰ</span> <span class='ocrx_word' id='word_1_223' title='bbox 1153 2754 1364 2829; x_wconf 79' lang='grc' dir='ltr'>μᾶλλον</span> <span class='ocrx_word' id='word_1_224' title='bbox 1416 2757 1575 2819; x_wconf 80' lang='grc' dir='ltr'>αὐτὸς</span> <span class='ocrx_word' id='word_1_225' title='bbox 1618 2763 1736 2819; x_wconf 89' lang='grc' dir='ltr'>τοῖς</span> <span class='ocrx_word' id='word_1_226' title='bbox 1776 2764 1904 2834; x_wconf 76' lang='grc' dir='ltr'>πᾷσι</span> 
     </span>
    </p>
   </div>
   <div class='ocr_carea' id='block_1_27' title="bbox 194 2845 1906 2921">
    <p class='ocr_par' dir='ltr' id='par_1_27' title="bbox 194 2845 1906 2921">
     <span class='ocr_line' id='line_1_27' title="bbox 194 2845 1906 2921; baseline 0.001 -20"><span class='ocrx_word' id='word_1_227' title='bbox 194 2904 199 2907; x_wconf 97' lang='lat'><em>_</em></span> <span class='ocrx_word' id='word_1_228' title='bbox 247 2846 415 2902; x_wconf 85' lang='grc' dir='ltr'>τοῦτο</span> <span class='ocrx_word' id='word_1_229' title='bbox 449 2851 708 2921; x_wconf 83' lang='grc' dir='ltr'>χορηγεῖ·</span> <span class='ocrx_word' id='word_1_230' title='bbox 740 2845 830 2901; x_wconf 75' lang='grc' dir='ltr'>καὶ</span> <span class='ocrx_word' id='word_1_231' title='bbox 862 2846 924 2900; x_wconf 80' lang='grc' dir='ltr'>οὐ</span> <span class='ocrx_word' id='word_1_232' title='bbox 953 2847 1016 2900; x_wconf 97' lang='lat'><strong>16</strong></span> <span class='ocrx_word' id='word_1_233' title='bbox 1050 2850 1268 2918; x_wconf 88' lang='grc' dir='ltr'>Πνεῦμα</span> <span class='ocrx_word' id='word_1_234' title='bbox 1295 2846 1386 2900; x_wconf 87' lang='grc' dir='ltr'><strong>τὸν</strong></span> <span class='ocrx_word' id='word_1_235' title='bbox 1444 2845 1621 2919; x_wconf 87' lang='grc' dir='ltr'>Λόγον</span> <span class='ocrx_word' id='word_1_236' title='bbox 1652 2852 1906 2902; x_wconf 82' lang='grc' dir='ltr'>συνάπτει</span> 
     </span>
    </p>
   </div>
   <div class='ocr_carea' id='block_1_28' title="bbox 244 2933 1904 3010">
    <p class='ocr_par' dir='ltr' id='par_1_28' title="bbox 244 2933 1904 3010">
     <span class='ocr_line' id='line_1_28' title="bbox 244 2933 1904 3010; baseline 0.001 -21"><span class='ocrx_word' id='word_1_237' title='bbox 244 2940 326 3006; x_wconf 83' lang='grc' dir='ltr'><strong>τῷ</strong></span> <span class='ocrx_word' id='word_1_238' title='bbox 359 2935 554 3010; x_wconf 82' lang='grc' dir='ltr'>Πατρὶ,</span> <span class='ocrx_word' id='word_1_239' title='bbox 589 2933 735 2990; x_wconf 76' lang='grc' dir='ltr'>ἄλλά</span> <span class='ocrx_word' id='word_1_240' title='bbox 765 2933 978 3007; x_wconf 80' lang='grc' dir='ltr'>μᾶλλον</span> <span class='ocrx_word' id='word_1_241' title='bbox 1009 2935 1074 2989; x_wconf 83' lang='grc' dir='ltr'>τὸ</span> <span class='ocrx_word' id='word_1_242' title='bbox 1120 2939 1342 3007; x_wconf 85' lang='grc' dir='ltr'>Πνεῦμα</span> <span class='ocrx_word' id='word_1_243' title='bbox 1386 2935 1532 3010; x_wconf 80' lang='grc' dir='ltr'>παρὰ</span> <span class='ocrx_word' id='word_1_244' title='bbox 1576 2940 1674 2990; x_wconf 87' lang='grc' dir='ltr'><strong>τοῦ</strong></span> <span class='ocrx_word' id='word_1_245' title='bbox 1725 2935 1904 3010; x_wconf 74' lang='grc' dir='ltr'>Λόγιου</span> 
     </span>
    </p>
   </div>
   <div class='ocr_carea' id='block_1_29' title="bbox 251 3018 1903 3100">
    <p class='ocr_par' dir='ltr' id='par_1_29' title="bbox 251 3018 1903 3100">
     <span class='ocr_line' id='line_1_29' title="bbox 251 3018 1903 3100; baseline 0.001 -23"><span class='ocrx_word' id='word_1_246' title='bbox 251 3018 546 3097; x_wconf 79' lang='grc' dir='ltr'>λαμϐάνει.</span> <span class='ocrx_word' id='word_1_247' title='bbox 610 3022 706 3078; x_wconf 86' lang='grc' dir='ltr'>Καὶ</span> <span class='ocrx_word' id='word_1_248' title='bbox 739 3025 767 3078; x_wconf 91' lang='lat'><strong>6</strong></span> <span class='ocrx_word' id='word_1_249' title='bbox 804 3024 899 3095; x_wconf 76' lang='grc' dir='ltr'>μὲν</span> <span class='ocrx_word' id='word_1_250' title='bbox 960 3024 1082 3085; x_wconf 71' lang='grc' dir='ltr'><strong>Υἱὸς</strong></span> <span class='ocrx_word' id='word_1_251' title='bbox 1140 3022 1195 3077; x_wconf 81' lang='grc' dir='ltr'>ἐν</span> <span class='ocrx_word' id='word_1_252' title='bbox 1250 3027 1330 3095; x_wconf 81' lang='grc' dir='ltr'>τῷ</span> <span class='ocrx_word' id='word_1_253' title='bbox 1386 3024 1555 3100; x_wconf 78' lang='grc' dir='ltr'>Πατρί</span> <span class='ocrx_word' id='word_1_254' title='bbox 1604 3023 1769 3090; x_wconf 84' lang='grc' dir='ltr'>ἐστιν,</span> <span class='ocrx_word' id='word_1_255' title='bbox 1828 3025 1903 3087; x_wconf 85' lang='grc' dir='ltr'>ὡς</span> 
     </span>
    </p>
   </div>
   <div class='ocr_carea' id='block_1_30' title="bbox 252 3108 1903 3188">
    <p class='ocr_par' dir='ltr' id='par_1_30' title="bbox 252 3108 1903 3188">
     <span class='ocr_line' id='line_1_30' title="bbox 252 3108 1903 3188; baseline 0.001 -22"><span class='ocrx_word' id='word_1_256' title='bbox 252 3111 432 3188; x_wconf 84' lang='grc' dir='ltr'>Λόγος</span> <span class='ocrx_word' id='word_1_257' title='bbox 479 3108 620 3174; x_wconf 69' lang='grc' dir='ltr'>ἴδιος</span> <span class='ocrx_word' id='word_1_258' title='bbox 667 3112 757 3166; x_wconf 81' lang='grc' dir='ltr'>καὶ</span> <span class='ocrx_word' id='word_1_259' title='bbox 806 3111 1136 3187; x_wconf 77' lang='grc' dir='ltr'>ἀπαύγασμα</span> <span class='ocrx_word' id='word_1_260' title='bbox 1187 3111 1368 3167; x_wconf 83' lang='grc' dir='ltr'>αὐτοῦ·</span> <span class='ocrx_word' id='word_1_261' title='bbox 1415 3114 1579 3185; x_wconf 88' lang='grc' dir='ltr'>ἡμεῖς</span> <span class='ocrx_word' id='word_1_262' title='bbox 1627 3110 1684 3167; x_wconf 76' lang='grc' dir='ltr'>δὲ</span> <span class='ocrx_word' id='word_1_263' title='bbox 1726 3113 1903 3188; x_wconf 73' lang='grc' dir='ltr'>’χωρὶς</span> 
     </span>
    </p>
   </div>
   <div class='ocr_carea' id='block_1_31' title="bbox 252 3198 1898 3277">
    <p class='ocr_par' dir='ltr' id='par_1_31' title="bbox 252 3198 1898 3277">
     <span class='ocr_line' id='line_1_31' title="bbox 252 3198 1898 3277; baseline 0.002 -23"><span class='ocrx_word' id='word_1_264' title='bbox 252 3200 348 3273; x_wconf 72' lang='grc' dir='ltr'>μὲν</span> <span class='ocrx_word' id='word_1_265' title='bbox 380 3204 479 3255; x_wconf 84' lang='grc' dir='ltr'><strong>τοῦ</strong></span> <span class='ocrx_word' id='word_1_266' title='bbox 508 3198 823 3273; x_wconf 82' lang='grc' dir='ltr'>Πνεύματος</span> <span class='ocrx_word' id='word_1_267' title='bbox 852 3201 990 3270; x_wconf 81' lang='grc' dir='ltr'>ξένοι</span> <span class='ocrx_word' id='word_1_268' title='bbox 1021 3201 1111 3255; x_wconf 84' lang='grc' dir='ltr'>καὶ</span> <span class='ocrx_word' id='word_1_269' title='bbox 1148 3202 1354 3277; x_wconf 81' lang='grc' dir='ltr'>μακράν</span> <span class='ocrx_word' id='word_1_270' title='bbox 1402 3200 1561 3275; x_wconf 81' lang='grc' dir='ltr'>ἐσμεν</span> <span class='ocrx_word' id='word_1_271' title='bbox 1607 3206 1705 3255; x_wconf 86' lang='grc' dir='ltr'><strong>τοῦ</strong></span> <span class='ocrx_word' id='word_1_272' title='bbox 1743 3207 1898 3257; x_wconf 84' lang='grc' dir='ltr'>Θεοῦ’</span> 
     </span>
    </p>
   </div>
   <div class='ocr_carea' id='block_1_32' title="bbox 1370 410 2555 474">
    <p class='ocr_par' dir='ltr' id='par_1_32' title="bbox 1370 410 2555 474">
     <span class='ocr_line' id='line_1_32' title="bbox 1370 410 2555 474; baseline 0.001 -3"><span class='ocrx_word' id='word_1_273' title='bbox 1370 410 1660 473; x_wconf 79' lang='lat' dir='ltr'><strong>ORATIO</strong></span> <span class='ocrx_word' id='word_1_274' title='bbox 1706 411 1786 472; x_wconf 88' lang='lat' dir='ltr'><strong>Ill</strong></span> <span class='ocrx_word' id='word_1_275' title='bbox 1832 411 2149 473; x_wconf 71' lang='lat' dir='ltr'><strong>CONTRA</strong></span> <span class='ocrx_word' id='word_1_276' title='bbox 2194 411 2555 474; x_wconf 80' lang='lat' dir='ltr'><strong>ARIANUS.</strong></span> 
     </span>
    </p>
   </div>
   <div class='ocr_carea' id='block_1_33' title="bbox 323 536 1991 616">
    <p class='ocr_par' dir='ltr' id='par_1_33' title="bbox 323 536 1991 616">
     <span class='ocr_line' id='line_1_33' title="bbox 323 536 1991 616; baseline 0.001 -23"><span class='ocrx_word' id='word_1_277' title='bbox 323 539 416 593; x_wconf 76' lang='grc'><strong>24.</strong></span> <span class='ocrx_word' id='word_1_278' title='bbox 450 538 641 610; x_wconf 87' lang='grc' dir='ltr'>Ἡμεῖς</span> <span class='ocrx_word' id='word_1_279' title='bbox 677 539 773 611; x_wconf 77' lang='grc' dir='ltr'>μὲν</span> <span class='ocrx_word' id='word_1_280' title='bbox 828 536 944 609; x_wconf 79' lang='grc' dir='ltr'>οὖν,</span> <span class='ocrx_word' id='word_1_281' title='bbox 977 540 1101 594; x_wconf 79' lang='grc' dir='ltr'>ὅσον</span> <span class='ocrx_word' id='word_1_282' title='bbox 1144 538 1307 603; x_wconf 78' lang='grc' dir='ltr'>αὐτὰς</span> <span class='ocrx_word' id='word_1_283' title='bbox 1356 541 1451 603; x_wconf 80' lang='grc' dir='ltr'><strong>τὰς</strong></span> <span class='ocrx_word' id='word_1_284' title='bbox 1481 540 1652 613; x_wconf 82' lang='grc' dir='ltr'>λέξεις</span> <span class='ocrx_word' id='word_1_285' title='bbox 1681 546 1778 595; x_wconf 84' lang='grc' dir='ltr'><strong>τοῦ</strong></span> <span class='ocrx_word' id='word_1_286' title='bbox 1811 540 1905 616; x_wconf 82' lang='grc' dir='ltr'><strong>ῥη-</strong></span> <span class='ocrx_word' id='word_1_287' title='bbox 1934 543 1991 610; x_wconf 75' lang='grc' dir='ltr'><strong>Α</strong></span> 
     </span>
    </p>
   </div>
   <div class='ocr_carea' id='block_1_34' title="bbox 3547 414 3670 476">
    <p class='ocr_par' dir='ltr' id='par_1_34' title="bbox 3547 414 3670 476">
     <span class='ocr_line' id='line_1_34' title="bbox 3547 414 3670 476; baseline -0.008 -1"><span class='ocrx_word' id='word_1_288' title='bbox 3547 414 3670 476; x_wconf 74' lang='grc'><strong>374</strong></span> 
     </span>
    </p>
   </div>
   <div class='ocr_carea' id='block_1_35' title="bbox 2088 543 3663 617">
    <p class='ocr_par' dir='ltr' id='par_1_35' title="bbox 2088 543 3663 617">
     <span class='ocr_line' id='line_1_35' title="bbox 2088 543 3663 617; baseline 0.003 -19"><span class='ocrx_word' id='word_1_289' title='bbox 2088 544 2179 599; x_wconf 79' lang='grc'><strong>24.</strong></span> <span class='ocrx_word' id='word_1_290' title='bbox 2204 543 2319 601; x_wconf 86' lang='lat' dir='ltr'><strong>Nos</strong></span> <span class='ocrx_word' id='word_1_291' title='bbox 2350 544 2567 613; x_wconf 86' lang='lat' dir='ltr'><strong>itaque,</strong></span> <span class='ocrx_word' id='word_1_292' title='bbox 2601 546 2893 616; x_wconf 72' lang='lat' dir='ltr'><strong>quatenus</strong></span> <span class='ocrx_word' id='word_1_293' title='bbox 2923 543 3101 601; x_wconf 87' lang='lat' dir='ltr'><strong>allata</strong></span> <span class='ocrx_word' id='word_1_294' title='bbox 3125 544 3435 617; x_wconf 64' lang='lat' dir='ltr'><strong>Scriptura</strong></span> <span class='ocrx_word' id='word_1_295' title='bbox 3464 546 3663 613; x_wconf 88' lang='lat' dir='ltr'><strong>verba,</strong></span> 
     </span>
    </p>
   </div>
   <div class='ocr_carea' id='block_1_36' title="bbox 2019 630 3671 705">
    <p class='ocr_par' dir='ltr' id='par_1_36' title="bbox 2019 630 3671 705">
     <span class='ocr_line' id='line_1_36' title="bbox 2019 630 3671 705; baseline 0.003 -18"><span class='ocrx_word' id='word_1_296' title='bbox 2019 630 2186 688; x_wconf 86' lang='lat' dir='ltr'><strong>licuit</strong></span> <span class='ocrx_word' id='word_1_297' title='bbox 2219 632 2553 705; x_wconf 80' lang='lat' dir='ltr'><strong>simplicius</strong></span> <span class='ocrx_word' id='word_1_298' title='bbox 2584 632 3094 704; x_wconf 65' lang='lat' dir='ltr'><strong>perpendereJuec</strong></span> <span class='ocrx_word' id='word_1_299' title='bbox 3112 634 3239 690; x_wconf 86' lang='lat' dir='ltr'><strong>fuse</strong></span> <span class='ocrx_word' id='word_1_300' title='bbox 3257 633 3671 692; x_wconf 80' lang='lat' dir='ltr'><strong>disseruimus.</strong></span> 
     </span>
    </p>
   </div>
   <div class='ocr_carea' id='block_1_37' title="bbox 2017 720 3663 794">
    <p class='ocr_par' dir='ltr' id='par_1_37' title="bbox 2017 720 3663 794">
     <span class='ocr_line' id='line_1_37' title="bbox 2017 720 3663 794; baseline 0.001 -17"><span class='ocrx_word' id='word_1_301' title='bbox 2017 722 2232 777; x_wconf 83' lang='lat' dir='ltr'><strong>Beatus</strong></span> <span class='ocrx_word' id='word_1_302' title='bbox 2264 726 2461 777; x_wconf 77' lang='lat' dir='ltr'><strong>autem</strong></span> <span class='ocrx_word' id='word_1_303' title='bbox 2484 721 2743 789; x_wconf 85' lang='lat' dir='ltr'><strong>Joannes</strong></span> <span class='ocrx_word' id='word_1_304' title='bbox 2773 721 3025 777; x_wconf 80' lang='lat' dir='ltr'><strong>breviter</strong></span> <span class='ocrx_word' id='word_1_305' title='bbox 3044 726 3102 777; x_wconf 87' lang='lat' dir='ltr'><strong>et</strong></span> <span class='ocrx_word' id='word_1_306' title='bbox 3114 720 3285 794; x_wconf 84' lang='lat' dir='ltr'><strong>longe</strong></span> <span class='ocrx_word' id='word_1_307' title='bbox 3306 721 3476 778; x_wconf 83' lang='lat' dir='ltr'><strong>nobis</strong></span> <span class='ocrx_word' id='word_1_308' title='bbox 3496 738 3663 778; x_wconf 88' lang='lat' dir='ltr'><strong>accu-</strong></span> 
     </span>
    </p>
   </div>
   <div class='ocr_carea' id='block_1_38' title="bbox 2016 808 3669 882">
    <p class='ocr_par' dir='ltr' id='par_1_38' title="bbox 2016 808 3669 882">
     <span class='ocr_line' id='line_1_38' title="bbox 2016 808 3669 882; baseline 0.001 -18"><span class='ocrx_word' id='word_1_309' title='bbox 2016 809 2200 864; x_wconf 82' lang='lat' dir='ltr'><strong>ratius</strong></span> <span class='ocrx_word' id='word_1_310' title='bbox 2234 826 2362 880; x_wconf 69' lang='lat' dir='ltr'><strong>qua:</strong></span> <span class='ocrx_word' id='word_1_311' title='bbox 2393 809 2471 864; x_wconf 89' lang='lat' dir='ltr'><strong>sit</strong></span> <span class='ocrx_word' id='word_1_312' title='bbox 2498 809 2658 864; x_wconf 90' lang='lat' dir='ltr'><strong>illius</strong></span> <span class='ocrx_word' id='word_1_313' title='bbox 2690 808 2800 865; x_wconf 92' lang='lat' dir='ltr'><strong>loci</strong></span> <span class='ocrx_word' id='word_1_314' title='bbox 2830 810 3142 876; x_wconf 87' lang='lat' dir='ltr'><strong>sententia,</strong></span> <span class='ocrx_word' id='word_1_315' title='bbox 3175 826 3245 866; x_wconf 77' lang='lat' dir='ltr'><strong>ex</strong></span> <span class='ocrx_word' id='word_1_316' title='bbox 3266 809 3526 882; x_wconf 81' lang='lat' dir='ltr'><strong>Epistula</strong></span> <span class='ocrx_word' id='word_1_317' title='bbox 3557 824 3669 867; x_wconf 86' lang='lat' dir='ltr'><strong>sua</strong></span> 
     </span>
    </p>
   </div>
   <div class='ocr_carea' id='block_1_39' title="bbox 2016 897 3667 971">
    <p class='ocr_par' dir='ltr' id='par_1_39' title="bbox 2016 897 3667 971">
     <span class='ocr_line' id='line_1_39' title="bbox 2016 897 3667 971; baseline 0.001 -18"><span class='ocrx_word' id='word_1_318' title='bbox 2016 897 2416 953; x_wconf 81' lang='lat' dir='ltr'><strong>declaraturus</strong></span> <span class='ocrx_word' id='word_1_319' title='bbox 2437 903 2668 970; x_wconf 89' lang='lat' dir='ltr'><strong>est,qna</strong></span> <span class='ocrx_word' id='word_1_320' title='bbox 2688 908 2746 953; x_wconf 84' lang='lat' dir='ltr'><strong>et</strong></span> <span class='ocrx_word' id='word_1_321' title='bbox 2765 915 3002 969; x_wconf 87' lang='lat' dir='ltr'><strong>pravam</strong></span> <span class='ocrx_word' id='word_1_322' title='bbox 3034 898 3351 969; x_wconf 90' lang='lat' dir='ltr'><strong>impiorum</strong></span> <span class='ocrx_word' id='word_1_323' title='bbox 3384 899 3667 971; x_wconf 86' lang='lat' dir='ltr'><strong>interpre-</strong></span> 
     </span>
    </p>
   </div>
   <div class='ocr_carea' id='block_1_40' title="bbox 2017 986 3663 1059">
    <p class='ocr_par' dir='ltr' id='par_1_40' title="bbox 2017 986 3663 1059">
     <span class='ocr_line' id='line_1_40' title="bbox 2017 986 3663 1059; baseline 0.002 -19"><span class='ocrx_word' id='word_1_324' title='bbox 2017 988 2295 1042; x_wconf 81' lang='lat' dir='ltr'><strong>tationem</strong></span> <span class='ocrx_word' id='word_1_325' title='bbox 2328 986 2623 1049; x_wconf 84' lang='lat' dir='ltr'><strong>refutabit,</strong></span> <span class='ocrx_word' id='word_1_326' title='bbox 2649 992 2707 1040; x_wconf 93' lang='lat' dir='ltr'><strong>et</strong></span> <span class='ocrx_word' id='word_1_327' title='bbox 2737 986 2916 1042; x_wconf 89' lang='lat' dir='ltr'><strong>simul</strong></span> <span class='ocrx_word' id='word_1_328' title='bbox 2939 987 3193 1056; x_wconf 90' lang='lat' dir='ltr'><strong>docebit,</strong></span> <span class='ocrx_word' id='word_1_329' title='bbox 3226 988 3522 1059; x_wconf 90' lang='lat' dir='ltr'><strong>quomodo</strong></span> <span class='ocrx_word' id='word_1_330' title='bbox 3553 1004 3663 1045; x_wconf 85' lang='lat' dir='ltr'><strong>nos</strong></span> 
     </span>
    </p>
   </div>
   <div class='ocr_carea' id='block_1_41' title="bbox 2015 1064 3660 1148">
    <p class='ocr_par' dir='ltr' id='par_1_41' title="bbox 2015 1064 3660 1148">
     <span class='ocr_line' id='line_1_41' title="bbox 2015 1064 3660 1148; baseline 0.001 -18"><span class='ocrx_word' id='word_1_331' title='bbox 2015 1076 2071 1130; x_wconf 91' lang='lat' dir='ltr'><strong>in</strong></span> <span class='ocrx_word' id='word_1_332' title='bbox 2108 1074 2221 1130; x_wconf 92' lang='lat' dir='ltr'><strong>Deo</strong></span> <span class='ocrx_word' id='word_1_333' title='bbox 2250 1091 2378 1130; x_wconf 89' lang='lat' dir='ltr'><strong>esse</strong></span> <span class='ocrx_word' id='word_1_334' title='bbox 2412 1090 2742 1146; x_wconf 88' lang='lat' dir='ltr'><strong>possumus,</strong></span> <span class='ocrx_word' id='word_1_335' title='bbox 2775 1080 2832 1131; x_wconf 91' lang='lat' dir='ltr'><strong>et</strong></span> <span class='ocrx_word' id='word_1_336' title='bbox 2860 1076 3015 1131; x_wconf 89' lang='lat' dir='ltr'><strong>Deus</strong></span> <span class='ocrx_word' id='word_1_337' title='bbox 3044 1076 3104 1131; x_wconf 92' lang='lat' dir='ltr'><strong>in</strong></span> <span class='ocrx_word' id='word_1_338' title='bbox 3137 1064 3346 1132; x_wconf 37' lang='lat' dir='ltr'><strong>niobis:</strong></span> <span class='ocrx_word' id='word_1_339' title='bbox 3381 1092 3498 1148; x_wconf 91' lang='lat' dir='ltr'><strong>quo</strong></span> <span class='ocrx_word' id='word_1_340' title='bbox 3518 1076 3660 1132; x_wconf 85' lang='lat' dir='ltr'><strong>item</strong></span> 
     </span>
    </p>
   </div>
   <div class='ocr_carea' id='block_1_42' title="bbox 2014 1164 3658 1236">
    <p class='ocr_par' dir='ltr' id='par_1_42' title="bbox 2014 1164 3658 1236">
     <span class='ocr_line' id='line_1_42' title="bbox 2014 1164 3658 1236; baseline 0.002 -18"><span class='ocrx_word' id='word_1_341' title='bbox 2014 1169 2180 1235; x_wconf 88' lang='lat' dir='ltr'><strong>pacto</strong></span> <span class='ocrx_word' id='word_1_342' title='bbox 2203 1180 2308 1218; x_wconf 90' lang='lat' dir='ltr'><strong>nos</strong></span> <span class='ocrx_word' id='word_1_343' title='bbox 2344 1179 2526 1218; x_wconf 91' lang='lat' dir='ltr'><strong>unum</strong></span> <span class='ocrx_word' id='word_1_344' title='bbox 2551 1164 2609 1217; x_wconf 92' lang='lat' dir='ltr'><strong>in</strong></span> <span class='ocrx_word' id='word_1_345' title='bbox 2644 1164 2770 1235; x_wconf 88' lang='lat' dir='ltr'><strong>ipso</strong></span> <span class='ocrx_word' id='word_1_346' title='bbox 2807 1164 3118 1229; x_wconf 81' lang='lat' dir='ltr'><strong>efficimur,</strong></span> <span class='ocrx_word' id='word_1_347' title='bbox 3150 1170 3208 1219; x_wconf 91' lang='lat' dir='ltr'><strong>et</strong></span> <span class='ocrx_word' id='word_1_348' title='bbox 3236 1172 3530 1236; x_wconf 83' lang='lat' dir='ltr'><strong>quantum</strong></span> <span class='ocrx_word' id='word_1_349' title='bbox 3564 1166 3658 1221; x_wconf 85' lang='lat' dir='ltr'><strong>Fi-</strong></span> 
     </span>
    </p>
   </div>
   <div class='ocr_carea' id='block_1_43' title="bbox 2014 1250 3664 1325">
    <p class='ocr_par' dir='ltr' id='par_1_43' title="bbox 2014 1250 3664 1325">
     <span class='ocr_line' id='line_1_43' title="bbox 2014 1250 3664 1325; baseline 0.003 -21"><span class='ocrx_word' id='word_1_350' title='bbox 2014 1250 2131 1306; x_wconf 81' lang='lat' dir='ltr'><strong>lius</strong></span> <span class='ocrx_word' id='word_1_351' title='bbox 2158 1257 2426 1306; x_wconf 89' lang='lat' dir='ltr'><strong>naturaa</strong></span> <span class='ocrx_word' id='word_1_352' title='bbox 2475 1252 2646 1307; x_wconf 82' lang='lat' dir='ltr'><strong>nobis</strong></span> <span class='ocrx_word' id='word_1_353' title='bbox 2701 1252 2966 1307; x_wconf 72' lang='lat' dir='ltr'><strong>differat:</strong></span> <span class='ocrx_word' id='word_1_354' title='bbox 3009 1253 3365 1325; x_wconf 86' lang='lat' dir='ltr'><strong>tandemque</strong></span> <span class='ocrx_word' id='word_1_355' title='bbox 3413 1253 3664 1311; x_wconf 80' lang='lat' dir='ltr'><strong>Arianos</strong></span> 
     </span>
    </p>
   </div>
   <div class='ocr_carea' id='block_1_44' title="bbox 2016 1340 3661 1412">
    <p class='ocr_par' dir='ltr' id='par_1_44' title="bbox 2016 1340 3661 1412">
     <span class='ocr_line' id='line_1_44' title="bbox 2016 1340 3661 1412; baseline 0.002 -18"><span class='ocrx_word' id='word_1_356' title='bbox 2016 1340 2323 1409; x_wconf 83' lang='lat' dir='ltr'><strong>coercebit,</strong></span> <span class='ocrx_word' id='word_1_357' title='bbox 2346 1340 2665 1410; x_wconf 85' lang='lat' dir='ltr'><strong>quominus</strong></span> <span class='ocrx_word' id='word_1_358' title='bbox 2696 1340 2952 1412; x_wconf 90' lang='lat' dir='ltr'><strong>amplius</strong></span> <span class='ocrx_word' id='word_1_359' title='bbox 2982 1346 3219 1412; x_wconf 87' lang='lat' dir='ltr'><strong>sperent</strong></span> <span class='ocrx_word' id='word_1_360' title='bbox 3239 1357 3301 1398; x_wconf 90' lang='lat' dir='ltr'><strong>se</strong></span> <span class='ocrx_word' id='word_1_361' title='bbox 3330 1346 3397 1398; x_wconf 90' lang='lat' dir='ltr'><strong>ut</strong></span> <span class='ocrx_word' id='word_1_362' title='bbox 3449 1340 3661 1398; x_wconf 88' lang='lat' dir='ltr'><strong>Filium</strong></span> 
     </span>
    </p>
   </div>
   <div class='ocr_carea' id='block_1_45' title="bbox 2014 1428 3661 1502">
    <p class='ocr_par' dir='ltr' id='par_1_45' title="bbox 2014 1428 3661 1502">
     <span class='ocr_line' id='line_1_45' title="bbox 2014 1428 3661 1502; baseline 0.002 -19"><span class='ocrx_word' id='word_1_363' title='bbox 2014 1428 2244 1484; x_wconf 82' lang='lat' dir='ltr'><strong>futuros</strong></span> <span class='ocrx_word' id='word_1_364' title='bbox 2275 1428 2593 1500; x_wconf 85' lang='lat' dir='ltr'><strong>aliquando</strong></span> <span class='ocrx_word' id='word_1_365' title='bbox 2623 1445 2775 1493; x_wconf 87' lang='lat' dir='ltr'><strong>esse.</strong></span> <span class='ocrx_word' id='word_1_366' title='bbox 2806 1445 2879 1485; x_wconf 89' lang='lat' dir='ltr'><strong>ne</strong></span> <span class='ocrx_word' id='word_1_367' title='bbox 2898 1429 3057 1502; x_wconf 89' lang='lat' dir='ltr'><strong>ipsos</strong></span> <span class='ocrx_word' id='word_1_368' title='bbox 3079 1446 3316 1501; x_wconf 92' lang='lat' dir='ltr'><strong>quoque</strong></span> <span class='ocrx_word' id='word_1_369' title='bbox 3344 1429 3466 1487; x_wconf 70' lang='lat' dir='ltr'><strong>hac</strong></span> <span class='ocrx_word' id='word_1_370' title='bbox 3485 1430 3661 1487; x_wconf 83' lang='lat' dir='ltr'><strong>verba</strong></span> 
     </span>
    </p>
   </div>
   <div class='ocr_carea' id='block_1_46' title="bbox 2014 1516 3664 1589">
    <p class='ocr_par' dir='ltr' id='par_1_46' title="bbox 2014 1516 3664 1589">
     <span class='ocr_line' id='line_1_46' title="bbox 2014 1516 3664 1589; baseline 0.001 -17"><span class='ocrx_word' id='word_1_371' title='bbox 2014 1516 2334 1588; x_wconf 85' lang='lat' dir='ltr'><strong>respiciant</strong></span> <span class='ocrx_word' id='word_1_372' title='bbox 2365 1533 2377 1572; x_wconf 92' lang='lat'><strong>:</strong></span> <span class='ocrx_word' id='word_1_373' title='bbox 2439 1518 2510 1573; x_wconf 85' lang='lat' dir='ltr'><strong>Tu</strong></span> <span class='ocrx_word' id='word_1_374' title='bbox 2539 1522 2720 1573; x_wconf 80' lang='lat' dir='ltr'><strong>autem</strong></span> <span class='ocrx_word' id='word_1_375' title='bbox 2754 1517 2915 1575; x_wconf 86' lang='lat' dir='ltr'><strong>homo</strong></span> <span class='ocrx_word' id='word_1_376' title='bbox 2942 1534 2999 1575; x_wconf 88' lang='lat' dir='ltr'><strong>es</strong></span> <span class='ocrx_word' id='word_1_377' title='bbox 3022 1526 3075 1575; x_wconf 79' lang='lat' dir='ltr'><strong>et</strong></span> <span class='ocrx_word' id='word_1_378' title='bbox 3093 1534 3205 1574; x_wconf 80' lang='lat' dir='ltr'><strong>non</strong></span> <span class='ocrx_word' id='word_1_379' title='bbox 3234 1519 3375 1576; x_wconf 97' lang='lat' dir='ltr'><strong>Deus</strong></span> <span class='ocrx_word' id='word_1_380' title='bbox 3407 1521 3474 1589; x_wconf 62' lang='grc'><strong>³³,</strong></span> <span class='ocrx_word' id='word_1_381' title='bbox 3506 1520 3664 1587; x_wconf 84' lang='lat' dir='ltr'><strong>et,Ne</strong></span> 
     </span>
    </p>
   </div>
   <div class='ocr_carea' id='block_1_47' title="bbox 2012 1606 3663 1678">
    <p class='ocr_par' dir='ltr' id='par_1_47' title="bbox 2012 1606 3663 1678">
     <span class='ocr_line' id='line_1_47' title="bbox 2012 1606 3663 1678; baseline 0.003 -18"><span class='ocrx_word' id='word_1_382' title='bbox 2012 1608 2094 1671; x_wconf 83' lang='lat' dir='ltr'><strong>tu,</strong></span> <span class='ocrx_word' id='word_1_383' title='bbox 2126 1607 2224 1677; x_wconf 83' lang='lat' dir='ltr'><strong>qui</strong></span> <span class='ocrx_word' id='word_1_384' title='bbox 2249 1622 2460 1677; x_wconf 81' lang='lat' dir='ltr'><strong>pauper</strong></span> <span class='ocrx_word' id='word_1_385' title='bbox 2503 1622 2579 1675; x_wconf 84' lang='lat' dir='ltr'><strong>es,</strong></span> <span class='ocrx_word' id='word_1_386' title='bbox 2624 1616 2676 1662; x_wconf 78' lang='lat' dir='ltr'><strong>te</strong></span> <span class='ocrx_word' id='word_1_387' title='bbox 2713 1606 2878 1662; x_wconf 77' lang='lat' dir='ltr'><strong>diviti</strong></span> <span class='ocrx_word' id='word_1_388' title='bbox 2923 1609 3226 1678; x_wconf 73' lang='lat' dir='ltr'><strong>aequaveris</strong></span> <span class='ocrx_word' id='word_1_389' title='bbox 3268 1609 3335 1663; x_wconf 79' lang='grc'><strong>³³.</strong></span> <span class='ocrx_word' id='word_1_390' title='bbox 3364 1608 3494 1665; x_wconf 66' lang='lat' dir='ltr'><strong>Hec</strong></span> <span class='ocrx_word' id='word_1_391' title='bbox 3521 1612 3663 1664; x_wconf 84' lang='lat' dir='ltr'><strong>sunt</strong></span> 
     </span>
    </p>
   </div>
   <div class='ocr_carea' id='block_1_48' title="bbox 2013 1694 3660 1769">
    <p class='ocr_par' dir='ltr' id='par_1_48' title="bbox 2013 1694 3660 1769">
     <span class='ocr_line' id='line_1_48' title="bbox 2013 1694 3660 1769; baseline 0.003 -21"><span class='ocrx_word' id='word_1_392' title='bbox 2013 1710 2151 1766; x_wconf 83' lang='lat' dir='ltr'><strong>ergo</strong></span> <span class='ocrx_word' id='word_1_393' title='bbox 2181 1712 2307 1766; x_wconf 73' lang='lat' dir='ltr'><strong>quae</strong></span> <span class='ocrx_word' id='word_1_394' title='bbox 2339 1694 2823 1752; x_wconf 83' lang='lat' dir='ltr'><strong>scribitloannes</strong></span> <span class='ocrx_word' id='word_1_395' title='bbox 2845 1713 2863 1749; x_wconf 91' lang='lat'><strong>:</strong></span> <span class='ocrx_word' id='word_1_396' title='bbox 2884 1698 2945 1751; x_wconf 87' lang='lat' dir='ltr'><strong>In</strong></span> <span class='ocrx_word' id='word_1_397' title='bbox 2973 1697 3073 1752; x_wconf 80' lang='lat' dir='ltr'><strong>hoc</strong></span> <span class='ocrx_word' id='word_1_398' title='bbox 3108 1699 3482 1768; x_wconf 72' lang='lat' dir='ltr'><strong>cognoscimus</strong></span> <span class='ocrx_word' id='word_1_399' title='bbox 3530 1714 3660 1769; x_wconf 84' lang='lat' dir='ltr'><strong>quo-</strong></span> 
     </span>
    </p>
   </div>
   <div class='ocr_carea' id='block_1_49' title="bbox 2011 1785 3663 1857">
    <p class='ocr_par' dir='ltr' id='par_1_49' title="bbox 2011 1785 3663 1857">
     <span class='ocr_line' id='line_1_49' title="bbox 2011 1785 3663 1857; baseline 0.002 -19"><span class='ocrx_word' id='word_1_400' title='bbox 2011 1787 2165 1838; x_wconf 84' lang='lat' dir='ltr'><strong>niam</strong></span> <span class='ocrx_word' id='word_1_401' title='bbox 2196 1785 2257 1838; x_wconf 86' lang='lat' dir='ltr'><strong>in</strong></span> <span class='ocrx_word' id='word_1_402' title='bbox 2284 1800 2348 1840; x_wconf 82' lang='lat' dir='ltr'><strong>eo</strong></span> <span class='ocrx_word' id='word_1_403' title='bbox 2374 1799 2694 1849; x_wconf 78' lang='lat' dir='ltr'><strong>manemus.</strong></span> <span class='ocrx_word' id='word_1_404' title='bbox 2718 1793 2769 1839; x_wconf 77' lang='lat' dir='ltr'><strong>et</strong></span> <span class='ocrx_word' id='word_1_405' title='bbox 2796 1786 2913 1856; x_wconf 85' lang='lat' dir='ltr'><strong>ipse</strong></span> <span class='ocrx_word' id='word_1_406' title='bbox 2943 1787 3004 1840; x_wconf 81' lang='lat' dir='ltr'><strong>in</strong></span> <span class='ocrx_word' id='word_1_407' title='bbox 3058 1786 3247 1842; x_wconf 80' lang='lat' dir='ltr'><strong>nobis:</strong></span> <span class='ocrx_word' id='word_1_408' title='bbox 3288 1789 3546 1857; x_wconf 78' lang='lat' dir='ltr'><strong>quoniam</strong></span> <span class='ocrx_word' id='word_1_409' title='bbox 3597 1787 3663 1842; x_wconf 79' lang='lat' dir='ltr'><strong>de</strong></span> 
     </span>
    </p>
   </div>
   <div class='ocr_carea' id='block_1_50' title="bbox 2013 1872 3659 1947">
    <p class='ocr_par' dir='ltr' id='par_1_50' title="bbox 2013 1872 3659 1947">
     <span class='ocr_line' id='line_1_50' title="bbox 2013 1872 3659 1947; baseline 0.002 -20"><span class='ocrx_word' id='word_1_410' title='bbox 2013 1872 2226 1943; x_wconf 79' lang='lat' dir='ltr'><strong>Spiritu</strong></span> <span class='ocrx_word' id='word_1_411' title='bbox 2257 1888 2355 1928; x_wconf 88' lang='lat' dir='ltr'><strong>suo</strong></span> <span class='ocrx_word' id='word_1_412' title='bbox 2383 1872 2534 1928; x_wconf 84' lang='lat' dir='ltr'><strong>dedit</strong></span> <span class='ocrx_word' id='word_1_413' title='bbox 2575 1874 2733 1928; x_wconf 79' lang='lat' dir='ltr'><strong>nobis</strong></span> <span class='ocrx_word' id='word_1_414' title='bbox 2762 1874 2830 1929; x_wconf 69' lang='lat'><strong>3‘.</strong></span> <span class='ocrx_word' id='word_1_415' title='bbox 2877 1875 3080 1946; x_wconf 89' lang='lat' dir='ltr'><strong>Itaque</strong></span> <span class='ocrx_word' id='word_1_416' title='bbox 3126 1881 3362 1947; x_wconf 85' lang='lat' dir='ltr'><strong>propter</strong></span> <span class='ocrx_word' id='word_1_417' title='bbox 3403 1875 3659 1945; x_wconf 83' lang='lat' dir='ltr'><strong>Spiritus</strong></span> 
     </span>
    </p>
   </div>
   <div class='ocr_carea' id='block_1_51' title="bbox 2011 1961 3657 2035">
    <p class='ocr_par' dir='ltr' id='par_1_51' title="bbox 2011 1961 3657 2035">
     <span class='ocr_line' id='line_1_51' title="bbox 2011 1961 3657 2035; baseline 0.002 -20"><span class='ocrx_word' id='word_1_418' title='bbox 2011 1961 2286 2035; x_wconf 81' lang='lat' dir='ltr'><strong>gratiam,</strong></span> <span class='ocrx_word' id='word_1_419' title='bbox 2318 1978 2446 2034; x_wconf 68' lang='lat' dir='ltr'><strong>quae</strong></span> <span class='ocrx_word' id='word_1_420' title='bbox 2477 1962 2651 2017; x_wconf 89' lang='lat' dir='ltr'><strong>nobia</strong></span> <span class='ocrx_word' id='word_1_421' title='bbox 2671 1963 2809 2017; x_wconf 87' lang='lat' dir='ltr'><strong>data</strong></span> <span class='ocrx_word' id='word_1_422' title='bbox 2832 1967 2942 2031; x_wconf 85' lang='lat' dir='ltr'><strong>est,</strong></span> <span class='ocrx_word' id='word_1_423' title='bbox 2973 1968 3029 2018; x_wconf 87' lang='lat' dir='ltr'><strong>et</strong></span> <span class='ocrx_word' id='word_1_424' title='bbox 3053 1979 3157 2018; x_wconf 88' lang='lat' dir='ltr'><strong>nos</strong></span> <span class='ocrx_word' id='word_1_425' title='bbox 3188 1964 3247 2017; x_wconf 91' lang='lat' dir='ltr'><strong>in</strong></span> <span class='ocrx_word' id='word_1_426' title='bbox 3271 1963 3372 2019; x_wconf 88' lang='lat' dir='ltr'><strong>illo</strong></span> <span class='ocrx_word' id='word_1_427' title='bbox 3428 1980 3657 2032; x_wconf 85' lang='lat' dir='ltr'><strong>sumus,</strong></span> 
     </span>
    </p>
   </div>
   <div class='ocr_carea' id='block_1_52' title="bbox 2011 2050 3660 2123">
    <p class='ocr_par' dir='ltr' id='par_1_52' title="bbox 2011 2050 3660 2123">
     <span class='ocr_line' id='line_1_52' title="bbox 2011 2050 3660 2123; baseline -0.001 -17"><span class='ocrx_word' id='word_1_428' title='bbox 2011 2054 2069 2106; x_wconf 90' lang='lat' dir='ltr'><strong>et</strong></span> <span class='ocrx_word' id='word_1_429' title='bbox 2098 2050 2194 2105; x_wconf 92' lang='lat' dir='ltr'><strong>ille</strong></span> <span class='ocrx_word' id='word_1_430' title='bbox 2215 2055 2305 2106; x_wconf 85' lang='lat' dir='ltr'><strong>est</strong></span> <span class='ocrx_word' id='word_1_431' title='bbox 2331 2050 2389 2105; x_wconf 89' lang='lat' dir='ltr'><strong>in</strong></span> <span class='ocrx_word' id='word_1_432' title='bbox 2425 2051 2691 2106; x_wconf 78' lang='lat' dir='ltr'><strong>nobiszac</strong></span> <span class='ocrx_word' id='word_1_433' title='bbox 2722 2050 2961 2122; x_wconf 89' lang='lat' dir='ltr'><strong>proinde</strong></span> <span class='ocrx_word' id='word_1_434' title='bbox 2983 2067 3116 2106; x_wconf 90' lang='lat' dir='ltr'><strong>cum</strong></span> <span class='ocrx_word' id='word_1_435' title='bbox 3153 2051 3249 2105; x_wconf 87' lang='lat' dir='ltr'><strong>Dei</strong></span> <span class='ocrx_word' id='word_1_436' title='bbox 3278 2051 3377 2107; x_wconf 93' lang='lat' dir='ltr'><strong>ille</strong></span> <span class='ocrx_word' id='word_1_437' title='bbox 3406 2050 3660 2123; x_wconf 86' lang='lat' dir='ltr'><strong>Spiritus</strong></span> 
     </span>
    </p>
   </div>
   <div class='ocr_carea' id='block_1_53' title="bbox 2012 2139 3657 2211">
    <p class='ocr_par' dir='ltr' id='par_1_53' title="bbox 2012 2139 3657 2211">
     <span class='ocr_line' id='line_1_53' title="bbox 2012 2139 3657 2211; baseline 0 -17"><span class='ocrx_word' id='word_1_438' title='bbox 2012 2139 2333 2206; x_wconf 91' lang='lat' dir='ltr'><strong>sit,idcirco</strong></span> <span class='ocrx_word' id='word_1_439' title='bbox 2365 2140 2600 2211; x_wconf 87' lang='lat' dir='ltr'><strong>quando</strong></span> <span class='ocrx_word' id='word_1_440' title='bbox 2632 2140 2729 2195; x_wconf 91' lang='lat' dir='ltr'><strong>ille</strong></span> <span class='ocrx_word' id='word_1_441' title='bbox 2761 2142 2820 2194; x_wconf 91' lang='lat' dir='ltr'><strong>in</strong></span> <span class='ocrx_word' id='word_1_442' title='bbox 2843 2139 3015 2196; x_wconf 84' lang='lat' dir='ltr'><strong>nobis</strong></span> <span class='ocrx_word' id='word_1_443' title='bbox 3034 2140 3461 2209; x_wconf 86' lang='lat' dir='ltr'><strong>adest,uos,qui</strong></span> <span class='ocrx_word' id='word_1_444' title='bbox 3491 2157 3657 2196; x_wconf 89' lang='lat' dir='ltr'><strong>eum-</strong></span> 
     </span>
    </p>
   </div>
   <div class='ocr_carea' id='block_1_54' title="bbox 2012 2228 3659 2299">
    <p class='ocr_par' dir='ltr' id='par_1_54' title="bbox 2012 2228 3659 2299">
     <span class='ocr_line' id='line_1_54' title="bbox 2012 2228 3659 2299; baseline -0.001 -16"><span class='ocrx_word' id='word_1_445' title='bbox 2012 2229 2145 2284; x_wconf 87' lang='lat' dir='ltr'><strong>dem</strong></span> <span class='ocrx_word' id='word_1_446' title='bbox 2186 2228 2468 2299; x_wconf 85' lang='lat' dir='ltr'><strong>Spiritum</strong></span> <span class='ocrx_word' id='word_1_447' title='bbox 2504 2229 2806 2292; x_wconf 80' lang='lat' dir='ltr'><strong>bnbemus,</strong></span> <span class='ocrx_word' id='word_1_448' title='bbox 2833 2229 2968 2299; x_wconf 89' lang='lat' dir='ltr'><strong>jure</strong></span> <span class='ocrx_word' id='word_1_449' title='bbox 2998 2228 3206 2284; x_wconf 91' lang='lat' dir='ltr'><strong>merito</strong></span> <span class='ocrx_word' id='word_1_450' title='bbox 3254 2229 3312 2283; x_wconf 93' lang='lat' dir='ltr'><strong>in</strong></span> <span class='ocrx_word' id='word_1_451' title='bbox 3367 2229 3482 2284; x_wconf 89' lang='lat' dir='ltr'><strong>Deo</strong></span> <span class='ocrx_word' id='word_1_452' title='bbox 3529 2244 3659 2284; x_wconf 87' lang='lat' dir='ltr'><strong>esse</strong></span> 
     </span>
    </p>
   </div>
   <div class='ocr_carea' id='block_1_55' title="bbox 2014 2316 3660 2388">
    <p class='ocr_par' dir='ltr' id='par_1_55' title="bbox 2014 2316 3660 2388">
     <span class='ocr_line' id='line_1_55' title="bbox 2014 2316 3660 2388; baseline 0 -17"><span class='ocrx_word' id='word_1_453' title='bbox 2014 2317 2453 2373; x_wconf 85' lang='lat' dir='ltr'><strong>existimamur:</strong></span> <span class='ocrx_word' id='word_1_454' title='bbox 2486 2332 2672 2388; x_wconf 89' lang='lat' dir='ltr'><strong>eaque</strong></span> <span class='ocrx_word' id='word_1_455' title='bbox 2701 2316 2925 2372; x_wconf 86' lang='lat' dir='ltr'><strong>ratione</strong></span> <span class='ocrx_word' id='word_1_456' title='bbox 2956 2316 3112 2372; x_wconf 90' lang='lat' dir='ltr'><strong>Deus</strong></span> <span class='ocrx_word' id='word_1_457' title='bbox 3140 2322 3230 2372; x_wconf 87' lang='lat' dir='ltr'><strong>est</strong></span> <span class='ocrx_word' id='word_1_458' title='bbox 3251 2316 3311 2371; x_wconf 88' lang='lat' dir='ltr'><strong>in</strong></span> <span class='ocrx_word' id='word_1_459' title='bbox 3334 2316 3660 2372; x_wconf 85' lang='lat' dir='ltr'><strong>n0bis.Non</strong></span> 
     </span>
    </p>
   </div>
   <div class='ocr_carea' id='block_1_56' title="bbox 2014 2404 3660 2476">
    <p class='ocr_par' dir='ltr' id='par_1_56' title="bbox 2014 2404 3660 2476">
     <span class='ocr_line' id='line_1_56' title="bbox 2014 2404 3660 2476; baseline -0.001 -14"><span class='ocrx_word' id='word_1_460' title='bbox 2014 2408 2195 2476; x_wconf 80' lang='lat' dir='ltr'><strong>igitur</strong></span> <span class='ocrx_word' id='word_1_461' title='bbox 2220 2411 2284 2459; x_wconf 93' lang='lat' dir='ltr'><strong>ut</strong></span> <span class='ocrx_word' id='word_1_462' title='bbox 2314 2410 2403 2460; x_wconf 89' lang='lat' dir='ltr'><strong>est</strong></span> <span class='ocrx_word' id='word_1_463' title='bbox 2426 2405 2605 2459; x_wconf 83' lang='lat' dir='ltr'><strong>Filius</strong></span> <span class='ocrx_word' id='word_1_464' title='bbox 2628 2405 2686 2459; x_wconf 90' lang='lat' dir='ltr'><strong>in</strong></span> <span class='ocrx_word' id='word_1_465' title='bbox 2712 2409 2905 2468; x_wconf 86' lang='lat' dir='ltr'><strong>Patre,</strong></span> <span class='ocrx_word' id='word_1_466' title='bbox 2926 2404 3009 2459; x_wconf 92' lang='lat' dir='ltr'><strong>ita</strong></span> <span class='ocrx_word' id='word_1_467' title='bbox 3039 2409 3097 2460; x_wconf 91' lang='lat' dir='ltr'><strong>et</strong></span> <span class='ocrx_word' id='word_1_468' title='bbox 3126 2421 3234 2460; x_wconf 90' lang='lat' dir='ltr'><strong>nos</strong></span> <span class='ocrx_word' id='word_1_469' title='bbox 3262 2406 3321 2460; x_wconf 86' lang='lat' dir='ltr'><strong>ir.</strong></span> <span class='ocrx_word' id='word_1_470' title='bbox 3366 2404 3531 2460; x_wconf 87' lang='lat' dir='ltr'><strong>Patre</strong></span> <span class='ocrx_word' id='word_1_471' title='bbox 3562 2421 3660 2460; x_wconf 86' lang='lat' dir='ltr'><strong>su-</strong></span> 
     </span>
    </p>
   </div>
   <div class='ocr_carea' id='block_1_57' title="bbox 2015 2493 3664 2565">
    <p class='ocr_par' dir='ltr' id='par_1_57' title="bbox 2015 2493 3664 2565">
     <span class='ocr_line' id='line_1_57' title="bbox 2015 2493 3664 2565; baseline 0 -16"><span class='ocrx_word' id='word_1_472' title='bbox 2015 2511 2170 2550; x_wconf 86' lang='lat' dir='ltr'><strong>mus.</strong></span> <span class='ocrx_word' id='word_1_473' title='bbox 2198 2494 2463 2565; x_wconf 88' lang='lat' dir='ltr'><strong>Namque</strong></span> <span class='ocrx_word' id='word_1_474' title='bbox 2484 2493 2663 2549; x_wconf 87' lang='lat' dir='ltr'><strong>Filius</strong></span> <span class='ocrx_word' id='word_1_475' title='bbox 2693 2511 2809 2549; x_wconf 87' lang='lat' dir='ltr'><strong>non</strong></span> <span class='ocrx_word' id='word_1_476' title='bbox 2843 2494 2909 2549; x_wconf 81' lang='lat' dir='ltr'><strong>fit</strong></span> <span class='ocrx_word' id='word_1_477' title='bbox 2964 2493 3218 2565; x_wconf 79' lang='lat' dir='ltr'><strong>Spiritus</strong></span> <span class='ocrx_word' id='word_1_478' title='bbox 3264 2494 3559 2564; x_wconf 86' lang='lat' dir='ltr'><strong>particeps</strong></span> <span class='ocrx_word' id='word_1_479' title='bbox 3599 2498 3664 2549; x_wconf 87' lang='lat' dir='ltr'><strong>ut</strong></span> 
     </span>
    </p>
   </div>
   <div class='ocr_carea' id='block_1_58' title="bbox 2015 2581 3664 2653">
    <p class='ocr_par' dir='ltr' id='par_1_58' title="bbox 2015 2581 3664 2653">
     <span class='ocr_line' id='line_1_58' title="bbox 2015 2581 3664 2653; baseline -0.001 -14"><span class='ocrx_word' id='word_1_480' title='bbox 2015 2583 2091 2639; x_wconf 90' lang='lat' dir='ltr'><strong>sit</strong></span> <span class='ocrx_word' id='word_1_481' title='bbox 2112 2584 2170 2637; x_wconf 88' lang='lat' dir='ltr'><strong>in</strong></span> <span class='ocrx_word' id='word_1_482' title='bbox 2203 2584 2390 2646; x_wconf 81' lang='lat' dir='ltr'><strong>Patre,</strong></span> <span class='ocrx_word' id='word_1_483' title='bbox 2421 2599 2611 2653; x_wconf 90' lang='lat' dir='ltr'><strong>neque</strong></span> <span class='ocrx_word' id='word_1_484' title='bbox 2634 2585 2758 2653; x_wconf 87' lang='lat' dir='ltr'><strong>ipse</strong></span> <span class='ocrx_word' id='word_1_485' title='bbox 2781 2581 3059 2651; x_wconf 83' lang='lat' dir='ltr'><strong>Spiritum</strong></span> <span class='ocrx_word' id='word_1_486' title='bbox 3111 2582 3347 2651; x_wconf 84' lang='lat' dir='ltr'><strong>accipit,</strong></span> <span class='ocrx_word' id='word_1_487' title='bbox 3399 2582 3500 2637; x_wconf 86' lang='lat' dir='ltr'><strong>sed</strong></span> <span class='ocrx_word' id='word_1_488' title='bbox 3532 2597 3664 2638; x_wconf 87' lang='lat' dir='ltr'><strong>eum</strong></span> 
     </span>
    </p>
   </div>
   <div class='ocr_carea' id='block_1_59' title="bbox 2002 2670 3659 2745">
    <p class='ocr_par' dir='ltr' id='par_1_59' title="bbox 2002 2670 3659 2745">
     <span class='ocr_line' id='line_1_59' title="bbox 2002 2670 3659 2745; baseline 0.002 -22"><span class='ocrx_word' id='word_1_489' title='bbox 2002 2674 2211 2745; x_wconf 82' lang='lat' dir='ltr'><strong>potius</strong></span> <span class='ocrx_word' id='word_1_490' title='bbox 2240 2672 2513 2727; x_wconf 86' lang='lat' dir='ltr'><strong>omnibus</strong></span> <span class='ocrx_word' id='word_1_491' title='bbox 2534 2671 2935 2743; x_wconf 87' lang='lat' dir='ltr'><strong>impertit.Nec</strong></span> <span class='ocrx_word' id='word_1_492' title='bbox 2957 2670 3093 2725; x_wconf 91' lang='lat' dir='ltr'><strong>item</strong></span> <span class='ocrx_word' id='word_1_493' title='bbox 3123 2671 3376 2741; x_wconf 86' lang='lat' dir='ltr'><strong>Spiritus</strong></span> <span class='ocrx_word' id='word_1_494' title='bbox 3402 2670 3659 2727; x_wconf 85' lang='lat' dir='ltr'><strong>Verbum</strong></span> 
     </span>
    </p>
   </div>
   <div class='ocr_carea' id='block_1_60' title="bbox 2016 2759 3661 2832">
    <p class='ocr_par' dir='ltr' id='par_1_60' title="bbox 2016 2759 3661 2832">
     <span class='ocr_line' id='line_1_60' title="bbox 2016 2759 3661 2832; baseline -0.001 -15"><span class='ocrx_word' id='word_1_495' title='bbox 2016 2779 2150 2817; x_wconf 90' lang='lat' dir='ltr'><strong>cum</strong></span> <span class='ocrx_word' id='word_1_496' title='bbox 2190 2762 2357 2816; x_wconf 85' lang='lat' dir='ltr'><strong>Patre</strong></span> <span class='ocrx_word' id='word_1_497' title='bbox 2406 2760 2729 2829; x_wconf 72' lang='lat' dir='ltr'><strong>coniungit,</strong></span> <span class='ocrx_word' id='word_1_498' title='bbox 2760 2762 2861 2817; x_wconf 82' lang='lat' dir='ltr'><strong>sed</strong></span> <span class='ocrx_word' id='word_1_499' title='bbox 2907 2761 3105 2832; x_wconf 82' lang='lat' dir='ltr'><strong>potius</strong></span> <span class='ocrx_word' id='word_1_500' title='bbox 3151 2759 3406 2830; x_wconf 83' lang='lat' dir='ltr'><strong>Spiritus</strong></span> <span class='ocrx_word' id='word_1_501' title='bbox 3468 2760 3578 2816; x_wconf 89' lang='lat' dir='ltr'><strong>hoc</strong></span> <span class='ocrx_word' id='word_1_502' title='bbox 3626 2776 3661 2816; x_wconf 74' lang='grc' dir='ltr'><strong>α</strong></span> 
     </span>
    </p>
   </div>
   <div class='ocr_carea' id='block_1_61' title="bbox 2014 2849 3663 2921">
    <p class='ocr_par' dir='ltr' id='par_1_61' title="bbox 2014 2849 3663 2921">
     <span class='ocr_line' id='line_1_61' title="bbox 2014 2849 3663 2921; baseline 0.002 -20"><span class='ocrx_word' id='word_1_503' title='bbox 2014 2851 2203 2905; x_wconf 84' lang='lat' dir='ltr'><strong>Verbo</strong></span> <span class='ocrx_word' id='word_1_504' title='bbox 2246 2850 2473 2921; x_wconf 90' lang='lat' dir='ltr'><strong>accipit.</strong></span> <span class='ocrx_word' id='word_1_505' title='bbox 2519 2849 2774 2921; x_wconf 89' lang='lat' dir='ltr'><strong>Denique</strong></span> <span class='ocrx_word' id='word_1_506' title='bbox 2824 2849 3006 2905; x_wconf 90' lang='lat' dir='ltr'><strong>Filius</strong></span> <span class='ocrx_word' id='word_1_507' title='bbox 3047 2849 3106 2903; x_wconf 92' lang='lat' dir='ltr'><strong>in</strong></span> <span class='ocrx_word' id='word_1_508' title='bbox 3158 2850 3319 2904; x_wconf 85' lang='lat' dir='ltr'><strong>Patre</strong></span> <span class='ocrx_word' id='word_1_509' title='bbox 3361 2850 3527 2915; x_wconf 71' lang='lat'><strong>[455</strong></span> <span class='ocrx_word' id='word_1_510' title='bbox 3573 2852 3663 2904; x_wconf 81' lang='lat' dir='ltr'><strong>est</strong></span> 
     </span>
    </p>
   </div>
   <div class='ocr_carea' id='block_1_62' title="bbox 2013 2935 3659 3008">
    <p class='ocr_par' dir='ltr' id='par_1_62' title="bbox 2013 2935 3659 3008">
     <span class='ocr_line' id='line_1_62' title="bbox 2013 2935 3659 3008; baseline -0.001 -16"><span class='ocrx_word' id='word_1_511' title='bbox 2013 2942 2296 3008; x_wconf 87' lang='lat' dir='ltr'><strong>tanquam</strong></span> <span class='ocrx_word' id='word_1_512' title='bbox 2329 2938 2627 3007; x_wconf 88' lang='lat' dir='ltr'><strong>proprium</strong></span> <span class='ocrx_word' id='word_1_513' title='bbox 2656 2937 2785 3008; x_wconf 84' lang='lat' dir='ltr'><strong>ejus</strong></span> <span class='ocrx_word' id='word_1_514' title='bbox 2823 2937 3079 2992; x_wconf 88' lang='lat' dir='ltr'><strong>Verbum</strong></span> <span class='ocrx_word' id='word_1_515' title='bbox 3109 2941 3167 2992; x_wconf 93' lang='lat' dir='ltr'><strong>et</strong></span> <span class='ocrx_word' id='word_1_516' title='bbox 3208 2935 3520 3006; x_wconf 89' lang='lat' dir='ltr'><strong>splendor:</strong></span> <span class='ocrx_word' id='word_1_517' title='bbox 3551 2952 3659 2991; x_wconf 88' lang='lat' dir='ltr'><strong>nos</strong></span> 
     </span>
    </p>
   </div>
   <div class='ocr_carea' id='block_1_63' title="bbox 2016 3024 3659 3096">
    <p class='ocr_par' dir='ltr' id='par_1_63' title="bbox 2016 3024 3659 3096">
     <span class='ocr_line' id='line_1_63' title="bbox 2016 3024 3659 3096; baseline 0 -16"><span class='ocrx_word' id='word_1_518' title='bbox 2016 3032 2232 3089; x_wconf 83' lang='lat' dir='ltr'><strong>autem,</strong></span> <span class='ocrx_word' id='word_1_519' title='bbox 2265 3026 2556 3096; x_wconf 90' lang='lat' dir='ltr'><strong>siquidem</strong></span> <span class='ocrx_word' id='word_1_520' title='bbox 2592 3025 2745 3081; x_wconf 80' lang='lat' dir='ltr'><strong>absit</strong></span> <span class='ocrx_word' id='word_1_521' title='bbox 2775 3025 3052 3096; x_wconf 84' lang='lat' dir='ltr'><strong>Spiritus,</strong></span> <span class='ocrx_word' id='word_1_522' title='bbox 3077 3024 3329 3081; x_wconf 91' lang='lat' dir='ltr'><strong>alieniet</strong></span> <span class='ocrx_word' id='word_1_523' title='bbox 3377 3024 3581 3096; x_wconf 89' lang='lat' dir='ltr'><strong>procul</strong></span> <span class='ocrx_word' id='word_1_524' title='bbox 3623 3041 3659 3080; x_wconf 86' lang='lat' dir='ltr'><strong>a</strong></span> 
     </span>
    </p>
   </div>
   <div class='ocr_carea' id='block_1_64' title="bbox 2013 3112 3662 3186">
    <p class='ocr_par' dir='ltr' id='par_1_64' title="bbox 2013 3112 3662 3186">
     <span class='ocr_line' id='line_1_64' title="bbox 2013 3112 3662 3186; baseline -0.001 -16"><span class='ocrx_word' id='word_1_525' title='bbox 2013 3115 2131 3170; x_wconf 84' lang='lat' dir='ltr'><strong>Deo</strong></span> <span class='ocrx_word' id='word_1_526' title='bbox 2167 3115 2503 3181; x_wconf 85' lang='lat' dir='ltr'><strong>sumus;sed</strong></span> <span class='ocrx_word' id='word_1_527' title='bbox 2538 3114 2792 3183; x_wconf 89' lang='lat' dir='ltr'><strong>Spiritus</strong></span> <span class='ocrx_word' id='word_1_528' title='bbox 2815 3112 3129 3186; x_wconf 86' lang='lat' dir='ltr'><strong>participes</strong></span> <span class='ocrx_word' id='word_1_529' title='bbox 3160 3114 3506 3177; x_wconf 75' lang='lat' dir='ltr'><strong>eﬂ‘ecti,cum</strong></span> <span class='ocrx_word' id='word_1_530' title='bbox 3531 3113 3662 3185; x_wconf 86' lang='lat' dir='ltr'><strong>ipsa</strong></span> 
     </span>
    </p>
   </div>
   <div class='ocr_carea' id='block_1_65' title="bbox 2013 3199 3662 3273">
    <p class='ocr_par' dir='ltr' id='par_1_65' title="bbox 2013 3199 3662 3273">
     <span class='ocr_line' id='line_1_65' title="bbox 2013 3199 3662 3273; baseline -0.001 -17"><span class='ocrx_word' id='word_1_531' title='bbox 2013 3202 2429 3273; x_wconf 82' lang='lat' dir='ltr'><strong>conjungimur</strong></span> <span class='ocrx_word' id='word_1_532' title='bbox 2449 3199 2847 3262; x_wconf 83' lang='lat' dir='ltr'><strong>divinitate.ac</strong></span> <span class='ocrx_word' id='word_1_533' title='bbox 2872 3199 3115 3271; x_wconf 89' lang='lat' dir='ltr'><strong>proinde</strong></span> <span class='ocrx_word' id='word_1_534' title='bbox 3140 3215 3257 3254; x_wconf 85' lang='lat' dir='ltr'><strong>non</strong></span> <span class='ocrx_word' id='word_1_535' title='bbox 3278 3205 3547 3255; x_wconf 90' lang='lat' dir='ltr'><strong>nostrum</strong></span> <span class='ocrx_word' id='word_1_536' title='bbox 3570 3203 3662 3255; x_wconf 90' lang='lat' dir='ltr'><strong>est</strong></span> 
     </span>
    </p>
   </div>
   <div class='ocr_carea' id='block_1_66' title="bbox 238 3260 1899 3364">
    <p class='ocr_par' dir='ltr' id='par_1_66' title="bbox 238 3260 1898 3364">
     <span class='ocr_line' id='line_1_66' title="bbox 238 3260 1898 3364; baseline 0.002 -21"><span class='ocrx_word' id='word_1_537' title='bbox 344 3285 403 3343; x_wconf 77' lang='grc' dir='ltr'>δὲ</span> <span class='ocrx_word' id='word_1_538' title='bbox 440 3292 539 3343; x_wconf 89' lang='grc' dir='ltr'><strong>τοῦ</strong></span> <span class='ocrx_word' id='word_1_539' title='bbox 590 3260 899 3360; x_wconf 68' lang='grc' dir='ltr'>Πνεῦματός</span> <span class='ocrx_word' id='word_1_540' title='bbox 952 3260 1163 3364; x_wconf 74' lang='grc' dir='ltr'>μετοχῇ</span> <span class='ocrx_word' id='word_1_541' title='bbox 1214 3260 1595 3362; x_wconf 74' lang='grc' dir='ltr'>συναπτόμεθα</span> <span class='ocrx_word' id='word_1_542' title='bbox 1650 3294 1719 3364; x_wconf 80' lang='grc' dir='ltr'><strong>τῇ</strong></span> <span class='ocrx_word' id='word_1_543' title='bbox 1781 3290 1898 3354; x_wconf 80' lang='grc' dir='ltr'>θεό-</span> 
     </span>
    </p>
   </div>
   <div class='ocr_carea' id='block_1_67' title="bbox 2013 3260 3655 3364">
    <p class='ocr_par' dir='ltr' id='par_1_67' title="bbox 2013 3260 3655 3360">
     <span class='ocr_line' id='line_1_67' title="bbox 2013 3260 3655 3360; baseline -0.002 -15"><span class='ocrx_word' id='word_1_544' title='bbox 2013 3260 2275 3345; x_wconf 45' lang='grc' dir='ltr'>ηοενθεεο</span> <span class='ocrx_word' id='word_1_545' title='bbox 2306 3290 2362 3344; x_wconf 90' lang='lat' dir='ltr'><strong>in</strong></span> <span class='ocrx_word' id='word_1_546' title='bbox 2388 3290 2679 3349; x_wconf 85' lang='lat' dir='ltr'><strong>Patre.sed</strong></span> <span class='ocrx_word' id='word_1_547' title='bbox 2714 3260 2967 3358; x_wconf 71' lang='lat' dir='ltr'><strong>spiritus</strong></span> <span class='ocrx_word' id='word_1_548' title='bbox 2989 3287 3088 3360; x_wconf 91' lang='lat' dir='ltr'><strong>qui</strong></span> <span class='ocrx_word' id='word_1_549' title='bbox 3122 3289 3182 3342; x_wconf 90' lang='lat' dir='ltr'><strong>in</strong></span> <span class='ocrx_word' id='word_1_550' title='bbox 3206 3289 3378 3344; x_wconf 87' lang='lat' dir='ltr'><strong>nobis</strong></span> <span class='ocrx_word' id='word_1_551' title='bbox 3407 3293 3493 3343; x_wconf 87' lang='lat' dir='ltr'><strong>est</strong></span> <span class='ocrx_word' id='word_1_552' title='bbox 3517 3292 3574 3344; x_wconf 86' lang='lat' dir='ltr'><strong>et</strong></span> <span class='ocrx_word' id='word_1_553' title='bbox 3597 3288 3655 3341; x_wconf 92' lang='lat' dir='ltr'><strong>in</strong></span> 
     </span>
    </p>
   </div>
   <div class='ocr_carea' id='block_1_68' title="bbox 240 3376 1899 3455">
    <p class='ocr_par' dir='ltr' id='par_1_68' title="bbox 240 3376 1899 3455">
     <span class='ocr_line' id='line_1_68' title="bbox 240 3376 1899 3455; baseline 0.001 -22"><span class='ocrx_word' id='word_1_554' title='bbox 240 3398 390 3448; x_wconf 85' lang='grc' dir='ltr'>τητι’</span> <span class='ocrx_word' id='word_1_555' title='bbox 427 3376 567 3432; x_wconf 79' lang='grc' dir='ltr'>ὥστε</span> <span class='ocrx_word' id='word_1_556' title='bbox 592 3377 656 3431; x_wconf 85' lang='grc' dir='ltr'>τὸ</span> <span class='ocrx_word' id='word_1_557' title='bbox 702 3377 833 3432; x_wconf 71' lang='grc' dir='ltr'>εἶναι</span> <span class='ocrx_word' id='word_1_558' title='bbox 881 3378 1030 3450; x_wconf 73' lang='grc' dir='ltr'>ἡμᾶς</span> <span class='ocrx_word' id='word_1_559' title='bbox 1075 3377 1125 3431; x_wconf 83' lang='grc' dir='ltr'>ἐν</span> <span class='ocrx_word' id='word_1_560' title='bbox 1173 3382 1253 3449; x_wconf 84' lang='grc' dir='ltr'>τῷ</span> <span class='ocrx_word' id='word_1_561' title='bbox 1303 3379 1472 3451; x_wconf 84' lang='grc' dir='ltr'>Πατρὶ</span> <span class='ocrx_word' id='word_1_562' title='bbox 1525 3380 1600 3452; x_wconf 84' lang='grc' dir='ltr'>μή</span> <span class='ocrx_word' id='word_1_563' title='bbox 1632 3379 1899 3455; x_wconf 91' lang='grc' dir='ltr'>ἡμέτερον</span> 
     </span>
    </p>
   </div>
   <div class='ocr_carea' id='block_1_69' title="bbox 243 3463 1896 3539">
    <p class='ocr_par' dir='ltr' id='par_1_69' title="bbox 243 3463 1896 3539">
     <span class='ocr_line' id='line_1_69' title="bbox 243 3463 1896 3539; baseline 0.001 -18"><span class='ocrx_word' id='word_1_564' title='bbox 243 3466 405 3533; x_wconf 73' lang='grc' dir='ltr'>εἶναι,</span> <span class='ocrx_word' id='word_1_565' title='bbox 438 3463 586 3521; x_wconf 83' lang='grc' dir='ltr'>ἀλλά</span> <span class='ocrx_word' id='word_1_566' title='bbox 612 3470 711 3521; x_wconf 90' lang='grc' dir='ltr'><strong>τοῦ</strong></span> <span class='ocrx_word' id='word_1_567' title='bbox 762 3466 1073 3539; x_wconf 75' lang='grc' dir='ltr'>Πνεῦματος</span> <span class='ocrx_word' id='word_1_568' title='bbox 1119 3470 1219 3521; x_wconf 86' lang='grc' dir='ltr'><strong>τοῦ</strong></span> <span class='ocrx_word' id='word_1_569' title='bbox 1250 3465 1302 3521; x_wconf 83' lang='grc' dir='ltr'>ἐν</span> <span class='ocrx_word' id='word_1_570' title='bbox 1352 3468 1487 3539; x_wconf 90' lang='grc' dir='ltr'>ἡμῖν</span> <span class='ocrx_word' id='word_1_571' title='bbox 1539 3463 1695 3530; x_wconf 79' lang='grc' dir='ltr'>ὄντος</span> <span class='ocrx_word' id='word_1_572' title='bbox 1726 3468 1815 3523; x_wconf 62' lang='grc' dir='ltr'>καὶ</span> <span class='ocrx_word' id='word_1_573' title='bbox 1844 3467 1896 3523; x_wconf 84' lang='grc' dir='ltr'>ἐν</span> 
     </span>
    </p>
   </div>
   <div class='ocr_carea' id='block_1_70' title="bbox 243 3550 1896 3634">
    <p class='ocr_par' dir='ltr' id='par_1_70' title="bbox 243 3550 1896 3634">
     <span class='ocr_line' id='line_1_70' title="bbox 243 3550 1896 3634; baseline 0.001 -25"><span class='ocrx_word' id='word_1_574' title='bbox 243 3557 382 3628; x_wconf 88' lang='grc' dir='ltr'>ἡμῖν</span> <span class='ocrx_word' id='word_1_575' title='bbox 422 3553 699 3628; x_wconf 77' lang='grc' dir='ltr'>μένοντος,</span> <span class='ocrx_word' id='word_1_576' title='bbox 738 3550 841 3616; x_wconf 70' lang='grc' dir='ltr'>ἕως</span> <span class='ocrx_word' id='word_1_577' title='bbox 893 3553 1022 3608; x_wconf 83' lang='grc' dir='ltr'>αὐτὸ</span> <span class='ocrx_word' id='word_1_578' title='bbox 1061 3558 1130 3628; x_wconf 77' lang='grc' dir='ltr'><strong>τῇ</strong></span> <span class='ocrx_word' id='word_1_579' title='bbox 1163 3554 1432 3630; x_wconf 80' lang='grc' dir='ltr'>ὁμολογίᾳ</span> <span class='ocrx_word' id='word_1_580' title='bbox 1474 3554 1811 3634; x_wconf 80' lang='grc' dir='ltr'>φυλάττομεν</span> <span class='ocrx_word' id='word_1_581' title='bbox 1844 3556 1896 3611; x_wconf 76' lang='grc' dir='ltr'>ἐν</span> 
     </span>
    </p>
   </div>
   <div class='ocr_carea' id='block_1_71' title="bbox 244 3641 1895 3718">
    <p class='ocr_par' dir='ltr' id='par_1_71' title="bbox 244 3641 1895 3718">
     <span class='ocr_line' id='line_1_71' title="bbox 244 3641 1895 3718; baseline 0.002 -21"><span class='ocrx_word' id='word_1_582' title='bbox 244 3645 408 3717; x_wconf 80' lang='grc' dir='ltr'>ἡμῖν,</span> <span class='ocrx_word' id='word_1_583' title='bbox 472 3641 725 3718; x_wconf 83' lang='grc' dir='ltr'>λέγοντος</span> <span class='ocrx_word' id='word_1_584' title='bbox 783 3641 948 3698; x_wconf 89' lang='grc' dir='ltr'>πάλιν</span> <span class='ocrx_word' id='word_1_585' title='bbox 1011 3644 1124 3717; x_wconf 88' lang='grc'>(20)</span> <span class='ocrx_word' id='word_1_586' title='bbox 1178 3648 1275 3699; x_wconf 86' lang='grc' dir='ltr'><strong>τοῦ</strong></span> <span class='ocrx_word' id='word_1_587' title='bbox 1336 3644 1624 3701; x_wconf 84' lang='grc' dir='ltr'>Ἰωάννου⁶</span> <span class='ocrx_word' id='word_1_588' title='bbox 1682 3647 1777 3707; x_wconf 89' lang='grc' dir='ltr'>Ὃς</span> <span class='ocrx_word' id='word_1_589' title='bbox 1836 3645 1895 3700; x_wconf 76' lang='grc' dir='ltr'>ἂν</span> 
     </span>
    </p>
   </div>
   <div class='ocr_carea' id='block_1_72' title="bbox 246 3729 1894 3806">
    <p class='ocr_par' dir='ltr' id='par_1_72' title="bbox 246 3729 1894 3806">
     <span class='ocr_line' id='line_1_72' title="bbox 246 3729 1894 3806; baseline 0.001 -19"><span class='ocrx_word' id='word_1_590' title='bbox 246 3731 608 3806; x_wconf 78' lang='grc' dir='ltr'>ὁμολογήσῃ,</span> <span class='ocrx_word' id='word_1_591' title='bbox 667 3729 751 3785; x_wconf 79' lang='grc' dir='ltr'><strong>ὅτι</strong></span> <span class='ocrx_word' id='word_1_592' title='bbox 812 3731 1022 3801; x_wconf 82' lang='grc' dir='ltr'>Ἰησοῦς</span> <span class='ocrx_word' id='word_1_593' title='bbox 1081 3730 1221 3786; x_wconf 81' lang='grc' dir='ltr'>ἐστιν</span> <span class='ocrx_word' id='word_1_594' title='bbox 1284 3733 1312 3787; x_wconf 91' lang='lat'>6</span> <span class='ocrx_word' id='word_1_595' title='bbox 1371 3734 1495 3797; x_wconf 74' lang='grc' dir='ltr'><strong>Υἱὸς</strong></span> <span class='ocrx_word' id='word_1_596' title='bbox 1557 3731 1654 3788; x_wconf 85' lang='grc' dir='ltr'><strong>τοῦ</strong></span> <span class='ocrx_word' id='word_1_597' title='bbox 1711 3738 1846 3788; x_wconf 89' lang='grc' dir='ltr'>Θεοῦ</span> <span class='ocrx_word' id='word_1_598' title='bbox 1879 3780 1894 3806; x_wconf 93' lang='grc'><strong>,</strong></span> 
     </span>
    </p>
   </div>
   <div class='ocr_carea' id='block_1_73' title="bbox 245 3818 1894 3896">
    <p class='ocr_par' dir='ltr' id='par_1_73' title="bbox 245 3818 1894 3896">
     <span class='ocr_line' id='line_1_73' title="bbox 245 3818 1894 3896; baseline 0.002 -21"><span class='ocrx_word' id='word_1_599' title='bbox 245 3821 273 3875; x_wconf 89' lang='lat'>6</span> <span class='ocrx_word' id='word_1_600' title='bbox 332 3821 466 3884; x_wconf 80' lang='grc' dir='ltr'>Θεὸς</span> <span class='ocrx_word' id='word_1_601' title='bbox 525 3820 575 3873; x_wconf 82' lang='grc' dir='ltr'>ἐν</span> <span class='ocrx_word' id='word_1_602' title='bbox 651 3818 798 3892; x_wconf 77' lang='grc' dir='ltr'>αὐτῷ</span> <span class='ocrx_word' id='word_1_603' title='bbox 858 3821 1047 3893; x_wconf 76' lang='grc' dir='ltr'>μένει,</span> <span class='ocrx_word' id='word_1_604' title='bbox 1108 3820 1198 3875; x_wconf 85' lang='grc' dir='ltr'>καὶ</span> <span class='ocrx_word' id='word_1_605' title='bbox 1257 3820 1417 3886; x_wconf 83' lang='grc' dir='ltr'>αὐτὸς</span> <span class='ocrx_word' id='word_1_606' title='bbox 1473 3821 1525 3877; x_wconf 74' lang='grc' dir='ltr'>ἰν</span> <span class='ocrx_word' id='word_1_607' title='bbox 1593 3827 1675 3895; x_wconf 76' lang='grc' dir='ltr'>τῷ</span> <span class='ocrx_word' id='word_1_608' title='bbox 1731 3828 1847 3896; x_wconf 86' lang='grc' dir='ltr'>Θεῷ</span> <span class='ocrx_word' id='word_1_609' title='bbox 1881 3867 1894 3880; x_wconf 97' lang='grc'><strong><em>.</em></strong></span> 
     </span>
    </p>
   </div>
   <div class='ocr_carea' id='block_1_74' title="bbox 245 3907 1897 3984">
    <p class='ocr_par' dir='ltr' id='par_1_74' title="bbox 245 3907 1897 3984">
     <span class='ocr_line' id='line_1_74' title="bbox 245 3907 1897 3984; baseline 0.001 -20"><span class='ocrx_word' id='word_1_610' title='bbox 245 3907 383 3964; x_wconf 82' lang='grc' dir='ltr'>Ποία</span> <span class='ocrx_word' id='word_1_611' title='bbox 413 3908 595 3963; x_wconf 81' lang='grc' dir='ltr'>τοίνυν</span> <span class='ocrx_word' id='word_1_612' title='bbox 625 3911 739 3981; x_wconf 91' lang='grc'>(21)</span> <span class='ocrx_word' id='word_1_613' title='bbox 769 3908 1036 3982; x_wconf 86' lang='grc' dir='ltr'>ὁμοιότης</span> <span class='ocrx_word' id='word_1_614' title='bbox 1059 3908 1150 3963; x_wconf 86' lang='grc' dir='ltr'><strong>καὶ</strong></span> <span class='ocrx_word' id='word_1_615' title='bbox 1180 3908 1314 3964; x_wconf 83' lang='grc' dir='ltr'>ποία</span> <span class='ocrx_word' id='word_1_616' title='bbox 1345 3909 1532 3979; x_wconf 81' lang='grc' dir='ltr'>ἰσότης</span> <span class='ocrx_word' id='word_1_617' title='bbox 1568 3912 1728 3983; x_wconf 86' lang='grc' dir='ltr'>ἡμῶν</span> <span class='ocrx_word' id='word_1_618' title='bbox 1760 3912 1897 3984; x_wconf 88' lang='grc' dir='ltr'>πρὸς</span> 
     </span>
    </p>
   </div>
   <div class='ocr_carea' id='block_1_75' title="bbox 238 3996 1894 4077">
    <p class='ocr_par' dir='ltr' id='par_1_75' title="bbox 238 3996 1894 4077">
     <span class='ocr_line' id='line_1_75' title="bbox 238 3996 1894 4077; baseline 0.002 -25"><span class='ocrx_word' id='word_1_619' title='bbox 238 3998 329 4053; x_wconf 84' lang='grc' dir='ltr'><strong>τὸν</strong></span> <span class='ocrx_word' id='word_1_620' title='bbox 390 3997 558 4065; x_wconf 74' lang='grc' dir='ltr'>Υἱόν;</span> <span class='ocrx_word' id='word_1_621' title='bbox 609 4003 674 4053; x_wconf 80' lang='grc' dir='ltr'><em>Ἠ</em></span> <span class='ocrx_word' id='word_1_622' title='bbox 734 4001 853 4062; x_wconf 82' lang='grc' dir='ltr'><strong>πῶς</strong></span> <span class='ocrx_word' id='word_1_623' title='bbox 908 3997 1008 4053; x_wconf 81' lang='grc' dir='ltr'><strong>οὐκ</strong></span> <span class='ocrx_word' id='word_1_624' title='bbox 1070 3996 1390 4075; x_wconf 71' lang='grc' dir='ltr'>ἐλέγχονται</span> <span class='ocrx_word' id='word_1_625' title='bbox 1446 4001 1785 4077; x_wconf 81' lang='grc' dir='ltr'>πανταχόθεν</span> <span class='ocrx_word' id='word_1_626' title='bbox 1841 4002 1894 4056; x_wconf 72' lang='grc' dir='ltr'><strong>οἱ</strong></span> 
     </span>
    </p>
   </div>
   <div class='ocr_carea' id='block_1_76' title="bbox 243 4085 1895 4164">
    <p class='ocr_par' dir='ltr' id='par_1_76' title="bbox 243 4085 1895 4164">
     <span class='ocr_line' id='line_1_76' title="bbox 243 4085 1895 4164; baseline 0 -20"><span class='ocrx_word' id='word_1_627' title='bbox 243 4086 533 4162; x_wconf 75' lang='grc' dir='ltr'>Ἀρειάνοὶ,</span> <span class='ocrx_word' id='word_1_628' title='bbox 576 4087 666 4141; x_wconf 78' lang='grc' dir='ltr'>καὶ</span> <span class='ocrx_word' id='word_1_629' title='bbox 723 4085 958 4161; x_wconf 77' lang='grc' dir='ltr'>μάλιστα</span> <span class='ocrx_word' id='word_1_630' title='bbox 1005 4087 1150 4164; x_wconf 80' lang='grc' dir='ltr'>παρὰ</span> <span class='ocrx_word' id='word_1_631' title='bbox 1194 4092 1291 4141; x_wconf 86' lang='grc' dir='ltr'><strong>τοῦ</strong></span> <span class='ocrx_word' id='word_1_632' title='bbox 1342 4088 1612 4156; x_wconf 87' lang='grc' dir='ltr'>Ἰωάννου,</span> <span class='ocrx_word' id='word_1_633' title='bbox 1668 4088 1750 4144; x_wconf 81' lang='grc' dir='ltr'><strong>ὅτι</strong></span> <span class='ocrx_word' id='word_1_634' title='bbox 1800 4088 1895 4144; x_wconf 82' lang='grc' dir='ltr'><strong>ἄλ-</strong></span> 
     </span>
    </p>
   </div>
   <div class='ocr_carea' id='block_1_77' title="bbox 242 4174 1894 4251">
    <p class='ocr_par' dir='ltr' id='par_1_77' title="bbox 242 4174 1894 4251">
     <span class='ocr_line' id='line_1_77' title="bbox 242 4174 1894 4251; baseline 0.001 -19"><span class='ocrx_word' id='word_1_635' title='bbox 242 4176 356 4239; x_wconf 88' lang='grc' dir='ltr'><strong>λως</strong></span> <span class='ocrx_word' id='word_1_636' title='bbox 387 4177 486 4248; x_wconf 78' lang='grc' dir='ltr'>μὲν</span> <span class='ocrx_word' id='word_1_637' title='bbox 519 4175 547 4228; x_wconf 86' lang='lat'><strong>6</strong></span> <span class='ocrx_word' id='word_1_638' title='bbox 578 4175 703 4239; x_wconf 70' lang='grc' dir='ltr'>Υἱός</span> <span class='ocrx_word' id='word_1_639' title='bbox 744 4175 885 4230; x_wconf 72' lang='grc' dir='ltr'>ἐστιν</span> <span class='ocrx_word' id='word_1_640' title='bbox 935 4175 989 4230; x_wconf 87' lang='grc' dir='ltr'>ἐν</span> <span class='ocrx_word' id='word_1_641' title='bbox 1030 4180 1110 4248; x_wconf 81' lang='grc' dir='ltr'><strong>τῷ</strong></span> <span class='ocrx_word' id='word_1_642' title='bbox 1158 4177 1349 4249; x_wconf 77' lang='grc' dir='ltr'>Πατρὶ,</span> <span class='ocrx_word' id='word_1_643' title='bbox 1392 4174 1582 4241; x_wconf 81' lang='grc' dir='ltr'>ἄλλως</span> <span class='ocrx_word' id='word_1_644' title='bbox 1631 4175 1688 4233; x_wconf 71' lang='grc' dir='ltr'>δὲ</span> <span class='ocrx_word' id='word_1_645' title='bbox 1730 4179 1894 4251; x_wconf 75' lang='grc' dir='ltr'>ἡμεῖς</span> 
     </span>
    </p>
   </div>
   <div class='ocr_carea' id='block_1_78' title="bbox 239 4262 1893 4340">
    <p class='ocr_par' dir='ltr' id='par_1_78' title="bbox 239 4262 1893 4340">
     <span class='ocr_line' id='line_1_78' title="bbox 239 4262 1893 4340; baseline 0.001 -20"><span class='ocrx_word' id='word_1_646' title='bbox 239 4263 293 4320; x_wconf 80' lang='grc' dir='ltr'>ἐν</span> <span class='ocrx_word' id='word_1_647' title='bbox 321 4264 471 4336; x_wconf 80' lang='grc' dir='ltr'>αὐτῷ</span> <span class='ocrx_word' id='word_1_648' title='bbox 528 4264 807 4340; x_wconf 81' lang='grc' dir='ltr'>γινόμεθα’</span> <span class='ocrx_word' id='word_1_649' title='bbox 857 4265 947 4319; x_wconf 82' lang='grc' dir='ltr'><strong>καὶ</strong></span> <span class='ocrx_word' id='word_1_650' title='bbox 1006 4262 1129 4320; x_wconf 74' lang='grc' dir='ltr'>οὕτε</span> <span class='ocrx_word' id='word_1_651' title='bbox 1177 4266 1342 4337; x_wconf 84' lang='grc' dir='ltr'>ἡμεῖς</span> <span class='ocrx_word' id='word_1_652' title='bbox 1397 4266 1472 4330; x_wconf 86' lang='grc' dir='ltr'>ὡς</span> <span class='ocrx_word' id='word_1_653' title='bbox 1526 4264 1728 4331; x_wconf 84' lang='grc' dir='ltr'>ἐκεῖνος</span> <span class='ocrx_word' id='word_1_654' title='bbox 1774 4266 1893 4322; x_wconf 84' lang='grc' dir='ltr'>ἐσό-</span> 
     </span>
    </p>
   </div>
   <div class='ocr_carea' id='block_1_79' title="bbox 244 4348 1891 4432">
    <p class='ocr_par' dir='ltr' id='par_1_79' title="bbox 244 4348 1891 4432">
     <span class='ocr_line' id='line_1_79' title="bbox 244 4348 1891 4432; baseline 0.002 -24"><span class='ocrx_word' id='word_1_655' title='bbox 244 4354 379 4427; x_wconf 88' lang='grc' dir='ltr'>μεθά</span> <span class='ocrx_word' id='word_1_656' title='bbox 407 4373 561 4421; x_wconf 83' lang='grc' dir='ltr'>ποτε,</span> <span class='ocrx_word' id='word_1_657' title='bbox 620 4348 744 4408; x_wconf 68' lang='grc' dir='ltr'>οὔτε</span> <span class='ocrx_word' id='word_1_658' title='bbox 773 4354 800 4407; x_wconf 91' lang='lat'><strong>6</strong></span> <span class='ocrx_word' id='word_1_659' title='bbox 831 4352 1005 4428; x_wconf 88' lang='grc' dir='ltr'>Λόγος</span> <span class='ocrx_word' id='word_1_660' title='bbox 1063 4353 1137 4417; x_wconf 85' lang='grc' dir='ltr'><strong>ὡς</strong></span> <span class='ocrx_word' id='word_1_661' title='bbox 1192 4355 1356 4426; x_wconf 88' lang='grc' dir='ltr'>ἡμεῖς</span> <span class='ocrx_word' id='word_1_662' title='bbox 1402 4354 1657 4432; x_wconf 88' lang='grc' dir='ltr'>τυγχάνει</span> <span class='ocrx_word' id='word_1_663' title='bbox 1717 4354 1811 4427; x_wconf 84' lang='grc' dir='ltr'>ὢν,</span> <span class='ocrx_word' id='word_1_664' title='bbox 1844 4356 1891 4411; x_wconf 74' lang='grc' dir='ltr'>εἰ</span> 
     </span>
    </p>
   </div>
   <div class='ocr_carea' id='block_1_80' title="bbox 244 4440 1885 4518">
    <p class='ocr_par' dir='ltr' id='par_1_80' title="bbox 244 4440 1885 4518">
     <span class='ocr_line' id='line_1_80' title="bbox 244 4440 1885 4518; baseline 0.002 -21"><span class='ocrx_word' id='word_1_665' title='bbox 244 4443 321 4516; x_wconf 80' lang='grc' dir='ltr'>μή</span> <span class='ocrx_word' id='word_1_666' title='bbox 355 4440 459 4517; x_wconf 77' lang='grc' dir='ltr'><strong>ἄρα</strong></span> <span class='ocrx_word' id='word_1_667' title='bbox 487 4440 885 4515; x_wconf 82' lang='grc' dir='ltr'>τολμήσουσιν,</span> <span class='ocrx_word' id='word_1_668' title='bbox 920 4442 996 4506; x_wconf 85' lang='grc' dir='ltr'>ὡς</span> <span class='ocrx_word' id='word_1_669' title='bbox 1023 4440 1076 4497; x_wconf 87' lang='grc' dir='ltr'>ἐν</span> <span class='ocrx_word' id='word_1_670' title='bbox 1105 4448 1260 4512; x_wconf 80' lang='grc' dir='ltr'>πᾶσι,</span> <span class='ocrx_word' id='word_1_671' title='bbox 1287 4443 1377 4499; x_wconf 83' lang='grc' dir='ltr'>καὶ</span> <span class='ocrx_word' id='word_1_672' title='bbox 1418 4448 1509 4498; x_wconf 84' lang='grc' dir='ltr'><strong>νῦν</strong></span> <span class='ocrx_word' id='word_1_673' title='bbox 1552 4444 1719 4499; x_wconf 78' lang='grc' dir='ltr'>εἰπεῖν</span> <span class='ocrx_word' id='word_1_674' title='bbox 1754 4447 1885 4518; x_wconf 82' lang='grc'>(22),</span> 
     </span>
    </p>
   </div>
   <div class='ocr_carea' id='block_1_81' title="bbox 2012 3377 3660 3448">
    <p class='ocr_par' dir='ltr' id='par_1_81' title="bbox 2012 3377 3660 3448">
     <span class='ocr_line' id='line_1_81' title="bbox 2012 3377 3660 3448; baseline -0.002 -14"><span class='ocrx_word' id='word_1_675' title='bbox 2012 3380 2181 3435; x_wconf 86' lang='lat' dir='ltr'><strong>nobis</strong></span> <span class='ocrx_word' id='word_1_676' title='bbox 2216 3378 2695 3448; x_wconf 83' lang='lat' dir='ltr'><strong>manet,quandiu</strong></span> <span class='ocrx_word' id='word_1_677' title='bbox 2730 3377 2951 3432; x_wconf 86' lang='lat' dir='ltr'><strong>scilicet</strong></span> <span class='ocrx_word' id='word_1_678' title='bbox 2971 3393 3100 3433; x_wconf 89' lang='lat' dir='ltr'><strong>eum</strong></span> <span class='ocrx_word' id='word_1_679' title='bbox 3135 3378 3193 3431; x_wconf 88' lang='lat' dir='ltr'><strong>in</strong></span> <span class='ocrx_word' id='word_1_680' title='bbox 3235 3377 3404 3431; x_wconf 85' lang='lat' dir='ltr'><strong>nobis</strong></span> <span class='ocrx_word' id='word_1_681' title='bbox 3438 3381 3660 3432; x_wconf 85' lang='lat' dir='ltr'><strong>contes-</strong></span> 
     </span>
    </p>
   </div>
   <div class='ocr_carea' id='block_1_82' title="bbox 2009 3463 3654 3534">
    <p class='ocr_par' dir='ltr' id='par_1_82' title="bbox 2009 3463 3654 3534">
     <span class='ocr_line' id='line_1_82' title="bbox 2009 3463 3654 3534; baseline -0.001 -11"><span class='ocrx_word' id='word_1_682' title='bbox 2009 3468 2172 3523; x_wconf 89' lang='lat' dir='ltr'><strong>sione</strong></span> <span class='ocrx_word' id='word_1_683' title='bbox 2194 3465 2825 3534; x_wconf 84' lang='lat' dir='ltr'><strong>servabimus,utidem</strong></span> <span class='ocrx_word' id='word_1_684' title='bbox 2844 3465 3099 3521; x_wconf 81' lang='lat' dir='ltr'><strong>Joannes</strong></span> <span class='ocrx_word' id='word_1_685' title='bbox 3112 3464 3206 3521; x_wconf 89' lang='lat' dir='ltr'><strong>his</strong></span> <span class='ocrx_word' id='word_1_686' title='bbox 3225 3463 3418 3519; x_wconf 91' lang='lat' dir='ltr'><strong>verbis</strong></span> <span class='ocrx_word' id='word_1_687' title='bbox 3445 3465 3614 3520; x_wconf 90' lang='lat' dir='ltr'><strong>docet</strong></span> <span class='ocrx_word' id='word_1_688' title='bbox 3640 3481 3654 3521; x_wconf 89' lang='lat'><strong>:</strong></span> 
     </span>
    </p>
   </div>
   <div class='ocr_carea' id='block_1_83' title="bbox 2007 3554 3653 3627">
    <p class='ocr_par' dir='ltr' id='par_1_83' title="bbox 2007 3554 3653 3627">
     <span class='ocr_line' id='line_1_83' title="bbox 2007 3554 3653 3627; baseline -0.002 -16"><span class='ocrx_word' id='word_1_689' title='bbox 2007 3558 2269 3627; x_wconf 75' lang='lat' dir='ltr'><strong>Quisquis</strong></span> <span class='ocrx_word' id='word_1_690' title='bbox 2325 3557 2602 3626; x_wconf 76' lang='lat' dir='ltr'><strong>confessus</strong></span> <span class='ocrx_word' id='word_1_691' title='bbox 2657 3555 2831 3623; x_wconf 78' lang='lat' dir='ltr'><strong>fuerit</strong></span> <span class='ocrx_word' id='word_1_692' title='bbox 2871 3554 3056 3609; x_wconf 73' lang='lat' dir='ltr'><strong>Iesum</strong></span> <span class='ocrx_word' id='word_1_693' title='bbox 3107 3569 3223 3609; x_wconf 80' lang='lat' dir='ltr'><strong>esse</strong></span> <span class='ocrx_word' id='word_1_694' title='bbox 3275 3555 3482 3608; x_wconf 82' lang='lat' dir='ltr'><strong>Filium</strong></span> <span class='ocrx_word' id='word_1_695' title='bbox 3535 3554 3653 3620; x_wconf 87' lang='lat' dir='ltr'><strong>Dei,</strong></span> 
     </span>
    </p>
   </div>
   <div class='ocr_carea' id='block_1_84' title="bbox 2012 3642 3654 3714">
    <p class='ocr_par' dir='ltr' id='par_1_84' title="bbox 2012 3642 3654 3714">
     <span class='ocr_line' id='line_1_84' title="bbox 2012 3642 3654 3714; baseline -0.002 -13"><span class='ocrx_word' id='word_1_696' title='bbox 2012 3647 2154 3702; x_wconf 85' lang='lat' dir='ltr'><strong>Deus</strong></span> <span class='ocrx_word' id='word_1_697' title='bbox 2185 3647 2246 3700; x_wconf 80' lang='lat' dir='ltr'><strong>in</strong></span> <span class='ocrx_word' id='word_1_698' title='bbox 2273 3662 2340 3700; x_wconf 85' lang='lat' dir='ltr'><strong>eo</strong></span> <span class='ocrx_word' id='word_1_699' title='bbox 2364 3652 2570 3709; x_wconf 80' lang='lat' dir='ltr'><strong>manet,</strong></span> <span class='ocrx_word' id='word_1_700' title='bbox 2602 3647 2654 3698; x_wconf 87' lang='lat' dir='ltr'><strong>et</strong></span> <span class='ocrx_word' id='word_1_701' title='bbox 2681 3642 2882 3714; x_wconf 77' lang='lat' dir='ltr'><strong>ipsein</strong></span> <span class='ocrx_word' id='word_1_702' title='bbox 2909 3643 3015 3697; x_wconf 89' lang='lat' dir='ltr'><strong>Deo</strong></span> <span class='ocrx_word' id='word_1_703' title='bbox 3046 3642 3091 3678; x_wconf 80' lang='grc'>³⁸</span> <span class='ocrx_word' id='word_1_704' title='bbox 3110 3642 3247 3707; x_wconf 58' lang='lat' dir='ltr'><strong>Quae</strong></span> <span class='ocrx_word' id='word_1_705' title='bbox 3294 3657 3432 3714; x_wconf 83' lang='lat' dir='ltr'><strong>ergo</strong></span> <span class='ocrx_word' id='word_1_706' title='bbox 3483 3642 3654 3697; x_wconf 87' lang='lat' dir='ltr'><strong>nobis</strong></span> 
     </span>
    </p>
   </div>
   <div class='ocr_carea' id='block_1_85' title="bbox 2010 3729 3653 3803">
    <p class='ocr_par' dir='ltr' id='par_1_85' title="bbox 2010 3729 3653 3803">
     <span class='ocr_line' id='line_1_85' title="bbox 2010 3729 3653 3803; baseline -0.004 -12"><span class='ocrx_word' id='word_1_707' title='bbox 2010 3734 2338 3791; x_wconf 87' lang='lat' dir='ltr'><strong>similitudo</strong></span> <span class='ocrx_word' id='word_1_708' title='bbox 2359 3732 2444 3788; x_wconf 92' lang='lat' dir='ltr'><strong>vel</strong></span> <span class='ocrx_word' id='word_1_709' title='bbox 2479 3732 2783 3803; x_wconf 69' lang='lat' dir='ltr'><strong>aequalitas</strong></span> <span class='ocrx_word' id='word_1_710' title='bbox 2814 3736 2903 3787; x_wconf 90' lang='lat' dir='ltr'><strong>est</strong></span> <span class='ocrx_word' id='word_1_711' title='bbox 2921 3746 3053 3786; x_wconf 90' lang='lat' dir='ltr'><strong>eum</strong></span> <span class='ocrx_word' id='word_1_712' title='bbox 3083 3730 3230 3784; x_wconf 86' lang='lat' dir='ltr'><strong>Filio</strong></span> <span class='ocrx_word' id='word_1_713' title='bbox 3249 3730 3277 3784; x_wconf 84' lang='lat'><strong>?</strong></span> <span class='ocrx_word' id='word_1_714' title='bbox 3305 3729 3407 3786; x_wconf 92' lang='lat' dir='ltr'><strong>Vel</strong></span> <span class='ocrx_word' id='word_1_715' title='bbox 3438 3732 3653 3801; x_wconf 82' lang='lat' dir='ltr'><strong>potius.</strong></span> 
     </span>
    </p>
   </div>
   <div class='ocr_carea' id='block_1_86' title="bbox 2005 3818 3653 3894">
    <p class='ocr_par' dir='ltr' id='par_1_86' title="bbox 2005 3818 3653 3894">
     <span class='ocr_line' id='line_1_86' title="bbox 2005 3818 3653 3894; baseline -0.004 -14"><span class='ocrx_word' id='word_1_716' title='bbox 2005 3841 2199 3881; x_wconf 88' lang='lat' dir='ltr'><strong>annon</strong></span> <span class='ocrx_word' id='word_1_717' title='bbox 2223 3823 2484 3894; x_wconf 89' lang='lat' dir='ltr'><strong>undique</strong></span> <span class='ocrx_word' id='word_1_718' title='bbox 2518 3822 2887 3891; x_wconf 74' lang='lat' dir='ltr'><strong>maximeque</strong></span> <span class='ocrx_word' id='word_1_719' title='bbox 2906 3838 2940 3875; x_wconf 92' lang='lat' dir='ltr'><strong>a</strong></span> <span class='ocrx_word' id='word_1_720' title='bbox 2968 3818 3193 3875; x_wconf 85' lang='lat' dir='ltr'><strong>Joanne</strong></span> <span class='ocrx_word' id='word_1_721' title='bbox 3224 3818 3653 3874; x_wconf 90' lang='lat' dir='ltr'><strong>convincuntur</strong></span> 
     </span>
    </p>
   </div>
   <div class='ocr_carea' id='block_1_87' title="bbox 2002 3906 3652 3979">
    <p class='ocr_par' dir='ltr' id='par_1_87' title="bbox 2002 3906 3652 3979">
     <span class='ocr_line' id='line_1_87' title="bbox 2002 3906 3652 3979; baseline -0.005 -11"><span class='ocrx_word' id='word_1_722' title='bbox 2002 3912 2227 3977; x_wconf 82' lang='lat' dir='ltr'><strong>Ariani,</strong></span> <span class='ocrx_word' id='word_1_723' title='bbox 2261 3910 2429 3967; x_wconf 88' lang='lat' dir='ltr'><strong>aliter</strong></span> <span class='ocrx_word' id='word_1_724' title='bbox 2458 3909 2668 3965; x_wconf 84' lang='lat' dir='ltr'><strong>Filium</strong></span> <span class='ocrx_word' id='word_1_725' title='bbox 2692 3910 2753 3964; x_wconf 90' lang='lat' dir='ltr'><strong>in</strong></span> <span class='ocrx_word' id='word_1_726' title='bbox 2786 3909 2953 3965; x_wconf 88' lang='lat' dir='ltr'><strong>Patre</strong></span> <span class='ocrx_word' id='word_1_727' title='bbox 2982 3923 3134 3979; x_wconf 84' lang='lat' dir='ltr'><strong>esse,</strong></span> <span class='ocrx_word' id='word_1_728' title='bbox 3172 3913 3231 3963; x_wconf 87' lang='lat' dir='ltr'><strong>et</strong></span> <span class='ocrx_word' id='word_1_729' title='bbox 3257 3906 3428 3963; x_wconf 89' lang='lat' dir='ltr'><strong>aliter</strong></span> <span class='ocrx_word' id='word_1_730' title='bbox 3456 3923 3562 3964; x_wconf 88' lang='lat' dir='ltr'><strong>nos</strong></span> <span class='ocrx_word' id='word_1_731' title='bbox 3592 3906 3652 3961; x_wconf 90' lang='lat' dir='ltr'><strong>in</strong></span> 
     </span>
    </p>
   </div>
   <div class='ocr_carea' id='block_1_88' title="bbox 2005 3995 3649 4071">
    <p class='ocr_par' dir='ltr' id='par_1_88' title="bbox 2005 3995 3649 4071">
     <span class='ocr_line' id='line_1_88' title="bbox 2005 3995 3649 4071; baseline -0.004 -14"><span class='ocrx_word' id='word_1_732' title='bbox 2005 4002 2205 4057; x_wconf 89' lang='lat' dir='ltr'><strong>eodem</strong></span> <span class='ocrx_word' id='word_1_733' title='bbox 2231 4014 2579 4071; x_wconf 80' lang='lat' dir='ltr'><strong>esse,neque</strong></span> <span class='ocrx_word' id='word_1_734' title='bbox 2596 4014 2702 4054; x_wconf 88' lang='lat' dir='ltr'><strong>nos</strong></span> <span class='ocrx_word' id='word_1_735' title='bbox 2734 4013 2996 4069; x_wconf 89' lang='lat' dir='ltr'><strong>unquam</strong></span> <span class='ocrx_word' id='word_1_736' title='bbox 3023 3995 3364 4051; x_wconf 88' lang='lat' dir='ltr'><strong>eicutillum</strong></span> <span class='ocrx_word' id='word_1_737' title='bbox 3398 3996 3649 4062; x_wconf 86' lang='lat' dir='ltr'><strong>futuros,</strong></span> 
     </span>
    </p>
   </div>
   <div class='ocr_carea' id='block_1_89' title="bbox 2005 4082 3651 4162">
    <p class='ocr_par' dir='ltr' id='par_1_89' title="bbox 2005 4082 3651 4162">
     <span class='ocr_line' id='line_1_89' title="bbox 2005 4082 3651 4162; baseline -0.005 -15"><span class='ocrx_word' id='word_1_738' title='bbox 2005 4105 2193 4162; x_wconf 90' lang='lat' dir='ltr'><strong>neque</strong></span> <span class='ocrx_word' id='word_1_739' title='bbox 2222 4088 2476 4144; x_wconf 90' lang='lat' dir='ltr'><strong>Verbum</strong></span> <span class='ocrx_word' id='word_1_740' title='bbox 2510 4087 2661 4143; x_wconf 91' lang='lat' dir='ltr'><strong>sicut</strong></span> <span class='ocrx_word' id='word_1_741' title='bbox 2690 4102 2797 4141; x_wconf 86' lang='lat' dir='ltr'><strong>nos</strong></span> <span class='ocrx_word' id='word_1_742' title='bbox 2818 4084 3092 4151; x_wconf 79' lang='lat' dir='ltr'><strong>esse,nisi</strong></span> <span class='ocrx_word' id='word_1_743' title='bbox 3125 4085 3368 4156; x_wconf 83' lang='lat' dir='ltr'><strong>forte,ut</strong></span> <span class='ocrx_word' id='word_1_744' title='bbox 3388 4082 3651 4140; x_wconf 86' lang='lat' dir='ltr'><strong>mosillis</strong></span> 
     </span>
    </p>
   </div>
   <div class='ocr_carea' id='block_1_90' title="bbox 2004 4171 3647 4248">
    <p class='ocr_par' dir='ltr' id='par_1_90' title="bbox 2004 4171 3647 4248">
     <span class='ocr_line' id='line_1_90' title="bbox 2004 4171 3647 4248; baseline -0.006 -11"><span class='ocrx_word' id='word_1_745' title='bbox 2004 4178 2218 4243; x_wconf 85' lang='lat' dir='ltr'><strong>est,hic</strong></span> <span class='ocrx_word' id='word_1_746' title='bbox 2262 4193 2494 4248; x_wconf 91' lang='lat' dir='ltr'><strong>quoque</strong></span> <span class='ocrx_word' id='word_1_747' title='bbox 2546 4180 2763 4230; x_wconf 81' lang='lat' dir='ltr'><strong>temere</strong></span> <span class='ocrx_word' id='word_1_748' title='bbox 2820 4173 3180 4229; x_wconf 80' lang='lat' dir='ltr'><strong>contendant</strong></span> <span class='ocrx_word' id='word_1_749' title='bbox 3217 4173 3389 4229; x_wconf 83' lang='lat' dir='ltr'><strong>etiam</strong></span> <span class='ocrx_word' id='word_1_750' title='bbox 3437 4171 3647 4227; x_wconf 75' lang='lat' dir='ltr'><strong>Filium</strong></span> 
     </span>
    </p>
   </div>
   <div class='ocr_carea' id='block_1_91' title="bbox 2002 4261 3650 4340">
    <p class='ocr_par' dir='ltr' id='par_1_91' title="bbox 2002 4261 3650 4340">
     <span class='ocr_line' id='line_1_91' title="bbox 2002 4261 3650 4340; baseline -0.004 -17"><span class='ocrx_word' id='word_1_751' title='bbox 2002 4265 2463 4340; x_wconf 78' lang='lat' dir='ltr'><strong>ipsum,nonnisi</strong></span> <span class='ocrx_word' id='word_1_752' title='bbox 2495 4263 2751 4336; x_wconf 87' lang='lat' dir='ltr'><strong>Spiritus</strong></span> <span class='ocrx_word' id='word_1_753' title='bbox 2776 4261 3114 4333; x_wconf 87' lang='lat' dir='ltr'><strong>participem</strong></span> <span class='ocrx_word' id='word_1_754' title='bbox 3133 4261 3400 4317; x_wconf 72' lang='lat' dir='ltr'><strong>effectum</strong></span> <span class='ocrx_word' id='word_1_755' title='bbox 3424 4264 3481 4317; x_wconf 90' lang='lat' dir='ltr'><strong>et</strong></span> <span class='ocrx_word' id='word_1_756' title='bbox 3499 4265 3650 4318; x_wconf 85' lang='lat' dir='ltr'><strong>recte</strong></span> 
     </span>
    </p>
   </div>
   <div class='ocr_carea' id='block_1_92' title="bbox 2001 4349 3649 4421">
    <p class='ocr_par' dir='ltr' id='par_1_92' title="bbox 2001 4349 3649 4421">
     <span class='ocr_line' id='line_1_92' title="bbox 2001 4349 3649 4421; baseline -0.005 -8"><span class='ocrx_word' id='word_1_757' title='bbox 2001 4355 2170 4413; x_wconf 83' lang='lat' dir='ltr'><strong>factis</strong></span> <span class='ocrx_word' id='word_1_758' title='bbox 2198 4353 2484 4409; x_wconf 87' lang='lat' dir='ltr'><strong>meruisse</strong></span> <span class='ocrx_word' id='word_1_759' title='bbox 2507 4359 2573 4407; x_wconf 91' lang='lat' dir='ltr'><strong>ut</strong></span> <span class='ocrx_word' id='word_1_760' title='bbox 2593 4352 2650 4405; x_wconf 92' lang='lat' dir='ltr'><strong>in</strong></span> <span class='ocrx_word' id='word_1_761' title='bbox 2676 4355 2844 4407; x_wconf 86' lang='lat' dir='ltr'><strong>Patre</strong></span> <span class='ocrx_word' id='word_1_762' title='bbox 2873 4350 3214 4421; x_wconf 86' lang='lat' dir='ltr'><strong>esset,quod</strong></span> <span class='ocrx_word' id='word_1_763' title='bbox 3246 4354 3398 4405; x_wconf 87' lang='lat' dir='ltr'><strong>certe</strong></span> <span class='ocrx_word' id='word_1_764' title='bbox 3426 4349 3514 4404; x_wconf 92' lang='lat' dir='ltr'><strong>vel</strong></span> <span class='ocrx_word' id='word_1_765' title='bbox 3555 4366 3649 4404; x_wconf 90' lang='lat' dir='ltr'><strong>so-</strong></span> 
     </span>
    </p>
   </div>
   <div class='ocr_carea' id='block_1_93' title="bbox 1998 4439 3647 4516">
    <p class='ocr_par' dir='ltr' id='par_1_93' title="bbox 1998 4439 3647 4516">
     <span class='ocr_line' id='line_1_93' title="bbox 1998 4439 3647 4516; baseline -0.004 -15"><span class='ocrx_word' id='word_1_766' title='bbox 1998 4446 2125 4501; x_wconf 88' lang='lat' dir='ltr'><strong>lum</strong></span> <span class='ocrx_word' id='word_1_767' title='bbox 2157 4442 2397 4516; x_wconf 84' lang='lat' dir='ltr'><strong>cogitari</strong></span> <span class='ocrx_word' id='word_1_768' title='bbox 2427 4443 2649 4514; x_wconf 87' lang='lat' dir='ltr'><strong>absque</strong></span> <span class='ocrx_word' id='word_1_769' title='bbox 2680 4439 3238 4513; x_wconf 76' lang='lat' dir='ltr'><strong>summaimpietate</strong></span> <span class='ocrx_word' id='word_1_770' title='bbox 3268 4455 3382 4496; x_wconf 88' lang='lat' dir='ltr'><strong>non</strong></span> <span class='ocrx_word' id='word_1_771' title='bbox 3434 4442 3647 4513; x_wconf 84' lang='lat' dir='ltr'><strong>potest.</strong></span> 
     </span>
    </p>
   </div>
   <div class='ocr_carea' id='block_1_94' title="bbox 310 4620 1899 4696">
    <p class='ocr_par' dir='ltr' id='par_1_94' title="bbox 310 4620 1867 4693">
     <span class='ocr_line' id='line_1_94' title="bbox 310 4620 1867 4693; baseline 0.003 -18"><span class='ocrx_word' id='word_1_772' title='bbox 310 4622 356 4657; x_wconf 77' lang='grc'>³³</span> <span class='ocrx_word' id='word_1_773' title='bbox 385 4620 589 4676; x_wconf 84' lang='lat' dir='ltr'><strong>Bzech.</strong></span> <span class='ocrx_word' id='word_1_774' title='bbox 630 4636 827 4689; x_wconf 79' lang='lat' dir='ltr'><strong>xxvui,</strong></span> <span class='ocrx_word' id='word_1_775' title='bbox 866 4621 922 4676; x_wconf 88' lang='lat'><strong>2.</strong></span> <span class='ocrx_word' id='word_1_776' title='bbox 962 4621 1009 4656; x_wconf 70' lang='grc' dir='ltr'><strong><em>η</em></strong></span> <span class='ocrx_word' id='word_1_777' title='bbox 1050 4622 1212 4678; x_wconf 81' lang='lat' dir='ltr'><strong>Prov.</strong></span> <span class='ocrx_word' id='word_1_778' title='bbox 1253 4623 1417 4693; x_wconf 77' lang='lat' dir='ltr'><strong>x&#39;xm,</strong></span> <span class='ocrx_word' id='word_1_779' title='bbox 1460 4624 1512 4678; x_wconf 84' lang='grc'><strong>4.</strong></span> <span class='ocrx_word' id='word_1_780' title='bbox 1553 4624 1600 4658; x_wconf 72' lang='grc'><strong>³⁸</strong></span> <span class='ocrx_word' id='word_1_781' title='bbox 1638 4625 1659 4679; x_wconf 95' lang='grc' dir='ltr'>Ι</span> <span class='ocrx_word' id='word_1_782' title='bbox 1696 4624 1867 4680; x_wconf 85' lang='lat' dir='ltr'><strong>Joan.</strong></span> 
     </span>
    </p>
   </div>
   <div class='ocr_carea' id='block_1_95' title="bbox 2013 4620 2523 4696">
    <p class='ocr_par' dir='ltr' id='par_1_95' title="bbox 2030 4620 2523 4680">
     <span class='ocr_line' id='line_1_95' title="bbox 2030 4620 2523 4680; baseline -0.012 0"><span class='ocrx_word' id='word_1_783' title='bbox 2030 4623 2121 4680; x_wconf 80' lang='lat'><strong>13.</strong></span> <span class='ocrx_word' id='word_1_784' title='bbox 2162 4624 2207 4658; x_wconf 82' lang='grc'><strong>³⁸</strong></span> <span class='ocrx_word' id='word_1_785' title='bbox 2247 4620 2393 4677; x_wconf 89' lang='lat' dir='ltr'><strong>ibid.</strong></span> <span class='ocrx_word' id='word_1_786' title='bbox 2436 4620 2523 4675; x_wconf 88' lang='lat'><strong>15.</strong></span> 
     </span>
    </p>
   </div>
   <div class='ocr_carea' id='block_1_96' title="bbox 308 4792 1899 4871">
    <p class='ocr_par' dir='ltr' id='par_1_96' title="bbox 308 4794 1883 4871">
     <span class='ocr_line' id='line_1_96' title="bbox 308 4794 1883 4871; baseline 0.001 -18"><span class='ocrx_word' id='word_1_787' title='bbox 308 4798 425 4871; x_wconf 89' lang='lat'><strong>(13)</strong></span> <span class='ocrx_word' id='word_1_788' title='bbox 454 4797 665 4871; x_wconf 12' lang='lat' dir='ltr'><strong>Grobler</strong></span> <span class='ocrx_word' id='word_1_789' title='bbox 716 4802 773 4852; x_wconf 88' lang='lat' dir='ltr'><strong>et</strong></span> <span class='ocrx_word' id='word_1_790' title='bbox 801 4796 945 4871; x_wconf 71' lang='lat' dir='ltr'><strong>Felc.</strong></span> <span class='ocrx_word' id='word_1_791' title='bbox 980 4799 1034 4871; x_wconf 85' lang='grc'><strong>1,</strong></span> <span class='ocrx_word' id='word_1_792' title='bbox 1069 4799 1096 4851; x_wconf 93' lang='lat'><strong>6</strong></span> <span class='ocrx_word' id='word_1_793' title='bbox 1128 4794 1185 4851; x_wconf 78' lang='grc' dir='ltr'>δὶ</span> <span class='ocrx_word' id='word_1_794' title='bbox 1243 4796 1548 4859; x_wconf 83' lang='grc' dir='ltr'>ἀπόστολος</span> <span class='ocrx_word' id='word_1_795' title='bbox 1607 4798 1883 4867; x_wconf 90' lang='grc' dir='ltr'>Ἰωάννης.</span> 
     </span>
    </p>
   </div>
   <div class='ocr_carea' id='block_1_97' title="bbox 2013 4792 3645 4871">
    <p class='ocr_par' dir='ltr' id='par_1_97' title="bbox 2068 4792 3645 4871">
     <span class='ocr_line' id='line_1_97' title="bbox 2068 4792 3645 4871; baseline -0.005 -15"><span class='ocrx_word' id='word_1_796' title='bbox 2068 4801 2181 4866; x_wconf 83' lang='grc'>(19)</span> <span class='ocrx_word' id='word_1_797' title='bbox 2215 4799 2309 4855; x_wconf 90' lang='lat' dir='ltr'><strong>Sic</strong></span> <span class='ocrx_word' id='word_1_798' title='bbox 2342 4799 2477 4871; x_wconf 72' lang='lat' dir='ltr'><strong>Reg.</strong></span> <span class='ocrx_word' id='word_1_799' title='bbox 2512 4798 2564 4863; x_wconf 81' lang='lat'><strong>1,</strong></span> <span class='ocrx_word' id='word_1_800' title='bbox 2598 4802 2833 4868; x_wconf 76' lang='lat' dir='ltr'><strong>Seguer.</strong></span> <span class='ocrx_word' id='word_1_801' title='bbox 2866 4796 3102 4871; x_wconf 82' lang='lat' dir='ltr'><strong>Gobler.</strong></span> <span class='ocrx_word' id='word_1_802' title='bbox 3145 4798 3202 4849; x_wconf 88' lang='lat' dir='ltr'><strong>et</strong></span> <span class='ocrx_word' id='word_1_803' title='bbox 3258 4792 3405 4849; x_wconf 81' lang='lat' dir='ltr'><strong>Felc.</strong></span> <span class='ocrx_word' id='word_1_804' title='bbox 3468 4794 3518 4848; x_wconf 90' lang='lat'><strong>1.</strong></span> <span class='ocrx_word' id='word_1_805' title='bbox 3554 4795 3645 4871; x_wconf 4' lang='lat' dir='ltr'><strong>(At</strong></span> 
     </span>
    </p>
   </div>
   <div class='ocr_carea' id='block_1_98' title="bbox 306 4869 1883 4953">
    <p class='ocr_par' dir='ltr' id='par_1_98' title="bbox 306 4869 1883 4953">
     <span class='ocr_line' id='line_1_98' title="bbox 306 4869 1883 4953; baseline 0 0"><span class='ocrx_word' id='word_1_806' title='bbox 306 4869 544 4953; x_wconf 55' lang='grc' dir='ltr'>ιιωείρ</span> <span class='ocrx_word' id='word_1_807' title='bbox 574 4874 821 4953; x_wconf 58' lang='lat' dir='ltr'><strong>“tersae</strong></span> <span class='ocrx_word' id='word_1_808' title='bbox 847 4869 1155 4953; x_wconf 60' lang='grc' dir='ltr'><strong>Βρδὲυερι</strong></span> <span class='ocrx_word' id='word_1_809' title='bbox 1181 4872 1520 4953; x_wconf 61' lang='grc' dir='ltr'>δεευετίειρ-</span> <span class='ocrx_word' id='word_1_810' title='bbox 1572 4878 1649 4953; x_wconf 49' lang='lat' dir='ltr'><strong>et</strong></span> <span class='ocrx_word' id='word_1_811' title='bbox 1676 4948 1682 4953; x_wconf 69' lang='grc'>.</span> <span class='ocrx_word' id='word_1_812' title='bbox 1710 4875 1883 4953; x_wconf 56' lang='lat' dir='ltr'><strong>Bas&quot;:</strong></span> 
     </span>
    </p>
   </div>
   <div class='ocr_carea' id='block_1_99' title="bbox 234 4935 1886 5013">
    <p class='ocr_par' dir='ltr' id='par_1_99' title="bbox 234 4935 1886 5013">
     <span class='ocr_line' id='line_1_99' title="bbox 234 4935 1886 5013; baseline 0.002 -18"><span class='ocrx_word' id='word_1_813' title='bbox 234 4935 583 5013; x_wconf 30' lang='lat' dir='ltr'><strong>GublsFelc.</strong></span> <span class='ocrx_word' id='word_1_814' title='bbox 618 4942 643 4995; x_wconf 85' lang='lat'><strong>1</strong></span> <span class='ocrx_word' id='word_1_815' title='bbox 678 4935 810 5013; x_wconf 44' lang='lat' dir='ltr'><strong>(tt-5)</strong></span> <span class='ocrx_word' id='word_1_816' title='bbox 840 4935 1044 5013; x_wconf 69' lang='grc' dir='ltr'>διδάξει</span> <span class='ocrx_word' id='word_1_817' title='bbox 1076 4937 1134 4994; x_wconf 72' lang='grc' dir='ltr'>δὲ</span> <span class='ocrx_word' id='word_1_818' title='bbox 1171 4935 1290 5003; x_wconf 58' lang='grc' dir='ltr'>πῶς</span> <span class='ocrx_word' id='word_1_819' title='bbox 1341 4945 1526 5013; x_wconf 82' lang='grc' dir='ltr'>ἡμεῖς.</span> <span class='ocrx_word' id='word_1_820' title='bbox 1579 4948 1777 4998; x_wconf 63' lang='lat' dir='ltr'><strong>(laetari</strong></span> <span class='ocrx_word' id='word_1_821' title='bbox 1829 4950 1886 5000; x_wconf 84' lang='lat' dir='ltr'><strong>el.</strong></span> 
     </span>
    </p>
   </div>
   <div class='ocr_carea' id='block_1_100' title="bbox 235 5007 1878 5088">
    <p class='ocr_par' dir='ltr' id='par_1_100' title="bbox 235 5007 1878 5088">
     <span class='ocr_line' id='line_1_100' title="bbox 235 5007 1878 5088; baseline 0.002 -20"><span class='ocrx_word' id='word_1_822' title='bbox 235 5012 412 5068; x_wconf 79' lang='lat' dir='ltr'><strong>editio</strong></span> <span class='ocrx_word' id='word_1_823' title='bbox 444 5011 749 5088; x_wconf 47' lang='lat' dir='ltr'><strong>Comma],</strong></span> <span class='ocrx_word' id='word_1_824' title='bbox 779 5007 988 5088; x_wconf 71' lang='grc' dir='ltr'>διδάξει</span> <span class='ocrx_word' id='word_1_825' title='bbox 1010 5032 1069 5088; x_wconf 71' lang='grc' dir='ltr'><strong>τε</strong></span> <span class='ocrx_word' id='word_1_826' title='bbox 1105 5016 1234 5088; x_wconf 30' lang='grc' dir='ltr'>πῶς.</span> <span class='ocrx_word' id='word_1_827' title='bbox 1277 5007 1462 5088; x_wconf 73' lang='grc' dir='ltr'>ἡμεῖς.</span> <span class='ocrx_word' id='word_1_828' title='bbox 1498 5015 1878 5088; x_wconf 28' lang='lat' dir='ltr'><strong>Moxnlieg._1</strong></span> 
     </span>
    </p>
   </div>
   <div class='ocr_carea' id='block_1_101' title="bbox 232 5081 1882 5211">
    <p class='ocr_par' dir='ltr' id='par_1_101' title="bbox 232 5081 1882 5211">
     <span class='ocr_line' id='line_1_101' title="bbox 232 5081 1882 5211; baseline -0.003 -67"><span class='ocrx_word' id='word_1_829' title='bbox 232 5090 290 5211; x_wconf 60' lang='grc' dir='ltr'>Ξῖ</span> <span class='ocrx_word' id='word_1_830' title='bbox 319 5090 560 5210; x_wconf 66' lang='lat' dir='ltr'><strong>Setguer.</strong></span> <span class='ocrx_word' id='word_1_831' title='bbox 593 5084 759 5155; x_wconf 77' lang='grc' dir='ltr'>ἡμεῖς</span> <span class='ocrx_word' id='word_1_832' title='bbox 796 5081 890 5155; x_wconf 72' lang='grc' dir='ltr'>μὲν</span> <span class='ocrx_word' id='word_1_833' title='bbox 926 5082 975 5137; x_wconf 81' lang='grc' dir='ltr'><strong>έν</strong></span> <span class='ocrx_word' id='word_1_834' title='bbox 1011 5083 1180 5156; x_wconf 70' lang='grc' dir='ltr'>αὐτῷ.</span> <span class='ocrx_word' id='word_1_835' title='bbox 1217 5086 1276 5141; x_wconf 89' lang='lat' dir='ltr'><strong>ln</strong></span> <span class='ocrx_word' id='word_1_836' title='bbox 1303 5081 1441 5142; x_wconf 55' lang='lat' dir='ltr'><strong>aliis</strong></span> <span class='ocrx_word' id='word_1_837' title='bbox 1492 5092 1548 5142; x_wconf 65' lang='grc' dir='ltr'><strong>(τί.</strong></span> <span class='ocrx_word' id='word_1_838' title='bbox 1578 5081 1882 5159; x_wconf 63' lang='grc' dir='ltr'>Θιίἱῐὶ8’μέν</span> 
     </span>
     <span class='ocr_line' id='line_1_102' title="bbox 271 5172 419 5211; baseline -0.007 0"><span class='ocrx_word' id='word_1_839' title='bbox 271 5172 371 5211; x_wconf 74' lang='grc'><strong>888</strong></span> <span class='ocrx_word' id='word_1_840' title='bbox 406 5199 419 5210; x_wconf 93' lang='grc'><strong>.</strong></span> 
     </span>
    </p>
   </div>
   <div class='ocr_carea' id='block_1_102' title="bbox 271 5163 419 5211">
    <p class='ocr_par' dir='ltr' id='par_1_102' title="bbox 271 5163 419 5211">
     <span class='ocr_line' id='line_1_103' title="bbox 271 5163 419 5211; baseline -0.007 0"><span class='ocrx_word' id='word_1_841' title='bbox 271 5163 419 5211; x_wconf 87' lang='lat' dir='ltr'><strong>eest.</strong></span> 
     </span>
    </p>
   </div>
   <div class='ocr_carea' id='block_1_103' title="bbox 303 5224 1623 5301">
    <p class='ocr_par' dir='ltr' id='par_1_103' title="bbox 303 5224 1623 5301">
     <span class='ocr_line' id='line_1_104' title="bbox 303 5224 1623 5301; baseline 0.001 -20"><span class='ocrx_word' id='word_1_842' title='bbox 303 5229 418 5298; x_wconf 82' lang='grc'>(15)</span> <span class='ocrx_word' id='word_1_843' title='bbox 453 5225 652 5301; x_wconf 40' lang='grc' dir='ltr'><strong>Βειξιί-Ιη</strong></span> <span class='ocrx_word' id='word_1_844' title='bbox 682 5224 817 5278; x_wconf 74' lang='grc' dir='ltr'>κατὰ</span> <span class='ocrx_word' id='word_1_845' title='bbox 847 5224 1030 5301; x_wconf 40' lang='grc' dir='ltr'>φ-ύσιν.</span> <span class='ocrx_word' id='word_1_846' title='bbox 1072 5227 1320 5301; x_wconf 55' lang='lat' dir='ltr'><strong>Anglia,</strong></span> <span class='ocrx_word' id='word_1_847' title='bbox 1355 5230 1422 5301; x_wconf 77' lang='grc' dir='ltr'><strong>τῇ</strong></span> <span class='ocrx_word' id='word_1_848' title='bbox 1448 5226 1623 5301; x_wconf 80' lang='grc' dir='ltr'>φύσει.</span> 
     </span>
    </p>
   </div>
   <div class='ocr_carea' id='block_1_104' title="bbox 303 5297 1760 5374">
    <p class='ocr_par' dir='ltr' id='par_1_104' title="bbox 303 5297 1760 5374">
     <span class='ocr_line' id='line_1_105' title="bbox 303 5297 1760 5374; baseline -0.001 -19"><span class='ocrx_word' id='word_1_849' title='bbox 303 5300 419 5374; x_wconf 61' lang='grc'>(17)</span> <span class='ocrx_word' id='word_1_850' title='bbox 450 5297 681 5374; x_wconf 62' lang='lat' dir='ltr'><strong>gobler.</strong></span> <span class='ocrx_word' id='word_1_851' title='bbox 716 5302 775 5374; x_wconf 62' lang='lat' dir='ltr'><strong>9t</strong></span> <span class='ocrx_word' id='word_1_852' title='bbox 805 5297 951 5353; x_wconf 78' lang='lat' dir='ltr'><strong>Félc.</strong></span> <span class='ocrx_word' id='word_1_853' title='bbox 980 5305 1031 5374; x_wconf 62' lang='lat' dir='ltr'><strong>l,</strong></span> <span class='ocrx_word' id='word_1_854' title='bbox 1061 5297 1245 5374; x_wconf 66' lang='grc' dir='ltr'>τοίνυν</span> <span class='ocrx_word' id='word_1_855' title='bbox 1273 5297 1529 5369; x_wconf 80' lang='grc' dir='ltr'>Ἰωάννης</span> <span class='ocrx_word' id='word_1_856' title='bbox 1564 5297 1760 5374; x_wconf 81' lang='grc' dir='ltr'>λέγων.</span> 
     </span>
    </p>
   </div>
   <div class='ocr_carea' id='block_1_105' title="bbox 302 5369 1881 5446">
    <p class='ocr_par' dir='ltr' id='par_1_105' title="bbox 302 5369 1881 5446">
     <span class='ocr_line' id='line_1_106' title="bbox 302 5369 1881 5446; baseline -0.012 -5"><span class='ocrx_word' id='word_1_857' title='bbox 302 5372 419 5441; x_wconf 70' lang='grc'>(17)</span> <span class='ocrx_word' id='word_1_858' title='bbox 453 5370 593 5441; x_wconf 69' lang='grc' dir='ltr'><strong>ΗΘΒ.</strong></span> <span class='ocrx_word' id='word_1_859' title='bbox 630 5369 679 5433; x_wconf 86' lang='grc'>1,</span> <span class='ocrx_word' id='word_1_860' title='bbox 711 5372 946 5441; x_wconf 79' lang='lat' dir='ltr'><strong>Seguer.</strong></span> <span class='ocrx_word' id='word_1_861' title='bbox 972 5369 1201 5427; x_wconf 77' lang='lat' dir='ltr'><strong>Gobler.</strong></span> <span class='ocrx_word' id='word_1_862' title='bbox 1236 5377 1292 5428; x_wconf 88' lang='lat' dir='ltr'><strong>et</strong></span> <span class='ocrx_word' id='word_1_863' title='bbox 1346 5374 1494 5429; x_wconf 85' lang='lat' dir='ltr'><strong>Fclc.</strong></span> <span class='ocrx_word' id='word_1_864' title='bbox 1550 5374 1598 5441; x_wconf 90' lang='lat'><strong>1,</strong></span> <span class='ocrx_word' id='word_1_865' title='bbox 1641 5369 1881 5446; x_wconf 79' lang='grc' dir='ltr'>’γεγενῆ-</span> 
     </span>
    </p>
   </div>
   <div class='ocr_carea' id='block_1_106' title="bbox 294 5461 349 5494">
    <p class='ocr_par' dir='ltr' id='par_1_106' title="bbox 294 5461 349 5494">
     <span class='ocr_line' id='line_1_107' title="bbox 294 5461 349 5494; baseline -0.018 0"><span class='ocrx_word' id='word_1_866' title='bbox 294 5461 349 5494; x_wconf 87' lang='grc' dir='ltr'><strong>αι</strong></span> 
     </span>
    </p>
   </div>
   <div class='ocr_carea' id='block_1_107' title="bbox 304 5511 1887 5586">
    <p class='ocr_par' dir='ltr' id='par_1_107' title="bbox 304 5511 1887 5586">
     <span class='ocr_line' id='line_1_108' title="bbox 304 5511 1887 5586; baseline -0.001 -17"><span class='ocrx_word' id='word_1_867' title='bbox 304 5512 540 5586; x_wconf 3' lang='grc' dir='ltr'>(18)(8ἱο</span> <span class='ocrx_word' id='word_1_868' title='bbox 571 5512 797 5586; x_wconf 80' lang='lat' dir='ltr'><strong>Reg._1,</strong></span> <span class='ocrx_word' id='word_1_869' title='bbox 830 5511 1168 5586; x_wconf 80' lang='lat' dir='ltr'><strong>Seguerian.</strong></span> <span class='ocrx_word' id='word_1_870' title='bbox 1208 5514 1506 5586; x_wconf 76' lang='lat' dir='ltr'><strong>Anglican.</strong></span> <span class='ocrx_word' id='word_1_871' title='bbox 1541 5513 1773 5570; x_wconf 87' lang='lat' dir='ltr'><strong>Gobler.</strong></span> <span class='ocrx_word' id='word_1_872' title='bbox 1831 5516 1887 5567; x_wconf 87' lang='lat' dir='ltr'><strong>et</strong></span> 
     </span>
    </p>
   </div>
   <div class='ocr_carea' id='block_1_108' title="bbox 232 5582 1887 5656">
    <p class='ocr_par' dir='ltr' id='par_1_108' title="bbox 232 5582 1887 5656">
     <span class='ocr_line' id='line_1_109' title="bbox 232 5582 1887 5656; baseline 0.001 -19"><span class='ocrx_word' id='word_1_873' title='bbox 232 5582 473 5648; x_wconf 24' lang='lat' dir='ltr'><strong>Felc.’1,</strong></span> <span class='ocrx_word' id='word_1_874' title='bbox 510 5582 687 5656; x_wconf 85' lang='lat' dir='ltr'><strong>atque</strong></span> <span class='ocrx_word' id='word_1_875' title='bbox 715 5582 795 5656; x_wconf 82' lang='lat' dir='ltr'><strong>ita</strong></span> <span class='ocrx_word' id='word_1_876' title='bbox 825 5583 967 5656; x_wconf 76' lang='lat' dir='ltr'><strong>legit</strong></span> <span class='ocrx_word' id='word_1_877' title='bbox 995 5582 1402 5641; x_wconf 40' lang='lat' dir='ltr'><strong>Nanniuszt</strong></span> <span class='ocrx_word' id='word_1_878' title='bbox 1430 5589 1485 5640; x_wconf 90' lang='lat' dir='ltr'><strong>in</strong></span> <span class='ocrx_word' id='word_1_879' title='bbox 1522 5586 1654 5656; x_wconf 87' lang='lat' dir='ltr'><strong>aliis</strong></span> <span class='ocrx_word' id='word_1_880' title='bbox 1682 5595 1741 5641; x_wconf 90' lang='lat' dir='ltr'><strong>et</strong></span> <span class='ocrx_word' id='word_1_881' title='bbox 1768 5586 1887 5641; x_wconf 87' lang='lat' dir='ltr'><strong>edi-</strong></span> 
     </span>
    </p>
   </div>
   <div class='ocr_carea' id='block_1_109' title="bbox 235 5654 1885 5729">
    <p class='ocr_par' dir='ltr' id='par_1_109' title="bbox 235 5654 1885 5729">
     <span class='ocr_line' id='line_1_110' title="bbox 235 5654 1885 5729; baseline 0 -18"><span class='ocrx_word' id='word_1_882' title='bbox 235 5657 396 5729; x_wconf 83' lang='lat' dir='ltr'><strong>tione</strong></span> <span class='ocrx_word' id='word_1_883' title='bbox 427 5654 710 5729; x_wconf 80' lang='lat' dir='ltr'><strong>Commel.</strong></span> <span class='ocrx_word' id='word_1_884' title='bbox 744 5654 1107 5729; x_wconf 59' lang='lat' dir='ltr'><strong>haecdesunt</strong></span> <span class='ocrx_word' id='word_1_885' title='bbox 1134 5660 1329 5724; x_wconf 85' lang='lat' dir='ltr'><strong>verba,</strong></span> <span class='ocrx_word' id='word_1_886' title='bbox 1374 5656 1516 5711; x_wconf 74' lang='grc' dir='ltr'>οὕτω</span> <span class='ocrx_word' id='word_1_887' title='bbox 1576 5655 1664 5711; x_wconf 82' lang='grc' dir='ltr'><strong>καὶ</strong></span> <span class='ocrx_word' id='word_1_888' title='bbox 1721 5660 1885 5729; x_wconf 83' lang='grc' dir='ltr'>ἡμεῖς</span> 
     </span>
    </p>
   </div>
   <div class='ocr_carea' id='block_1_110' title="bbox 242 5723 908 5802">
    <p class='ocr_par' dir='ltr' id='par_1_110' title="bbox 242 5723 908 5802">
     <span class='ocr_line' id='line_1_111' title="bbox 242 5723 908 5802; baseline 0.002 -21"><span class='ocrx_word' id='word_1_889' title='bbox 242 5728 507 5801; x_wconf 86' lang='grc' dir='ltr'>γινόμεθα</span> <span class='ocrx_word' id='word_1_890' title='bbox 535 5726 588 5783; x_wconf 84' lang='grc' dir='ltr'>ἐν</span> <span class='ocrx_word' id='word_1_891' title='bbox 618 5729 700 5799; x_wconf 81' lang='grc' dir='ltr'><strong>τῷ</strong></span> <span class='ocrx_word' id='word_1_892' title='bbox 720 5723 908 5802; x_wconf 73' lang='grc' dir='ltr'>Πατρί.</span> 
     </span>
    </p>
   </div>
   <div class='ocr_carea' id='block_1_111' title="bbox 1996 4868 3644 4937">
    <p class='ocr_par' dir='ltr' id='par_1_111' title="bbox 1996 4868 3644 4937">
     <span class='ocr_line' id='line_1_112' title="bbox 1996 4868 3644 4937; baseline -0.005 -10"><span class='ocrx_word' id='word_1_893' title='bbox 1996 4873 2095 4928; x_wconf 87' lang='lat' dir='ltr'><strong>alii</strong></span> <span class='ocrx_word' id='word_1_894' title='bbox 2126 4878 2183 4927; x_wconf 87' lang='lat' dir='ltr'><strong>et</strong></span> <span class='ocrx_word' id='word_1_895' title='bbox 2211 4872 2351 4927; x_wconf 86' lang='lat' dir='ltr'><strong>editi</strong></span> <span class='ocrx_word' id='word_1_896' title='bbox 2380 4869 2441 4924; x_wconf 83' lang='grc' dir='ltr'><strong>τό</strong></span> <span class='ocrx_word' id='word_1_897' title='bbox 2477 4872 2776 4925; x_wconf 86' lang='lat' dir='ltr'><strong>omittunt.</strong></span> <span class='ocrx_word' id='word_1_898' title='bbox 2809 4870 2953 4925; x_wconf 91' lang='lat' dir='ltr'><strong>Ibid.</strong></span> <span class='ocrx_word' id='word_1_899' title='bbox 2988 4868 3110 4923; x_wconf 70' lang='lat' dir='ltr'><strong>haec</strong></span> <span class='ocrx_word' id='word_1_900' title='bbox 3140 4880 3268 4937; x_wconf 65' lang='lat' dir='ltr'><strong>qua</strong></span> <span class='ocrx_word' id='word_1_901' title='bbox 3311 4869 3644 4936; x_wconf 87' lang='lat' dir='ltr'><strong>sequuntur</strong></span> 
     </span>
    </p>
   </div>
   <div class='ocr_carea' id='block_1_112' title="bbox 1993 4938 3641 5013">
    <p class='ocr_par' dir='ltr' id='par_1_112' title="bbox 1993 4938 3641 5013">
     <span class='ocr_line' id='line_1_113' title="bbox 1993 4938 3641 5013; baseline -0.007 -14"><span class='ocrx_word' id='word_1_902' title='bbox 1993 4946 2187 5009; x_wconf 80' lang='lat' dir='ltr'><strong>verba,</strong></span> <span class='ocrx_word' id='word_1_903' title='bbox 2221 4939 2366 4997; x_wconf 82' lang='grc' dir='ltr'><strong>ἀλλά</strong></span> <span class='ocrx_word' id='word_1_904' title='bbox 2402 4939 2614 5013; x_wconf 83' lang='grc' dir='ltr'>μᾶλλον</span> <span class='ocrx_word' id='word_1_905' title='bbox 2645 4940 2807 5013; x_wconf 80' lang='grc' dir='ltr'>αὐτὸς</span> <span class='ocrx_word' id='word_1_906' title='bbox 2836 4945 2952 5000; x_wconf 91' lang='grc' dir='ltr'>τοῖς</span> <span class='ocrx_word' id='word_1_907' title='bbox 2987 4943 3118 5013; x_wconf 72' lang='grc' dir='ltr'>πᾷσι</span> <span class='ocrx_word' id='word_1_908' title='bbox 3160 4938 3359 5013; x_wconf 19' lang='grc' dir='ltr'>τοῦτο,</span> <span class='ocrx_word' id='word_1_909' title='bbox 3382 4939 3641 5013; x_wconf 76' lang='grc' dir='ltr'>χορηγεῖ,</span> 
     </span>
    </p>
   </div>
   <div class='ocr_carea' id='block_1_113' title="bbox 1992 5005 3642 5085">
    <p class='ocr_par' dir='ltr' id='par_1_113' title="bbox 1992 5005 3642 5085">
     <span class='ocr_line' id='line_1_114' title="bbox 1992 5005 3642 5085; baseline -0.002 -17"><span class='ocrx_word' id='word_1_910' title='bbox 1992 5014 2083 5068; x_wconf 80' lang='grc' dir='ltr'><strong>καὶ</strong></span> <span class='ocrx_word' id='word_1_911' title='bbox 2119 5005 2184 5069; x_wconf 68' lang='grc' dir='ltr'>οὗ</span> <span class='ocrx_word' id='word_1_912' title='bbox 2214 5014 2275 5068; x_wconf 75' lang='grc' dir='ltr'>τὸ</span> <span class='ocrx_word' id='word_1_913' title='bbox 2310 5005 2528 5085; x_wconf 70' lang='grc' dir='ltr'>Πνεῦμα</span> <span class='ocrx_word' id='word_1_914' title='bbox 2560 5011 2811 5067; x_wconf 85' lang='grc' dir='ltr'>συνάπτει</span> <span class='ocrx_word' id='word_1_915' title='bbox 2842 5012 2950 5085; x_wconf 14' lang='grc' dir='ltr'>τὸν,</span> <span class='ocrx_word' id='word_1_916' title='bbox 2979 5009 3155 5085; x_wconf 58' lang='grc' dir='ltr'>Λόγον</span> <span class='ocrx_word' id='word_1_917' title='bbox 3189 5010 3265 5078; x_wconf 81' lang='grc' dir='ltr'><strong>τῷ</strong></span> <span class='ocrx_word' id='word_1_918' title='bbox 3298 5005 3509 5085; x_wconf 50' lang='grc' dir='ltr'><strong>⁸Παξρζ,</strong></span> <span class='ocrx_word' id='word_1_919' title='bbox 3542 5005 3642 5085; x_wconf 62' lang='lat' dir='ltr'><strong>dg-</strong></span> 
     </span>
    </p>
   </div>
   <div class='ocr_carea' id='block_1_114' title="bbox 1994 5080 3638 5152">
    <p class='ocr_par' dir='ltr' id='par_1_114' title="bbox 1994 5080 3638 5152">
     <span class='ocr_line' id='line_1_115' title="bbox 1994 5080 3638 5152; baseline -0.005 -9"><span class='ocrx_word' id='word_1_920' title='bbox 1994 5091 2133 5143; x_wconf 87' lang='lat' dir='ltr'><strong>sunt</strong></span> <span class='ocrx_word' id='word_1_921' title='bbox 2163 5087 2219 5141; x_wconf 91' lang='lat' dir='ltr'><strong>in</strong></span> <span class='ocrx_word' id='word_1_922' title='bbox 2254 5080 2479 5142; x_wconf 67' lang='lat' dir='ltr'><strong>Gobler.</strong></span> <span class='ocrx_word' id='word_1_923' title='bbox 2515 5090 2568 5141; x_wconf 85' lang='lat' dir='ltr'><strong>et</strong></span> <span class='ocrx_word' id='word_1_924' title='bbox 2602 5084 2747 5140; x_wconf 36' lang='lat' dir='ltr'><strong>li&#39;elc.</strong></span> <span class='ocrx_word' id='word_1_925' title='bbox 2784 5086 2833 5139; x_wconf 92' lang='lat'><strong>1.</strong></span> <span class='ocrx_word' id='word_1_926' title='bbox 2870 5080 3095 5152; x_wconf 81' lang='lat' dir='ltr'><strong>Ibidem</strong></span> <span class='ocrx_word' id='word_1_927' title='bbox 3123 5081 3263 5152; x_wconf 79' lang='lat' dir='ltr'><strong>Reg.</strong></span> <span class='ocrx_word' id='word_1_928' title='bbox 3294 5081 3349 5147; x_wconf 91' lang='lat'><strong>2,</strong></span> <span class='ocrx_word' id='word_1_929' title='bbox 3400 5080 3638 5152; x_wconf 10' lang='lat' dir='ltr'><strong>Felc.75,</strong></span> 
     </span>
    </p>
   </div>
   <div class='ocr_carea' id='block_1_115' title="bbox 1994 5149 3642 5232">
    <p class='ocr_par' dir='ltr' id='par_1_115' title="bbox 1994 5149 3642 5232">
     <span class='ocr_line' id='line_1_116' title="bbox 1994 5149 3642 5232; baseline -0.004 -17"><span class='ocrx_word' id='word_1_930' title='bbox 1994 5164 2052 5215; x_wconf 92' lang='lat' dir='ltr'><strong>et</strong></span> <span class='ocrx_word' id='word_1_931' title='bbox 2079 5158 2331 5232; x_wconf 46' lang='lat' dir='ltr'><strong>Anglic.)</strong></span> <span class='ocrx_word' id='word_1_932' title='bbox 2365 5157 2509 5232; x_wconf 75' lang='grc' dir='ltr'>παρά</span> <span class='ocrx_word' id='word_1_933' title='bbox 2536 5158 2633 5209; x_wconf 82' lang='grc' dir='ltr'><strong>τοῦ</strong></span> <span class='ocrx_word' id='word_1_934' title='bbox 2670 5154 2843 5229; x_wconf 60' lang='grc' dir='ltr'>Λόγου</span> <span class='ocrx_word' id='word_1_935' title='bbox 2879 5157 3041 5208; x_wconf 85' lang='grc' dir='ltr'>τοῦτο</span> <span class='ocrx_word' id='word_1_936' title='bbox 3073 5149 3362 5225; x_wconf 79' lang='grc' dir='ltr'>λαμϐάνει.</span> <span class='ocrx_word' id='word_1_937' title='bbox 3397 5156 3459 5208; x_wconf 84' lang='lat' dir='ltr'><strong>In</strong></span> <span class='ocrx_word' id='word_1_938' title='bbox 3510 5149 3642 5208; x_wconf 91' lang='lat' dir='ltr'><strong>aliis</strong></span> 
     </span>
    </p>
   </div>
   <div class='ocr_carea' id='block_1_116' title="bbox 1993 5230 2643 5286">
    <p class='ocr_par' dir='ltr' id='par_1_116' title="bbox 1993 5230 2643 5286">
     <span class='ocr_line' id='line_1_117' title="bbox 1993 5230 2643 5286; baseline -0.008 -1"><span class='ocrx_word' id='word_1_939' title='bbox 1993 5237 2051 5286; x_wconf 88' lang='lat' dir='ltr'><strong>et</strong></span> <span class='ocrx_word' id='word_1_940' title='bbox 2080 5231 2252 5284; x_wconf 82' lang='lat' dir='ltr'><strong>editis</strong></span> <span class='ocrx_word' id='word_1_941' title='bbox 2283 5230 2643 5283; x_wconf 37' lang='lat' dir='ltr'><strong>deesl’mfrro.</strong></span> 
     </span>
    </p>
   </div>
   <div class='ocr_carea' id='block_1_117' title="bbox 2066 5291 3636 5373">
    <p class='ocr_par' dir='ltr' id='par_1_117' title="bbox 2066 5291 3636 5373">
     <span class='ocr_line' id='line_1_118' title="bbox 2066 5291 3636 5373; baseline -0.005 -18"><span class='ocrx_word' id='word_1_942' title='bbox 2066 5306 2178 5371; x_wconf 74' lang='lat'><strong>(20)</strong></span> <span class='ocrx_word' id='word_1_943' title='bbox 2213 5303 2426 5371; x_wconf 66' lang='lat' dir='ltr'><strong>Regius</strong></span> <span class='ocrx_word' id='word_1_944' title='bbox 2460 5302 2686 5373; x_wconf 79' lang='lat' dir='ltr'><strong>primus</strong></span> <span class='ocrx_word' id='word_1_945' title='bbox 2715 5305 2773 5354; x_wconf 89' lang='lat' dir='ltr'><strong>et</strong></span> <span class='ocrx_word' id='word_1_946' title='bbox 2801 5306 3080 5373; x_wconf 30' lang='lat' dir='ltr'><strong>‘Segueru</strong></span> <span class='ocrx_word' id='word_1_947' title='bbox 3135 5296 3390 5373; x_wconf 84' lang='grc' dir='ltr'>λέγοντος</span> <span class='ocrx_word' id='word_1_948' title='bbox 3448 5291 3636 5349; x_wconf 85' lang='grc' dir='ltr'>πάλιν.</span> 
     </span>
    </p>
   </div>
   <div class='ocr_carea' id='block_1_118' title="bbox 1995 5366 3066 5443">
    <p class='ocr_par' dir='ltr' id='par_1_118' title="bbox 1995 5366 3066 5443">
     <span class='ocr_line' id='line_1_119' title="bbox 1995 5366 3066 5443; baseline -0.007 -14"><span class='ocrx_word' id='word_1_949' title='bbox 1995 5366 2196 5429; x_wconf 36' lang='lat' dir='ltr'><strong>Cal-teri</strong></span> <span class='ocrx_word' id='word_1_950' title='bbox 2231 5366 2477 5439; x_wconf 38' lang='lat' dir='ltr'><strong>et‘editi&#39;,</strong></span> <span class='ocrx_word' id='word_1_951' title='bbox 2515 5369 2762 5443; x_wconf 84' lang='grc' dir='ltr'>λέγοντος</span> <span class='ocrx_word' id='word_1_952' title='bbox 2798 5366 2854 5422; x_wconf 74' lang='grc' dir='ltr'>δὲ</span> <span class='ocrx_word' id='word_1_953' title='bbox 2878 5366 3066 5425; x_wconf 81' lang='grc' dir='ltr'>πάλιν,</span> 
     </span>
    </p>
   </div>
   <div class='ocr_carea' id='block_1_119' title="bbox 2070 5437 3641 5515">
    <p class='ocr_par' dir='ltr' id='par_1_119' title="bbox 2070 5437 3641 5515">
     <span class='ocr_line' id='line_1_120' title="bbox 2070 5437 3641 5515; baseline -0.003 -19"><span class='ocrx_word' id='word_1_954' title='bbox 2070 5446 2175 5510; x_wconf 70' lang='lat'><strong>(21}</strong></span> <span class='ocrx_word' id='word_1_955' title='bbox 2211 5444 2300 5498; x_wconf 74' lang='lat' dir='ltr'><strong>Sic</strong></span> <span class='ocrx_word' id='word_1_956' title='bbox 2335 5437 2472 5515; x_wconf 72' lang='lat' dir='ltr'><strong>Reg.</strong></span> <span class='ocrx_word' id='word_1_957' title='bbox 2511 5445 2532 5497; x_wconf 84' lang='lat'><strong>1</strong></span> <span class='ocrx_word' id='word_1_958' title='bbox 2571 5437 2626 5497; x_wconf 73' lang='lat' dir='ltr'><strong>ct</strong></span> <span class='ocrx_word' id='word_1_959' title='bbox 2658 5447 2892 5513; x_wconf 70' lang='lat' dir='ltr'><strong>Seguer.</strong></span> <span class='ocrx_word' id='word_1_960' title='bbox 2928 5442 3151 5515; x_wconf 38' lang='lat' dir='ltr'><strong>lnualiis</strong></span> <span class='ocrx_word' id='word_1_961' title='bbox 3180 5446 3237 5496; x_wconf 88' lang='lat' dir='ltr'><strong>ct</strong></span> <span class='ocrx_word' id='word_1_962' title='bbox 3277 5437 3451 5515; x_wconf 74' lang='lat' dir='ltr'><strong>editis</strong></span> <span class='ocrx_word' id='word_1_963' title='bbox 3477 5437 3641 5515; x_wconf 68' lang='lat' dir='ltr'><strong>deest</strong></span> 
     </span>
    </p>
   </div>
   <div class='ocr_carea' id='block_1_120' title="bbox 1993 5507 3635 5589">
    <p class='ocr_par' dir='ltr' id='par_1_120' title="bbox 1993 5507 3635 5589">
     <span class='ocr_line' id='line_1_121' title="bbox 1993 5507 3635 5589; baseline -0.004 -22"><span class='ocrx_word' id='word_1_964' title='bbox 1993 5507 2195 5568; x_wconf 59' lang='grc' dir='ltr'><strong>’ποῖ-ουν).</strong></span> <span class='ocrx_word' id='word_1_965' title='bbox 2228 5516 2365 5589; x_wconf 46' lang='lat' dir='ltr'><strong>Mog</strong></span> <span class='ocrx_word' id='word_1_966' title='bbox 2391 5507 2532 5589; x_wconf 35' lang='lat'><strong>151,012.</strong></span> <span class='ocrx_word' id='word_1_967' title='bbox 2569 5515 2581 5568; x_wconf 94' lang='grc' dir='ltr'><strong>Ι</strong></span> <span class='ocrx_word' id='word_1_968' title='bbox 2622 5518 2685 5589; x_wconf 69' lang='lat' dir='ltr'><strong>et</strong></span> <span class='ocrx_word' id='word_1_969' title='bbox 2707 5507 3322 5589; x_wconf 49' lang='grc' dir='ltr'>ἱξῦςζυθνηξέλέγχονται</span> <span class='ocrx_word' id='word_1_970' title='bbox 3350 5507 3635 5589; x_wconf 53' lang='grc' dir='ltr'>πάντοθεν,</span> 
     </span>
    </p>
   </div>
   <div class='ocr_carea' id='block_1_121' title="bbox 2068 5579 3634 5656">
    <p class='ocr_par' dir='ltr' id='par_1_121' title="bbox 2068 5579 3634 5656">
     <span class='ocr_line' id='line_1_122' title="bbox 2068 5579 3634 5656; baseline -0.003 -16"><span class='ocrx_word' id='word_1_971' title='bbox 2068 5590 2181 5656; x_wconf 69' lang='grc'>(22)</span> <span class='ocrx_word' id='word_1_972' title='bbox 2212 5588 2304 5640; x_wconf 79' lang='lat' dir='ltr'><strong>Sic</strong></span> <span class='ocrx_word' id='word_1_973' title='bbox 2340 5579 2484 5656; x_wconf 55' lang='lat' dir='ltr'><strong>liegf</strong></span> <span class='ocrx_word' id='word_1_974' title='bbox 2518 5587 2537 5638; x_wconf 91' lang='lat'><strong>1</strong></span> <span class='ocrx_word' id='word_1_975' title='bbox 2575 5591 2630 5640; x_wconf 82' lang='lat' dir='ltr'><strong>et</strong></span> <span class='ocrx_word' id='word_1_976' title='bbox 2658 5586 2909 5656; x_wconf 64' lang='lat' dir='ltr'><strong>Seguer.</strong></span> <span class='ocrx_word' id='word_1_977' title='bbox 2931 5579 3004 5639; x_wconf 73' lang='lat' dir='ltr'><strong>At</strong></span> <span class='ocrx_word' id='word_1_978' title='bbox 3039 5579 3268 5640; x_wconf 70' lang='lat' dir='ltr'><strong>Gdliler.</strong></span> <span class='ocrx_word' id='word_1_979' title='bbox 3301 5586 3379 5656; x_wconf 13' lang='lat' dir='ltr'><strong>iet</strong></span> <span class='ocrx_word' id='word_1_980' title='bbox 3423 5580 3634 5656; x_wconf 32' lang='lat' dir='ltr'><strong>Felc.‘1</strong></span> 
     </span>
    </p>
   </div>
   <div class='ocr_carea' id='block_1_122' title="bbox 1994 5651 3638 5729">
    <p class='ocr_par' dir='ltr' id='par_1_122' title="bbox 1994 5651 3638 5729">
     <span class='ocr_line' id='line_1_123' title="bbox 1994 5651 3638 5729; baseline -0.002 -19"><span class='ocrx_word' id='word_1_981' title='bbox 1994 5651 2247 5729; x_wconf 79' lang='grc' dir='ltr'>τολμῶσι</span> <span class='ocrx_word' id='word_1_982' title='bbox 2306 5657 2357 5709; x_wconf 79' lang='grc' dir='ltr'>ἐν</span> <span class='ocrx_word' id='word_1_983' title='bbox 2403 5651 2538 5729; x_wconf 63' lang='grc' dir='ltr'>πᾶσι</span> <span class='ocrx_word' id='word_1_984' title='bbox 2592 5656 2681 5729; x_wconf 75' lang='grc' dir='ltr'>καὶ</span> <span class='ocrx_word' id='word_1_985' title='bbox 2729 5651 2818 5708; x_wconf 79' lang='grc' dir='ltr'><strong>νῦν</strong></span> <span class='ocrx_word' id='word_1_986' title='bbox 2872 5655 3063 5729; x_wconf 77' lang='grc' dir='ltr'>εἰπεῖν.</span> <span class='ocrx_word' id='word_1_987' title='bbox 3115 5655 3407 5729; x_wconf 49' lang='lat' dir='ltr'><strong>(latebit-3.1.</strong></span> <span class='ocrx_word' id='word_1_988' title='bbox 3462 5651 3638 5708; x_wconf 86' lang='lat' dir='ltr'><strong>editio</strong></span> 
     </span>
    </p>
   </div>
   <div class='ocr_carea' id='block_1_123' title="bbox 1997 5725 3530 5802">
    <p class='ocr_par' dir='ltr' id='par_1_123' title="bbox 1997 5725 3530 5802">
     <span class='ocr_line' id='line_1_124' title="bbox 1997 5725 3530 5802; baseline -0.003 -17"><span class='ocrx_word' id='word_1_989' title='bbox 1997 5725 2303 5797; x_wconf 74' lang='lat' dir='ltr'><strong>Commel.,</strong></span> <span class='ocrx_word' id='word_1_990' title='bbox 2336 5726 2615 5802; x_wconf 81' lang='grc' dir='ltr'>τολμῶσιν</span> <span class='ocrx_word' id='word_1_991' title='bbox 2647 5727 2696 5783; x_wconf 82' lang='grc' dir='ltr'><strong>έν</strong></span> <span class='ocrx_word' id='word_1_992' title='bbox 2733 5734 2859 5782; x_wconf 75' lang='grc' dir='ltr'>πᾶσι</span> <span class='ocrx_word' id='word_1_993' title='bbox 2887 5728 2977 5783; x_wconf 82' lang='grc' dir='ltr'>καὶ</span> <span class='ocrx_word' id='word_1_994' title='bbox 3006 5732 3097 5785; x_wconf 83' lang='grc' dir='ltr'><strong>νῦν</strong></span> <span class='ocrx_word' id='word_1_995' title='bbox 3132 5727 3206 5789; x_wconf 77' lang='grc' dir='ltr'>εἷς</span> <span class='ocrx_word' id='word_1_996' title='bbox 3243 5726 3306 5784; x_wconf 85' lang='grc' dir='ltr'>τὸ</span> <span class='ocrx_word' id='word_1_997' title='bbox 3338 5725 3530 5782; x_wconf 75' lang='grc' dir='ltr'>εἰπεῖν.</span> 
     </span>
    </p>
   </div>
  </div>
