4074 6338
342 383 464 443 375

880 384 942 444 s.
989 383 1410 446 ATHANASll
1455 363 1628 448 opp.
1681 385 1878 445 rans
1925 387 1971 445 1.
2013 417 2080 430 -
2123 386 2537 450 nis'rouch
2579 388 2680 450 ET
2727 387 3207 451 DOGMATICA.

3633 387 3751 449 376

332 515 609 587 Namque,
641 518 705 570 ut
735 514 958 572 dictum
981 520 1090 582 est,
1124 516 1250 588 ipse
1297 516 1400 572 dat
1438 515 1706 588 Spiritui,
1735 523 1793 572 et
1831 533 1989 588 qum-
2017 575 2021 584 ,

2136 538 2186 572 τι
2217 518 2307 574 καὶ
2339 519 2367 574 6
2398 519 2522 584 Υἱὸς
2572 523 2784 596 μετοχῇ
2833 523 2932 574 τοῦ
2978 517 3292 592 Πνεόματος
3337 518 3427 574 καὶ
3462 516 3749 594 βελτιώσει

341 621 576 676 cunque
595 603 844 676 Spiritus
874 603 1068 670 habet,
1101 604 1222 658 haec
1243 621 1277 660 a
1297 605 1482 660 Verbo
1507 605 1707 661 habet.

2104 606 2349 682 πράξεως
2399 609 2586 684 γέγονε
2635 608 2725 663 καὶ
2777 607 2940 672 αὐτὸς
2992 607 3044 664 ἐν
3097 611 3177 679 τῷ
3228 607 3417 683 Πατρί.
3453 606 3630 663 Ἀλλᾶ
3659 607 3749 662 καὶ

339 695 504 746 τοῦτο
537 689 703 747 πάλιν
733 689 990 767 ὑπερλίαν
1024 689 1162 745 ἐστὶν
1195 685 1380 756 ἀσεϐὲς
1408 689 1502 746 κᾶν
1533 691 1678 756 ὅλως
1709 692 1785 756 είς
1813 691 2107 766 ἐνθύμησιν
2141 689 2350 752 λαϐεῖν.
2381 695 2553 760 Αὐτὸς
2581 695 2708 772 γὰρ,
2742 696 2923 772 ὥσπερ
2954 694 3188 772 εἷ’ρηται,
3218 699 3299 768 τῷ
3333 694 3604 768 Πνεόματι
3636 698 3752 770 (24)

347 777 564 848 δίδωσι,
594 781 682 835 καί
713 780 810 835 ὅσα
835 777 949 856 ἔχει
976 779 1038 836 τὸ
1059 785 1278 855 Πνεῦμα
1301 782 1446 856 παρὰ
1479 787 1576 838 τοῦ
1599 783 1780 858 Λόγου
1820 779 1957 859 ἔχει.

421 872 511 942 33.
545 871 691 928 Cum
723 871 904 944 igitur
927 872 998 927 de
1022 873 1190 927 nobis
1220 872 1364 928 dixit
1381 872 1666 940 Salvator,
1709 875 1861 930 Sicut
1914 885 1996 939 tu,

351 966 540 1032 Pater,
595 963 658 1016 in
709 977 812 1028 me,
873 969 924 1017 et
973 977 1067 1031 ego
1123 963 1184 1016 in
1241 968 1316 1027 te,
1373 966 1435 1017 ut
1487 974 1539 1019 ει
1600 965 1709 1035 ipsi
1746 966 1805 1019 in
1841 964 1998 1020 nobis

349 1066 522 1106 unum
551 1051 668 1106 sint
687 1050 756 1114 ³⁸,
787 1067 902 1106 non
949 1067 1058 1106 nos
1095 1052 1329 1107 eosdem
1363 1068 1429 1108 ac
1467 1053 1726 1124 seipsum
1769 1053 1890 1110 fore
1926 1053 2000 1108 si-

351 1137 741 1212 gniﬁcavit,ut
758 1155 826 1194 ex
848 1139 1014 1195 ἄοινα)
1042 1141 1308 1212 exemplo
1340 1143 1713 1212 probavimus
1741 1160 1755 1199 :
1781 1143 1881 1199 sed
1911 1147 2002 1198 est

355 1225 673 1300 postulatio
694 1244 810 1298 qua
839 1230 1068 1284 Patrem
1093 1231 1474 1300 prscatur,uti
1497 1231 1700 1286 scribit
1725 1235 1999 1298 Joannes,

355 1321 421 1373 ut
451 1315 737 1388 Spiritum
762 1333 861 1388 per
891 1334 952 1374 se
982 1317 1280 1390 impertiat
1308 1319 1808 1392 credentibus,per
1827 1336 2002 1392 quem

358 1405 629 1464 videmur
658 1411 715 1460 et
744 1405 803 1460 in
832 1405 948 1462 Deo
979 1411 1188 1471 esse,et
1209 1423 1312 1478 per
1332 1408 1604 1463 eumdem
1635 1409 1694 1463 in
1723 1409 1850 1480 ipso
1867 1425 2002 1464 con-

352 1494 546 1568 jungi.
573 1494 721 1558 Quia
740 1497 897 1550 enim
947 1493 1201 1550 Verbum
1242 1500 1332 1551 est
1361 1495 1420 1550 in
1454 1497 1642 1563 Patre,
1663 1503 1720 1552 et
1750 1497 2005 1569 Spiritus

359 1601 431 1642 ex
456 1583 647 1641 Verbo
676 1583 870 1650 datur,
904 1600 1012 1640 nos
1040 1583 1256 1640 idcirco
1279 1585 1560 1656 Spiritum
1593 1587 1755 1657 cupit
1785 1586 2007 1658 accipe-

2176 876 2267 930 25.
2301 873 2510 930 Οὐκοῦν
2545 875 2574 928 6
2606 875 2802 948 Σωτὴρ
2855 873 3028 950 λέγων
3077 875 3202 948 περὶ
3237 876 3398 946 ἡμῶν
3443 873 3529 944 τὸ,
3563 875 3752 936 Καθὼς

2108 961 2192 1031 σὺ,
2225 961 2422 1038 Πάτερ,
2475 961 2529 1018 ἐν
2583 961 2730 1036 ἐμοὶ,
2782 962 2938 1038 κάγὼ
2991 961 3044 1018 ἐν
3099 963 3204 1034 σοὶ,
3234 961 3325 1017 ’ἱνα
3377 963 3468 1017 καὶ
3519 962 3669 1018 αὐτοὶ
3699 961 3753 1018 ἐν

2109 1053 2244 1123 ἡμῖν
2283 1051 2338 1106 ἓν
2395 1050 2550 1121 ὦσιν,
2606 1051 2669 1108 οὐ
2721 1053 2822 1122 τὴν
2873 1051 3178 1122 ταυτότητα
3229 1055 3378 1125 ἡμᾶς
3431 1051 3575 1124 αὐτῷ
3629 1050 3757 1124 μέλ-

2111 1139 2306 1203 λοντας
2336 1141 2448 1214 (25)
2478 1135 2624 1216 ἔχειν
2679 1139 2954 1214 σημαίνει·
2991 1137 3210 1216 ἐδείχθη
3263 1141 3364 1217 γὰρ
3408 1139 3468 1196 ἐκ
3495 1145 3592 1196 τοῦ
3621 1140 3758 1195 κατᾶ

2109 1227 2201 1282 τὸν
2239 1229 2424 1283 ’λωνᾶν
2477 1227 2914 1306 παραδείγματος
2963 1229 3052 1284 καὶ
3103 1233 3286 1285 τοῦτο·
3343 1227 3489 1285 ἀλλὰ
3540 1230 3757 1300 ἀξίωσις

2113 1315 2224 1371 ἐστι
2254 1317 2390 1389 πρὸς
2418 1317 2507 1372 τὸν
2544 1316 2773 1393 Πατέρα,
2804 1318 2878 1380 ὠς
2913 1319 2941 1373 6
2973 1317 3228 1388 Ἰωάννης
3250 1312 3474 1393 ἔγραψεν
3502 1320 3638 1391 (26),
3664 1316 3757 1372 ’ἱνα

2113 1406 2176 1460 τὸ
2205 1410 2426 1478 Πνεῦμα
2476 1407 2772 1482 χαρίσηται
2827 1404 2898 1461 δι’
2948 1406 3114 1462 αὐτοῦ
3157 1411 3275 1470 τοῖς
3320 1405 3654 1475 πιστεύουσι,
3687 1403 3756 1461 δι’

2117 1495 2179 1549 οὗ
2211 1493 2301 1548 καὶ
2332 1492 2599 1568 δοκοῦμεν
2631 1494 2685 1550 ἐν
2712 1499 2792 1567 τῷ
2843 1501 2961 1568 Θεῷ
3011 1495 3268 1570 γίνεσθαι,
3312 1493 3402 1550 καὶ
3431 1495 3569 1550 κατά
3595 1499 3758 1550 τοῦτο

2118 1582 2467 1638 συνάπτεσθαι
2521 1581 2573 1638 ἐν
2627 1582 2792 1656 αὐτῷ.
2842 1581 3062 1652 Ἐπειδὴ
3115 1584 3218 1658 γὰρ
3249 1583 3278 1638 6
3309 1582 3484 1660 Λόγος
3535 1582 3676 1638 ἐστὶν
3705 1582 3758 1638 έν

361 1691 444 1743 re,
478 1678 543 1730 ut
572 1689 706 1729 cum
728 1688 864 1729 eum
895 1673 1316 1744 acceperimus,
1348 1679 1491 1730 tunc
1517 1674 1800 1742 Spiritum
1832 1673 2009 1730 Verbi

2136 1677 2198 1745 τῷ
2249 1672 2441 1744 Πατρί,
2469 1673 2534 1728 τὸ
2586 1669 2644 1728 δὶ
2697 1677 2916 1744 Πνεῦμα
2943 1671 3004 1727 ἐκ
3030 1676 3128 1727 τοῦ
3159 1672 3337 1748 Λόγου
3387 1675 3500 1745 (27)
3529 1669 3759 1735 δίδοται,

361 1734 441 1820 in.
471 1767 643 1819 Patre
683 1734 1360 1830 eminentis-habentem,
1393 1734 1576 1820 etiam
1616 1780 1723 1819 nos
1748 1764 1860 1835 ipsi
1909 1780 2012 1836 per

2136 1734 2264 1818 Ιέλει
2295 1734 2480 1817 λαϐεῖν
2513 1764 2662 1834 ἡμᾶς
2710 1761 2771 1817 τὸ
2823 1734 3064 1835 Πνεῦμα,
3111 1758 3225 1833 ἵνα,
3252 1734 3404 1816 ’δταᾷ
3458 1734 3626 1816 ἐίιεῖνο
3660 1734 3761 1816 λάέ

364 1852 670 1925 Spiritum,
700 1867 884 1907 unum
912 1850 972 1906 in
996 1851 1185 1908 Verbo
1215 1858 1273 1908 et
1310 1869 1414 1924 per
1449 1851 1706 1908 Verbum
1733 1852 1792 1908 in
1839 1855 2010 1908 Patre

364 1941 552 1999 effecti
582 1957 712 1998 esse
741 1940 1066 1996 videamur.
1101 1941 1162 1996 Id
1193 1944 1388 1998 autem
1435 1941 1590 2013 quod
1643 1942 1745 2007 ait,
1777 1951 1838 1997 ιιι
1888 1957 2006 2010 nos,

364 2031 513 2088 nihil
555 2030 714 2087 aliud
760 2030 985 2086 indicat
1029 2047 1234 2102 quam,
1269 2035 1334 2086 ut
1375 2030 1717 2102 hujusmodi
1753 2031 2010 2104 Spiritus

367 2119 558 2195 gratia
587 2118 646 2176 in
671 2117 995 2191 discipulos
1017 2118 1236 2191 infusa,
1267 2119 1499 2176 stabilis
1529 2125 1588 2176 et
1618 2119 2010 2177 irrevocabilis

364 2209 663 2266 reddatur.
695 2207 938 2280 Nempe,
967 2212 1033 2264 ut
1054 2225 1230 2280 supra
1260 2209 1628 2280 explicavi,id
1680 2209 1835 2282 quod
1875 2209 2018 2265 Ver-

366 2297 524 2354 boin
577 2296 743 2352 Patre
783 2301 994 2352 natura
1031 2296 1206 2364 inest,
1241 2297 1350 2353 hoc
1380 2297 1550 2353 nobis
1582 2315 1684 2370 per
1725 2298 2011 2371 Spiritum

360 2387 445 2442 ita
493 2383 612 2440 vult
641 2385 766 2440 dari
813 2389 880 2439 ut
920 2385 1000 2440 sit
1046 2385 1440 2441 irrevocabile.
1497 2387 1657 2452 Quod
1716 2404 1848 2442 cum
1896 2404 2012 2442 non

363 2474 662 2547 ignoraret
683 2473 1122 2545 Apostolus,ait:
1140 2475 1274 2542 Qui:
1297 2490 1398 2530 nos
1427 2476 1749 2546 separabita
1769 2475 2016 2532 charito-

365 2573 416 2622 ιε
443 2562 655 2620 Christi
682 2563 766 2618 ³⁷⁸1
795 2563 931 2618 Ναηι
965 2563 1066 2618 Dei
1092 2563 1234 2619 dona
1263 2571 1313 2618 et
1339 2565 1530 2636 gratia
1565 2567 1864 2620 vocationis
1900 2566 2014 2636 (23)

364 2652 752 2710 irrevocabilia
781 2652 992 2707 sunt“.
1029 2651 1230 2723 Itaque
1255 2651 1513 2723 Spiritus
1543 2659 1632 2708 est
1669 2653 1770 2724 qui
1807 2654 1865 2709 in
1905 2655 2013 2710 Deo
2049 2675 2054 2681 ·

363 2741 739 2809 exsistit,non
767 2745 964 2796 autem
989 2756 1094 2795 uos
1125 2741 1450 2796 secundum
1483 2741 1780 2798 nos.Uude
1810 2759 2014 2814 quem-

363 2829 685 2886 admodum
717 2825 822 2882 filii
854 2833 913 2882 et
934 2827 1013 2882 dii
1045 2827 1338 2883 efficimur
1358 2828 1430 2884 ob
1459 2829 1712 2885 Verbum
1761 2830 1914 2902 quod
1955 2831 2013 2884 in

365 2918 537 2977 nobis
584 2916 906 2974 habemus:
955 2917 1038 2971 ita
1075 2915 1134 2971 in
1177 2916 1321 2972 Filio
1352 2923 1410 2974 et
1457 2917 1517 2972 in
1564 2919 1733 2974 Patr:
1771 2919 2012 2987 erimus,

366 3022 672 3078 unumque
722 3006 781 3062 in
841 3004 1051 3062 iisdem
1100 3005 1284 3062 effecti
1340 3022 1466 3063 esse
1523 3006 2012 3076 existimabimur,

2119 1846 2323 1924 ϐωμεν,
2352 1847 2477 1906 τότε
2504 1845 2726 1925 ἔχοντες
2770 1850 2832 1904 τὸ
2883 1853 3102 1922 Πνεῦμα
3150 1853 3247 1904 τοῦ
3277 1849 3453 1926 Λόγου
3482 1853 3580 1904 τοῦ
3610 1844 3765 1914 ὄντος

2118 1937 2170 1993 ἐν
2196 1943 2276 2010 τῷ
2305 1939 2496 2014 Πατρὶ,
2547 1935 2787 2011 δόξωμεν
2840 1937 2931 1993 καὶ
2987 1940 3150 2010 ἡμεῖς
3205 1934 3294 1992 διὰ
3345 1938 3408 1992 τὸ
3459 1941 3680 2011 Πνεῦμα
3704 1936 3760 1993 ἓν

2119 2027 2358 2103 γίνεσθαι
2390 2030 2504 2100 (28)
2536 2027 2588 2082 έν
2615 2033 2698 2099 τῷ
2750 2027 2936 2102 Λόγῳ,
2967 2025 3060 2081 καὶ
3114 2024 3184 2080 δι’
3234 2023 3398 2080 αὐτοῦ
3446 2031 3528 2098 τῷ
3572 2026 3763 2099 Πατρί.

2119 2117 2190 2172 Τὸ
2222 2113 2300 2188 δὲ,
2331 2115 2406 2180 ὠς
2435 2119 2617 2190 ἡμεῖς,
2649 2113 2738 2170 ἐὰν
2790 2115 2944 2190 λέγη,
2987 2111 3139 2170 οὐδὲν
3193 2112 3376 2189 ἕτερον
3406 2113 3570 2170 πάλιν
3597 2114 3766 2186 ἐστὶν,

2120 2203 2274 2274 ἢῗνα
2303 2207 2338 2274 ἡ
2370 2205 2633 2279 γινομένη
2686 2203 2915 2274 τοιαύτη
2969 2207 3066 2258 τοῦ
3122 2204 3434 2276 Πνεύματος
3487 2203 3650 2280 χάρις
3688 2203 3765 2266 είς

2119 2293 2247 2358 τοὺς
2300 2294 2543 2365 μαθητὰς
2572 2290 2913 2356 ἀδιάπτωτος
2941 2293 3031 2348 καὶ
3070 2292 3488 2365 ἀμεταμέλητος
3515 2294 3626 2366 (29)
3676 2293 3768 2368 γέ-

2121 2404 2298 2453 νηται.
2331 2383 2400 2437 Τὸ
2428 2383 2529 2456 γὰρ
2582 2383 2717 2437 κατὰ
2747 2383 2924 2460 φύσιν,
2965 2380 3042 2446 ὦς
3090 2387 3375 2457 προεῖπον,
3409 2382 3659 2458 ὑπάρχον
3687 2387 3767 2454 τῷ

2124 2473 2289 2546 Λόγῳ
2342 2469 2396 2525 ἐν
2447 2475 2527 2542 τῷ
2579 2470 2768 2546 Πατρὶ,
2799 2474 2960 2526 τοῦτο
3008 2472 3142 2542 ἡμῖν
3197 2469 3630 2543 ἀμεταμελήτως
3679 2466 3770 2524 διὰ

2123 2564 2219 2615 τοῦ
2250 2559 2561 2632 Ιῐνεῦματος
2603 2556 2825 2628 δοθῆναι
2857 2556 3134 2634 βούλεται·
3187 2557 3319 2634 ὅπερ
3369 2559 3396 2612 6
3429 2556 3768 2620 Ἀπόστολος

2121 2649 2460 2724 γιγνώσκων,
2517 2643 2700 2722 ἔλεγε(
2725 2647 2820 2710 Τίς
2869 2649 3016 2722 ἡμᾶς
3067 2647 3297 2723 χωρίσει
3352 2647 3458 2702 ἀπὸ
3509 2653 3606 2716 τῆς
3638 2646 3767 2723 ἀγά-

2122 2758 2231 2808 πης
2261 2741 2356 2791 τοῦ
2410 2740 2644 2811 Χριστοῦ
2681 2755 2695 2803 ς
2728 2735 3150 2809 ’Δμεταμέλητα
3199 2735 3301 2812 γὰρ
3351 2735 3418 2790 τὰ
3455 2735 3773 2811 χαρίσματα

2121 2831 2218 2882 τοῦ
2299 2829 2434 2882 Θεοῦ
2491 2824 2575 2879 καὶ
2657 2827 2692 2894 ἡ
2751 2825 2914 2902 χάρις
2992 2830 3092 2894 τῆς
3163 2821 3463 2895 κλήσεως.
3524 2824 3602 2882 Τὸ
3669 2822 3772 2900 ἄρα

2125 2915 2342 2987 Πνεῦμά
2379 2913 2489 2969 ἐστι
2543 2916 2657 2985 (30)
2704 2913 2768 2968 τὸ
2820 2913 2872 2968 ἐν
2902 2918 2982 2986 τῷ
3027 2917 3148 2986 Θεῷ
3198 2912 3488 2989 τυγχάνον,
3519 2914 3608 2968 καὶ
3665 2911 3775 2988 οὐχ

2124 3004 2289 3076 ἡμεῖς
2345 3003 2463 3058 καθ’
2523 3000 2762 3065 ἓαυτούς⁴
2819 3001 2908 3056 καὶ
2965 3001 3146 3075 ὥσπερ
3205 3001 3314 3056 υἱοὶ
3370 3001 3460 3056 καὶ
3513 3000 3628 3066 θεοὶ
3685 2997 3776 3056 διὰ

369 3101 673 3169 propterea
703 3095 858 3167 quod
889 3094 948 3150 in
983 3094 1154 3150 nobis
1184 3094 1264 3151 sit
1284 3094 1538 3168 Spiritus
1569 3096 1670 3168 qui
1715 3097 1776 3152 in
1822 3095 2013 3153 Verbo

2136 3091 2214 3147 τὸν
2247 3089 2300 3146 ἐν
2332 3093 2468 3164 ἡμῖν
2502 3091 2700 3166 Λόγον,
2733 3088 2905 3154 οὕτως
2934 3087 2986 3145 ἐν
3016 3094 3094 3162 τῷ
3150 3091 3260 3163 Υἱῷ
3311 3089 3400 3145 καὶ
3449 3089 3502 3145 ἐν
3556 3095 3634 3162 τῷ
3665 3096 3775 3145 Πα-

370 3190 481 3257 est,
514 3184 670 3257 quod
719 3185 917 3256 ipsum
947 3183 1205 3240 Verbum
1255 3189 1345 3240 est
1393 3184 1453 3240 in
1501 3185 1690 3241 Patre.
1741 3186 2022 3252 Quocirca

373 3289 507 3331 cum
554 3271 766 3344 aliquis
809 3271 945 3328 vitio
991 3272 1188 3343 aliquo
1231 3289 1266 3328 a
1307 3272 1530 3344 Spiritu
1576 3273 1870 3341 defecerit,
1922 3275 2023 3330 illa

377 3362 618 3437 quidem
649 3361 839 3434 gratia
867 3360 1024 3432 apud
1043 3377 1144 3417 eos
1174 3361 1276 3433 qui
1306 3361 1596 3418 voluerint
1627 3363 2023 3420 irrevocabilis

375 3455 702 3526 permanet,
732 3449 782 3506 si
814 3450 988 3506 modo
1017 3449 1521 3523 ipsos,postquam
1551 3452 2022 3526 ceciderint,pos-

379 3542 590 3598 niteat:
617 3545 1022 3596 verumtamen
1053 3539 1153 3595 illo
1184 3539 1286 3610 qui
1328 3539 1559 3609 cecidit,
1609 3557 1726 3597 nou
1768 3540 2026 3613 amplius

377 3629 437 3686 in
473 3633 583 3685 Deo
609 3633 720 3694 est,
741 3644 808 3684 eo
830 3627 983 3699 quod
1014 3634 1256 3685 sanctus
1285 3634 1343 3686 et
1373 3628 1703 3702 paracletus
1747 3631 2026 3702 Spiritus,

379 3719 483 3792 qui
512 3719 574 3774 iu
591 3718 707 3775 Deo
735 3723 845 3783 est,
876 3715 951 3772 ab
981 3717 1111 3789 ipso
1151 3717 1458 3774 recesserit
1483 3736 1496 3785 ;
1533 3719 1634 3774 sed
1685 3719 2029 3790 hujusmodi

381 3813 651 3882 peccator
670 3807 726 3862 in
758 3806 857 3862 illo
890 3829 898 3853 ι
928 3807 1005 3862 rit
1029 3805 1122 3862 cui
1142 3823 1270 3863 sese
1299 3807 1425 3879 ipse
1454 3807 1887 3878 subjecit,quod
1910 3809 2030 3862 uti-

382 3915 496 3971 que
517 3895 681 3954 Sauli
739 3895 912 3964 venit,
947 3911 1117 3967 aquo
1149 3895 1433 3952 nimirum
1472 3895 1744 3952 discessit
1788 3897 1883 3953 Dei
1901 3897 2033 3970 Spi-

383 3989 557 4054 ritus,
581 4000 868 4059 quemque
900 3984 1092 4040 malus
1125 3984 1364 4056 spiritus
1411 3986 1637 4040 vexavit
1682 3985 1746 4040 ⁸⁸.
1769 3986 2033 4042 Profecto

382 4076 478 4132 his
509 4075 730 4132 auditis
759 4075 1103 4130 erubescere
1137 4074 1418 4130 deberent
1441 4073 1542 4129 Dei
1571 4073 1790 4145 hostes,
1824 4089 1928 4130 nec
1972 4090 2036 4130 se

385 4163 642 4237 amplius
672 4163 789 4222 Deo
825 4161 1079 4235 aequales
1112 4163 1348 4236 fingere.
1404 4161 1622 4219 Verum
1667 4179 1774 4220 nec
1819 4163 2036 4220 intelli-

385 4257 566 4326 gunt;
586 4269 721 4310 nam
731 4253 975 4324 ,lmpius,
986 4253 1138 4311 456
1169 4252 1670 4324 inquit,scientiam
1693 4269 1804 4310 non
1823 4253 2036 4310 intelli-

2126 3181 2212 3257 τρὶ
2247 3178 2500 3254 ἐσόμεθα,
2549 3180 2639 3234 καὶ
2691 3179 3143 3252 νομισθησόμεθα
3194 3177 3248 3234 ἐν
3305 3180 3415 3251 Υἱῷ
3443 3179 3533 3233 καὶ
3586 3177 3638 3234 ἐν
3674 3185 3778 3234 Πα-

2129 3269 2215 3346 τρὶ
2247 3270 2357 3340 (31)
2386 3267 2440 3323 ἓν
2471 3270 2792 3345 γεγενῆσθαι
2826 3265 2915 3321 διὰ
2964 3267 3026 3322 τὸ
3075 3265 3127 3322 έν
3178 3269 3313 3341 ἡμῖν
3349 3267 3481 3322 εἶναι
3535 3271 3775 3340 Πνεῦμα,

2131 3357 2264 3434 ὅπερ
2321 3355 2463 3412 ἐστὶν
2513 3355 2566 3412 ἐν
2619 3362 2701 3429 τῷ
2752 3357 2917 3432 Λόγῳ
2969 3360 3049 3428 τῷ
3079 3351 3194 3411 ὄντι
3223 3355 3274 3410 ἐν
3315 3361 3396 3428 τῷ
3428 3355 3616 3430 Πατρί.
3647 3357 3778 3413 "Ore

2131 3451 2260 3524 γοῦν
2293 3444 2541 3501 ἐκπίπτει
2591 3467 2674 3510 τις
2721 3445 2827 3500 ἀπὸ
2872 3448 2968 3499 τοῦ
3023 3444 3336 3517 Πνεύματος
3387 3441 3476 3498 διά
3523 3465 3640 3500 τινα
3678 3465 3777 3499 κα-

2133 3535 2275 3603 κίαν,
2307 3538 2342 3605 ἡ
2377 3535 2470 3609 μὲν
2525 3535 2688 3611 χάρις
2737 3531 3156 3607 ἀμεταμέλητος
3205 3530 3444 3607 διαμένει
3494 3536 3612 3607 (32)
3661 3537 3780 3598 τοῖς

2140 3621 2522 3701 βουλομένοις,
2552 3623 2647 3678 κᾶν
2702 3643 2786 3686 τις
2832 3620 3067 3677 ἐκπεσὼν
3123 3626 3377 3696 μετανοῇο
3413 3620 3589 3677 οὐκέτι
3639 3619 3694 3676 δὲ
3723 3620 3777 3676 ἐν

2135 3721 2216 3788 τῷ
2245 3721 2361 3789 Θεῷ
2407 3713 2547 3770 ἐστιν
2597 3712 2801 3778 ἐκεῖνος
2829 3714 2858 3769 ὁ
2888 3713 3090 3784 πεσὼν,
3122 3709 3210 3768 διὰ
3259 3713 3322 3768 τὸ
3364 3713 3659 3782 ἀποστῆναι
3691 3711 3783 3766 ἀπ’

2139 3803 2302 3861 αὐτοῦ
2332 3803 2394 3860 τὸ
2423 3803 2476 3859 ἐν
2519 3808 2601 3876 τῷ
2647 3808 2764 3875 Θεῷ
2818 3802 2972 3876 ἅγιον
3033 3801 3122 3857 καὶ
3154 3800 3508 3878 παράκλητον
3542 3805 3783 3873 Πνεῦμα,

2142 3892 2268 3951 ἀλλ’
2297 3892 2348 3948 ἐν
2383 3892 2576 3966 ἐκείνῳ
2628 3895 2743 3966 (33)
2783 3885 2928 3946 ἔσται
2959 3891 3006 3963 ᾧ
3037 3889 3220 3946 ἑαυτὸν
3278 3890 3528 3960 ὑπέταξεν
3558 3890 3586 3944 6
3617 3891 3789 3966 ἀμαρ-

2141 3983 2334 4055 τάνων,
2369 3981 2443 4046 ὠς
2490 3980 2578 4036 ἐπὶ
2629 3985 2726 4036 τοῦ
2775 3978 2961 4036 Σαοὺλ
3007 3979 3244 4055 γέγονεν’
3295 3978 3498 4050 ἀπέστη
3549 3977 3650 4054 γὰρ
3695 3977 3789 4033 ἀπ’

2145 4071 2308 4128 αὐτοῦ
2336 4071 2399 4126 τὸ
2431 4075 2648 4144 Πνεῦμα
2677 4073 2774 4126 τοῦ
2804 4073 2960 4138 Θεοῦ,
2993 4067 3082 4123 καὶ
3115 4062 3327 4133 ἔθλιόεν
3385 4067 3542 4123 αὐτὸν
3576 4071 3792 4141 πνεῦμα

2145 4161 2407 4238 πονηρόν.
2438 4164 2613 4215 Ταῦτα
2654 4158 2950 4223 ἀκούοντας
3001 4157 3128 4222 τοὺς
3170 4169 3480 4234 θεομαχους
3508 4153 3616 4212 ἔδει
3671 4155 3790 4212 λοί-

2145 4251 2246 4307 πὸν
2297 4249 2640 4327 ἐντρέπεσθαι
2674 4296 2690 4323 ,
2743 4248 2834 4304 καὶ
2894 4245 3088 4321 μηκέτι
3147 4246 3368 4311 ἑαυτοὺς
3423 4245 3789 4303 ἀναπλάπτειν

456 4440 501 4476 ³⁸
537 4439 709 4495 Joan.
749 4453 913 4505 xvm,
940 4439 1032 4492 21.
1071 4437 1116 4474 ⁸⁸⁸
1157 4438 1324 4495 Rom.
1363 4454 1490 4510 vm,
1529 4439 1618 4494 35.
1659 4439 1705 4476 ⁸³
1744 4439 1911 4498 Rom.
1951 4457 2021 4508 xi.

2141 4482 2154 4496 .
2195 4441 2261 4497 ".
2305 4441 2328 4496 Ι
2369 4439 2508 4513 Reg.
2549 4455 2664 4510 xv1,
2709 4437 2794 4492 14.

463 4633 577 4707 (23)
609 4637 696 4688 Ita
726 4633 1033 4707 commode
1061 4632 1370 4707 vertimus.
1400 4631 1654 4706 Vulgata
1682 4633 1876 4700 habet,
1911 4635 2044 4691 Sine

387 4705 718 4778 panit'entia
773 4705 923 4760 enim
976 4709 1110 4778 sapt
1165 4705 1310 4760 dona
1363 4713 1416 4760 et
1446 4705 1654 4778 vacatio
1687 4707 1800 4772 Dei,
1840 4707 1895 4761 id
1930 4711 2045 4776 est,

399 4775 700 4851 Ejusmodi
729 4781 888 4843 sunt,
925 4780 990 4832 ut
1036 4775 1227 4851 Deum
1250 4792 1367 4851 pou
1401 4777 1674 4851 pmniteat
1711 4777 1818 4834 illa
1847 4775 2047 4834 dedis;-

399 4847 484 4918 δὲ,
519 4867 623 4906 nec
653 4866 722 4906 ea
752 4851 995 4916 revocet,
1027 4848 1182 4920 quod
1213 4847 1369 4903 idem
1393 4847 1631 4906 omnino
1659 4855 1768 4905 est.

475 4939 587 5012 (24)
618 4939 753 5012 Reg.
786 4939 837 5006 1,
865 4938 1114 5012 Seguer.
1148 4935 1378 5012 Gobler'
1414 4942 1471 4993 et
1499 4935 1650 4994 Felc.
1685 4938 1735 5006 1,
1765 4935 1846 5010 τῷ
1878 4935 2044 4992 Hyad-

409 5005 789 5084 ματι.ἈΙὶἰ’θι
813 5005 979 5075 editi,
1009 5005 1074 5062 τὸ
1104 5009 1344 5079 Πνεόμα.

480 5098 596 5224 ‘25)
625 5097 720 5153 Sic
749 5097 1224 5180 Rogiusoprimus
1256 5095 1594 5188 Segueriap.
1626 5097 1957 5156 Goblerian.
1990 5103 2050 5155 et

480 5186 560 5224 ιο·
593 5170 642 5224 1.
677 5168 788 5223 Aln
821 5173 878 5223 et
905 5170 1083 5223 editio
1122 5168 1423 5224 Cnmmel..
1482 5189 1546 5224 ου
1600 5169 1698 5224 τὴν
1747 5169 2049 5224 ταυτότητά

406 5168 642 5226 Felc'l.
677 5168 788 5223 Alii
821 5168 878 5223 ei.
905 5168 1083 5223 editio
1122 5168 1452 5239 Commél,
1482 5169 1546 5224 οὗ
1600 5169 1698 5237 τὴν
1747 5169 2049 5239 ταυτότητά

408 5243 556 5315 ἠμᾷς
591 5241 1046 5315 μένοντας-(ωδε.
1085 5236 1407 5312 μέλλοντας)
1437 5237 1490 5293 έν
1547 5235 1697 5315 αρτῷ
1742 5235 1912 5315 ἔχειν,
1949 5235 2048 5307 άη.

409 5311 608 5406 μαίνει.
662 5314 803 5406 Mox
834 5311 1022 5406 ‘Rejgi.
1065 5311 1109 5406 1'!
1147 5317 1206 5368 et
1261 5311 1520 5406 Seguer.,
1581 5311 1638 5367 ἐκ
1666 5311 1928 5368 τοῦὶιατὰ
1955 5317 2046 5369 τὸν

426 5385 614 5445 Ιωνᾶν.
647 5384 760 5442 Alii
797 5388 856 5442 et
884 5381 1024 5440 editi
1050 5381 1140 5438 τόν
1173 5381 1472 5441 οωίιιῖιηι.

477 5476 594 5617 (26)
625 5472 858 5531 Gobler.
888 5478 946 5530 et
972 5473 1120 5530 Felc.
1156 5475 1207 5541 1,
1244 5471 1428 5548 φησίν.

477 5549 568 5617 (27
605 5547 771 5617 ΑΕέΙο.
801 5547 858 5616 5,
890 5541 979 5601 διὰ
1033 5548 1138 5600 τοῦ
1181 5545 1383 5617 Λόγου.

477 5541 771 5620 (27)_F'elo.
801 5547 858 5616 5,
890 5541 979 5601 διὰ
1033 5548 1138 5600 τοῦ
1181 5541 1383 5619 Λόγου.
1433 5543 1634 5600 Ceteri
1690 5549 1744 5601 et
1789 5545 1950 5613 editi,
1992 5542 2051 5598 ἐκ

410 5615 509 5672 τοῦ
539 5615 741 5691 Λόγου.

483 5706 597 5779 (28)
628 5706 844 5780 Regius
874 5706 1104 5780 primus
1131 5710 1188 5763 et
1213 5706 1831 5779 Βθευεΐηγεγινῆσθαι.
1864 5705 2040 5762 Iidem

2073 4638 2120 4704 1)
2151 4633 2326 4708 paulo
2357 4637 2493 4708 post
2518 4636 2576 4708 et
2613 4631 2758 4708 alter
2804 4631 3044 4708 Regius,
3101 4627 3348 4708 {Livii}
3387 4629 3677 4708 γινομένη.
3731 4629 3794 4685 In

2155 4700 2288 4762 aliis
2320 4700 2378 4760 ei
2406 4705 2580 4761 editis
2612 4705 2774 4762 deest
2797 4701 2855 4771 ἢ.
2891 4700 3108 4760 Ibidem
3138 4700 3312 4758 Basil.
3346 4700 3421 4757 et'
3445 4700 3588 4758 Felc.
3619 4702 3675 4767 5,
3707 4720 3797 4775 γε-

2153 4775 2356 4922 νοῖἒὸἲ
2369 4818 2714 4904 basiliensis
2743 4845 2838 4902 hic
2869 4850 2924 4902 et
2953 4861 3107 4911 mox,
3141 4835 3556 4916 ἀμεταϐλήτωςο

2225 4938 2339 5009 (30)
2371 4937 2465 5009 Sic
2495 4937 2634 5009 Reg.
2672 4937 2721 5004 1,
2756 4935 2994 5009 Segner.
3024 4930 3280 5009 G‘obler.“
3307 4937 3365 4987 et
3399 4930 3572 5009 _Felc.
3626 4933 3676 4989 1.
3726 4935 3802 4986 At

2225 4952 2339 5009 (δυ)
2371 4952 2465 4993 διο
2495 4952 2634 5064 ηεξ.
2672 4952 2721 5004 1,
2756 4952 2994 5006 Seguer.
3024 4952 3254 4988 uooler.
3307 4952 3365 4987 et
3421 4952 3528 4986 ιτϐιι

2157 5009 2251 5065 alii
2285 5014 2340 5065 et
2371 5008 2548 5064 editio
2623 5005 2882 5072 ommel.,
2915 5004 2986 5058 T6
3017 5002 3119 5078 γὰρ
3153 5006 3366 5076 Πνεῦμα
3396 5000 3528 5056 ἐστι.

2227 5097 2353 5180 (31).
2370 5095 2463 5151 Sic
2495 5096 2634 5179 Reg.
2672 5096 2722 5161 1,
2757 5094 2998 5218 Seguer.
3033 5091 3262 5174 Gobler.
3305 5095 3362 5146 et
3414 5089 3562 5146 Felr.
3625 5092 3675 5157 1,
3739 5093 3804 5145 ut

2247 5170 2385 5218 legit
2413 5168 2767 5218 Nanniuan
2802 5183 2832 5218 a
2860 5181 2930 5218 ns
2961 5169 3017 5218 et
3037 5164 3208 5218 editis
3227 5164 3442 5218 desunt
3463 5163 3583 5218 haec
3603 5161 3799 5218 verba.

2158 5173 2216 5224 et
2234 5161 2385 5239 legit
2413 5161 2767 5239 Nanniuan
2802 5161 2930 5239 aliis
2961 5169 3019 5239 et
3037 5164 3208 5239 editis
3227 5164 3442 5218 desunt
3463 5161 3799 5239 haec_ver_ba,

2159 5239 2210 5294 ἐν
2244 5233 2354 5309 Υΐῷ
2383 5239 2472 5294 καὶ
2505 5237 2555 5291 ἐν
2593 5235 2779 5309 Ματρί.
2815 5236 3127 5309 Mox_Reg.
3176 5236 3227 5309 1,
3280 5240 3515 5309 Seguer.
3567 5233 3799 5309 Gobler.

2159 5320 2214 5396 et
2242 5305 2396 5396 _Fel_c.
2433 5313 2482 5396 1,
2516 5310 2649 5396 εἶναι
2684 5305 2920 5396 Πνεῦμα·
2956 5305 3162 5396 ξεεὶὶ..
3185 5305 3610 5396 Αοειὶξεμίὶεβ.
3669 5307 3705 5359 2
3745 5310 3805 5394 οξ

2161 5384 2308 5452 Felc.
2341 5383 2397 5450 5,
2433 5372 2566 5435 sint
2596 5379 2659 5434 τὸ
2689 5372 2927 5452 Πνεῦμα.
2963 5378 3166 5434 Ορωῐωί
3216 5372 3479 5446 θὶέἀὶὶί,
3523 5372 3654 5430 εἶναι
3711 5372 3804 5430 καί

2159 5451 2291 5508 Πνεῦ
2300 5473 2393 5525 μα.

2231 5543 2344 5615 (32)
2375 5543 2512 5616 Reg.
2543 5544 2568 5598 1
2603 5547 2659 5598 et
2713 5541 2977 5614 Seguer.,
3038 5533 3300 5609 διαμινει.
3360 5535 3469 5592 Alii
3528 5541 3586 5594 et
3638 5535 3802 5604 editi,

2374 5704 2512 5777 Reg.
2546 5705 2570 5758 1
2607 5707 2660 5760 et
2691 5703 2952 5775 Seguer.,
2983 5693 3113 5752 ἀλλ’
3142 5694 3347 5770 ιδιιίνῳ.
