4074 6366
436 379 553 442 395

975 378 1039 440 S.
1087 374 1515 440 A'l’HANASll
1559 378 1732 439 OPP.
1777 374 1980 437 PARS
2027 374 2074 436 Ι.
2109 410 2185 422 -—-
2216 373 2637 441 HISTORICA
2679 379 2779 441 ET
2824 374 3307 441 DOGMATICA.

3726 375 3836 439 396

434 512 593 582 latis,
624 529 656 568 e
685 516 842 568 terra
868 512 1211 579 excitamur,
1239 517 1431 566 soluta
1467 509 1688 581 peccati
1719 508 2075 564 maledictio-

2192 506 2297 561 ἀπὸ
2344 513 2469 582 γῆς,
2520 508 2774 581 λυθείσης
2824 512 2923 575 τῆς
2974 500 3044 564 δι’
3090 507 3358 585 ἁμαρτίαν
3422 510 3535 581 (22)
3601 506 3832 582 κατάρας

434 618 527 672 ne,
558 603 687 673 ejus
720 601 947 668 merito,
981 599 1080 672 qui
1111 599 1170 654 in
1219 599 1411 665 nobis,
1445 599 1628 655 nostri
1661 599 1870 670 gratia,
1905 595 2082 652 male-

431 691 610 746 dictio
656 691 845 745 factus
891 694 1005 756 est,
1034 688 1230 759 ,idque
1279 688 1599 743 admodum
1647 685 2079 741 convenienter.

432 779 578 834 Nam
628 777 1126 849 quemadmodum
1172 792 1278 832 nos
1308 792 1535 845 omnes,
1570 778 1634 830 ut
1680 774 1782 845 qui
1829 790 1898 829 ex
1926 776 2084 829 terra

433 885 663 933 sumus,
711 867 771 921 in
800 867 984 922 Adam
1016 866 1304 921 morimur
1335 882 1348 921 :
1381 864 1464 921 ita
1492 880 1561 921 ex
1599 880 1754 935 aqua
1782 872 1838 919 et
1867 863 2080 935 spiritu

430 973 671 1013 sursum
704 954 1046 1026 regenerati,
1065 970 1268 1009 omnes
1300 955 1359 1009 in
1380 954 1606 1009 Christo
1634 954 1753 1009 vita
1768 953 2078 1020 donamur,

432 1045 602 1116 quasi
634 1061 767 1098 caro
801 1059 917 1098 non
941 1045 1067 1114 jam
1100 1043 1413 1112 terrestris,
1447 1044 1550 1098 sed
1580 1042 1836 1098 Verbum
1867 1046 1925 1097 et
1952 1041 2082 1113 ipsa

429 1134 826 1201 ell‘ectaiesset
870 1133 944 1187 ob
974 1132 1171 1203 ipsum
1222 1131 1322 1187 Dei
1374 1135 1653 1200 Verbum,
1685 1131 1842 1203 quod
1895 1130 2081 1185 nostri

428 1237 608 1277 causa
636 1237 771 1276 caro
802 1221 1019 1276 factum
1051 1224 1160 1275 est.

499 1310 587 1365 34.
622 1309 695 1365 Ut
745 1314 940 1365 autem
991 1308 1321 1364 accuratius
1369 1308 1642 1381 cognosci
1693 1309 1879 1381 possit
1908 1314 2077 1364 natu-

426 1418 551 1456 ram
587 1398 755 1453 Verbi
788 1400 905 1470 pati
942 1398 1087 1452 nihil
1140 1414 1332 1468 posse,
1364 1399 1673 1468 carnisque
1705 1398 2077 1453 inﬁrmitates

426 1494 662 1560 propter
676 1503 912 1542 carnem
933 1487 1042 1557 ipsi
1061 1486 1323 1551 attribui,
1339 1484 1495 1541 haud
1518 1487 1689 1541 abere
1710 1486 1820 1541 erit
1839 1486 2076 1542 beatum

427 1576 661 1633 Petrum
700 1573 904 1631 audire
935 1590 947 1628 :
981 1574 1196 1646 dignus
1246 1574 1536 1645 siquidem
1569 1575 1733 1631 testis
1762 1580 1853 1630 est
1881 1576 1975 1631 cui
2006 1575 2078 1630 de

424 1665 722 1721 Salvatore
759 1663 974 1719 dicenti
1025 1663 1171 1718 fides
1210 1662 1519 1718 habeatur.
1563 1666 1656 1718 Sic
1687 1680 1824 1735 ergo
1854 1663 1914 1718 in
1945 1662 2077 1736 Epi-

425 1753 575 1809 stola
602 1752 808 1809 scribit
841 1769 853 1807 :
889 1750 1101 1807 Christo
1123 1752 1306 1822 igitur
1332 1767 1432 1822 pro
1458 1751 1616 1807 nobis
1643 1768 1812 1808 carne
1831 1768 1991 1821 passo
2009 1752 2077 1819 ⁸9,

2191 591 2281 649 διὰ
2326 595 2416 651 τὸν
2468 595 2519 651 έν
2574 599 2710 669 ἡμῖν
2767 598 2899 674 ὑπὲρ
2931 599 3091 670 ἡμῶν
3137 598 3425 673 γενόμενον
3458 597 3714 672 γατάρανι
3746 596 3832 651 καὶ

2190 681 2414 747 εἰκότως
2466 706 2547 759 γε.
2591 692 2793 762 Ὥσπερ
2840 687 2943 762 γὰρ
2992 686 3049 741 ἐκ
3096 693 3198 761 γῆς
3242 681 3391 750 ὄντες
3435 686 3630 749 πάντες
3676 685 3727 739 έν
3757 691 3832 758 τῷ

2189 769 2369 846 ’Δδάμ
2414 773 2856 848 ἀποθνήσκομεν,
2907 775 3081 840 οὕτως
3146 776 3344 841 ἄνωθεν
3391 775 3443 846 ἐξ
3496 772 3690 838 ὕδατος
3745 775 3831 829 καὶ

2188 860 2495 935 πνεύματος
2563 864 3030 939 ἀναγεννηθέντες,
3107 863 3160 920 έν
3237 869 3317 936 τῷ
3373 869 3589 939 Χριστῷ
3646 865 3832 927 πάντες

2192 953 2630 1025 ζωοποιούμεθα,
2664 953 2841 1009 οὐκέτι
2883 956 2958 1018 ὡς
2986 952 3206 1029 γηίνης,
3235 952 3382 1009 ἀλλὰ
3428 952 3623 1009 λοιπὸν
3656 953 3828 1029 λογω-

2190 1040 2376 1110 θείσης
2411 1048 2512 1111 τῆς
2543 1043 2739 1118 σαρκὸς
2770 1041 2859 1098 διὰ
2887 1044 2977 1098 τὸν
3004 1048 3102 1099 τοῦ
3132 1047 3268 1099 Θεοῦ
3298 1043 3474 1118 Λόγον
3508 1046 3643 1115 (23),
3678 1041 3737 1106 ὅς
3762 1040 3828 1096 δι’

2189 1129 2336 1202 ἡμᾶς
2365 1128 2572 1206 ἐγένετο
2604 1131 2753 1207 σάρξ.

2258 1310 2347 1364 34.
2379 1309 2492 1363 Ἵνα
2538 1305 2596 1363 δὲ
2652 1308 2742 1364 καὶ
2786 1309 2850 1364 τὸ
2900 1310 3102 1374 ἀπαθὶς
3128 1315 3230 1379 τῆς
3256 1308 3354 1364 τοῦ
3385 1310 3570 1384 Λόγου
3601 1310 3828 1388 φύσεως,

2186 1397 2277 1451 καὶ
2328 1396 2423 1461 τὰς
2470 1394 2559 1451 διὰ
2603 1399 2701 1467 τὴν
2746 1400 2916 1472 σάρκα
2981 1396 3285 1474 λεγομένας
3342 1398 3611 1463 ἀσθενείας
3668 1399 3829 1453 αὐτοῦ

2185 1485 2467 1559 γινώσκειν
2516 1506 2598 1549 τις
2646 1481 3021 1563 ἀκριϐέστερον
3067 1482 3171 1564 ἔχῃ
3227 1487 3554 1562 καλὸν
3605 1487 3827 1544 ἀκοῦσαι

2184 1577 2283 1628 τοῦ
2338 1572 2604 1647 μακαρίου
2650 1576 2881 1651 Πέτρου·
2934 1576 3244 1649 ἀξιόπιστος
3282 1575 3384 1651 γάρ
3435 1577 3592 1640 οὗτος
3636 1578 3828 1651 γένοιτ’

2186 1661 2247 1716 ἂν
2300 1662 2504 1739 μάρτυς
2550 1662 2675 1739 περὶ
2720 1667 2816 1718 τοῦ
2861 1662 3138 1739 Σωτῆρος·
3183 1663 3378 1743 γράφει
3426 1664 3601 1719 τοίνυν
3661 1663 3712 1720 ἓν
3760 1669 3825 1739 τῇ

2188 1747 2488 1824 Ἐπιστολῇ
2538 1749 2734 1825 λέγων.
2790 1756 3031 1827 Χριστοῦ
3079 1755 3190 1828 (25)
3243 1753 3333 1807 οὗν
3382 1754 3647 1817 παθόντος
3699 1754 3826 1827 ὑπὲρ

424 1842 672 1898 Proinde
692 1858 827 1897 cum
850 1840 1075 1896 esurire
1096 1840 1309 1895 dicitur
1324 1844 1382 1895 et
1396 1838 1580 1910 sitire,
1604 1839 1891 1907 laborare,
1913 1843 2075 1913 igno-

2192 1840 2348 1912 ἡμῶν
2397 1839 2573 1915 σαρκί.
2622 1840 2831 1897 Οὐκοῦν
2878 1840 2970 1896 καὶ
3020 1839 3147 1896 ὅταν
3191 1839 3415 1917 λέγηται
3461 1845 3648 1911 πεινᾷν
3675 1885 3689 1910 ,
3738 1842 3827 1896 καὶ

421 1948 571 1999 rare,
605 1930 881 1997 dormire,
914 1929 1071 1996 ﬂere,
1104 1927 1418 2000 postulare,
1467 1929 1690 2001 fugere,
1722 1930 1906 1998 nasci,
1939 1929 2077 1986 cali-

421 2036 547 2076 cem
560 2019 959 2091 deprecari,ac
974 2017 1227 2088 denique
1244 2033 1611 2089 quiscunque
1628 2020 1821 2073 carnis
1844 2019 2081 2091 propria

421 2109 659 2172 eunt,de
680 2105 931 2179 singulis
952 2110 1105 2162 recte
1125 2105 1440 2178 dicilpossit
1454 2123 1466 2160 :
1482 2106 1710 2162 Christo
1736 2108 2076 2180 igitur,car-

424 2213 495 2252 ne
514 2213 616 2267 pro
634 2196 825 2261 nobis,
849 2194 1142 2251 esuriente
1163 2199 1220 2249 et
1241 2194 1494 2265 sitiente,
1509 2211 1688 2267 seque
1709 2196 1979 2268 ignorare
1995 2197 2078 2252 di-

424 2290 608 2351 cente,
643 2282 904 2356 colaphis
934 2299 1101 2345 ceso.
1123 2289 1181 2338 et
1207 2281 1509 2339 laborante
1538 2301 1643 2355 pro
1675 2285 1843 2340 nobis
1865 2302 2072 2342 carne:

421 2373 670 2428 exaltato
692 2373 855 2441 item,
874 2374 1170 2438 nascente,
1194 2376 1509 2438 crescente,
1534 2388 1732 2441 carne;
1760 2372 2002 2429 timente
2020 2377 2079 2429 et

312 2514 318 2519 .
424 2463 835 2527 latente,carne
851 2477 865 2528 ;
880 2476 945 2513 ac
959 2458 1692 2531 dicentepimiliterﬁiﬁeri
1708 2469 1907 2531 potest,
1920 2463 2075 2518 468

421 2553 715 2606 tramenta
736 2564 822 2603 me
841 2548 993 2603 calix
1011 2549 1112 2602 iste
1132 2548 1195 2615 9°,
1221 2546 1533 2618 vapulante
1554 2554 1610 2602 et
1629 2549 1947 2621 accipiente
1972 2568 2076 2622 pro

424 2639 595 2695 nobis
624 2652 797 2693 carne
824 2654 843 2691 :
876 2638 934 2691 in
965 2637 1190 2692 caeteris
1211 2636 1450 2692 demum
1478 2637 1773 2695 similibus
1799 2639 1907 2695 rite
1937 2640 2074 2696 addi

425 2732 621 2800 queat,
651 2743 749 2798 pro
776 2726 935 2783 nobis
962 2741 1142 2781 carne.
1168 2725 1386 2781 idcirco
1415 2726 1571 2781 enim
1595 2733 1653 2782 et
1680 2727 1805 2799 ipse
1822 2731 2076 2800 Aposto-

420 2817 520 2873 lus
561 2816 725 2883 dicit,
759 2814 969 2870 Christo
1020 2815 1191 2885 igitur
1231 2830 1415 2886 passo,
1446 2831 1560 2870 non
1609 2815 1932 2883 divinitate,
1972 2819 2076 2875 sed

422 2923 527 2979 pro
540 2906 699 2960 nobis
713 2920 897 2972 carne,
917 2909 979 2959 ut
994 2902 1109 2959 illae
1133 2902 1465 2959 affectiones
1487 2921 1604 2959 non
1634 2907 1881 2976 propria:
1904 2906 2076 2963 Verbi

426 3000 670 3060 naturae,
702 2994 804 3050 sed
851 2993 1043 3049 carnis
1087 2998 1296 3048 natura
1344 2993 1592 3065 propriae
1624 3009 1753 3050 esse
1802 3012 2078 3068 agnosce-

425 3089 648 3139 rentur.
680 3081 914 3137 Nemini
962 3081 1142 3153 igitur
1171 3081 1293 3136 haac
1322 3081 1583 3136 humana
1630 3081 1748 3137 sint
1775 3085 2074 3154 scandala,

425 3173 527 3229 sed
558 3187 762 3227 omnes
780 3171 977 3242 potius
1006 3185 1398 3242 agnoscamus
1419 3171 1673 3226 Verbum
1705 3172 1944 3243 quidem
1968 3189 2070 3245 pro

2192 3188 2275 3231 τος
2321 3167 2383 3223 οὗ
2433 3168 2692 3238 θεότητι,
2756 3165 2880 3223 ἀλλ’
2932 3167 3060 3243 ὑπὲρ
3120 3169 3280 3241 ἡμῶν
3326 3168 3527 3243 σαρκὶ,

426 3265 648 3317 naturae
678 3275 801 3314 sum
829 3258 1162 3314 conditione
1185 3257 1329 3313 nihil
1350 3257 1468 3329 pati
1501 3275 1692 3330 posse,
1711 3262 1811 3315 sed
1846 3268 2082 3335 propter

426 3364 662 3405 carnem
692 3363 871 3419 quam
901 3346 1096 3401 induit
1124 3346 1237 3401 ista
1283 3345 1368 3400 illi
1408 3347 1667 3417 attribui,
1701 3350 1838 3420 quia
1869 3367 2077 3424 nempe

427 3440 550 3495 haec
580 3437 774 3493 carnis
800 3436 1036 3507 propria
1063 3441 1204 3489 sunt
1231 3434 1548 3506 ipsumque
1577 3452 1790 3507 corpus
1820 3438 2077 3496 Salvato-

431 3527 513 3583 ris
539 3530 628 3582 est
673 3524 996 3597 proprium.
1029 3523 1308 3588 Quocirca
1355 3522 1452 3579 ille
1504 3524 1763 3595 quidem,
1805 3527 1982 3584 nullis
2010 3544 2080 3585 ex

433 3621 646 3673 natura
665 3631 774 3670 sua
792 3613 1080 3669 obnoxius
1097 3611 1522 3681 affectionibus,
1545 3612 1718 3669 sicuti
1744 3620 1834 3671 est
1860 3634 2081 3688 perma-

438 3709 555 3771 net,
587 3720 694 3759 nec
724 3703 795 3758 ab
826 3701 920 3757 bis
950 3700 1201 3766 laeditur,
1234 3701 1335 3757 sed
1367 3717 1466 3756 eas
1499 3702 1694 3772 potius
1720 3704 1875 3760 delet
1900 3713 1958 3762 et
1984 3722 2080 3763 ex-

434 3795 758 3850 terminat:
793 3791 1064 3847 homines
1110 3796 1329 3861 autem,
1379 3789 1527 3861 ipsis
1575 3792 1981 3850 affectionibus
2021 3795 2083 3851 in

435 3884 626 3951 illum,
651 3882 752 3952 qui
783 3896 985 3936 earum
1016 3895 1223 3949 expers
1254 3880 1555 3941 est.veluti
1588 3882 1889 3938 translatis
1910 3888 1969 3939 et
1987 3884 2087 3940 de-

438 3974 592 4041 letis,
625 3972 698 4025 iis
730 3975 787 4025 et
815 3969 930 4040 ipsi
980 3967 1149 4023 liberi
1182 3968 1398 4038 pariter
1444 3969 1503 4022 in
1534 3976 1881 4040 perpetuum
1916 3973 2084 4042 fiunt,

434 4058 931 4134 quemadmodum
962 4055 1054 4112 his
1084 4056 1275 4111 verbis
1317 4056 1574 4111 Joannes
1599 4060 1768 4113 docet
1801 4076 1814 4113 :
1846 4062 1912 4115 Et
1939 4063 2088 4117 scitis

430 4150 574 4224 quod
603 4149 701 4205 itte
738 4147 1025 4220 apparuit,
1056 4152 1118 4201 ut
1163 4147 1381 4217 peccata
1408 4153 1600 4202 nastm
1630 4147 1862 4215 tolleret,
1891 4157 1943 4205 et
1965 4166 2086 4222 pec-

497 4277 545 4313 ”
574 4275 597 4331 i
624 4275 778 4332 Petr.
810 4289 888 4340 ιν,
922 4272 974 4327 1.
1051 4271 1096 4306 ⁹⁰
1125 4270 1334 4327 Matth.
1365 4288 1516 4343 xxvx,
1549 4271 1639 4327 39.

501 4415 739 4498 (22).Sic
770 4414 985 4498 Regius
1013 4413 1258 4484 primus,
1304 4413 1657 4498 segueri‘an.’
1675 4418 1733 4471 et
1763 4418 2079 4498 concilium

429 4480 811 4562 Ephesinum.
842 4480 952 4540 Alii
982 4480 1115 4562 vero
1146 4501 1278 4562 cum
1301 4480 1507 4562 editis,
1533 4480 1602 4539 δι’
1633 4485 1920 4562 ἁμαρτίας.
1948 4490 2081 4547 Mox

432 4554 563 4633 past
588 4556 901 4633 γενόμενον.
935 4554 1165 4633 κατάραν
1224 4557 1439 4633 desinit
1493 4554 1681 4613 locus'
1718 4554 1775 4614 in
1827 4561 2077 4617 concilio

432 4586 563 4633 μυδι
588 4586 877 4633 γεγυμινυν
937 4586 1069 4609 λιιι-ιι

429 4632 724 4703 Ephesino
762 4586 1101 4703 etChalt;edi

646 4702 786 4773 Reg.
818 4702 872 4767 2,
908 4705 967 4773 et
997 4700 1195 4773 BasiL,
1227 4694 1315 4751 διὰ
1342 4697 1436 4773 τον
1469 4698 1598 4752 Θεὸν
1618 4698 1826 4773 ⁸Λόγον.

517 4770 608 4846 24)
638 4770 852 4846 Regius
886 4771 1128 4846 primus,
1160 4770 1570 4846 Seguerianus,
1603 4770 1988 4846 Goblerianus
2017 4779 2075 4832 et

425 4835 842 4918 Felck'maiiﬁ,
870 4835 1218 4918 γινώσκητις
1232 4835 1629 4918 νάκριϐἐστερον
1659 4838 1827 4918 ἔχειν.

495 4918 608 4990 (25)
637 4913 956 4991 Qpbler._'et
982 4913 1130 4991 Felc.
1172 4915 1221 4984 1,
1252 4913 1374 4987 περὶ
1403 4917 1501 4968 τοῦ
1537 4913 1804 4988 ’Σωτῆρος
1851 4915 2071 4991 γράφων

427 4987 619 5062 οὕτως’
652 4988 926 5062 Χριστοῦ..
940 4990 1048 5062 etc,

496 5061 609 5131 (26)
643 5054 739 5112 Καὶ
769 5054 1044 5131 καθεύδειν
1079 5058 1245 5131 deest
1275 5056 1327 5109 id
1379 5057 1709 5131 titiblerian.
1745 5062 1802 5111 et
1836 5057 1980 5112 Felc.
2017 5060 2068 5131 1,

425 5128 722 5254 1ἱίᾶθεηᾳυθ
752 5131 894 5184 ibid.
927 5136 983 5184 et
1013 5130 1153 5201 Reg.
1186 5130 1233 5193 1,
1266 5145 1331 5183 ac
1378 5128 1616 5199 Seguer.
1671 5130 1953 5184 omittunt
1978 5129 2069 5183 καὶ

425 5219 455 5253 α
479 5221 613 5254 τειν.

423 5219 613 5255 αιτειν.

495 5274 614 5361 (27)
657 5275 788 5326 Πεεο
840 5270 1071 5361 verba,L
1093 5268 1169 5341 μὴ
1204 5266 1456 5361 ιεῖδέγαξ.
1484 5267 1871 5361 λέγοντος,ᾐῆ
1912 5287 2069 5361 ἲῐηίὶι

423 5341 555 5419 ῥπὶρ
585 5341 747 5419 ἡμων
797 5341 976 5419 σαρκί,
1009 5342 1225 5419 absunt
1254 5359 1285 5397 a
1316 5341 1647 5419 Gobleriau.
1690 5347 1748 5396 et
1779 5342 1969 5419 Fulgit.
2014 5344 2064 5398 1.

420 5410 552 5473 Moi
576 5410 787 5486 liegius
819 5410 1067 5486 primus,
1099 5418 1335 5486 Seguer.
1367 5418 1427 5486 et
1456 5412 1783 5486 Anglican),
1816 5410 2068 5486 αύξάνον-

419 5508 511 5548 τος
539 5482 717 5563 σάρκέᾲ.
750 5482 1006 5563 Αἶσαρκί
1036 5482 1201 5563 deest
1228 5484 1285 5539 in
1328 5482 1459 5563 aliis
1507 5482 1571 5563 et
1609 5482 1783 5539 editis
1833 5484 2064 5563 Gobler.

416 5566 472 5616 et
505 5554 646 5630 Felc.
686 5560 737 5626 1,
770 5554 1053 5630 omittunt
1081 5554 1575 5630 itemgapxtpost
1603 5555 2002 5630 κρυπτομένου.

487 5632 598 5703 (28)
629 5629 754 5686 Ἀπ’
784 5628 921 5699 ἐμοῦ
952 5631 1117 5703 deest
1141 5628 1201 5682 in
1232 5627 1432 5703 ἷξες-1
1485 5630 1814 5703 et_Seguer.
1848 5628 2063 5703 Iidem-

416 5698 530 5777 que
562 5698 781 5762 ibidem
813 5698 871 5758 et
898 5700 1129 5757 Gobler.
1157 5713 1224 5755 ac
1254 5698 1505 5754 Felckm.
1543 5698 1569 5753 1
1603 5699 1906 5771 omittunt,
1933 5700 2064 5752 τοῦ-

1098 4627 1322 4683 onensL

2187 1926 2371 2002 διψᾷν,
2444 1928 2536 1983 καὶ
2604 1929 2854 2001 κάμνειν,
2928 1928 3019 1984 καὶ
3078 1931 3154 2001 μή
3212 1925 3429 1995 εἰδέναι,
3489 1928 3579 1983 καὶ
3635 1929 3829 1993 καθεύ-

2187 2015 2297 2073 δειν
2344 2018 2475 2090 (26),
2521 2016 2612 2072 καὶ
2660 2016 2893 2087 κλαίειν,
2944 2017 3033 2073 καὶ
3087 2018 3276 2086 αἰτεῖν,
3326 2018 3416 2072 καὶ
3460 2016 3689 2095 φεύγειν,
3739 2018 3827 2072 καὶ

2184 2111 2487 2181 γεννᾶσθαι,
2522 2106 2612 2160 καὶ
2662 2108 3037 2181 παραιτεῖσθαι
3083 2106 3147 2160 τὸ
3181 2107 3467 2181 ποτήριον,
3520 2105 3610 2161 καὶ
3641 2105 3831 2171 ἁπλῶς

2185 2194 2358 2249 πάντα
2409 2193 2478 2249 τά
2521 2201 2623 2263 τῆς
2678 2195 2894 2267 σαρκὸς,
2948 2192 3173 2269 λεχθείη
3233 2192 3294 2247 ἂν
3363 2193 3681 2257 ἀκολούθως
3751 2194 3829 2272 ἐφ’

2185 2283 2430 2338 ἑκάστου·
2479 2278 2743 2367 Χριστοῦ)
2794 2283 2886 2336 οὖν
2933 2286 3229 2345 πεινῶντος
3256 2281 3348 2336 καὶ
3382 2279 3651 2356 διψῶντος
3698 2283 3828 2357 ὑπὲρ
3860 2275 3939 2333 ἕλ’

2184 2371 2344 2442 ἡμῶν
2388 2371 2564 2445 σαρκί·
2620 2370 2710 2425 καὶ
2759 2371 2835 2444 μή
2897 2368 3091 2425 εἶ’δὲναι
3138 2368 3392 2447 λέγοντος
3437 2373 3551 2442 (37)
3588 2372 3678 2426 καὶ
3737 2371 3830 2448 ῥα-

2183 2460 2504 2532 πιζομένου,
2553 2458 2643 2513 καὶ
2693 2460 2998 2532 κάμνοντος
3056 2459 3188 2533 ὑπὲρ
3256 2461 3419 2532 ἡμῶν
3491 2459 3665 2535 σαρκί’
3738 2462 3830 2515 καὶ

2191 2547 2499 2621 ὑψουμένου
2552 2545 2742 2618 πάλιν,
2791 2548 2880 2602 καὶ
2943 2548 3322 2622 γεννωμένου,
3372 2547 3461 2602 καὶ
3512 2548 3833 2619 αύξάνοντος

2186 2635 2362 2711 σαρκί·
2433 2635 2524 2690 καὶ
2586 2629 2955 2710 φοϐουμένου,
3026 2635 3116 2690 καὶ
3188 2635 3562 2713 κρυπτομένου
3628 2637 3827 2714 σαρκί’

2183 2722 2274 2778 καὶ
2315 2721 2589 2800 λέγοντος,
2639 2724 2702 2780 Εἰ
2750 2721 2998 2793 δυνατὸν,
3050 2722 3371 2800 παρελθέτω
3414 2724 3506 2779 ἀπ’
3550 2724 3832 2800 ἐμοῦ

2183 2813 2247 2868 τὸ
2293 2814 2559 2889 ποτήριον
2607 2817 2808 2882 τοῦτο,
2870 2813 2961 2868 καὶ
3011 2813 3392 2887 τυπτομένου,
3459 2814 3549 2868 καὶ
3609 2811 3832 2889 λαμϐά-

2183 2922 2369 2965 νοντος
2418 2901 2549 2976 ὑπὲρ
2597 2901 2760 2973 ἡμῶν
2803 2900 2977 2977 σαρκί·
3022 2903 3111 2956 καὶ
3162 2900 3308 2965 ὅλως
3336 2901 3507 2957 πάντα
3550 2902 3619 2958 τὰ
3643 2908 3832 2959 τοιαῦ-

2183 3010 2250 3044 τα
2298 2992 2414 3063 (29)
2475 2991 2619 3064 ὑπήρ
2684 2990 2845 3062 ἡμῶν
2897 2990 3073 3065 σαρκί.
3118 2990 3217 3044 Καὶ
3264 2990 3365 3067 γὰρ
3434 2991 3525 3047 καὶ
3584 2992 3746 3057 αὐτὸς
3801 2992 3831 3048 ὀ

2186 3076 2527 3143 ’Λπόστολος
2573 3077 2663 3134 διὰ
2702 3081 2852 3134 τοῦτ’
2908 3078 3128 3153 εἴρηκε,
3184 3078 3416 3152 Χριστσῦ
3474 3080 3564 3135 οὗν
3625 3083 3832 3137 παθόν-

3609 3168 3694 3226 i’va
3755 3172 3833 3245 μή

2192 3257 2355 3312 αὐτοῦ
2400 3260 2497 3310 τοῦ
2546 3255 2724 3332 Λόγου
2774 3253 2885 3311 ἴδια
2931 3255 3067 3311 κατὰ
3117 3256 3297 3334 φύσιν,
3348 3255 3475 3313 ἀλλ’
3526 3257 3695 3329 αὐτῆς
3734 3265 3838 3328 τῆς

2191 3345 2387 3420 σαρκὸς
2434 3342 2549 3399 ἴδια
2597 3344 2751 3423 φύσει
2801 3344 2869 3399 τά
2914 3346 3056 3416 πάθη
3104 3344 3453 3421 ἰπιγνωσθῆ.
3507 3349 3601 3418 Μὴ
3648 3347 3836 3402 τοίνυν

2188 3434 2248 3490 έκ
2292 3439 2401 3489 τῶν
2448 3432 2796 3509 ἀνθρωπίνων
2844 3454 2928 3497 τις
2975 3431 3451 3505 σκανδαλιζέσθω,
3500 3433 3647 3490 ἀλλὰ
3696 3433 3837 3509 μᾶλ-

2189 3522 2286 3580 λον
2330 3524 2662 3600 γινωσκέτω,
2714 3523 2790 3586 ὡς
2828 3524 2928 3593 τὴν
2980 3521 3136 3600 φύσιν
3185 3523 3346 3587 αὐτὸς
3392 3525 3421 3578 ὁ
3470 3525 3645 3601 Λόγος
3698 3526 3837 3581 ἀπα-

2190 3615 2290 3683 θής
2319 3611 2453 3681 ἐστι,
2484 3611 2574 3666 καὶ
2619 3609 2773 3685 ὅμως
2979 3607 3049 3665 δι’
3102 3611 3165 3680 ἢν
3193 3608 3474 3667 ἐνεδύσατο
3506 3612 3694 3687 σάρκα,
3744 3612 3834 3671 λέ-

2190 3722 2339 3778 γεται
2410 3700 2533 3774 πιρί
2594 3700 2761 3755 αὐτοῦ
2818 3703 3006 3771 ταῦτα,
3069 3696 3257 3770 ἐπειδὴ
3317 3708 3418 3771 τῆς
3487 3702 3581 3774 μὲν
3645 3704 3848 3777 σαρκὸς

2197 3788 2309 3845 ἴδια
2335 3793 2523 3860 ταῦτα,
2552 3791 2650 3843 τοῦ
2682 3785 2741 3843 δὲ
2772 3793 3033 3862 Σωτῆρος
3064 3784 3200 3843 ἴδιον
3250 3788 3380 3845 αὐτὸ
3424 3791 3487 3845 τὸ
3532 3794 3710 3865 σῶμα.
3744 3792 3846 3847 Καὶ

2197 3879 2358 3943 αὐτὸς
2418 3878 2511 3951 μὶν
2561 3875 2776 3945 ἀπαθὴς
2818 3876 2919 3945 τὴν
2971 3875 3150 3953 φύσιν,
3210 3877 3286 3940 ὡς
3332 3871 3443 3932 ἔστι
3493 3880 3626 3953 (31),
3659 3876 3850 3952 διαμέ-

2195 3989 2296 4037 νει,
2332 3967 2409 4041 μή
2464 3965 2845 4042 βλαπτόμενος
2892 3965 2998 4019 ἀπὸ
3043 3964 3271 4035 τούτων,
3320 3964 3468 4021 ἀλλὰ
3510 3965 3725 4039 μᾶλλον
3761 3967 3846 4039 ἐξ-

2196 4054 2468 4135 αφανίζων
2498 4054 2589 4109 καὶ
2621 4051 2918 4109 ἀπολλύων
2947 4052 3098 4109 αύτάο
3133 4055 3186 4107 oi
3217 4051 3274 4108 δὲ
3299 4051 3598 4127 ἅνθρωποι,
3624 4056 3699 4121 ὡς
3729 4058 3848 4131 (32)

2198 4146 2276 4210 είς
2328 4144 2421 4199 τὸν
2480 4143 2659 4213 ἀπαθῆ
2723 4136 3066 4216 μεταϐάντων
3126 4142 3303 4198 αὐτῶν
3358 4147 3467 4198 τῶν
3513 4146 3700 4200 παθῶν
3755 4145 3850 4201 καὶ

2187 4436 2272 4483 το,
2303 4413 2393 4469 καὶ
2423 4432 2783 4485 τυπτομένου.

2259 4488 2373 4561 (29)
2404 4483 2638 4561 Seguer.
2673 4483 2907 4561 Gobler.
2941 4484 3204 4561 Felckm.
3242 4486 3266 4540 1
3301 4492 3359 4542 et
3386 4488 3421 4541 2
3446 4486 3849 4561 omittuntur?

2189 4555 2537 4620 ὅλωςπάντα
2562 4556 2629 4610 τά
2656 4559 2902 4629 τοιαῦτα.
2938 4562 3013 4611 At
3043 4557 3099 4612 in
3145 4563 3397 4628 utroque
3446 4560 3639 4629 Regio,
3684 4560 3851 4616 Basi-

2187 4630 2356 4688 liens.
2387 4630 2619 4700 Anglic.
2650 4634 2709 4684 et
2741 4628 2993 4683 Felckm.
3024 4630 3080 4694 5,
3106 4634 3316 4699 praeter
3344 4630 3445 4685 illa
3473 4628 3647 4686 verba
3675 4632 3847 4688 addi-

2186 4707 2281 4775 tur
2312 4699 2444 4775 ὑπὲρ
2468 4702 2636 4775 ,ἡμῶν
2662 4701 2849 4775 σαρκί,
2881 4700 3037 4775 quod
3070 4700 3128 4754 in
3156 4700 3296 4775 aliis
3325 4708 3382 4756 et
3405 4701 3585 4775 editis
3614 4703 3800 4775 deest.

2184 4767 2556 4848 Mox__Re'giu'e
2591 4767 2816 4848 primus
2841 4767 3346 4848 et'Seguerianus,
3402 4767 3493 4848 διᾲ
3517 4773 3846 4848 τοῦτ’λεῖρη-

2186 4862 2265 4898 κε’
2302 4839 2538 4916 Χριότοῦ
2569 4841 2669 4916 οὖν
2713 4840 2983 4905 παθόντος
3008 4839 3106 4916 ἰού
3165 4840 3401 4916 θεότητι,
3453 4839 3847 4901 Goblerianus

2180 4921 2239 4972 et
2297 4909 2691 4986 Felckmanni
2726 4916 2966 4986 primus,
3001 4909 3109 4986 _81c‘t
3151 4909 3320 4986 τοῦτο’
3345 4912 3548 4986 εἷ’ρηκε·
3600 4917 3847 4986 Χριστοῦ

2180 4986 2452 5058 παθόντος
2484 4984 2563 5058 ού.
2604 4984 2846 5058 θεότητι.
2905 4984 3013 5040 Alii
3073 4990 3148 5058 et‘
3185 4985 3365 5058 editio
3391 4984 3717 5058 _Commel.,
3751 4984 3846 5041 διὰ

2179 5061 2341 5112 τοῦτο
2373 5056 2476 5111 οὐκ
2507 5052 2711 5128 εἷ’ρηκε·
2743 5052 2978 5128 Χριστοῦ
3009 5054 3276 5118 παθόντος
3313 5055 3550 5128 θεότητι.
3704 5052 3714 5058 ’
3802 5069 3815 5078 °

2252 5131 2361 5198 (30)
2389 5127 2679 5200 Reg.2e_t
2733 5127 2913 5200 editio
2974 5128 3256 5200 Commel.
3315 5127 3404 5182 καί
3462 5128 3635 5190 ὅλως.
3703 5129 3847 5186 Mox

2179 5196 2355 5257 Bas“.
2383 5196 2517 5274 post
2543 5198 2680 5274 crept
2697 5196 2861 5254 αὐτοῦ
2891 5199 3114 5274 omittit
3141 5203 3329 5274 more.

2192 5342 2208 5362 ι
2251 5270 2534 5397 (Ρὲιγὶὶθε.
2571 5270 2625 5343 1,
2655 5272 2894 5345 Seguer.
2937 5271 3171 5328 Gobler.
3228 5272 3422 5328 Felck.
3478 5271 3503 5325 1
3557 5270 3847 5328 omittunt

2192 5364 2251 5397 υς
2311 5364 2416 5397 στι.

2177 5363 2251 5404 ως
2284 5363 2416 5398 εστι.

2248 5415 2359 5487 (32)
2397 5414 2504 5487 Sic,
2540 5413 2759 5485 Regius
2811 5414 3038 5487 primus
3087 5418 3144 5469 et
3191 5412 3609 5487 Seguerianus.
3652 5416 3731 5487 At
3780 5413 3844 5469 in

2176 5483 2309 5557 aliis
2332 5481 2384 5542 et
2417 5486 2593 5542 editis
2623 5481 2790 5541 deest
2811 5481 2918 5546 ἰῦς.
2947 5485 3081 5540 Mox
3106 5481 3539 5557 Anglicanus,
3575 5482 3667 5537 καὶ
3700 5481 3849 5557 ἀπο-

2175 5552 2511 5628 λειμμένων,
2536 5558 2949 5628 ωειιιιοεθηΑι
2978 5552 3475 5628 Βεείηελριςὶωιιε,
3516 5555 3848 5628 Βεευοτὶαο

2176 5623 2286 5685 nus
2314 5623 2376 5685 et
2404 5627 2583 5685 editio
2613 5623 3098 5695 Commeliniana',
3131 5623 3245 5681 καῖ
3266 5623 3722 5700 άπηλειμμένων.
