4074 6354
198 485 335 547 ’401

1356 496 1645 557 ORATIO
1690 495 1771 554 Ill
1816 493 2128 555 CONTRA
2169 494 2533 557 ARIANOS.

3519 500 3639 560 402

217 642 328 675 των
366 619 439 674 ὣν
471 621 846 696 κληρονόμος,
902 624 1065 697 μόνος
1100 628 1127 681 6
1159 622 1281 689 Υἱός
1325 626 1436 682 ἑστι
1478 625 1569 681 καὶ
1598 628 1712 700 (57)
1747 622 1851 679 ἴδια

1993 628 2263 698 sequitur
2293 644 2428 684 eum
2461 627 2640 683 alium
2674 643 2805 685 esse
2836 629 2908 684 ab
2940 628 3217 684 omnibus
3247 643 3375 698 qua:
3406 631 3653 703 accepit-

218 711 339 764 κατ’
370 709 558 765 οὐσίαν
590 716 687 765 τοῦ
736 715 966 790 Πατρός.
999 714 1062 769 Εἰ
1112 715 1214 790 γὰρ
1264 715 1338 777 εἷς
1386 715 1452 784 ἧν
1497 719 1605 769 τῶν
1637 714 1876 782 πάντων,

220 798 283 852 οὗ
318 800 537 854 πάντων
587 800 655 868 ἦν
707 799 867 865 αὐτὸς
918 801 1289 877 κληρονόμοςο
1341 804 1487 859 ἀλλᾶ
1531 803 1621 858 καὶ
1650 800 1879 863 ἕκαστος

218 884 553 961 ἐλάμϐανεν,
603 891 678 953 ὡς
728 889 895 961 ἤθελε
944 893 1033 947 καὶ
1084 891 1265 948 ἐδίδου
1315 894 1342 947 6
1396 895 1601 967 Πατήρ.
1653 896 1759 947 Νῦν
1796 889 1874 962 δὲ,

217 981 397 1034 πάντα
424 974 721 1051 λαμϐάνων
757 980 942 1050 αὐτὸς,
994 978 1165 1044 ἄλλος
1217 981 1327 1037 ἐστὶ
1370 987 1477 1037 τῶν
1520 984 1735 1036 πάντων
1784 981 1875 1035 καὶ

222 1066 390 1140 μόνος
421 1065 562 1130 ἴδιος
593 1074 692 1123 τοῦ
723 1069 956 1144 Πατρός.
984 1071 1106 1127 ’Ότι
1139 1068 1195 1125 δὲ
1224 1070 1388 1126 πάλιν
1420 1071 1503 1133 τὸ,
1537 1068 1719 1142 ἐδόθη,
1759 1069 1873 1140 καὶ,

218 1154 498 1231 παρεδόθη
530 1160 663 1229 (58),
697 1157 758 1212 οὐ
788 1153 849 1212 τό
902 1179 1034 1213 ποτε
1076 1160 1152 1232 μὴ
1207 1157 1350 1234 ἔχειν
1401 1159 1559 1214 αὐτὸν
1613 1156 1869 1227 δείκνυσι,

217 1241 441 1299 δυνατὸν
476 1244 534 1299 ἐκ
562 1250 660 1300 τοῦ
709 1246 904 1320 ὁμοίου
953 1247 1123 1323 ῥητοῦ
1170 1248 1259 1302 καὶ
1311 1249 1435 1324 περὶ
1483 1246 1699 1303 πάντων
1749 1267 1840 1302 συν

216 1330 351 1387 ιδεῖν
381 1334 445 1388 16
493 1338 770 1389 τοιοῦτον.
808 1335 955 1406 Φησὶ
1008 1337 1109 1411 γὰρ
1159 1335 1317 1398 αὐτὸς
1351 1338 1379 1391 6
1412 1340 1628 1411 Σωτήρ·
1667 1340 1869 1413 Ὥσπερ

214 1423 241 1476 6
270 1423 466 1496 Πατὴρ
524 1424 668 1492 ζωήν
720 1420 836 1499 ἔχει
896 1423 948 1478 ἐν
1010 1425 1200 1498 ἑαυτῷ,
1264 1425 1436 1488 οὕτως
1494 1425 1582 1481 καὶ
1630 1431 1710 1499 τῷ
1758 1428 1868 1499 ne.

215 1507 421 1565 δέδωκε
481 1512 625 1580 ζωὴν
687 1507 831 1586 ἔχειν
890 1511 942 1567 ἐν
1002 1514 1175 1585 ἑαυτῷ
1205 1517 1339 1587 (59).
1374 1516 1467 1569 Ἐκ
1501 1516 1594 1587 μὲν
1640 1516 1742 1591 γὰρ
1772 1519 1868 1569 τοῦ

211 1597 421 1674 λέγειν,
473 1598 694 1670 δέδωκε,
748 1601 999 1674 σημαίνει
1056 1602 1239 1658 ἑαυτὸν
1294 1605 1368 1675 μὴ
1423 1603 1557 1658 εἶναι
1609 1604 1701 1658 τὸν
1758 1610 1867 1658 Πα-

210 1687 360 1762 τέρα·
394 1687 448 1743 ἐν
487 1686 544 1743 δὲ
586 1695 665 1762 τῷ
709 1689 907 1766 λέγειν,
949 1690 1142 1759 οὕτως,
1176 1689 1411 1746 δείκνυσι
1462 1695 1564 1763 τὴν
1613 1694 1747 1767 προς
1773 1694 1865 1748 τὸν

212 1777 432 1851 Πατέρα
482 1783 579 1833 τοῦ
630 1780 762 1833 Υἱοῦ
812 1782 1039 1856 φυσικὴν
1094 1779 1398 1853 ὁμοιότητα
1444 1781 1532 1835 καὶ
1580 1779 1864 1851 ἰδιότητα.

210 1868 276 1922 Ei
325 1866 424 1938 μὲν
475 1865 567 1922 οὖν
618 1866 684 1936 ἦν
735 1888 867 1923 ποτε
909 1866 999 1924 ὅτε
1047 1867 1146 1924 οὐκ
1194 1871 1334 1945 εἶχεν
1370 1871 1398 1923 6
1428 1871 1637 1942 Πατήρ,
1671 1867 1865 1939 δῆλον,

212 1956 297 2011 δτι
327 1959 419 2011 καὶ
457 1958 485 2011 6
515 1956 642 2018 Υἱὸς
668 1958 735 2025 ἧν
790 1956 881 2011 ὅτε
931 1958 1035 2057 ούκ
1073 1958 1372 2057 suum;
1570 1960 1669 2031 γὰρ
1703 1960 1731 2012 6
1765 1964 1868 2013 Πα-
1900 1993 1944 2057 Β

209 2048 340 2121 τήρ,
373 2045 548 2105 οὕτως
578 2045 665 2100 καὶ
718 2046 746 2099 6
791 2046 915 2109 Υἱὸς
963 2041 1100 2121 ἔχει.
1152 2046 1217 2102 Εἰ
1249 2044 1306 2100 δὲ
1349 2041 1535 2110 ἀσεϐὲς
1568 2049 1661 2118 μὲν
1704 2051 1866 2102 τοῦτο

212 2134 412 2209 λέγειν,
448 2129 663 2197 εὐσεϐὲς
711 2132 768 2188 δὲ
819 2133 1033 2206 μᾶλλόν
1064 2134 1203 2190 ἐστιν
1238 2134 1429 2200 εἰπεῖν,
1463 2134 1544 2189 ὅτι
1578 2136 1659 2191 ἀεὶ
1690 2132 1804 2212 ἔχει
1837 2137 1865 2191 6

212 2226 448 2297 Πατήρ·
503 2228 622 2285 πῶς
676 2223 774 2278 οὐκ
821 2219 1020 2279 ἄτοπον
1066 2229 1164 2278 τοῦ
1221 2226 1348 2278 Υἱοῦ
1407 2223 1696 2299 λεγοντος,
1757 2228 1862 2294 ὅτι,

211 2314 287 2377 ὡς
318 2315 348 2367 6
377 2314 573 2387 Πατὴρ
598 2310 737 2388 ἔχει,
771 2311 946 2375 οὕτως
991 2316 1080 2367 καί
1113 2314 1141 2367 6
1173 2314 1295 2376 Υἱὸς
1320 2308 1469 2389 ἔχει,
1500 2314 1726 2377 τούτους
1775 2314 1864 2370 λέ-

208 2422 321 2476 γειν
358 2404 436 2473 μή
472 2399 644 2462 οὕτως
694 2398 863 2476 ἔχειν,
896 2398 1022 2456 ἀλλ’
1070 2397 1258 2465 ἄλλως
1288 2398 1434 2477 ἔχειν
1468 2422 1481 2472 ;
1514 2400 1740 2458 Μᾶλλον
1774 2402 1864 2458 οὖν

208 2492 238 2544 6
270 2490 452 2566 Λόγος
482 2479 676 2551 πιστός
719 2489 851 2563 ἐστι,
902 2492 993 2544 καὶ
1043 2492 1239 2558 πάντα,
1288 2489 1322 2544 ἃ
1370 2490 1515 2565 λέγει
1563 2490 1864 2569 εἰληφέναι,

206 2579 288 2633 ἀεὶ
340 2577 516 2655 ἔχων,
566 2578 701 2633 αύτά
748 2576 866 2655 ἔχει
917 2582 1029 2654 (61)
1076 2581 1224 2654 παρὰ
1268 2584 1364 2634 τοῦ
1415 2580 1643 2655 Πατρός·
1696 2581 1785 2636 καὶ
1835 2583 1863 2636 6

209 2668 305 2741 μὲν
338 2668 530 2743 Πατὴρ
564 2666 626 2721 οὗ
679 2666 826 2743 παρά
868 2688 1036 2735 τινος,
1071 2670 1099 2722 6
1149 2665 1206 2722 δὲ
1253 2669 1377 2732 Υἱὸς
1421 2669 1566 2743 παρὰ
1609 2674 1706 2724 τοῦ
1753 2677 1862 2725 Πα-

201 2757 332 2832 τρὸς
384 2754 530 2832 ἔχει.
579 2761 666 2819 Ὠς
714 2757 815 2832 γὰρ
867 2758 955 2811 καὶ
1012 2755 1099 2811 ἐπὶ
1145 2762 1242 2812 τοῦ
1296 2756 1716 2832 ἀπαυγάσματος
1751 2801 1765 2826 ,
1816 2758 1861 2812 εἰ

204 2845 338 2900 αὐτὸ
386 2846 454 2900 τὸ
505 2843 835 2919 ἀπαύγασμα
884 2842 1055 2920 λέγοι·
1090 2844 1269 2901 Πάντα
1312 2847 1481 2901 τόπον
1534 2843 1734 2901 δέδωκὲ
1768 2869 1860 2919 μοι

199 2935 265 2989 τὸ
295 2939 418 3012 φῶς
454 2933 728 3012 φωτίζεινο
760 2933 849 2988 καὶ
899 2935 1002 2989 ούκ
1048 2936 1138 2989 ἀπ’
1180 2934 1414 3007 ἐμαυτοῦ
1458 2935 1702 3012 φωτίζω,
1737 2934 1862 2991 ἀλλ’

200 3024 278 3085 ὡς
310 3023 378 3077 τὸ
408 3027 524 3101 φῶς
561 3021 838 3098 βούλεται⁸
869 3027 1029 3078 τοῦτο
1063 3021 1120 3078 δὲ
1168 3022 1324 3098 λέγον
1380 3026 1514 3097 (62),
1544 3025 1608 3078 οὐ
1638 3025 1700 3078 τό
1729 3045 1862 3079 ποτε

202 3113 282 3184 μή
317 3110 473 3187 ἔχειν
502 3113 659 3167 ἑαυτὸ
705 3109 993 3181 δείκνυσιν,
1043 3110 1170 3168 ἀλλ’
1217 3114 1300 3167 ὅτι
1347 3117 1445 3168 τοῦ
1493 3113 1670 3189 φωτὸς
1722 3110 1858 3168 ἴδιόν

196 3201 339 3275 εἰμι,
392 3200 487 3255 καὶ
537 3200 604 3255 τὰ
665 3199 872 3255 ἐκείνου
922 3199 1094 3256 πάντα
1148 3199 1254 3273 ἐμά
1301 3200 1437 3256 ἐστιν
1468 3244 1480 3255 .
1532 3202 1719 3265 Οὕτως
1768 3201 1858 3256 καὶ

193 3288 370 3344 πλέον
554 3288 642 3342 ἐπὶ
671 3292 768 3344 τοῦ
813 3289 941 3344 Υὶοῦ
979 3295 1124 3344 νοεῖν
1174 3284 1361 3360 ἔξεστι.
1397 3291 1495 3345 Καὶ
1552 3290 1652 3366 γὰρ
1686 3292 1859 3346 πάντα

1988 715 2229 785 Deinde,
2263 734 2395 773 cum
2424 717 2689 774 omnium
2722 718 2800 773 sit
2846 717 3053 786 haras,
3103 722 3259 774 certe
3312 717 3474 774 solus
3524 718 3650 790 ipse

1989 821 2244 878 quoque,
2273 806 2455 863 Filius
2476 810 2534 862 et
2557 806 2830 878 proprius
2853 811 2944 862 est
2974 806 3164 862 Patris
3185 808 3511 864 secundum
3544 825 3648 864 na-

1985 897 2201 951 turam.
2235 894 2297 951 Si
2329 895 2485 950 enim
2517 911 2547 950 e
2577 911 2824 951 numero
2856 895 3121 951 omnium
3153 899 3328 967 esset,
3363 913 3479 952 non
3519 914 3646 954 om-

1984 982 2151 1038 nium
2185 984 2437 1055 profecto
2462 988 2617 1039 esset
2639 983 2824 1040 haeres
2860 1000 2873 1039 :
2909 985 3012 1039 sed
3043 983 3289 1056 quilibet
3316 984 3495 1041 etiam
3540 1003 3634 1042 ac-

1983 1072 2255 1143 cepisset,
2284 1073 2369 1127 uti
2389 1072 2673 1129 voluisset
2691 1089 2757 1128 ac
2778 1073 3037 1129 dedisset
3057 1077 3249 1129 Pater.
3273 1075 3641 1147 Quapropter

1981 1161 2407 1218 cum'omniain
2428 1162 2554 1234 ipse
2583 1161 3011 1234 accipiat,alius
3030 1161 3230 1233 utique
3246 1166 3337 1219 est
3352 1164 3424 1217 ab
3446 1165 3635 1220 omni-

1978 1249 2112 1319 bus,
2145 1249 2425 1322 solusque
2455 1252 2546 1305 est
2571 1249 2838 1322 proprius
2858 1249 3234 1314 Patris.Quod
3250 1266 3383 1305 vero
3400 1250 3494 1306 his
3514 1267 3636 1307 ver-

1979 1338 2072 1394 bis
2098 1338 2234 1395 data
2262 1346 2363 1406 est,
2396 1342 2472 1406 et,
2506 1337 2711 1394 tradita
2739 1348 2887 1407 sunt,
2926 1354 3041 1394 non
3073 1338 3441 1411 significetur
3494 1356 3628 1396 eum

1978 1427 2073 1483 his
2092 1427 2411 1500 aliquando
2429 1428 2710 1495 caruisse,
2735 1445 2801 1483 ex
2822 1427 3001 1483 simili
3021 1427 3147 1483 loco
3166 1428 3493 1500 perspicere
3523 1445 3633 1485 ca:-

1979 1524 2219 1588 teraque
2251 1516 2385 1572 inde
2412 1516 2548 1571 licet
2575 1516 2920 1588 intelligere.
2949 1518 3098 1575 405
3133 1517 3227 1571 Ait
3254 1532 3465 1589 nempe
3506 1516 3630 1574 Sal-

1976 1604 2282 1675 vatoripse
2314 1621 2327 1659 :
2362 1605 2513 1660 Sicut
2533 1606 2698 1659 Pater
2715 1606 2878 1661 habet
2911 1607 3079 1660 vitam
3116 1606 3179 1660 in
3214 1607 3517 1677 semetipso,
3549 1608 3631 1663 sic

1976 1693 2122 1749 dedit
2152 1702 2205 1749 et
2234 1694 2374 1748 Filio
2404 1696 2570 1749 vitam
2602 1693 2800 1750 habere
2829 1695 2891 1749 in
2918 1694 3205 1765 semetipso
3234 1695 3275 1749 ³.
3308 1695 3455 1751 Nam
3491 1712 3625 1752 cum

1978 1782 2139 1847 dicit,
2169 1782 2338 1848 dedit,
2373 1799 2434 1838 se
2464 1799 2579 1837 non
2611 1798 2741 1838 esse
2771 1786 3003 1838 Patrem
3034 1782 3627 1855 declaratzparticula

1976 1875 2195 1940 autem,
2225 1872 2326 1939 sic,
2360 1871 2645 1936 utitur,ut
2672 1870 3000 1927 naturalem
3030 1871 3158 1927 Filii
3188 1888 3320 1927 cum
3354 1872 3522 1928 Patre
3546 1873 3627 1928 si-

1976 1959 2368 2016 militudinem
2390 1963 2448 2015 et
2469 1960 2882 2032 proprietatem
2914 1959 3292 2033 signiticet.Si
3320 1960 3496 2033 igitur
3516 1961 3628 2017 fuit

1975 2049 2287 2120 aliquando
2322 2065 2454 2104 cum
2486 2052 2655 2104 Pater
2687 2065 2798 2105 non
2834 2048 3073 2104 haberet
3107 2065 3176 2104 ea
3222 2066 3348 2120 qua:
3396 2049 3573 2105 habet
3607 2068 3621 2105 :

1977 2136 2205 2192 nullum
2239 2137 2481 2192 dubium
2511 2140 2599 2193 est
2628 2138 2769 2209 quin
2801 2138 2980 2193 etiam
3007 2138 3178 2193 fuerit
3198 2137 3515 2209 aliquando
3540 2140 3624 2195 Fi-

1975 2226 2110 2292 lius,
2137 2243 2269 2281 cum
2301 2225 2397 2281 illa
2427 2243 2541 2282 non
2572 2226 2986 2282 haberet.Nam
3018 2231 3084 2282 ut
3114 2227 3283 2283 Pater
3312 2228 3507 2293 habet,
3539 2228 3621 2283 ita

1975 2319 2031 2370 et
2056 2314 2253 2371 Filius.
2278 2316 2485 2370 Verum
2512 2316 2561 2371 si
2587 2316 2643 2370 id
2668 2315 2917 2387 impium
2946 2314 3104 2370 dictu
3136 2319 3243 2385 est,
3266 2332 3298 2372 e
3327 2317 3621 2372 contrario

1976 2408 2170 2459 autem
2196 2403 2358 2475 pium
2383 2408 2473 2459 est
2493 2404 3049 2476 afﬁrmare,semper
3071 2404 3298 2460 Patrem
3320 2404 3625 2473 habuisse,

1974 2510 2049 2548 an
2083 2510 2196 2549 non
2231 2493 2657 2566 perabsurdum
2690 2497 2799 2561 est,
2834 2493 2979 2549 Filio
3009 2496 3380 2550 asseverante
3405 2494 3627 2566 :quem—

1975 2582 2294 2639 admodum
2327 2583 2497 2638 Pater
2524 2582 2699 2638 habet
2729 2583 2811 2638 ita
2840 2588 2899 2638 et
2950 2581 3161 2638 Filium
3211 2582 3448 2649 habere,
3497 2583 3630 2640 illos

1974 2671 2364 2728 nihilominus
2394 2673 2745 2727 cantendere
2777 2688 2891 2726 non
2924 2670 3008 2726 ita
3034 2671 3135 2727 sed
3167 2670 3337 2728 aliter
3363 2671 3580 2728 habere
3600 2673 3629 2728 Ἰ

1974 2759 2183 2831 Utique
2213 2759 2462 2815 Verbum
2500 2760 2689 2832 magis
2721 2760 2834 2815 ﬁde
2860 2760 3109 2831 dignum
3140 2764 3247 2827 est,
3265 2759 3628 2833 proindeque

1972 2850 2171 2904 omnia
2199 2866 2322 2919 quas
2345 2865 2407 2903 se
2424 2866 2455 2903 a
2478 2848 2644 2903 Patre
2665 2849 2962 2921 accepisse
2984 2852 3249 2920 testatur,
3280 2865 3347 2906 ea
3391 2865 3624 2923 semper

1972 2937 2214 3003 habens,
2266 2955 2301 2993 a
2348 2942 2517 2993 Patre
2563 2937 2760 2993 habet.
2790 2942 2965 2994 Porro
2998 2942 3168 2994 Pater
3195 2937 3297 2994 illa
3326 2956 3360 2995 ο.
3386 2939 3621 2996 nemine

1972 3026 2164 3096 habet,
2198 3027 2294 3081 sed
2330 3026 2513 3082 Filius
2542 3026 2720 3082 habet
2745 3044 2776 3082 a
2802 3027 2987 3082 Patre.
3020 3027 3165 3082 Nam
3198 3031 3263 3083 ut
3290 3027 3620 3100 splendoris

1971 3114 2232 3187 exemplo
2264 3118 2418 3183 utar,
2449 3115 2497 3169 si
2529 3114 2651 3186 ipse
2679 3114 2958 3186 splendor
2982 3115 3063 3170 ita
3090 3114 3618 3186 loqueretur:0m-

1971 3220 2101 3259 nem
2130 3203 2321 3258 locum
2346 3203 2491 3258 mihi
2514 3203 2614 3258 lux
2635 3204 2705 3258 ad
2730 3202 3188 3259 illuminandum
3211 3205 3621 3277 dedit,.neque

1968 3309 2037 3349 ex
2067 3294 2289 3365 meipso
2320 3291 2613 3360 illumino,
2635 3293 2739 3348 sed
2773 3296 2837 3347 ut
2864 3292 2979 3348 luci
3022 3291 3210 3365 placet
3240 3310 3252 3347 :
3287 3310 3429 3349 sane
3462 3294 3623 3351 hisce

194 3358 462 3440 δεδωκῶς
558 3380 745 3453 [ἰατὴρ
786 3382 866 3449 τῷ
915 3379 1047 3449 Υἱῴ,
1079 3358 1251 3432 πάντα
1296 3378 1461 3433 πάλιν
1513 3381 1541 3433 6
1565 3358 1768 3454 ’Πατὴρ
1800 3379 1852 3435 ἐν

1977 3381 2162 3437 verbis
2211 3399 2324 3436 non
2382 3381 2668 3437 indicaret
2720 3397 2781 3437 se
2823 3380 3141 3454 aliquando
3173 3398 3289 3437 non
3321 3382 3620 3448 habuisse,

194 3473 276 3539 τῷ
310 3468 428 3539 Υἱῷ
481 3465 619 3542 ἔχει·
652 3466 744 3521 καὶ
794 3472 891 3521 τοῦ
939 3467 1067 3521 Υἱοῦ
1117 3464 1175 3522 δὲ
1212 3464 1459 3542 ἔχοντος,
1493 3468 1656 3523 πάλιν
1690 3470 1718 3523 6
1754 3476 1854 3523 Πα-

190 3556 300 3631 τήρ
362 3554 502 3610 αὐτὰ
558 3552 674 3631 ἔχει
725 3558 869 3629 (64).
918 3558 981 3611 Ἠ
1029 3557 1131 3631 γὰρ
1181 3561 1279 3611 τοῦ
1337 3558 1462 3612 Υἳοῦ
1515 3558 1705 3627 θεότης
1759 3562 1855 3612 τοῦ

195 3644 417 3721 [ἰατρὸς
447 3644 537 3699 Θεό
551 3665 641 3714 της
672 3644 801 3699 ἐστί’
835 3646 923 3699 καὶ
955 3644 1128 3707 οὕτως
1159 3646 1186 3699 6
1212 3647 1396 3719 Πατὴρ
1429 3644 1478 3700 ἐν
1512 3651 1591 3718 τῷ
1623 3647 1732 3718 Υἱῴ
1748 3650 1853 3700 τῶν

196 3733 422 3789 πάντων
454 3734 555 3802 τὴν
582 3733 841 3809 πρόνοιαν
869 3739 1124 3789 ποιεῖται.

1966 3471 2066 3525 sed
2102 3471 2294 3541 potius
2326 3486 2394 3525 ea
2423 3474 2576 3525 esset
2605 3469 2893 3525 sententia
2926 3486 2939 3524 :
2976 3470 3091 3541 Ego
3121 3469 3270 3526 lucis
3300 3486 3436 3527 sum
3490 3488 3621 3543 pro-

1968 3559 2150 3632 prius,
2185 3560 2433 3631 ejusque
2466 3559 2664 3613 omnia
2697 3575 2825 3614 mea
2855 3562 3018 3614 sunt.
3053 3559 3212 3614 idem
3251 3558 3524 3619 similiter
3566 3565 3625 3617 et

1967 3649 2153 3703 multo
2178 3648 2363 3720 magis
2387 3649 2457 3703 de
2481 3647 2619 3702 Filio
2643 3646 3090 3719 intelligendum
3116 3647 3443 3704 est.0mnia
3461 3650 3618 3705 enim

1968 3737 2136 3792 Pater
2166 3737 2306 3791 Filio
2339 3736 2519 3801 dedit,
2552 3742 2609 3791 et
2641 3753 2846 3796 rursus
2892 3735 3045 3791 idem
3094 3736 3262 3792 Pater
3310 3737 3511 3793 omnia
3558 3738 3618 3793 in

194 3823 346 3879 Filio
377 3824 578 3879 habet.
611 3823 753 3879 Filio
786 3824 925 3879 item
959 3825 1228 3897 habente,
1245 3825 1448 3881 eadem
1482 3841 1715 3897 quoque
1747 3829 1918 3880 Pater
1947 3824 2143 3879 habet.
2171 3822 2469 3893 Siquidem
2503 3823 2629 3878 Filii
2664 3823 2959 3894 divinitas,
2980 3824 3169 3880 Patris
3197 3828 3287 3881 est
3315 3825 3618 3896 divinitas,

182 3917 371 3985 atque
402 3912 486 3968 ita
511 3912 684 3968 Pater
715 3913 776 3968 in
809 3912 951 3968 Filio
983 3930 1076 3968 res
1106 3929 1310 3969 omnes
1344 3914 1710 3986 providentia
1739 3914 1888 3986 gerit
1917 3918 1973 3968 et
2003 3912 2397 3968 administrat.

252 4003 359 4057 37.
398 4003 521 4055 Τῶν
558 4002 651 4072 μὶν
684 4000 778 4055 οὗν
825 4000 1089 4056 τοιούτων
1141 4000 1319 4077 ῥητῶν
1360 4006 1606 4063 τοιοῦτος
1640 4001 1668 4055 ὀ
1697 4006 1846 4063 νοῦς·

180 4090 312 4163 περὶ
350 4086 409 4142 δὲ
429 4093 538 4143 τῶν
571 4089 930 4163 ἀνθρωπίνως
961 4087 1273 4164 λεγομὲνων
1305 4092 1426 4163 περί
1460 4095 1557 4145 τοῦ
1588 4094 1700 4163 (65)
1729 4097 1847 4145 Σω-

180 4184 386 4251 τῆρος,
448 4176 539 4231 καὶ
582 4180 753 4231 ταῦτα
808 4175 972 4232 πάλιν
1034 4172 1231 4247 εὐσεϐῆ
1281 4179 1380 4246 τήν
1434 4175 1671 4233 διάνοιαν
1707 4176 1844 4253 ἔχει.

187 4267 290 4322 Διᾶ
332 4269 503 4320 τοῦτο
553 4267 657 4340 γὰρ
705 4266 795 4321 καὶ
842 4268 956 4339 (66)
1001 4267 1443 4340 προεξητάσαμεν
1492 4268 1561 4321 τὰ
1606 4270 1847 4334 τοιαῦτα,

180 4355 296 4423 ἵνα,
350 4354 439 4409 ἐὰν
497 4354 817 4429 ἀκούσωμεν
867 4356 1246 4433 ἐπερωτῶντος
1298 4357 1486 4426 αὐτοῦ,
1534 4361 1639 4410 ποῦ
1684 4355 1851 4424 Λάζαο

185 4466 280 4520 ρος
329 4451 533 4515 κεῖται,
582 4444 673 4499 καὶ
723 4446 847 4500 ὅταν
897 4444 972 4508 εἷς
1009 4446 1074 4501 τὰ
1124 4446 1263 4523 μέρη
1314 4445 1627 4520 Καισαρείας
1677 4443 1850 4500 ἐλθὼν

254 4600 278 4633 ³
305 4597 482 4653 Joan.
513 4614 569 4664 v,
601 4597 693 4652 26.
772 4599 793 4631 ⁴
821 4596 990 4654 Joan.
1022 4615 1101 4666 x1,
1132 4598 1221 4653 34.

256 4749 387 4832 (
406 4749 505 4832 Sile
536 4749 676 4832 ἷζε-ε.
713 4750 738 4803 1

185 4790 392 4876 Atialii
423 4825 483 4876 et
510 4790 674 4889 editi,
710 4790 1061 4895 κληρόῖιόμος
1112 4790 1271 4884 αὐτὸς
1304 4823 1331 4875 6
1382 4822 1525 4888 Υἱὸς,
1573 4817 1681 4876 ἔστι
1740 4821 1849 4891 καί,

186 4899 302 4948 etc.

186 4909 302 4948 Θῐο.

257 4964 374 5037 (58)
404 4961 753 5037 Basiliensis
793 4963 1015 5037 omittit
1045 4963 1134 5037 καὶ
1165 4961 1465 5037 παρεδόθη,

260 5033 538 5108 (59)-Ηξὲε
563 5034 755 5101 verba,
788 5033 961 5096 οὕτως
1012 5035 1101 5089 καὶ
1144 5033 1386 5108 τῖμΐὶᾦ
1435 5033 1635 5089 δέδωκε
1696 5037 1840 5103 ζωὴν

191 5105 428 5180 glarea
458 5106 655 5180 ἑαυτῷ,
679 5108 893 5180 desunt
924 5109 991 5180 in
1020 5110 1157 5179 Reg.
1195 5105 1217 5162 1
1253 5113 1310 5163 et
1355 5105 1591 5180 Seguer.
1622 5110 1840 5163 Ibidem

192 5176 559 5257 Basiliensis,
592 5176 652 5257 ἐκ
684 5178 778 5250 μὲν
809 5182 905 5257 τοῦ
936 5176 1131 5257 λέγεινῖ
1170 5181 1308 5257 Item
1357 5176 1574 5257 ibidem
1628 5181 1843 5257 Regius

192 5250 422 5321 primus
482 5256 541 5305 et
589 5250 1024 5321 Seguerianus,’
1066 5250 1320 5323 σημαίνει
1377 5252 1586 5308 ἑαυτόν.
1635 5250 1743 5307 Alii
1789 5257 1845 5307 et

194 5323 352 5376 editi.
386 5320 645 5376 σημαίνει
678 5320 854 5376 αὐτὸν.

194 5339 352 5383 eam,
386 5342 453 5388 ση
468 5341 645 5388 μαινει
678 5342 854 5376 αυτον.

271 5342 352 5383 lu,
386 5342 453 5388 ση
468 5342 645 5393 μαινει
678 5342 854 5376 αυτον.

262 5394 376 5467 (60)
412 5393 777 5467 Basiliensis,
810 5395 1031 5467 Ὥσπερ.
1067 5395 1268 5450 Caeteri
1302 5396 1553 5451 eteditio
1586 5398 1844 5450 Comme-

196 5463 435 5539 liniaua,
470 5464 565 5524 ὡς.
606 5465 737 5539 M_o_x
785 5463 1273 5539 ltcgiusprimus
1319 5473 1375 5522 et
1426 5468 1842 5539 Seguerianus,

196 5530 382 5611 ἀσεϐὲς
424 5530 624 5611 (τοῦτο.)
657 5530 1137 5611 λέγειν,νρξῠὶεξεο
1193 5538 1306 5611 μὲν.
1360 5530 1581 5611 Ιὺὶἀξῐῐι
1630 5530 1842 5611 Regius

199 5602 670 5683 ρτὶῐῐιυεκασεϐες
700 5602 762 5683 ,δέ
794 5602 1202 5683 μᾶλλόνέστιν
1245 5608 1436 5681 εἰπεῖν,
1487 5608 1569 5664 ὅτι
1624 5602 1841 5683 μήνάεὶ

200 5680 337 5753 ἔχειν,
368 5680 471 5753 sed
504 5681 581 5753 μή
616 5681 794 5737 habet
822 5682 1079 5738 secunda
1110 5700 1310 5738 manu.

274 5752 560 5826 (coagg.
598 5753 919 5826 LVSeguer.
950 5753 1180 5826 prler.
1212 5759 1270 5811 et
1294 5752 1545 5811 Felckm.
1596 5754 1652 5822 l,
1712 5752 1846 5807 αὐτὰ

204 5817 344 5898 ἔχει.
368 5817 576 5881 Ἀὶίίἶι
607 5817 790 5896 editi:
800 5827 966 5878 ταῦτα
994 5821 1129 5900 ἔχει.

797 4753 1036 4822 Seguer.
1085 4750 1319 4822 Gobler.
1373 4755 1429 4807 et
1476 4750 1732 4822 Felckm.
1793 4750 1849 4822 lg.
1880 4749 1929 4813 D

2033 4002 2123 4056 37.
2172 4000 2302 4056 Hac
2350 4000 2530 4072 igitur
2560 4005 2649 4056 est
2699 3999 2933 4056 illorum
2961 4002 3271 4057 verborum
3297 4003 3612 4073 sententia,

1958 4090 2091 4154 Quae
2123 4091 2342 4162 pariter
2371 4091 2442 4144 de
2472 4089 2765 4146 Salvatore
2796 4090 3053 4145 humano
3104 4106 3265 4146 more
3313 4090 3609 4157 dicuntur,

1958 4195 2159 4234 eorum
2194 4194 2430 4250 quoque
2461 4179 2557 4249 pia
2583 4183 2670 4234 est
2700 4173 3300 4250 significationCirco
3321 4178 3479 4235 enim
3511 4179 3614 4236 illa

1960 4268 2124 4340 prius
2155 4267 2492 4323 examinare
2513 4267 2701 4322 visum
2724 4266 2990 4336 est,ut,si
3016 4267 3332 4323 Dominum
3360 4266 3611 4325 interro-

1959 4360 2191 4429 gantem
2228 4356 2612 4423 audierimus,
2648 4355 2746 4409 ubi
2777 4356 3020 4411 Lazarus
3052 4355 3241 4426 iaceat
3272 4358 3292 4391 ⁴
3322 4374 3336 4413 :
3370 4361 3609 4430 etcum,

1960 4445 2059 4502 ubi
2094 4446 2149 4500 in
2184 4450 2379 4518 partes
2413 4446 2686 4502 Caasareze
2710 4445 2865 4500 venit
2886 4449 3502 4519 percunctatur,()uem
3522 4462 3612 4504 me

2034 4749 2144 4820 (62)
2180 4749 2396 4820 Regius
2428 4749 2679 4822 primus,
2712 4746 3097 4822 λέγονβωῒθιιὶ
3129 4753 3188 4804 et
3217 4748 3379 4822 editi,
3407 4745 3601 4822 λὶγων.

1964 4815 2186 4893 Ibidem
2216 4815 2454 4892 SEguer'.
2490 4821 2629 4891 Reg.
2666 4823 2715 4887 1,
2749 4815 2940 4893 prima
2969 4838 3170 4893 manu,
3207 4820 3283 4893 μὴ
3310 4815 3454 4893 ἔχειν
3478 4815 3604 4893 ἔριο-

1960 4891 2022 4946 τὸ
2055 4887 2321 4947 δείκνυσιῖ
2341 4887 2906 4964 Ιὶεςὶυεεοουηῐὶόυε,
2938 4893 3014 4963 μή
3045 4887 3443 4964 Excipiant-6"):
3493 4887 3604 4944 δεί-

1960 4912 2022 4946 το
2055 4911 2307 4947 οεικνυσι.
2341 4911 2556 4964 neglus
2587 4911 2906 4959 secundus,
2938 4913 3014 4963 μη
3045 4912 3067 4945 ε
3114 4912 3188 4945 ειν
3223 4911 3341 4944 εαυτ

1960 4985 2133 5018 κνυσι.
2172 4965 2275 5038 Alii
2307 4971 2364 5038 cl:
2387 4965 2554 5038 editi,
2594 4964 2668 5036 μὴ
2703 4960 2849 5038 ἔχειν
2883 4964 3055 5038 ἒαοτῷ
3071 4911 3341 5038 iamper.

2024 5037 2136 5121 (63)
2170 5035 2265 5121 Κα)
2298 5034 2463 5121 τέλὲον
2517 5033 2679 5118 deest
2724 5033 3163 5121 i'u'Basi‘l'iensi.
3220 5034 3355 5121 M‘qa.
3383 5033 3599 5121 Regius

1957 5103 2182 5179 primus
2212 5114 2272 5179 et
2299 5107 2710 5179 Seguerianus,
2742 5106 2915 5160 πάντα
2945 5103 3195 5160 δέδωκεν.
3245 5105 3356 5161 Alii
3388 5110 3445 5160 et
3474 5103 3600 5161 edi-

1957 5176 2018 5249 ti,
2051 5180 2226 5233 πάντα
2255 5176 2529 5239 δεδωκώς.

2026 5254 2138 5323 ((54)
2169 5252 2258 5306 Sic
2292 5252 2431 5322 Reg.
2469 5254 2492 5306 1
2528 5254 2587 5305 et
2618 5250 2855 5323 seguer.
2907 5248 3136 5323 Go‘bler.
3172 5253 3228 5304 et
3254 5248 3515 5323 Felckm.
3550 5249 3598 5305 1.

1962 5328 2028 5377 At
2058 5320 2402 5378 in’editione
2433 5322 2711 5376 Commcl.
2737 5328 2793 5376 et
2820 5322 2877 5374 in
2910 5320 3204 5375 Felekm.2
3234 5322 3450 5376 desunt
3480 5321 3601 5376 haec

1955 5397 2149 5481 verba,
2181 5393 2271 5448 καὶ
2303 5397 2399 5447 τοῦ
2431 5394 2558 5446 Υἱοῦ
2590 5390 2647 5445 δὲ
2677 5388 2920 5465 ἔχοντος,
2952 5390 3115 5447 πάλιν
3150 5392 3177 5445 ὁ
3228 5392 3413 5465 Πατὴρ
3463 5389 3597 5444 αὐτά

1955 5485 2089 5519 ενει.

2169 5535 2420 5591 Felckm.
2454 5538 2510 5601 5,
2544 5533 2687 5607 παρὰ
2714 5538 2829 5601 τοῦ,
2861 5529 2997 5592 etc.
3034 5535 3253 5590 Ibidem
3297 5532 3384 5587 καί
3433 5533 3598 5591 abest

1956 5629 1987 5663 ιι
2017 5609 2362 5680 Uobleriano
2395 5615 2451 5663 et
2484 5608 2811 5680 Felekman.
2848 5608 3057 5680 primo.

2024 5682 2138 5752 (66)
2173 5678 2274 5735 Καί
2305 5681 2469 5737 deest
2498 5681 2555 5734 in
2585 5676 2943 5752 Gobleria'no,
2963 5683 3021 5735 et
3081 5676 3414 5752 Felckman.
3467 5676 3589 5752 pri-

1956 5740 2070 5825 mo.
2102 5740 2318 5808 I'bidem
2352 5752 2565 5825 Regius
2590 5752 2814 5824 primus
2840 5758 2893 5807 et
2918 5740 3335 5825 Seguerianus,
3366 5740 3592 5824 προεξη-

1952 5822 2209 5898 τάσαμεν.
2244 5822 2529 5882 Οωῐθΐῖθῐ
2556 5822 2718 5893 editi,
2752 5823 3222 5899 προεζητήσαμεν.
