4074 6330
278 448 384 508 405

1371 447 1665 509 ORATIO
1710 446 1793 509 llI
1839 446 2150 508 CONTRA
2195 447 2562 509 ARIANOS.

3546 446 3667 507 406

275 581 447 653 σάρκα.
501 579 604 634 Καὶ
656 579 760 655 γὰρ
817 576 1001 653 ὥσπερ
1060 578 1114 633 ὲν
1170 575 1308 652 αὑτῇ
1363 575 1707 644 ἐπυνθάνετο,
1764 573 1891 630 οῧτιι

2019 576 2275 633 divinam
2297 578 2722 635 reddidit.Nam
2747 579 3240 651 quemadmodum
3259 578 3318 633 in
3343 579 3474 650 ipsa
3492 578 3669 634 inter-

274 667 353 722 καὶ
406 666 456 722 ἐν
515 666 652 742 αὐτῇ
707 667 800 721 τὸν
857 668 1046 742 νεκρὸν
1094 666 1301 743 ἤγειρε·
1355 664 1446 721 καὶ
1496 671 1657 720 πᾶσιν
1690 662 1902 736 ἔδειξεν,

274 756 347 812 δτι
377 758 403 811 6
432 755 654 832 νεκροὺς
703 757 814 831 (77)
862 760 1145 825 ζωοποιῶν
1189 756 1279 810 καὶ
1322 756 1421 824 τὴν
1476 755 1662 830 ψυχὴν
1702 753 1905 809 ἀνακα-

274 844 547 916 λούμενος,
592 842 794 917 πολλῷ
842 842 1055 913 μᾶλλον
1105 847 1173 899 τὰ
1215 845 1427 920 κρυπτά
1476 843 1689 899 πάντων
1722 841 1905 917 ἐπιγι-

272 935 470 1003 νώσκει,
502 934 593 988 καὶ
642 931 898 1009 ἐγίνωσκε
926 937 1032 988 ποῦ
1078 938 1253 990 κεῖται
1285 935 1553 1009 Λάζαρος*
1588 930 1712 987 ἀλλ’
1740 929 1905 986 επον-

273 1024 460 1078 θάνετο’
517 1022 691 1078 ἐποίει
741 1023 841 1098 γὰρ
870 1024 1008 1095 ’(78)
1060 1023 1150 1077 καὶ
1196 1027 1358 1078 τοῦτο
1411 1024 1439 1077 6
1489 1021 1753 1096 πανάγιος
1805 1019 1904 1075 τοῦ

271 1116 388 1165 Θεοῦ
444 1111 648 1185 Λόγος,
681 1112 709 1165 6
758 1108 931 1165 πάντα
990 1108 1061 1165 δι’
1117 1113 1265 1184 ἡμᾶς
1321 1109 1635 1184 ὑπομείνας,
1679 1107 1773 1164 ’ίνα
1815 1106 1904 1163 καὶ

269 1197 395 1254 οὕτω
443 1202 546 1270 τήν
594 1201 812 1275 ἄγνοιαν
868 1202 1029 1272 ἡμῶν
1095 1200 1408 1275 βαστάξας,
1466 1198 1762 1275 χαρίσηται
1816 1217 1907 1272 γι-

270 1290 476 1344 νώσκειν
508 1289 603 1342 τὸν
637 1288 804 1360 μόνον
852 1286 1044 1342 ἑαυτοῦ
1092 1286 1351 1357 ἀληθινὸν
1404 1291 1631 1363 Πατέρα,
1669 1285 1759 1341 καὶ
1790 1286 1907 1340 εαυ-

267 1378 346 1432 τὸν
380 1378 468 1436 τὸν
526 1374 597 1431 δι’
650 1379 802 1448 ἡμᾶς
832 1378 947 1450 (79)
993 1375 1080 1431 ἐπὶ
1133 1377 1376 1449 σωτηρίᾳ
1413 1378 1627 1431 πάντων
1677 1375 1909 1429 ἀποστα-

271 1465 430 1533 λέντα,
462 1466 530 1534 ἧς
568 1464 766 1537 μείζων
809 1464 909 1518 οὐκ
959 1461 1020 1519 ἂν
1050 1465 1262 1538 γένοιτο
1307 1463 1490 1540 χάρις.
1522 1466 1687 1520 ’Ὁταν
1723 1463 1902 1518 τοίνυν

192 1624 197 1629 .
269 1557 345 1609 καὶ
387 1554 519 1632 ’περὶ
579 1552 654 1607 ὧν
712 1552 1136 1632 προφασίζονται
1195 1553 1374 1627 ῥητῶν
1427 1553 1558 1628 λέγῃ
1609 1554 1638 1607 ὁ
1685 1554 1905 1626 Σωτὴῇ

176 1654 211 1711 :7
265 1630 441 1714 Ἐδόίγη
504 1664 602 1716 μοι
663 1630 908 1713 ἐξουσία,
968 1643 1081 1711 καὶ,
1141 1642 1371 1713 Δόξασόν
1429 1663 1525 1697 σου
1579 1642 1671 1696 τὸν
1732 1641 1854 1695 Υἱὸν
1888 1684 1903 1712 ,

268 1732 386 1807 λέγῃ
415 1753 473 1787 τε
521 1733 551 1787 6
613 1733 839 1806 Πέτρος,
900 1728 1094 1801 Ἐδόθη
1155 1732 1305 1803 αὐτῷ
1364 1731 1594 1801 ἐξουσία,
1648 1733 1717 1804 τῇ
1766 1730 1905 1803 αὐτῇ

264 1819 455 1893 διανοίᾳ
493 1826 667 1877 ταῦτα
712 1821 891 1876 πάντα
936 1821 1276 1896 γινώσκομεν
1329 1822 1464 1892 (80),
1510 1818 1592 1874 ὅτι
1643 1817 1910 1893 ἀνθρωπί·

262 1930 354 2003 vi»:
382 1907 469 1965 διὰ
496 1910 562 1964 τὸ
593 1913 755 1982 σῶμα
798 1906 968 1964 ταῦτα
1018 1907 1192 2003 πάντα
1239 1907 1408 2003 λέγει.
1442 1906 1519 1964 Οὐ
1567 1908 1670 1982 γὰρ
1716 1904 1901 2003 χρείαν
1934 1937 1983 2003 Β

264 1994 419 2073 ἔχων,
467 1998 626 2070 ὅμως
680 1996 841 2060 αὐτὸς
897 1998 970 2059 ὡς
1026 1995 1271 2072 εἲληφὼς
1328 1995 1543 2071 λέγεται
1597 1998 1709 2070 (81)
1762 1995 1897 2068 ἅπερ

263 2081 549 2159 ἐλάμϐανεν
599 2085 977 2162 ἀνθρωπίνως
1031 2083 1120 2140 ’ίνα
1174 2083 1365 2153 πάλιν,
1424 2085 1500 2148 ὡς
1555 2088 1648 2138 τοῦ
1700 2082 1898 2159 Κυρίου

266 2169 535 2247 λαϐόντος,
567 2176 661 2229 καί
692 2174 764 2236 ὡς
795 2173 872 2236 εἷς
902 2173 1061 2228 αὐτὸν
1092 2171 1506 2247 ἀναπαυομένης
1545 2180 1645 2243 τῆς
1675 2170 1896 2241 δόσεως,

268 2257 442 2337 βεϐαία
490 2266 525 2334 ἡ
581 2265 747 2339 χάρις
799 2260 1048 2337 διαμείνῃ
1278 2264 1598 2338 Ἀνθρωπος
1651 2262 1745 2335 μὲν
1796 2260 1897 2337 γὰρ

264 2350 415 2422 μόνος
476 2348 777 2425 λαμϐάνων
836 2349 1058 2406 δυνατὸν
1119 2348 1234 2427 ἔχει
1284 2351 1373 2405 καὶ
1419 2350 1483 2405 τὸ
1521 2350 1896 2425 ἀφαιρεθῆναιο

260 2440 338 2493 καὶ
383 2444 546 2496 τοῦτο
604 2439 693 2495 ἐπὶ
738 2444 837 2496 τοῦ
894 2440 1074 2513 ’Δὸὰμ
1125 2439 1365 2515 ἐδείχθη’
1412 2435 1593 2494 λαϐὼν
1643 2439 1742 2514 γάρ
1797 2439 1897 2493 ἀπ-

261 2526 468 2584 ώλεσεν.
518 2533 641 2585 ’Ίνα
697 2527 754 2584 δὲ
811 2528 1159 2607 ἀναφαίρετος
1214 2531 1249 2598 ἡ
1309 2526 1473 2604 χάρις
1524 2529 1766 2604 γενηται,
1807 2527 1896 2582 καὶ

265 2611 441 2689 βεϐαία
494 2616 761 2693 φυλαχθῇ
806 2622 933 2679 ’τοῖς
988 2616 1318 2693 ἀνθρώποις,
1377 2613 1464 2671 διὰ
1517 2621 1679 2670 τοῦτο
1736 2615 1895 2678 αὐτὸς

264 2701 604 2761 ἱδιοποιεῖται
648 2707 747 2776 τήν
796 2703 964 2774 δόσιν,
1005 2706 1095 2761 καὶ
1127 2705 1272 2781 λέγει
1322 2704 1561 2775 ἐξουσίαν
1592 2703 1897 2783 εἰληφέναι,

265 2792 331 2854 ὡς
364 2791 673 2871 ἄνθρωπος,
706 2796 771 2864 ἣν
804 2794 885 2849 ἀεὶ
933 2791 1051 2870 ἔχει
1104 2794 1179 2857 ὡς
1211 2794 1362 2856 Θεός”
1395 2793 1484 2848 καὶ
1530 2794 1701 2867 λέγει,
1737 2794 1898 2865 Δόξα-

260 2880 342 2935 σόν
403 2903 491 2954 με,
552 2884 584 2938 6
638 2880 843 2945 ἄλλους
905 2880 1163 2956 δοξάζων,
1218 2881 1310 2937 ’ίνα
1368 2881 1535 2957 δείξῃ,
1588 2884 1673 2936 ὅτι
1729 2883 1900 2955 σάρκα

262 2970 565 3044 χρῄζουσαν
600 2970 716 3045 ἔχει
766 2971 971 3027 τούτων
1015 2974 1145 3044 (83).
1181 2972 1274 3026 Διὸ
1317 2970 1568 3041 κάκείνης
1600 2966 1898 3042 λαϐούσης,

263 3056 438 3129 ἐπειδὴ
512 3064 550 3131 ἡ
633 3056 875 3117 λαϐοῦσα
952 3059 1004 3116 ἐν
1059 3062 1206 3133 αὑτῷ
1280 3059 1390 3115 ἐστι
1424 3103 1438 3129 ,
1491 3060 1579 3115 καὶ
1655 3058 1899 3134 προσλα-

264 3141 366 3200 ϐών
418 3150 592 3219 αὐτὴν
648 3150 936 3225 ἄνθρωπος
992 3150 1206 3226 γέγονεν
1235 3195 1251 3221 ,
1307 3148 1381 3211 ὡς
1440 3148 1596 3212 αὐτὸς
1651 3146 1898 3224 εἰληφὼς

260 3233 479 3311 λέγεται.

315 3417 400 3472 39.
435 3416 495 3473 Et
542 3417 638 3489 μὲν
685 3415 800 3485 οῦν,
847 3417 920 3478 ὡς
962 3413 1234 3478 πολλάκις
1284 3413 1518 3493 εἴρηται,
1562 3416 1624 3470 οὐ
1673 3417 1889 3490 γὲγονεν

253 3500 525 3579 ἄνθρωπος
559 3506 591 3559 6
617 3502 819 3580 Λόγος,
848 3503 987 3560 ἔστω
1015 3509 1111 3560 τοῦ
1141 3505 1323 3580 Λόγου
1351 3506 1471 3569 καθ’
1497 3505 1635 3576 ὑμᾶς
1685 3507 1797 3579 (84)
1826 3506 1889 3560 τὸ

252 3587 445 3665 λαϐεῖν,
475 3593 572 3648 καὶ
630 3594 691 3648 τὸ
745 3593 971 3669 χρῄζειν
1031 3590 1214 3665 δόξης,
1264 3594 1352 3648 καὶ
1401 3594 1463 3649 τὸ
1508 3594 1718 3668 ἀγνοεῖν
1751 3596 1884 3667 (85)·

252 3680 292 3733 εί
335 3679 389 3736 δὲ
436 3683 662 3758 γέγονεν
722 3680 1017 3755 ἄνθρωπος’
1075 3683 1260 3759 γέγονε
1314 3684 1435 3759 γάρ’
1496 3681 1781 3759 ἀνθρώπου
1830 3681 1888 3738 δέ.

250 3766 347 3824 ἐστὶ
365 3772 428 3826 τὸ
458 3766 668 3837 λαϐεῖν,
701 3772 789 3825 καὶ
818 3772 881 3826 τὸ
929 3771 1182 3847 χρῄζειν,
1210 3772 1302 3826 καὶ
1344 3772 1407 3826 τὸ
1438 3772 1674 3845 ἀγνοεῖν*
1703 3769 1791 3827 διὰ
1834 3772 1888 3827 τί

250 3858 330 3912 τὸν
357 3856 577 3916 διδόντα
605 3860 680 3921 ὡς
733 3855 1080 3933 λαμϐάνοντα
1126 3859 1450 3933 νομίζομεν,
1501 3860 1591 3915 καὶ
1637 3861 1729 3915 τὸν
1784 3859 1885 3920 ἄλ-

253 3944 360 4010 λοις
416 3952 769 4025 χορηγοῦντα
826 3948 1018 4025 χρείαν
1079 3947 1224 4024 ἔχειν
1284 3950 1643 4023 ὑπονοοῦμεν,
1674 3950 1762 4005 καὶ
1793 3951 1884 4005 τὸν

254 4036 340 4107 μὲν
364 4038 541 4113 Λόγον
572 4035 884 4113 διαιροῦμεν
928 4038 1035 4093 ἀπὸ
1063 4043 1160 4093 τοῦ
1208 4039 1437 4114 Πατρὸς,
1471 4039 1544 4101 ὡς
1596 4038 1762 4109 ἀτελῆ
1796 4039 1884 4094 καὶ

251 4126 425 4201 χρείαν
487 4125 726 4203 ἔχοντα,
776 4128 877 4197 τὴν
937 4124 997 4182 δὲ
1051 4126 1449 4202 ἀνθρωπότητα
1500 4134 1601 4197 τῆς
1657 4128 1885 4205 χάριτος

251 4210 699 4291 ἰρημοῦμενςΕῒ
743 4217 844 4291 γὰρ
903 4215 1066 4279 αὐτὸς
1123 4217 1152 4271 6
1183 4215 1372 4293 Λόγος,
1520 4217 1696 4293 Λόγος
1750 4217 1882 4289 ἐστὶ,

251 4297 313 4356 δι’
365 4305 553 4361 ἔαυτόν
609 4303 719 4360 ἐστι
779 4299 966 4360 λαϐὼν
1022 4305 1111 4360 καὶ
1172 4302 1464 4375 δοξασθεὶς,
1515 4306 1607 4361 καὶ
1656 4306 1702 4361 εί
1752 4306 1884 4362 ἐκεῖ·

250 4411 331 4455 νος
498 4393 639 4450 κατὰ
659 4394 759 4463 τὴν
800 4393 1030 4465 Θεότητά
1068 4393 1209 4449 ἔστιν
1243 4395 1271 4448 6
1302 4394 1575 4469 ἀγιασθείς
1623 4397 1711 4450 καὶ
1753 4397 1883 4452 ἀνα-

249 4482 364 4547 στὰς
391 4486 527 4540 ποία
570 4486 689 4545 τοῖς
726 4481 1040 4557 ἀνθρώποις
1086 4483 1228 4539 ἐστὶν
1257 4480 1414 4545 ίλπίς
1448 4502 1463 4552 ;
1492 4484 1721 4539 Μενουσι
1754 4488 1880 4562 γὰρ,

312 4628 351 4663 ¹⁰
377 4629 582 4687 Matth.
616 4646 814 4699 xxvm,
846 4631 933 4686 18.
1014 4631 1056 4666 ιί
1080 4629 1252 4687 Joan.
1284 4646 1423 4700 xvu,
1458 4631 1508 4687 1.

2015 667 2261 738 rogabat
2294 683 2305 722 :
2342 668 2423 723 ita
2452 669 2510 723 in
2543 669 2744 723 eadem
2780 673 3079 725 mortuum
3130 668 3417 737 excitavit,
3472 667 3664 723 omni-

2016 755 2247 828 busque
2276 760 2475 829 aperte
2504 756 2784 813 indicavit
2811 774 2943 813 eum
2976 758 3077 830 qui
3108 758 3358 814 mortuis
3397 758 3576 813 vitam
3609 762 3668 812 et

2016 842 2273 900 animam
2306 844 2581 912 restituit,
2616 845 2803 902 multo
2832 846 3021 918 magis
3051 862 3146 902 res
3174 861 3379 902 omnes
3408 844 3668 902 occultas

2015 932 2237 1005 optime
2266 949 2461 990 nosse.
2494 933 2727 989 Sciebat
2756 933 2937 1007 igitur
2977 935 3076 991 ubi
3120 936 3344 1005 jaceret
3392 936 3666 1001 Lazarus,

2016 1021 2119 1077 sed
2147 1025 2344 1078 tamen
2376 1022 2710 1078 sciscitatus
2738 1027 2846 1079 est.
2875 1022 2937 1078 Id
2969 1026 3166 1079 autem
3197 1023 3334 1079 fecit
3363 1022 3669 1080 sanctissi-

2016 1124 2180 1165 mum
2213 1109 2314 1166 Dei
2349 1110 2781 1182 Verbum,quod
2813 1112 3014 1168 omnia
3034 1111 3218 1168 nostri
3248 1128 3427 1168 causa
3484 1112 3668 1169 susti-

2016 1198 2304 1268 nuit,cum
2352 1203 2418 1254 ut
2463 1199 2572 1255 hoc
2611 1200 2784 1256 modo
2816 1204 3078 1256 nostram
3111 1200 3500 1273 ignorantiam
3534 1218 3668 1274 por-

2014 1290 2171 1354 tans,
2204 1287 2374 1343 nobis
2401 1288 2584 1344 solius
2611 1288 2730 1344 veri
2761 1288 2853 1343 sui
2888 1288 3075 1344 Patris
3114 1289 3505 1360 cognitionem
3548 1289 3666 1345 im-

2014 1376 2408 1449 pertiret,tum
2442 1381 2508 1433 ut
2538 1394 2643 1433 nos
2669 1378 2902 1433 doceret
2921 1377 3183 1449 seipsum
3207 1382 3444 1450 propter
3464 1395 3571 1434 nos
3593 1379 3663 1434 ad

2015 1465 2279 1521 omnium
2311 1466 2559 1522 salutem
2607 1466 2854 1522 missum
2904 1483 3054 1537 esse,
3107 1483 3224 1539 qua
3269 1467 3459 1538 gratia
3506 1466 3671 1525 nulla

2014 1558 2169 1610 certe
2200 1555 2387 1625 major
2416 1554 2602 1627 possit
2631 1570 2780 1610 esse.
2806 1554 2909 1610 Illa
2938 1554 3121 1627 igitur
3148 1554 3465 1611 Salvatoris
3495 1556 3671 1612 verba

2016 1659 2144 1714 qum
2177 1641 2370 1699 Ariani
2399 1643 2706 1714 objiciunt,
2740 1644 2880 1699 Data
2908 1651 2987 1699 est
3028 1645 3172 1700 mihi
3212 1650 3455 1716 potestas
3501 1645 3566 1712 ¹⁰,
3611 1648 3670 1700 et

2020 1731 2273 1802 Gloriﬁca
2317 1732 2525 1787 Filium
2570 1736 2731 1788 tuum
2778 1734 2844 1796 “,
2896 1737 2961 1788 ut
2989 1736 3046 1788 et
3075 1732 3231 1788 hunc
3264 1733 3414 1788 Petri
3447 1733 3666 1801 locum,

2016 1821 2164 1876 Data
2196 1823 2272 1875 est
2302 1821 2395 1875 illi
2419 1828 2671 1891 potestas,
2703 1821 2908 1877 eadem
2940 1836 3182 1892 prorsus
3212 1821 3438 1877 ratione
3485 1821 3667 1894 expli-

2017 1925 2242 1965 camus.
2292 1909 2550 1964 Dicimus
2582 1924 2790 1981 nempe
2819 1908 2933 1965 ista
2963 1908 3162 1965 omnia
3189 1913 3425 1981 propter
3453 1926 3666 1982 corpus

2013 2012 2146 2053 eum
2171 1997 2431 2053 humano
2454 2014 2616 2053 more
2639 1994 2968 2069 loqui.Nam
2994 1996 3131 2053 licet
3152 1997 3317 2053 nulla
3341 2014 3401 2054 re
3430 1998 3664 2070 indige-

2007 2087 2113 2153 ret,
2144 2085 2439 2156 accepisse
2467 2089 2662 2141 tamen
2694 2084 2910 2141 dicitur
2939 2102 3067 2157 qua;
3097 2090 3164 2140 ut
3195 2085 3369 2141 homo
3410 2088 3656 2158 accepit,

2007 2178 2074 2230 ut
2093 2172 2373 2229 nimirum
2394 2178 2677 2247 tanquam
2701 2174 2944 2230 Domino
2966 2173 3307 2246 accipiente,
3326 2179 3383 2230 et
3412 2175 3565 2230 dono
3597 2175 3655 2230 in

2006 2261 2136 2335 ipso
2167 2262 2525 2334 considente,
2557 2261 2789 2319 stabilis
2820 2264 3009 2333 gratia
3038 2267 3424 2336 permaneret.
3466 2268 3660 2319 Purus

2007 2351 2164 2408 enim
2196 2351 2370 2408 homo
2401 2351 2495 2407 his
2526 2367 2650 2424 quin
2682 2352 2904 2423 accepit
2931 2350 3169 2424 spoliari
3214 2355 3427 2424 potest,
3477 2357 3544 2408 ut
3590 2368 3661 2409 ex

2006 2440 2233 2495 Adamn
2257 2440 2479 2495 clarum
2514 2444 2621 2506 est,
2656 2439 2756 2511 qui
2780 2438 3000 2496 scilicet
3043 2455 3173 2512 quas
3203 2445 3506 2512 acceperat
3533 2456 3662 2514 per-

2008 2528 2467 2593 didit.Quocirca
2490 2532 2555 2583 ut
2577 2528 2765 2600 gratia
2794 2528 3009 2584 auferri
3040 2545 3155 2585 non
3187 2533 3387 2601 posset
3408 2546 3659 2603 eamque

2009 2620 2344 2673 constanter
2364 2616 2633 2672 homines
2654 2621 3083 2684 conservarent,
3099 2618 3403 2690 proprium
3425 2618 3523 2675 ille
3543 2619 3658 2675 sibi

2006 2705 2127 2761 vult
2157 2722 2286 2762 esse
2314 2704 2592 2760 collatum
2640 2705 2700 2760 in
2751 2721 2857 2761 nos
2905 2705 3291 2775 beneﬁcium;
3342 2722 3541 2779 seque,
3592 2712 3660 2765 ut

2008 2793 2307 2850 hominem
2332 2796 2680 2866 potestatem
2703 2794 2995 2863 accepisse
3014 2797 3469 2865 testatur,quam
3502 2812 3656 2852 sem-

2008 2899 2112 2956 per
2142 2883 2317 2938 habet
2342 2888 2401 2937 ul
2432 2881 2673 2947 Deus,et
2696 2882 2795 2950 ait,
2817 2882 3074 2953 Gloriﬁca
3099 2898 3207 2947 me,
3226 2883 3324 2953 qui
3356 2882 3502 2940 alios
3532 2884 3656 2954 glo-

2008 2972 2218 3040 riﬁcat,
2252 2976 2317 3027 ut
2346 2970 2625 3025 nimirum
2659 2986 2892 3026 carnem
2926 2971 3020 3027 his
3049 2972 3228 3027 rebus
3278 2976 3538 3044 egentem
3592 2990 3656 3029 se

2008 3061 2221 3118 habere
2252 3059 2628 3133 significaret.
2664 3058 2829 3115 Unde
2858 3059 2959 3114 illa
3005 3059 3344 3131 accipiente,
3395 3062 3661 3133 quando-

2007 3150 2244 3223 quidem
2267 3150 2397 3221 ipso
2419 3147 2712 3220 accipiens
2726 3147 2783 3202 in
2799 3163 2866 3203 eo
2886 3154 3119 3221 est,qua
3138 3153 3444 3222 assumpta
3465 3149 3657 3207 factus

2007 3246 2097 3296 est
2126 3237 2545 3309 homo,idcirco
2575 3236 2745 3310 quasi
2774 3237 2899 3310 ipse
2927 3242 3084 3295 esset
3113 3238 3213 3311 qui
3242 3239 3656 3313 acciperet,di-

1924 3302 1968 3368 (ἶ
2006 3331 2160 3385 citur
2184 3330 2462 3401 accipere.

2070 3420 2160 3475 39.
2181 3419 2241 3475 Si
2264 3418 2465 3491 igitur,
2488 3420 2555 3473 ut
2573 3417 2790 3488 sapius
2810 3416 3035 3473 dictum
3065 3420 3174 3488 est,
3196 3417 3444 3473 Verbum
3478 3417 3655 3475 homo

2000 3526 2112 3566 non
2137 3508 2352 3563 factum
2377 3510 2498 3563 esti:
2521 3509 2645 3563 esto
2668 3506 2994 3562 secundum
3016 3523 3121 3562 vos
3143 3506 3447 3578 proprium
3479 3506 3651 3563 Verbi

1997 3598 2280 3668 accipere,
2314 3595 2499 3667 gloria
2524 3612 2709 3667 egere,
2744 3598 2801 3651 et
2829 3595 3117 3667 ignorare.
3151 3596 3261 3652 Sed
3296 3596 3344 3651 si
3392 3596 3649 3654 Verbum

1998 3687 2147 3742 467
2184 3686 2401 3740 factum
2434 3688 2525 3740 est
2554 3684 2842 3753 homo,uti
2874 3700 3071 3740 revera
3103 3689 3213 3752 est,
3231 3686 3655 3759 propriumque

1997 3775 2076 3832 sit
2104 3773 2360 3831 hominis
2385 3772 2668 3845 accipere,
2688 3787 2856 3845 egere
2882 3777 2939 3829 et
2969 3772 3260 3845 ignorare,
3278 3790 3385 3830 cur
3412 3775 3648 3831 dantem

1997 3862 2168 3936 quasi
2199 3862 2582 3934 accipientem
2614 3860 2986 3933 cogitamus?
3010 3877 3115 3917 cur
3136 3860 3330 3931 illum,
3357 3863 3456 3935 qui
3515 3863 3649 3919 aliis

1996 3952 2326 4010 necessaria
2347 3949 2972 4023 suppeditat,indigere
2993 3950 3398 4023 suspicamur?
3416 3967 3523 4005 cur
3542 3952 3645 4009 de-

1998 4041 2175 4113 nique
2202 4040 2457 4096 Verbum
2491 4056 2524 4095 a
2554 4039 2719 4094 Patre
2750 4044 2817 4093 ut
2844 4038 3252 4110 imperfectum
3274 4043 3332 4094 et
3351 4055 3529 4111 cgens
3558 4039 3647 4095 di-

1995 4131 2272 4191 vidimus.
2300 4129 2743 4199 bumanumque
2773 4142 2961 4199 genus
2986 4127 3175 4198 gratia
3206 4127 3434 4199 privare
3464 4129 3644 4184 aude-

1996 4218 2160 4276 mus?
2181 4218 2489 4274 Enimvero
2511 4216 2561 4273 si
2583 4216 2779 4289 ipeum
2801 4215 3062 4270 Verbum
3084 4218 3375 4287 quatenus
3392 4216 3644 4273 Verbum

1993 4312 2102 4379 est,
2124 4324 2227 4380 per
2250 4323 2313 4362 se
2332 4305 2529 4377 ipsum
2555 4303 2881 4376 accepisset
2901 4307 2960 4359 et
2979 4302 3370 4375 gloriﬁcatum
3394 4304 3642 4363 fuisset:

1994 4398 2045 4454 si
2064 4398 2203 4453 item
2227 4395 2487 4451 secundu
2497 4410 2553 4449 m
2568 4393 3066 4462 divinitatem,san
3074 4392 3334 4449 ctitatem
3347 4398 3502 4451 esset
3515 4395 3647 4452 ade-

1994 4490 2185 4562 ptum,
2216 4500 2281 4541 ac
2313 4482 2648 4553 revixisset;
2681 4497 2809 4555 quae
2860 4496 3017 4555 spes,
3051 4497 3271 4556 quasso,
3304 4482 3642 4542 hominibus

197 4788 209 4799 '
287 4772 418 4853 _('_77)
445 4774 861 4853 Seguerianus,
889 4772 1158 4853 ῥχεκρρς,
1194 4775 1494 4853 mendose.
1548 4776 1677 4830 Mox
1716 4776 1877 4853 idem

2011 4774 2380 4853 loblerianus
2411 4776 2469 4827 et
2499 4771 2875 4828 Felckmanni
2925 4772 3176 4845 primus,
3227 4764 3511 4843 λαϐόντος,
3563 4771 3637 4833 ὡς

252 4845 557 4922 οιιξοειιθιῇ
586 4846 815 4922 Gobler.
848 4851 906 4922 et
935 4845 1197 4922 Ρθιάιςω.
1230 4846 1282 4914 1,
1332 4845 1550 4899 πάντων
1602 4848 1878 4922 γινώσκει.

257 4912 609 4997 Ali‘igtfditi
639 4912 1274 4997 πάντων-ἐπιγινωσκειξ
1314 4988 1323 4997 .

317 4988 424 5063 (78)
452 4990 705 5063 Uterque
738 4989 953 5063 Regius
985 4986 1041 5044 et
1084 4988 1501 5061 Seguerianus,
1550 4986 1719 5042 ἐποίει
1754 4988 1876 5063 γάρ.

256 5055 354 5112 Alii
380 5055 435 5115 et
461 5055 626 5128 editi,
660 5055 937 5116 ἰποίεῖδὲ.

318 5129 425 5200 (79)
455 5133 551 5188 Sic
583 5134 795 5205 Regius
826 5132 1054 5205 primus
1102 5133 1158 5205 et
1207 5131 1650 5205 Seguerianus._
1680 5132 1880 5205 Ceteri

255 5213 375 5274 vero
403 5198 459 5259 et
488 5198 944 5273 editi,'&lnﬁiv6v
979 5201 1142 5255 αὐτοῦ
1175 5198 1403 5274 Πατέρα,
1454 5202 1544 5256 καὶ
1570 5200 1781 5274 αὐτὸν,
1812 5198 1882 5255 δι’

255 5268 405 5340 ἡμᾶς.
438 5276 566 5331 Mox
596 5268 1279 5338 editio-Commeliniana,
1310 5268 1527 5328 πάντων
1557 5271 1885 5328 ἀποσταλέν-

254 5359 373 5410 των,
409 5349 705 5404 mendose.
742 5350 964 5403 Ibidem
998 5345 1133 5411 Reg.
1170 5347 1220 5409 1,
1253 5349 1486 5409 Βορυοιι.
1537 5346 1768 5403 Gobler.
1829 5350 1886 5401 et

257 5412 493 5490 Fclgkm.
529 5420 580 5485 4,
611 5418 679 5486 ἦς
718 5417 939 5490 μείζων.
974 5417 1081 5471 Alii
1116 5422 1172 5471 et
1197 5417 1359 5490 editi,
1392 5416 1459 5484 ἧς
1489 5434 1571 5476 τις
1606 5416 1827 5490 μείζων.

322 5487 427 5564 (80)
457 5491 672 5564 Regius
704 5487 931 5564 primus
960 5494 1017 5544 et
1041 5489 1450 5564 Seguerianps,
1506 5487 1880 5564 γινῴσκωμεν.

264 5553 428 5632 Iidem
462 5553 615 5630 mo'x,
651 5553 739 5617 8ιά
765 5562 828 5615 τὸ
853 5564 1012 5632 σῶμα
1055 5559 1225 5613 πάντα
1272 5556 1451 5632 λαλεῖ.
1492 5553 1884 5632 Gabinia-nus

264 5632 315 5680 et
334 5627 709 5706 ‘Eelckmanni
743 5627 970 5706 primus
1001 5632 1218 5706 habent
1245 5627 1598 5706 item_}.a).ei.

328 5698 435 5826 (81)
463 5706 557 5761 Sic
587 5698 832 5790 uterque
864 5705 1002 5786 Beg.
1036 5702 1484 5785 Basil..A_nglic.
1544 5702 1772 5760 Gohler.
1831 5705 1888 5758 et

267 5766 332 5825 Fe
354 5774 502 5833 ckm.
538 5778 590 5832 1.
630 5781 703 5834 At
741 5778 918 5834 editio
969 5774 1423 5831 Commeliniana
1460 5770 1707 5848 λέγηται.
1756 5774 1887 5831 Mox

1994 4847 2041 4901 ελ
2145 4844 2157 4863 ’
2201 4844 2228 4898 ό

2024 4868 2071 4908 ις
2100 4866 2195 4900 αυτ
2233 4864 2281 4901 ν.

2065 4919 2176 4988 (82)
2212 4919 2349 4988 Reg.
2386 4917 2435 4979 1,
2469 4920 2702 4988 Seguer.
2737 4913 3057 4988 Gobler._et
3103 4913 3357 4988 Felcﬁkm.
3407 4914 3459 4981 1,
3520 4910 3637 4988 δια-

1996 4983 2645 5061 paivn;_lbilicm_iil_1:¢[n
2676 4990 2731 5040 ct
2754 4983 3183 5061 Seguerianus,
3223 4984 3505 5061 étvepumoc
3542 4985 3635 5056 μὲν

1991 5054 2105 5135 iis
2129 5054 2317 5135 μόδιος.
2336 5059 2450 5135 pbi
2481 5057 2579 5135 alii
2614 5063 2669 5135 9t
2698 5054 2878 5111 θάίίίδ
2904 5054 3391 5135 Εοῐτέηλθηηίδὲθρ
3426 5054 3635 5135 -μονον

2062 5126 2176 5204 (83)
2210 5133 2304 5187 Sic
2336 5131 2473 5204 Reg.
2499 5130 2570 5204 _l,_
2610 5134 2846 5204 Seguer.
2898 5126 3127 5182 Gobler.
3180 5134 3239 5182 et
3288 5126 3544 5184 Felckm.
3585 5133 3633 5185 1.

1992 5197 2187 5259 At'alii
2217 5209 2274 5257 ct
2301 5202 2463 5267 editi,
2495 5197 2583 5252 διὰ
2602 5197 2782 5251 τοῦτο.

2065 5276 2178 5344 (Si)
2214 5273 2552 5328 Basiliensis
2583 5269 2699 5331 καθ’
2730 5268 2897 5340 ἡμᾶς,
2922 5270 3230 5344 mendose.

2067 5339 2176 5411 (HS)
2208 5345 2301 5399 Sic
2331 5345 2451 5416 Reg
2507 5345 2574 5416 1,»
2615 5349 2848 5411 Segucr.
2910 5339 3143 5416 gobler.
3206 5348 3264 5416 et
3297 5341 3546 5416 Felclgm.
3585 5345 3634 5396 1.

1994 5416 2100 5486 ᾼΙίῑ
2155 5433 2285 5470 vero
2321 5421 2393 5486 et
2418 5411 2616 5486 Teditio
2665 5411 3148 5486 Gommcliniana,
3180 5411 3378 5486 καὶᾷτὸ
3427 5412 3633 5486 ἀγνοεῖν

1995 5483 2083 5541 διὰ
2111 5487 2162 5539 τί
2192 5486 2283 5538 τόν
2318 5482 2554 5550 διδόντα,
2587 5488 2719 5545 ct0.,
2752 5484 2990 5538 omissis
3018 5483 3402 5540 intermediis.

2066 5560 2300 5640 (sepsit:
2329 5559 2548 5640 regius
2607 5556 2833 5640 prim‘us
2872 5557 3376 5640 .st‘S‘egurianus.
3434 5555 3545 5640 ‘Alii
3579 5564 3637 5640 et

1994 5622 2154 5695 editi,
2188 5628 2299 5682 ἐστι
2329 5622 2651 5700 λαμϐάνων,
2680 5626 2769 5679 καὶ
2802 5622 3085 5700 δοξασῆεἰς
3124 5626 3344 5693 ἐκεῖνος,
3396 5631 3505 5700 etc.
3563 5634 3634 5684 At

1992 5702 2378 5758 Goblerianus
2404 5698 2463 5756 et
2480 5698 2848 5756 Felckmanni
2876 5699 3102 5768 primus
3123 5698 3631 5765 omittuntﬁxeivoc

1993 5774 2128 5828 κατά
2156 5774 2254 5842 τήν
2288 5772 2519 5843 θεότητά
2538 5770 2679 5826 ἐστιν
2708 5771 2736 5826 6
2766 5768 3059 5845 ἁγιασθείς.
