4074 6320
334 382 452 442 417

1453 373 1748 437 ORATIO
1790 374 1871 436 ΠΙ
1918 373 2228 438 CONTRA
2275 374 2640 438 ARIANOS.

3630 379 3749 442 MS

338 515 470 568 Υἱοῦ
530 511 777 587 ὥρισται,
808 506 897 563 καὶ
947 503 1087 562 οἶδεν
1138 505 1297 568 αὐτὸς
1343 504 1407 560 τὸ
1452 502 1522 560 δι’
1552 504 1716 561 αὐτοῦ
1749 506 1983 582 ὁρισθὲν,

2115 508 2225 563 iies
2256 508 2358 564 illa
2377 514 2432 565 et
2449 510 2593 564 hora
2617 525 2651 564 a
2669 511 2834 564 Patre
2856 507 2981 579 jam
3005 506 3082 563 sit
3101 508 3745 583 definita,perspicuum

338 599 512 661 Οὐδὲν
568 598 669 676 γάρ
726 596 892 667 ἐστιν,
925 597 955 651 ’ὁ
990 596 1067 669 μὴ
1125 592 1215 650 8ιὰ
1270 596 1397 649 Υἱοϋ
1427 593 1619 670 γέγονέ
1646 616 1705 648 τε
1733 595 1821 649 καὶ
1855 595 1991 670 ὥρι-

343 708 487 746 σται·
517 688 712 744 οὐκοῦν
764 685 925 748 αὐτὸς
974 682 1310 761 δημιουργὸς
1370 680 1442 736 ὢν
1472 687 1569 738 τοῦ
1597 684 1817 753 παντὸς,
1851 680 1990 738 οἶδεν

342 782 538 836 ὁποῖον
571 776 661 832 καὶ
694 775 919 845 ὁπόσον,
950 774 1038 829 καὶ
1082 770 1187 835 ’ἐως
1231 772 1373 834 τίνος
1428 771 1558 827 αὐτὸ
1607 771 1848 846 γενέσθαι
1902 772 1988 847 βε-

345 864 619 939 ϐούληται
664 867 692 921 6
736 865 946 940 Πατήρ·
979 863 1029 917 ἒν
1083 859 1140 918 δὲ
1186 866 1265 934 τῷ
1312 860 1465 933 πόσῳ
1510 861 1600 915 καὶ
1653 861 1817 935 μέχρι
1845 859 1990 922 τίνος

343 958 489 1013 ἐστὶν
538 959 575 1025 ἡ
626 954 832 1009 τούτων
884 950 1099 1028 ἀλλαγή
1135 952 1268 1024 (33).
1299 947 1465 1004 Πάλιν
1506 970 1565 1003 τε
1612 948 1657 1003 εἰ
1706 949 1879 1004 πάντα
1926 950 1994 1005 τὰ

346 1051 446 1101 τοῦ
500 1044 712 1120 Πατρὸς
764 1046 862 1098 τοῦ
910 1041 1040 1094 Υἳοῦ
1088 1038 1219 1095 ἐστι·
1251 1043 1413 1093 τοῦτο
1443 1038 1547 1113 γὰρ
1578 1037 1738 1100 αὐτὸς
1788 1036 1990 1109 εἶ’ρηκε’

342 1141 442 1191 τοῦ
503 1132 560 1188 δὲ
618 1130 827 1207 Πατρός
876 1130 986 1185 ἐστι
1034 1129 1097 1183 τὸ
1140 1125 1338 1183 εἰδέναι
1378 1128 1478 1197 τήν
1539 1128 1768 1200 ὖιιὲραν,
1824 1125 1991 1197 δῆλον

343 1225 429 1279 ὅτι
460 1225 572 1296 (34)
601 1222 692 1277 καὶ
723 1222 751 1275 6
783 1219 909 1281 Υἱὸς
937 1215 1099 1287 οἶδεν,
1134 1213 1270 1271 ἴδιον
1303 1212 1448 1291 ἔχων
1475 1216 1564 1270 καὶ
1592 1219 1754 1270 τοῦτο
1793 1216 1852 1270 ἐκ
1897 1221 1994 1270 τοῦ

344 1312 578 1388 Πατρός.
614 1310 713 1364 Καὶ
742 1308 934 1377 πάλιν,
969 1306 1014 1361 εἰ
1050 1307 1079 1359 6
1110 1306 1233 1368 Υἱὸς
1266 1303 1316 1359 ἐν
1342 1309 1423 1376 τῷ
1452 1303 1641 1381 Ιῐατρὶ,
1672 1305 1761 1358 καὶ
1811 1306 1839 1360 6
1887 1311 1995 1360 Πα-

341 1403 448 1476 τὴρ
482 1400 534 1456 ἐν
564 1404 644 1472 τῷ
674 1400 807 1470 ι’ἱῴ,
840 1394 951 1451 οἶδε
983 1392 1041 1450 δὲ
1072 1396 1100 1449 6
1132 1394 1315 1470 Πατὴρ
1354 1395 1453 1463 τήν
1501 1393 1710 1468 ἡμέραν
1762 1393 1849 1448 καὶ
1896 1396 1995 1463 τήν

347 1491 515 1567 ὥραν·
569 1489 822 1566 φανερὸν,
853 1484 935 1539 ὅτι
984 1483 1075 1539 καὶ
1127 1484 1154 1537 6
1202 1483 1324 1545 Υἱὸς
1378 1481 1430 1537 ἐν
1471 1486 1551 1554 τῷ
1582 1483 1749 1556 Πατρί
1782 1480 1855 1536 ὢν
1905 1483 1993 1537 καὶ

348 1577 506 1640 εἲόὼς
534 1578 603 1632 τὰ
634 1575 686 1630 ὲν
719 1579 800 1647 τῷ
831 1574 1023 1649 Ιίατρὶ,
1056 1569 1167 1627 οἶδε
1195 1571 1283 1627 καὶ
1318 1569 1477 1633 αὐτὸς
1508 1572 1608 1641 τὴν
1649 1571 1857 1647 ἡμέραν
1904 1572 1996 1628 καί

345 1669 447 1736 τήν
483 1666 651 1741 ὥραν.
677 1663 741 1721 Εἴ
774 1660 831 1718 δὲ
858 1662 949 1717 καὶ
984 1661 1142 1717 εἰκών
1175 1660 1314 1715 ἐστιν
1360 1659 1597 1730 ἀληθινὴ
1643 1664 1738 1714 τοῦ
1788 1662 1996 1737 Πατρὸς

348 1758 379 1810 6
427 1755 575 1825 Υἱὸς,
609 1751 720 1809 οῖόε
769 1750 826 1807 δὲ
874 1752 903 1805 6
952 1751 1139 1826 Πατὴρ
1182 1752 1281 1819 τὴν
1330 1750 1539 1824 ἡμέραν
1592 1750 1704 1823 (35)
1750 1751 1839 1804 καὶ
1893 1751 1995 1819 τήν

349 1843 519 1918 ὥραν,
572 1839 768 1912 δῆλον,
821 1840 903 1895 ὅτι
960 1840 1049 1895 καὶ
1108 1844 1205 1895 τοῦ
1262 1836 1457 1894 εἶὸἐναι
1509 1841 1620 1911 (36)
1674 1844 1838 1894 ταῦτα
1893 1842 1992 1910 τὴν

348 1932 654 2006 ὁμοιότητα
680 1935 779 1985 τοῦ
810 1929 1018 2006 Πατρὸς
1050 1929 1078 1982 6
1110 1928 1231 1989 Υἱὸς
1263 1926 1401 2003 ἔχει.
1431 1928 1527 1982 Καὶ
1559 1928 1620 1982 οὐ
1661 1929 1991 2002 θαυμαστὸν,

349 2020 395 2075 εἲ
443 2018 517 2074 δι’
565 2020 626 2073 οὗ
671 2019 739 2072 τὰ
784 2017 957 2072 πάντα
1001 2016 1209 2092 γέγονε,
1258 2015 1348 2070 καὶ
1402 2014 1452 2069 ἐν
1497 2016 1543 2087 ᾧ
1593 2015 1882 2087 συνέστηκε
1925 2018 1993 2072 τὰ

349 2107 473 2180 ὅλα,
535 2105 674 2163 οἶδεν
728 2106 887 2168 αὐτὸς
943 2105 1012 2160 τὰ
1085 2104 1371 2180 γενόμενα,
1425 2103 1513 2159 καὶ
1588 2106 1719 2159 πότε
1786 2104 1992 2161 τούτων

349 2197 574 2252 ἑκάστου
604 2196 705 2251 καὶ·
724 2198 880 2267 κοινῇ
905 2194 969 2249 τὸ
1014 2191 1192 2255 τέλος·
1225 2191 1353 2249 ἀλλ’
1384 2192 1467 2247 ὅτι
1506 2192 1594 2247 καὶ
1645 2192 1778 2263 αὕτη
1812 2197 1926 2267 (37)
1958 2197 1993 2264 ἡ

348 2286 664 2362 προπέτεια,
723 2283 1004 2358 πρέπουσα
1063 2285 1132 2356 τῇ
1188 2282 1350 2355 μανίᾳ
1402 2285 1510 2336 τῶν
1570 2282 1992 2357 ’Δρειομανιτῶν

351 2375 502 2444 οὖσα,
536 2374 611 2435 εἷς
641 2372 907 2443 τοσαύτην
940 2374 1086 2443 ἡμᾶς
1114 2369 1409 2445 ἀπολογίαν
1450 2372 1745 2446 ἠνάγκασεν
1798 2370 1993 2436 ἐλθεῖν.

353 2465 817 2539 Συναριθμοῦντες
846 2463 948 2539 γὰρ
978 2467 1097 2523 τοῖς
1127 2466 1379 2536 γενητοῖς
1408 2460 1498 2515 τὸν
1548 2461 1668 2516 Υἱὸν
1716 2466 1812 2516 τοῦ
1861 2466 1996 2516 Θεοῦ

349 2555 441 2609 τὸν
473 2550 649 2608 ἀΐδιον
700 2552 896 2625 Λόγον,
930 2552 1044 2605 κατ’
1074 2549 1258 2626 ὀλίγον
1303 2549 1393 2603 καὶ
1436 2548 1594 2603 αὑτὸν
1646 2550 1737 2604 τὸν
1789 2550 1996 2625 Πατέρα

352 2642 613 2699 ἐλάττονα
665 2648 765 2710 τῆς
821 2639 1044 2700 κτίσεως
1103 2637 1369 2711 μελετῶσι
1403 2636 1581 2712 λεγειν
1616 2640 1750 2710 (38).
1785 2639 1845 2693 Εἰ
1892 2640 1995 2716 γὰρ

352 2732 381 2785 6
416 2732 508 2786 τὸν
556 2728 766 2804 Πατέρα
824 2727 1106 2801 γινώσκων
1160 2725 1259 2780 οὐκ
1306 2723 1417 2780 οἶδε
1464 2726 1562 2794 τήν
1613 2726 1822 2803 ἡμέραν
1872 2725 1997 2783 οὐδὲ

349 2819 449 2887 τὴν
481 2818 649 2893 ὥραν,
682 2811 959 2894 φοϐοῦμαι
994 2815 1072 2887 μὴ
1125 2814 1323 2887 μείζων
1377 2810 1544 2883 ἔσται,
1577 2814 1651 2876 ὡς
1695 2814 1754 2869 ἂν
1799 2814 1993 2870 ἐκεῖνοι

355 2909 603 2981 μανέντες
653 2904 877 2973 εἴποιεν,
908 2907 943 2974 ἡ
990 2904 1113 2979 περὶ
1159 2910 1261 2973 τῆς
1306 2903 1557 2974 κτίσεως,
1593 2902 1806 2977 μᾶλλον
1860 2902 1917 2959 6‘s
1956 2908 1991 2975 ὴ

348 2997 597 3072 περὶτοῦ
644 2992 926 3055 ἐλάττονος
981 2990 1178 3068 μέρους
1223 2999 1324 3061 τῆς
1373 2991 1598 3053 κτίσεως
1646 2996 1865 3067 γνῶσις,
1897 3000 1995 3063 τῆς

348 3086 476 3162 περῖ
501 3088 598 3140 τοῦ
629 3083 836 3159 Πατρὸς
866 3081 1139 3158 γνώσεως.

353 3192 481 3233 reor
511 3192 582 3231 ne
612 3175 792 3247 (quod
825 3172 1016 3228 insani
1047 3171 1133 3226 illi
1164 3171 1459 3244 dixerint),
1492 3187 1688 3228 rerum
1720 3177 2045 3231 creatarum

355 3264 544 3336 major
573 3262 647 3319 sit
678 3262 807 3333 ipsa
838 3265 1007 3316 Pater
1033 3260 1385 3331 cognitione.

423 3354 513 3408 45.
543 3349 700 3407 Ἀλλ’
730 3348 923 3403 ἐκεῖνοι
959 3347 1076 3420 μὲν,
1107 3346 1279 3408 οὕτως
1333 3346 1411 3408 εἷς
1456 3346 1519 3400 τὸ
1561 3350 1778 3421 Πνεῦμα
1828 3345 1991 3424 βλασ-
2026 3354 2069 3421 C

353 3444 700 3518 φημοῦντες,
784 3432 1234 3513 προσδοκάτιυσαν
1321 3437 1452 3508 (39)
1537 3436 1612 3507 μὴ
1699 3432 1993 3509 Λαμϐἀνειν

352 3529 488 3585 ποτὲ
531 3531 630 3593 τῆς
678 3520 924 3587 ἀσεϐείας
962 3523 1163 3594 ταύτης
1210 3522 1416 3599 ἄφεσιν,
1467 3522 1541 3586 ὠς
1590 3525 1617 3579 6
1672 3524 1869 3601 Κύριος
1917 3526 1995 3581 εἴ·

353 3635 539 3693 ρηκεν’
572 3616 625 3671 οἱ
656 3612 715 3670 6‘s
745 3613 1097 3693 φιλόχριστοι
1126 3613 1215 3668 καὶ
1245 3612 1606 3690 χριστοφόροι
1635 3615 1993 3689 γινώσκομεν.

351 3708 428 3761 ὡς
461 3706 559 3761 οὐκ
590 3706 801 3780 ἀγνοῶν
849 3704 877 3757 6
928 3701 1125 3774 Λόγος,
1157 3704 1194 3772 ἧ
1226 3702 1397 3778 Λόγος
1446 3701 1611 3770 ἐστὶν,
1645 3700 1824 3781 ἔλεγεν
1860 3708 1994 3778 (40),

351 3796 469 3855 Οὐκ
498 3792 635 3850 οἶδαο
672 3790 784 3849 οἶδε
812 3791 935 3868 γάρ’
969 3790 1115 3846 ἀλλὰ
1154 3790 1217 3845 τὸ
1268 3790 1600 3867 ἀνθρώπινον
1652 3789 1878 3866 δεικνὺς,
1912 3794 1996 3849 ὅτι

347 3888 457 3940 τῶν
504 3882 802 3958 ἀνθρώπων
850 3875 990 3934 ἴδιόν
1041 3877 1152 3934 ἐστι
1197 3878 1261 3933 τὸ
1308 3878 1545 3953 ἀγνοεῖν,
1594 3879 1683 3934 καὶ
1741 3880 1825 3937 ὅτι
1865 3883 1994 3958 σάρ-

349 3993 421 4028 κα
474 3973 586 4046 (41)
633 3971 933 4046 ἀγνοοῦσαν
994 3965 1298 4036 ἐνεδύσατο,
1346 3965 1398 4022 ἐν
1574 3965 1672 4037 ὢν,
1724 3976 1994 4047 σαρκικῶς

349 4059 558 4137 ἔλεγεν
591 4060 707 4119 Οὐκ
730 4056 890 4116 ὀῖδα.
922 4058 1053 4113 Τότε
1095 4062 1223 4133 γοῦν
1274 4057 1533 4134 εἰρηκὼς,
1585 4058 1669 4113 ὅτι
1712 4058 1851 4118 066‘s
1880 4066 1992 4136 (42)

350 4154 380 4207 6
433 4150 556 4213 Υἱὸς
616 4146 749 4222 οῖδα,
806 4148 896 4203 καὶ
964 4151 1071 4202 τῶν
1139 4146 1277 4202 κατᾶ
1344 4150 1465 4201 Νῶε
1526 4146 1826 4225 ἀνθρώπων
1894 4153 1992 4220 τὴν

350 4237 572 4316 ἄγνοιαν
633 4236 918 4314 παραθεὶς,
964 4235 1119 4300 εὐθὺς
1181 4234 1435 4312 ἐπήγαγε·
1494 4241 1819 4314 Γρηγορεῖτε
1878 4239 1993 4312 οὖν,

348 4328 433 4385 ὅτι
494 4326 595 4383 οὐκ
641 4324 822 4382 οἴδατε
868 4322 995 4381 οὐδὲ
1060 4324 1239 4397 ὑμεῖς,
1286 4322 1419 4395 ποίᾳ
1483 4322 1599 4399 ὥρᾳ
1649 4329 1760 4401 (43)
1805 4328 1833 4382 ὁ
1890 4329 1994 4384 Κύ-

2101 602 2189 651 est
2219 614 2346 652 eam
2381 614 2483 669 per
2514 597 2727 653 Filium
2760 596 2941 653 fuisse
2972 597 3298 665 definitam,
3330 615 3583 671 eumque
3615 617 3752 672 pro-

2102 684 2237 741 inde
2267 687 2423 758 quod
2445 687 2569 759 ipse
2590 685 2886 742 deﬁnierit
2917 688 3452 758 cognoscere.Nihil
3474 688 3633 744 enim
3665 695 3759 745 est

2101 775 2255 845 quod
2286 791 2401 830 non
2432 791 2533 848 per
2560 775 2771 830 Filium
2800 775 3020 830 factum
3053 775 3132 831 sit
3162 780 3218 831 et
3263 777 3595 834 definitum.
3652 778 3752 834 llle

2101 861 2283 935 igitur
2329 880 2464 919 cum
2513 865 2593 919 sit
2622 880 2815 919 rerum
2848 864 3112 919 omnium
3145 866 3396 934 eﬂ‘ector,
3430 867 3590 923 novit
3620 884 3759 940 pro-

2103 952 2249 1007 fecto
2281 951 2484 1023 quales
2511 955 2567 1007 et
2599 957 2806 1023 quotas
2839 969 3135 1025 quamque
3167 953 3477 1011 diuturnas
3507 971 3636 1011 esse
3668 972 3760 1011 vo-

2101 1039 2276 1097 luerit
2304 1042 2451 1096 471
2489 1041 2861 1113 Pater.Atqui
2895 1040 3128 1097 illarum
3165 1048 3223 1098 et
3255 1059 3499 1099 numero
3531 1050 3589 1100 et
3620 1045 3754 1100 diu-

2103 1129 2384 1185 turnitate
2406 1130 2925 1201 comprehenditur
2947 1131 3142 1186 futura
3160 1131 3354 1203 ipsaru
3367 1150 3421 1188 m
3438 1133 3730 1188 mutatio“
3743 1176 3755 1188 .

2104 1222 2393 1274 Praeterea
2423 1235 2787 1290 qumcunque
2818 1218 3005 1275 Patris
3037 1225 3195 1286 sunt,
3229 1225 3368 1275 sunt
3397 1222 3574 1277 etiam
3613 1222 3756 1291 Filii,

2104 1311 2169 1363 ut
2198 1311 2449 1363 testatus
2483 1307 2607 1379 ipsc
2637 1311 2745 1377 est,
2772 1307 3127 1379 proindoquc
3183 1310 3230 1364 si
3260 1309 3450 1363 Patris
3481 1315 3569 1365 est
3600 1311 3758 1366 diem

2104 1395 2273 1452 illum
2305 1397 2604 1469 cognitum
2636 1395 3126 1462 habere,dubium
3159 1414 3270 1453 non
3305 1402 3396 1453 est
3425 1400 3569 1469 quin
3617 1399 3757 1455 Filio

2106 1503 2340 1559 quoque
2371 1490 2715 1559 perspectus
2748 1485 2846 1552 sit,
2879 1485 3057 1556 idque
3088 1486 3263 1540 etiam
3296 1502 3366 1540 ex
3415 1486 3584 1542 Patre
3634 1503 3763 1558 pro-

2105 1577 2301 1647 prium
2359 1574 2457 1631 ille
2500 1576 2733 1631 habeat.
2768 1576 3036 1647 Insuper,
3075 1575 3251 1630 Filius
3281 1580 3369 1631 est
3397 1575 3456 1630 in
3488 1576 3673 1644 Patre,
3702 1583 3762 1632 et

2106 1666 2273 1721 Pater
2301 1664 2361 1720 in
2395 1662 2538 1719 Filio
2564 1680 2577 1719 :
2606 1664 2758 1719 unde
2789 1663 2837 1719 si
2873 1667 3040 1719 Pater
3064 1662 3221 1719 diem
3255 1668 3312 1718 et
3336 1662 3542 1720 horam
3575 1663 3760 1720 illlam

2106 1752 2427 1826 cognoscit,
2462 1750 2686 1809 clarum
2718 1755 2809 1807 est
2841 1750 3071 1817 Filium,
3105 1751 3205 1823 qui
3238 1751 3296 1806 in
3330 1754 3503 1808 Patre
3553 1757 3664 1818 est,
3705 1755 3764 1808 et

2105 1857 2232 1914 qua:
2269 1840 2453 1898 Patris
2484 1845 2627 1896 sunt
2656 1839 2991 1911 novit,hanc
3023 1839 3163 1894 item
3195 1847 3247 1895 et
3279 1840 3435 1895 diem
3465 1845 3523 1896 et
3552 1841 3759 1897 horam

2103 1947 2220 1986 non
2253 1928 2542 2003 ignorare.
2577 1929 2823 1997 Rursus,
2858 1928 2907 1984 si
2940 1927 3121 1984 Filius
3149 1945 3288 1984 vera
3314 1934 3404 1984 est
3433 1930 3627 2001 imago
3661 1929 3763 1986 Pa-

2102 2018 2360 2090 tris,ipse
2391 2021 2585 2073 autem
2619 2017 2785 2072 Pater
2814 2015 2968 2071 diem
2994 2020 3054 2075 et
3084 2015 3286 2071 horam
3338 2016 3499 2073 illam
3552 2019 3713 2074 novit
3742 2036 3757 2073 :

2108 2107 2277 2179 plane
2310 2106 2497 2178 liquet
2532 2104 2741 2161 Filium
2772 2105 2880 2161 hac
2925 2121 3158 2177 quoque
3208 2106 3268 2161 in
3301 2122 3360 2162 re
3419 2106 3604 2162 Patris
3633 2122 3761 2163 esse

2105 2195 2381 2252 similem.
2406 2200 2517 2250 Nec
2537 2211 2670 2251 vere
2690 2194 2906 2249 mirum
2930 2199 3020 2249 est
3040 2192 3207 2249 illum
3231 2210 3335 2266 per
3356 2209 3530 2266 quem
3562 2194 3762 2250 omnia

2107 2286 2256 2341 facta
2288 2288 2429 2340 sunt
2457 2284 2589 2352 “,et
2614 2282 2675 2338 in
2701 2300 2814 2355 quo
2846 2283 3042 2338 omnia
3076 2286 3349 2339 constant
3380 2280 3546 2355 3',res
3576 2284 3761 2340 factas

2106 2388 2428 2445 earumque
2459 2388 2591 2426 cum
2624 2372 2955 2445 proprium,
2988 2375 3116 2427 tum
3148 2387 3524 2427 communem
3583 2372 3757 2428 finem

2106 2477 2454 2533 cognoscere
2488 2477 2500 2515 :
2540 2461 2642 2516 sed
2676 2461 2894 2515 mirum
2927 2460 3122 2532 potius
3154 2464 3243 2515 est
3272 2476 3366 2516 me
3414 2460 3759 2531 hujusmodi

2106 2551 2338 2607 illorum
2360 2551 2663 2624 procitate,
2697 2567 2828 2621 quae
2852 2550 3089 2623 quidem
3134 2550 3485 2607 Arianorum
3518 2551 3757 2606 insania:

2106 2643 2425 2699 admodum
2458 2646 2549 2697 est
2575 2647 2989 2711 consentanea,
3022 2647 3289 2697 coactum
3316 2642 3468 2697 hanc
3499 2643 3761 2698 veritatis

2104 2732 2503 2788 defensionem
2531 2731 2885 2802 suscepisse.
2943 2734 3085 2785 Cum
3144 2731 3302 2785 enim
3362 2730 3465 2786 Dei
3523 2731 3759 2801 Filium,

2105 2827 2385 2876 :eternum
2411 2819 2694 2885 Verbum,
2726 2819 2879 2874 inter
2903 2835 2995 2875 res
3026 2824 3253 2875 creatas
3282 2825 3614 2887 numerant,
3645 2837 3748 2891 pa-

2105 2927 2237 2964 rum
2267 2912 2418 2965 certe
2449 2908 2615 2963 abest
2644 2906 2787 2978 quin
2818 2907 3013 2979 ipsum
3059 2909 3235 2964 etiam
3295 2908 3524 2964 Patrem
3582 2910 3757 2963 rebus

2105 2997 2313 3054 creatis
2342 2996 2677 3053 inferiorem
2711 2996 2903 3052 dicere
2926 2996 3305 3053 meditentur.
3329 2996 3476 3055 Nam
3493 2996 3543 3053 si
3574 2996 3626 3053 is
3657 2998 3758 3069 qui

2104 3086 2335 3142 Patrem
2369 3086 2550 3153 novit,
2578 3084 2732 3141 diem
2765 3091 2822 3141 et
2854 3086 3055 3142 horam
3087 3084 3251 3141 illam
3284 3102 3400 3141 non
3434 3085 3610 3155 novit,
3658 3104 3761 3144 ve-

2104 3176 2222 3231 imo
2280 3176 2538 3232 minimae
2593 3190 2791 3230 rerum
2850 3179 3177 3234 creatarum
3238 3175 3421 3247 partis
3478 3176 3755 3249 cognitio,

2180 3353 2491 3410 45.Verum
2521 3352 2609 3409 illi
2641 3352 2879 3426 quidem
2912 3351 3013 3424 qui
3031 3352 3174 3408 adeo
3197 3351 3454 3425 impiain
3471 3353 3753 3425 Spiritum

2107 3441 2609 3513 proferunt,tantze
2631 3440 2952 3515 impietatis
2984 3440 3216 3496 veniam
3251 3446 3586 3513 exspectent
3624 3443 3755 3498 nul-

2106 3529 2247 3599 lam,
2282 3531 2367 3587 uti
2397 3531 2750 3603 premonuit
2779 3530 3065 3586 Dominus
3110 3531 3158 3565 ³⁸
3189 3545 3202 3586 :
3240 3546 3346 3586 nos
3405 3535 3600 3588 autem
3653 3531 3753 3603 qui

2104 3620 2397 3675 Christum
2424 3625 2481 3675 et
2511 3636 2782 3676 amamus
2814 3624 2872 3675 et
2899 3618 2958 3673 in
2993 3619 3163 3674 nobis
3194 3619 3757 3692 gerimus,agnosca-

2106 3725 2241 3764 mus
2255 3708 2512 3764 Verbum
2544 3726 2659 3765 non
2692 3708 2857 3779 quasi
2887 3708 3488 3780 ignorans,quatenus
3505 3714 3596 3766 est
3614 3709 3757 3767 Ver-

2104 3797 2269 3865 bum,
2304 3797 2541 3869 dixisse,
2573 3798 2779 3864 Nescio,
2816 3801 3053 3853 noverat
3082 3797 3337 3868 quippe;
3369 3798 3472 3853 sed
3505 3798 3562 3853 id
3598 3801 3753 3870 quod

2104 3885 2431 3941 humanum
2463 3892 2553 3942 est
2574 3885 2877 3954 exhibens;
2898 3886 3041 3957 quia
3065 3884 3290 3941 scilicet
3317 3890 3375 3941 et
3402 3885 3753 3943 bomninum

2104 3973 2406 4047 proprium
2438 3978 2528 4031 est
2557 3975 2913 4047 ignorare,et
2939 3973 3065 4046 ipse
3088 3973 3457 4045 ignorantem
3484 3974 3757 4031 induerat

2104 4064 2440 4133 carnem,in
2472 4080 2590 4136 qua
2618 4080 2752 4120 cum
2780 4067 2956 4131 esset,
2978 4064 3305 4119 secundum
3336 4079 3466 4119 eam
3500 4063 3754 4129 dicebat,

2102 4152 2523 4225 Nescithaque
2553 4158 2867 4225 postquam
2900 4151 3333 4223 dixerat,Neque
3358 4152 3536 4208 Filius
3578 4156 3755 4224 novit,

2105 4242 2540 4313 adduxeratque
2559 4241 2618 4296 in
2640 4239 2975 4311 exemplum
2998 4237 3392 4312 ignorantiam
3423 4240 3727 4298 hominum
3745 4288 3759 4310 ,

2105 4329 2206 4403 qui
2230 4330 2349 4385 Noe
2379 4333 2547 4385 aetate
2576 4329 2890 4402 degebant,
2912 4328 3191 4386 continuo
3224 4327 3450 4386 addidit
3480 4346 3494 4387 :
3530 4330 3761 4403 Vigilatc

422 4444 468 4483 ³¹
502 4445 673 4502 Joan.
703 4459 821 4510 XVI,
853 4442 940 4498 15.
1015 4442 1061 4477 ⁸³
1087 4441 1259 4497 Joan.
1292 4459 1333 4511 ι,
1363 4443 1417 4498 3.
1496 4444 1543 4481 ³³
1567 4443 1788 4501 Coloss.
1820 4462 1861 4517 ι,
1894 4447 1979 4502 17.

2135 4444 2341 4501 Matth.
2373 4460 2476 4513 xu,
2507 4444 2596 4499 32.

425 4550 909 4638 (33)_Sic._Regius
939 4548 1168 4638 prim‘us'
1196 4554 1254 4605 et
1294 4551 1709 4638 Segueriauus.
1736 4552 1849 4638 {alii
1900 4572 1996 4638 au-

2115 4551 2410 4638 secundus
2440 4554 2497 4607 et
2525 4551 2919 4638 editihabent
2948 4550 3023 4613 εἷς
3051 4551 3320 4638 τοσαύτην
3351 4553 3502 4638 ᾖμᾶς
3553 4549 3757 4607 ἀπολο-

347 4615 471 4698 tein
506 4615 564 4698 et
591 4623 753 4698 editi,
777 4615 958 4698 Τπόσον
1001 4620 1119 4698 ’καί-
1144 4615 1249 4698 ἕως
1295 4615 1441 4698 τίνος
1469 4620 1665 4698 ,οὕτως
1697 4622 2003 4698 αὐτὸλγενέ-

352 4687 473 4748 σθαι
510 4687 833 4768 βούληται
864 4691 1072 4768 Πατῄρμ.
1102 4687 1245 4768 ἐν-δὲ
1284 4697 1362 4765 τῷ
1409 4691 1563 4766 πόσῳ
1611 4692 1723 4748 ἐστὶ
1768 4687 1878 4749 καὶ’
1912 4696 2000 4768 μὲο

355 4762 636 4840 χρι-τξνος
732 4762 938 4818 τούτων
969 4762 1208 4840 ᾀλλαγῄ.

429 4837 542 4909 (34)
572 4836 666 4911 §ic
697 4838 1106 4911 uterque‘Reg.
1130 4835 1376 4911 )Seguer.
1409 4835 1585 4893 Basil.
1639 4842 1697 4893 et
1731 4837 1999 4911 Felckm.

353 4910 409 4963 5.
435 4900 636 4963 ‘At'alii
666 4912 723 4963 et
750 4900 911 4976 editi,
945 4900 1225 4977 δηλῖνότιξ

429 4979 542 5050 (35)
567 4979 663 5051 Sic
690 4983 930 5051 uterque
956 4979 1175 5051 Regius
1205 4982 1263 5033 et
1298 4978 1709 5050 Seguerianus.
1742 4978 1851 5034 Alii
1900 4996 2001 5035 au-

366 5048 759 5124 temetediti,
790 5048 878 5102 κάξ
905 5050 1004 5124 τήν
1036 5048 1266 5124 ἧμὲραν.

454 5121 546 5208 ξδβ)
579 5120 674 5208 Sic
706 5121 858 5208 ἔασε,
890 5123 917 5177 1
972 5127 1029 5208 et
1063 5119 1420 5208 2.;HSeguer.
1469 5119 1670 5208 [lissi]...
1696 5120 2000 5208 Anglican.

258 5228 259 5231 η
356 5188 588 5249 Gobler.
621 5197 680 5248 et
705 5188 961 5262 Felckm.
996 5196 1047 5249 1.
1083 5193 1191 5247 Alii
1223 5188 1417 5248 autem
1448 5197 1505 5247 et
1532 5192 1696 5262 editi,
1727 5188 1818 5245 καῖ
1869 5188 2002 5246 εἶδὲ-

358 5282 463 5316 ναι.
495 5263 646 5388 M315,
654 5281 776 5387 Iern
800 5259 868 5317 δι’
891 5264 1371 5336 οὗ,ῦοὺιθι·ἰειῐιυε
1401 5269 1458 5319 et
1486 5259 1860 5333 Felckmanni
1888 5264 2003 5337 pri-

363 5351 520 5388 ωυε.
591 5356 605 5387 ι
700 5355 801 5388 ιον).

363 5351 520 5398 mus,
555 5334 623 5388 δι’
654 5334 801 5391 Γὶοὖ.

435 5406 549 5478 (37)
577 5407 669 5478 Sic
696 5423 1095 5478 omnesgmss.
1147 5415 1356 5478 praeter
1398 5404 1653 5478 Fclckm.
1697 5408 1752 5474 2,
1784 5406 1905 5477 qui,
1941 5410 2007 5461 ut

363 5482 423 5532 et
444 5476 589 5532 editi
642 5477 840 5547 habet,
873 5476 1289 5547 «611$.lbfdem
1343 5477 1556 5547 Regius
1601 5476 1897 5533 secundus
1950 5483 2008 5532 et

364 5548 536 5634 editi,
558 5550 593 5617 ἡ
624 5546 919 5634 προπέτεια
964 5546 1256 5634 πρέπουσα,
1288 5546 1592 5634 “nil-pavit}.
1620 5549 1734 5631 alii
1773 5566 1942 5632 ωσι,
1968 5550 2003 5616 ἠ

363 5619 1081 5695 προπέτειαξᾶπρεπεστοίτη
1125 5619 1477 5695 μανίαμΜοζι
1521 5619 1731 5695 Regius
1779 5621 2008 5695 primus

363 5688 419 5749 et
448 5688 861 5767 Beguerianus,
886 5692 961 5756 εἷς
984 5688 1240 5762 τοιαύτην
1263 5692 1409 5765 ἡμᾶς
1436 5688 1755 5765 ἀπολογίαν.
1779 5688 2007 5766 Regius

2114 4627 2260 4698 γὶανἶ
2293 4623 2408 4698 Ajii
2440 4620 2718 4698 φεμ,ρς
2748 4622 3019 4698 τοσαύτην
3052 4626 3199 4698 ἡμᾶς
3234 4620 3449 4698 μανίαντ

2329 4693 2822 4783 BasilienSis,nrﬁ¢
2870 4693 3108 4779 κτίσεως
3144 4693 3353 4783 οξῧξιυσὶ1
3398 4693 3594 4783 λέγειν.
3628 4695 3757 4783 Nic}

2111 4763 2328 4839 Regius
2357 4767 2580 4839 primus
2608 4772 2676 4839 et
2695 4768 3111 4839 Seguerianus,
3141 4763 3267 4821 οὐδὲ
3294 4766 3391 4833 τὴν
3443 4763 3610 4838 ὥραν.
3646 4766 3757 4820 Alit

2111 4845 2169 4895 et
2194 4836 2374 4905 éditi;
2388 4836 2477 4890 καὶ
2505 4838 2604 4906 τὴν
2639 4836 2806 4909 ὥρανῖ

2183 4910 2293 4982 (39)
2328 4906 2711 4966 Gobleriauus
2756 4915 2814 4966 ct
2850 4908 3222 4965 Felckmanni
3291 4906 3541 4979 primus,
3583 4925 3741 4982 προσ-

2113 4976 2477 5043 δοκάσθωσαν.

2328 5051 2428 5135 δίο.
2455 5050 2665 5122 Regius
2696 5050 2925 5135 primus
2954 5056 3010 5135 et
3037 5048 3450 5135 Seguerianus:
3469 5050 3540 5105 At
3565 5048 3661 5135 alii
3683 5057 3757 5135 ‘ct

2109 5118 2274 5249 ἔξω,
2305 5118 2667 5196 γινώσκομεν,
2696 5118 2787 5181 “ὡς
2843 5120 2945 5175 οὐκ
2986 5118 3220 5198 ἀγνοῶν,
3367 5119 3541 5196 Λόγος
3590 5118 3753 5185 ἐστὶν,

2179 5213 2319 5249 εγεν.

2179 5213 2294 5248 εγεν
2307 5235 2319 5248 .

2186 5261 2297 5337 (41)
2331 5263 2545 5337 Regius
2577 5262 2804 5337 primus
2825 5266 2891 5337 et
2918 5263 3330 5337 Seguerianus,
3360 5261 3449 5317 καὶ
3499 5262 3582 5317 ὅτι
3626 5263 3753 5337 σάρ-

2113 5333 2202 5390 κας
2231 5333 2436 5392 Castori
2461 5340 2519 5390 et
2550 5334 2688 5388 editi
2720 5333 3133 5392 omittunt—8n.

2187 5408 2297 5476 (42)
2334 5406 2548 5478 lli-gius
2581 5406 2804 5478 primus
2834 5414 2891 5462 et
2943 5407 3353 5478 Seguerianus,
3385 5402 3469 5457 ὅτι
3512 5400 3657 5461 οὐδὲ,
3690 5405 3753 5461 In

2117 5475 2248 5531 aliis
2271 5485 2327 5533 et
2355 5477 2528 5531 editis
2559 5477 2723 5531 deest
2752 5475 2856 5532 ὅτι.

2188 5550 2301 5620 (43)
2334 5547 2547 5617 Regius
2574 5548 2800 5619 primus
2826 5554 2883 5604 et
2918 5549 3333 5620 Seguerianus,
3365 5546 3502 5615 ποίᾳ
3549 5544 3750 5675 ἠμὲἒᾳ.

2188 5621 2298 5675 lem
2329 5618 2549 5675 ibidem
2582 5620 2865 5675 omittunt
2894 5620 3200 5675 sequentia
3226 5620 3423 5675 verba.
3454 5617 3544 5672 καὶ
3592 5618 3667 5673 πά
3712 5641 3750 5672 ιιι

3712 5641 3757 5672 ιν

2117 5617 2298 5693 iidem
2329 5618 2551 5693 ibidem
2576 5617 2865 5693 omittunt
2894 5617 3200 5693 sequentia
3226 5620 3423 5693 verba,
3454 5617 3544 5672 καὶ
3592 5617 3667 5673 πά

2115 5691 2154 5764 ᾔ
2183 5690 2245 5746 οὐ
2276 5688 2484 5746 δοκεῖτε
2514 5688 2629 5765 ὥρᾳ
2659 5690 2687 5744 6
2718 5690 2841 5753 Υἱὸς
2870 5687 3281 5767 ’ποῦ’ἀνορώπου
3312 5687 3550 5767 ἔρχεται.
