4074 6366
283 390 383 452 421

1389 386 1682 450 ORATIO
1725 384 1802 448 Ill
1850 385 2164 447 CONTRA
2209 385 2576 450 ARIANOS.

3559 399 3675 460 429.

277 526 482 599 Ὥσπερ
539 523 668 598 γὰρ,
726 520 1006 598 ἅνθρωπος
1052 520 1378 597 γενόμενος,
1437 520 1572 593 μετὰ
1621 519 1922 595 ἀνθρώπων

2063 523 2119 575 ta
2149 520 2367 591 pariter
2395 538 2527 577 cum
2560 521 2917 592 hominibus,
2937 529 3001 580 ut
3031 525 3349 597 homo,non
3380 533 3539 586 novit
3571 551 3583 588 :
3619 539 3678 588 at

276 616 429 683 πεινᾷ
484 612 576 667 καὶ
636 608 766 685 διψᾷ
818 611 907 666 καὶ
964 610 1207 685 πάσχει,
1268 608 1410 665 οὕτω
1470 610 1604 682 μετὰ
1665 609 1758 681 μὲν
1816 611 1923 662 τῶν

278 703 579 780 ἀνθρώπων
630 704 765 777 (55),
818 701 892 766 ὠς
943 703 1250 778 ἅνθρωπος,
1302 700 1401 756 οὐκ
1452 697 1582 754 οἶδε·
1617 704 1808 764 θεῑκῶς
1845 695 1925 765 δὲ,

279 794 329 849 ἰν
360 790 441 865 τῷ
483 792 653 868 Πατρὶ
703 790 777 846 ὣν
824 791 1005 867 Λόγος
1056 791 1147 846 καὶ
1200 788 1397 865 Σοφία,
1450 787 1584 862 οἵδε,
1632 787 1722 843 καὶ
1771 784 1923 842 οὒδὲν

282 884 446 953 ἐστιν,
479 882 508 937 ’ὀ
540 882 738 958 ἀγνοεῖ.
789 879 978 943 Οὕτως
1026 880 1117 935 καὶ
1165 878 1287 954 περὶ
1329 879 1577 953 Λαζάρου
1619 876 1785 933 πάλιν
1834 875 1925 931 ἀν-

282 969 570 1047 θρωπίνως
618 969 958 1036 πυνθάνεται,
1008 969 1036 1023 6
1065 970 1179 1042 (56)
1208 966 1458 1023 ἀπελθὼν
1508 966 1711 1043 ἐγεῖραι
1742 964 1925 1038 αὐτὸν,

279 1061 367 1116 καὶ
409 1059 570 1122 εἰδὼς
614 1059 775 1123 πόθεν
826 1058 1223 1129 ἂνακαλέσηται
1269 1057 1369 1126 τήν
1420 1055 1669 1131 Λαζάρου
1716 1056 1922 1130 ψυχήν·

284 1154 470 1223 μεῖζον
498 1145 557 1203 δὲ
583 1148 646 1202 τὸ
677 1144 895 1218 εἰδέναι,
940 1150 1046 1200 ποῦ
1094 1145 1160 1215 ἦν
1211 1147 1247 1214 ἡ
1289 1146 1442 1220 ψυχή
1472 1146 1607 1217 (57),
1655 1148 1751 1197 τοῦ
1790 1140 1926 1198 εἰδέ-

280 1260 389 1306 ναι,
446 1237 553 1294 ποῦ
610 1233 783 1291 ἔκειτο
836 1235 899 1290 τὸ
958 1239 1163 1308 σῶμα·
1225 1231 1371 1289 ἀλλὰ
1424 1230 1774 1309 ἀνθρωπίνως
1831 1230 1925 1285 ἐπ-

282 1328 471 1404 ηρώτα
528 1328 667 1399 (58),
720 1321 811 1378 ’ίνα
866 1325 1057 1383 Θεϊκῶς
1115 1322 1358 1398 ἀνεγείρῃ
1386 1366 1399 1378 .
1459 1320 1613 1375 Οὕτω
1678 1320 1767 1375 καὶ
1818 1324 1925 1374 τῶν

284 1418 543 1489 μαθητῶν
589 1413 904 1477 πυνθάνεται
952 1410 1124 1468 ἐλθὼν
1176 1411 1250 1473 εἰς
1295 1412 1363 1465 τὰ
1412 1411 1551 1485 μέρη
1594 1407 1926 1484 Καισαρείας,

281 1504 476 1579 καίπερ
532 1499 694 1564 εἰδὼς
742 1501 831 1556 καὶ
888 1500 1014 1575 πρὶν
1071 1499 1459 1575 ἀποκρίνασθαι
1515 1498 1608 1553 τὸν
1666 1499 1865 1573 Πέτρον
1907 1538 1921 1556 .

282 1593 347 1648 Εἴ
379 1592 482 1668 γὰρ
514 1591 542 1646 6
574 1591 760 1666 Πατὴρ
809 1587 1123 1662 ἀπεκάλυψε
1167 1593 1247 1660 τῷ
1289 1591 1401 1662 (59)
1452 1588 1640 1663 Πέτρῳ
1687 1587 1811 1661 περὶ
1855 1587 1929 1640 ὧν

284 1683 313 1736 6
348 1683 544 1755 Κύριος
590 1679 930 1747 ἐπυνθάνετο,
980 1675 1150 1748 δῆλόν
1201 1675 1364 1746 ἐστιν,
1416 1676 1498 1731 ὅτι
1548 1674 1637 1730 διὰ
1676 1680 1773 1730 τοῦ
1804 1676 1931 1730 Υίοῦ

281 1771 498 1847 γέγονεν
550 1771 584 1839 ἡ
642 1767 1006 1842 ἀποκάλυψις’
1066 1764 1255 1829 Οὐδεὶς
1311 1765 1412 1842 γὰρ
1470 1763 1586 1820 οἶδε
1638 1766 1730 1820 τὸν
1785 1765 1931 1834 Υἱὸν,

285 1859 473 1935 φησὶν,
524 1859 572 1912 εἱ
625 1859 702 1930 μὴ
760 1857 789 1911 6
845 1858 1055 1931 Πατήρ,
1113 1853 1204 1910 καί
1256 1855 1347 1909 τὸν
1378 1854 1608 1929 Πατέρα,
1667 1854 1713 1908 εί
1771 1854 1846 1927 μὴ
1904 1854 1932 1908 6
1967 1892 2012 1956 Β

289 1949 412 2011 Υἱὸς
444 1990 462 2019 ,
519 1947 611 2001 καὶ
670 1947 716 2018 ᾧ
774 1945 860 2000 ἐὰν
921 1943 1053 2019 θέλῃ
1110 1945 1138 1999 6
1196 1943 1321 2006 Υἱὸς
1387 1942 1735 2016 ἀποκαλύψαι
1794 1945 1928 2016 (60).

284 2038 348 2092 Ei
384 2034 441 2091 δὲ
474 2033 546 2090 δι’
577 2037 704 2090 Υἱοῦ
733 2036 767 2104 ἠ
794 2055 852 2089 τε
879 2038 976 2090 τοῦ
1023 2033 1234 2109 Πατρὸς
1278 2033 1368 2087 καὶ
1417 2036 1513 2087 τοῦ
1559 2033 1687 2086 Υἱοῦ
1735 2035 1932 2106 γνῶσις

288 2124 756 2195 ἀποκαλύπτεται,
787 2122 886 2177 οὐκ
917 2117 1227 2199 ἀμφίϐολον
1277 2121 1351 2183 ὡς
1402 2120 1561 2183 αὐτὸς
1611 2121 1640 2174 6
1670 2118 1931 2174 πυνθανό-

292 2237 452 2287 μενος
487 2212 712 2289 Κύριος,
750 2211 1012 2288 πρότερον
1059 2208 1415 2284 ἀποκαλύψας
1442 2214 1523 2282 τῷ
1574 2210 1762 2285 Πέτρῳ
1791 2208 1937 2282 παρὰ

286 2310 386 2359 τοῦ
434 2306 548 2377 (61)
605 2302 854 2376 Πατρὸς,
920 2300 1137 2376 ὕπερον
1192 2297 1541 2374 ἀνθρωπίνως
1592 2298 1932 2362 ἐπυνθάνετο·

283 2391 379 2447 ’ἶνα
408 2391 498 2446 καὶ
526 2395 688 2446 τοῦτο
720 2386 884 2463 δείξῃ,
915 2387 997 2443 ὅτι
1043 2392 1310 2459 σαρκικῶς
1356 2386 1777 2461 πυνθανόμενος,
1816 2383 1936 2461 ᾔδει

290 2484 488 2546 θεῖκῶς
522 2478 557 2533 ἆ
585 2472 786 2551 ἔμελλε
827 2476 1001 2552 λέγειν
1035 2477 1063 2531 ὁ
1099 2477 1319 2553 Πέτρος
1375 2472 1517 2530 οἶδεν
1569 2477 1670 2551 ἄρα
1714 2477 1743 2529 6
1795 2475 1939 2546 Υἱὸς,

288 2571 574 2647 γινώσκων
628 2568 696 2622 τὰ
750 2564 943 2639 πάντα,
975 2565 1066 2621 καὶ
1124 2566 1407 2640 γινώσκων
1458 2565 1550 2619 τὸν
1601 2565 1793 2619 ἑαυτοῦ
1834 2570 1940 2619 Πα-

287 2660 423 2734 τέρα
454 2660 590 2733 (62),
620 2656 690 2725 ἧς
735 2655 986 2730 γνώσεως
1036 2651 1159 2709 οὔτε
1210 2658 1393 2728 μεῖζον
1439 2652 1563 2709 οὕτε
1605 2651 1939 2727 τελειότερον

291 2745 354 2801 ἄν
387 2767 441 2801 τι
469 2746 703 2820 γένοιτο.

367 2836 461 2893 47.
509 2832 686 2889 Ἱκανὰ
746 2832 838 2905 μὲν
892 2828 983 2885 οὖν
1042 2825 1211 2885 ταῦτα
1266 2829 1402 2905 πρὸς
1459 2824 1687 2906 ἔλεγχον
1742 2828 1939 2885 αὐτῶν·

293 2918 617 2994 ἐϐουλόμην
659 2918 717 2975 δὶ
769 2920 1039 2996 ἐρωτῆσαι
1086 2918 1362 2993 (62⁹),⁹ίνα
1407 2920 1497 2974 καὶ
1530 2919 1702 2982 οὕτως
1754 2919 1944 2994 ἐχθροὶ

298 3009 518 3086 μᾶλλον
566 3014 667 3076 τῆς
717 3008 977 3079 ἀληθείας
1027 3004 1375 3063 δεικνύωνται
1421 3007 1511 3062 καὶ
1544 3007 1941 3086 χριστομάχοι.

294 3084 361 3158 Ὁ
394 3098 735 3161 Ἀπόστολος
768 3097 819 3153 ἐν
864 3100 932 3172 τῇ
980 3094 1200 3171 δευτέρᾳ
1236 3096 1373 3173 πρὸς
1420 3084 1742 3171 Κορινθίους
1792 3098 1947 3153 Ἑπι-

2035 625 2169 664 cum
2202 610 2281 665 sit
2310 609 2369 665 in
2404 610 2571 667 Patre
2599 611 2851 669 Verbum
2882 619 2939 669 et
2986 613 3304 686 Sapientia,
3350 622 3673 676 secundum

2035 697 2400 754 divinitatem
2448 700 2628 765 novit,
2680 701 2940 773 nihilque
2988 720 3229 775 prorsus
3275 710 3546 780 estquod
3581 726 3675 766 ne-

2036 786 2201 843 sciat.
2234 786 2327 843 Sic
2359 788 2430 843 de
2460 788 2695 859 Lazaro,
2728 795 2793 845 ut
2822 789 2996 847 homo
3027 792 3370 866 interrogat,
3400 813 3532 852 cum
3594 802 3680 855 ta-

2036 891 2169 931 men
2201 876 2347 948 ipse,
2377 881 2440 931 ut
2469 893 2602 932 eum
2635 894 2670 933 a
2699 879 2948 935 mortuis
2977 881 3272 953 excitaret,
3303 887 3681 957 progredere-

2036 967 2154 1031 tur,
2186 964 2478 1036 sciretque
2510 965 2803 1022 undenam
2835 967 3096 1025 animam
3151 973 3280 1042 ejus
3336 978 3633 1031 revocaret
3665 993 3678 1033 :

2036 1052 2200 1123 atqui
2219 1054 2332 1124 maj
2345 1070 2411 1108 us
2428 1052 2653 1125 aliquid
2671 1060 2761 1110 est
2776 1072 3124 1126 cognoscere
3141 1058 3380 1117 ubinam
3395 1061 3467 1117 sit
3481 1063 3681 1120 anima

2038 1157 2215 1211 quam
2250 1141 2349 1196 ubi
2379 1158 2592 1213 corpus
2613 1142 2823 1213 jaceat.
2858 1144 3090 1216 Verum,
3136 1153 3428 1218 quatenus
3484 1152 3684 1224 homo,

2038 1230 2622 1301 percunctabatur,ut
2640 1232 2819 1287 vitam
2844 1232 3057 1290 Lazaro
3078 1240 3359 1308 tanquam
3381 1239 3537 1296 Deus
3561 1242 3686 1297 red-

2038 1318 2220 1373 deret.
2254 1318 2349 1374 Sic
2379 1318 2542 1387 item,
2576 1336 2710 1375 cum
2739 1320 2795 1375 in
2836 1328 3029 1392 partes
3079 1324 3349 1381 Caisarea)
3406 1329 3681 1394 venisset,

2040 1408 2418 1478 interrogavit
2448 1407 2786 1480 discipulos,
2819 1412 3053 1467 tametsi
3085 1413 3141 1468 id
3174 1414 3246 1469 de
3275 1432 3390 1486 quo
3439 1416 3685 1474 interro-

2039 1496 2378 1567 gabat,ante
2411 1495 2563 1551 Petri
2592 1512 2941 1569 responsum
2973 1501 3401 1560 sciret.Etenirn
3436 1506 3485 1560 si
3516 1507 3688 1562 Pater

2039 1588 2208 1641 Petro
2238 1601 2308 1640 ea
2332 1601 2462 1655 qua:
2484 1586 2779 1657 quaerebat
2799 1585 2980 1642 Filius
3005 1591 3415 1661 patefecit,non
3438 1594 3686 1651 dubium

2039 1678 2132 1731 est
2159 1673 2299 1745 quin
2342 1690 2443 1746 per
2472 1673 2683 1730 Filium
2717 1676 2936 1732 fuerint
2973 1679 3279 1749 patefacta.
3310 1683 3481 1739 Nemo
3507 1684 3686 1753 enim,

2043 1761 2252 1835 inquit,
2287 1763 2437 1819 novit
2466 1763 2671 1818 Filium
2698 1766 2812 1820 nisi
2838 1766 3021 1834 Pater,
3052 1775 3103 1823 et
3150 1773 3372 1826 Patrem
3424 1774 3542 1829 nisi
3595 1775 3689 1831 Fi-

2042 1852 2172 1917 lius,
2224 1854 2275 1907 et
2329 1853 2429 1907 cui
2479 1852 2653 1906 Filia:
2703 1854 2938 1909 voluerit
2966 1856 3209 1913 revelare
3239 1858 3302 1914 ⁴³.
3338 1860 3605 1931 Proinde,
3637 1865 3687 1922 si

2042 1940 2231 1995 Patris
2261 1944 2319 1995 et
2354 1939 2474 1994 Filii
2501 1940 2756 2012 cognitio
2784 1958 2886 2013 per
2917 1942 3124 1999 Filium
3157 1945 3426 2016 habetur,
3486 1950 3687 2007 nullus

2041 2028 2349 2083 dubitandi
2376 2030 2537 2084 locus
2558 2032 2668 2097 est,
2703 2030 2844 2101 quin
2868 2032 2994 2102 ipse
3020 2034 3296 2090 Dominus
3317 2038 3417 2108 qui
3442 2038 3689 2096 interro-

2042 2117 2302 2190 gabat,id
2326 2119 2491 2188 prius
2511 2121 2683 2173 Petro
2705 2134 2773 2173 ex
2798 2123 2962 2174 Patre
2985 2121 3339 2190 revelaverit,
3363 2126 3690 2200 deindeque

2048 2210 2111 2261 ut
2141 2205 2315 2261 homo
2346 2206 2807 2279 interrogaverit,
2839 2224 2953 2279 quo
3002 2210 3431 2269 demonstraret
3477 2231 3564 2284 ea,
3623 2216 3694 2271 de

2048 2294 2264 2367 quibus
2320 2294 2645 2351 secundum
2704 2312 2938 2352 carnem
2998 2298 3431 2369 sciscitabatur,
3479 2309 3536 2359 et
3566 2321 3695 2376 quis

2053 2386 2251 2442 Petrus
2280 2389 2404 2441 erat
2433 2386 2722 2456 dicturus,
2757 2403 2819 2441 se
2848 2389 3169 2444 secundum
3203 2392 3566 2450 divinitatem
3600 2412 3696 2451 co-

2050 2475 2214 2548 gnita
2241 2474 2476 2530 habere.
2510 2473 2835 2531 Fatendum
2868 2493 3004 2549 ergo
3062 2483 3153 2535 est
3202 2478 3302 2535 illa
3355 2485 3698 2554 cognovisse

2055 2562 2286 2632 Filium,
2345 2562 2445 2633 qui
2495 2579 2704 2636 nempe
2733 2564 2932 2620 omnia
2963 2572 3020 2621 et
3048 2582 3221 2623 suum
3259 2569 3484 2626 Patrem
3518 2573 3698 2640 novit,

2053 2669 2171 2725 qua
2203 2651 2390 2708 Patris
2420 2652 2755 2723 cognitione
2785 2651 2932 2707 nihil
2966 2671 3106 2709 sane
3138 2657 3332 2727 majus
3362 2665 3463 2714 aut
3509 2663 3696 2732 perfe-

2052 2739 2204 2796 ctius
2235 2755 2363 2795 esse
2391 2743 2598 2811 potest.

2124 2829 2213 2884 47.
2245 2829 2317 2884 Et
2346 2827 2466 2883 haec
2497 2827 2731 2897 quidem
2764 2829 3067 2887 sufﬁciunt
3088 2833 3156 2887 ad
3180 2831 3313 2890 illos
3334 2834 3502 2906 plene
3533 2837 3698 2893 [θείοις

2054 2918 2280 2975 lendus.
2317 2915 2549 2973 Liberet
2581 2921 2777 2973 tamen
2809 2918 2929 2974 haec
2959 2922 3033 2975 ab
3062 2919 3183 2976 illis
3214 2924 3528 2995 requirere,
3582 2944 3697 2999 quo

2055 3005 2383 3063 evidentius
2440 3005 2519 3062 sit
2574 3022 2673 3061 eos
2731 3010 2790 3062 et
2827 3007 3089 3064 veritatis
3119 3013 3177 3065 et
3205 3010 3419 3068 Christi
3446 3015 3702 3070 nefarios

2057 3096 2255 3152 hostes
2283 3111 2412 3151 esse
2444 3112 2456 3150 :
2492 3094 2714 3152 scilicet
2740 3095 3055 3167 Apostolus
3100 3101 3359 3157 secunda
3397 3102 3468 3158 ad
3498 3102 3703 3159 Coriu-

297 3188 475 3263 στολῇ
542 3186 764 3265 γράφων
838 3185 998 3264 φησίν
1034 3205 1047 3218 ο
1106 3182 1245 3242 Οἶδα
1318 3182 1602 3260 ἄνθρωπον
1671 3184 1723 3241 έν
1785 3191 1887 3260 Χρι
1917 3217 1945 3228 -

2063 3184 2210 3241 lhies
2242 3181 2499 3256 Epistola
2528 3183 2607 3239 ita
2636 3183 2842 3239 scribit
2873 3202 2886 3241 :
2918 3184 3041 3242 Scio
3072 3186 3352 3244 hominem
3382 3192 3444 3245 in
3491 3190 3703 3247 Christo

299 3253 589 3351 610;).(63)
625 3253 731 3353 πρὸ
788 3253 921 3330 irini:
980 3271 1377 3350 δεκατεσσάρων
1418 3253 1545 3328 ¹εἷίιτε
1600 3273 1651 3328 ἐν
1711 3253 1945 3347 σώματι,

2063 3279 2186 3328 ante
2230 3287 2404 3327 annos
2432 3271 2847 3345 quatuordecim
2875 3275 2991 3329 sive
3019 3276 3080 3330 in
3106 3291 3354 3347 corpore,
3386 3282 3565 3337 nescio
3593 3298 3707 3337 sive

298 3368 406 3425 οὐκ
463 3364 633 3433 οἰδα,
693 3361 802 3419 εἴτε
875 3362 1026 3425 ἐκτὸς
1088 3367 1187 3417 τοῦ
1259 3364 1513 3436 σώματος
1547 3406 1561 3433 ,
1620 3362 1719 3418 οὐκ
1775 3359 1899 3417 οἴδα
1933 3381 1946 3394 ⁸

302 3459 332 3512 6
389 3456 518 3516 Θεὸς
575 3450 707 3510 οἶδε.
737 3452 802 3508 Τί
828 3453 1009 3508 τοίνυν
1066 3452 1197 3530 φατέ
1229 3471 1242 3522 ;
1280 3450 1418 3507 οἶδεν
1466 3452 1494 3506 6
1554 3452 1890 3515 ’Λπόστολος
1922 3451 1952 3506 ’ὀ

301 3545 569 3601 πέπονθεν
599 3541 651 3596 ὲν
700 3545 770 3615 τῇ
819 3541 1071 3612 ὀπτασίᾳ,
1099 3537 1197 3595 κᾶν
1247 3538 1402 3616 λέγῃ,
1457 3540 1557 3596 οὐκ
1599 3539 1743 3612 οἴδα,
1788 3538 1955 3609 ἢούκ

305 3619 451 3690 οἶδεν
483 3652 497 3703 ;
530 3632 596 3690 Ei
647 3631 742 3703 μὲν
794 3628 883 3686 οὖν
918 3629 1018 3685 οὐκ
1063 3626 1194 3700 οἶδε,
1237 3634 1508 3699 σκοπεῖτε,
1544 3630 1645 3702 μὴ,
1698 3625 1953 3702 μαθόντες

307 3724 551 3778 πίπτειν.
583 3719 783 3790 πέσητε
829 3719 919 3773 καὶ
972 3718 1047 3780 εἰς
1092 3718 1191 3787 τὴν
1222 3722 1329 3772 τῶν
1374 3722 1607 3793 Φρυγῶν
1640 3720 1754 3791 (6.1)
1785 3737 1957 3794 παρα-

304 3812 503 3885 νομίαν
533 3813 641 3863 τῶν
673 3806 936 3883 λεγόντων
973 3807 1050 3879 μή
1081 3803 1275 3861 εἷδέναι
1304 3807 1430 3869 τοὺς
1476 3808 1782 3884 προφήτας,
1818 3803 1962 3879 μηδὲ

306 3899 439 3963 τοὺς
468 3897 674 3960 ἄλλους
723 3895 849 3958 τοὺς
901 3893 1324 3966 διακονήσαντας
1368 3897 1461 3951 τὸν
1510 3894 1712 3972 Λόγον,
1761 3897 1899 3969 μήτε
1928 3894 1963 3950 ’ὰ

305 3992 552 4057 ποιοῦσι,
587 3989 728 4061 μήτε
757 3985 881 4060 περὶ
928 3985 1094 4040 τίνων
1138 3983 1598 4062 ἀπαγγέλλοὶωωο
1652 3985 1696 4040 εἰ
1747 3982 1805 4040 δὲ
1852 3982 1964 4039 οἶδε

306 4078 511 4153 λέγων,
572 4076 677 4131 οὐκ
730 4072 868 4130 οἶδα·
933 4075 1049 4150 εἶχε
1102 4075 1204 4151 γὰρ
1266 4073 1317 4129 ἐν
1378 4074 1552 4147 ἑαυτῷ
1606 4074 1700 4129 τὸν
1731 4074 1959 4151 Χριστὸν

384 4289 431 4324 ⁴³
462 4288 595 4344 Luc.
626 4304 685 4358 ι,
705 4287 798 4342 22.
872 4287 920 4321 “
950 4287 997 4343 II
1026 4286 1156 4343 Cor.
1186 4303 1289 4356 xu,
1318 4287 1375 4341 2.

386 4493 467 4565 (5)
497 4492 714 4566 Regius
770 4490 999 4566 primus
1046 4494 1117 4566 et
1171 4490 1587 4566 Seguerianus,
1613 4493 1723 4545 τῶν
1755 4489 1966 4566 ἀνθρώ-

487 4570 551 4620 ln
581 4563 711 4653 aliine
735 4563 795 4653 et
823 4563 1000 4653 editis
1027 4563 1552 4653 deestriiivkyaplo
1585 4563 1968 4653 post,Regius

318 4609 553 4711 ὗιῖὲιὶῦἷ
581 4609 1098 4711 ’ἑῖἓθέῐιὲἶξξὶῐυξῖ
1106 4609 1318 4711 Βέίιὶεξῖέ
1336 4609 1969 4711 ’δὲῗξῗτῖιίξΓίὶοἶὲἓῖξῶ
2004 4609 2048 4672 ο

316 4701 522 4786 λόγος.
559 4705 667 4762 Alii
723 4701 781 4763 ei.
835 4705 996 4773 editi,
1026 4701 1219 4766 θεϊκῶς
1252 4702 1330 4777 δὲ,
1363 4701 1435 4759 ὢν
1469 4703 1519 4758 ἐν
1550 4701 1629 4776 τῷ
1674 4701 1842 4781 Πατρὶ
1893 4705 1967 4768 ὡς

317 4788 520 4840 Λόγος.

370 4779 520 4923 dig?)
537 4854 675 4923 Reg.
711 4850 762 4917 1,
792 4847 1286 4923 Seguer._Gobler.
1318 4850 1378 4923 e_t
1424 4846 1677 4923 Felclsm.
1712 4849 1736 4903 1
1791 4851 1966 4923 omit-

316 4919 457 4978 tunt
484 4920 534 4975 6.
566 4919 695 4976 Mox
726 4921 939 4992 Regius
963 4920 1212 4992 primus
1241 4923 1298 4992 et
1334 4919 1747 4991 Seguerianus,
1779 4920 1968 4974 ἀνακα-

316 4992 571 5062 λέσηται.
607 4992 718 5046 Alii
754 4987 996 5057 etvediti',
1030 4987 1432 5045 ἀνακαλέσεταιῖ

393 5066 508 5138 (57)
536 5063 916 5138 _Felckmann_i
947 5064 1244 5138 secundus
1274 5068 1332 5117 et
1347 5061 1525 5117 editio
1548 5061 1971 5138 Qnmmel_.,1t06

318 5139 367 5209 ἡ
389 5132 570 5209 ψυχή.
602 5141 730 5190 Mox
761 5134 976 5209 Regius
997 5136 1230 5209 primus
1262 5139 1319 5188 et
1360 5135 1773 5209 Reguerianus,
1800 5132 1971 5190 ἔκειτο

319 5199 384 5261 τὸ
403 5199 596 5279 ’σὶῗῖμξῳ
629 5210 701 5262 At
732 5199 917 5261 alii‘et
945 5199 1108 5270 editi,
1140 5199 1523 5279 ἔκειτο-σῶμα.

394 5274 513 5351 (58)
539 5278 632 5332 Sic
662 5282 801 5351 Reg.
838 5279 888 5342 1,
921 5281 1157 5351 Seguer.
1190 5274 1435 5351 Gobler.;
1456 5282 1513 5331 et
1540 5275 1793 5351 Felckm.
1832 5278 1974 5351 1._At

320 5347 421 5407 alii
454 5347 513 5406 et
540 5350 703 5418 editi,
735 5347 1002 5420 ξπερωτᾷ.
1029 5348 1257 5420 ibidem
1292 5347 1509 5420 Regius
1534 5347 1763 5420 primus
1793 5353 1850 5403 et
1878 5349 1975 5404 Se-

319 5416 698 5494 guerianus,
730 5416 842 5494 ’ἱνα⁷
873 5418 964 5473 καὶ
1020 5418 1249 5494 Θεϊπιιῷς.Δ
1296 5416 1423 5494 Mei;
1478 5416 1866 5494 Goblerianus
1919 5424 1978 5476 et

320 5489 704 5551 Felckmanni
734 5491 984 5564 primus,
1011 5489 1159 5564 παρᾶ
1184 5492 1292 5543 τῶν
1321 5489 1594 5564 pati-quin.

394 5566 509 5637 (59)
544 5564 638 5637 Sic
663 5560 908 5634 uterque
940 5560 1157 5635 Regiizs
1186 5567 1245 5618 et
1299 5560 1711 5632 Seguerianus.
1744 5564 1819 5616 At
1875 5560 1974 5616 alii

322 5644 382 5693 et
411 5636 557 5693 editi
586 5638 668 5707 τῷ
698 5638 998 5691 omittunt.

395 5709 510 5783 (60)
541 5700 685 5781 Reg.
720 5707 773 5780 1,
799 5710 1034 5780 Seguer.
1068 5703 1297 5762 Gobler.
1333 5706 1392 5760 et
1418 5703 1673 5761 Felckm.
1707 5703 1758 5774 1,
1786 5702 1832 5776 ᾧ
1862 5700 1922 5758 ἂν
1945 5702 1974 5757 ὁ

2058 3370 2221 3418 extra
2249 3378 2462 3433 corpus,
2494 3363 2695 3431 nescio,
2729 3363 2868 3419 Deus
2889 3365 2992 3420 scit
3017 3365 3083 3421 “.
3116 3365 3264 3429 Quid
3295 3384 3433 3441 ergo
3464 3369 3559 3426 hic
3613 3372 3705 3427 di-

2061 3451 2191 3507 citis
2215 3450 2242 3505 ?
2269 3450 2434 3506 Novit
2464 3450 2781 3521 Apostolus
2804 3452 2944 3524 quid
2975 3454 3087 3510 sibi
3109 3455 3167 3510 in
3198 3455 3421 3513 visione
3449 3459 3707 3533 contige-

2063 3540 2161 3608 rit,
2177 3539 2313 3596 licet
2340 3539 2517 3605 dicat,
2538 3540 2754 3609 nescio,
2772 3542 2862 3597 vel
2889 3558 3006 3598 non
3035 3544 3222 3600 novit?
3237 3545 3295 3601 Si
3329 3563 3445 3603 non
3477 3549 3710 3605 novisse

2064 3629 2219 3686 478
2252 3628 2639 3701 respondetis,
2671 3630 2862 3685 videte
2893 3647 2964 3687 ne
3010 3634 3309 3691 erroribus
3352 3638 3596 3708 assueti,
3653 3639 3712 3694 in

2066 3719 2359 3789 Phrygum
2393 3734 2625 3789 quoque
2648 3717 3006 3790 impietatem
3028 3720 3301 3778 incidatis
3324 3726 3713 3798 (65),quorum

2070 3823 2279 3877 nempe
2308 3806 2603 3861 sententia
2632 3810 2721 3862 est
2746 3808 3058 3879 prophetas
3080 3814 3137 3865 et
3156 3810 3301 3867 alias
3333 3813 3499 3870 Verbi
3529 3815 3718 3870 admi-

2071 3895 2290 3951 nistros
2324 3894 2590 3965 ignorare
2619 3900 2745 3949 tum
2776 3911 2844 3950 ea
2870 3912 2998 3968 qua
3030 3903 3232 3970 agunt,
3264 3904 3391 3955 tum
3435 3918 3563 3973 quas
3613 3920 3716 3958 an-

2075 3983 2368 4040 nuntiant.
2402 3984 2565 4049 Quod
2598 3983 2647 4039 si
2680 3989 2880 4040 nosset
2907 4001 3041 4040 cum
3074 3987 3239 4053 dixit,
3268 3991 3478 4059 nescio,
3502 3990 3719 4063 quippe

2074 4073 2174 4146 qui
2206 4071 2504 4129 Christum
2536 4071 2594 4126 in
2626 4072 2817 4145 seipse
2849 4072 2962 4129 sibi
3019 4075 3218 4131 omnia
3272 4077 3717 4148 patefacientem

2078 4489 2203 4573 Υἱδξ
2221 4485 2832 4573 ,ᾇποκαλύψῃΕᾶίίίιῷ
2863 4488 2951 4573 έξὶν
2975 4487 3106 4573 Θέλῃ
3141 4492 3170 4549 6
3201 4495 3324 4560 Υἱὸς
3356 4495 3727 4573 ἀποκαλύψαι.

2145 4564 2266 4645 ¹(61)
2296 4563 2645 4645 sicprirpus
2678 4565 2858 4645 cedes
2887 4563 3098 4639 Regius
3128 4575 3185 4624 et
3212 4563 3633 4642 Seguerianus:
3658 4575 3731 4629 At

2082 4633 2190 4708 alii
2211 4641 2268 4708 et
2296 4633 2457 4708 editi,
2490 4633 2556 4687 τὰ
2585 4634 2731 4708 παρὰ
2757 4638 2882 4692 τοῦ.

2140 4706 2263 4787 ,(62)
2292 4706 2552 4787 SicReg.
2588 4708 2639 4774 1,
2666 4706 2922 4787 Seg_uer.,
2953 4709 3182 4787 Gobler.
3216 4716 3274 4766 et
3302 4713 3557 4787 Eelckm.
3589 4715 3639 4770 1.
3659 4718 3727 4787 At

2079 4776 2173 4831 alii
2207 4776 2265 4832 et
2288 4778 2468 4857 editio
2497 4776 2962 4857 Cornmeliniana
2992 4777 3132 4836 οἶδεν
3163 4801 3264 4855 αρα
3308 4783 3337 4836 6
3390 4784 3513 4845 Υἱὸς
3562 4783 3724 4857 γινώ-

2078 4868 2218 4901 σκων
2250 4848 2341 4902 τὸν
2375 4847 2566 4902 ἑαυτοῦ
2596 4848 2827 4920 Πατέρα.

2321 4922 2412 5012 ἣίο
2470 4923 2725 5012 pqimqs'
2755 4939 2933 5012 cougx
2954 4924 3201 5012 MRegius
3237 4924 3728 5012 etseguerianus.

2084 4989 2231 5067 [ξάήὶῐῇ
2266 4989 2551 5067 autem-et
2582 4992 2829 5067 Felclgm.
2862 4996 2917 5058 2,
2950 4989 3009 5067 δὶ
3038 4989 3103 5046 αὖ
3132 4989 3421 5067 ἐρωτῆσαί
3442 4996 3555 5053 Alii
3584 5013 3730 5054 mss.

2083 5059 2140 5116 δὲ
2170 5060 2364 5142 αὐτους
2396 5060 2692 5142 (ξριινιτῆσέπιιἒ
2723 5065 2851 5142 _Mox
2885 5066 3110 5142 primus
3145 5059 3322 5142 codex
3355 5069 3594 5142 Regius,
3630 5073 3729 5125 Se-

2082 5152 2245 5262 1[,‘iiicr.
2308 5135 2534 5217 Anglic.
2593 5135 2823 5191 Gobler.
2857 5142 2913 5190 et
2965 5136 3218 5192 Felckm.
3256 5140 3305 5207 1,
3360 5135 3730 5195 δεικνύωνται.

2126 5206 2461 5262 elckmanni
2520 5208 2837 5262 secundus.
2894 5202 3298 5262 δεικνύσωνται.
3360 5211 3619 5262 Felekm-
3677 5213 3730 5262 5.

2027 5234 2036 5249 ι
2083 5202 2461 5279 Felckmanni
2520 5202 3300 5279 δεουοάυθηδεικνύσωνταιξ
3360 5211 3619 5270 Felckm.
3677 5213 3733 5279 5,

2085 5275 2481 5365 6sleg'4r'omav.
2513 5276 2635 5359 Alii.
2654 5284 2711 5332 et
2743 5276 2904 5365 editi,
2928 5274 3351 5365 δειχθήσονται.

2087 5424 2131 5473 Χ
2157 5349 2518 5432 (63)νΒεεὶυε
2552 5350 2779 5420 primus
2825 5354 2880 5404 et
2926 5349 3319 5422 Seguerianus
3349 5353 3654 5425 omittunt,
3684 5349 3736 5407 ἐν

2140 5438 2330 5489 ριστῳ.

2140 5472 2490 5561 ‘164)'Reg'.1
2529 5494 2585 5545 et
2629 5494 2888 5561 Seguer.,
2935 5489 3196 5561 μαθόντες
3251 5494 3470 5549 πίπτειν
3526 5501 3740 5550 magi—,5

2085 5560 2174 5615 καὶ
2209 5561 2284 5639 εἷς
2313 5560 2554 5639 ranas
2605 5560 2868 5639 Φρυγῷν..
2891 5560 3089 5639 ceteri
3137 5571 3194 5619 et
3243 5568 3405 5639 editi,
3443 5568 3738 5639 μανθάνον-

2084 5651 2171 5693 τες
2191 5632 2436 5709 πίπτειν,
2467 5630 2669 5709 πέσητέ
2698 5630 2790 5709 καὶ
2824 5631 2899 5694 εἰς
2930 5634 3042 5709 τὴν⁸
3063 5637 3326 5709 Ψρυγῶν.

2158 5706 2271 5779 (65)
2304 5704 2445 5762 Vide
2474 5704 2708 5778 Epipb.,
2743 5705 2947 5763 haeres.
2982 5706 3071 5764 48.
