4074 6364
282 390 381 452 421

1387 386 1680 451 ORATIO
1723 385 1800 448 IIl
1847 386 2162 448 CONTRA
2207 385 2574 450 AltIANOS.

3557 398 3673 459 422

276 527 479 600 Ὥσπερ
537 523 665 599 γὰρ,
725 521 1005 599 ἅνθρωπος
1051 520 1376 598 γενόμενος,
1435 520 1571 594 μετᾶ
1620 520 1919 595 ἀνθρώπων

2064 523 2117 575 ta
2147 520 2365 591 pariter
2393 538 2526 578 cum
2558 521 2915 593 hominibus,
2936 529 3000 580 ut
3029 525 3348 597 homo,non
3378 531 3538 585 novit
3569 550 3582 587 :
3617 539 3677 587 at

276 617 427 684 πεινᾷ
481 613 574 667 καὶ
634 608 764 686 διψᾷ
816 611 906 667 καὶ
962 611 1205 686 πάσχει,
1266 608 1408 665 οὕτω
1468 610 1603 683 μετᾶ
1663 610 1756 682 μὶν
1814 611 1921 663 τῶν

277 704 578 781 ἀνθρώπων
628 705 764 778 (55),
817 702 891 766 ὠς
942 704 1249 779 ἄνθρωπος,
1300 701 1399 756 οὐκ
1450 698 1580 755 οἶδε’
1615 704 1807 765 θεῖκῶς
1843 696 1923 765 δὲ,

279 795 328 850 έν
359 791 440 866 τῷ
482 792 652 868 Πατρὶ
701 791 776 848 ὢν
823 792 1004 867 Λόγος
1055 792 1145 846 καὶ
1199 789 1395 865 Σοφία,
1449 787 1582 862 οἶδε,
1630 787 1720 844 καὶ
1769 784 1921 842 οὒδὲν

280 884 445 954 ἐστιν,
477 882 506 938 ’ὁ
538 882 737 959 ἀγνοεῖ,
787 880 977 943 Οὕτως
1024 880 1116 936 καὶ
1163 879 1286 955 περὶ
1328 880 1576 953 Λαζάρου
1617 876 1783 933 πάλιν
1832 876 1923 931 ἀν-

281 969 568 1047 θρωπίνως
616 969 957 1037 πυνθάνεται,
1006 970 1034 1023 6
1064 971 1178 1043 (56)
1207 967 1456 1024 ἀπελθὼν
1507 966 1710 1043 ἐγεῖραι
1741 965 1923 1039 αὐτὸν,

279 1062 366 1116 καὶ
406 1059 568 1122 εἰδὼς
613 1059 774 1123 πόθεν
825 1058 1222 1128 ἀνακαλέσηται
1268 1057 1368 1126 τὴν
1419 1055 1668 1131 Λαζάρου
1714 1056 1921 1130 ψυχήν·

283 1155 468 1224 μεῖζον
496 1146 555 1203 δὲ
581 1149 645 1202 τὸ
676 1144 894 1218 εἰδέναι,
938 1151 1045 1201 1106
1092 1146 1159 1215 ἦν
1210 1148 1246 1215 ἡ
1287 1146 1440 1220 ψυχὴ
1470 1146 1605 1217 (57),
1653 1148 1749 1198 106
1789 1140 1924 1198 εἶδέ-

279 1261 388 1306 ναι,
444 1237 551 1294 ποῦ
608 1234 781 1291 ἔκειτο
835 1236 898 1290 16
956 1239 1117 1308 σῶμα
1149 1254 1162 1266 ·
1224 1231 1370 1289 ἀλλὰ
1423 1230 1772 1310 ἀνθρωπίνως
1830 1230 1924 1285 έπ-

280 1328 469 1405 ηρώτα
526 1329 666 1400 (58),
718 1322 809 1379 ’ἕνα
865 1325 1056 1384 θεϊκῶς
1114 1322 1356 1398 ἀνεγείρῃ
1385 1366 1397 1378 .
1457 1321 1612 1375 Οὕτω
1676 1320 1766 1375 καὶ
1816 1324 1924 1374 τῶν

284 1419 542 1489 μαθητῶν
588 1413 903 1478 πυνθάνεται
951 1411 1123 1469 ἐλθὼν
1175 1411 1249 1473 εἷς
1294 1411 1361 1465 τὰ
1411 1411 1550 1485 μέρη
1593 1407 1925 1484 Καισαρείας,

280 1504 475 1579 καίπερ
530 1499 692 1564 εἰδὼς
741 1501 830 1556 καὶ
886 1501 1013 1576 πρὶν
1070 1500 1457 1575 ἀποκρίνασθαι
1514 1498 1608 1553 τὸν
1662 1499 1863 1574 Πέτρον
1906 1538 1920 1556 .

282 1593 347 1648 Εἴ
378 1593 480 1669 γὰρ
512 1592 540 1646 ὁ
574 1592 759 1666 Πατὴρ
808 1587 1122 1663 ἀπεκάλυψε
1165 1594 1246 1660 τῷ
1288 1591 1400 1662 (59)
1450 1588 1639 1663 Πέτρῳ
1686 1587 1809 1661 περὶ
1854 1588 1927 1640 ὧν

283 1683 312 1736 6
347 1683 543 1756 Κύριος
589 1680 929 1748 ἐπυνθάνετο,
979 1676 1149 1748 δῆλόν
1200 1675 1362 1747 ἐστιν,
1414 1676 1497 1732 ὅτι
1547 1674 1636 1730 διὰ
1675 1680 1771 1731 τοῦ
1803 1675 1930 1730 Υἷοῦ

280 1772 496 1848 γέγονεν
549 1772 583 1839 ἡ
641 1767 1004 1842 ἀποκάλυψις·
1066 1764 1254 1829 Οὐδεὶς
1310 1765 1410 1843 γὰρ
1469 1763 1585 1820 οἶδε
1638 1766 1729 1820 τὸν
1784 1765 1929 1834 Υὶὸν,

284 1859 471 1936 φησὶν,
523 1859 571 1913 εἱ
624 1859 701 1931 μὴ
759 1857 788 1912 6
844 1858 1054 1931 Πατὴρ,
1112 1854 1203 1910 καὶ
1254 1856 1346 1909 τὸν
1377 1854 1607 1929 Πατέρα,
1667 1854 1712 1908 εί
1770 1854 1846 1927 μὴ
1903 1855 1931 1908 6

288 1949 410 2011 Υἱὸς
443 1991 460 2020 ,
518 1947 610 2002 καὶ
669 1948 715 2019 ᾧ
772 1945 859 2001 ἐὰν
920 1944 1052 2019 θέλῃ
1108 1945 1137 1999 6
1194 1943 1319 2007 Υἱὸς
1386 1942 1734 2017 ἀποκαλύψαι
1793 1945 1927 2016 (60).

282 2038 347 2093 Εἰ
383 2035 439 2091 δὲ
473 2034 545 2090 δι’
576 2037 703 2090 Υἳοῦ
732 2036 766 2105 ἠ
793 2055 851 2089 τε
877 2038 975 2090 106
1022 2033 1233 2109 Πατρὸς
1277 2034 1367 2087 καὶ
1416 2036 1512 2087 106
1558 2033 1686 2086 I‘io6
1734 2036 1931 2106 γνῶσις

288 2124 755 2196 ἀποκαλύπτεται,
786 2122 886 2178 οὐκ
916 2118 1225 2198 ἀμφίϐολον
1276 2122 1350 2183 ὡς
1401 2120 1559 2183 αὐτὸς
1611 2121 1638 2174 6
1669 2118 1930 2174 πυνθανό-

290 2237 451 2288 μενος
486 2213 710 2290 Κύριος,
748 2212 1011 2288 πρότερον
1058 2209 1413 2283 ἀποκαλύψας
1442 2214 1522 2282 τῷ
1573 2211 1761 2284 Πέτρῳ
1790 2208 1936 2282 παρά

284 2310 385 2360 106
433 2307 547 2377 (61)
604 2302 853 2376 Πατρὸς,
919 2300 1137 2376 ὕστερον
1191 2297 1540 2374 ἀνθρωπίνως
1591 2298 1931 2362 ἐπυνθάνετο·

282 2391 379 2447 ἵνα
407 2391 496 2446 καὶ
524 2395 687 2446 τοῦτο
719 2386 883 2463 δείξῃ,
915 2387 997 2443 ὅτι
1043 2392 1309 2458 σαρκικῶς
1355 2386 1776 2461 πυνθανόμενος,
1816 2383 1936 2460 ᾔδει

288 2485 487 2546 θεῖκῶς
521 2479 556 2534 ἃ
583 2472 785 2552 ἔμελλε
827 2476 1000 2552 λέγειν
1035 2477 1063 2531 6
1098 2476 1319 2553 Πέτρος·
1374 2473 1516 2531 οἶδεν
1568 2477 1670 2551 ἄρα
1714 2477 1742 2529 6
1796 2476 1938 2546 Υἱὸς,

286 2571 573 2647 γινώσκων
628 2568 695 2622 τὰ
750 2565 943 2639 πάντα,
975 2565 1065 2621 καὶ
1124 2565 1406 2641 γινώσκων
1458 2565 1550 2619 τὸν
1600 2565 1793 2619 ἑαυτοῦ
1834 2570 1939 2619 Πα-

286 2660 422 2735 τέρα
453 2660 589 2733 (62),
619 2655 689 2725 ἧς
734 2655 985 2730 γνώσεως
1035 2651 1158 2709 οὔτε
1210 2658 1393 2727 μεῖζον
1439 2653 1562 2709 οὕτε
1604 2651 1939 2727 τελειότερον

290 2745 353 2801 ἄν
386 2767 439 2801 τι
468 2746 702 2820 γένοιτο.

366 2836 460 2893 47.
508 2832 684 2890 Ἰκανᾶ
745 2832 837 2906 μὶν
892 2828 983 2885 οὖν
1041 2824 1211 2885 ταῦτα
1266 2829 1401 2905 πρὸς
1459 2824 1687 2905 ἔλεγχον
1742 2828 1939 2885 αὐτῶν·

293 2918 616 2995 ἐϐουλόμην
659 2918 716 2975 δὶ
768 2920 1039 2995 ἐρωτῆσαι
1086 2918 1361 2993 (62⁸),Ἱνα
1407 2920 1497 2974 καὶ
1529 2918 1701 2981 οὕτως
1753 2918 1943 2993 ἐχθροὶ

297 3009 518 3086 μᾶλλον
564 3014 666 3076 τῆς
716 3007 977 3079 ἀληθείας
1026 3004 1374 3063 δεικνύωνται
1422 3007 1510 3062 καὶ
1544 3007 1941 3086 χριστομάχοι.

294 3083 360 3159 Ὁ
393 3098 735 3161 Ἀπόστολος
767 3097 818 3152 ἐν
863 3100 932 3171 τῇ
979 3094 1200 3171 δευτέρᾳ
1237 3096 1373 3173 πρὸς
1420 3083 1742 3170 Κορινθίους
1791 3097 1946 3152 Ἐπι-

2033 625 2167 664 cum
2200 610 2279 665 sit
2308 609 2367 665 in
2402 610 2568 667 Patre
2598 612 2849 668 Verbum
2880 619 2937 669 et
2984 614 3303 686 Sapientia,
3349 621 3671 675 secundum

2033 697 2398 755 divinitatem
2446 701 2626 765 novit,
2678 700 2938 773 nihilque
2986 720 3228 775 prorsus
3273 710 3545 779 estquod
3580 726 3673 765 ne.

2034 786 2199 843 sciat.
2232 787 2325 844 Sic
2358 788 2428 843 de
2458 789 2693 859 Lazaro,
2726 795 2791 845 ut
2821 789 2995 847 homo
3025 792 3368 866 interrogat,
3398 812 3531 851 cum
3593 801 3679 854 ta-

2034 892 2167 932 men
2199 876 2345 949 ipse,
2375 881 2438 932 ut
2467 893 2600 933 eum
2633 894 2668 933 a
2697 879 2946 935 mortuis
2976 881 3270 953 excitaret,
3302 887 3679 956 progredere-

2034 968 2152 1033 tur,
2185 964 2476 1036 sciretque
2509 965 2802 1021 undenam
2833 966 3095 1024 animam
3149 972 3278 1041 ejus
3336 978 3632 1030 revocaret
3664 993 3677 1033 :

2035 1052 2198 1124 atqui
2216 1054 2330 1124 maj
2343 1070 2410 1109 us
2426 1052 2651 1125 aliquid
2669 1060 2759 1110 est
2775 1071 3123 1126 cognoscere
3140 1058 3379 1117 ubinam
3394 1061 3465 1117 sit
3480 1064 3679 1120 anima

2036 1157 2213 1211 quam
2249 1141 2348 1196 ubi
2378 1157 2590 1213 corpus
2611 1142 2822 1213 jaceat.
2856 1144 3088 1215 Verum,
3134 1151 3427 1217 quatenus
3483 1151 3682 1223 homo,

2037 1230 2620 1301 percunctabatur,ut
2639 1232 2818 1287 vitam
2842 1232 3056 1289 Lazaro
3077 1239 3357 1308 tanquam
3380 1239 3535 1296 Deus
3560 1242 3685 1296 red-

2037 1318 2218 1373 deret.
2252 1318 2347 1374 Sic
2376 1318 2540 1387 item,
2575 1336 2709 1374 cum
2737 1320 2793 1375 in
2834 1328 3028 1392 partes
3078 1323 3347 1381 Caesareas
3405 1328 3680 1394 venisset,

2040 1408 2417 1479 interrogavit
2446 1407 2784 1480 discipulos,
2817 1411 3052 1467 tametsi
3084 1413 3140 1467 id
3173 1414 3244 1469 de
3273 1432 3389 1486 quo
3438 1416 3685 1473 interro-

2039 1496 2377 1567 gabat,ante
2410 1495 2563 1551 Petri
2590 1512 2939 1568 responsum
2971 1501 3400 1559 sciret.Etenim
3434 1506 3485 1560 si
3515 1506 3687 1561 Pater

2038 1588 2207 1641 Petro
2237 1602 2307 1640 ea
2330 1601 2460 1655 quae
2482 1586 2778 1657 quarebat
2797 1586 2978 1642 Filius
3004 1590 3414 1661 patefecit,non
3437 1594 3685 1650 dubium

2038 1678 2131 1731 est
2158 1673 2299 1745 quin
2341 1690 2441 1745 per
2471 1673 2682 1730 Filium
2716 1676 2935 1732 iuerint
2972 1679 3278 1749 patefacta.
3309 1682 3480 1738 Nemo
3506 1683 3685 1753 enim,

2042 1761 2252 1834 inquit,
2286 1763 2435 1819 novit
2465 1763 2669 1818 Filium
2696 1766 2810 1819 nisi
2837 1766 3020 1834 Pater,
3051 1775 3102 1822 et
3148 1773 3370 1825 Patrem
3423 1774 3540 1828 nisi
3595 1775 3688 1830 Fi-

2041 1852 2171 1917 lius,
2223 1854 2273 1907 et
2328 1852 2428 1907 cui
2478 1852 2651 1906 Filius
2702 1854 2937 1909 voluerit
2964 1855 3208 1912 revelare
3238 1858 3300 1914 “.
3337 1859 3604 1930 Proinde,
3636 1864 3687 1921 si

2041 1939 2230 1995 Patris
2259 1944 2318 1995 et
2353 1938 2473 1994 Filii
2500 1940 2754 2012 cognitio
2782 1958 2884 2012 per
2915 1942 3123 1999 Filium
3155 1945 3425 2016 habetur,
3485 1949 3686 2006 nullus

2040 2027 2348 2084 dubitandi
2374 2030 2535 2084 locus
2557 2031 2667 2097 est,
2701 2030 2843 2101 quin
2867 2031 2993 2102 ipse
3018 2033 3295 2089 Dominus
3316 2037 3417 2107 qui
3441 2038 3688 2095 interro-

2042 2117 2301 2190 gabat,id
2325 2118 2489 2188 prius
2510 2121 2682 2173 Petro
2703 2134 2771 2173 ex
2797 2123 2961 2173 Patre
2984 2120 3338 2190 revelaverit,
3362 2126 3689 2199 deindeque

2047 2210 2110 2261 ut
2140 2205 2314 2261 homo
2345 2206 2805 2278 interrogaverit,
2837 2223 2952 2279 quo
3001 2210 3430 2268 demonstraret
3476 2230 3562 2283 ea,
3622 2215 3693 2271 de

2047 2294 2263 2367 quibus
2319 2294 2644 2350 secundum
2703 2311 2936 2352 carnem
2998 2297 3430 2368 sciscitabatur,
3478 2308 3535 2358 et
3566 2320 3694 2376 quis

2052 2386 2250 2441 Petrus
2280 2389 2404 2440 erat
2432 2385 2721 2455 dicturus,
2756 2402 2818 2441 se
2847 2388 3168 2443 secundum
3202 2391 3565 2450 divinitatem
3599 2411 3695 2451 co-

2049 2474 2213 2547 gnita
2240 2473 2475 2529 habere.
2509 2473 2833 2530 Fatendum
2866 2492 3003 2548 ergo
3062 2482 3152 2534 est
3201 2478 3301 2534 illa
3354 2484 3697 2553 cognovisse

2054 2562 2285 2631 Filium,
2344 2561 2445 2633 qui
2494 2579 2703 2635 nempe
2732 2564 2931 2619 omnia
2962 2572 3019 2620 et
3047 2581 3221 2622 suum
3257 2568 3484 2625 Patrem
3517 2573 3697 2639 novit,

2052 2668 2170 2724 qua
2202 2651 2389 2706 Patris
2419 2651 2755 2722 cognitione
2784 2650 2931 2707 nihil
2965 2670 3105 2709 sane
3137 2656 3332 2726 majus
3361 2664 3462 2713 aut
3508 2662 3695 2731 perfe-

2051 2738 2203 2796 ctius
2234 2754 2363 2794 esse
2390 2742 2597 2811 potest.

2123 2829 2212 2883 47.
2244 2828 2316 2884 Et
2345 2827 2465 2883 hinc
2496 2826 2730 2897 quidem
2764 2827 3067 2886 sufﬁciunt
3087 2832 3156 2886 ad
3179 2830 3312 2889 illos
3334 2833 3501 2906 plene
3532 2836 3697 2892 relcl—

2053 2917 2280 2974 lendus.
2316 2915 2548 2972 Liberet
2581 2920 2776 2972 tamen
2808 2917 2928 2974 haec
2958 2922 3033 2974 ab
3061 2918 3182 2975 illis
3214 2923 3528 2995 requirere,
3581 2943 3697 2999 quo

2054 3005 2383 3062 evidentius
2439 3005 2518 3061 sit
2573 3021 2672 3060 eos
2730 3010 2789 3061 et
2826 3007 3088 3064 veritatis
3118 3012 3176 3064 et
3204 3009 3418 3067 Christi
3446 3015 3701 3069 nefarios

2056 3096 2254 3152 hostes
2282 3110 2412 3151 esse
2443 3111 2456 3149 :
2491 3094 2713 3151 scilicet
2739 3094 3055 3167 Apostolus
3100 3100 3359 3155 secunda
3396 3102 3469 3157 ad
3498 3102 3624 3159 Cori
3637 3123 3665 3158 ιι
3684 3136 3702 3146 -

296 3188 473 3263 στολῇ
541 3186 763 3265 γράφων
838 3184 998 3264 φησίν
1034 3205 1047 3218 ·
1106 3182 1245 3242 Οἶδα
1318 3182 1602 3260 ἄνθρωπον
1671 3184 1723 3241 ἐν
1784 3190 1887 3259 Χρι
1916 3217 1945 3228 -

2064 3184 2210 3240 lhies
2241 3181 2499 3256 Epistola
2527 3182 2607 3238 ita
2636 3183 2841 3239 scribit
2872 3201 2885 3240 ε
2918 3183 3041 3241 Scio
3071 3186 3352 3243 hominem
3382 3191 3444 3245 in
3490 3190 3703 3247 Christo

298 3283 414 3351 στῷ
448 3252 588 3350 (63).
625 3252 731 3352 π’ρὸ
787 3252 920 3330 έτίῖιν
980 3271 1377 3349 δεκατεσσάρων
1418 3252 1545 3328 ἐἴτε
1600 3272 1651 3329 ἐν
1711 3252 1945 3347 σώματι,

2064 3279 2186 3327 ante
2230 3286 2404 3326 annos
2432 3270 2847 3343 quatuordecim
2874 3274 2990 3329 sive
3019 3275 3079 3330 in
3106 3291 3354 3346 corpore,
3386 3281 3564 3335 nescio
3593 3297 3707 3337 sive

298 3368 405 3425 οὐκ
461 3364 586 3421 οἶδα
614 3410 633 3434 ,
693 3360 802 3419 εἷ’τε
874 3362 1026 3425 ἐκτὸς
1088 3366 1188 3418 τοῦ
1259 3364 1513 3437 σώματος
1546 3406 1561 3433 ,
1620 3362 1719 3418 οὐκ
1775 3358 1899 3417 οἴδα
1932 3380 1945 3394 ⁸

301 3459 331 3512 6
387 3456 518 3517 Θεὸς
574 3451 706 3510 οἶδε.
737 3452 801 3508 Τί
828 3453 1009 3508 τοίνυν
1066 3452 1197 3530 φατέ
1229 3471 1242 3522 ;
1279 3450 1418 3507 οἶδεν
1466 3452 1494 3506 6
1553 3451 1890 3515 Ἀπόστολος
1922 3451 1951 3506 ὃ

300 3546 568 3602 πέπονθεν
599 3541 651 3597 έν
699 3545 769 3616 τῇ
818 3541 1071 3612 ὀπτασίᾳ,
1099 3538 1198 3595 κᾶν
1247 3538 1402 3615 λέγῃ,
1457 3540 1557 3596 οὐκ
1599 3539 1742 3612 οἴδα,
1787 3540 1821 3609 ἢ
1856 3538 1955 3595 οὐκ

304 3620 450 3690 οἶδεν
482 3652 497 3703 ;
528 3632 596 3690 Ei
646 3631 742 3703 μὲν
793 3628 883 3687 οὖν
918 3629 1017 3685 οὐκ
1063 3626 1193 3699 οἶδε,
1237 3634 1507 3699 σκοπεῖτε,
1544 3630 1645 3702 μὴ,
1698 3625 1953 3702 μαθόντες

306 3724 551 3779 πίπτειν.
582 3719 783 3790 πέσητε
828 3718 919 3773 καὶ
972 3718 1047 3780 εἷς
1092 3718 1192 3787 τὴν
1222 3722 1329 3772 τῶν
1374 3722 1607 3793 Φρυγῶν
1639 3720 1753 3791 (6-1)
1785 3737 1958 3793 παρα-

303 3813 502 3885 νομίαν
533 3813 640 3864 τῶν
672 3806 936 3883 λεγόντων
974 3807 1050 3880 μὴ
1082 3803 1275 3861 εἷδέναι
1304 3807 1430 3869 τοὺς
1476 3808 1781 3884 προφήτας,
1818 3802 1962 3879 μηδὲ

306 3900 438 3964 τοὺς
467 3897 673 3960 ἄλλους
723 3896 849 3959 τοὺς
901 3893 1323 3966 διακονήσαντας
1368 3896 1460 3951 τὸν
1510 3894 1712 3971 Λόγον,
1761 3897 1898 3968 μήτε
1929 3893 1963 3950 ἃ

304 3993 551 4057 ποιοῦσι,
587 3989 728 4061 μήτε
757 3985 881 4059 περὶ
929 3985 1094 4039 τίνων
1138 3983 1597 4062 ἀπαγγέλλοὶηω·
1652 3984 1695 4040 εἰ
1747 3982 1804 4039 δὲ
1852 3981 1963 4039 οἶδε

306 4079 510 4153 λέγων,
571 4076 676 4132 οὐκ
730 4072 868 4130 οἶδα·
933 4074 1049 4151 εἶχε
1103 4075 1204 4150 γὰρ
1266 4072 1317 4129 ἐν
1378 4073 1552 4147 ἑαυτῷ
1606 4073 1700 4129 τὸν
1730 4074 1959 4151 Χριστὸν

384 4289 431 4324 ⁸⁸
462 4288 595 4345 Luc.
626 4304 685 4358 ι,
705 4287 798 4342 22.
873 4287 920 4321 ⁴⁴
949 4287 997 4343 ΙΙ
1027 4286 1156 4342 Cor.
1186 4303 1289 4356 xu,
1319 4286 1375 4341 2.

387 4494 466 4565 (5)
497 4492 715 4566 Regius
771 4490 1000 4566 primus
1046 4494 1117 4566 _et
1171 4489 1587 4566 Seguerianus,
1613 4492 1723 4545 τῶν
1755 4488 1966 4566 ἀνθρώ-

314 4562 463 4648 πων.
486 4570 549 4619 In
581 4562 711 4652 aliis
735 4562 795 4618 et
822 4563 996 4645 editis
1027 4564 1203 4652 deest.
1217 4562 1552 4652 153v.£aplo
1585 4562 1969 4652 poshlteg‘igs

318 4609 552 4711 ὗῆὲέιὶιῐ
581 4609 1318 4711 ’ἑῖἓθέἰιὲἷξξέιιξ,”θὲἓέιῖέ
1336 4609 1968 4711 ’δὲ,“ᾆ”τῖῑῖ”ἰῖᾶἓέῖ’ξ›δ
2005 4609 2048 4671 θ

317 4700 522 4833 Ξὶὲγος.
558 4705 667 4762 Alii
723 4700 781 4763 Et
835 4705 996 4772 editi,
1026 4700 1219 4766 θεῖκῶς
1253 4702 1330 4776 δὲ,
1363 4700 1436 4757 ὢν
1469 4703 1520 4757 ἐν
1550 4700 1629 4775 τῷ
1673 4700 1842 4781 Πατρὶ
1893 4704 1968 4767 ὡς

400 4797 519 4833 voc.

320 4788 519 4840 Λόγος.

394 4845 507 4923 (56)
537 4854 675 4923 Reg.
710 4850 762 4917 1,
793 4847 1286 4923 Seguer._Gobler.
1319 4849 1378 4923 e_t
1425 4845 1678 4923 Felclrm.
1712 4848 1736 4902 1
1790 4850 1965 4923 ornit-

316 4918 457 4978 tunt
485 4920 535 4974 ὁ.
565 4918 695 4976 Mox
727 4921 939 4991 Regius
966 4920 1213 4991 primus
1241 4923 1298 4991 et
1335 4918 1748 4990 Seguerianus,
1779 4919 1969 4974 ἀνακα-

316 4992 572 5061 λέσηται.
608 4991 719 5046 Alii
754 4987 996 5057 etiiediti',
1030 4987 1433 5044 ἀνακαλέσεταιῖ

414 5060 509 5135 57)
544 5063 916 5135 Felckmanni
947 5063 1244 5117 secundus
1275 5066 1333 5117 et
1348 5060 1525 5116 editio
1549 5060 1972 5135 C0mmel_,,1106

320 5138 367 5209 ἡ,
389 5131 570 5209 ψυχή.
604 5141 730 5190 Mox
763 5134 976 5209 Regius
998 5135 1231 5209 primus
1263 5138 1320 5188 et
1361 5134 1774 5209 rgeguerianus,
1800 5131 1971 5189 ἔκειτο

319 5198 384 5261 τὸ
404 5198 597 5279 σῶμα.
629 5209 702 5262 At
732 5204 831 5261 alii
845 5198 918 5261 ἴθι
946 5198 1109 5269 editi,
1140 5198 1523 5279 ἔκειτο-σῶμα.

539 5278 802 5362 ὥρμεε.
838 5279 889 5343 1,
921 5281 1159 5362 Segu‘er;
1190 5273 1437 5362 Gobler.;
1456 5280 1513 5331 et
1540 5273 1793 5357 Felckm.
1832 5277 1975 5362 μῆλα

321 5346 421 5406 alii
455 5346 513 5406 et
541 5351 704 5418 editi,
735 5346 1002 5420 ξπερωτᾷ.
1029 5347 1257 5420 ibidem
1292 5346 1518 5420 Regius,
1535 5346 1764 5420 primus
1794 5352 1851 5402 et
1879 5348 1977 5403 Se-

321 5416 699 5494 guerianus,
731 5416 843 5494 ’τίνα’
874 5416 969 5472 καὶ
1020 5418 1251 5494 eamne.
1296 5416 1424 5494 Mog
1479 5416 1867 5494 Goblerianus
1920 5423 1978 5475 et

322 5489 704 5551 Felckmanni
735 5491 985 5564 primus,
1012 5489 1159 5564 παρὰ
1184 5492 1293 5542 τῶν
1322 5489 1594 5564 μαθητῷν.

395 5566 511 5637 (59)
544 5564 639 5637 Sic
664 5559 909 5634 uterque
941 5559 1158 5635 Regiizs
1187 5566 1246 5618 et
1300 5559 1712 5632 Seguerianus.
1746 5564 1820 5615 At
1876 5559 1975 5615 alii

324 5643 384 5693 et
412 5636 557 5693 editi
587 5638 668 5707 τῷ
699 5637 999 5691 omittunt.

395 5709 512 5783 (60)
542 5698 685 5781 Reg.
720 5708 773 5779 1,
799 5710 1034 5781 Seguer.
1069 5703 1298 5761 Gobler.
1334 5705 1393 5760 et
1419 5702 1674 5760 Felckm.
1708 5703 1760 5773 1,
1787 5701 1833 5775 ᾧ
1862 5698 1923 5757 ἂν
1946 5701 1975 5756 ὁ

2058 3369 2220 3418 extra
2249 3378 2461 3432 corpus,
2494 3362 2695 3431 nescio,
2729 3362 2868 3419 Deus
2889 3364 2992 3419 scit
3017 3364 3083 3420 “.
3116 3364 3263 3429 Quid
3294 3383 3432 3440 ergo
3463 3368 3558 3426 hic
3613 3371 3704 3426 di-

2061 3450 2191 3507 citis
2215 3450 2241 3505 ?
2269 3450 2434 3506 Novit
2463 3450 2781 3521 Apostolus
2804 3451 2944 3523 quid
2975 3452 3087 3509 sibi
3108 3454 3167 3509 in
3197 3454 3420 3512 visione
3449 3458 3707 3532 contige-

2063 3539 2313 3607 rit,licet
2340 3539 2517 3604 dicat,
2538 3539 2862 3608 nescio,vel
2890 3557 3005 3597 non
3034 3543 3221 3599 novit?
3236 3544 3295 3600 Si
3329 3563 3444 3602 non
3476 3547 3710 3605 novisse

2065 3629 2219 3685 473
2251 3628 2638 3700 respondetis,
2671 3629 2862 3684 videte
2893 3646 2963 3686 ne
3010 3632 3308 3690 erroribus
3352 3637 3596 3707 assueti,
3653 3638 3712 3692 in

2066 3719 2359 3789 Phrygum
2392 3733 2625 3788 quoque
2648 3716 3006 3789 impietatem
3027 3720 3301 3777 incidatis
3324 3724 3713 3797 (65),quorum

2070 3822 2279 3876 nempe
2308 3804 2603 3861 sententia
2631 3810 2721 3861 est
2745 3807 3058 3878 prophetas
3080 3813 3137 3863 et
3156 3808 3301 3866 alias
3332 3811 3499 3868 Verbi
3529 3814 3718 3869 admi-

2070 3894 2290 3950 nistros
2324 3894 2590 3964 ignorare
2619 3899 2745 3948 tum
2776 3910 2844 3949 ea
2871 3911 2998 3967 quas
3030 3902 3232 3969 agunt,
3264 3904 3391 3954 tum
3435 3917 3563 3972 quin
3613 3918 3717 3956 an-

2075 3982 2368 4039 nuntiant.
2402 3984 2565 4049 Quod
2598 3982 2647 4038 si
2680 3988 2880 4039 nosset
2907 4000 3041 4039 cum
3073 3985 3239 4053 dixit,
3268 3990 3478 4058 nescio,
3502 3989 3721 4062 quippe

2074 4072 2175 4145 qui
2206 4071 2503 4128 Christum
2536 4070 2595 4125 in
2626 4072 2817 4144 seipso
2849 4071 2962 4128 sibi
3019 4074 3218 4130 omnia
3273 4077 3717 4147 patefacientem

2078 4488 2204 4573 Υἱδς
2221 4484 2832 4573 Δδιτιιςοκαλύηψιῃ.Εάἰίίλῷ
2864 4486 2951 4573 ἒίὶν
2976 4486 3107 4573 θέλῃ
3141 4490 3170 4548 6
3200 4494 3324 4559 Υἱὸς
3356 4494 3727 4573 ἀποκαλύψαι.

2145 4563 2267 4645 ⁵(61)
2297 4562 2646 4645 Si‘qpririius
2679 4565 2859 4645 codle
2887 4562 3098 4639 Regius
3128 4574 3184 4623 ct
3213 4562 3634 4642 Seguerianusf
3659 4574 3731 4627 At

2082 4632 2268 4708 aliiet
2296 4632 2458 4708 editi,
2491 4632 2556 4687 τὰ
2585 4633 2732 4708 παρὰ
2758 4638 2881 4691 106.

2150 4704 2264 4787 (62)
2292 4706 2553 4787 SicUReg.
2589 4708 2639 4773 1,
2666 4704 2922 4787 Seg_uer.,
2954 4708 3182 4787 Gobler.
3215 4715 3274 4766 et
3302 4712 3556 4787 Ij‘elclgm.
3589 4714 3639 4769 1.
3660 4717 3727 4787 ᾼί

2079 4776 2174 4831 alii
2207 4776 2265 4831 et
2288 4777 2469 4856 editio
2498 4776 2962 4856 (iornnleliniana
2992 4776 3132 4835 οἶδεν
3164 4799 3264 4854 αρα
3308 4782 3336 4835 6
3390 4782 3514 4844 Υἱὸς
3562 4782 3725 4856 γινώ-

2079 4867 2218 4901 σκων
2250 4847 2341 4900 τὸν
2376 4847 2566 4901 ἑαυτοῦ
2596 4847 2828 4920 Πατέρα.

2321 4921 2413 5011 ξὶο
2471 4922 2726 5011 primus.
2745 4919 2933 5011 cougx
2955 4923 3202 5011 “Regius
3237 4923 3728 5011 etSegnei-ianus.

2087 4988 2232 5066 [siditi
2266 4988 2551 5066 autem—et
2582 4991 2830 5066 Felclgm.
2863 4995 2918 5058 2,
2952 4988 3009 5066 δὲ
3039 4988 3103 5045 a6
3133 4988 3421 5066 ἐρωτῆσαί
3442 4995 3555 5052 Alii
3585 5012 3731 5052 mss.

2083 5058 2140 5115 δὲ
2171 5060 2364 5141 αὐτους
2397 5060 2693 5141 ἐρωτῆσαι.
2724 5065 2852 5141 Mox
2886 5065 3110 5141 primus
3145 5058 3323 5141 «Sodeit
3356 5067 3594 5141 Regius,
3631 5072 3730 5123 Se-

2082 5151 2245 5261 gnior.
2308 5134 2534 5216 Anglic.
2594 5134 2825 5190 Gobler.
2858 5141 2914 5190 et
2966 5135 3218 5224 Fel’ckm.
3256 5139 3305 5206 1,
3361 5134 3730 5193 δεικνύωνται.

2104 5206 2461 5261 ‘elckmanni
2520 5207 2838 5261 secundus.
2895 5201 3299 5261 δεικνυσωνται.
3361 5210 3619 5261 Felekm-
3678 5212 3730 5261 5.

2127 5201 2461 5278 elckmanni
2520 5201 3300 5278 secundus,6€_txv60'mv1ati
3361 5210 3619 5268 Felckm.
3678 5212 3733 5278 5,

2086 5274 2482 5351 δειχθῆτωσαν.
2514 5276 2635 5351 Alii
2655 5282 2712 5331 et
2745 5275 2904 5345 editi,
2940 5273 3351 5351 δειχθήσονται.

2087 5294 2163 5329 ou
2212 5294 2482 5344 υητωσαν.
2514 5294 2622 5331 All]
2655 5294 2712 5331 et
2745 5294 2904 5345 eam,
2940 5294 3351 5351 οειχθησονται.

2087 5423 2131 5472 Χ
2158 5294 2519 5431 ὦϐῌίθείυε
2552 5349 2780 5419 primus
2825 5352 2881 5402 et
2927 5348 3319 5420 b‘eguerianus
3350 5351 3655 5423 omittunt,
3685 5348 3736 5405 ἐν

2145 5437 2331 5472 οιστω.

2141 5437 2331 5491 ριστψ-

2158 5490 2269 5561 (64)
2296 5493 2432 5561 Reg;
2468 5489 2491 5543 1
2529 5494 2586 5544 et
2630 5493 2888 5560 Seguer.,
2937 5488 3196 5561 μαθόντες
3251 5492 3470 5548 πίπτειν
3527 5499 3740 5548 πεσεῖτε

2086 5559 2174 5614 καὶ
2210 5560 2285 5637 εἰς
2314 5559 2555 5637 τήνητᾶξν
2605 5559 2869 5637 Φρυγῷν.Δ
2891 5559 3090 5637 Cisteri
3138 5569 3194 5617 et
3244 5566 3407 5637 editi,
3443 5566 3739 5637 μανθάνον-

2085 5650 2172 5692 τες
2192 5631 2437 5707 Δπίπτειν,
2468 5630 2671 5707 πέσητε
2699 5630 2790 5707 καὶ
2825 5631 2901 5693 είς
2931 5633 3041 5707 τήν
3064 5636 3327 5707 Ψρυγῶν.

2159 5705 2271 5779 (65)
2305 5704 2446 5761 Vide
2476 5703 2709 5778 Epiph.,
2744 5704 2947 5761 haeres.
2982 5704 3071 5762 48.
