4074 6348
395 409 510 468 423
985 408 1050 468 S.
1098 408 1524 470 ATHANASII
1569 403 1740 470 OPP.
1787 405 1988 467 PARS
2033 402 2081 466 Ι.
2125 437 2200 448 -—-
2232 401 2647 466 HlSTORlCA
2691 401 2792 465 ET
2834 397 3309 466 DOGMATICA.
3691 405 3808 465 424

399 541 640 597 haberet
671 558 684 597 :
718 557 914 596 annon
946 557 1142 596 revera
1169 543 1499 612 ,perversus
1558 545 1617 598 et
1671 540 2040 596 damnatione

2160 532 2616 590 ἀποκαλύπτοντα
2672 536 2808 608 (65‘)
2855 533 3004 606 αὐτῷ
3058 535 3125 588 τὰ
3154 535 3342 590 πάνταο
3385 538 3504 598 πῶς
3535 534 3635 591 οὐκ
3661 535 3808 608 ἆΛη-

396 645 500 701 per
555 643 618 685 se
673 629 1059 701 dignissimus
1105 634 1196 684 est
1225 628 1323 683 Dei
1364 628 1625 684 hostium
1656 629 1911 694 animus,
1946 626 2040 699 qui

2157 623 2264 684 θῶς
2321 621 2726 697 ἐξεστραμμένη
2777 628 2882 678 τῶν
2930 624 3224 698 θεομάχων
3273 623 3363 677 καὶ
3411 622 3804 701 αὐτοκατάκρι-

394 717 726 791 apostolum
757 717 1067 785 dicentem,
1101 719 1300 781 nescio,
1336 717 1486 773 scire
1515 717 1701 787 aiunt,
1733 721 1790 773 et
1845 715 2040 772 Domi-

2153 711 2245 774 τὸς
2304 710 2444 766 ἐστιν
2501 711 2674 767 αὐτῶν
2708 715 2743 781 ἡ
2775 709 2969 786 καρδία
3005 713 3138 780 ςτὸν
3202 712 3296 784 μὶν
3356 711 3660 769 ἀπόστολον
3714 712 3805 768 λέ-

398 823 542 862 num
576 805 851 864 similiter
880 805 1635 874 dicentem,nescio,nescire
1656 805 2040 862 contendunti

2153 821 2333 877 γοντα,
2376 799 2479 855 οὐκ
2534 797 2678 872 οἶδα,
2727 799 2978 876 λέγουσιν
3027 804 3140 874 (66)
3187 798 3404 872 εἰδέναι,
3452 803 3544 857 τὸν
3592 799 3649 857 δὲ
3697 802 3804 858 Κύ-

392 895 538 952 Nam
571 895 620 951 si
653 912 720 952 co
749 895 905 968 quod
936 894 1204 951 Christus
1234 895 1292 949 in
1326 893 1425 951 illo
1455 895 1806 966 esset,scivit
1828 891 2046 950 Paulus

393 1001 462 1040 eo
492 1001 619 1056 qua
649 999 712 1039 se
742 985 938 1040 nescio
969 983 1063 1056 {ait
1121 1001 1135 1040 :
1195 1000 1388 1040 annou
1447 983 1632 1040 multo
1691 982 1881 1056 magis
1937 980 2050 1038 scit

396 1071 686 1139 Christus,
717 1070 854 1129 licet
873 1089 936 1129 se
962 1073 1188 1130 nescire
1218 1073 1418 1129 dicat?
1447 1077 1650 1144 Itaque
1680 1073 1912 1129 Christo
1944 1087 2047 1144 pa-

394 1159 722 1230 tefaciente,
783 1163 1023 1216 noverat
1049 1160 1366 1232 Apostolus
1397 1159 1537 1232 quid
1569 1160 1681 1216 sibi
1706 1159 1997 1216 evenisset
2029 1175 2043 1214 :

394 1247 685 1320 siquidem
707 1247 924 1304 idcirco
949 1249 1074 1321 ipse
1098 1249 1200 1316 ait,
1225 1249 1346 1306 Scio
1367 1249 1638 1305 hominem
1661 1251 1720 1305 in
1745 1248 1962 1304 Christo
1980 1247 2045 1302 “.

397 1337 542 1394 Nam
575 1337 673 1409 qui
699 1337 996 1394 hominem
1023 1350 1258 1394 noverat
1281 1355 1392 1394 non
1419 1355 1560 1395 sane
1587 1338 1895 1410 ignorabat
1913 1353 2050 1408 quo-

395 1443 533 1482 nam
567 1427 736 1482 modo
766 1431 970 1500 raptus
1002 1427 1210 1482 fuisset
1238 1427 1335 1483 ille
1364 1428 1560 1484 homo.
1610 1427 1854 1483 Elisznus
1904 1425 2046 1482 item

395 1515 494 1587 qui
527 1514 714 1571 Etiam
743 1515 803 1571 in
836 1515 1047 1572 cmlum
1081 1515 1208 1588 rapi
1237 1516 1400 1586 vidit,
1434 1520 1672 1572 noverat
1699 1533 1842 1572 sane
1895 1533 2051 1588 quo-

397 1603 571 1660 modo
629 1609 971 1677 assumptus
1030 1613 1186 1661 esset
1217 1623 1231 1662 :
1263 1609 1518 1661 attamen
1548 1603 1814 1677 quamvis
1841 1605 1900 1660 id
1933 1623 2049 1663 non

389 1693 848 1764 ignoraretﬁliis
877 1693 1298 1766 prophetarum
1331 1692 1751 1750 arbitrantibus
1781 1693 1964 1750 Eliam
1989 1695 2050 1752 in

392 1781 650 1853 aliquem
681 1783 969 1838 montium
1001 1801 1034 1838 a
1062 1783 1278 1854 Spiritu
1308 1783 1632 1854 projectum
1665 1783 1869 1852 fuisse,
1925 1783 2048 1858 ille,

391 1871 657 1943 inquam,
689 1871 794 1944 qui
823 1871 991 1927 initio
1027 1877 1263 1928 noverat
1293 1871 1448 1943 quod
1482 1871 1728 1941 viderat,
1759 1888 1946 1944 eaque
1976 1875 2049 1930 de

391 1975 454 2014 re
486 1957 618 2015 illos
649 1959 864 2014 fecerat
893 1959 1194 2028 certiores,
1218 1959 1434 2014 iisddm
1466 1959 1802 2032 importune
1834 1977 2049 2033 urgen-

393 2047 554 2104 tibus
585 2053 642 2104 et
671 2048 1413 2120 cogentibus,contibuit,et
1440 2048 1601 2104 abire
1632 2048 1769 2105 sivit
1796 2049 1860 2106 ‘°.
1892 2050 2046 2106 Num

391 2152 529 2208 ergo
561 2136 701 2208 quia
727 2137 1031 2206 conticuit,
1065 2137 1355 2194 nescivit?
1383 2141 1546 2193 Certe
1577 2138 1745 2193 scivit
1777 2155 1791 2194 :
1822 2139 1919 2194 sed
1947 2155 2049 2196 eos

394 2225 566 2297 quasi
595 2241 718 2281 rem
749 2226 875 2298 ipse
905 2225 1407 2294 nesciret,dimisit
1439 2231 1500 2282 ut
1519 2227 1755 2282 tandem
1779 2227 2047 2300 persuasi

394 2329 510 2369 non
534 2313 788 2384 amplius
807 2314 877 2369 de
897 2314 1033 2369 Elite
1057 2315 1460 2387 assumptione
1477 2314 2044 2386 ambigerent.Multo

391 2402 573 2475 igitur
601 2403 790 2474 magis
822 2402 1191 2474 Paulus,ipse
1207 2408 1678 2476 raptus,noverat
1695 2403 1872 2459 etiam
1899 2421 2044 2477 quo-

393 2507 531 2547 nam
565 2491 738 2547 modo
767 2496 973 2564 raptus
1018 2491 1246 2548 fuisset.
1308 2497 1569 2563 Namque
1626 2493 1683 2547 id
1743 2493 1856 2565 ipsi
1909 2493 2043 2549 Elia

395 2579 640 2635 minime
698 2579 892 2647 latuit,
943 2579 1023 2636 ita
1081 2587 1146 2636 ut
1196 2581 1246 2636 si
1286 2581 1420 2652 quis
1451 2599 1584 2637 eum
1618 2581 1726 2637 hac
1757 2582 1826 2636 de
1859 2599 1918 2637 re
1949 2583 2045 2637 in-

393 2669 1062 2740 terrogasset,potuisset
1086 2669 1289 2741 utique
1313 2687 1569 2736 narrare,
1589 2685 1845 2741 quonam
1871 2671 2045 2726 modo

391 2756 602 2813 fuisset
629 2764 993 2828 assumptus.
1027 2758 1136 2813 Sed
1170 2763 1366 2814 tamen
1425 2757 1644 2814 Paulus
1701 2775 1764 2815 se
1821 2759 2044 2815 nescire

389 2850 659 2916 testatur,
719 2846 888 2915 duas,
951 2853 1015 2902 ut
1071 2863 1178 2919 ego
1237 2848 1474 2919 quidem
1537 2863 1665 2903 reor
1704 2848 1778 2903 ob
1809 2863 2045 2905 causas.

391 2935 607 3003 Primo,
641 2940 704 2990 ut
732 2935 858 3008 ipse
887 2935 1134 3001 dixit,ne
1166 2936 1301 3008 quis
1333 2936 1625 2992 visionum
1683 2935 2042 3008 excellentia,

391 3025 676 3096 majorem
707 3041 837 3082 eam
866 3030 1097 3097 putaret
1125 3042 1254 3081 esse
1285 3042 1463 3098 quam
1487 3025 1642 3097 quod
1669 3025 1910 3082 videret.
1932 3031 2042 3082 De-

390 3113 549 3181 inde,
583 3113 1058 3186 quandoquidem
1093 3113 1358 3170 Salvator
1399 3130 1462 3170 se
1516 3114 1737 3170 nescire
1795 3114 2042 3181 dixerat,

391 3200 548 3256 idem
579 3199 750 3256 illum
782 3201 1026 3258 decebat
1055 3202 1266 3270 dicere,
1299 3219 1373 3258 ne
1403 3219 1608 3259 servus
1639 3219 1819 3276 supra
1847 3203 2042 3259 domi-

2157 909 2273 966 ριον
2307 887 2552 966 λέγοντα,
2585 889 2684 944 οὐκ
2738 886 2878 960 οἶδα,
2927 887 3147 964 λέγουσι
3200 889 3276 961 μή
3311 885 3506 944 εἰδέναι
3539 909 3553 960 ;
3585 887 3647 946 El
3677 890 3802 968 γὰρ,

2157 975 2344 1046 ἐπειδὴ
2377 980 2490 1051 (67)
2523 979 2756 1052 Χριστὸς
2804 978 2869 1045 ἦν
2903 975 2952 1030 έν
2985 975 3150 1048 αύτῷ,
3184 973 3324 1031 οἶδεν
3353 978 3382 1031 6
3413 976 3634 1040 Παῦλος
3667 981 3802 1055 ἅπερ

2157 1065 2322 1142 λέγει,
2351 1065 2450 1121 οὐκ
2488 1064 2626 1122 οἶδαο
2671 1071 2788 1128 πῶς
2839 1065 2969 1140 οὐχὶ
3019 1065 3231 1138 μᾶλλον
3276 1065 3437 1129 αὐτὸς
3487 1068 3515 1122 6
3568 1068 3804 1142 Χριστὸς

2157 1153 2288 1227 οἶδε,
2337 1154 2432 1210 κᾶν
2479 1154 2634 1232 λέγῃ,
2695 1153 2792 1210 οὐκ
2849 1152 2968 1209 οἶδα
2996 1173 3010 1224 ;
3041 1155 3099 1208 '0
3156 1155 3252 1227 μέν
3316 1154 3406 1208 οὖν
3466 1155 3803 1219 Ἀπόστολος

2157 1243 2636 1306 ἀποκαλύπτοντος
2691 1243 2837 1317 αὐτῷ
2889 1247 2988 1299 τοῦ
3045 1243 3243 1319 Κυρίου
3305 1248 3412 1316 (68)
3461 1241 3602 1300 οἶδεν
3636 1245 3666 1298 ’ὀ
3705 1245 3804 1300 πέ·

2157 1337 2356 1390 πονθε’
2417 1331 2507 1389 διὰ
2557 1338 2720 1389 τοῦτο
2770 1334 2872 1410 γὰρ
2930 1333 3019 1387 καί
3082 1353 3266 1410 φησιν,
3327 1330 3460 1388 Οἶδα
3517 1331 3800 1410 ἄνθρωπον

2159 1421 2211 1477 έν
2245 1424 2480 1498 Χριστῷσ
2514 1420 2674 1485 εἰδὼς
2706 1419 2763 1477 δέ
2791 1423 2882 1477 τὸν
2911 1419 3221 1495 ἄνθρωπον,
3251 1419 3367 1477 οἶδε
3411 1422 3500 1478 καὶ
3540 1427 3658 1485 πῶς
3689 1424 3803 1498 (69)

2160 1513 2189 1566 6
2245 1509 2528 1587 ἄνθρωπος
2586 1510 2830 1587 ἡρπάγη.
2888 1511 2945 1564 Ὀ
3001 1515 3130 1586 γοῦν
3185 1509 3496 1572 Ἐλισσαῖος
3529 1509 3801 1586 ,βλέπων

2156 1601 2248 1657 τὸν
2297 1599 2506 1670 Ἠλίαν,
2565 1598 2681 1656 οἶδε
2733 1599 2824 1655 καὶ
2880 1603 2998 1663 πῶς
3051 1596 3353 1677 ἀνελήφθη·
3411 1597 3558 1656 ἀλλά
3611 1601 3803 1678 καίπερ

2155 1691 2456 1767 γινώσκων,
2488 1688 2640 1762 ὅμως
2667 1692 2772 1743 τῶν
2824 1689 2956 1743 υἱῶν
2998 1692 3105 1743 τῶν
3137 1688 3432 1766 προφητῶν
3464 1688 3800 1762 νομιζόντων

2155 1779 2247 1833 τὸν
2279 1775 2467 1832 ’Πλίαν
2502 1777 2580 1839 εἷς
2625 1775 2681 1831 ἓν
2732 1782 2840 1831 τῶν
2895 1777 3061 1850 ὀρέων
3108 1776 3212 1832 ὑπὸ
3239 1780 3336 1831 τοῦ
3364 1777 3679 1851 Πνεύματος
3708 1777 3804 1856 έῤ-

2081 1906 2126 1972 Β
2158 1867 2365 1944 ῥίφθαι,
2398 1865 2558 1928 αὐτὸς
2582 1867 2680 1935 τὴν
2735 1866 2828 1939 μὲν
2863 1867 2976 1939 (70)
3024 1864 3201 1942 ἀρχὴν
3245 1866 3526 1942 γινώσκων
3568 1867 3597 1921 ὃ
3630 1867 3801 1945 ἑώρα-

2317 1953 2342 1972 ν
2435 1957 2461 1972 ,ι
2600 1955 2610 1967 ε
2716 1954 2739 1970 ν
2781 1952 2805 1972 ε.
2984 1955 3013 1972 n
3082 1959 3108 1972 ..
3197 1954 3208 1972 .
3359 1953 3405 1972 ι..
3447 1954 3462 1972 .
3539 1957 3551 1972 .

2154 1977 2266 2026 κεν,
2315 1953 2492 2011 ἔπειθε
2532 1955 2659 2018 τοὺς
2711 1952 2927 2029 ἄνδραςο
2983 1954 3324 2030 βιαζομένων
3357 1953 3415 2010 δὲ
3444 1954 3684 2026 ἐκείνων,
3715 1979 3805 2014 σε-

2155 2046 2401 2115 σιώπηκε
2428 2044 2516 2099 καὶ
2569 2045 2950 2120 συνεχώρησεν
2979 2041 3255 2101 ἀπελθεῖν.
3288 2045 3412 2117 ’Δρ’
3461 2043 3572 2116 οὖν,
3611 2043 3800 2117 ἐπειδή

2155 2135 2489 2204 σεσιώπηκεν
2526 2177 2540 2201 ,
2600 2132 2698 2188 οὐκ
2757 2133 3086 2207 ἐγίνωσκεν;
3146 2131 3438 2207 Ἐγίνωσκε
3507 2134 3603 2208 μὲν
3661 2135 3800 2191 οὖν’

2153 2221 2280 2278 ἀλλ’
2302 2223 2377 2285 ὡς
2427 2221 2526 2277 οὐκ
2572 2219 2730 2284 ε’ὃὼς
2762 2222 3163 2297 συνεχώρησεν,
3191 2219 3264 2276 ’ἶν’
3309 2220 3523 2294 ἐκεῖνοι,
3555 2225 3802 2288 πεισθέν-

2151 2330 2260 2373 τες,
2325 2309 2517 2381 μηκέτι
2577 2305 2863 2377 διστάζωσι
2921 2310 3034 2382 (71)
3092 2308 3214 2384 περὶ
3289 2315 3390 2379 τῆς
3475 2308 3800 2385 ἀναλήψεως

2155 2397 2367 2454 Ἠλίου.
2400 2396 2602 2451 Οὐκοῦν
2647 2395 2846 2470 πολλῷ
2892 2395 3108 2470 μᾶλλον
3142 2398 3170 2452 6
3203 2397 3439 2468 Παῦλος,
3473 2399 3634 2462 αὐτὸς
3668 2399 3742 2462 ὣς
3771 2401 3801 2455 6

2153 2485 2432 2561 ἀρπαγεὶς,
2465 2483 2580 2540 οἶδε
2610 2485 2696 2540 καὶ
2728 2490 2842 2547 πῶς
2873 2487 3122 2562 ἡρπάγη.
3175 2487 3278 2542 Καὶ
3329 2489 3433 2562 γὰρ
3465 2487 3658 2552 Ἠλίας
3687 2492 3800 2562 (72)

2153 2575 2430 2650 ἐγίνωσκε·
2481 2575 2570 2630 καὶ
2623 2574 2667 2629 εἰ
2714 2574 3034 2630 ἐπυνθάνετό
3081 2597 3184 2646 τις,
3235 2577 3379 2631 εἶπεν
3433 2575 3491 2630 ἂν
3545 2582 3664 2640 πῶς
3713 2578 3800 2632 ἀν-

2154 2661 2390 2741 ελήφθη.
2418 2665 2568 2739 Λέγει
2589 2660 2646 2718 δὲ
2668 2662 2819 2736 ὅμως
2846 2664 2874 2717 6
2907 2663 3142 2735 Παῦλος,
3165 2663 3280 2720 Ούκ
3305 2662 3448 2738 οἴδα,
3472 2661 3568 2719 δύο
3587 2665 3797 2720 τούτων

2152 2754 2339 2828 χάριν,
2369 2751 2442 2814 ὥς
2492 2773 2551 2827 γε
2597 2754 2830 2825 νομίζω,
2883 2753 2999 2815 ένὸς
3054 2754 3171 2825 μὲν,
3201 2755 3274 2814 ὡς
3318 2752 3477 2816 αὐτὸς
3509 2757 3678 2823 εἶπεν,
3706 2752 3799 2810 ’ἱνα

2155 2843 2232 2915 μὴ
2265 2839 2354 2896 διὰ
2380 2843 2479 2910 τὴν
2541 2836 2853 2917 ὑπερϐολὴν
2911 2845 3019 2896 τῶν
3079 2841 3476 2916 ἀποκαλύψεων
3507 2840 3689 2918 ἕτερόν
3714 2865 3798 2906 τις

2152 2930 2310 2984 αὺτὸν
2358 2929 2665 3005 λογίσηται,
2700 2930 2830 3004 ὑπὲρ
2873 2931 2902 2984 ’ὁ
2953 2933 3063 3003 (73)
3097 2929 3306 3005 βλέπει’
3341 2931 3525 3007 ἑτέρου
3575 2928 3654 2998 δὲ,
3689 2930 3795 3004 ὅτι,

2148 3023 2246 3073 τοῦ
2297 3025 2560 3094 Σωτῆρος
2610 3019 2878 3089 εἰπόντος,
2911 3020 3025 3076 Οὐκ
3074 3020 3216 3092 οἴδα,
3267 3018 3464 3096 ἔπρεπε
3493 3021 3583 3075 καὶ
3635 3019 3795 3077 αὐτὸν

2151 3107 2340 3178 εἰπεῖν,
2393 3107 2503 3162 Οὐκ
2549 3105 2808 3180 οἷδα,’ίνα
2869 3111 2942 3181 μὴ
3005 3110 3256 3186 φαίνηται
3308 3106 3504 3171 δοῦλος
3555 3107 3628 3163 ὣν
3664 3109 3796 3184 ὑπὲρ

2149 3197 2240 3251 τὸν
2298 3195 2493 3272 Κύριον
2549 3195 2759 3266 αὐτοῦ,
2817 3197 2907 3253 καὶ
2969 3199 3219 3272 μαθητὴς
3284 3198 3416 3275 ὑπὲρ
3486 3199 3578 3254 τὸν
3641 3196 3792 3254 διδά-

389 3305 534 3346 num
553 3293 611 3346 et
631 3289 961 3363 discipulus
990 3308 1171 3364 supra
1202 3291 1552 3364 magistrum
1584 3275 1748 3348 essee
1773 3291 2036 3350 xistima~
2066 3275 2110 3341 (ἶ
2149 3285 2370 3343 σκαλον.

392 3382 574 3434 retur.

457 3469 547 3523 48.
584 3466 693 3533 Qui
719 3466 904 3540 igitur
924 3467 1100 3525 Paulo
1123 3469 1362 3526 dederat
1383 3474 1446 3526 ut
1467 3469 1659 3539 sciret,
1691 3472 1818 3543 ipse
1850 3469 2034 3528 multo

389 3556 579 3629 magis
599 3556 842 3613 sciebat.
865 3557 973 3622 Qui
995 3558 1150 3614 enim
1173 3574 1242 3614 ea
1264 3576 1393 3630 quae
1419 3559 1502 3614 illi
1523 3559 1638 3615 diei
1669 3565 2037 3632 praecurrunt

387 3644 674 3715 enuntiat,
697 3646 858 3701 novit
886 3651 1060 3718 certe,
1081 3647 1582 3719 quemadmodum
1617 3647 2036 3721 dixi,quando-

387 3750 524 3790 nam
551 3733 652 3790 illa
681 3733 805 3791 dies
833 3740 891 3792 et
920 3735 1062 3792 hora
1086 3741 1331 3792 ventura
1364 3736 1444 3792 sit
1472 3754 1486 3792 :
1519 3741 1577 3792 et
1624 3742 1840 3804 tamen,
1899 3737 2037 3794 licet

386 3828 776 3894 cognosceret,
835 3824 998 3893 dicit,
1056 3841 1232 3896 neque
1261 3826 1436 3882 Filius
1464 3826 1642 3882 novit.
1677 3827 1861 3898 Cujus
1898 3843 2037 3900 ergo

381 3911 573 3984 gratia
591 3915 730 3968 tunc
758 3912 922 3980 dixit,
945 3913 1154 3981 Nescio,
1181 3930 1308 3986 quae
1333 3913 1479 3986 ipse,
1509 3918 1572 3970 ut
1596 3914 1905 3985 Dominus,
1932 3931 2036 3970 no-

383 4000 591 4057 verat?
619 4001 770 4058 Sane
791 4001 842 4058 si
862 4003 1199 4074 conjectura
1224 4002 1309 4058 uti
1338 4002 1494 4071 licet,
1527 4009 1741 4060 nostra:
1765 4003 2038 4060 utilitatis

383 4105 584 4158 causa,
617 4096 682 4146 ut
710 4107 858 4162 reor,
887 4090 944 4146 id
979 4091 1132 4147 fecit.
1165 4091 1330 4148 Faxit
1380 4096 1576 4148 autem
1627 4093 1752 4165 ipse
1812 4097 1876 4148 ut
1929 4092 2038 4148 hoc

385 4178 541 4250 quod
563 4177 770 4250 opinor
790 4194 991 4234 verum
1020 4179 1131 4236 sit!
1167 4179 1485 4251 Utrobique
1533 4179 1798 4238 Salvator
1828 4181 1902 4237 ad
1934 4196 2038 4236 no-

453 4311 500 4346 “
527 4315 582 4366 II
607 4317 734 4368 Cor.
759 4329 861 4380 xu,
891 4313 946 4368 2.
1025 4313 1072 4348 ⁴⁶
1101 4313 1174 4369 IV
1203 4313 1340 4386 Reg.
1373 4331 1436 4384 ιι,
1470 4315 1560 4384 12,
1596 4315 1765 4370 15-18

456 4442 595 4514 (65')
620 4442 719 4515 _Sic
749 4447 888 4515 Reg.
924 4445 980 4515 1,
1007 4450 1240 4515 Seguer.
1271 4445 1502 4503 Gobler.
1537 4452 1596 4505 et
1627 4447 1777 4504 Felc.
1813 4448 1862 4503 1.
1884 4447 2036 4502 Editi

381 4508 587 4588 νεὶ-(μ’
616 4508 669 4565 ἐν
727 4508 874 4584 αὐτῷ
933 4508 1023 4588 τὸν
1079 4508 1312 4588 Χριστὸν
1387 4517 1477 4570 τὸν
1556 4516 2031 4573 ἀποκαλύπτοντα.

384 4584 560 4660 Paulo
593 4588 729 4660 post
759 4588 899 4660 Reg.
936 4584 1256 4660 1,48eguer.
1291 4589 1522 4645 Gobler.
1556 4595 1615 4648 et
1643 4591 1792 4647 Felc.
1830 4593 1882 4660 1,
1914 4600 2032 4653 oso-

387 4655 637 4736 pair/1va
639 4655 934 4736 Ceteri'et
951 4655 1123 4730 editi:
1147 4660 1569 4736 χριστομαίχων.

457 4723 569 4799 (⁷66)
602 4723 1365 4802 Regiu_s4primus,'SEguer'.
1400 4723 1632 4790 G'bbler.
1687 4737 1744 4788 et
1789 4729 1940 4789 Felc.
1980 4733 2034 4800 1,

387 4796 927 4878 φάσκουσινῖῥῇἴθι
948 4801 1116 4878 editi,
1149 4796 1420 4878 λέγουσιν.

458 4872 572 4948 (67)
595 4869 1201 4948 Regiusuprimuset
1229 4869 1492 4948 segnes,
1523 4869 1737 4948 ἐπειξδή,
1766 4879 1824 4930 et
1877 4891 2030 4948 mea,

385 4939 518 5012 ἅπερ
549 4939 717 5016 λέγειξ
751 4939 949 4999 Alii—et
991 4945 1156 5011 editi,
1183 4939 1335 5013 ἐπείξ
1351 4953 1427 5014 et,
1461 4944 1594 5018 ὅπερ
1646 4939 1816 5070 λέγει.
1851 4939 2032 5002 Paulo

386 5025 537 5070 post.
570 5016 758 5070 Regni
821 5017 879 5068 et
933 5020 1153 5070 Sequar
1180 5063 1196 5070 _
1231 5017 1391 5070 αὐτὸς
1447 5015 1476 5068 ὁ
1535 5019 1701 5070 Χοιστ
1739 5037 1786 5070 ς.
1819 5016 1927 5070 Alii
1977 5022 2032 5070 et

386 5025 537 5089 post,
821 5017 879 5068 et
933 5020 1153 5089 seguer
1180 5063 1196 5089 ,
1231 5017 1391 5078 αὐτὸς
1447 5015 1476 5068 ὁ
1535 5015 1786 5088 Χριστός.
1819 5016 1927 5072 Alii
1977 5022 2036 5073 et

383 5081 564 5158 editi,
581 5081 770 5158 0:616?)
801 5081 1051 5158 Χριστόξ.

460 5153 572 5229 (68)
600 5155 812 5229 Regius
843 5153 1093 5229 primus,
1124 5162 1360 5229 Seguer.
1414 5156 1644 5229 Gobler.
1687 5161 1744 5213 et
1792 5157 1941 5213 Felc.
1977 5159 2030 5228 1,

383 5226 480 5279 τοῦ
531 5224 750 5299 Κυρίοῦ.
782 5224 1000 5299 Castori,
1043 5234 1100 5285 et
1154 5224 1294 5285 editi
1349 5233 1444 5282 τοῦ
1494 5228 1640 5281 Υἱοῦ.
1674 5233 1798 5294 Mox
1830 5233 1965 5299 Reg.
2000 5224 2026 5284 ί

385 5302 442 5353 et
467 5297 734 5376 Seguer.,
761 5297 859 5372 γὰρ
913 5298 1002 5376 καί
1046 5320 1228 5376 φησιν.
1261 5299 1374 5356 Alii
1405 5306 1461 5356 et
1511 5301 1810 5376 eumn-{an
1842 5297 2026 5372 φησιν.

459 5370 572 5445 (ti?)
601 5368 813 5445 Regius
831 5368 1072 5445 primus
1103 5376 1160 5445 et
1187 5378 1447 5445 Seguer.,
1482 5368 1592 5425 οἶδε
1620 5368 1759 5432 πῶς.

457 5441 570 5508 (70)
602 5439 706 5495 Μέν
740 5439 906 5497 abest
935 5460 970 5496 a
999 5441 1175 5500 Basil.

453 5509 564 5584 (71)
597 5512 772 5568 Basil.
804 5512 1031 5585 Anglic.
1084 5521 1139 5569 et
1196 5512 1324 5568 Felc
1399 5515 1454 5584 5,
1492 5509 1817 5585 Bruttiorum.
1852 5515 2029 5571 Paulo

381 5589 515 5653 post
543 5589 788 5655 uterque
817 5584 1050 5652 Regius,
1081 5587 1314 5652 Seguer.
1350 5584 1524 5640 Basil.
1547 5586 1778 5641 Gobler.
1799 5596 1850 5641 el
1879 5588 2026 5643 Felc.

384 5651 409 5709 1
442 5651 750 5738 etgj‘bv'o
781 5651 1058 5738 ἁρπαγείς.
1090 5657 1154 5712 In
1179 5655 1320 5738 aliis
1347 5663 1403 5711 et
1433 5658 1616 5738 editis
1637 5656 1666 5709 ὁ
1698 5661 1880 5738 deest.

450 5727 566 5800 (72)
596 5726 823 5798 Regius
866 5726 1118 5800 primus,
1176 5733 1412 5801 Seguer.
1475 5727 1704 5784 Gobler.
1767 5735 1826 5785 et
1873 5726 2024 5784 Felc.

2213 3377 2301 3432 48.
2335 3374 2543 3432 Οὐκοῦν
2587 3376 2725 3448 ὁτῷ
2783 3375 2983 3449 Παύλῳ
3035 3372 3286 3438 δεδωκὼς
3343 3373 3535 3432 εἴδέναι
3593 3373 3795 3450 πολλῷ

2147 3462 2360 3538 μᾶλλον
2419 3464 2577 3526 αὐτὸς
2607 3461 2744 3522 οἵδε.
2809 3465 2904 3520 Καὶ
2955 3465 3056 3542 γὰρ
3105 3465 3193 3520 καὶ
3227 3463 3398 3540 λέγων
3449 3467 3656 3540 (74)τά
3684 3466 3791 3542 πρὸ

2141 3560 2240 3622 τῆς
2268 3553 2499 3629 ἡμέρας,
2532 3551 2667 3622 οἶδε,
2716 3554 2855 3609 καθά
2883 3559 3166 3629 προεῖπον,
3197 3553 3287 3608 καὶ
3341 3553 3473 3610 πότε
3519 3557 3554 3624 ἡ
3607 3555 3792 3628 ἡμέρα

2143 3641 2231 3697 καὶ
2263 3641 2394 3697 πότε
2424 3644 2459 3712 ἡ
2494 3643 2629 3717 ὥραο
2663 3642 2750 3697 καὶ
2795 3642 2948 3717 ὅμως
2991 3640 3172 3712 εἰδὼς,
3219 3641 3386 3719 λέγει,
3429 3640 3553 3698 οὐδὲ
3597 3644 3626 3698 6
3667 3644 3790 3708 Υἱὸς

2145 3727 2278 3786 οἵδε.
2309 3731 2463 3792 Τίνος
2525 3731 2618 3804 μὲν
2681 3730 2770 3786 οῦν
2830 3733 2994 3808 χάριν
3049 3731 3172 3788 τότε
3229 3734 3394 3802 εἶπεν,
3446 3731 3546 3787 οὐκ
3574 3729 3787 3805 οἴδα,ἆ

2143 3819 2304 3881 αὐτὸς
2363 3822 2498 3892 (75),
2559 3819 2632 3881 ὡς
2691 3819 2988 3890 Δεσπότης,
3047 3819 3238 3889 οἶδεν;
3297 3821 3386 3884 Ὠς
3439 3817 3792 3892 διερευνῶντα

2145 3907 2502 3983 στοχάζεσθαι
2552 3909 2689 3982 χρὴ,
2742 3912 2842 3974 τῆς
2901 3911 3060 3982 ἡμῶν
3120 3907 3275 3964 ἕνεκα
3303 3906 3667 3979 λυσιτελείας,
3717 3909 3791 3972 ὥς

2143 4019 2203 4074 γε
2232 3998 2464 4070 νομίζω,
2511 4001 2673 4052 τοῦτο
2726 3997 3012 4069 πεποίηκε’
3068 3997 3346 4074 παράσχοι
3380 4001 3493 4072 (76)
3543 3995 3600 4053 δὲ
3631 3997 3794 4062 αὐτὸς

2142 4090 2212 4160 τῇ
2243 4087 2492 4162 προθέσει
2545 4087 2638 4141 τὸν
2691 4091 2810 4140 νοῦν
2867 4095 2966 4158 τῆς
2999 4086 3260 4158 ἀληθείας
3287 4089 3299 4143 l
3328 4089 3410 4142 Ἐν
3463 4087 3795 4164 ἀμφοτέροις

2142 4444 2372 4519 καί-γᾲρᾼ
2395 4444 2485 4498 καὶ
2515 4443 2727 4519 ’.Ἠλίας
2757 4447 2948 4519 Paulo,
2981 4453 3130 4519 post,
3166 4447 3288 4503 haec
3334 4448 3531 4514 verba,
3563 4444 3623 4502 ἂν
3672 4451 3792 4510 πῶς

2144 4513 2442 4600 ἀνελ-ᾕιρεὶη.
2475 4515 2625 4599 ,δέγει
2659 4513 2715 4600 δὲ
2745 4516 2959 4600 ὅμως-ὁ
2983 4513 3220 4600 Παῦλος,
3243 4521 3469 4600 desunt
3507 4513 3573 4600 in
3615 4521 3788 4600 liusil.

2216 4589 2337 4662 (751
2364 4589 2576 4662 Regius
2608 4589 2852 4658 primus.
2885 4597 3121 4662 Seguer.
3153 4591 3384 4662 Gobler.
3423 4599 3480 4648 et
3535 4593 3684 4648 Felc.
3738 4593 3788 4662 1,

2216 4627 2325 4654 μυ,
2364 4627 2576 4651 ...μνη
2609 4627 2852 4658 ,..........
2885 4627 3121 4662 υυδυυ..
3154 4627 3384 4647 eum...
3423 4627 3480 4648 υ.

2062 4627 2110 4691 D
2148 4657 2390 4737 ὑπὲρ-δν.
2425 4660 2646 4737 Ibidem
2681 4665 2816 4737 Reg.
2853 4663 2875 4716 1
2911 4669 2967 4718 et
2994 4669 3256 4737 Seguer.,
3294 4660 3496 4737 βλέπῃ.

2217 4731 2331 4802 (74)
2382 4731 2583 4795 “οιξ1ἱο.
2616 4733 2844 4802 Gobler.
2879 4739 2936 4788 et
2994 4731 3139 4789 Felc.
3197 4731 3246 4798 1,

2146 4801 2576 4879 IbidiAnglicq
2606 4801 2672 4855 τὰ
2695 4803 2816 4873 περὶ
2847 4807 2948 4868 τῆς
2978 4804 3222 4879 ἡμέρας..
3245 4807 3418 4879 Paulo
3441 4801 3606 4879 post,
3633 4801 3789 4859 uter-

2145 4890 2257 4949 que
2287 4875 2502 4949 Regius
2531 4882 2588 4949 et
2615 4874 3111 4949 Seguer._addunt
3138 4875 3226 4930 καί
3273 4876 3404 4930 πότε
3428 4874 3464 4943 ἡ
3497 4874 3632 4949 ὥρα,
3665 4892 3791 4949 quae

2144 4947 2360 5036 abs‘unt
2389 4947 2462 5000 ab
2493 4945 2623 5036 antiis
2649 4945 2706 5001 et
2733 4946 2924 5036 editivs.
3125 4945 3553 5036 iterquterque'
3581 4945 3793 5036 Regius

2142 5022 2199 5071 et
2229 5020 2489 5088 Seguer.,
2512 5020 2666 5077 Τίνος
2699 5020 2795 5087 μὲν
2828 5020 3071 5075 οὗν.ΑΙίἱ
3104 5025 3161 5074 et
3190 5020 3328 5075 editi
3361 5020 3451 5072 οὖν
3484 5020 3787 5074 omittunt.

2213 5087 2452 5161 (75))Sic
2507 5090 2720 5157 Regius
2779 5091 3005 5161 primus
3062 5097 3120 5145 et
3165 5097 3427 5161 Seguer.,
3469 5089 3792 5161 Gobleruet

2213 5090 2327 5212 (75)
2359 5090 2452 5144 Sic
2507 5090 2720 5157 Regius
2779 5091 3005 5161 primus
3062 5097 3120 5145 et
3165 5097 3427 5162 Seguer.,
3469 5090 3699 5145 Gobler.
3734 5097 3792 5146 et

2146 5161 2214 5212 Fe
2241 5174 2290 5213 c.
2327 5160 2389 5224 1;
2428 5161 2524 5215 sed
2559 5162 2675 5214 duo
2707 5161 2897 5217 ultimi
2929 5163 3212 5217 omittunt
3242 5160 3425 5231 αὐτός,
3457 5168 3533 5227 et,
3571 5177 3673 5232 pro
3704 5156 3787 5214 δι-

2146 5231 2457 5289 ερευνῶντα,
2519 5231 2736 5285 habent
2818 5227 3223 5289 διεοευνῶντας.
3283 5233 3484 5289 (laetari
3546 5249 3676 5287 vero
3733 5239 3792 5288 et

2142 5247 2457 5300 ερευνωντα,
2519 5247 2736 5285 nauem.
2818 5247 3223 5307 οιερευνωντας,
3283 5247 3484 5289 Umtel‘l
3546 5249 3676 5287 vero
3733 5247 3790 5288 et

2141 5299 2438 5384 editiLofax
2467 5296 2626 5370 οἶδας
2661 5300 2818 5364 αὐτὸς
2851 5303 2924 5364 ὡς
2955 5303 3230 5373 Δεσπότης
3263 5303 3424 5359 οἶδενο
3457 5303 3533 5364 ὡς
3593 5299 3650 5356 δὲ
3708 5299 3790 5357 δι-

2141 5390 2490 5443 ερευνωντας.

2212 5444 2325 5514 (76)
2357 5447 2492 5510 Reg.
2527 5445 2578 5513 1,
2609 5445 2844 5518 Seguer.
2901 5447 3130 5503 Gobler.
3191 5452 3250 5502 et
3309 5446 3458 5502 Felc.
3523 5447 3573 5511 1,
3616 5444 3787 5518 παρά-

2141 5531 2289 5587 σχοι,
2325 5519 2389 5569 ut
2417 5520 2474 5569 et
2501 5515 2858 5587 Anglicanus
2889 5518 2946 5573 in
2977 5519 3259 5587 margine.
3286 5518 3486 5574 Crateri
3538 5522 3596 5572 et
3623 5515 3788 5582 editi.

2138 5585 2389 5663 παρέχει.
2417 5585 2788 5663 ΔΡθτυιόροξιι,
2821 5591 3037 5663 Regius
3068 5585 3316 5663 primus.
3347 5597 3580 5663 Seguer.
3615 5589 3785 5663 Gobl.

2137 5663 2197 5736 et
2226 5658 2377 5736 Felc.
2408 5658 2458 5725 1,
2489 5658 2574 5736 ’ἓν
2600 5658 2963 5736 ,ἀμφοτέροῖς
3015 5658 3323 5736 ἡμῖν.νΑΙὶὶ
3381 5658 3448 5718 et
3492 5661 3655 5730 editi,
3689 5660 3783 5718 Ἐν

2138 5726 2468 5807 ἀμφοτέροις
2501 5725 2560 5784 δὶ
2589 5725 2749 5807 ἡμῖν’.
2843 5725 2852 5735 ’
3041 5725 3072 5734 η
3190 5735 3194 5740 ’

3305 4733 3403 4808 καὶ
3447 4729 3561 4808 ’γὰρ
3593 4729 3786 4806 λέγων.
