4074 6386
253 453 369 514 425

1383 443 1671 507 ORATIO
1713 442 1797 505 III
1842 443 2157 506 CONTRA
2201 443 2562 507 ARIANOS.

3553 455 3673 514 426

259 587 399 656 ἡμῖν
425 581 491 638 16
523 583 804 658 χρήσιμον
840 578 1097 658 ἐφύλαξεν
1131 579 1160 632 6
1194 579 1411 653 Σωτήρ·
1446 575 1491 631 εί
1539 575 1642 652 γὰρ
1695 573 1764 630 τὰ
1815 577 1908 648 μὲν

2045 579 2213 630 utrum
2244 577 2491 632 attendit
2529 579 2926 635 commodum.
2969 581 3115 637 Nam
3149 597 3274 654 quin
3305 587 3440 638 ante
3499 584 3676 640 ﬁnem

263 674 372 748 πρὸ
403 677 500 726 τοῦ
556 668 748 731 τέλους
795 670 1113 724 ἀπαντῶντα
1164 663 1494 737 δεδήλωκεν,
1545 663 1634 719 ’ἱνα
1678 666 1776 737 μὴ,
1837 665 1911 727 ὡς

265 762 408 818 εἶπεν
461 760 645 828 αὐτὸς,
695 758 1043 832 ξενισθῶμεν,
1098 755 1238 830 μηδὲ
1285 755 1610 831 θροηοῶμεν
1677 756 1912 827 (77-78),

264 848 571 928 γινομένων
602 848 802 916 αὐτῶν,
833 845 984 904 ἀλλά
1009 847 1098 902 καὶ
1131 846 1189 902 ἐκ
1225 844 1431 900 τούτων
1477 844 1540 898 τὸ
1587 842 1722 915 μετὰ
1748 845 1916 898 ταῦτα

2026 670 2335 720 occurrent
2364 666 2662 732 indicavit,
2696 685 2787 736 ne,
2823 673 2887 724 ut
2917 669 3064 724 dixit
3091 670 3240 743 ipse,
3283 677 3527 745 stupore
3548 690 3680 746 per-

2025 753 2169 810 culsi
2205 754 2295 810 his
2327 755 2728 813 accidentibus
2760 759 3159 827 turbaremur,
3219 762 3321 818 sed
3381 763 3577 835 potius
3610 780 3680 820 ex

2025 842 2118 898 bis
2129 848 2470 900 secuturum
2496 846 2671 901 finem
2691 847 3182 918 praestolaremur.
3205 849 3404 906 Noluit
3418 868 3589 924 porro
3607 853 3680 909 de

263 940 424 1004 τέλος
473 934 888 1017 προσδοκῶμεν·
960 936 1084 1010 περὶ
1155 933 1213 990 δὲ
1257 940 1356 1004 τῆς
1405 932 1617 1008 ἡμέρας
1666 931 1756 986 καὶ
1812 937 1914 1000 τῆς

2048 930 2127 987 lla
2155 931 2248 987 die
2278 936 2335 987 et
2365 932 2506 988 hora
2537 936 2861 991 secundum
2895 937 3265 994 divinitatem
3290 939 3672 1008 dicere.Novi:

267 1033 411 1104 ὥρας
443 1028 542 1085 οὐκ
572 1026 811 1098 ἠθέλησε
841 1029 1034 1088 θεῖκῶς
1065 1025 1260 1080 εἶπεῖνν
1309 1021 1393 1078 ὅτι
1423 1019 1556 1080 Οἶδα
1587 1023 1722 1094 (79).
1773 1018 1917 1074 ἀλλὰ

267 1124 542 1196 σαρκικῶς
576 1116 666 1174 διὰ
692 1118 791 1186 τήν
826 1118 996 1191 σάρκα
1035 1116 1137 1185 τὴν
1183 1115 1496 1191 ἀγνοοῦσαν,
1542 1109 1680 1166 καθὰ
1728 1114 1917 1183 προεῖ-

269 1233 396 1280 πον,
444 1210 610 1276 εἶπεν,
664 1209 747 1262 ὅτι
797 1204 912 1263 Οὐκ
959 1202 1100 1260 οῖδα·
1147 1201 1240 1258 τίνοι
1281 1202 1474 1276 μηκὲτι
1507 1198 1920 1274 ἐπερωτήσωσιν

263 1299 452 1370 αὐτὸν,
499 1296 589 1352 καὶ
639 1294 834 1350 λοιπὸν
884 1294 921 1364 ἢ
977 1294 1052 1367 μὴ
1113 1292 1348 1367 εἰρηκὼς
1379 1291 1492 1364 (80)
1528 1287 1748 1362 λυπήσῃ
1796 1287 1920 1342 τότε

261 1388 392 1450 τοὺς
429 1386 698 1459 μαθητὰς,
751 1383 786 1452 ἣ
837 1383 1094 1460 εἰρηκὼς,
1143 1381 1289 1456 παρᾶ
1333 1381 1396 1434 τὸ
1428 1379 1700 1455 συμφέρον
1735 1376 1919 1438 αὐτοῖς

263 1478 356 1533 καὶ
387 1482 548 1531 πᾶσιν
609 1477 746 1548 ἡμῖν
794 1473 1026 1546 ποιήσῃ.
1077 1474 1148 1528 "0
1195 1469 1298 1545 γὰρ
1330 1467 1390 1522 ἂν
1422 1471 1556 1540 ποιῇ
1594 1468 1726 1538 (81),
1757 1469 1918 1519 τοῦτο

263 1569 485 1626 πάντως
515 1565 648 1639 ὑπὲρ
680 1565 839 1636 ἡμῶν
873 1559 1038 1632 ἐστιν,
1070 1557 1257 1627 ἐπειδὴ
1291 1557 1381 1612 καὶ
1418 1553 1488 1610 δι’
1535 1559 1682 1629 ἡμᾶς
1735 1555 1763 1608 6
1812 1550 1920 1609 Λό-

264 1676 362 1732 γος
392 1653 520 1728 σὰρξ
565 1650 795 1727 ἐγένετο.
843 1651 920 1705 Δι’
973 1652 1120 1723 ἡμᾶς
1165 1649 1347 1704 τοίνυν
1400 1646 1514 1700 εἷπε
1542 1644 1631 1699 καὶ
1661 1645 1746 1714 τὸ,
1781 1640 1921 1700 Οὐδὲ

267 1747 296 1799 6
331 1743 458 1804 Υἱὸς
508 1739 640 1796 οἶδε·
687 1740 777 1795 καὶ
837 1738 961 1795 οὔτε
1009 1738 1269 1813 ἐψεύσατο
1315 1737 1422 1807 (82)
1473 1738 1634 1789 τοῦτο
1679 1732 1920 1808 οἷρηκώς

271 1831 651 1907 (ἀνθρωπίνως
677 1829 782 1906 γὰρ
815 1829 978 1897 εἶπεν,
1018 1829 1094 1890 ὡς
1127 1825 1430 1901 ἄνθρωπος,
1467 1822 1580 1881 Οὐκ
1611 1819 1775 1896 οἶδα),
1799 1818 1922 1876 οὔτε

2029 1019 2228 1087 sed,ut
2247 1020 2373 1092 jam
2405 1022 2996 1094 exposui,secundum
3029 1043 3289 1094 carnem,
3313 1045 3441 1099 quae
3462 1045 3676 1103 nempe

2023 1107 2083 1163 id
2115 1109 2441 1182 ignorabat,
2475 1110 2575 1183 ait,
2607 1112 2733 1168 Non
2767 1114 2931 1181 novi;
2965 1131 3036 1171 ne
3068 1133 3274 1174 rursus
3303 1133 3439 1173 eum
3497 1117 3674 1175 disci-

2026 1197 2149 1268 puli
2180 1198 2626 1271 interrogarent,
2661 1218 2879 1274 eosque
2909 1203 3028 1275 ille,
3081 1205 3130 1260 si
3161 1207 3448 1276 reticeret,
3474 1208 3674 1266 dolore

2028 1287 2183 1342 474
2213 1287 2490 1357 afﬁceret,
2524 1289 2611 1345 vel
2641 1290 2691 1346 si
2723 1291 2961 1360 diceret,
2997 1299 3202 1365 preter
3231 1294 3468 1353 illorum
3498 1301 3555 1353 et
3574 1315 3676 1354 no.

2030 1379 2218 1431 atrum
2251 1378 2625 1434 commodum
2657 1384 2872 1451 ageret.
2906 1381 3201 1454 Quidquid
3231 1385 3388 1440 enim
3421 1385 3580 1457 facit,
3612 1386 3672 1441 id

2028 1469 2218 1520 totum
2251 1466 2435 1521 nostri
2476 1468 2669 1539 gratia
2699 1473 2805 1536 est,
2863 1473 3304 1543 qundoquidem
3363 1478 3421 1530 et
3478 1475 3674 1546 ipsum

2028 1553 2284 1608 Verbum
2319 1559 2557 1627 propter
2587 1573 2694 1612 nos
2721 1573 2853 1614 caro
2905 1559 3122 1615 factum
3157 1566 3264 1617 est.
3297 1567 3539 1635 Propter
3569 1580 3676 1620 nos

2028 1641 2210 1713 igitur
2238 1642 2384 1698 dixit
2418 1661 2430 1700 :
2462 1646 2644 1715 Neque
2673 1647 2852 1703 Filius
2880 1650 3177 1706 novit.Nec
3207 1667 3341 1708 vero
3374 1651 3482 1708 hoc
3512 1669 3681 1710 men-

2028 1731 2262 1787 dacium
2296 1732 2405 1787 fuit
2438 1749 2450 1788 :
2485 1733 2776 1804 siquidem
2809 1753 2912 1808 pro
2943 1737 3206 1795 humana
3235 1741 3588 1810 conditione,
3616 1747 3683 1798 ut

2029 1818 2226 1890 homo,
2261 1820 2781 1891 dixit,Nescio,nec
2803 1826 3076 1897 permisit
3108 1832 3172 1883 ut
3201 1829 3476 1902 discipuli
3508 1847 3570 1887 se
3591 1831 3680 1886 di-

269 1921 444 1999 ἀφῆκε
501 1919 628 1981 τοὺς
683 1919 930 1993 μαθητὰς
995 1915 1154 1972 αὐτὸν
1213 1915 1497 1991 βιάσασθαι
1555 1913 1722 1968 εἰπεῖν
1784 1912 1917 1984 (83)’

295 2011 311 2023 ι
444 2009 458 2023 ε
582 2009 596 2023 ι
725 2007 787 2023 Α,
907 2003 960 2023 νδ
1075 2004 1100 2023 )I
1362 2002 1376 2023 ,
1457 2001 1469 2023 Ι
1641 2001 1726 2023 ..8η
1787 1999 1882 2023 Ῐ-νῐ

2045 1924 2158 1964 sere
2189 1914 2482 1982 cogerent,
2516 1912 2733 1984 quippe
2763 1931 2894 1970 cum
2922 1916 3264 1987 hujusmodi
3286 1919 3680 1985 verbo,Nescio

2057 1997 2262 2023 ΙΙΑ-.-μ
2298 2001 2639 2023 ---..,.---..Ζι
2673 2005 3020 2023 ___-_.,.,nsa
3215 2006 3270 2023 τι.
3335 2012 3345 2023 .
3633 2009 3644 2020 ο

267 2009 507 2086 εἰρηκὼς
536 2009 661 2086 γὰρ,
721 2007 832 2062 Οὐκ
877 2003 1020 2074 οῖδα,
1074 2004 1267 2076 ἔστησε
1316 2001 1575 2058 κάκείνων
1631 2001 1729 2069 τὴν
1784 1999 1921 2076 ἐρώ-

264 2120 444 2170 τησιν.
497 2100 585 2153 Ἐν
631 2101 760 2168 γοῦν
820 2101 936 2158 ταῖς
983 2094 1210 2165 Πράξεσι
1261 2097 1368 2148 τῶν
1417 2089 1741 2146 ἀποστόλων
1809 2088 1920 2144 ἐστὶ

2030 1997 2267 2054 illorum
2298 2001 2643 2072 represserit
2671 2005 3159 2074 percontationes.
3211 2006 3487 2064 Ptaaterea
3534 2009 3676 2066 scri-

2030 2091 2199 2158 ptum
2232 2092 2321 2144 est
2350 2088 2410 2144 in
2443 2090 2668 2146 actibus
2699 2092 3122 2166 apostolorum,
3155 2112 3290 2152 cum
3333 2097 3558 2170 angelis
3589 2097 3679 2154 in-

264 2189 668 2265 γεγραμμένον,
718 2187 882 2256 ἡνίκα
930 2178 1098 2254 ἐπέϐη
1155 2188 1272 2244 τοῖς
1314 2179 1590 2257 ἀγγέλοις,
1622 2173 1918 2234 ἀναϐαίνων

2045 2174 2354 2248 laberetur,
2386 2183 2451 2233 ut
2480 2178 2653 2236 homo
2677 2183 3084 2253 ascendens,et
3114 2199 3558 2258 carnem,quam
3580 2201 3682 2258 ge-

271 2278 351 2339 ὡς
381 2275 686 2350 ἄνθρωπος,
734 2274 824 2330 καὶ
873 2274 1149 2352 ἀναφέρων
1203 2271 1278 2333 εἰς
1323 2271 1413 2326 τὸν
1453 2268 1676 2344 οὐρανὸν
1709 2269 1770 2336 ἣν
1800 2266 1924 2342 ἐφό-

265 2386 348 2442 ρει
380 2366 574 2439 σάρκα·
607 2366 695 2419 ὅτε
750 2363 839 2418 καὶ
892 2363 943 2417 οἱ
1001 2360 1236 2435 μαθηταὶ
1268 2363 1432 2414 τοῦτο
1472 2356 1784 2434 βλέποντες,
1816 2354 1919 2410 πά-

267 2454 357 2510 λιν
389 2455 647 2529 ἠρώτων.
682 2452 821 2509 Πότε
847 2453 910 2508 τὸ
941 2449 1100 2513 τέλος
1141 2447 1309 2522 ἔσται,
1362 2447 1473 2519 καὶ,
1523 2446 1660 2502 Πότε
1705 2444 1767 2499 σὺ
1815 2466 1920 2499 πα-

271 2543 488 2620 ραγίνῃ,
543 2544 684 2598 εἶπεν
742 2543 857 2615 (84)
904 2540 1087 2601 αὐτοῖς
1138 2538 1530 2616 φανερώτερον*
1596 2535 1712 2593 Οὐκ
1772 2533 1924 2607 ὑμῶν

269 2633 384 2688 ἐστι
469 2637 671 2707 γνῶναι
757 2629 994 2707 χρόνους
1070 2627 1106 2698 ἢ
1179 2625 1403 2699 καιροὺς
1475 2625 1568 2688 οὕς
1628 2625 1656 2678 6
1737 2624 1921 2699 Πατὴρ

271 2720 424 2776 ἔθετο
475 2721 526 2776 ἐν
570 2725 640 2795 τῇ
692 2717 804 2791 ἰδίᾳ
860 2716 1089 2790 ἐξουσίᾳ.
1151 2717 1247 2772 Καὶ
1307 2714 1407 2770 οὐκ
1455 2715 1569 2770 εἶπε
1777 2713 1925 2784 τότε,

273 2807 420 2868 Οὖδέ
471 2811 498 2863 6
553 2808 700 2878 Υἱὸς,
754 2808 934 2884 ὥσπερ
985 2807 1126 2861 εἶπεν
1166 2805 1273 2880 πρὸ
1320 2801 1519 2858 τούτου
1550 2800 1924 2875 ἀνθρωπίνως,

274 2897 410 2954 ἀλλ’
437 2901 617 2971 ’Υμῶν
669 2896 768 2952 οὐκ
811 2895 921 2952 ἔστι
957 2899 1182 2970 γνῶναι.
1238 2893 1437 2950 Λοιπὸν
1485 2892 1582 2968 γὰρ
1615 2891 1681 2958 ἧν
1729 2893 1763 2959 ἡ
1798 2891 1925 2966 σὰρξ

275 2989 584 3058 ἀναστᾶσα,
642 2985 732 3040 καὶ
804 2985 1112 3056 ἀποθεμένη
1192 2983 1290 3050 τὴν
1349 2981 1608 3054 νέκρωσιν
1666 2977 1756 3032 καὶ
1807 2979 1924 3032 θεο-

274 3080 594 3144 ποιηθεῖσαο
643 3074 733 3129 καὶ
777 3071 954 3127 οὐκέτι
1000 3068 1199 3144 ἔπρεπε
1264 3068 1534 3143 σαρκικῶς
1600 3065 1757 3120 αὐτὸν
1801 3067 1928 3121 ἀπο-

272 3164 561 3236 κρίνασθαι
608 3161 974 3237 ἀνερχόμενον
1026 3159 1103 3222 εἷς
1149 3157 1278 3220 τοὺς
1319 3154 1600 3230 οὐρανοὺς,
1634 3154 1778 3211 ἀλλὰ
1809 3153 1927 3210 λοι-

273 3255 380 3308 πὸν
413 3254 609 3313 θεῖκῶς
638 3248 868 3324 διδάξαι,
900 3248 981 3304 ὅτι
1027 3249 1151 3324 Οὐχ
1200 3248 1351 3319 ὑμῶν
1401 3245 1510 3300 ἑστι
1560 3248 1760 3318 γνῶναι
1791 3242 1928 3319 χρό-

2031 2265 2245 2332 stabat,
2277 2265 2335 2320 in
2364 2266 2575 2322 coelum
2608 2268 2874 2341 etl‘erens,
2907 2271 3086 2344 idque
3114 2273 3373 2331 videnies
3402 2274 3684 2348 discipuli

2031 2352 2151 2408 haec
2183 2354 2394 2410 iterum
2417 2356 2488 2411 ab
2507 2372 2572 2412 eo
2595 2365 2944 2430 quaererent,
2966 2362 3345 2432 quandonam
3361 2363 3497 2419 ﬁnis
3520 2364 3676 2420 futu-

2032 2455 2134 2496 rus
2163 2445 2678 2512 esset,et,Quando
2698 2449 2763 2501 tu
2787 2453 3070 2505 venturus
3101 2466 3186 2517 es,
3210 2451 3406 2523 ipsum
3426 2451 3684 2522 apertius

2030 2529 2115 2585 ita
2144 2529 2260 2586 illis
2294 2532 2669 2603 respondisse
2703 2551 2716 2590 :
2742 2536 2857 2590 Non
2888 2547 2967 2592 est
2999 2546 3240 2595 vestrum
3259 2555 3416 2595 nosse
3433 2543 3683 2612 tempora

2032 2627 2086 2674 et
2113 2624 2389 2675 momenta
2420 2636 2544 2692 qua
2571 2623 2737 2679 Pater
2761 2628 2943 2695 posuit
2975 2628 3034 2682 in
3063 2644 3176 2684 sua
3200 2633 3465 2700 potestate
3485 2630 3686 2688 ".Non

2034 2711 2197 2775 tunc,
2227 2712 2292 2762 ut
2321 2714 2518 2778 antea,
2549 2717 2830 2782 tanquam
2864 2714 3039 2770 homo
3071 2716 3237 2784 dixit,
3271 2717 3451 2790 Neque
3478 2718 3688 2786 Filius,

2035 2797 2160 2864 sed,
2196 2801 2457 2852 Vestrum
2479 2814 2589 2853 non
2619 2804 2699 2856 est
2726 2803 2885 2858 scire.
2917 2803 3045 2859 Jam
3075 2805 3367 2876 siquidem
3402 2807 3689 2862 revixerat

2037 2900 2190 2955 caro,
2223 2886 2294 2941 de
2321 2891 2713 2960 posueratque
2735 2893 3148 2948 mortalitatem
3183 2898 3240 2949 et
3265 2894 3459 2949 divina
3479 2896 3686 2950 effecta

2036 2978 2180 3040 erat,
2213 2991 2280 3030 ae
2303 2976 2550 3046 proinde
2593 2993 2728 3033 eum
2763 2979 2822 3034 in
2855 2981 3028 3036 ccelos
3087 2983 3500 3040 ascendentem
3544 2982 3680 3055 'jam

2038 3079 2152 3118 non
2185 3063 2426 3119 decebat
2455 3068 2780 3123 secundum
2813 3085 3047 3125 carnem
3087 3072 3462 3143 respondere,
3494 3073 3595 3129 sed
3620 3077 3685 3128 ut

2037 3152 2222 3209 Deum
2253 3155 2456 3210 docere
2481 3160 2538 3212 et
2567 3155 2757 3214 dicere
2790 3175 2802 3213 ε
2836 3161 2952 3216 Non
2981 3166 3057 3216 est
3086 3171 3327 3218 vestrum
3356 3179 3515 3220 noue
3545 3168 3682 3220 tem-

2036 3257 2171 3314 pora
2193 3242 2286 3298 vel
2316 3253 2598 3301 momenta
2627 3263 2746 3317 quae
2773 3251 2939 3305 Pater
2965 3253 3146 3321 posuit
3165 3255 3224 3307 in
3256 3269 3356 3308 sua
3385 3258 3685 3324 potestate:

271 3363 402 3403 νους
433 3340 469 3409 ἣ
515 3338 740 3416 καιροὺς
787 3340 922 3413 (86),
973 3335 1065 3399 οὕς
1125 3337 1152 3390 6
1207 3335 1390 3409 Πατὴρ
1423 3331 1572 3397 ἔθετο
1607 3331 1657 3386 ἐν
1690 3337 1758 3406 τῇ
1818 3329 1924 3405 ἰδίᾳ

2045 3331 2132 3387 sed
2161 3333 2445 3404 accipietis
2472 3336 2736 3392 virtutem
2767 3339 2830 3392 ‘3.
2869 3342 3004 3406 Quae
3036 3345 3233 3397 autem
3282 3342 3468 3398 virtus
3500 3343 3693 3399 Patris

275 3430 511 3502 ἐξουσίᾳ·
545 3427 692 3484 ἀλλᾶ
726 3427 967 3502 λήψεσθε
997 3424 1224 3499 δύναμιν
1256 3426 1387 3498 (87).
1421 3421 1517 3484 Τίς
1550 3419 1606 3477 δὶ
1636 3424 1670 3490 ἡ
1703 3418 1929 3494 δύναμις

269 3522 372 3574 τοῦ
404 3519 617 3591 Πατρὸς
648 3516 683 3586 ἢ
727 3517 755 3570 6
785 3515 946 3586 Υἱός;
1002 3514 1234 3589 Χριστὸς
1280 3512 1384 3589 γὰρ
1416 3515 1549 3567 Θεοῦ
1580 3508 1810 3584 δύναμις
1839 3511 1928 3566 καὶ

279 3611 418 3664 Θεοῦ
457 3605 647 3684 Σοφία.

350 3699 440 3753 49.
468 3692 627 3754 Οἶδεν
665 3690 768 3766 ἄρα
798 3693 826 3748 6
856 3691 983 3754 Υἱὸς
1027 3689 1203 3766 Λόγος
1237 3685 1334 3744 ὥν·
1368 3693 1529 3744 τοῦτο
1558 3687 1658 3764 γὰρ
1691 3691 1801 3761 (88)
1835 3686 1926 3744 λέ-

274 3807 392 3861 γων
441 3784 750 3856 ἆσήμαινεν,
811 3780 892 3836 ὅτι
932 3781 1071 3856 Ἐγὼ
1102 3777 1248 3851 οἶδα,
1279 3776 1426 3833 ἀλλά
1455 3777 1554 3833 οὐκ
1581 3771 1720 3832 ἔστιν
1771 3778 1923 3850 ὑμῶν

274 3879 501 3950 γνῶναι·
558 3870 626 3927 δι’
681 3873 822 3945 ὑμᾶς
868 3871 968 3948 γὰρ
1007 3869 1096 3924 καὶ
1129 3867 1181 3925 ἰν
1210 3872 1289 3940 τῷ
1321 3867 1434 3944 ὀρει
1464 3869 1772 3939 καθήμενος
1804 3888 1925 3944 σαρ-

274 3967 448 4027 κικῶς
521 3963 693 4032 εἶπον,
751 3958 891 4018 Οὐδὶ
940 3960 968 4013 6
1017 3959 1140 4020 Υἱὸς
1194 3954 1324 4030 οἶδε,
1359 3953 1447 4010 διὰ
1500 3956 1562 4010 τὸ
1623 3956 1775 4028 ὑμῶν
1833 3957 1924 4012 καὶ

276 4055 498 4108 πάντων
547 4051 838 4128 συμφέρον·
899 4046 1157 4126 συμφέρει
1205 4048 1308 4122 γὰρ
1363 4047 1489 4119 ὑμῖν
1522 4045 1767 4118 καὶπερὶ
1814 4050 1923 4101 τῶν

273 4140 524 4218 ἀγγέλων
555 4138 644 4194 καὶ
701 4137 827 4212 περὶ
873 4140 971 4191 τοῦ
1015 4136 1144 4191 Υἱοῦ
1191 4136 1307 4208 (89)
1349 4133 1522 4197 οὕτως
1561 4134 1802 4205 ἀκοῦσαι,
1835 4131 1926 4189 διὰ

270 4229 406 4292 τοὺς
463 4228 754 4301 ἐσομὲνους
805 4225 938 4299 μετὰ
983 4228 1148 4279 ταῦτα
1193 4222 1472 4288 πλάνους,
1537 4219 1631 4278 (ίνα
1683 4219 1781 4278 κᾶν
1848 4223 1923 4286 ὡς

276 4315 513 4393 ἄγγελοι
602 4313 1190 4390 μιτασχηματίσωνται
1483 4308 1756 4384 δαίμονες,
1835 4311 1926 4366 καὶ

270 4407 402 4484 περὶ
431 4412 535 4476 τῆς
567 4403 873 4465 συντελείας
906 4402 1301 4478 ἐπιχειρήσωσι
1332 4399 1535 4475 λίγιιν,
1598 4401 1674 4472 μὴ
1707 4399 1924 4454 πιστεύ-

276 4517 434 4567 σητε,
468 4495 542 4557 ὠς
573 4491 912 4570 ἀγνοούντων
945 4490 1139 4547 αὐτῶν.
1196 4495 1296 4545 "Av
1344 4486 1402 4543 δὶ
1445 4487 1535 4543 καὶ
1584 4489 1612 4543 6
1641 4487 1926 4566 Ἀντίχρι-

352 4606 396 4640 ⁸⁷
426 4607 554 4660 Act.
577 4619 617 4672 ι,
642 4604 698 4658 7.
776 4601 821 4637 ‘3
849 4599 992 4656 ibid.
1023 4599 1080 4667 7,
1111 4599 1165 4654 8.
1240 4598 1286 4634 ‘9
1316 4598 1339 4653 Ι
1369 4598 1499 4654 Cor.
1531 4615 1572 4666 ι,
1603 4597 1694 4653 24.

2039 3425 2248 3492 praater
2277 3421 2493 3478 Filium
2517 3424 2545 3477 ‘l
2576 3425 2833 3482 Christus
2864 3428 3019 3484 enim
3056 3430 3154 3486 Dei
3174 3432 3350 3486 virtus
3387 3439 3438 3487 et
3467 3433 3566 3489 Dei
3587 3432 3692 3488 Sa-

2035 3512 2255 3583 pientia
2277 3511 2342 3566 ‘9.

2111 3689 2457 3746 49.Noverat
2484 3691 2681 3764 itaque
2713 3693 3506 3770 Filius,utpotequiVerbum
3526 3704 3682 3768 erat;

2037 3780 2192 3835 unde
2225 3779 2369 3835 mihi
2393 3780 2622 3836 videtur
2640 3781 2877 3839 illorum
2899 3787 3207 3842 verborum
3222 3787 3273 3844 is
3290 3803 3417 3845 esse
3435 3805 3676 3844 sensus:

2037 3867 2152 3940 Ego
2186 3869 2423 3940 quidem
2456 3870 2609 3938 novi,
2643 3872 2743 3927 sed
2788 3878 3047 3930 vestrum
3081 3893 3196 3932 non
3227 3881 3317 3932 est
3361 3893 3551 3933 nosse.
3585 3878 3679 3932 Id-

2035 3958 2188 4013 circo
2219 3958 2373 4014 enim
2407 3975 2541 4014 cum
2572 3959 2630 4015 in
2664 3967 2861 4018 monte
2891 3965 3519 4035 sederem,secundum
3549 3982 3674 4022 car-

2034 4064 2169 4103 nem
2201 4047 2344 4114 dixi,
2377 4048 2557 4120 Neque
2581 4050 2757 4106 Filius
2785 4054 2961 4123 novit,
3012 4054 3152 4126 quia
3203 4055 3262 4111 id
3307 4055 3472 4111 vobis
3501 4058 3678 4126 atque

2036 4135 2312 4192 omnibus
2337 4135 2482 4192 utile
2509 4141 2650 4193 erat.
2685 4138 2816 4195 Haec
2848 4141 3138 4212 siquidem
3179 4147 3238 4199 et
3267 4145 3340 4200 de
3369 4143 3593 4216 angelis
3623 4147 3684 4198 et

2037 4225 2109 4281 de
2138 4224 2281 4280 Filio
2303 4225 2506 4281 audire
2531 4227 2698 4284 vobis
2737 4229 3012 4286 conducit
3041 4235 3276 4304 prepter
3306 4233 3533 4288 futuros
3565 4232 3681 4287 im-

2037 4317 2324 4385 postores,
2355 4319 2438 4385 ut,
2471 4314 2521 4370 si
2553 4315 2664 4387 ipsi
2693 4317 3007 4386 daemones,
3039 4319 3233 4392 angeli
3277 4320 3471 4394 specie
3503 4321 3686 4378 simu-

2039 4399 2176 4469 lata,
2211 4401 2281 4457 de
2309 4401 2425 4458 ﬁne
2454 4404 2657 4459 mundi
2691 4404 3098 4479 disseruerint,
3148 4408 3232 4466 eis
3265 4427 3382 4466 non
3415 4409 3690 4478 credatis,

2042 4489 2261 4563 quippe
2287 4489 2390 4563 qui
2420 4489 2592 4548 illum
2621 4491 2913 4564 ignorent.
2947 4495 3008 4552 Si
3040 4495 3179 4554 item
3208 4499 3694 4568 Antichristus,se

353 4708 684 4785 (77-78)‘_Sio
712 4711 853 4785 Reg.
888 4707 940 4776 1,
963 4706 1212 4785 _Seguer.
1253 4703 1484 4785 Gobler:
1520 4707 1578 4760 et
1605 4703 1754 4785 Felc.
1795 4705 1846 4774 1,
1869 4709 1924 4762 Δγ

2085 4703 2234 4785 _(8§)
2267 4705 2391 4785 Ego
2427 4704 2746 4785 verba,_xal
2778 4705 2896 4785 οὐκ,
2928 4714 3062 4780 etc.,
3096 4729 3283 4785 usque
3328 4712 3401 4768 ad
3459 4708 3606 4785 ἔθετο
3639 4709 3690 4764 ἐν

283 4771 387 4842 alii
419 4787 478 4838 et
505 4771 682 4837 editio
721 4771 1002 4836 Coi'nm'el.
1036 4771 1318 4833 Emittunt
1351 4771 1492 4848 μηδὲ
1523 4771 1867 4849 θροηθῶμεν.

358 4871 473 4945 (79)
506 4870 684 4927 Basil.
723 4872 780 4924 et
809 4866 958 4923 Felc.
989 4867 1044 4921 5‘
1077 4867 1269 4926 θεϊκῶς
1314 4863 1504 4935 εἰπεῖν,
1540 4861 1624 4918 ὅτι
1651 4863 1767 4922 Οὐκ
1793 4861 1934 4920 οἶδα.

382 4961 474 5029 80)
505 4961 642 5028 Reg.
675 4957 704 5029 1
736 4959 794 5029 et
827 4955 1091 5029 Seguer,_,
1147 4954 1222 5025 μὴ
1274 4953 1724 5026 κατερωτήσωσιν
1785 4951 1942 5006 αὐτὸν

287 5023 381 5088 καὶ
413 5023 617 5100 λοιπὸν
641 5027 718 5100 μὴ
750 5023 1007 5100 εἰρηκῶς,
1043 5023 1173 5081 Haec
1204 5023 1558 5100 autemiquaa
1617 5029 1945 5100 sequuntur

291 5104 493 5172 verba,
523 5092 745 5172 λυπῆσλῃ
774 5092 900 5152 τ’ότε
927 5095 1053 5157 τοὺς
1092 5096 1358 5169 μαθητὰς,
1390 5093 1424 5163 ἢ
1447 5092 1945 5168 ἐῖρηκώςξαὺειωι

296 5195 330 5234 a
362 5173 538 5232 Basil.

367 5245 483 5319 (81)
513 5243 748 5298 Primus
778 5241 958 5295 codex
1010 5238 1252 5365 Regius.
1282 5242 1339 5294 et
1385 5238 1651 5322 segnem,
1713 5237 1943 5312 ποιήσῃ.

367 5319 514 5365 mins
547 5313 860 5365 secundus.
893 5329 1061 5364 ποιει.
1150 5311 1276 5365 diti.
1309 5328 1464 5365 ποιη.
1497 5311 1653 5365 quod
1679 5311 1943 5365 verbum.

1540 5311 1653 5365 uod
1679 5311 1945 5380 verbum,

299 5311 514 5395 Regius
547 5313 860 5395 secundus,
893 5311 1276 5395 1t?t§t.nE(!i‘ti,
1309 5311 1464 5395 ποιῇ,

298 5378 454 5446 υιῖι
483 5387 513 5440 ’ὀ
544 5384 652 5459 γὰρ
679 5378 763 5452 ἂν,
795 5378 957 5459 deest
991 5381 1311 5459 in_G_obler.
1357 5378 1592 5459 et'_Felc.
1626 5381 1678 5437 1.

370 5461 486 5533 (82)
519 5450 994 5529 Regius'primus
1022 5457 1079 5509 et
1107 5453 1371 5525 Seguer.,
1405 5450 1522 5507 οὐκ.

373 5549 490 5621 (83)
521 5547 758 5621 Primus
792 5543 971 5621 codex
1009 5541 1308 5621 Regiuset
1343 5545 1576 5621 Seguer.
1620 5541 1848 5598 addunt
1877 5537 1951 5594 ct-

306 5613 446 5692 πεῖν,
470 5613 639 5692 quod
671 5617 731 5672 in
761 5614 893 5671 aliis
922 5618 982 5670 et
1011 5613 1186 5670 editis
1216 5616 1402 5669 deest.

377 5709 669 5794 (89.1105.
704 5705 1101 5794 t,"Begu_egr.__et
1135 5701 1282 5758 Felc.
1331 5702 1387 5771 5,
1435 5699 1523 5754 καὶ
1585 5700 1751 5768 εἶπεν,
1799 5701 1955 5773 quod

314 5773 393 5838 in‘
408 5773 542 5838 aliis
571 5773 643 5836 et
656 5773 830 5834 editis
860 5773 1095 5848 legitur.

635 5903 900 5968 PA’I'BOL.
948 5901 1058 5965 Gn.
1108 5869 1324 5970 XXVI.

2047 4771 2265 4855 rﬁ't'e‘tq
2293 4774 2505 4855 ἐξουσίᾳ
2535 4771 2818 4836 inclusive
2848 4771 3063 4855 desunt
3092 4784 3151 4840 in
3185 4771 3429 4855 Eeguer.
3460 4781 3691 4855 Gobler.

2050 4847 2106 4936 et
2135 4847 2294 4936 Felc.‘
2319 4851 2365 4904 1.
2406 4849 2536 4936 Mox
2569 4855 2814 4936 uterque
2854 4854 3100 4936 Regius,
3131 4847 3301 4936 Basil.
3334 4859 3392 4910 et
3438 4853 3693 4926 Anglic.,

2051 4917 2546 4998 51115396106100.
2581 4921 2692 4998 Alii
2717 4917 2783 4998 et
2811 4917 2987 4998 editi,
3005 4917 3111 4998 πρὸ
3142 4924 3372 4979 τούτων.

2130 4990 2246 5082 (86)
2292 4993 2540 5064 Anglic.,
2600 4991 2699 5046 οὐκ
2760 4993 2909 5066 ὑμῶν
2958 4990 3260 5069 ’ἐπιγνῶναι
3319 4994 3550 5071 χρόνους
3607 4991 3698 5049 καὶ

2053 5080 2295 5117 καιρους.

2129 5079 2395 5216 (ἓζΐῗξὶο.
2426 5137 2565 5216 Reg.
2625 5135 2968 5216 LUSeguer.
3022 5138 3255 5216 G_ob_ler_.
3312 5137 3471 5216 Felo._
3530 5140 3579 5208 1,
3633 5141 3704 5216 ut

2059 5203 2299 5267 et‘legit
2345 5203 2630 5262 Nannius.
2685 5208 2758 5261 At
2795 5203 2892 5262 alii
2919 5213 2976 5264 et
3006 5209 3184 5266 editio
3215 5209 3496 5267 Commel.
3530 5203 3702 5267 omit-

2059 5271 2894 5355 ιμξιι,ἒλλά,λ.ήιίεσθι,δβναμιγ
2921 5281 3069 5355 Mox
3098 5286 3238 5355 Reg.
3291 5284 3316 5337 1
3352 5286 3408 5338 et
3438 5286 3703 5355 Segueru

2061 5345 2096 5415 ἢ
2131 5345 2344 5426 ᾂΑξἸός..
2367 5345 2517 5426 Editi
2541 5353 2597 5426 et
2619 5349 2741 5426 alii,
2849 5349 2889 5426 _6
2920 5352 3168 5426 Χριστός.

2134 5419 2244 5497 (88)
2280 5416 2382 5489 Γάρ
2415 5421 2580 5497 abest
2610 5437 2644 5476 a
2673 5416 2877 5494 Reg—2
2905 5416 3140 5482 et'Felo.
3176 5427 3230 5480 5.
3273 5424 3423 5482 Ibid.
3481 5429 3622 5497 Reg.
3679 5426 3702 5476 1

2064 5493 2123 5545 et
2143 5487 2413 5563 Seguer.,
2448 5487 2732 5563 ἐσήμανεν.

2067 5560 2247 5684 Υὶ(89)
2278 5561 2489 5633 Regius
2523 5560 2638 5619 tet
2667 5567 2928 5636 Seguer.,
2960 5566 3084 5641 περὶ
3132 5565 3374 5644 ἀγγέλων
3431 5565 3520 5623 καὶ
3586 5562 3712 5642 περὶ

2134 5651 2215 5684 Ου.

2134 5651 2215 5686 ου,

2142 5703 2378 5781 (9Q)_Sic
2400 5707 2643 5781 uterque
2673 5709 2814 5781 Reg:
2840 5710 3079 5781 Seguer.
3113 5711 3285 5770 Basil.
3335 5716 3395 5770 et
3449 5710 3598 5770 Felc.
3661 5710 3710 5765 1.

2074 5778 2154 5833 At
2183 5775 2282 5832 alii
2310 5781 2369 5834 et
2401 5775 3182 5854 θάὶιῖμετασχὴμασῖίζωνται.

3361 5918 3438 5979 ﬂ
