4074 6372
224 3 1689 41 nucum
1760 40 1777 41 7

432 398 550 456 427

967 397 1033 458 S.
1080 396 1501 457 ATHANASII
1548 396 1721 458 OPP.
1766 395 1965 456 PARS
2011 392 2060 454 Ι.
2092 426 2170 436 -
2199 387 2616 454 HISTORICA
2658 390 2758 452 ET
2802 385 3283 453 DOGMATICA.

3715 386 3836 453 428

430 528 559 599 ipse
584 528 924 597 ementitus,
958 528 1133 599 dicat,
1166 527 1284 600 Ego
1316 545 1449 583 sum
1480 528 1770 598 Christus,
1802 531 1975 599 atque
2005 524 2061 581 dt

2188 542 2310 584 στος
2363 522 2731 594 μεταποιήσας
2780 520 2966 576 ἑαυτὸν
3016 520 3130 594 (91)
3190 518 3359 597 λέγῃ*
3435 520 3576 596 Ἐγώ
3624 518 3740 595 εἶμι
3804 521 3832 575 6

432 617 523 672 die
555 615 655 671 illo
686 621 743 672 et
774 617 887 673 fine
908 615 1070 688 loqui
1101 615 1569 688 aggrediatur,ut
1597 616 1902 673 audientes
1924 613 2077 671 deci-

432 708 576 778 piat,
605 722 707 762 vos
739 722 877 761 meae
908 704 1156 775 hujusce
1189 704 1549 777 vocis,Neque
1576 706 1773 771 Filius,
1790 720 2080 761 memores

433 793 606 851 ﬁdem
640 793 724 848 illi
757 794 1362 864 denegetis.Praeterea
1384 793 1550 850 valde
1572 793 1911 850 hominibus
1936 792 2079 848 utile

432 887 521 940 est
549 882 725 939 ﬁnem
759 887 818 938 et
845 883 1001 938 diem
1025 882 1162 939 finis
1186 882 1476 955 ignorare,
1501 899 1596 955 ne,
1624 883 1674 938 si
1697 898 1831 938 eum
1859 898 2078 955 cogno-

430 976 676 1042 scerent,
710 970 1128 1029 intermedium
1159 970 1523 1045 negligerent
1554 977 1808 1044 tempus,
1838 972 2080 1043 diesque

429 1062 531 1117 fini
558 1060 856 1133 proximos
887 1064 1319 1132 exspectarent,
1353 1066 1418 1116 ut
1446 1065 1585 1116 tunc
1616 1062 1808 1117 solum
1838 1060 1949 1117 sibi
1978 1077 2076 1117 va-

429 1154 630 1206 carent
649 1155 708 1205 et
739 1148 1071 1221 vigilarent.
1090 1150 1373 1214 Quocirca
1395 1158 1629 1222 tempus
1652 1151 1861 1207 mortis
1882 1149 2079 1222 singu-

424 1238 620 1294 lorum
652 1238 905 1306 reticuit,
936 1253 1010 1293 ne
1041 1238 1383 1309 hujusmodi
1414 1239 1745 1312 cognitione
1767 1238 1952 1295 inﬂati
1974 1239 2077 1294 ho-

427 1326 959 1398 mines,maximam
994 1327 1273 1399 temporis
1304 1334 1526 1400 partem
1560 1327 1923 1401 negligenter
1943 1343 2076 1400 age-

424 1419 909 1487 rent.Utrumque
923 1431 1059 1487 ergo
1073 1416 1402 1471 etomnium
1424 1433 1618 1473 rerum
1636 1416 2077 1488 etsingulorum

427 1504 603 1560 ﬁnem
641 1520 746 1559 nos
777 1503 985 1559 celavit
1017 1504 1266 1558 Verbum
1299 1504 1459 1575 (‘nam
1506 1503 1878 1576 singulorum
1919 1503 2075 1568 linis,

427 1592 694 1648 omnium
727 1609 960 1664 quoque
993 1591 1126 1647 ﬁnis
1141 1596 1389 1661 est,cum
1414 1592 1681 1648 omnium
1712 1592 1848 1648 ﬁnis
1867 1591 1927 1647 in
1951 1592 2077 1648 sin-

428 1681 706 1753 gulorum
737 1680 852 1736 ﬁne
884 1680 1272 1751 contineatur)
1309 1698 1322 1736 :
1357 1686 1442 1746 ut,
1474 1680 1952 1753 quandoquidem
1986 1679 2076 1736 in-

425 1776 625 1826 certus
657 1768 754 1826 ille
782 1774 873 1824 est
902 1773 959 1825 et
987 1785 1223 1841 semper
1252 1786 1286 1824 a
1317 1769 1486 1825 nobis
1506 1773 1898 1842 exspectatur,
1931 1785 2076 1841 quo-

423 1858 566 1914 tidie
590 1858 749 1914 velut
772 1858 958 1913 vocati
979 1858 1454 1929 proﬁciamus,ad
1478 1875 1546 1914 ea
1561 1850 1695 1930 quae
1722 1862 1863 1916 sunt
1882 1858 2079 1931 priora

424 1948 818 2021 nosmetipsos
848 1947 1227 2003 extendentes
1259 1952 1315 2003 et
1346 1964 1475 2019 quea
1501 1953 1657 2005 retro
1688 1953 1827 2005 sunt
1873 1946 2078 2004 oblivi-

424 2044 649 2094 scentes
677 2038 741 2092 5°.
773 2036 915 2103 Quis
945 2036 1102 2092 enim
1134 2035 1227 2092 die
1249 2036 1493 2092 extremi
1525 2037 1660 2093 finis
1695 2037 1927 2110 cognito
1958 2052 2076 2091 non

423 2127 841 2183 intermedium
874 2125 1134 2181 differret
1164 2130 1398 2197 tempus
1427 2126 1454 2179 ?
1484 2126 1525 2181 E
1557 2131 1849 2181 contrario
1878 2130 2075 2181 autem

430 2216 587 2287 quis,
619 2214 719 2271 illo
749 2214 1037 2287 ignorato,
1068 2230 1182 2270 non
1206 2231 1267 2270 se
1288 2215 1549 2286 quotidie
1580 2216 1789 2270 debeat
1834 2216 2077 2286 parare?

430 2304 576 2360 Hinc
609 2304 874 2361 subdidit
902 2303 1208 2359 Salvator:
1246 2302 1481 2373 Vigilate
1522 2320 1670 2373 ergo,
1721 2306 1853 2375 quia
1901 2319 2076 2374 neque

427 2410 518 2449 vos
547 2395 718 2449 nostis
748 2409 862 2464 qua
893 2392 1035 2448 hora
1084 2393 1233 2449 475
1282 2393 1545 2448 Dominus
1590 2399 1766 2448 vester
1820 2400 2077 2449 venturus

426 2484 497 2539 sit
513 2483 664 2549 “;et,
692 2483 806 2549 Qua
830 2497 939 2537 non
959 2482 1169 2552 putatis
1193 2480 1327 2537 hora
1347 2482 1523 2537 Filius
1545 2483 1783 2538 hominis
1808 2484 1984 2537 veniet
2004 2482 2071 2536 ⁸².

424 2574 629 2641 Itaque
658 2571 731 2625 ob
765 2568 1261 2640 utillitatem,qua3
1291 2588 1360 2625 ex
1390 2570 1498 2626 hac
1529 2570 1715 2627 oritur
1746 2570 2075 2643 ignorantia

425 2659 507 2715 ita
536 2663 627 2715 est
657 2658 909 2715 locutus.
940 2659 1045 2713 His
1092 2658 1249 2714 enim
1280 2658 1472 2715 verbis
1521 2676 1627 2716 nos
1686 2660 1952 2715 hortatur
2009 2662 2075 2714 ut

424 2764 657 2820 semper
684 2746 869 2819 parati
899 2748 1109 2803 simus.
1143 2746 1259 2803 Vos
1288 2747 1472 2814 enim,
1530 2748 1744 2819 inquit,
1780 2747 2021 2804 nescitis
2050 2765 2071 2803 .-

424 2854 530 2910 ego
560 2854 693 2893 vero
721 2835 1009 2893 Dominus
1067 2836 1220 2902 novi,
1269 2837 1503 2908 quando
1571 2841 1854 2893 venturus
1913 2853 2070 2907 sum,

426 2925 698 2999 quamvis
726 2924 924 2981 Ariani
954 2940 1068 2993 me,
1097 2925 1200 2997 qui
1227 2923 1419 2982 Patris
1448 2941 1583 2981 sum
1649 2925 1918 2993 Verbum,
1952 2942 2070 2980 non

427 3018 785 3088 exspectent.

2188 610 2442 686 Χριστὸς,
2490 609 2579 665 καὶ
2636 609 2865 686 πειράσῃ
2923 608 3012 663 καὶ
3069 607 3230 663 αὐτὸς
3288 607 3413 683 περὶ
3468 614 3569 678 τῆς
3624 608 3835 684 ἡμέρας

2185 700 2276 754 καὶ
2308 696 2608 761 συντελείας
2646 696 2846 775 λέγειν,
2901 698 3037 774 πρὸς
3086 697 3152 753 τὸ
3199 696 3478 768 πλανῆσαι
3507 695 3635 760 τοὺς
3669 696 3833 753 ἀκού-

2188 807 2364 851 οντας’
2398 784 2618 865 ἔχοντες
2653 788 2807 862 ὑμεῖς
2838 787 2966 863 παρ’
2997 785 3133 861 ἐμοῦ
3161 786 3262 856 τήν
3296 787 3508 863 φωνὴν,
3561 784 3645 842 ὅτι
3694 783 3837 845 Οὑδὲ

2188 878 2216 933 6
2266 877 2412 948 Υἱὸς,
2471 873 2613 950 μηδὲ
2658 875 2842 949 ἐκείνῳ
2890 874 3254 945 πιστεύσητε.
3325 873 3552 939 ¹’Δλλως
3600 897 3660 931 τε
3709 873 3838 931 οὐδὲ

2189 963 2385 1021 εἰδέναι
2426 962 2591 1020 πάλιν
2649 965 2783 1020 πότε
2833 965 2897 1020 τὸ
2943 964 3128 1037 τέλος,
3178 963 3215 1033 ἢ
3264 962 3397 1021 πότε
3437 962 3535 1020 τοῖ’)
3575 963 3767 1027 τέλους
3797 968 3833 1035 ἢ

2186 1056 2389 1131 ἡμέρα,
2450 1053 2712 1132 συμφέρει
2759 1059 2879 1117 τοῖς
2928 1053 3263 1130 ἀνθρώποις,
3307 1050 3399 1110 ’ίνα
3451 1054 3552 1127 μή,
3592 1053 3834 1131 γνόντες,

2184 1144 2587 1222 καταφρονηταὶ
2637 1148 2733 1197 τοῦ
2784 1143 2985 1217 μεταξὺ
3039 1142 3246 1220 χρόνου
3292 1144 3576 1219 γένωνται,
3614 1154 3839 1217 περιμε-

2186 1254 2367 1296 νοντες
2394 1234 2489 1295 τὰς
2518 1231 2676 1309 ἐγγὺς
2706 1236 2804 1287 106
2832 1231 3026 1295 τέλους
3065 1233 3297 1308 ἡμέρας·
3347 1232 3471 1288 τότε
3515 1231 3617 1309 γὰρ
3672 1229 3834 1306 μόνον

2186 1322 2389 1378 ἑαυτῶν
2439 1320 2811 1395 ἰπιμελεῖσθαι
2860 1321 3286 1399 προφασίσονται
3344 1324 3477 1396 (92).
3533 1322 3633 1377 Διὰ
3673 1327 3836 1379 τοῦτο

2186 1432 2274 1466 και
2323 1412 2386 1467 τὸ
2422 1408 2663 1467 (ἑκάστου
2708 1409 2868 1473 τέλος
2912 1408 3010 1466 τοῦ
3058 1412 3288 1467 θανάτου
3335 1412 3695 1482 σεσιώπηκεν,
3746 1409 3839 1467 ἵνα

2190 1502 2267 1571 μὴ
2315 1500 2582 1578 προφάσει
2625 1504 2726 1565 τῆς
2791 1501 3045 1577 γνώσεως
3104 1501 3459 1579 φυσιωθέντες
3517 1502 3569 1556 οἱ
3630 1502 3837 1578 ἅνθρω-

2186 1609 2303 1660 ποι,
2332 1588 2557 1663 ἀμελεῖν
2589 1590 2790 1644 ἑαυτῶν
2820 1589 2885 1644 τὸ
2934 1588 3190 1646 πλεῖστον
3245 1584 3509 1667 ἄρξωνται
3553 1593 3651 1646 τοῦ
3698 1590 3835 1666 χρό-

2186 1698 2301 1733 νου.
2336 1674 2646 1756 Ἀμφότερα
2694 1675 2763 1748 δὴ
2813 1675 2906 1734 οὖν
2956 1680 3047 1733 καὶ
3078 1679 3140 1733 τὸ
3170 1676 3408 1734 καθόλου
3438 1675 3621 1749 τέλος,
3653 1678 3744 1734 καὶ
3773 1679 3838 1735 τὸ

2188 1766 2412 1823 ἑκάστου
2460 1766 2625 1845 πέρας
2671 1764 2896 1845 ἔκρυψεν
2953 1770 3067 1841 (93)
3116 1769 3203 1847 ἀφ’
3250 1770 3414 1842 ἡμῶν
3453 1769 3483 1824 6
3514 1769 3687 1845 Λόγος
3719 1768 3836 1844 (καὶ

2184 1857 2285 1932 γὰρ
2316 1856 2405 1911 καὶ
2457 1855 2509 1913 ἐν
2561 1856 2801 1922 καθόλου
2848 1857 2911 1912 τὸ
2937 1857 3163 1912 ἑκάστου
3191 1854 3353 1920 τέλος
3385 1855 3518 1930 ἐστὶ,
3549 1858 3638 1913 καὶ
3671 1855 3724 1913 ἐν
3753 1862 3836 1931 τῷ

2187 1945 2414 2002 ἑκάστου
2442 1945 2587 2003 τέλει
2616 1946 2679 2002 τὸ
2709 1944 2951 2002 καθόλου
2985 1946 3308 2021 συνάγεται),
3340 1941 3449 2018 ἵνα,
3495 1942 3707 2016 ἀδήλου
3738 1945 3834 2002 αὖ·

2183 2039 2281 2091 τοῦ
2312 2030 2467 2098 ὄντος
2516 2038 2629 2111 (94)
2676 2034 2766 2091 καὶ
2812 2035 2895 2090 ἀεὶ
2953 2032 3441 2112 προσδοκωμένου,
3472 2035 3592 2101 καθ’
3620 2034 3833 2112 ἡμέραν

2185 2126 2259 2187 ὡς
2330 2123 2664 2198 καλούμενοι
2720 2125 3145 2202 προκόπτωμεν,
3210 2130 3327 2187 τοῖς
3376 2123 3681 2201 ἔμπροσθεν
3734 2124 3835 2180 έπ-

2186 2214 2565 2287 εκτεινόμενοι,
2616 2217 2725 2269 τῶν
2789 2211 2847 2269 δὲ
2905 2210 3122 2278 ὄπισθεν
3182 2212 3688 2287 ἐπιλανθανόμενοι.
3738 2213 3831 2276 Τίς

2184 2302 2309 2378 γὰρ,
2366 2303 2646 2379 γινώσκων
2727 2303 2821 2376 μὶν
2866 2304 2966 2371 τήν
3030 2303 3237 2378 ἡμέραν
3305 2306 3403 2357 τοῦ
3454 2301 3669 2375 τέλους,
3723 2301 3833 2379 οὐχ

2187 2391 2522 2467 ὑπερτίθεται
2567 2393 2659 2446 τὸν
2710 2392 2905 2465 μεταξὺ
2952 2391 3173 2468 χρόνον·
3229 2390 3438 2468 ἀγνοῶν
3482 2389 3562 2460 δὶ,
3594 2391 3657 2446 06
3710 2393 3831 2447 καθ’

2184 2480 2391 2554 ἡμέραν
2439 2478 2661 2554 ἕτοιμος
2706 2481 2948 2557 γίνεται;
3001 2482 3098 2535 Διὰ
3143 2484 3309 2535 τοῦτο
3358 2481 3461 2557 γὰρ
3493 2479 3579 2536 ἐπὶ
3609 2479 3830 2544 τούτοις

2184 2568 2436 2648 ἐπέφερεν
2489 2571 2516 2625 6
2567 2571 2787 2646 Σωτὴρ,
2835 2568 3033 2646 λέγων·
3088 2575 3415 2646 Γρηγορεῖτε
3468 2567 3583 2641 οὖν,
3615 2569 3698 2624 ὅτι
3731 2569 3834 2626 οὑκ

2184 2656 2368 2713 οἴδατε
2425 2656 2554 2713 οὐδὲ
2603 2658 2781 2733 ὑμεῖς,
2834 2658 2967 2730 ποίᾳ
3023 2658 3138 2731 ὥρᾳ
3187 2660 3299 2732 (95)
3348 2659 3376 2713 6
3427 2658 3626 2736 Κύριος
3677 2658 3830 2733 ὑμῶν

2182 2742 2388 2821 ἔχεται*
2442 2746 2555 2820 καὶ,
2614 2752 2683 2816 ᾚ
2739 2745 2801 2802 οὑ
2863 2744 3073 2803 δοκεῖτε
3125 2745 3261 2821 ὥρᾳ,
3320 2748 3348 2801 6
3408 2747 3531 2810 Υἱὸς
3584 2752 3683 2804 τοῦ
3737 2748 3828 2803 ἀν-

2182 2836 2405 2910 θρώπου
2461 2829 2719 2911 ἔρχεταιο
2766 2832 2855 2890 διὰ
2899 2836 2963 2891 τὸ
3014 2834 3283 2913 συμφέρον
3335 2833 3437 2910 ἄρα
3496 2837 3559 2892 τὸ
3605 2838 3721 2911 (96)
3769 2836 3831 2892 ἑκ

2178 2930 2278 2993 τῆς
2326 2924 2545 3001 ἀγνοίας
2575 2928 2738 2980 τοῦτο
2771 2922 2975 3000 εἷ’ρῃκε.
3010 2923 3106 2979 Καὶ
3138 2923 3243 2999 γὰρ
3281 2924 3373 2979 καὶ
3421 2928 3583 2979 τοῦτο
3632 2922 3832 3000 λέγων,
3890 2926 3901 2937 ’

2184 3011 2440 3089 βούλεται
2498 3010 2587 3069 διὰ
2630 3013 2825 3076 παντὸς
2868 3015 3017 3088 ἡμᾶς
3070 3012 3323 3086 ἑτοίμους
3399 3013 3644 3089 γενέσθαι
3692 3015 3828 3088 (97)·

417 3105 599 3177 Ὑμεῖς
627 3103 753 3178 γὰρ,
786 3102 970 3181 φησὶν,
1004 3100 1102 3157 οὑκ
1133 3098 1331 3158 ο⁹ίδατε’
1365 3100 1470 3176 ἐγὼ
1502 3098 1559 3156 δὲ
1588 3102 1616 3156 ὁ
1648 3101 1848 3178 Κύριος
1878 3098 1998 3157 οἶδα
2024 3101 2157 3157 πότε
2186 3096 2446 3178 ἔρχομαι,
2484 3101 2580 3158 κᾶν
2612 3103 2662 3157 οἱ
2684 3102 2954 3179 Ἀρειανοί
2990 3123 3057 3175 με
3090 3104 3165 3175 μὴ
3199 3103 3314 3177 (98)
3341 3099 3687 3176 προσδοκῶσι
3718 3102 3827 3158 Λό-

419 3212 516 3267 γον
546 3188 674 3246 ὄντα
701 3195 798 3246 τυῦ
819 3189 1048 3267 Πατρός.

489 3281 580 3338 58.
604 3281 698 3337 Sic
730 3297 866 3354 ergo
894 3280 1201 3350 Dominus,
1235 3280 1336 3351 qui
1367 3270 1515 3353 quid
1544 3280 1712 3338 nobis
1738 3281 2057 3354 expediret,

2239 3281 2328 3337 50.
2361 3280 2423 3337 Ὁ
2456 3280 2550 3353 μὲν
2612 3280 2705 3335 οὗν
2757 3280 2988 3357 Κύριος,
3045 3280 3110 3335 τὸ
3155 3282 3317 3355 ἡμῶν
3362 3280 3637 3357 συμφέρον
3686 3279 3820 3357 ὑπὲρ

417 3370 630 3428 melius
661 3385 840 3442 quam
873 3386 978 3425 nos
1008 3374 1416 3437 noverat,suos
1454 3369 1776 3442 discipulos
1807 3370 2064 3426 firmavit

420 3477 486 3517 ac
499 3457 977 3530 munivit,illique
990 3457 1333 3529 hujusmodi
1350 3458 1623 3515 instructi
1638 3458 2061 3531 admonitione,

417 3548 879 3605 emendaverunt
897 3545 1451 3603 Thessalonicenses
1471 3548 1612 3616 “,ea
1633 3548 1691 3602 in
1711 3564 1772 3604 re
1803 3546 2062 3621 alioquin

415 3642 729 3693 erraturos.
763 3636 1004 3702 Quando
1044 3650 1176 3690 vero
1209 3651 1396 3705 neque
1444 3636 1536 3691 his
1584 3636 1801 3691 cedunt
1850 3635 2064 3692 Christi

415 3725 634 3797 hostes,
664 3723 900 3781 tametsi
932 3740 1046 3780 non
1076 3740 1167 3780 me
1197 3724 1346 3796 fugit
1375 3724 1584 3780 durius
1625 3724 1742 3780 illis
1789 3740 1889 3781 cor
1934 3742 2065 3782 esse

415 3830 593 3886 quam
626 3812 938 3879 Pharaoni,
974 3812 1160 3884 placet
1180 3816 1375 3868 tamen
1407 3812 1541 3868 illos
1566 3813 1776 3869 iterum
1817 3830 1886 3870 ea
1916 3816 1987 3870 de
2003 3831 2064 3871 re

416 3902 797 3976 interrogare.
834 3901 989 3957 Deus
1020 3901 1077 3955 in
1110 3900 1383 3972 paradiso
1415 3905 1811 3972 percontatur,
1869 3902 2061 3971 Adam,

414 3993 513 4048 ubi
539 4008 594 4049 es
622 3991 713 4047 5‘?
733 3990 979 4047 Cainum
1003 4006 1236 4063 quoque
1272 3990 1397 4062 ipse
1450 3990 1775 4062 interrogat
1806 4008 1818 4045 :
1857 3991 1956 4048 Ubi
1982 3997 2064 4047 est

415 4082 547 4138 Abel
572 4082 756 4153 frater
788 4090 913 4136 tuus
937 4079 1023 4134 ‘3?
1052 4078 1201 4144 Quid
1258 4078 1355 4134 hic
1402 4078 1599 4151 itaque
1649 4079 2016 4150 respondetis
2036 4080 2065 4135 ’ἲ

409 4170 557 4227 Nam
590 4172 639 4226 si
669 4186 803 4227 eum
836 4167 1059 4226 nescire
1085 4166 1461 4234 existimatis,
1510 4172 1567 4224 et
1605 4167 1822 4226 idcirco
1861 4169 2060 4226 scisci-

411 4260 524 4316 tari
559 4277 571 4316 :
607 4276 739 4315 cum
773 4258 1112 4315 Manichaeis
1132 4257 1390 4331 profecto
1413 4255 1889 4330 consentitis,qui
1912 4258 2064 4315 vide-

478 4359 802 4447 “ﬂPhilipp.
835 4376 921 4425 ιιι,
954 4359 1039 4414 13.
1116 4359 1158 4395 ⁵1
1190 4357 1395 4415 Matth.
1427 4375 1576 4427 xxxv,
1610 4359 1699 4414 42.
1774 4358 1819 4393 ⁶²
1849 4360 1987 4416 Luc.
2015 4378 2061 4417 x1

2188 4363 2240 4417 0.
2315 4360 2360 4399 ⁸³
2389 4358 2438 4416 ΙΙ
2467 4357 2738 4416 Thessal.
2772 4375 2835 4431 ιι,
2865 4359 2922 4416 2.
2997 4358 3044 4395 ⁸⁸
3081 4357 3220 4447 Gen.
3284 4376 3368 4430 ιιι,
3428 4359 3484 4415 9.

409 4447 487 4500 ιν,
516 4431 572 4484 9.

481 4527 594 4601 (91)
626 4524 879 4601 Uterque
907 4526 1142 4601 Regius,
1173 4526 1637 4601 SeguerLBasil.
1674 4530 1756 4601 Aet
1805 4529 2059 4601 Anglia,

412 4596 620 4671 ἑαυτόν.
653 4596 853 4671 Gestari
894 4600 951 4653 et
979 4596 1358 4671 editi,‘a616v.
1394 4598 1522 4655 Mox
1552 4598 1764 4667 Regius
1796 4596 2055 4671 primus,

2171 3369 2319 3442 ἡμᾶς
2372 3370 2679 3444 γινώσκων,
2731 3367 2905 3431 οὕτως
2963 3366 3303 3446 ἠσφαλίσατο
3368 3367 3498 3431 τοὺς
3550 3368 3818 3442 μαθητάς·

2171 3456 2259 3512 καὶ
2313 3456 2466 3513 αὐτοὶ
2507 3461 2675 3513 ταῦτα
2894 3457 3175 3531 μαθόντες,
3242 3454 3628 3534 διωρθώσαντο
3681 3456 3818 3532 μέλ-

2174 3545 2368 3608 λοντας
2425 3544 2477 3602 έν
2542 3546 2723 3619 τούτῳ
2770 3543 3073 3601 πλανᾶσθαι
3138 3545 3266 3610 τοὺς
3323 3547 3430 3601 ἀπὸ
3493 3545 3820 3604 Θεσσαλονί-

2170 3656 2272 3707 κης
2443 3632 2664 3706 Ἐπειδή
2709 3632 2767 3690 δὲ
2805 3636 2858 3691 οἱ
2904 3637 3285 3712 Χριστομάχοι
3318 3632 3433 3691 οὐδ’
3463 3634 3607 3691 οὕτω
3654 3657 3821 3692 κατα-

2173 3720 2413 3795 δύονται,
2471 3721 2768 3798 βούλομαι,
2817 3723 3009 3800 καίπερ
3059 3721 3218 3787 εῗδὼς
3266 3722 3636 3801 σκληροτέραν
3662 3720 3820 3801 ἔχον-

2169 3833 2265 3875 τας
2322 3812 2518 3875 αὐτοὺς
2563 3816 2659 3867 τοῦ
2707 3813 2910 3887 Φαραὼ
2955 3815 3032 3887 (2)
3089 3815 3188 3883 τήν
3239 3810 3499 3888 καρδίαν,
3549 3811 3820 3891 ἐρωτῆσαι

2171 3901 2335 3958 πάλιν
2370 3901 2458 3956 καὶ
2506 3900 2630 3977 περὶ
2675 3900 2896 3958 τούτου.
2937 3902 3021 3957 Ἐν
3068 3906 3148 3974 τῷ
3194 3899 3509 3978 παραδείσῳ
3556 3904 3821 3959 πυνθάνε-

2170 4012 2257 4046 ται
2289 3990 2317 4045 6
2366 3986 2495 4053 Θεὸς
2543 3989 2737 4066 λέγων*
2794 3987 2996 4064 Ἀδὰμ,
3050 3995 3157 4046 πιοῢ
3210 3990 3298 4060 si;
3345 3990 3612 4063 Ἐξετάζει
3646 3988 3821 4047 δὲκαὶ

2170 4081 2261 4135 τὸν
2295 4079 2449 4138 Κάϊν²
2500 4083 2616 4136 Ποῦ
2670 4081 2749 4154 (3)
2792 4074 2963 4138 Ἅϐελ
3010 4080 3039 4135 6
3087 4076 3322 4157 ἀδελφός
3374 4100 3504 4151 σου;
3536 4079 3600 4136 Τί
3638 4080 3821 4137 τοίνυν

2170 4168 2413 4244 καὶπερὶ
2456 4168 2654 4223 τούτου
2703 4166 2873 4246 φατές
2933 4167 2997 4223 Ei
3042 4169 3144 4244 γὰρ
3192 4169 3403 4243 ἀγνοεῖν
3454 4169 3615 4225 αὑτὸν
3658 4167 3821 4244 νομί-

2175 4263 2307 4328 ζετε.
2341 4257 2431 4312 καὶ
2480 4252 2571 4312 διὰ
2614 4260 2776 4313 τοῦτο
2824 4255 3178 4321 πυνθάνεσθαι
3223 4257 3322 4331 (4)·
3357 4258 3667 4334 Μαιχαίοις
3725 4258 3823 4332 μὲν

3585 4358 3630 4396 ⁸⁵
3669 4358 3818 4418 Gen.

2168 4526 2580 4602 tiOHCQmmel"
2617 4525 2716 4602 Καὶ
2749 4524 2854 4602 γὰρ
2885 4529 3071 4602 τοῦτο.

2239 4600 2350 4672 (97)
2380 4599 2593 4671 Regius
2624 4600 2650 4655 1
2683 4602 2741 4656 et
2763 4594 3137 4672 'Séguerian.,
3179 4594 3267 4653 διὰ
3316 4597 3518 4661 παντὸς
3567 4596 3823 4673 ἑτοίμους

410 4667 535 4746 περὶ
564 4671 665 4734 τῆς
692 4665 903 4746 ἡμέρας
942 4654 1399 4746 τῆςμὺντελ-είας
1450 4654 1720 4746 Segne},
1748 4654 1901 4746 περ)
2088 4654 2136 4720 D
2164 4654 2423 4746 γίνεσόαι.

411 4737 624 4816 ἡμέρας
651 4737 748 4794 καῖ
771 4737 871 4808 τῆς
902 4737 1232 4800 συντελείας.
1263 4741 1463 4796 Gestari
1495 4737 1559 4797 et
1577 4742 1743 4810 editi,
1773 4737 1898 4817 περὶ
1956 4737 2054 4812 τῆς

411 4810 737 4867 συντελείας.

408 4832 737 4874 συντελειας.

483 4887 593 4957 (92)
626 4884 890 4958 Seguer.,
915 4879 1358 4958 προφασίζονται.
1386 4882 1530 4958 _I_\1_ox_
1576 4883 1730 4958 idem
1768 4890 1850 4958 _et
1906 4892 2058 4943 uter-

408 4951 522 5030 que
551 4951 788 5030 Regiis,
818 4953 881 5008 16
914 4951 1137 5009 ἑκάστου
1168 4951 1348 5014 τέλος.
1385 4954 1554 5025 Editi,
1586 4955 1649 5009 16
1689 4953 1912 5010 ἑκάστου
1969 4958 2055 5012 τέ.

406 5025 566 5092 Ioue,
601 5025 900 5085 mendose.

478 5100 591 5169 (93)
640 5100 730 5154 Sic
788 5098 999 5169 Regius
1059 5095 1304 5169 primus,
1360 5100 1612 5169 gSeguer.
1690 5098 1922 5169 Gobler.
1999 5106 2055 5156 et

409 5167 559 5226 Felc.
592 5170 644 5226 1.
677 5169 787 5225 Alii
819 5167 1016 5225 autem
1052 5167 1108 5224 et
1137 5168 1315 5222 editio
1347 5167 1652 5229 Commel.,
1707 5167 1770 5223 τὸ
1828 5169 2052 5226 ἑκάστου

410 5239 736 5324 ἀπέκρυψεν,
765 5243 1061 5324 Μριιᾘθε,
1096 5240 1524 5324 1‘et,Seguer.,
1573 5238 1663 5294 καί
1709 5240 1808 5316 γὰρ
1851 5241 1940 5296 καὶ
1999 5242 2051 5298 ἐν

406 5310 507 5386 τῷ.
545 5309 644 5368 Alii
686 5311 944 5386 et_editi,_
969 5309 1060 5364 καὶ
1096 5309 1203 5386 γὰρ
1225 5309 1276 5364 ἐν
1310 5314 1408 5381 τῷ.

479 5386 591 5457 (94)
624 5383 836 5455 Regius
864 5383 1087 5457 primus
1111 5383 1311 5457 prima
1340 5399 1519 5439 manu
1562 5387 1619 5438 et
1658 5384 1922 5457 segnem,
1953 5388 2051 5439 τοῦ

403 5452 585 5518 ὄντος.
614 5452 733 5512 Sed
755 5454 968 5524 Regius
998 5455 1048 5519 1,
1079 5452 1338 5509 secunda
1367 5472 1571 5521 manu,
1620 5452 1816 5509 τούτου
1874 5452 2048 5519 ὄντος.

473 5530 587 5600 (75)
617 5527 709 5600 Sic
738 5524 953 5600 Regius
982 5524 1207 5600 primus
1238 5531 1295 5582 et
1334 5526 1574 5600 Seguer.
1620 5531 1798 5600 atque
1836 5527 1919 5584 ita
1965 5528 2050 5585 le-

402 5595 488 5672 git
507 5595 798 5672 Nannius.
829 5595 946 5672 liii
977 5601 1036 5652 et
1062 5596 1224 5672 editi,
1257 5595 1388 5672 ποίᾳ
1413 5595 1628 5672 ’ἡμέρᾳ

473 5671 587 5741 (96)
617 5674 751 5740 Reg.
793 5674 850 5741 et
874 5670 1116 5741 Seguert
1143 5660 1218 5722 τό
1243 5660 1552 5741 omittunt:
1589 5660 1726 5725 'Mox
1762 5669 1964 5741 iidem,
1995 5674 2053 5726 et

401 5737 632 5797 Go‘ble'r.
665 5737 726 5798 et
749 5740 900 5798 Felc.
936 5737 987 5812 1,
1020 5737 1121 5797 Καὶ
1156 5759 1258 5817 γαρ
1287 5738 1376 5795 καὶ
1407 5742 1593 5796 τοῦτο.
1616 5740 1818 5799 Ceteri
1848 5745 1905 5797 et
1936 5737 2052 5803 6di-

2178 4740 2189 4746 ⁷
2237 4742 2349 4868 (98)
2384 4747 2517 4810 Reg.
2562 4742 2588 4796 1
2624 4745 2683 4798 et
2711 4742 2971 4827 Seguer.,
3014 4740 3441 4825 Ἀρειομανίται.
3474 4740 3702 4799 Gobler.
3757 4746 3820 4800 et

2164 4815 2401 4888 F8931,
2426 4812 2865 4888 ΔἈρει-ομανιτειιιἶ
2903 4813 3108 4888 Ceteri
3138 4818 3198 4869 et
3225 4815 3391 4881 editi,
3419 4811 3708 4888 ’Δρειανοί.
3752 4884 3772 4888 _

2239 4884 2355 4968 (.99).
2381 4885 2474 4968 sic
2503 4884 2744 4968 primus.
2764 4885 2942 4968 codex
2972 4884 3187 4968 Regius
3218 4890 3277 4942 et
3304 4884 3717 4958 Seguerianus.
3751 4884 3816 4941 In

2165 4956 2391 5013 caeteris
2422 4961 2479 5012 et
2508 4956 2681 5012 editis
2712 4956 2877 5012 deest
2905 4958 3094 5011 ταῦτα.

2342 5028 2712 5111 ῆίσιιιςιηιιο
2740 5027 2954 5111 Regius
2983 5031 3039 5083 et
3070 5027 3485 5100 Seguerianus.
3515 5028 3589 5083 At
3620 5026 3720 5084 alii
3758 5032 3819 5083 et

2164 5095 2327 5167 editi,
2358 5098 2464 5153 ἀπὸ
2494 5102 2592 5163 τῆς
2620 5095 3042 5169 Θεσσαλονίκης.

2233 5173 2308 5243 (2)
2341 5173 2433 5227 Sic
2464 5172 2686 5243 Reg.,1,
2720 5167 3170 5243 Seguer.'Basil.
3210 5169 3455 5243 _Anglic:
3490 5173 3549 5243 et
3575 5168 3724 5226 Felc.
3758 5169 3816 5226 5.

2163 5240 2367 5299 At'alii
2397 5247 2453 5299 et
2490 5240 2923 5312 ed'iti,'<l>ap_a€b,
2973 5240 3347 5312 circumﬂexe
3396 5240 3627 5312 ultima.
3682 5243 3820 5296 Mox

2163 5307 2747 5388 uterqueﬁegiushet
2778 5307 3041 5388 Seglier._,
3079 5310 3132 5388 έν
3160 5314 3268 5388 τῷ-
3295 5307 3634 5388 παραδείσῳ.
3698 5312 3819 5388 ϐφ-

2162 5386 2270 5441 teri
2293 5380 2620 5465 6t‘editi,'év
2651 5380 2709 5438 δὲ
2734 5387 2842 5465 τῷ*
2859 5380 3195 5465 παραδείσω.
3214 5380 3391 5465 “Ibitis;
3425 5380 3815 5465 Regiusmprif

2163 5473 2297 5530 mitis
2318 5460 2373 5513 et
2412 5451 3037 5530 Seg'uer.,_mvt)cive1at_
3061 5451 3289 5530 6__Bs6_¢_
3335 5451 3535 5530 λέγωνῖ
3583 5451 3712 5510 ΑΙίῖ
3756 5460 3817 5511 et

2160 5528 2301 5601 editi
2332 5521 2710 5601 πυνθάνεται’ὑ
2744 5526 2873 5601 Θεὸς
2899 5531 2998 5581 τοῦ
3028 5521 3204 5598 Ἀδὰμ
3219 5521 3432 5601 λέγων’.

2230 5600 2308 5671 (3)
2337 5600 2429 5656 Sic
2460 5601 2673 5671 Regius
2713 5600 2962 5671 primus,
2994 5597 3334 5671 Seguerian’.
3368 5597 3706 5654 Goblerian.
3754 5601 3816 5655 et

2231 5643 2307 5671 “'1
2337 5643 2428 5656 ν’*
2460 5643 2673 5684 “wn”
2713 5643 2941 5684 πυτ-τυ
2995 5643 3334 5682 ’πων-ης·
3371 5643 3466 5654 νν·

2158 5670 2311 5745 Felc.
2346 5673 2393 5745 1.
2438 5676 2513 5728 At
2544 5670 2642 5727 alii
2673 5676 2731 5728 et
2754 5671 2917 5745 editi,
2946 5643 3143 5745 λέγων·
3179 5672 3321 5745 1100,
3353 5673 3466 5726 etc.

2232 5741 2310 5817 (4)
2339 5741 2578 5818 Seguer.
2613 5745 2673 5802 et
2698 5746 2837 5816 Reg.
2867 5744 2923 5815 2,
2965 5738 3317 5813 πὺνθάνεσθε,
3348 5741 3648 5801 mendose.
