4074 6348
369 437 482 498 435

907 435 971 494 8.
1020 434 1446 496 ATHANASII
1493 433 1668 497 OPP.
1714 434 1914 496 PARS
1958 435 2007 494 Ι.
2042 467 2118 478 -
2149 432 2559 496 HISTORICA
2611 432 2708 492 ET
2751 429 3230 494 DOGMATICA.

3667 429 3788 492 436

369 569 419 625 si
447 568 702 624 Verbum
735 567 1102 624 extrinsecus
1149 567 1452 623 exsisteret
1485 584 1498 623 :
1534 569 1634 623 sed
1668 568 1727 623 in
1767 567 1868 623 illo
1897 570 2023 623 erat

2145 567 2196 634 ἣν
2231 564 2546 639 εἰρήκαμεν.
2581 565 2666 620 Ἐν
2729 563 2877 635 αύτῷ
2931 563 3033 638 γὰρ
3091 561 3159 629 ἦν
3221 564 3257 631 ἠ
3307 562 3435 638 σὰρξ
3493 562 3528 630 ἡ
3583 558 3788 638 προκὸ-

370 661 428 713 et
456 657 584 729 ejus
613 655 828 712 dicitur
857 671 990 712 caro
1021 655 1354 727 proﬁciens,
1379 659 1444 711 ut
1465 655 1692 711 scilicet
1710 656 2022 712 hominum

371 761 742 818 progressus,
795 748 1030 816 propter
1059 743 1322 816 ipsorum
1355 761 1490 800 cum
1538 745 1726 800 Verbo
1775 743 2024 799 societa-

372 839 515 899 tem,
549 832 780 889 stabilis
811 837 1010 904 posset
1039 848 1426 904 perseverare.
1459 834 1576 888 Nec
1605 849 1740 905 ergo
1769 833 2025 887 Verbum

376 922 736 996 proficiebat,
775 937 879 976 nec
907 937 1042 976 caro
1075 925 1196 976 erat
1227 921 1546 994 Sapientia,
1581 923 1680 978 sed
1713 938 1850 977 caro
1880 921 2031 976 facta

377 1016 471 1068 est
498 1009 807 1081 Sapientia
832 1025 1065 1080 corpus.
1092 1010 1395 1080 Quocirca,
1431 1010 1515 1066 uti
1547 1009 1881 1077 docuimus,
1911 1027 2028 1065 non

373 1101 697 1174 Sapientia,
723 1105 1016 1172 quatenus
1040 1106 1130 1157 est
1147 1101 1466 1173 Sapientia,
1490 1101 1620 1173 ipsa
1650 1117 1752 1173 per
1775 1101 2028 1173 seipsam

372 1191 749 1264 proficiebat;
781 1191 879 1246 sed
908 1191 1034 1246 sola
1064 1190 1409 1246 humanitas
1440 1192 1500 1245 in
1529 1191 1827 1263 Sapientia
1855 1190 2032 1262 proti-

374 1280 584 1346 ciebat,
615 1279 936 1334 humanam
973 1278 1256 1351 paulatim
1281 1279 1705 1335 transcendens
1735 1283 2031 1345 naturam,

374 1369 573 1424 divina
599 1368 854 1435 reddita,
888 1367 1196 1440 ipsiusque
1227 1369 1545 1439 Sapientia
1579 1370 1731 1424 facta
1760 1372 1817 1424 et
1843 1367 2034 1423 omni-

377 1459 490 1514 bus
530 1474 821 1529 apparens
869 1457 1356 1525 instrumentum,
1388 1474 1504 1529 quo
1550 1458 1620 1512 ad
1655 1458 1948 1529 agendum
1979 1461 2036 1511 et

375 1546 869 1617 elucendumipsa
892 1551 1157 1601 uteretur
1172 1546 1476 1602 Divinitas.
1495 1547 1640 1601 Hinc
1664 1562 2032 1618 nequaquam

379 1635 545 1702 dixit,
593 1635 852 1691 Verbum
900 1635 1263 1708 proﬁciebat,
1296 1636 1423 1704 sed,
1474 1635 1669 1705 Jesus,
1703 1636 1860 1708 quod
1912 1634 2038 1707 qui-

380 1725 514 1780 dem
546 1740 761 1781 nomen
817 1725 1096 1782 Dominus
1129 1727 1318 1781 factus
1348 1725 1524 1781 homo
1557 1725 1820 1797 accepit;
1856 1724 1938 1780 ita
1968 1728 2034 1778 ut

379 1815 454 1870 ad
485 1814 806 1870 humanam
835 1818 1106 1870 naturam
1132 1830 1480 1887 progressus
1506 1813 1602 1870 ille
1635 1815 1945 1887 pertineat,
1969 1829 2034 1869 eo

381 1919 497 1976 quo
527 1919 706 1976 supra
734 1903 1155 1976 explicavimus
1187 1905 1382 1960 modo.

451 1995 540 2049 54.
604 1993 816 2066 Itaque.
858 1994 1380 2066 quemadmodum,
1436 2007 1610 2049 carne
1668 1992 2027 2065 proficiente,

377 2083 505 2155 ipse
535 2083 814 2154 proﬁcere
859 2083 1075 2139 dicitur
1119 2083 1194 2139 oh
1241 2099 1409 2140 suam
1440 2099 1573 2138 cum
1623 2097 1862 2154 corpore
1893 2098 2030 2138 con-

370 2173 739 2244 junctionem
773 2189 789 2229 :
823 2173 904 2228 ita
934 2189 1064 2246 quae
1093 2173 1179 2227 illi
1212 2177 1474 2245 tempore
1504 2173 1713 2228 mortis
1742 2171 2029 2227 accidisse

379 2261 652 2334 legimus,
687 2265 753 2316 ut
783 2262 1027 2328 turbari,
1061 2262 1217 2329 ﬂere,
1251 2263 1455 2318 eadem
1489 2262 1715 2318 ratione
1747 2261 2033 2332 interpre-

375 2349 486 2406 tari
520 2353 770 2422 oportet.
827 2350 1134 2406 Enimvero
1167 2349 1250 2405 illi
1283 2351 1342 2405 in
1391 2366 1596 2406 omnes
1644 2365 1773 2406 sese
1802 2354 2034 2406 vertunt

375 2442 592 2511 partes,
625 2454 911 2511 suamque
955 2438 1224 2494 haeresim
1274 2456 1341 2495 ex
1375 2438 1468 2494 his
1499 2438 1681 2494 veluti
1732 2455 2031 2494 commen-

375 2528 580 2584 dantes
610 2544 676 2584 ac
705 2527 1152 2596 Iconﬁrmantes,
1187 2527 1348 2584 hisce
1390 2545 1496 2584 nos
1526 2527 1721 2582 verbis
1753 2529 2030 2584 adorlun-

373 2619 492 2672 tur.
515 2616 682 2682 Ecce,
705 2615 1008 2687 inquiunt,
1032 2616 1190 2673 ﬂevit
1221 2621 1279 2672 et
1297 2616 1444 2672 dixit
1467 2633 1479 2671 :
1505 2617 1662 2672 Nunc
1691 2618 1882 2672 anima
1911 2633 2033 2672 mea

372 2705 604 2762 turbata
648 2708 727 2761 est
744 2706 790 2741 “
824 2723 836 2761 :
871 2705 1090 2774 rogavit
1138 2707 1276 2761 item
1326 2710 1390 2761 ut
1439 2705 1586 2761 calix
1639 2706 1919 2761 transiret
1938 2707 2026 2761 "z

374 2793 475 2865 qui
507 2809 646 2866 ergo
669 2793 791 2850 fieri
823 2798 1016 2866 potest
1046 2798 1110 2849 ut
1139 2795 1210 2861 is,
1232 2795 1331 2866 qui
1364 2794 1485 2850 haec
1507 2796 1660 2850 478
1688 2795 1852 2862 dixit,
1878 2795 2031 2850 Deus

375 2882 456 2938 sit
483 2885 542 2937 et
569 2881 826 2937 Verbum
865 2883 1052 2938 Patris
1073 2882 1100 2937 ?
1132 2883 1216 2938 Ita
1245 2899 1406 2951 sane,
1439 2900 1472 2938 ο
1505 2884 1599 2937 Dei
1636 2883 1853 2953 hostes,
1886 2884 2030 2939 sori-

376 2975 545 3043 ptum
577 2975 668 3027 est
699 2988 834 3026 eum
879 2972 1129 3039 ﬂevisse,
1162 2976 1219 3027 et
1265 2972 1502 3042 dixisse,
1549 2973 1842 3028 Turbatus
1872 2989 2027 3039 sum,

377 3059 483 3115 illa
512 3076 746 3132 quoque
765 3061 944 3116 verba
965 3061 1021 3115 in
1047 3075 1219 3116 cruce
1244 3061 1684 3132 pronuntiasse,
1721 3063 1864 3131 Etoi,
1890 3063 2028 3129 Eloz',

378 3149 592 3204 lamma.
620 3144 964 3214 sabacthani,
1012 3149 1070 3204 id
1120 3154 1229 3219 est,
1264 3151 1402 3205 Deus
1447 3166 1628 3219 meus,
1675 3151 1813 3205 Deus
1855 3166 2026 3223 meus,

375 3254 549 3312 quare
594 3238 942 3309 dereliquisti
989 3239 1185 3293 me“?
1240 3239 1481 3309 Rogavit
1527 3238 1703 3294 etiam
1747 3243 1811 3294 ut
1839 3243 2026 3296 trans-

2133 673 2341 709 πτουσα
2395 653 2484 708 καὶ
2535 652 2698 708 αὐτοῦ
2745 651 2961 726 λέγεται
2988 670 3000 682 ⁶
3052 653 3142 706 καὶ
3188 655 3350 706 τοῦτο
3395 649 3490 706 ’ίνα
3535 649 3704 707 πάλιν
3752 653 3787 721 ἡ

2133 746 2241 796 τῶν
2274 741 2573 817 ἀνθρώπων
2606 742 2859 815 προκοπὴ
2893 737 3139 803 ἄπτωτος
3173 737 3263 795 διὰ
3289 741 3384 795 τὸν
3433 739 3659 794 συνόντα
3689 742 3793 794 Λόο

2135 851 2234 907 γον
2262 828 2537 906 διαμείνῃ.
2571 829 2698 888 Οὕτ’
2731 829 2822 884 οὖν
2875 834 2972 884 τοῦ
3005 829 3182 905 Δόγου
3222 831 3257 898 ἡ
3290 831 3567 905 προκοπὴ,
3601 826 3723 884 οὔτε
3754 833 3790 899 ἡ

2138 919 2266 994 σὰρξ
2295 919 2362 987 ἦν
2395 922 2430 988 ὴ
2466 920 2658 997 Σοφία,
2688 917 2834 974 ἀλλᾶ
2883 926 2985 987 τῆς
3043 919 3243 996 Σοφίας
3299 923 3457 992 σῶμα
3510 919 3721 994 γέγονεν
3754 921 3790 988 ἡ

2139 1009 2288 1082 σάρξ.
2319 1009 2416 1062 Διὰ
2441 1014 2624 1073 τοῦτο,
2658 1009 2734 1070 ὡς
2787 1009 3122 1083 προείπομεν
3178 1010 3308 1080 (38),
3344 1007 3451 1083 ούχ
3504 1010 3539 1076 ἡ
3596 1008 3788 1086 Σοφία,

2138 1099 2176 1168 ᾖ
2210 1098 2382 1170 Σοφία
2434 1096 2600 1166 ἐστὶν,
2632 1097 2767 1166 αύτή
2821 1099 2936 1152 καθ’
2993 1097 3185 1165 ἑαυτὴν
3237 1096 3591 1171 προέκοπτεν*
3646 1096 3793 1152 ἀλλὰ

2139 1186 2201 1240 τὸ
2234 1186 2568 1260 ἀνθρώπινον
2613 1184 2665 1240 ἐν
2696 1189 2763 1259 τῇ
2820 1185 2993 1259 Σοφίᾳ
3021 1185 3376 1260 προέκοπτεν,
3432 1181 3790 1260 ὑπεραναϐαῖ-

2142 1295 2231 1329 νον
2265 1275 2380 1329 κατ’
2413 1274 2598 1351 ὀλίγον
2629 1277 2726 1343 τήν
2781 1277 2893 1348 (39)
2946 1275 3284 1350 ἀνθρωπίνην
3341 1274 3523 1349 φύσιν,
3553 1275 3642 1328 καὶ
3673 1277 3794 1329 θεο-

2143 1364 2492 1437 ποιούμενον,
2545 1364 2634 1418 καὶ
2689 1362 2912 1440 ὄργανον
2970 1363 3133 1433 αὐτῆς
3184 1365 3322 1438 πρὸς
3369 1366 3467 1433 τὴν
3522 1362 3789 1439 ἐνέργειαν

2144 1460 2242 1522 τῆς
2276 1454 2540 1522 Θεότητος
2576 1452 2666 1507 καὶ
2694 1455 2794 1521 τήν
2830 1452 3101 1526 ἔκλαμψιν
3151 1453 3317 1522 αὐτῆς
3376 1453 3658 1527 γινόμενον
3708 1454 3799 1507 καὶ

2145 1542 2468 1620 φαινόμενον
2504 1549 2654 1597 πᾶσι.
2692 1544 2785 1598 Διὸ
2813 1540 2938 1598 ούδέ
2969 1543 3137 1612 εἶπεν,
3160 1545 3221 1599 Ὁ
3249 1542 3420 1618 Λόγος
3447 1544 3798 1616 προέκοπτεν,

2146 1629 2293 1698 ἀλλ’,
2324 1633 2386 1688 Ὀ
2420 1633 2630 1702 Ἰησοῦς
2665 1634 2798 1705 (40),
2833 1631 2965 1707 ὅπερ
2992 1628 3170 1706 ὅδομα
3191 1632 3485 1707 γενόμενος
3515 1630 3801 1707 ἄνθρωπος

2145 1722 2174 1774 ὁ
2209 1721 2402 1796 Κύριος
2450 1719 2680 1791 ἐκλήθη·
2715 1721 2791 1783 ὡς
2852 1720 2985 1776 εἶναι
3037 1727 3138 1791 τῆς
3189 1721 3533 1796 ἀνθρωπίνης
3587 1720 3799 1800 φύσεως

2141 1810 2243 1878 τήν
2273 1811 2559 1883 προκοπὴν
2593 1809 2768 1872 οὕτως
2819 1812 2892 1872 ὡς
2944 1812 3056 1885 (41)
3109 1811 3161 1866 ἐν
3213 1816 3330 1873 τοῖς
3385 1805 3687 1886 ἔμπροσθεν
3720 1809 3799 1866 εἶ’-

2142 1919 2213 1954 πο
2222 1918 2335 1971 μεν.

2210 1990 2301 2045 54.
2333 1986 2536 2043 Ούκοῦν
2592 1985 2795 2061 ὥσπερ,
2849 1988 3273 2065 προκοπτούσης
3324 1995 3424 2058 τῆς
3455 1989 3674 2065 σαρκὸς,
3709 1987 3795 2045 λέο

2139 2097 2290 2151 γεται
2323 2077 2481 2139 αύτὸς
2531 2076 2858 2153 προκόπτειν
2911 2075 3000 2132 διὰ
3049 2079 3150 2147 τὴν
3178 2079 3314 2154 πρὸς
3365 2077 3428 2133 τὸ
3457 2081 3617 2150 σῶμα
3647 2075 3794 2133 ἰδιό-

2138 2182 2302 2236 τητα·
2342 2166 2486 2222 οὕτω
2514 2167 2700 2222 καὶτὰ
2728 2167 2851 2240 περὶ
2902 2169 2994 2222 τὸν
3047 2168 3234 2244 καιρὸν
3286 2171 3384 2222 τοῦ
3431 2168 3662 2223 θανάτου
3696 2167 3786 2224 λε-

2138 2255 2362 2332 γόμενα,
2395 2257 2459 2310 τὸ
2505 2262 2870 2332 ταραχθῆναι,
2899 2257 2962 2311 τὸ
3011 2254 3263 2328 κλαῦσαι,
3319 2257 3431 2331 χρὴ
3487 2251 3790 2330 λαμϐάνειν

2140 2348 2206 2418 τῇ
2240 2344 2375 2418 αὐτῇ
2409 2341 2636 2416 διανοίᾳ.
2671 2347 2821 2400 Ἀνω
2852 2344 2955 2421 γάρ
3005 2347 3094 2400 καὶ
3125 2345 3272 2400 κάτω
3323 2345 3648 2422 περιιόντες,
3699 2346 3788 2402 καὶ

2142 2433 2322 2508 ὥσπερ
2354 2432 2412 2488 ἐκ
2438 2433 2646 2488 τούτων
2695 2435 2795 2503 τήν
2851 2433 3053 2509 αἵρεσιν
3087 2433 3252 2489 πάλιν
3281 2440 3628 2497 συνιστῶντες
3653 2439 3791 2509 (42),

2140 2524 2474 2599 φάσκουσιν’
2538 2521 2677 2578 Ἰδοὺ
2734 2521 2960 2579 ἕκλαυσε
3017 2524 3106 2578 καὶ
3165 2523 3311 2580 εἷπε·
3375 2529 3482 2579 Νῦν
3540 2526 3575 2594 ἡ
3634 2527 3788 2600 ψυχή

2144 2631 2248 2684 μου
2284 2611 2622 2686 τετάρακται’
2672 2612 2760 2667 καὶ
2801 2609 3134 2688 παρεκάλεσε
3180 2611 3470 2688 παρελθεῖν
3523 2614 3586 2668 τὸ
3616 2616 3790 2684 ποτή-

2141 2720 2278 2772 ριον·
2311 2705 2426 2763 πῶς
2457 2701 2570 2769 οὖν,
2618 2701 2663 2756 εἰ
2715 2706 2883 2756 ταῦτα
2939 2699 3142 2778 εἴρηκε,
3199 2703 3328 2764 Θεός
3380 2702 3492 2758 ἐστι
3541 2702 3630 2757 καὶ
3687 2704 3793 2758 Λό-

2139 2810 2236 2864 γος
2262 2795 2359 2845 τοῦ
2414 2791 2662 2866 Πατρός;
2696 2791 2800 2847 Ναὶ
2832 2791 3134 2866 γέγραπται
3189 2793 3321 2864 (43),
3377 2791 3458 2846 ὅτι
3509 2790 3792 2865 ἔκλαυσεν,

2138 2879 2184 2932 ὦ
2214 2878 2515 2953 Θεομάχοι,
2547 2879 2637 2934 καὶ
2687 2878 2769 2935 ὅτι
2802 2879 2970 2948 εἶπεν,
3006 2879 3368 2956 Ἐταράχθην,
3417 2881 3504 2935 καὶ
3557 2881 3644 2936 ἐπὶ
3692 2887 3789 2936 τοῦ

2139 2971 2370 3042 σταυροῦ
2445 2970 2589 3022 εἶπεν
2623 3013 2636 3037 ,
2700 2966 2869 3024 Ἐλωί
2899 3011 2914 3036 ,
2971 2968 3142 3026 Ἐλωί
3208 2964 3652 3044 λιμασαϐαχθανὶ
3685 3015 3698 3039 ,
3761 2970 3791 3026 ὅ

2137 3054 2268 3127 ἐστι,
2325 3057 2421 3110 Θεέ
2482 3077 2608 3130 μου,
2666 3059 2761 3113 Θεέ
2831 3079 2956 3131 μου,
3011 3056 3104 3113 ’ἱνα
3153 3058 3206 3113 τί
3265 3079 3332 3132 με
3388 3058 3787 3134 ἐγκατέλιπεςς

2138 3145 2242 3201 Καὶ
2271 3146 2604 3221 παρεκάλεσε
2634 3144 2692 3201 δὲ
2740 3151 2838 3202 τοῦ
2891 3149 3178 3224 παρελθεῖν
3233 3150 3341 3222 (44)
3371 3149 3442 3203 τὸ
3494 3151 3785 3225 ποτήριον

2137 3236 2431 3311 γέγραπται
2479 3237 2579 3310 γὰρ
2632 3240 2816 3293 ταῦτα.
2851 3236 3002 3294 Ἀλλ’
3053 3232 3379 3310 ἠϐουλόμην
3433 3236 3597 3292 πάλιν
3651 3239 3790 3312 ὑμᾶς

370 3309 483 3383 iret
512 3326 661 3382 calix
695 3344 708 3382 :
741 3343 996 3398 namque
1041 3327 1161 3382 hac
1197 3327 1448 3383 fatemur
1492 3328 1711 3400 scripta
1738 3345 1886 3384 esse.
1918 3329 2023 3385 Ve-

2145 3309 2544 3400 ἶποκρίνασθαι·
2604 3325 2667 3379 τὸ
2729 3325 2859 3382 αὐτὸ
3088 3327 3192 3403 γὰρ
3257 3325 3337 3405 ἐφ’
3395 3327 3622 3383 ἑκάστου
3679 3309 3788 3383 τῶν

372 3431 506 3472 rum
554 3432 658 3472 vos
689 3415 966 3472 similiter
995 3415 1166 3472 velim
1196 3415 1457 3472 vicissim
1489 3418 1840 3489 respondere
1873 3435 1886 3474 :
1921 3434 2026 3474 ne-

371 3521 535 3561 cesse
565 3505 722 3561 enim
754 3511 844 3560 est
873 3505 1026 3560 idem
1051 3505 1123 3560 ad
1156 3504 1391 3578 singula
1421 3523 1548 3577 quis
1574 3506 1830 3578 objicitis
1854 3511 2026 3563 retor-

371 3610 568 3666 quere.
602 3593 659 3648 Si
693 3610 878 3666 purus
907 3593 1081 3649 homo
1110 3598 1200 3650 est
1224 3595 1323 3666 qui
1357 3595 1641 3666 loquitur,
1673 3595 2028 3668 lacrymetur

369 3683 575 3754 utique
631 3689 688 3738 et
744 3688 994 3739 mortem
1045 3683 1407 3754 reformidet,
1458 3689 1522 3738 ut
1573 3684 1767 3740 homo.
1817 3685 1926 3740 Sed
1976 3686 2026 3741 si

371 3771 627 3828 Verbum
661 3776 754 3828 est
787 3772 845 3828 in
901 3787 1075 3826 carne
1104 3772 1263 3842 (nam
1297 3772 1500 3828 eadem
1552 3788 1784 3844 semper
1811 3773 2023 3843 dicere,

371 3877 545 3934 grave
575 3877 705 3917 esse
753 3860 1000 3916 minime
1029 3861 1243 3931 debet),
1276 3877 1451 3932 quem
1485 3860 1582 3916 ille
1612 3862 1712 3933 qui
1756 3861 1910 3917 Deus
1941 3866 2030 3918 est

371 3949 578 4005 timere
611 3949 846 4022 potuit?
890 3949 988 4004 Vel
1022 3964 1202 4020 quare
1234 3949 1350 4016 ille,
1385 3949 1484 4020 qui
1527 3950 1644 4004 vita
1672 3955 1763 4004 est
1793 3955 1851 4004 et
1881 3949 2026 4006 alios

371 4054 443 4094 ex
485 4043 672 4094 morte
721 4037 914 4108 eripit,
949 4042 1196 4094 mortem
1251 4038 1376 4110 ipse
1409 4038 1894 4110 pertimesceret?
1923 4039 2026 4095 Vel

371 4129 472 4200 qui
505 4128 628 4184 ﬁeri
659 4127 854 4200 potuit
903 4133 966 4182 ut
995 4127 1045 4182 is
1095 4127 1197 4198 qui
1226 4128 1440 4194 aiebat,
1474 4126 1651 4182 Nolite
1681 4129 1872 4184 timere
1903 4144 2027 4184 eum

368 4219 466 4289 qui
521 4217 716 4274 occidit
771 4233 966 4288 corpus
995 4217 1060 4284 ⁸⁷,
1115 4216 1326 4271 timore
1387 4215 1511 4287 ipse
1570 4217 1962 4289 oorriperetur
1999 4217 2028 4272 ?

442 4389 489 4424 “
515 4391 682 4444 Joan.
713 4405 814 4460 xu,
843 4390 935 4445 27.
1010 4389 1056 4424 “
1084 4387 1291 4445 Matth.
1321 4404 1474 4444 xxvr.
1509 4387 1599 4444 39.
1674 4389 1719 4425 “
1749 4389 1927 4446 Marc.
1961 4407 2054 4458 xv,
2087 4391 2177 4448 34.

448 4557 562 4643 (3S)
595 4557 805 4630 Regius
836 4558 1063 4630 primus
1103 4562 1160 4614 et
1203 4561 1563 4630 Seguerian.,
1607 4559 1704 4612 Δια
1757 4559 1907 4623 τοῦθ’
1949 4561 2022 4621 ὡς

377 4647 638 4705 προλειπον
651 4671 662 4705 τ

2134 3416 2261 3491 παρ’
2319 3415 2473 3488 ὓμῶν
2526 3417 2960 3489 προτεινομένων
3023 3417 3357 3493 ἀντικρούειν
3418 3416 3622 3494 ἇνάγκη
3655 3459 3667 3473 .
3723 3420 3791 3476 Ei

2139 3505 2232 3576 μὲν
2259 3505 2539 3580 ἄνθρωπος
2571 3504 2732 3578 ψιλός
2786 3505 2925 3561 ἔστιν
2959 3507 2987 3561 ὁ
3033 3503 3242 3578 λαλῶν,
3295 3506 3532 3563 κλαιέτω
3577 3507 3666 3563 καὶ
3699 3529 3792 3585 φο-

2135 3586 2334 3646 ϐείσθω
2365 3594 2453 3647 τὸν
2487 3592 2735 3665 θάνατον,
2765 3595 2840 3656 ὡς
2886 3592 3194 3670 ἄνθρωπος·
3228 3596 3274 3651 εἰ
3319 3594 3376 3651 δὶ
3424 3597 3599 3672 Λόγος
3646 3596 3788 3652 ἐστὶν

2134 3681 2184 3736 ἐν
2241 3681 2396 3758 σαρκὶ
2449 3683 2537 3754 (τὰ
2587 3682 2724 3737 αὐτὰ
2773 3683 2875 3759 γὰρ
2940 3683 3117 3758 λέγειν
3172 3685 3254 3740 ἀεὶ
3309 3684 3407 3740 οὐκ
3459 3686 3744 3757 ὀκνητέον)
3773 3733 3789 3757 ,

2132 3769 2249 3825 τίνα
2277 3770 2407 3833 Θεὸς
2441 3767 2514 3824 ὢν
2545 3772 2664 3847 εἶχε
2715 3775 2829 3845 (46)
2861 3767 3140 3850 φοϐεῖσθαι
3169 3792 3182 3844 ;
3214 3781 3281 3829 ’Ἡ
3311 3771 3401 3829 διὰ
3440 3775 3491 3830 τί
3543 3776 3632 3830 τὸν
3688 3777 3786 3830 θά-

2133 3880 2286 3913 νατον
2319 3854 2572 3936 ἐφοϐεῖτο
2607 3861 2718 3929 ζωὴ
2751 3857 2822 3915 ὢν
2880 3859 3062 3932 αὐτὸς,
3093 3863 3183 3917 καὶ
3235 3861 3440 3926 ἄλλους
3479 3863 3539 3919 lx
3565 3868 3662 3918 τοῦ
3691 3865 3786 3919 θα-

2133 3949 2293 4002 νάτου
2352 3947 2618 4022 ῥυόμενος
2653 3968 2668 4019 ;
2701 3951 2772 4006 Ἢ
2822 3970 2940 4012 πως
2988 3948 3189 4026 λέγων,
3246 3953 3338 4020 Μὴ
3393 3949 3643 4031 φοϐεῖσθε
3675 3956 3789 4025 (47)

2132 4039 2223 4094 τὸν
2253 4037 2640 4093 ἀποκτείνοντα
2668 4039 2730 4094 τὸ
2781 4044 2961 4113 σῶμα,
3012 4039 3171 4102 αύτὸς
3223 4036 3471 4118 ἐφοϐεῖτο
3505 4061 3518 4110 ;
3552 4043 3676 4104 ΙΙῶς
3729 4040 3788 4098 δὶ

2135 4129 2163 4182 ὁ
2193 4132 2272 4199 τῷ
2303 4123 2556 4200 Ἀϐραὰμ
2603 4127 2796 4203 λέγων,
2843 4130 2937 4198 Μὴ
2988 4125 3186 4206 φοϐοῦ,
3217 4128 3301 4185 ὅτι
3354 4133 3466 4204 (48)
3522 4133 3656 4204 μετὰ
3690 4135 3788 4187 σοῦ

2137 4214 2270 4289 εἶμι·
2321 4215 2411 4270 καὶ
2465 4217 2557 4270 τὸν
2611 4218 2815 4286 Μωσῆν
2869 4218 3294 4295 παραθαρσύνων
3349 4221 3486 4275 κατὰ
3529 4225 3627 4275 τοῦ
3680 4227 3788 4276 Φα-

2255 4391 2298 4425 ⁶¹¹
2331 4391 2534 4447 Matth.
2566 4409 2622 4458 x,
2650 4391 2720 4446 28
2746 4409 2760 4460 ;
2793 4391 2925 4448 Luc.
2956 4410 3058 4463 xn,
3091 4395 3145 4450 4.

2174 4577 2321 4625 uer.,
2361 4559 2469 4641 ,καί
2493 4560 2592 4641 ’τὰ
2641 4557 2858 4641 ἐπὶ-τοῦ
2899 4568 3152 4641 σταοροῦ.
3187 4605 3198 4618 .
3238 4608 3251 4620 .
3289 4609 3302 4621 .
3339 4608 3353 4624 .
3390 4609 3402 4621 .
3437 4605 3454 4624 .
3490 4564 3658 4641 λειμὰ
3687 4590 3784 4624 σα-

2174 4577 2321 4625 uer.,
2379 4576 2468 4615 και
2526 4576 2592 4614 τα
2644 4576 2731 4616 επὶ
2761 4581 2858 4616 του
2899 4576 3152 4637 σταυροῦ.
3187 4605 3198 4618 .
3238 4608 3251 4620 .
3289 4609 3302 4621 .
3339 4608 3353 4624 .
3390 4609 3402 4621 .
3437 4605 3454 4624 .
3492 4576 3658 4641 Αειμά
3687 4590 3784 4624 σα-

2132 4576 2392 4707 ξαχοανί.
2424 4633 2856 4707 Ἰἰᾶοιη-ἰὺὶᾶοω
2890 4635 3103 4707 Regius
3161 4640 3478 4704 secandus,
3522 4641 3700 4698 Basil.
3730 4649 3788 4700 et

448 4678 1021 4778 (SQlSicpterqug
1058 4701 1289 4778 Regius,
1327 4706 1614 4778 Seguer,
1653 4701 2018 4778 Basiliensis,

2145 4678 2392 4778 ἆῖιῖςῖῖό
2420 4678 3025 4778 ἐῆζᾶἔέλῖέἑᾶἶᾌέὶὲῖὶ
3038 4678 3114 4764 "ei
3141 4678 3512 4775 θῒῆἵῗέἔξὲλ
3521 4678 3663 4775 ῖξῖἐῗ.

377 4772 600 4844 Anglic.
631 4772 861 4829 Gobler.
894 4777 952 4844 et
983 4773 1131 4828 Felc.
1167 4774 1295 4844 1.ᾼῐ
1324 4773 1383 4828 in
1407 4772 1536 4828 aliis
1569 4777 1624 4828 et
1654 4774 1829 4829 editis
1862 4776 2025 4830 deest

379 4839 498 4918 τήνῖ
532 4845 683 4918 Mox,
731 4848 860 4918 post
896 4839 1133 4918 ,ὄργανον
1177 4842 1367 4918 αύτῆς,
1421 4845 1633 4914 Regius
1671 4846 1908 4918 primus
1967 4851 2023 4902 et

378 4913 748 4990 seguerianf
788 4913 1070 4990 omittunt
1110 4913 1410 4990 γινόμενον,
1462 4917 1618 4988 quod
1669 4913 1773 4990 hic
1810 4919 1906 4990 alii
1967 4923 2024 4973 et

375 4985 514 5060 editi
547 4989 784 5060 habent,
819 4989 930 5060 sed,
952 4985 1558 5060 infra'transponufnt
1590 4993 1720 5059 post
1749 4985 2018 5060 ἔκλαμψιν

376 5057 566 5127 αὐτῆς,
595 5059 892 5130 iidemque
923 5059 1154 5124 habent,
1204 5058 1294 5112 καὶ
1324 5057 1658 5131 ’φαινόμενον
1709 5064 1860 5131 πᾶσι,
1889 5057 2019 5116 ἰὼὶ

376 5130 472 5186 alii
498 5135 556 5186 et
582 5131 742 5186 editi.
789 5134 976 5186 φαῖνον
1009 5128 1061 5182 ἐν
1095 5135 1246 5186 πᾶσι.

373 5138 472 5186 alii
498 5138 556 5186 et
582 5138 742 5197 editi,
789 5138 976 5206 φαῖνον
1009 5138 1061 5182 ἐν
1095 5138 1246 5186 πᾶσι.

447 5202 558 5271 (40)
589 5202 682 5258 Sic
713 5203 937 5272 primus
973 5203 1151 5272 codex
1185 5203 1418 5272 Regius,
1447 5201 1676 5257 Gobler.
1712 5206 1769 5256 et
1800 5201 1948 5258 Felc.
1969 5205 2016 5259 1.

374 5270 665 5328 Atcasteri
700 5270 757 5327 et
783 5273 945 5334 editi.
974 5270 1119 5326 ἀλλά
1150 5270 1380 5340 Ἰησοῦς.

449 5347 560 5418 (41)
594 5347 816 5418 Regius,
832 5345 1055 5418 primus
1085 5351 1142 5398 et
1171 5343 1536 5418 seguerian..
1588 5343 1768 5418 ᾥτπερ
1801 5344 1888 5418 καὶ
1948 5343 2018 5400 ἐν.

375 5417 606 5472 Gobler.
639 5422 696 5472 et
730 5415 883 5472 Felc.
916 5417 968 5486 1,
1001 5416 1181 5488 ὥσπερ
1215 5415 1288 5470 ἐν.
1325 5415 1434 5470 Alii
1469 5422 1526 5470 et
1555 5416 1718 5486 editi,
1742 5415 1815 5475 ὡς
1847 5415 1919 5472 ἐν,

447 5488 560 5561 (42)
589 5490 801 5552 Regius
832 5489 1080 5561 primus,
1114 5488 1466 5561 συνιστάντες.

451 5562 561 5631 (43)
591 5562 819 5615 Gobler.
855 5566 912 5616 et
942 5560 1092 5616 Felc.
1127 5562 1177 5630 1,
1211 5560 1294 5613 ναί
1350 5561 1649 5631 omittunt.
1684 5560 1896 5629 Regius
1920 5575 2021 5631 se-

379 5628 608 5688 cundus
629 5638 686 5688 et
727 5633 895 5705 Basil.
925 5628 1171 5705 habent,
1190 5631 1278 5684 καὶ
1303 5628 2017 5705 ~{éypzwrtaz.M_oxGobler-.

379 5707 437 5759 et
471 5705 620 5778 Felc.
653 5706 734 5778 Ai,
791 5703 880 5757 καὶ
920 5701 1019 5778 *ότι
1071 5701 1414 5778 ἐταράχθηξ
1439 5701 1548 5778 καὶ,
1607 5701 1701 5778 Θεέ
1750 5721 1876 5772 μου,
1907 5707 2019 5778 etc.

381 5776 618 5834 omissis
649 5775 1035 5832 intermediis.
1071 5773 1312 5843 Ibidem,
1345 5775 1556 5845 Regius
1578 5773 1806 5846 primus
1827 5779 1884 5829 et
1927 5774 2024 5830 Se-

2208 4777 2318 4852 (44)
2354 4777 2576 4852 Regius
2596 4778 2824 4852 primus
2856 4783 2914 4835 et
2944 4781 3180 4852 Seguer.
3233 4785 3328 4836 τοῦ
3376 4783 3676 4840 omittunt.
3710 4789 3785 4841 At

2132 4847 2363 4931 G‘obler.
2398 4852 2455 4902 et
2487 4847 2635 4931 Felc.
2674 4849 2920 4931 primus,
2952 4847 3049 4907 sic
3068 4853 3305 4927 habent,
3340 4854 3430 4909 καὶ
3463 4855 3779 4931 παρελθέτω

2131 4917 2487 4996 1o_1_ro1ﬁpz0v
2519 4917 2700 4996 τοῦτο’·
2732 4921 3049 4996 γέγραπται.

2167 4990 2561 5116 0{Erigius
2592 4990 2839 5066 prlm'us"
2868 4999 2925 5051 et
2970 4999 3232 5068 Seguer.,
3279 4996 3343 5052 τὸ
3374 4996 3526 5054 αύτό.
3564 4999 3669 5055 Alii
3725 5004 3786 5057 et

2133 5077 2272 5116 eam
2300 5082 2482 5117 τουτο.

2205 5135 2558 5216 (_46)_Reg_ius
2591 5136 2906 5216 primuset
2930 5141 3195 5210 Seguer.,
3250 5139 3380 5201 Θεὸς
3416 5137 3489 5194 ὢν
3525 5141 3660 5216 εἶχε.
3714 5149 3781 5201 In

2132 5203 2266 5259 aliis
2297 5213 2352 5260 et
2383 5207 2554 5260 editis
2587 5203 2662 5262 ὤν
2695 5208 2878 5264 deest.
3005 5203 3036 5210 ”
3184 5203 3190 5205 ⁷
3579 5203 3613 5217 ’⁸

2203 5277 2314 5347 (47)
2349 5282 2598 5360 Uterque
2639 5281 2852 5360 Regius
2889 5285 2957 5360 _et
3013 5280 3274 5360 Seguer.,
3335 5283 3411 5355 μή
3454 5278 3780 5360 φοϐεῖσθαι.

2136 5347 2264 5431 Mox
2297 5347 3356 5431 primpépqdeiRegius.et_Seguer.',
3397 5347 3522 5410 Πῶς
3555 5353 3612 5410 δὲ
3644 5357 3671 5410 ὁ
3701 5362 3782 5431 τῷ

2133 5413 2400 5490 Ἀϐραάμ.
2437 5422 2544 5476 ΛΙὶἱ
2579 5429 2635 5479 et
2665 5413 2888 5490 editi}
2918 5413 3220 5480 omittunt.

2203 5493 2574 5568 (48)Seguer.
2632 5489 2946 5563 addito'u,
3006 5497 3160 5568 quod
3222 5497 3280 5552 in
3329 5497 3483 5568 aliis‘
3516 5505 3572 5555 et
3603 5501 3778 5558 editis

2131 5561 2312 5644 deest.
2347 5565 2742 5644 Genesaxxvr,
2777 5569 2868 5644 24,
2904 5561 3174 5644 habetur,
3230 5569 3316 5636 Μὴ
3379 5564 3576 5644 φοϐοὖο
3641 5573 3777 5644 μετᾶ

2130 5636 2226 5716 σοῦ
2249 5635 2350 5716 γαρ
2384 5633 2520 5716 ε-ίμιι,
2555 5639 2782 5716 Ibidem
2808 5633 3020 5710 Regius
3053 5633 3277 5713 primus
3301 5633 3371 5716 et
3412 5633 3774 5716 Segueripcal

2128 5702 2219 5758 τὸν
2252 5702 2456 5770 Μὼσῆν
2489 5706 2520 5762 ὅ
2547 5729 2622 5764 τε.
2661 5712 2722 5767 [n
2758 5702 3128 5783 Regi'tam‘en
3167 5730 3226 5766 τι
3284 5702 3539 5772 deletum
3571 5702 3680 5788 est,
3713 5722 3774 5774 et

2129 5775 2158 5828 ὁ
2200 5776 2488 5834 relictum.

2200 5793 2488 5835 relictum.
