4074 6342
396 399 515 461 439

944 403 1006 464 S.
1057 405 1482 469 ATHANASII
1528 408 1704 469 OPP.
1752 403 1953 468 PARS
1995 403 2044 463 Ι.
2076 435 2152 445 -
2182 399 2597 462 HISTORIGA
2639 399 2741 460 ET
2786 397 3261 461 DOGMATICA.

3701 410 3824 470 440

402 535 628 590 strabat
650 551 733 603 se,
760 551 896 591 cum
918 535 1072 592 Deus
1103 541 1259 593 esset
1282 537 1690 610 impassihilis,
1713 536 2055 611 passibilem

2191 531 2301 592 θεὸς
2347 532 2460 604 (63)
2505 526 2577 583 ὢν
2633 531 2865 599 ἀπαθὴς,
2918 529 3088 606 σάρκα
3130 532 3377 602 παθητὴν
3421 529 3634 592 ἔλαϐεν
3671 536 3730 594 ἐκ
3762 533 3822 595 δῖ

404 623 805 696 assumpsisse
843 641 1074 682 carnem
1109 643 1122 681 :
1153 631 1212 681 at
1242 642 1311 681 ex
1354 628 1632 700 operibus
1662 626 1856 700 palam
1890 625 2060 681 facie-

405 712 505 767 bat
534 727 619 778 se,
665 729 798 768 cum
846 713 949 769 Dei
997 713 1252 770 Verbum
1285 721 1460 783 esset,
1509 715 1809 772 hominem
1855 718 2061 787 postea

410 801 627 857 factum
677 818 826 869 esse,
876 802 1027 857 unde
1083 802 1272 859 aiebat
1306 819 1320 858 :
1353 804 1416 860 Si
1441 805 1604 875 mihi,
1652 808 1852 876 utpote
1883 817 2058 874 quem

407 890 667 946 humano
721 907 960 960 corpore
1018 892 1301 948 amictum
1356 893 1618 960 cernitis,
1675 893 1895 949 credere
1950 907 2060 947 non

407 979 593 1046 vultis,
627 979 835 1034 saltem
869 981 1125 1052 operibus
1161 981 1386 1048 credite,
1417 989 1477 1038 ut
1523 984 1856 1052 cognoscatis
1885 997 1972 1036 me
2001 981 2060 1036 in

405 1072 576 1124 Patre
599 1071 652 1124 et
679 1069 900 1124 Patrem
934 1071 995 1124 in
1037 1087 1121 1126 me
1151 1087 1264 1127 esse
1283 1071 1348 1125 ⁷⁵.
1381 1071 1560 1128 Plane
1602 1072 1975 1144 impudentes
2005 1073 2065 1125 et

406 1155 573 1228 impii
603 1158 923 1214 admodum
954 1175 1084 1215 esse
1117 1159 1260 1215 mihi
1305 1161 1576 1216 videntur
1619 1160 1836 1216 Christi
1867 1160 2065 1216 adver-

407 1245 567 1314 sarii,
599 1247 698 1318 qui
733 1247 1013 1303 nimirum
1037 1248 1135 1303 ubi
1163 1249 1477 1318 audierint,
1503 1251 1608 1321 Ego
1628 1258 1678 1306 et
1698 1251 1866 1304 Pater
1891 1265 2065 1305 unum

409 1352 602 1391 sumus
619 1337 686 1403 ⁷⁸,
718 1353 960 1394 sensum
989 1338 1298 1394 verborum
1317 1338 1673 1407 adulterare,
1699 1343 1756 1394 et
1778 1338 1966 1394 Patris
1997 1355 2064 1394 ac

413 1425 542 1482 Filii
575 1425 859 1482 unitatem
893 1427 1149 1483 dividere
1173 1429 1310 1484 totis
1341 1432 1630 1484 conantur
1649 1429 1872 1483 viribus
1895 1446 1908 1484 :
1929 1444 2062 1482 cum

416 1519 615 1572 autem
644 1515 893 1586 ﬂevisse,
927 1518 1198 1585 sudasse,
1223 1534 1463 1590 passum
1495 1533 1624 1574 esse
1657 1517 1924 1587 audiunt,
1949 1534 2064 1572 non

417 1621 631 1677 corpus
660 1610 986 1676 aspectant,
1011 1607 1110 1662 sed
1143 1621 1210 1662 ex
1240 1606 1334 1662 his
1356 1607 1510 1662 inter
1529 1623 1620 1662 res
1651 1611 1876 1662 creatas
1905 1622 2062 1674 eum,

415 1711 521 1767 per
549 1709 724 1766 quem
747 1695 906 1750 factis
931 1694 1040 1750 illae
1061 1699 1222 1761 sunt,
1239 1696 1459 1751 audent
1483 1711 1893 1750 annumerare.
1917 1693 2064 1759 Quid

415 1799 554 1856 ergo
585 1782 777 1839 adhuc
808 1782 940 1840 illos
961 1784 1112 1840 inter
1139 1789 1197 1840 et
1224 1785 1459 1841 Judaeos
1482 1784 1774 1841 interest?
1805 1783 1879 1840 Ut
1908 1784 2064 1840 enim

415 1871 502 1928 illi
533 1872 629 1928 Dei
661 1873 1032 1946 operaimpie
1053 1873 1806 1942 Beelzebuliascribebant;
1841 1873 1922 1929 ita
1945 1873 2039 1929 isti

415 1961 556 2035 quia
588 1961 899 2018 Dominum
930 1979 1173 2035 operum
1199 1963 1434 2020 illorum
1466 1968 1766 2020 auctorem
1797 1963 1951 2020 inter
1977 1979 2068 2018 res

417 2054 642 2108 creatas
688 2051 997 2121 collocant,
1027 2052 1265 2110 easdem
1317 2069 1382 2109 ac
1431 2052 1514 2108 illi
1561 2070 1763 2126 pinnas
1814 2053 2071 2126 pendent

419 2140 825 2214 inexpiabiles.

488 2231 579 2286 56.
610 2229 786 2302 Atqui
816 2246 1050 2302 aequum
1095 2230 1303 2287 fuisset
1333 2229 1464 2286 illos
1493 2247 1562 2286 ex
1594 2230 1687 2286 his
1715 2231 1933 2301 verbis,
1962 2235 2072 2302 Ego

422 2327 475 2376 et
503 2321 670 2375 Pater
711 2335 886 2374 unum
913 2335 1122 2390 sumus,
1154 2336 1334 2376 unam
1367 2319 1734 2376 divinitatem
1765 2324 1822 2376 et
1851 2324 2071 2376 natura

424 2408 610 2466 Patris
636 2409 1049 2481 proprietatem
1082 2408 1378 2481 percipere
1403 2426 1418 2476 ς
1449 2425 1518 2464 ex
1547 2408 1655 2464 hac
1686 2414 1880 2464 autem
1912 2423 2070 2475 voce,

429 2495 775 2568 lacrymatus
819 2500 918 2566 est,
957 2500 1015 2551 et
1059 2495 1375 2564 similibus,
1417 2512 1485 2552 ea
1533 2495 1792 2567 corporis
1841 2496 2076 2568 propria

423 2601 552 2643 esse
572 2585 1168 2657 agnoscere,maxime
1182 2601 1316 2640 cum
1338 2584 1648 2657 utrobique
1670 2590 2072 2641 consentaneae

423 2675 680 2732 rationes
712 2673 828 2730 illis
860 2680 1193 2746 suppetant,
1213 2674 1429 2747 quippe
1450 2691 1584 2730 cum
1619 2674 1719 2730 illa
1747 2675 1979 2745 quidem
2004 2675 2075 2729 de

421 2780 489 2821 eo
523 2769 587 2819 ut
617 2764 688 2819 de
719 2768 853 2832 Deo,
880 2763 1018 2834 ,heac
1047 2768 1243 2820 autem
1300 2769 1538 2836 propter
1566 2763 1894 2820 humanum
1925 2765 2076 2835 ejus-

423 2853 558 2909 dem
590 2868 804 2924 corpus
835 2851 1054 2925 scripta
1076 2851 1214 2907 sint.
1241 2852 1353 2907 Nec
1375 2853 1531 2907 enim
1558 2853 1616 2908 in
1640 2869 1725 2921 eo,
1750 2853 1848 2924 qui
1881 2868 2078 2924 corpo-

425 2942 508 2999 ris
537 2958 742 3015 expers
771 2945 950 3006 esset,
983 2941 1241 3012 corporis
1265 2942 1647 3014 proprietates
1671 2941 1943 3013 fuissent,
1965 2941 2078 2996 nisi

426 3047 641 3104 corpus
659 3029 1018 3101 corruptioni
1037 3029 1351 3085 obnoxium
1383 3047 1448 3086 ac
1463 3030 1705 3087 mortale
1725 3047 1923 3087 assum
1933 3031 2081 3102 psis-

431 3124 540 3178 set.
576 3117 842 3176 Mortalis
892 3117 1186 3190 siquidem
1233 3119 1343 3174 fuit
1389 3124 1593 3176 sancta
1641 3121 1820 3176 Maria
1867 3137 1934 3176 ex
1965 3136 2083 3191 qua

433 3210 564 3283 ejus
595 3209 943 3280 productum
995 3224 1207 3280 corpus
1231 3212 1346 3277 est;
1393 3225 1458 3264 ac
1506 3210 1769 3282 proinde,
1801 3209 2080 3281 quoniam

2048 1917 2148 1982 ῘΒ

2167 624 2272 674 τῶν
2337 617 2510 695 ἔργων
2571 617 2831 674 ἐδείκνυεν
2891 621 3078 675 ἑαυτὸν
3138 619 3310 697 Λόγον
3357 619 3484 679 ὅντα
3529 631 3626 682 τοῦ
3659 634 3821 684 Θεοῦ⁹

2168 709 2257 764 καὶ
2311 708 2533 784 ὕστερον
2583 709 2874 784 γενόμενον
2929 708 3234 785 ἄνθρωπον,
3287 711 3482 788 λέγων’
3536 714 3640 770 Κᾶν
3691 717 3824 792 ἐμοὶ

2173 797 2249 870 μὴ
2282 796 2590 868 πιστεύητε,
2637 797 2927 873 βλέποντες
2971 798 3304 873 ἀνθρώπινόν
3361 822 3428 873 με
3474 799 3816 878 περιϐεϐλη-

2174 887 2332 958 μὲνον
2366 891 2547 960 σῶμα,
2606 885 2750 942 ὰλλά
2797 884 2891 941 κᾶν
2945 893 3060 950 τοῖς
3108 883 3284 964 ἔργοις
3336 891 3652 949 πιστεύσατε
3684 899 3818 970 (64),

2164 975 2257 1029 ’ίνα
2279 980 2470 1051 γνῶτε,
2531 977 2613 1030 ὅτι
2675 976 2784 1051 ἐγὼ
2845 975 2896 1031 ἐν
2956 981 3036 1049 τῷ
3093 978 3289 1051 Πατρὶ,
3342 981 3431 1034 καὶ
3480 982 3507 1036 6
3542 986 3729 1058 Πατήρ
3762 985 3814 1040 ἰν

2173 1064 2316 1138 ἐμοί.
2354 1065 2499 1118 Πάνυ
2549 1061 2605 1120 δέ
2655 1086 2748 1137 μοι
2805 1062 3053 1120 δοκοῦσιν
3106 1067 3485 1143 ἀναισχυντίαν
3529 1069 3816 1148 ἐσχηκέναι

2171 1153 2260 1208 καὶ
2299 1151 2648 1232 βλασφημίαν
2681 1155 2733 1208 οἱ
2764 1154 3166 1231 Χριστομάχοι.
3215 1157 3538 1222 ’Δκούοντες
3572 1163 3665 1234 μὲν
3694 1165 3818 1238 γάρ,

2172 1243 2312 1319 Ἐγὼ
2369 1242 2457 1296 καὶ
2509 1245 2536 1297 6
2590 1245 2776 1318 Πατὴρ
2843 1240 2896 1298 ’ἐν
2957 1243 3140 1317 ἐσμεν,
3216 1245 3494 1320 βιάζονται
3554 1251 3652 1318 τήν
3704 1249 3822 1305 διά-

2171 1353 2318 1388 νοιαν
2350 1333 2792 1409 παρεξηγεῖσθαι,
2821 1333 2909 1388 καὶ
2939 1331 3162 1408 διαιρεῖν
3193 1336 3292 1404 τήν
3327 1336 3554 1409 ἑνότητα
3581 1344 3672 1394 τεῦ
3707 1342 3819 1397 Πα-

2172 1423 2298 1498 τρὸς
2328 1423 2417 1476 καὶ
2446 1427 2542 1476 τοῦ
2582 1423 2729 1476 Υἱοῦο
2765 1422 3051 1486 ἀκούοντες
3084 1421 3161 1493 δὲ,
3193 1423 3276 1479 ὅτι
3309 1423 3589 1498 ἔκλαυσεν,
3624 1426 3824 1504 ἵδρωσε

2173 1513 2456 1584 πέπονθεν,
2511 1511 2610 1567 οὐκ
2658 1511 2883 1586 ἐνορῶσι
2931 1517 3010 1584 τῷ
3057 1514 3292 1587 σώματι,
3351 1514 3478 1571 ἀλλ’
3527 1515 3587 1572 ἐκ
3616 1518 3823 1573 τούτων

2173 1603 2243 1672 τῇ
2272 1601 2443 1656 κτίσει
2503 1606 2888 1677 συναριθμοῦσι
2935 1603 3028 1657 τὸν
3079 1599 3147 1656 δι’
3191 1600 3253 1658 οὗ
3302 1602 3519 1679 γίγονεν
3558 1609 3593 1676 ἠ
3623 1606 3825 1670 κτίσις.

2174 1690 2236 1745 Τί
2294 1691 2385 1745 οὗν
2447 1689 2524 1746 ἔτι
2582 1692 2776 1746 λοιπὸν
2829 1689 2975 1747 οὗτοι
3030 1697 3136 1746 τῶν
3197 1690 3477 1750 Ἰουδαίων
3539 1693 3824 1774 διαφέρου·-

2177 1801 2258 1834 σιν
2285 1799 2298 1850 ;
2324 1785 2408 1842 Ὠς
2440 1781 2544 1856 γάρ
2576 1779 2769 1835 ἐκεῖνοι
2800 1781 2867 1835 τὰ
2894 1784 2990 1835 τοῦ
3021 1781 3154 1836 Θεοῦ
3206 1779 3337 1858 ἔργα
3373 1787 3442 1858 τῇ
3493 1781 3829 1856 Βεελζεϐοὺλ

2177 1867 2486 1944 ἐλογίζοντο
2522 1869 2996 1946 βλασφημοῦντες·
3031 1869 3174 1926 οὕτω
3203 1870 3292 1926 καὶ
3335 1869 3508 1943 οὗτοι,
3539 1875 3632 1930 τὸν
3661 1880 3830 1931 ταῦτα

2178 1959 2542 2034 ἐργασάμενον
2603 1958 2798 2032 Κύριον
2855 1965 2971 2022 τοῖς
3019 1959 3272 2033 κτίσμασι
3343 1965 3800 2038 συναριθμοῦντες
3870 1979 3900 1994 ⁸·

2177 2051 2276 2120 τὴν
2309 2049 2477 2120 αὐτὴν
2507 2049 2729 2113 ἐκείνοις
2761 2049 3133 2126 ἀσυγγνωστον
3167 2051 3481 2108 ὑποίσονται
3655 2075 3791 2110 κατα

2183 2136 2360 2210 δίκην.

2249 2231 2341 2286 56.
2391 2225 2539 2285 Ἔδει
2599 2225 2656 2284 δὶ
2703 2227 2995 2291 ἀκούοντας
3055 2229 3150 2302 μὶν
3205 2229 3422 2302 αὐτοὺς,
3472 2232 3611 2306 Ἐγὼ
3658 2230 3747 2288 καὶ
3797 2233 3826 2286 6

2182 2319 2367 2394 Πατὴρ
2425 2314 2478 2373 ἓν
2535 2316 2737 2391 ἐσμεν,
2799 2317 2924 2391 μίαν
2986 2320 3114 2394 ὁρᾷν
3170 2320 3268 2388 τὴν
3332 2316 3562 2392 θεὸτητα
3617 2322 3708 2377 καὶ
3763 2323 3826 2377 τὸ

2182 2403 2318 2460 ἴδιον
2507 2413 2605 2475 τῆς
2653 2405 2834 2467 οὐσίας
2892 2409 2987 2462 τοῦ
3031 2406 3263 2482 Πατρός·
3310 2406 3604 2471 ἀκούοντας
3659 2406 3716 2464 δὶ
3744 2410 3828 2483 τὸ,

2181 2492 2426 2566 ἔκλαυσε,
2478 2494 2566 2550 καὶ
2613 2495 2679 2550 τά
2728 2495 2916 2567 ὅμοια,
2964 2499 3131 2550 ταῦτα
3175 2500 3272 2550 τοῦ
3304 2497 3559 2570 σώματος
3593 2495 3705 2554 ἴδια
3735 2499 3826 2554 λέ-

2180 2605 2314 2661 γειν,
2333 2582 2572 2657 μάλιστα
2600 2582 2683 2638 ὅτι
2718 2583 2768 2638 ἐν
2805 2584 3042 2660 ἑκατέρῳ
3072 2584 3276 2640 τούτων
3311 2583 3501 2661 ἔχουσι
3528 2588 3627 2656 τήν
3658 2587 3830 2666 ἀφορ-

2187 2674 2295 2745 μήν
2329 2671 2572 2748 εὔλογον,
2606 2672 2686 2727 ὅτι
2717 2673 2784 2728 τὰ
2818 2673 2911 2746 μὲν
2946 2675 3062 2747 (67)
3085 2674 3160 2736 ὡς
3191 2674 3313 2750 περὶ
3345 2680 3478 2730 Θεοῦ
3505 2675 3829 2754 γέγραπται,

2182 2763 2249 2816 τά
2279 2759 2335 2816 δὲ
2368 2759 2456 2816 διὰ
2484 2763 2545 2817 τὸ
2575 2761 2914 2833 ἀνθρώπινον
2973 2763 3138 2818 αὐτοῦ
3187 2767 3346 2836 σῶμα
3401 2763 3637 2840 λέγεται.
3689 2763 3831 2824 Οὐδὲ

2183 2851 2284 2927 γάρ
2313 2851 2365 2904 ἐν
2417 2851 2692 2924 ἀσωμάτῳ
2743 2852 2809 2906 τά
2860 2856 2956 2906 τοῦ
3010 2851 3262 2924 σώματος
3294 2849 3354 2906 ἂν
3386 2850 3642 2929 ἐγεγόνει,
3670 2853 3719 2909 εἲ
3751 2855 3829 2927 μή

2188 2944 2345 3012 σῶμα
2376 2935 2558 2995 λαϐὼν
2591 2941 2657 3008 iv
2687 2941 2919 3018 φθαρτὸν
2953 2941 3038 2996 xui
3073 2936 3288 3012 θνητόν·
3321 2943 3487 3012 θνητή
3539 2943 3642 3019 γὰρ
3696 2945 3761 3012 iv
3794 2947 3830 3014 ἡ

2188 3028 2310 3104 ἁγία
2343 3030 2454 3102 (68)
2485 3027 2686 3100 Μαρία,
2720 3027 2770 3100 ἐξ
2792 3030 2860 3098 ἧς
2893 3030 2956 3098 iv
2989 3029 3077 3084 καὶ
3108 3031 3170 3085 τὸ
3193 3031 3470 3105 σῶμα.Διὸ
3499 3032 3588 3087 καὶ
3620 3033 3828 3108 ἀνάγκη

2190 3117 2240 3172 ἐν
2273 3115 2543 3192 πάσχοντι
2593 3119 2827 3191 σώματι,
2877 3119 2967 3174 καὶ
3016 3118 3283 3190 κλαίοντι,
3315 3120 3404 3175 καὶ
3447 3121 3711 3194 κάμνοντι
3741 3145 3834 3198 γε-

2189 3205 2420 3278 νομένου
2469 3206 2654 3274 αὐτοῦ,
2717 3206 2880 3262 αὐτοῦ
2926 3207 3173 3284 λέγεσθαι
3239 3209 3372 3282 μετά
3435 3215 3532 3265 τοῦ
3583 3213 3836 3285 σώματος

432 3299 495 3355 in
527 3313 770 3370 corpore
795 3297 1072 3370 patiente,
1096 3296 1470 3370 lacrymante,
1492 3304 1550 3354 et
1574 3297 1876 3355 laborante
1903 3301 2075 3368 esset,

2192 3297 2281 3350 καὶ
2336 3299 2525 3368 ταῦτα,
2577 3298 2710 3371 ἅπερ
2761 3296 2898 3351 ἐστὶν
2953 3294 3064 3352 ἴδια
3105 3306 3203 3368 τῆς
3248 3299 3463 3376 σαρκός.
3522 3298 3598 3358 Εἱ¹
3635 3322 3694 3356 τε
3720 3301 3836 3356 τοί-

435 3403 676 3445 necesse
725 3386 834 3442 tuit
882 3390 945 3441 ut
986 3387 1205 3457 isthec,
1241 3404 1368 3458 quas
1421 3387 1615 3443 carnis
1660 3388 1893 3459 propria
1921 3393 2080 3455 sunt,

433 3480 505 3536 de
535 3495 601 3535 eo
633 3493 751 3533 una
781 3492 913 3532 cum
947 3492 1186 3548 corpore
1216 3477 1571 3533 dicerentur.
1606 3478 1736 3534 Sive
1767 3478 1948 3550 igitur
1977 3478 2081 3532 ﬂe-

430 3569 514 3626 vit
542 3572 600 3624 et
629 3565 1008 3639 perturbatus
1036 3570 1144 3632 est,
1167 3581 1281 3621 non
1314 3565 1674 3633 Verbum,ut
1701 3566 1958 3622 Verbum
1982 3567 2081 3622 ﬂe-

427 3659 528 3714 bat
557 3661 614 3712 et
644 3655 1087 3727 pertubabatur,
1121 3655 1222 3710 sed
1255 3655 1312 3710 id
1346 3655 1673 3726 pertinebat
1703 3657 1773 3710 ad
1805 3672 2040 3711 carnem
2066 3673 2079 3712 :

430 3747 552 3804 sive
581 3744 767 3802 oravit
796 3748 862 3799 ut
891 3743 1166 3799 transiret
1199 3742 1368 3809 calix,
1393 3761 1508 3798 non
1543 3745 1670 3816 ipsa
1701 3745 1977 3800 divinitas
2001 3761 2084 3800 re-

430 3834 806 3901 formidabat,
838 3832 936 3888 sed
973 3832 1074 3886 illa
1105 3833 1330 3887 affectio
1380 3836 1507 3888 erat
1537 3832 1922 3889 humanitatis
1955 3851 2083 3905 pro-

427 3924 577 3998 pria,
611 3927 676 3978 ut
727 3925 784 3978 et
833 3937 1000 3977 voces
1035 3921 1158 3976 istas
1209 3937 1222 3976 :
1280 3921 1474 3993 thuid
1513 3921 1860 3993 dereliquiin
1888 3923 2083 3979 me"?

429 4030 558 4086 quis
599 4012 729 4084 ejus
778 4026 908 4066 esse
955 4008 1180 4080 eodem,
1233 4027 1350 4081 quo
1405 4027 1587 4082 supra
1642 4011 2081 4081 explicavimus,

430 4103 604 4160 modo
638 4104 778 4157 sunt
799 4098 1200 4172 intelligenda.
1224 4099 1369 4154 Nam
1402 4100 1636 4155 tametsi
1661 4099 1806 4156 nihil
1829 4100 2085 4174 patieba-

431 4198 549 4263 tur,
582 4205 715 4246 cum
746 4187 1003 4244 Verbum
1056 4187 1360 4260 patibilem
1396 4204 1512 4244 non
1544 4188 1759 4246 habeat
1789 4195 2083 4260 naturam,

428 4279 672 4354 perinde
701 4281 898 4334 tamen
931 4291 999 4334 ao
1030 4275 1078 4332 si
1110 4291 1241 4332 vere
1262 4279 1581 4348 pateretur,
1606 4277 1728 4333 haec
1753 4278 1826 4334 ab
1848 4295 2088 4352 evange-

505 4441 552 4476 ⁷⁵
578 4439 750 4496 Joan.
783 4453 840 4506 x,
871 4437 960 4492 38.
1037 4436 1081 4472 ⁷⁸
1110 4435 1254 4492 ibid.
1286 4437 1374 4494 30.
1451 4438 1494 4473 ⁷⁷
1526 4439 1703 4496 Marc.
1738 4456 1830 4507 xv,
1862 4440 1952 4496 34.

514 4603 627 4675 (63)
658 4602 894 4672 Seguer.
927 4596 1157 4675 Gobler.
1190 4601 1249 4654 et
1277 4598 1517 4675 Felc._1,
1548 4596 1630 4654 ὅτι
1661 4620 1719 4655 τε
1769 4601 1919 4664 Θεός.
1954 4603 2083 4659 Mox
2113 4606 2159 4670 D

437 4665 576 4748 Reg.
608 4665 1293 4748 f1_et'Seguer,_é6e£_z<vvJe_v
1327 4665 1509 4726 αὐτόν.

507 4742 622 4820 (Bt)
652 4742 885 4820 Primus
916 4742 1094 4820 codex
1128 4742 1344 4820 Reginae
1376 4751 1428 4820 et
1475 4748 1736 4820 Seguer.,
1786 4744 1879 4799 κᾶν
1902 4818 1911 4820 _
1935 4743 2082 4817 ἐμοὶ,

441 4808 736 4894 βλεπόντες
761 4808 1623 4894 ⁸ᾱινθρλῴπινονιιπιΞριϐεοληιιιιέιῖῳ
1656 4819 1814 4888 σῶμα
1849 4818 1923 4889 μὴ
1965 4808 2082 4888 ’μιᾷ

434 4883 832 4957 στεύητε·ἇλλὰ
860 4883 953 4941 κᾶν
985 4889 1100 4960 τοῖς
1129 4883 1310 4960 ἔργοις
1343 4883 1636 4960 πιστεύετε.

630 4963 789 5045 “Reg.
835 4969 845 5015 Ι
886 4955 1255 5045 θίβθειιθξιξλ
1266 4955 1606 5045 ἀποίσονται.

583 5025 847 5106 (Regius
879 5025 1106 5106 primus
1132 5037 1189 5086 et
1220 5031 1460 5103 Seguer.
1492 5029 1581 5083 καὶ
1612 5028 1672 5083 τὸ
1707 5025 1862 5084 ἴδιον.
1883 5031 2082 5086 Castori

436 5111 493 5162 et
521 5097 682 5170 editi,
714 5097 849 5159 κατὰ
876 5097 937 5155 τὸ
970 5097 1128 5157 ξ’διον.

527 5178 619 5248 67)
653 5177 886 5232 Primus
927 5174 1110 5248 codex
1162 5173 1403 5244 Regius,
1453 5176 1690 5248 Seguer.
1747 5173 2084 5248 βοηθῇ-οι

507 5179 619 5304 (67)
653 5179 886 5232 Primus
927 5179 1110 5229 codex
1162 5179 1403 5244 Regius,
1453 5179 1690 5244 Seguer.
1747 5179 1976 5228 Gobler.
2028 5179 2082 5228 et

435 5253 506 5304 Fe
533 5265 582 5303 c.
618 5249 864 5320 primus,
903 5245 962 5320 '56
996 5244 1114 5320 μέν,
1150 5251 1207 5320 et
1241 5244 1630 5320 moxqprimus
1661 5244 1838 5320 codex
1873 5245 2082 5320 Regius

436 5265 582 5304 [⁷810.
618 5265 864 5320 primus,
903 5265 962 5298 το
1042 5265 1114 5313 εν,
1150 5265 1207 5299 BI.
1241 5265 1374 5300 mox
1401 5265 1630 5314 prunus
1661 5265 1838 5299 COUCX
1873 5265 2081 5307 nemus

436 5323 492 5376 et
519 5324 782 5392 Seguer.,
813 5318 874 5372 τὸ
905 5312 962 5370 δὲ
985 5265 1081 5392 iis
1107 5315 1191 5392 τό,
1217 5321 1334 5392 _etc.
1384 5314 1606 5371 Ibidem
1658 5315 1856 5385 iidem,
1917 5315 2081 5369 αύτοῦ

438 5385 942 5476 σῶμαξγὲγραπται.
975 5385 1052 5476 (ξύ
1081 5386 1180 5476 γάρ
1213 5385 1286 5470 ἐν.

507 5458 1103 5536 (68)Ῥὶ·ἶῐηυεῄροάθχς
1128 5458 1363 5536 Regius,
1388 5459 1726 5536 Seguerian.
1750 5458 2078 5536 Goblerian.

437 5542 494 5590 et
516 5529 670 5591 'l’el'c.
705 5538 758 5600 4,
790 5535 855 5602 iv
889 5531 922 5600 ἥ
958 5529 1157 5602 Μαρία.
1190 5529 1405 5602 Regius
1446 5532 1760 5602 secundus,
1799 5531 2080 5588 Basilien-

437 5549 494 5590 ει
525 5549 670 5591 relc.
705 5549 758 5600 4,
790 5549 855 5602 ην
889 5553 922 5600 η
958 5549 1044 5587 Μα
1087 5549 1157 5584 ια.
1190 5549 1405 5600 Regius
1446 5549 1760 5596 secundus,
1799 5549 2080 5588 basilien-

436 5608 517 5664 sis
548 5613 606 5662 et
633 5608 1013 5678 Anglicanus,
1039 5549 1105 5671 iv
1139 5603 1171 5678 ᾖ
1211 5601 1558 5678 ἁγία-Μαρία.
1601 5603 1830 5678 ibidem
1867 5603 2082 5678 Regius

441 5679 669 5748 primus
699 5671 756 5734 ei;
785 5671 1046 5750 Seguer.,
1083 5673 1174 5727 Διὸ
1205 5671 1291 5726 καὶ
1323 5671 1552 5746 ἀνάγκη.
1596 5677 1662 5730 In
1693 5674 1825 5731 aliis
1853 5679 1910 5730 ct
1954 5671 2080 5730 cdi-

441 5750 511 5801 tis
543 5750 705 5801 deest
734 5745 846 5801 καί.

434 5750 511 5805 tis
543 5750 705 5807 deest
734 5750 846 5807 καί.

2190 3407 2280 3439 νυν
2313 3388 2427 3458 (69)
2473 3382 2718 3453 ἔκλαυσε,
2766 3386 2854 3440 καὶ
2905 3385 3202 3462 ὶταράχθη,
3261 3387 3360 3444 οὐκ
3405 3392 3470 3458 iv
3501 3391 3529 3444 6
3558 3389 3752 3466 Λόγος,
3801 3392 3840 3462 ᾗ

2193 3473 2368 3550 Λόγος
2426 3473 2566 3530 ἆστὶν
2627 3476 2655 3528 6
2698 3473 2907 3530 κλαίων
2955 3477 3044 3531 καὶ
3095 3477 3514 3553 ταρασσόμενος,
3568 3477 3712 3534 ἀλλά
3737 3485 3840 3548 τῆς

2193 3564 2386 3640 σαρκὸς
2419 3560 2558 3618 ἴδιον
2617 3563 2683 3632 iv
2731 3568 2916 3618 τοῦτο’
2963 3564 3008 3618 εί
3057 3562 3114 3619 δὶ
3152 3566 3241 3620 καὶ
3271 3565 3605 3642 παρεκάλεσε
3633 3565 3840 3640 παρελ-

2191 3655 2300 3708 θεῖν
2332 3653 2393 3706 τὸ
2423 3654 2712 3722 ποτήριον,
2747 3653 2847 3708 οὐκ
2875 3654 2942 3723 iv
2975 3656 3009 3724 ἡ
3055 3655 3246 3725 θεότης
3297 3657 3332 3725 ἠ
3383 3657 3497 3729 (70)
3554 3653 3834 3729 δειλιῶσα,

2193 3740 2337 3797 ἀλλά
2361 3748 2460 3811 τῆς
2492 3741 2910 3817 ἀνθρωπότητος
2960 3744 3026 3811 iv
3078 3741 3218 3799 ἴδιον
3247 3745 3336 3799 καὶ
3367 3750 3528 3800 τοῦτο
3556 3745 3618 3800 τὸ
3648 3746 3838 3816 πάθος,

2192 3829 2281 3884 καὶ
2350 3831 2412 3884 τὸ
2472 3829 2668 3905 λέγειν.
2721 3832 2836 3888 Ἵνα
2875 3831 2927 3886 τί
2978 3853 3043 3905 με
3091 3831 3473 3909 ἐγκατέλιπεςς
3539 3833 3613 3896 ὡς
3674 3832 3840 3890 αὐτοῦ

2198 3920 2381 3992 μέντοι
2425 3919 2612 3987 πάλιν,
2670 3921 2805 3974 κατὰ
2860 3921 2929 3974 τὰ
2976 3919 3028 3976 ἐν
3069 3926 3186 3984 τοῖς
3219 3919 3519 3997 ἔμπροσθεν
3555 3921 3839 3998 εἰρημένα,

2191 4008 2371 4064 καίτοι
2406 4006 2574 4081 μηδὲν
2606 4011 2936 4085 πάσχοντος,
2968 4010 3180 4080 ἀπαθὴς
3208 4012 3309 4087 γὰρ
3341 4011 3406 4080 iv
3441 4012 3470 4066 6
3500 4010 3677 4087 Λόγος
3702 4014 3839 4085 (71),

2194 4098 2470 4173 εἰρήκασιν
2521 4098 2672 4172 ὅμως
2719 4099 2769 4154 οἱ
2820 4097 3200 4175 εύαγγελισταὶ
3249 4104 3436 4156 ταῦτα’
3487 4097 3602 4156 ἐπεὶ
3631 4100 3721 4156 καὶ
3753 4102 3842 4156 ἄν·

2196 4199 2415 4262 θρωπος
2445 4188 2659 4263 γέγονεν
2694 4189 2721 4242 6
2776 4187 2979 4261 Κύριος
3029 4191 3164 4263 (72),
3196 4189 3285 4244 καὶ
3318 4190 3393 4252 ὡς
3440 4191 3587 4265 παρά
3636 4189 3844 4266 ἀνθρώ-

2195 4297 2300 4333 που
2356 4275 2554 4353 γίνεται
2611 4275 2701 4332 καὶ
2755 4275 2972 4352 λέγεται
3027 4281 3216 4352 ταῦτα,
3267 4275 3362 4333 ’ίνα
3408 4277 3520 4351 καὶ,
3576 4282 3746 4335 ταῦτα
3775 4278 3843 4335 τὰ

2273 4603 2382 4674 (69)
2413 4603 2504 4676 sic
2535 4601 2748 4676 Regius
2781 4601 3028 4676 primus,
3059 4606 3296 4676 Seguer.
3327 4602 3556 4661 Gobler.
3609 4608 3666 4660 et
3693 4603 3843 4660 Felc.

2201 4675 2250 4730 1.
2282 4671 2356 4729 Άῒ.
2384 4675 2481 4729 alii
2515 4679 2572 4729 et
2600 4673 2762 4744 editi,
2782 4671 2858 4726 Ἐἰ
2887 4672 3092 4728 τοίνυν.

2411 4747 2500 4801 Sic
2532 4747 2743 4826 Regius
2771 4745 3000 4826 primus
3030 4750 3087 4826 et
3113 4750 3348 4826 Seguer.
3382 4744 3494 4826 Alii
3542 4749 3768 4826 autem_
3785 4751 3844 4802 et

2195 4816 2336 4888 editi
2368 4818 2402 4884 ἡ
2435 4818 2736 4873 omittunt.
2771 4816 2901 4873 Mox
2919 4818 3142 4888 Regius
3176 4816 3422 4887 primus,
3461 4821 3698 4888 Seguer.
3731 4823 3838 4874 Go-

2196 4884 2338 4943 bler.
2401 4896 2456 4944 et
2506 4889 2650 4945 Felc.
2702 4891 2748 4956 1,
2800 4887 2864 4956 iv
2917 4884 3076 4944 ἴδιον.
3120 4884 3190 4944 In
3217 4888 3442 4944 caeteris
3472 4884 3741 4946 et'editis
3772 4888 3838 4957 iv

2193 4959 2371 5043 deest.
2404 4960 2740 5018 Goblerian.
2781 4965 2839 5016 et
2866 4960 3156 5016 Felckm.t
3192 4961 3477 5016 omittunt
3505 4959 3724 5016 ibidem
3747 4961 3839 5015 xui

2191 5049 2373 5086 τουτο.

2266 5103 2375 5173 (71)
2409 5103 2624 5176 Regius
2691 5103 2916 5176 primus
2968 5107 3024 5157 et
3081 5103 3342 5176 Seguer.,
3402 5101 3615 5176 ἀπαθὴς
3664 5101 3765 5176 γάρ
3816 5103 3844 5156 ὁ

2199 5173 2397 5249 Λόγος.
2428 5173 2704 5249 Idemque
2728 5175 2946 5230 ibidem
2975 5181 3034 5230 et
3064 5173 3320 5245 Gobler.,
3352 5190 3418 5230 ac
3454 5173 3594 5230 Felc.
3628 5173 3843 5249 1,:2'915-

2191 5245 2342 5299 κασιν
2380 5245 2609 5314 ὁμοίως.

2266 5321 2383 5398 (7_2_)_
2409 5316 2969 5398 Regiusprimus‘et
2997 5319 3257 5398 §eguer.,
3277 5315 3523 5398 ’γέγονεν
3554 5315 3582 5369 6
3613 5315 3842 5398 Κύριος.

2193 5369 3499 5463 1n‘iii'iggg’taits'aeggt'sagamnam
3553 5369 3840 5463 prius;

2189 5480 2298 5530 ται,
2351 5461 2524 5517 Basil.
2577 5462 2766 5534 habet
2799 5460 3004 5534 γέγονε.
3032 5459 3183 5534 _Mox
3212 5459 3424 5534 Regius
3458 5459 3753 5534 secundus
3785 5467 3846 5518 et

2193 5529 2682 5609 BaSil.,_xou_¢picuc
2709 5529 2916 5609 αὐτοῖς.
2954 5530 3102 5609 Ifelc.
3135 5533 3190 5596 5,
3223 5529 3482 5609 κουφίσας
3509 5532 3692 5609 αὐτῇς,
3721 5534 3840 5609 lbi-

2192 5605 2342 5678 dcm,
2386 5603 2601 5678 Regius
2651 5605 2900 5678 primus,
2955 5605 3189 5674 Seguer.
3224 5603 3454 5678 Gobler.
3508 5609 3566 5661 et
3597 5605 3748 5662 Felc.
3785 5607 3840 5674 1,

2199 5672 2504 5751 ἐλευθερίαν
2537 5675 2703 5744 αὐτὴν
2733 5672 2941 5730 τούτων
2999 5672 3383 5747 κατασκευάσῃ.
