4074 6352
303 409 423 469 443

866 408 931 466 S.
978 403 1402 467 ATHANASII
1446 405 1621 467 OPP.
1665 405 1871 466 PARS
1914 406 1964 466 Ι.
1996 437 2073 450 -
2101 402 2522 466 HISTORICA
2563 402 2664 464 ET
2704 398 3185 465 DOGMA'I‘ICA.

3598 398 3719 456 444

308 539 553 595 animati
584 538 844 606 vocibus,
876 541 1122 593 mortem
1181 540 1605 610 contempsere,
1656 539 1724 592 ut
1777 536 1953 593 etiam

2080 532 2243 611 ιάριοι
2274 532 2572 589 ἀπόστολοι
2607 532 2723 606 μετ’
2747 530 2905 587 αὐτὸν
2956 530 3132 593 οὕτως
3187 528 3248 585 ἔκ
3292 534 3400 584 τῶν
3445 526 3710 584 τοιούτων

307 627 456 685 nihil
484 629 556 684 de
575 627 881 699 judicibus
912 631 1187 682 curarent
1206 625 1351 693 suis,
1375 627 1475 682 sed
1500 626 1780 682 audacter
1807 626 1961 682 dice-

309 721 466 773 rent:
501 717 731 774 Obedire
760 719 973 788 oportet
1002 718 1110 774 Deo
1139 718 1324 791 magis
1352 731 1520 787 quam
1564 714 1954 771 hominibus".

311 806 423 861 Alii
481 808 617 862 item
680 805 867 860 sancti
928 810 1215 874 martyres
1246 808 1410 860 tanta
1439 804 1599 859 fuere
1630 803 1876 859 ﬁdentia
1905 806 1963 858 et

308 893 673 965 fortitudine,
706 898 772 949 ut
818 910 877 949 se
934 895 1129 966 potius
1168 894 1225 948 in
1277 894 1453 948 vitam
1486 893 1737 965 migrare
1785 907 1959 965 quam

311 988 556 1040 mortem
590 984 707 1056 pati
758 983 1183 1039 existimarent.
1221 983 1424 1037 Nonne
1454 982 1634 1056 igitur
1676 997 1961 1054 perquam

312 1073 635 1129 absurdam
651 1077 742 1128 est
763 1088 1062 1127 servorum
1092 1072 1259 1127 Verbi
1288 1070 1678 1128 constantiam
1710 1070 1960 1127 admira-

312 1163 382 1230 ri,
437 1162 549 1234 ipsi
605 1166 801 1217 autem
849 1160 1039 1216 Verbo
1088 1159 1377 1216 ascribere
1434 1159 1830 1224 timiditatem,
1862 1174 1966 1231 per

313 1251 469 1323 quod
503 1255 750 1306 mortem
782 1250 866 1304 illi
899 1248 1329 1321 despexerunt?
1376 1248 1625 1305 Proinde
1653 1265 1722 1304 ex
1751 1247 1966 1303 invicta

312 1344 652 1396 sanctorum
688 1344 1009 1411 martyrum
1041 1339 1222 1394 animi
1282 1337 1691 1410 magnitudine
1739 1336 1963 1393 clarum

314 1436 405 1485 est
435 1446 550 1483 non
583 1428 949 1482 divinitatem
1008 1427 1197 1497 ipsam
1230 1425 1523 1493 timuisse,
1573 1425 1672 1482 sed
1702 1429 1962 1481 nostram

311 1515 691 1572 timiditatem
728 1516 909 1570 fuisse
938 1532 973 1570 a
1018 1514 1309 1570 Salvatore
1339 1516 1652 1570 sublatam.
1705 1514 1780 1570 Ut
1807 1514 1964 1570 enim

314 1610 500 1661 morte
532 1608 809 1673 mortem,
841 1609 898 1659 et
934 1604 1212 1660 humanis
1252 1604 1422 1659 factis
1462 1603 1724 1659 humana
1770 1604 1966 1659 omnia

311 1695 559 1753 delevit:
592 1695 675 1751 ita
717 1694 819 1751 illa
867 1712 974 1751 sua
1004 1694 1319 1751 timiditate
1352 1700 1614 1751 nostram
1654 1694 1968 1765 prostravit

310 1783 711 1851 timiditatem,
745 1783 994 1856 fecitque
1025 1787 1092 1839 ut
1122 1784 1391 1840 homines
1422 1790 1667 1839 mortem
1701 1800 1816 1839 non
1839 1799 1964 1839 am-

312 1872 472 1945 plius
496 1872 961 1929 reformidarent.
996 1873 1201 1944 Itaque
1229 1873 1429 1929 omnia
1448 1872 1549 1927 illa
1565 1871 1818 1929 simulet
1847 1871 1964 1929 aie-
1995 1914 2043 1982 Β

311 1962 413 2018 bat
440 1967 498 2018 et
526 1962 841 2018 efﬁciebat.
901 1966 1182 2018 Humanaa
1213 1962 1371 2018 enim
1403 1965 1625 2017 natura:
1662 1965 1828 2018 erant
1855 1961 1963 2017 bu-

304 2051 564 2122 jusmodi
592 2068 791 2107 voces:
842 2052 1105 2108 Transeat
1150 2052 1324 2121 calix,
1357 2055 1435 2115 et.
1498 2051 1695 2124 thuid
1733 2066 1821 2107 me
1870 2050 1963 2106 de-

310 2140 634 2212 retiquisti?
662 2141 763 2195 sed
798 2141 924 2212 ipse
954 2140 1150 2196 diﬁne
1178 2140 1466 2196 efficiebat
1486 2144 1550 2196 ut
1583 2140 1668 2197 sol
1693 2141 1966 2196 deficeret

311 2233 373 2286 et
403 2229 623 2284 mortui
651 2229 1083 2286 reviviscerent.
1132 2231 1189 2285 Si
1222 2228 1362 2286 item
1394 2236 1460 2285 ut
1513 2229 1689 2285 homo
1749 2229 1961 2298 aiebat,

311 2320 475 2374 Nune
523 2319 718 2375 anima
763 2335 888 2375 mea
943 2318 1180 2376 turbata
1204 2318 1368 2386 est”;
1401 2317 1548 2373 dixit
1605 2318 1840 2390 pariter,
1901 2320 1966 2373 ut

314 2410 498 2463 Deus:
534 2407 867 2463 Poteslatem
918 2408 1085 2463 habeo
1114 2409 1364 2480 ponendi
1391 2409 1638 2463 animam
1681 2422 1882 2471 meam,
1912 2414 1967 2462 et

312 2496 632 2566 potestatem
661 2494 831 2552 habeo
863 2497 1066 2551 iterum
1099 2496 1354 2551 sumendi
1398 2494 1598 2551 eam”.
1636 2492 1963 2550 Perturbari

313 2584 471 2641 enim
505 2584 702 2640 carnis
733 2585 1035 2657 proprium
1066 2588 1180 2641 est:
1215 2584 1318 2640 sed
1367 2587 1716 2657 potestatem
1749 2583 1965 2639 habere

313 2673 574 2730 animam
606 2690 711 2730 suo
729 2674 972 2729 arbitrio
1005 2674 1255 2746 ponendi
1289 2677 1345 2729 et
1368 2672 1663 2743 sumendi,
1685 2672 1743 2727 id
1764 2672 1965 2743 utique

312 2779 428 2819 non
460 2763 794 2833 hominum,
822 2764 923 2819 sed
976 2763 1242 2835 potentias
1270 2762 1445 2820 Verbi
1500 2761 1801 2835 proprium
1849 2764 1960 2816 est.

312 2852 429 2907 Nec
458 2852 614 2907 enim
647 2852 822 2908 homo
852 2868 959 2908 sua
990 2856 1294 2924 potestate,
1328 2853 1428 2909 sed
1464 2856 1685 2907 naturae
1708 2849 1964 2907 necessi-

311 2944 432 2997 tate
462 2940 797 3013 invitusque
830 2942 1079 2997 moritur
1108 2942 1245 3013 (84).
1277 2948 1351 2996 At
1388 2941 1686 3011 Dominus,
1715 2939 1812 3012 qui
1838 2939 1964 3012 ipse

316 3028 554 3100 quidem
587 3029 941 3087 immortalis
967 3034 1077 3101 est,
1102 3032 1204 3087 sed
1227 3030 1537 3087 mortalem
1563 3031 1966 3101 assumpserat

317 3117 465 3172 481
494 3123 1103 3190 carnem,potestatem
1126 3120 1421 3187 habuit,ut
1445 3115 1964 3183 Deus,discedendi

316 3223 351 3261 a
374 3221 633 3279 corpore,
667 3206 931 3279 illudque
960 3208 1175 3264 iterum
1211 3207 1571 3276 assumendi,
1604 3221 1740 3263 cum
1768 3205 1962 3262 volue-

2068 627 2263 702 φωνῶν
2292 622 2653 699 κατεφρόνουν
2683 626 2781 677 τοῦ
2813 622 3064 691 θανάτου,
3097 620 3172 682 ὡς
3227 615 3369 693 μηδὲ
3407 617 3715 695 φροντίζειν

2066 717 2172 768 τῶν
2222 712 2613 789 ἀνακρινόντων
2665 709 2879 778 αὐτοὺς,
2928 708 3074 766 ἀλλὰ
3126 707 3333 786 λέγειν’
3383 711 3712 783 Πειθαρχεῖν

2070 799 2153 856 δεῖ
2203 801 2320 873 Θεῷ
2381 799 2593 874 μᾶλλον
2647 800 2683 869 ἢ
2740 799 3070 875 ἀνθρὼποις’
3133 796 3186 853 o'i
3239 818 3299 852 τε
3353 793 3517 852 ἄλλοι
3574 799 3713 869 (84⁴’)

2070 892 2217 965 ἅγιοι
2252 891 2518 965 μάρτυρες
2550 888 2720 952 οὕτως
2760 888 3035 965 ἐθάρῥουν,
3069 888 3144 949 ὡς
3199 884 3410 961 μᾶλλον
3470 886 3714 959 νομίζειν

2072 979 2268 1043 αὐτοὺς
2319 979 2397 1042 εἴς
2448 980 2590 1049 ζωὴν
2641 972 3002 1053 μεταϐαίνειν,
3035 977 3070 1046 ἢ
3123 976 3349 1031 θάνατον
3407 974 3714 1048 ὑπομένειν.

2072 1070 2195 1132 Πῶς
2227 1067 2318 1124 οὗν
2351 1069 2453 1124 οὐκ
2480 1066 2683 1123 ἄτοπον
2714 1072 2821 1122 τῶν
2859 1067 2952 1139 μὲν
3004 1065 3347 1140 θεραπόντων
3393 1069 3491 1120 τοῦ
3543 1065 3717 1139 Λόγου

2073 1158 2362 1231 θαυμάζειν
2406 1160 2506 1227 τήν
2556 1154 2819 1231 ἀνδρείαν,
2846 1155 3005 1211 αὐτὸν
3052 1152 3111 1210 δὲ
3162 1154 3255 1209 τὸν
3310 1153 3481 1229 Λόγον
3541 1153 3719 1229 λέγειν

2074 1244 2299 1317 δειλιᾷν,
2332 1245 2401 1301 δι’
2430 1246 2489 1301 ’ὀν
2539 1246 2779 1301 κάκεῖνοι
2826 1249 2923 1300 τοῦ
2973 1244 3199 1309 θανάτου
3232 1245 3343 1318 (85)
3375 1242 3715 1319 κατεφρόνη-

2074 1357 2168 1390 σαν
2194 1355 2208 1405 ;
2239 1336 2335 1392 Ἐκ
2363 1333 2422 1391 δὲ
2448 1338 2549 1405 τῆς
2592 1340 2700 1390 τῶν
2760 1334 2927 1410 ἁγίων
2978 1333 3264 1409 μαρτύρων
3316 1332 3712 1408 καρτερικωτά-

2071 1446 2170 1496 της
2199 1423 2509 1501 προθέσεως
2537 1424 2628 1479 καὶ
2678 1421 2922 1498 ἀνδρείας
2973 1420 3260 1491 δείκνυται,
3294 1422 3368 1485 ὡς
3411 1422 3514 1476 οὐκ
3569 1422 3635 1490 ἦν
3677 1423 3713 1491 ἡ

2074 1514 2265 1586 θεότης
2296 1512 2575 1587 δειλιῶσα,
2607 1511 2753 1569 ἀλλᾶ
2780 1513 2880 1583 τήν
2909 1514 3072 1586 ἡμῶν
3106 1509 3308 1567 δειλίαν
3340 1511 3406 1580 ἦν
3453 1510 3714 1587 ἀφαιρού-

2078 1623 2237 1676 μενος
2267 1604 2296 1657 ὁ
2333 1604 2552 1677 Σωτήρ.
2582 1608 2667 1665 Ὡς
2697 1603 2800 1678 γὰρ
2848 1602 2940 1657 τὸν
2981 1603 3206 1656 θάνατον
3247 1598 3461 1672 θανάτῳ
3507 1602 3718 1673 κατήρ-

2072 1713 2225 1769 γησε,
2276 1691 2364 1747 καὶ
2418 1691 2764 1767 ἀνθρωπίνως
2835 1691 3010 1746 πάντα
3063 1690 3133 1746 τὰ
3183 1688 3514 1764 ἀνθρώπινα,
3573 1688 3718 1744 οὕτω

2070 1785 2140 1858 τῇ
2174 1784 2288 1855 (86)
2302 1783 2637 1855 νομιζομένῃ
2666 1777 2845 1852 δειλίᾳ
2870 1782 2969 1851 τήν
3002 1782 3163 1854 ἡμῶν
3197 1776 3402 1835 δειλίαν
3436 1778 3715 1856 ἀφῃρεῖτο,

2070 1870 2161 1926 καὶ
2188 1869 2456 1941 πεποίηκε
2499 1870 2693 1945 μηκέτι
2741 1864 3027 1948 φοϐεῖσθαι
3070 1868 3200 1933 τοὺς
3247 1868 3569 1943 ἀνθρώπους
3622 1867 3714 1923 τὸν

2074 1959 2318 2016 θάνατον.
2348 1958 2574 2036 Ἔλεγεν
2604 1956 2699 2014 οῦν
2739 1962 2909 2014 ταῦτα
2954 1959 3047 2013 καὶ
3092 1958 3205 2032 ἅμα
3252 1955 3445 2014 ἐποίει.
3476 1957 3719 2032 ’Λνθρώ-

2072 2068 2201 2104 πινα
2251 2049 2346 2121 μὶν
2395 2048 2497 2126 γὰρ
2556 2048 2624 2119 ἦν
2667 2049 2730 2104 τὸ
2780 2044 3000 2124 λέγειν’
3048 2045 3369 2123 Παρελθιτω
3423 2048 3487 2103 τὸ
3542 2049 3716 2120 ποτή-

2075 2158 2214 2215 ριον,
2244 2139 2360 2210 καὶ,
2390 2140 2507 2194 Ἵνα
2544 2137 2596 2192 τί
2655 2159 2723 2211 με
2768 2135 3378 2213 ὶκγατὲλιπες;θεῖκως
3436 2134 3495 2192 δὲ
3541 2139 3570 2193 ὁ
3618 2138 3717 2194 αὖ·

2070 2228 2164 2292 τὸς
2185 2226 2355 2283 ἐποίει
2383 2228 2472 2282 τὸν
2504 2227 2669 2298 ἥλιον
2699 2224 2990 2299 ἐκλείπειν,
3012 2226 3105 2282 καὶ
3131 2226 3257 2289 τοὺς
3294 2224 3522 2303 νεκροὺς
3575 2225 3715 2304 ἰγείο

2075 2317 2280 2392 ρεσθαιο
2315 2315 2486 2372 Πάλιν
2534 2336 2594 2371 τε
2643 2315 2818 2391 λέγων
2879 2315 3254 2393 ἀνθρωπίνως,
3309 2319 3415 2370 Νῦν
3473 2317 3509 2386 ἡ
3559 2317 3713 2393 ψυχή

2077 2426 2183 2478 μου
2234 2405 2575 2481 τετάρακται·
2635 2402 2793 2480 ἔλεγε
2845 2405 2937 2459 καὶ
2996 2403 3107 2478 (87)
3163 2404 3379 2467 θεϊκῶς’
3439 2404 3713 2478 Ἐξουσίαν

2074 2490 2192 2570 ἔχω
2261 2499 2432 2558 θεῖναι
2503 2495 2601 2563 τὴν
2674 2494 2858 2571 ψυχήν
2934 2514 3060 2567 μου,
3120 2492 3208 2549 καὶ
3283 2491 3524 2565 ἐξουσίαν
3601 2488 3715 2571 ἔχω

2073 2581 2240 2639 πάλιν
2299 2578 2491 2639 λαϐεῖν
2545 2584 2735 2653 αὐτήν·
2785 2584 2856 2638 Τὸ
2906 2583 3000 2657 μὶν
3054 2581 3153 2657 γὰρ
3209 2581 3560 2660 ταράττεσθαι
3618 2590 3717 2653 τῆς

2074 2673 2271 2744 σαρκὸς
2301 2669 2439 2727 ἴδιον
2470 2674 2538 2741 ἦν
2569 2674 2706 2747 (88),
2734 2672 2797 2728 τὸ
2830 2669 2887 2727 δὲ
2927 2669 3164 2743 ἐξουσίαν
3211 2668 3356 2748 ἔχειν
3406 2674 3578 2727 θεῖναι
3626 2674 3712 2728 καῖ

2072 2755 2280 2834 λαϐεῖν,
2308 2761 2399 2817 ὅτε
2438 2759 2718 2838 βούλεται,
2747 2761 2846 2830 τήν
2896 2762 3105 2837 ψυχήν,
3155 2759 3332 2816 οὐκέτι
3377 2764 3538 2816 τοῦτο
3578 2759 3717 2817 ἴδιον

2073 2850 2396 2927 ἀνθρώπων,
2430 2848 2576 2907 ἀλλὰ
2603 2856 2703 2921 τῆς
2735 2854 2832 2905 τοῦ
2862 2849 3037 2926 Λόγου
3066 2847 3346 2923 δυνάμεώς
3386 2848 3549 2907 ἐστιν.
3584 2853 3716 2907 "Av-

2071 2941 2289 3014 θρωπος
2330 2939 2433 3015 γὰρ
2477 2940 2543 2995 οὐ
2577 2940 2695 2995 κατ’
2721 2937 2858 2995 ἰδίαν
2886 2938 3151 3012 ἐξουσίαν,
3183 2936 3311 2995 ἀλλ’
3362 2937 3563 3014 ἀνάγκῃ
3611 2939 3717 3018 φό-

2073 3048 2210 3091 σεως
2236 3027 2324 3084 καὶ
2361 3028 2437 3102 μή
2484 3028 2659 3085 θέλων
2707 3026 3055 3100 ἀποθνήσκει·
3090 3030 3119 3084 ὁ
3169 3025 3227 3084 δὲ
3270 3027 3486 3105 Κύριος,
3516 3028 3710 3084 ἀθάνα-

2070 3136 2164 3179 τος
2209 3118 2371 3179 αὐτὸς
2414 3115 2488 3171 ὣν
2537 3118 2671 3191 (89),
2703 3117 2873 3192 σάρκα
2918 3113 2976 3171 δὲ
3022 3118 3223 3188 θνητὴν
3257 3112 3424 3192 ἔχων,
3455 3114 3537 3171 ἐπ’
3568 3115 3716 3187 ἐξου-

2075 3205 2189 3268 σίας
2240 3207 2404 3283 εἶχεν,
2436 3206 2511 3269 ὡς
2573 3205 2726 3274 Θεὸς,
2761 3207 2867 3291 ἀπὸ
2919 3210 3016 3261 τοῦ
3073 3206 3327 3279 σώματος
3359 3207 3717 3291 χωρισθῆναι,

319 3294 411 3350 rit.
446 3297 571 3362 Qua
619 3296 690 3352 de
721 3311 781 3353 re
812 3297 895 3353 ita
924 3297 1134 3354 cecinit
1185 3298 1397 3355 David:
1446 3299 1563 3355 Non
1618 3296 1966 3368 derelinquas

2080 3296 2164 3352 καὶ
2192 3279 2354 3351 τοῦτο
2399 3292 2565 3350 πάλιν
2616 3289 2929 3367 ἀναλαϐεῖν,
2963 3293 3053 3350 ὅτε
3103 3279 3546 3370 βούλεταιίΙΪερὶ
3601 3282 3726 3350 τόό-

296 3385 574 3440 οαπίγηαηι
634 3402 812 3443 meam
866 3388 928 3442 in
983 3388 1204 3460 inferno
1269 3403 1442 3460 neque
1498 3386 1654 3443 dabis
1707 3390 1967 3444 Sanctum

318 3478 478 3530 tuum
505 3473 688 3531 videre
715 3477 1199 3548 corruptionem“.
1247 3476 1544 3549 Siquidem
1578 3476 1816 3533 decebat
1844 3492 1968 3532 car-

329 3579 488 3630 nem,
548 3579 673 3636 quas
731 3565 1085 3638 corruptioni
1116 3569 1241 3621 erat
1268 3565 1536 3635 obnoxia,
1569 3583 1683 3627 non
1715 3564 1971 3638 amplius

320 3669 424 3725 pro
446 3656 775 3710 naturasua
804 3654 1111 3711 mortalem
1143 3656 1514 3721 manere,sed
1550 3658 1784 3728 propter
1821 3654 1970 3711 Ver—

320 3742 483 3811 bum,
517 3744 673 3815 quod
715 3743 874 3799 illam
909 3742 1201 3815 induerat,
1235 3744 1627 3818 corruptionis
1674 3748 1967 3817 expertem

320 3847 469 3887 esse.
504 3831 649 3889 Nam
684 3836 747 3889 ut
774 3832 922 3904 ipse,
947 3837 1147 3890 nostro
1180 3838 1417 3906 accepto
1470 3850 1737 3907 corpore,
1772 3837 1973 3889 nostra

321 3925 413 3976 est
446 3919 746 3977 imitatus:
781 3922 861 3978 ita
892 3938 1020 3993 nos,
1053 3927 1326 3994 suscepto
1370 3922 1580 3988 Verbo,
1616 3921 1974 3979 immortali-

322 4009 461 4067 tatis
490 4011 750 4082 ejusdem
786 4011 1098 4084 participes
1129 4011 1440 4069 efﬁcimur.

395 4186 485 4241 58.
519 4187 759 4243 Frustra
778 4202 915 4261 ergo
947 4186 1290 4244 scandalum
1316 4187 1437 4260 pati
1466 4186 1769 4257 simulant,
1801 4190 1861 4243 et
1889 4185 1973 4242 vi-

324 4274 405 4331 lia
432 4276 503 4331 de
522 4277 714 4333 Verbo
737 4277 1002 4333 sentiunt
1022 4278 1242 4343 Ariani,
1263 4278 1419 4349 quod
1446 4276 1642 4350 ipsum
1667 4275 1975 4349 perturba-

325 4368 453 4420 tum
488 4364 669 4421 fuisse
697 4370 754 4422 et
786 4366 1014 4422 ﬂevisse
1044 4366 1328 4438 scriptum
1361 4366 1458 4422 sit.
1494 4364 1639 4421 Hinc
1688 4365 1844 4421 enim
1902 4382 1977 4422 ne

327 4452 654 4508 humanum
688 4454 924 4526 quidem
951 4470 1190 4511 sensum
1211 4454 1425 4511 habere
1444 4453 1735 4523 videntur,
1759 4455 1978 4527 quippe

328 4541 430 4614 qui
461 4541 767 4599 hominum
801 4544 1075 4615 ignorent
1102 4547 1375 4599 naturam
1397 4548 1455 4599 et
1472 4543 1879 4615 preprietates,
1903 4542 1975 4599 ob

328 4647 480 4703 quas
510 4635 664 4688 certe
695 4648 763 4688 eo
794 4632 983 4705 magis
1015 4631 1384 4688 admirationi
1414 4647 1542 4688 esse
1571 4631 1795 4704 debuit,
1819 4633 1974 4705 quod

2076 3405 2174 3441 του
2222 3384 2312 3439 καὶ
2358 3378 2525 3439 Δαϐὶδ
2564 3382 2788 3459 ψάλλει·
2841 3382 2955 3443 Οὐκ
3010 3381 3414 3461 ἐγκαταλείψεις
3462 3384 3561 3454 τὴν
3619 3387 3721 3458 ψυ-

2079 3474 2188 3549 χήν
2247 3493 2352 3546 μου
2396 3471 2472 3535 εἷς
2520 3466 2653 3544 ἅδην
2685 3474 2820 3547 (90),
2851 3470 2980 3529 οὐδὲ
3008 3470 3200 3536 δώσεις
3240 3473 3333 3529 τὸν
3379 3473 3566 3532 ’Όσιόν
3626 3494 3724 3529 σου

2078 3559 2213 3617 ῒδεῖν
2268 3557 2582 3641 διαφθοράν.
2640 3562 2880 3637 Ἔπρεπε
2924 3560 3047 3639 γὰρ,
3109 3564 3350 3641 φθαρτὴν
3407 3562 3565 3617 οὖσαν
3622 3563 3725 3632 τήν

2080 3651 2270 3727 σάρκα,
2306 3650 2499 3723 μηκέτι
2555 3650 2691 3705 κατά
2734 3652 2835 3721 τήν
2888 3650 3082 3721 ἑαυτῆς
3142 3650 3299 3729 φύσιν
3360 3651 3536 3726 μένειν
3594 3651 3724 3723 θνηο

2077 3742 2199 3809 τὴν,
2233 3736 2379 3794 ἀλλά
2408 3735 2500 3793 διὰ
2526 3738 2617 3794 τὸν
2653 3736 3012 3813 ἐνδυσάμενον
3041 3738 3210 3809 αὐτὴν
3242 3738 3420 3815 Λόγον
3455 3736 3723 3818 ἄφθαρτον

2081 3826 2376 3902 διαμένειν.
2407 3829 2495 3891 Ὠς
2529 3828 2633 3905 γὰρ
2665 3827 2847 3900 αὐτὸς,
2879 3828 3164 3905 γενόμενος
3193 3827 3245 3884 ἐν
3277 3833 3356 3902 τῷ
3403 3830 3565 3902 ἡμῶν
3616 3830 3725 3883 σώ-

2083 3939 2211 3993 ματι
2259 3919 2394 3992 (91),
2442 3917 2510 3973 τὰ
2556 3919 2718 3991 ἡμῶν
2768 3916 3102 3991 ἐμιμήσατο,
3135 3915 3307 3980 οὕτως
3353 3920 3541 3992 ἡμεῖς,
3572 3915 3729 3991 δεξά-

2085 4026 2237 4081 μενοι
2281 4005 2464 4077 αὖτὸν,
2494 4012 2593 4078 τῆς
2639 4012 2765 4082 παρ’
2788 4004 2994 4062 ἰκείνου
3040 4001 3535 4082 μεταλαμϐάνομεν
3591 4007 3721 4072 ἀοα·

2078 4096 2283 4159 νασίας.

2150 4188 2242 4243 58.
2300 4186 2489 4257 Μάτην
2542 4183 2722 4241 τοίνυν
2778 4182 3223 4256 σκανδαλίζεσθαι
3273 4189 3727 4261 προσποιοῦνται,

2080 4275 2171 4331 καὶ
2224 4275 2392 4351 μικρά
2438 4278 2652 4331 νοοῦσιν
2699 4276 2750 4331 οἱ
2782 4276 3183 4350 Ἀρειομανῖται
3232 4274 3355 4352 περὶ
3402 4279 3499 4330 τοῦ
3527 4273 3728 4350 Λόγου,

2084 4363 2130 4421 εἰ
2172 4364 2487 4440 γέγραπται,
2520 4362 2823 4441 ἰταράχθη,
2873 4364 2963 4420 καὶ
3013 4360 3294 4422 ἔκλαυσεν.
3344 4364 3584 4423 Ἐοίκασι
3628 4366 3731 4442 γὰρ

2088 4449 2229 4527 μηδὲ
2256 4452 2595 4530 ἀνθρωπίνην
2625 4452 2874 4525 αἴσθησιν
2903 4449 3075 4531 ἔχειν,
3106 4453 3421 4529 ἀγνοοῦντες
3475 4456 3575 4526 τὴν
3621 4458 3729 4510 τῶν

2084 4540 2383 4617 ἀνθρώπων
2442 4542 2597 4620 φύσιν
2655 4543 2743 4598 καὶ
2801 4542 2869 4598 τὰ
2920 4542 3129 4598 τούτων
3190 4540 3322 4598 ἴδια·
3384 4540 3455 4598 δι’
3492 4543 3527 4598 ἃ
3587 4542 3731 4618 μᾶλ-

2085 4628 2183 4686 λον
2403 4627 2510 4686 ἔδει
2571 4630 2884 4705 θαυμάζειν,
2916 4632 3002 4688 δτι
3055 4630 3109 4688 ἐν
3162 4631 3389 4706 τοιαύτῃ
3445 4631 3733 4709 πασχούσῃ

397 4758 441 4795 ⁸¹
470 4762 596 4814 Art.
630 4776 689 4828 v,
717 4756 807 4813 29.
830 4758 877 4793 ⁸³
905 4759 1072 4815 Joan.
1101 4774 1203 4826 xu,
1234 4759 1322 4813 27.
1348 4757 1394 4793 ⁸³
1421 4757 1590 4814 Joan.
1623 4776 1677 4825 ι,
1709 4758 1798 4814 18.
1819 4758 1866 4793 ⁸⁸
1895 4761 1967 4814 Ps

2080 4774 2172 4826 xv,
2206 4757 2294 4814 10.

398 4901 510 4973 (84)
539 4899 685 4958 Vide
741 4900 1204 4957 admonitionem
1264 4900 1323 4956 in
1382 4900 1704 4957 orationem
1782 4907 1980 4958 contra

364 4976 535 5029 entes.

326 4992 707 5115 Beg.
741 5045 765 5098 1
803 5053 859 5099 et
886 5044 1150 5114 Seguer.,
1182 5040 1234 5095 οἵ
1257 5062 1316 5096 τε
1347 5040 1529 5099 ἄλλοι.
1562 5042 1674 5100 Alii
1707 5053 1760 5099 et
1811 5043 1974 5115 editi,

331 5115 383 5168 oi
416 5111 474 5188 δε
502 5110 681 5188 ano;
723 5115 853 5188 Mox
882 5110 1018 5188 Reg.
1052 5117 1106 5181 l,
1134 5110 1632 5188 Seguer._Gobler.
1666 5116 1905 5188 etFelc.
1926 5110 1975 5188 1,

327 5184 567 5257 νομίζειν
600 5183 816 5258 αὐτούς.
840 5183 1038 5243 ΑΙὶΓθὶ
1067 5183 1237 5254 editi;
1261 5186 1506 5258 νομίζειν
1549 5185 1792 5248 ἑαυτούς.

400 5256 508 5327 (85)
537 5256 770 5314 Gobler.
803 5264 860 5314 et
891 5260 1034 5315 Felc.
1069 5260 1091 5315 1
1131 5256 1416 5315 omittunt
1443 5262 1541 5312 τοῦ
1577 5259 1828 5322 θανάτου.

397 5331 511 5405 (86)
542 5334 681 5405 8ος.
719 5332 743 5384 1
777 5334 836 5405 et
868 5330 1299 5405 ASeguerianus,
1332 5329 1505 5393 οὕτως
1554 5330 1641 5405 τῇ.
1677 5329 1875 5389 Castori
1919 5333 1979 5387 et

329 5403 494 5465 editi,
531 5400 676 5455 οὕτω
708 5400 794 5455 καὶ
828 5403 919 5473 τῇ.

333 5544 367 5598 d
395 5475 508 5598 (87t)
536 5473 629 5529 Sic
657 5477 796 5546 Reg.
832 5469 950 5530 i'et
976 5477 1210 5543 Seguer.
1247 5474 1310 5528 In
1370 5472 1502 5529 aliis
1560 5477 1617 5527 et
1666 5472 1840 5529 editis
1886 5469 1977 5526 καί

373 5562 470 5598 888
502 5588 515 5598 .

373 5554 515 5601 eest.

399 5616 512 5691 (88)
541 5615 641 5691 ᾝν
675 5616 848 5691 abest
867 5633 903 5672 a
930 5620 1070 5689 Reg.
1108 5616 1135 5671 1
1169 5620 1227 5671 et
1254 5620 1493 5688 Seguer.

397 5685 512 5759 (89')
538 5687 631 5743 Sic
660 5693 794 5759 Reg.
828 5689 854 5742 1
884 5693 941 5745 et
967 5685 1228 5759 Séguer.,
1260 5685 1357 5743 ut'
1376 5696 1433 5741 et
1478 5685 1710 5743 videtur
1762 5685 1977 5759 legisse

325 5757 615 5831 Nannius,
646 5757 762 5830 qui
794 5774 1007 5832 nempe
1051 5757 1252 5815 habet.
1284 5758 1555 5815 Dominus
1611 5763 1804 5815 contra
1827 5757 1978 5827 'ipu

2122 4899 2315 4990 uideni
2368 4901 2720 4988 iznmorlalis.
2752 4899 2864 4957 Alii
2922 4904 3120 4958 autem
3169 4904 3227 4957 et
3277 4900 3440 4972 editi,
3474 4902 3503 4955 ὁ
3534 4902 3733 4976 Κύριος

2123 4983 2345 5036 θάνατος
2379 4983 2476 5028 ῶν.

2300 5049 2453 5133 lists.“
2466 5045 2492 5099 1
2522 5048 2580 5100 et
2606 5044 2976 5117 Seguerian.,
3008 5042 3087 5106 εἷς
3116 5043 3206 5098 τὸν
3254 5036 3413 5114 ἅδην.
3444 5044 3647 5104 Ceteri
3678 5052 3736 5104 et

2084 5111 2359 5183 θὰίῐὶίείς
2390 5111 2547 5185 ᾅδην.
2687 5111 2716 5117 ⁷
2958 5111 2971 5116 ⁷
3269 5111 3277 5114 ’
3347 5111 3356 5114 ⁷

2155 5188 2512 5261 (91)}iegius
2570 5186 2797 5259 primus
2852 5190 2911 5243 et
2957 5187 3220 5261 Seguer,_,
3250 5183 3304 5240 ἐν
3341 5190 3422 5259 τῷ
3451 5185 3598 5261 αὐτῷ
3629 5189 3736 5243 σώ-

2086 5258 2453 5385 FamJidem
2506 5258 2647 5347 mox
2687 5265 2745 5314 et
2790 5262 3013 5343 Reg.~2,
3041 5258 3366 5342 Anglican.’
3397 5258 3734 5342 Goblerian.

2130 5330 2237 5385 elc.
2274 5333 2298 5385 1
2359 5336 2417 5385 et
2442 5333 2498 5385 5.
2532 5326 2810 5385 δεξάμενοι
2866 5350 3076 5385 τουτον.
3112 5331 3227 5385 A111
3275 5332 3554 5385 edltlaue-
3584 5329 3734 5385 δεὲά-

2130 5330 2237 5386 elc.
2274 5333 2328 5421 1’
2359 5336 2417 5421 εει
2442 5333 2498 5399 5,
2532 5326 2810 5403 δεξάμενοι
2866 5326 3076 5387 τοῦτον.
3112 5326 3227 5385 Klii
3275 5330 3555 5404 aditique,
3584 5329 3736 5404 δεξά-

2089 5421 2241 5473 μενοι
2271 5402 2454 5458 αὗτόν.
2666 5402 2669 5403 ν
3441 5402 3459 5404 “
3657 5402 3667 5404 ἡ

2089 5541 2102 5548 _
2156 5475 2268 5543 (92)
2299 5474 2533 5548 Primus
2579 5473 2776 5548 cod_ex_
2802 5473 3019 5548 Regius
3047 5472 3398 5548 e_t_Seguer.,
3430 5470 3501 5528 δι’
3531 5471 3565 5528 ἃ
3598 5473 3737 5548 μᾶλ-

2087 5540 2202 5619 λον.
2236 5540 2436 5619 Caeteri
2469 5551 2525 5601 et
2553 5544 2718 5616 editi,
2752 5540 2836 5599 διὸ
2866 5540 2953 5619 {at
2992 5540 3428 5619 μᾷλλονῖΡουΙο
3460 5540 3739 5619 post,Re-

2085 5615 2217 5707 gius
2241 5616 2474 5745 primus
2499 5621 2558 5674 et
2579 5612 2838 5691 Seguer.,
2868 5612 3003 5672 οὔτε
3046 5615 3272 5674 ἐκώλυε.
3308 5617 3417 5675 Alii
3460 5612 3525 5676 et
3571 5612 3734 5689 editi,

2087 5707 2212 5744 ουτε
2269 5708 2350 5744 κω
2392 5708 2505 5746 υσε.
