4074 6348
270 449 389 509 445

1399 450 1691 514 ORATIO
1731 450 1817 512 ΠΙ
1859 448 2170 512 CONTRA
2207 449 2574 512 ARIANOS.

3571 450 3688 511 446

271 579 431 656 σαρκὶ
460 579 529 649 ἧν
558 581 587 635 6
621 581 816 656 Λόγος.
846 580 934 637 καὶ
968 580 1091 638 οὕτε
1122 580 1330 639 ἐκώλυε
1356 581 1483 646 τοῦς
1533 576 1917 638 ἐπιϐουλεύον-

2033 582 2290 639 Verbum
2321 584 2381 639 in
2414 583 2727 656 hujumodi
2770 598 2945 641 carne
2975 582 3172 651 fuerit,
3225 598 3332 639 nec
3362 581 3683 654 prohibue-

270 690 389 736 τας,
448 666 575 724 οὔτε
629 667 848 742 ἐξεδίκει
922 670 1056 727 κατὰ
1119 677 1226 728 τῶν
1279 671 1669 749 ἀναιρούντων,
1727 670 1922 746 καίπερ

273 756 592 832 δυνάμενος,
624 760 653 813 6
694 757 899 822 ἄλλους
944 758 1197 823 κωλύσας
1244 763 1555 830 ἀποθανεῖν,
1586 760 1676 816 καὶ
1724 762 1925 825 ἀποθα-

270 847 458 910 νόντας
487 846 694 925 ἐγείρας
725 847 784 903 ἐκ
811 853 919 903 τῶν
948 849 1171 924 νεκρῶνο
1214 849 1343 906 ἀλλ’
1387 850 1641 926 ἠνείχετο
1689 851 1919 927 πάσχειν

268 937 334 993 τὸ
365 934 506 992 ἴδιον
539 942 720 1011 σῶμα.
755 939 854 993 Διὰ
898 943 1061 994 τοῦτο
1104 940 1211 1016 γὰρ
1260 941 1349 994 καὶ
1383 941 1495 1012 (93)
1524 936 1813 1009 ἐλήλυθεν,
1846 940 1921 1001 ὡς

269 1031 561 1100 προεῖπον,
586 1023 680 1081 ’ίνα
737 1026 893 1103 σαρκὶ
949 1026 1120 1103 πάθῃ,
1162 1027 1252 1083 καὶ
1311 1026 1506 1083 λοιπὸν
1564 1026 1654 1082 καὶ
1708 1028 1919 1097 ἀπαθὴς

270 1115 361 1172 καί
418 1117 680 1178 ἀθάνατος
709 1118 746 1187 ἡ
796 1117 923 1192 σὰρξ
981 1121 1408 1192 κατασκευασθῇ*
1441 1118 1532 1173 καὶ
1585 1115 1691 1187 ἵνα,
1743 1118 1919 1181 καθὼς

270 1204 544 1268 πολλάκις
595 1202 844 1279 εἴπομεν,
873 1206 948 1265 ὡς
993 1206 1070 1269 είς
1113 1206 1273 1262 αὐτὸν
1317 1213 1419 1278 τῆς
1450 1202 1657 1284 ὕϐρεως
1687 1208 1799 1280 (94)
1830 1206 1920 1262 καὶ

268 1300 378 1351 τῶν
434 1296 740 1370 γινομένων
801 1296 1127 1374 φθανόντων,
1183 1295 1378 1370 μηκέτι
1440 1300 1547 1351 τῶν
1625 1297 1921 1371 ἀνθρώπων

272 1386 511 1455 ἅπτηται
570 1388 759 1452 ταῦτα,
793 1383 920 1440 ἀλλ’
967 1384 1291 1463 ἐξαφανισθῇ
1342 1384 1626 1447 παντελῶς
1666 1386 1794 1458 παρ’
1823 1386 1920 1440 αὖ·

272 1477 393 1529 τοῦ·
426 1474 517 1528 καὶ
573 1471 766 1528 λοιπὸν
825 1470 897 1527 δι’
927 1471 1128 1536 αἰῶνος
1181 1472 1443 1551 ἄφθαρτοι
1500 1476 1635 1547 (95),
1667 1474 1741 1536 ὡς
1796 1474 1921 1537 ναὸς

271 1566 372 1617 τοῦ
404 1560 606 1638 Λόγου,
642 1560 977 1636 διαμείνωσι.
1011 1565 1195 1621 Ταῦτα
1238 1562 1284 1618 εἰ
1328 1561 1499 1624 οὕτως
1546 1562 1639 1617 καὶ
1687 1564 1739 1617 οἱ
1788 1565 1921 1638 Χρι-

271 1653 551 1727 στομάχοι
601 1649 927 1721 διενοοῦντο,
959 1652 1050 1708 τόν
1108 1673 1168 1707 τε
1365 1653 1565 1707 σκοπὸν
1598 1652 1688 1707 τὸν
1722 1650 1923 1719 ἐκκλη-

272 1740 553 1797 σιαστικὸν
611 1742 685 1803 ὡς
747 1739 980 1818 ἄγκυραν
1050 1747 1150 1811 τῆς
1221 1740 1455 1803 πίστεως
1536 1739 1920 1816 ἐπεγίνωσκον,

273 1828 388 1887 οὔτ’
414 1828 477 1886 ἃν
507 1829 840 1906 ἐναυάγησαν
886 1830 1009 1908 περὶ
1053 1831 1154 1900 τὴν
1203 1830 1404 1900 πίστιν,
1437 1827 1560 1886 οὔτε
1724 1834 1924 1885 τοσοῦ-

271 1940 366 1976 τον
399 1918 814 1996 ἠναισχύντουν,
847 1920 924 1982 ὡς
955 1918 1296 1976 ἀνθίστασθαι
1342 1918 1431 1975 καὶ
1477 1924 1595 1982 τοῖς
1648 1918 1923 1995 βουλομε-

276 2030 392 2072 νοις
421 1983 776 2071 πεπτῖὶκότας
800 1983 1002 2071 αὐτοὺς
1032 2007 1255 2085 ἐγεῖραι,
1286 2007 1375 2063 καὶ
1434 1983 1659 2081 μᾶλλον.
1695 1983 1925 2083 ἐχθροὺς
1958 1983 2006 2049 Β

278 2099 529 2173 ἡγεῖσθαι
603 2096 730 2160 τοὺς
803 2098 1186 2160 νουθετοῦντας
1246 2095 1444 2160 αὐτοὺς
1500 2095 1579 2159 εἷς
1628 2090 1925 2152 εὐσέϐειαν.

280 2183 439 2244 Ἀλλ’
468 2185 542 2249 ὡς
572 2182 736 2256 ἔοικε,
768 2187 1007 2264 πονηρὸν
1042 2188 1153 2261 (98)
1185 2187 1213 2241 6
1243 2186 1513 2261 αἱρετικὸς
1558 2185 1807 2257 ἀληθῶς,
1835 2184 1928 2239 καὶ

276 2276 615 2352 πανταχόθεν
675 2274 818 2331 ἐστὶν
875 2272 1019 2353 ἔχων
1080 2273 1474 2354 διεφθαρμένην
1540 2276 1640 2345 τήν
1700 2271 1924 2350 καρδίαν

276 2365 353 2428 εἷς
408 2363 677 2423 ἀσέϐειαν.
711 2362 850 2422 Ἰδοὺ
906 2364 1007 2442 γὰρ
1067 2362 1155 2420 ἐπὶ
1212 2371 1370 2420 πᾶσιν
1420 2363 1801 2441 ἐλεγχόμενοι,
1832 2364 1924 2419 καὶ

276 2453 621 2529 δεικνύμενοι
668 2453 840 2522 πάσης
884 2453 1143 2517 συνέσεως
1174 2456 1286 2529 (99)
1316 2450 1538 2528 ἔρημοι,
1572 2454 1675 2508 οὐκ
1728 2452 1923 2529 αἶσχό-

271 2561 477 2599 νονται⁸
514 2542 640 2599 ἀλλ’
672 2543 853 2620 ὥσπερ
883 2546 918 2613 ἡ
973 2541 1240 2618 λεγομένη
1297 2543 1445 2618 παρὰ
1489 2547 1607 2605 τοῖς
1638 2540 1924 2613 Ἑλλήνων

276 2631 473 2705 μύθοις
505 2629 642 2708 ὕδρα
678 2632 740 2687 τὸ
793 2631 1005 2707 θηρίον,
1038 2632 1441 2709 ἂναιρουμᾶνων
1490 2635 1597 2686 τῶν
1642 2632 1921 2707 προτέρων

272 2717 474 2798 ὄφεων,
506 2716 694 2777 ὤδινεν
742 2721 960 2798 ὲτὲρους
1009 2717 1181 2799 ὄφεις,
1215 2720 1603 2800 φιλονεικοῦσα
1646 2720 1782 2794 πρὸς
1830 2720 1919 2775 τὸν

270 2810 597 2887 ἀναιροῦντα
624 2810 694 2886 τῇ
724 2815 831 2866 τῶν
885 2810 1083 2887 ἑτέρων
1139 2806 1415 2886 προϐολῇ·
1447 2810 1538 2865 τὸν
1597 2808 1761 2864 αὐτὸν
1799 2808 1925 2885 τρό-

270 2920 377 2954 πον
433 2899 524 2954 καὶ
582 2899 633 2955 oi
691 2897 970 2976 Θεομάχοι
1003 2901 1079 2973 (Ι)
1128 2898 1218 2955 καὶ
1272 2901 1323 2954 oi
1372 2903 1707 2975 Θεοστυγεῖς,
1739 2896 1921 2975 ὥσπερ

270 2986 453 3066 ὕδραι,
484 2990 583 3057 τήν
637 2989 822 3065 ψυχὴν
880 2988 1168 3051 πίπτοντες
1225 2987 1304 3066 ἐφ’
1352 2990 1437 3052 οἷς
1488 2982 1919 3064 προϐάλλονται,

269 3074 449 3141 ἄλλας
497 3077 899 3157 ἐφευρίσκουσιν
961 3075 1265 3141 Ἰουδαϊκὰς
1316 3078 1404 3133 καὶ
1460 3078 1649 3154 μωρὰς
1708 3077 1920 3138 ἑαυτοῖς

268 3166 619 3239 ἐκζητήσεις⁸
677 3169 765 3223 καὶ
831 3167 1015 3246 ὥσπερ
1091 3163 1293 3244 ἔχθραν
1353 3170 1429 3242 (2)
1485 3168 1585 3236 τήν
1658 3165 1916 3237 ἀλήθειαν

268 3253 516 3334 ἔχοντες,
566 3256 840 3313 ἐπινοοῦσι
888 3256 1192 3333 καινότερα,
1228 3258 1378 3319 ὅπως
1426 3255 1641 3330 μᾶλλον
1688 3261 1917 3333 Χριστο-

270 3346 488 3423 μάχους
521 3344 743 3409 ἑαυτοὺς
773 3343 864 3401 διὰ
890 3345 1107 3402 πάντων
1138 3344 1494 3417 ἐπιδείξωσιν.

335 3616 428 3673 59.
463 3613 614 3672 Μετὰ
642 3613 746 3692 γὰρ
774 3612 902 3677 τοὺς
927 3613 1220 3677 τοσούτους
1250 3615 1367 3670 κατ’
1397 3615 1572 3670 αὐτῶν
1620 3611 1914 3690 ἐλέγχους,

266 3703 349 3784 ἐφ’
382 3705 463 3767 οἷς
491 3705 581 3760 καὶ
612 3705 642 3760 6
674 3699 936 3767 διάϐολος
968 3706 1044 3778 (3)
1078 3702 1239 3767 αὐτὸς
1290 3706 1318 3759 6
1348 3703 1556 3760 τούτων
1607 3704 1786 3780 πατὴρ
1837 3702 1918 3760 ἐν·

262 3795 491 3870 τραπεὶς
521 3793 582 3849 ἂν
636 3792 876 3863 ἀπῆλθεν
918 3794 1117 3863 ὀπίσω,
1149 3793 1315 3849 πάλιν
1367 3794 1442 3856 ὡς
1491 3792 1600 3849 ἀπὸ
1647 3787 1914 3869 πρεόλῆς

264 3891 367 3955 τῆς
414 3880 641 3960 καρδίας
688 3883 867 3939 αὐτῶν
912 3881 1253 3946 ἐπινοοῦντες
1298 3882 1648 3959 γογγύζουσι,
1679 3884 1767 3938 καὶ
1798 3888 1915 3946 τοῖς

269 3975 365 4049 μὲν
407 3974 772 4049 ψιθυρίζουσι,
803 3978 919 4035 τοῖς
963 3970 1041 4042 δὲ,
1073 3974 1149 4035 ὡς
1196 3971 1478 4043 κώνωπες,
1511 3967 1912 4047 περιϐομϐοῦσι

263 4063 536 4141 λέγοντες*
568 4065 772 4135 Ἔστω,
826 4067 994 4118 ταῦτα
1051 4059 1225 4125 οὕτως
1282 4060 1628 4138 ἐρμηνεύετε,
1686 4061 1778 4117 καὶ
1832 4083 1912 4118 νι-

259 4161 391 4211 κᾶτε
444 4157 562 4216 τοῖς
612 4152 901 4230 λογισμοῖς
948 4152 1037 4208 καὶ
1091 4156 1213 4215 ταῖς
1238 4149 1595 4223 ἀποδείξεσιν
1628 4149 1777 4208 ἀλλὰ
1831 4149 1914 4208 δεῖ

260 4243 440 4320 λέγειν
472 4242 736 4320 βουλήσει
784 4241 873 4297 καὶ
922 4239 1139 4312 θελήσει
1187 4247 1509 4317 γεγενῆσθαι
1539 4243 1619 4316 (4)
1647 4241 1739 4297 τὸν
1785 4240 1909 4297 Υἱὸν

259 4334 367 4389 ὑπὸ
395 4336 492 4388 τοῦ
521 4329 757 4406 Πατρός.
790 4332 889 4386 Καὶ
922 4327 975 4386 ἐν
1004 4328 1185 4403 τούτῳ
1213 4330 1316 4406 γὰρ
1366 4327 1616 4392 πολλοὺς
1664 4329 1910 4386 ἀπατῶσι

255 4417 708 4497 προϐαλλόμενοι
734 4420 799 4476 τὸ
835 4417 1097 4497 βούλημα
1123 4419 1215 4474 καὶ
1243 4419 1307 4474 τὸ
1342 4416 1560 4494 θέλημα
1600 4423 1703 4473 τοῦ
1751 4423 1907 4477 Θεοῦ.

255 4515 437 4571 Τοῦτο
493 4507 552 4566 δὲ
600 4508 646 4565 εἰ
701 4509 798 4583 μὲν
842 4530 925 4572 τις
961 4512 1070 4565 τῶν
1099 4507 1274 4585 ὀρθῶς
1304 4507 1668 4564 πιστευόντων
1698 4507 1908 4564 ἀπλού-

328 4621 377 4656 ⁸⁸
409 4621 431 4676 Ι
463 4618 619 4676 Tim.
644 4636 683 4684 ι,
717 4618 808 4676 l9.

332 4725 452 4808 (ΘΞ)
477 4724 692 4808 Regius
706 4723 1035 4808 primuspt
1062 4723 1324 4808 S_egper_.,
1348 4721 1446 4777 Διὰ
1473 4724 1633 4808 70630
1662 4722 1765 4808 γὰρ
1794 4724 1907 4808 καί.
1939 4731 1988 4797 D

254 4794 489 4854 ln'aliis
518 4794 583 4852 et
604 4794 780 4852 editis
808 4794 1337 4870 yaip_deest.Pau_lo
1366 4799 1518 4870 post,
1550 4794 1767 4870 Regius
1789 4797 1907 4870 ppri-

256 4885 394 4941 mus
425 4874 484 4926 et
502 4870 763 4941 segnem,
781 4865 891 4941 καῖ
916 4865 1112 4923 λοιπὸν
1140 4867 1228 4921 καὶ
1261 4865 1496 4937 ἀπαθής.
1515 4865 1714 4924 ΑιίΓθῒ.
1744 4865 1906 4937 editi,

251 4941 344 4996 καὶ
380 4938 601 4995 λοιπὸν”
610 4938 844 5009 ἀπαθής.

326 5013 439 5085 (94)
470 5013 684 5085 Regius
704 5007 946 5085 primus
961 5014 1033 5085 _et
1059 5010 1421 5085 Seguerian.,
1457 5007 1531 5071 sic
1591 5008 1751 5065 αὐτὸν
1808 5014 1907 5080 τῆς

251 5078 494 5160 ὕϐρεωςἒ
518 5078 737 5160 caeteri
750 5087 808 5140 et
835 5081 997 5160 editi,
1032 5078 1423 5160 ei:_3z61_:_6v_xai
1456 5087 1578 5160 τῇς.

324 5152 794 5232 ζῼὸλἋφθαρτοε
818 5156 987 5211 abest
1036 5155 1283 5232 a_Basi_l.
1316 5155 1456 5232 Reg.
1478 5159 1535 5232 r2.
1551 5157 1607 5209 et
1666 5152 1815 5232 Fcis.
1848 5153 1903 5232 5.

248 5220 402 5319 122‘9;
419 5220 578 5319 ἐλεεῖ
614 5220 1289 5319 ιἐιέθευεῖςιὼεγεὲς
1460 5220 1658 5319 WB-
1680 5225 1908 5319 aliis

247 5300 418 5371 editi,
449 5296 573 5362 ναὸς
598 5301 697 5354 τοῦ
727 5296 881 5353 Θεοῦ.
914 5297 1048 5353 Mox
1106 5298 1306 5368 Basil.,
1339 5296 1511 5359 οὕτως
1552 5296 1617 5351 ὀἱ
1678 5301 1904 5372 Χριστο-

252 5389 722 5526 Plagitati-Uterque
750 5440 965 5568 Regius
995 5443 1051 5497 et
1079 5440 1418 5515 Seguerian.
1449 5440 1543 5494 τόν
1573 5458 1652 5493 τε.
1689 5440 1805 5496 Alii
1849 5443 1908 5496 et

252 5516 389 5568 editi
420 5511 515 5568 τὸν
549 5510 626 5568 δὲ.
662 5513 794 5568 Mox
897 5528 987 5568 e2.
1040 5513 1066 5568 1
1121 5518 1181 5568 et
1225 5517 1486 5568 Sequen.
1520 5509 1901 5568 ἐπεγίνωσκον.

246 5509 389 5572 editi
420 5509 515 5568 τὸν
549 5509 643 5587 δεῖ
662 5513 794 5587 qu
838 5509 987 5585 Reg.
1040 5513 1066 5568 1
1121 5509 1185 5570 ei
1225 5517 1486 5586 Seguer.,
1520 5509 1901 5587 ἐπεγίνωσκον.

244 5587 360 5644 Alii
392 5589 452 5643 et
479 5586 641 5655 editi,
676 5581 986 5659 ἐγίνωσκον.

249 5659 436 5786 ΟὐὲῗἹ)
470 5652 670 5732 Βεελ
709 5652 767 5713 et
794 5655 1156 5730 Seguerian.,
1187 5652 1332 5711 οὔτε.
1370 5655 1571 5713 Cisteri
1629 5658 1687 5712 et
1734 5654 1903 5727 editi,

466 5800 732 5874 Ξεεοειιη
761 5798 997 5875 πονηράν
1008 5839 1021 5854 .

2033 671 2108 728 rit
2139 672 2537 743 insidiatores,
2563 689 2669 729 nec
2699 674 3106 730 interfectores
3128 672 3318 729 ultum
3352 671 3445 738 sit,
3474 687 3681 744 qnam-

2031 760 2118 817 vis
2155 761 2213 816 id
2261 761 2427 818 facile
2486 760 2585 818 ille
2643 762 2950 835 potuisset,
3008 763 3110 834 qui
3156 762 3227 817 ab
3258 760 3390 816 aliis
3436 764 3681 817 mortem

2032 849 2321 922 prohibet,
2353 855 2405 907 et
2443 855 2705 907 mortuos
2737 852 2806 907 ad
2833 851 3009 906 vitam
3043 854 3293 906 revocat.
3325 849 3537 905 Verum
3564 867 3682 904 cor-

2032 955 2144 1011 pus
2175 955 2349 995 suum
2381 941 2498 1011 pati
2535 939 2824 1012 permisit,
2859 939 3362 1013 quandoquidem,
3409 942 3475 994 ut
3504 955 3684 1010 supra

1976 1094 1987 1097 _
2032 1030 2173 1099 dixi,
2231 1031 2451 1087 idcirco
2506 1036 2747 1088 venerat
2805 1036 2869 1087 ut
2915 1048 3089 1087 carne
3143 1035 3460 1104 pateretur,
3501 1046 3683 1101 eoque

2031 1124 2200 1193 pacto
2231 1138 2364 1176 caro
2396 1121 2454 1177 in
2487 1127 2788 1194 posterum
2822 1119 3209 1194 impassibilis
3249 1120 3594 1176 redderetur
3623 1122 3681 1174 ct

2030 1208 2406 1282 immortalis,
2446 1214 2643 1283 atque,
2678 1210 3177 1283 quemadmodum
3213 1224 3366 1282 sape
3394 1207 3675 1276 diximus,

2032 1301 2096 1352 ut
2119 1297 2370 1369 injurias
2394 1303 2716 1371 caeteraque
2742 1299 2904 1355 velut
2935 1299 3033 1354 illo
3064 1299 3343 1370 patiente,
3374 1314 3444 1352 ea
3471 1298 3543 1353 ad
3573 1297 3677 1352 ho-

2032 1386 2219 1443 mines
2239 1389 2364 1458 jam
2402 1405 2515 1444 non
2550 1388 2805 1461 amplius
2837 1389 3121 1444 auderent
3150 1388 3446 1457 accedere,
3471 1388 3571 1443 sed
3605 1388 3677 1442 ab

2030 1475 2158 1548 ipso
2190 1477 2422 1549 penitus
2453 1478 2804 1549 deierantur,
2835 1476 3039 1549 illique
3091 1477 3369 1547 deinceps
3400 1478 3678 1548 perpetuo

2033 1564 2380 1638 incorrupti,
2407 1571 2691 1639 tanquam
2713 1566 3000 1637 templum
3022 1564 3220 1635 Verbi,
3243 1568 3678 1638 permanerent.

2032 1652 2092 1709 Si
2123 1652 2246 1708 haec
2280 1669 2480 1710 secum
2513 1654 2728 1710 Christi
2760 1655 2960 1711 hostes
2991 1654 3355 1726 cogitassent
3401 1651 3680 1709 ecclesia-

2033 1742 2363 1814 sticumque
2395 1759 2638 1817 scopum
2670 1748 2954 1815 tanquam
2988 1744 3121 1800 fidei
3152 1742 3467 1799 anchoram
3501 1757 3682 1814 agno-

2031 1831 2276 1903 vissent,
2334 1833 2679 1904 neutiquam
2732 1833 2886 1888 circa
2916 1833 3087 1888 fidem
3123 1831 3397 1888 fecissent
3440 1830 3680 1886 naufra-

2033 1920 2272 1993 gium",
2306 1937 2497 1994 neque
2528 1921 2670 1979 adeo
2702 1924 2902 1977 essent
2931 1921 3327 1993 impudentes,
3349 1920 3517 1976 uthls
3539 1919 3682 1975 resi-

2036 2014 2253 2066 sterent
2284 2010 2383 2082 qui
2432 2027 2494 2067 sc
2552 2011 2749 2083 lapsos
2779 2014 3069 2067 conantur
3115 2009 3368 2083 erigere;
3408 2024 3515 2065 nec
3543 2007 3677 2064 illos

2038 2098 2148 2155 sibi
2179 2098 2440 2156 infensos
2470 2099 2775 2167 haberent,
2806 2099 2907 2171 qui
2962 2114 3023 2155 se
3055 2100 3126 2156 ad
3177 2114 3370 2155 veram
3403 2097 3679 2171 pietatem

2037 2188 2503 2261 amplectendam
2529 2189 2927 2245 cohortantur.
2967 2188 3080 2244 Sed
3111 2186 3287 2255 enim,
3337 2190 3402 2243 ut
3426 2186 3676 2256 videtur,

2036 2277 2191 2334 mala
2214 2279 2468 2350 perfecto
2502 2294 2594 2335 res
2625 2281 2714 2335 est
2738 2278 3065 2345 haereticus,
3098 2276 3449 2350 penitusque
3477 2290 3681 2332 corru-

2036 2370 2199 2439 ptum
2235 2371 2292 2423 et
2321 2368 2392 2424 ad
2416 2367 2777 2441 impietatem
2804 2366 3052 2440 proclive
3076 2383 3175 2423 cor
3193 2365 3389 2422 habet.
3417 2368 3494 2421 En
3517 2380 3681 2423 nam-

2033 2472 2146 2528 que
2174 2457 2409 2512 tametsi
2443 2456 2575 2513 illos
2606 2456 2809 2530 quavis
2832 2473 2899 2512 ex
2931 2460 3095 2529 parte
3116 2454 3458 2521 refellimus,
3482 2457 3678 2511 osten-

2032 2545 2348 2620 dimusque
2379 2547 2539 2603 omni
2572 2563 2814 2619 prorsus
2845 2544 3235 2618 intelligentia
3260 2560 3476 2600 vacuos
3516 2559 3675 2614 esse;

2032 2637 2229 2691 tamen
2257 2635 2420 2691 nullo
2460 2636 3029 2692 modoerubescunt:
3059 2635 3159 2691 sed
3183 2633 3676 2706 quemadmodum

2032 2722 2240 2796 hydra,
2271 2725 2602 2781 Graecorum
2655 2724 2869 2781 fabulis
2922 2724 3150 2780 celebra
3181 2724 3322 2793 fera,
3355 2738 3555 2793 novos,
3588 2721 3676 2777 di-

2032 2813 2185 2869 citur
2208 2819 2529 2887 serpentes,
2571 2815 2782 2871 occisis
2813 2814 3128 2886 prioribus,
3164 2813 3480 2885 peperisse,
3514 2810 3674 2866 aliis-

2032 2918 2144 2975 que
2176 2920 2409 2976 semper
2445 2903 2838 2975 producendis
2870 2919 3003 2959 cum
3041 2902 3677 2981 interfectoretconten-

2031 2993 2223 3049 disse:
2258 2993 2342 3048 ita
2398 2992 2481 3048 illi
2509 2995 2620 3049 Deo
2681 2992 2892 3048 infensi
2927 2997 2984 3047 et
3024 2991 3225 3057 invisi,
3261 3007 3373 3046 non
3406 3006 3575 3045 secus
3605 3006 3673 3045 ac

2031 3081 2247 3153 hydras,
2298 3082 2496 3137 anima
2543 3082 2896 3137 emorientes
2926 3080 2984 3136 in
3015 3079 3111 3135 his
3142 3096 3269 3153 quin
3303 3078 3675 3152 praetendunt

2029 3170 2414 3244 argumentis,
2463 3171 2740 3228 Judaicas
2782 3170 2927 3227 alias
2959 3169 3294 3242 stultasque
3351 3168 3462 3224 sibi
3505 3167 3673 3223 efﬁn-

2028 3264 2177 3334 gunt
2207 3261 2584 3333 quaestiones,
2642 3277 2707 3315 ac
2737 3259 2916 3316 veluti
2966 3258 3267 3314 inimicam
3327 3257 3515 3330 ipsam
3576 3257 3674 3314 ha-

1947 3352 1991 3421 C
2028 3352 2231 3408 bentes
2288 3351 2612 3424 veritatem,
2647 3368 2796 3408 nova
2827 3367 3061 3423 semper
3089 3350 3440 3423 excogitant,
3501 3352 3566 3404 ut
3605 3364 3673 3405 eo

2027 3440 2215 3512 magis
2244 3454 2307 3496 se
2362 3439 2576 3497 Christi
2608 3439 2805 3497 hostes
2834 3455 2963 3496 esse
2993 3437 3175 3495 nullis
3231 3454 3347 3494 non
3379 3436 3677 3494 declarent
3774 3428 3797 3455 ⁹

2024 3528 2236 3586 modis.

2091 3618 2182 3673 59.
2216 3620 2356 3674 Post
2385 3619 2470 3674 tot
2499 3617 2657 3674 enim
2689 3620 2894 3674 contra
2917 3617 3076 3690 ipsos
3101 3615 3278 3673 allata
3301 3620 3672 3689 argumenta,

2023 3723 2154 3779 quae
2187 3705 2273 3763 vel
2304 3706 2503 3779 ipsum
2553 3706 2853 3762 diabolum
2884 3722 3088 3762 eorum
3146 3710 3369 3779 patrem
3401 3710 3678 3779 cogerent

2022 3797 2367 3852 erubescere
2398 3802 2452 3852 et
2480 3800 2634 3852 retro
2669 3797 2956 3865 recedere,
2988 3811 3120 3851 ecce
3138 3812 3287 3852 nova
3315 3794 3531 3851 iterum
3562 3795 3677 3852 alia

2022 3889 2356 3942 commenta
2383 3889 2646 3942 tortuoso
2669 3901 2738 3941 ex
2767 3885 2939 3941 corde
2967 3902 3073 3941 suo
3096 3888 3386 3955 eructant,
3420 3883 3675 3956 aliisque

2021 3973 2108 4030 illi
2138 3976 2509 4047 obstrepunt,
2543 3974 2675 4030 aliis
2704 3974 3054 4046 bujusmodi
3085 3973 3284 4044 verba,
3313 3973 3502 4029 instar
3521 3972 3673 4028 culi-

2026 4080 2184 4132 cum,
2216 4064 2615 4120 insusurrant.
2650 4063 2758 4118 Per
2787 4078 2895 4119 nos
2919 4061 3074 4132 licet,
3109 4060 3408 4134 inquiunt,
3443 4062 3525 4117 ita
3553 4060 3676 4118 hac

2021 4169 2083 4209 se
2115 4152 2391 4221 habeant,
2426 4152 2511 4209 uti
2560 4168 2664 4209 vos
2724 4151 3228 4224 interpretamini;
3262 4150 3591 4207 rationibus
3621 4154 3680 4208 et

2020 4242 2417 4315 argumentis,
2446 4241 2691 4298 vincite:
2752 4242 2855 4298 sed
2886 4244 3082 4297 tamen
3142 4240 3441 4297 fatendum
3474 4244 3561 4297 est
3590 4239 3677 4297 Fi-

2020 4331 2166 4388 lium
2198 4349 2232 4388 a
2254 4332 2444 4402 Patre,
2474 4330 2779 4387 voluntate
2803 4334 2861 4386 et
2881 4329 3146 4398 arbitrio,
3168 4330 3383 4386 factum
3406 4345 3554 4387 esse.
3578 4329 3676 4386 Sic

2019 4420 2172 4477 482
2232 4419 2341 4487 illi,
2398 4418 2735 4487 voluntatis]
2766 4424 2823 4475 et
2853 4418 3079 4474 arbitrii
3142 4420 3381 4475 nomine
3424 4419 3674 4491 objccto,

2019 4508 2239 4566 multos
2267 4509 2590 4565 seducunt:
2624 4524 2753 4581 qua
2810 4507 3049 4581 quidem
3083 4506 3272 4581 siquis
3305 4524 3334 4563 e
3363 4511 3516 4565 recte
3548 4525 3670 4564 cre-

2095 4722 2207 4795 (99)
2241 4722 2379 4795 Reg.
2416 4723 2441 4777 1
2475 4726 2821 4795 et_Seguer.,
2844 4717 3219 4795 συνειδήσεως.
3243 4721 3463 4795 [bidem
3500 4719 3673 4792 paulo

2022 4790 2354 4868 posueram
2401 4796 2518 4868 rei:
2551 4790 2832 4868 Ἑλλήνων
2897 4790 3113 4868 μῦᾼθοις,
3145 4798 3208 4868 et
3247 4790 3673 4868 Ηρεηέξπαρα

2018 4858 2132 4926 τοῖς
2161 4858 2432 4936 Ἕλλησιν
2466 4863 2622 4942 ὕυρα.
2658 4858 2770 4921 Alii
2801 4870 2858 4922 et
2888 4858 3050 4932 editi,
3074 4858 3222 4939 παρὰ
3247 4858 3366 4924 τοῖς
3398 4858 3670 4931 Ἕλλησιν

2019 4936 2073 4993 ἐν
2109 4935 2327 4993 μύθοις.
2360 4942 2473 4993 etc.

2151 4953 2249 4991 υυο
2259 4958 2303 4992 ις
2314 4979 2327 4992 .
2360 4953 2449 4992 etc
2461 4978 2473 4992 .

2047 4960 2073 4994 ν
2109 4942 2327 5010 μύθοις,
2360 4942 2473 4994 etc.

2193 5010 2334 5083 Heg.
2351 5011 2392 5094 .1
2426 5014 2485 5064 et
2513 5013 2749 5094 Beguer.
2785 5008 3067 5094 omittunt
3116 5005 3310 5094 καὶηοὶ
3332 5004 3670 5094 “Sparax-0t.

2018 5072 2196 5137 Iidem
2230 5072 2404 5153 paulo
2440 5072 3191 5153 posthabent,eﬁp£cxouaw
3214 5072 3671 5153 Ἰουδαϊκοῖςβῑο.

2096 5155 2175 5224 (2)
2210 5142 3143 5225 Uterque,Regiusget'gcguerian
3180 5191 3193 5215 ,
3228 5147 3415 5225 dign-ep
3442 5142 3664 5225 ἔχθραν.

2014 5214 2217 5281 Οᾶέῐένί
2252 5230 2308 5280 et
2336 5214 2501 5296 editi,
2530 5214 2625 5296 (6;
2642 5222 2781 5296 πρὸς
2836 5214 3056 5295 ἔχθραν.
3091 5214 3230 5296 Μόξί-
3279 5214 3563 5296 38έὶυέῖί
3607 5229 3671 5296 et

2014 5304 2277 5367 Seguer.,
2311 5295 2459 5367 ὅπως
2494 5291 2730 5367 μᾶλλον,
2764 5291 3021 5367 οιφςςςιιι
3076 5299 3159 5367 ριΔ
3184 5291 3451 5367 Nannius
3485 5291 3668 5367 legit.

2015 5360 2166 5423 Editi
2198 5372 2255 5421 et
2284 5360 2564 5436 alii,6’1rinc
2599 5360 2787 5436 μόνον,
2810 5364 3054 5429 ibidem,
3083 5360 3171 5417 διὰ
3203 5366 3417 5418 πάντων
3448 5360 3611 5419 abeat
3640 5384 3673 5419 υ.

2013 5439 2241 5495 Gobler.
2277 5443 2333 5494 et
2365 5438 2508 5493 Felc.
2536 5439 2586 5491 1.

2086 5512 2159 5583 (3)
2194 5511 2330 5583 Reg.
2366 5510 2389 5563 1
2426 5512 2483 5583 et
2505 5506 2870 5583 Segner.,m_t
2900 5499 3181 5583 8460104.
3205 5508 3386 5583 [idem
3420 5523 3553 5583 mox
3573 5507 3670 5563 ad-

2015 5575 2185 5653 dunt,
2218 5575 2381 5653 πάλιν
2417 5580 2492 5641 ὡς
2523 5575 2654 5642 ἀτῖό.
2687 5575 2815 5653 quas
2847 5579 2904 5633 in
2940 5577 3073 5633 aliis
3118 5585 3174 5653 et
3211 5579 3385 5635 editis
3429 5579 3664 5635 desunt.

2084 5651 2551 5727 (4)'Anglicanus
2583 5657 2641 5727 et
2671 5651 2882 5727 Regius
2936 5651 3251 5721 secundus,
3284 5654 3664 5727 γεγεννῆσθαι,

2014 5721 2170 5782 utet
2199 5721 2428 5797 videtur
2454 5724 2722 5797 Nannius
2744 5721 2954 5794 legisse
2979 5741 2995 5794 ;
3029 5738 3164 5779 nam
3195 5721 3386 5797 vertit,
3415 5724 3666 5795 genitum

2014 5812 2144 5855 esse.
2176 5796 2294 5855 Alii
2323 5800 2381 5855 et
2409 5796 2574 5867 editi,
2608 5799 2944 5872 γεγενῆσθαι.
