4074 6380
387 429 497 488 451

940 430 1003 487 S.
1055 424 1478 488 ATHANASII
1523 425 1697 486 OPP.
1743 423 1944 484 PARS
1989 423 2037 482 ι.
2071 451 2147 466 -
2186 419 2602 484 HISTORICA
2643 422 2744 484 ET
2788 422 3268 487 DOGMATIGA.

3679 429 3800 491 452

461 560 551 614 61.
581 560 783 630 Itaque
805 558 856 615 si
885 557 1065 615 Filius
1097 556 1250 613 alius
1281 563 1368 612 est
1413 575 1446 612 a
1503 560 1678 612 rebus
1729 553 2027 620 omnibus,

2980 519 3000 538 .

2217 553 2306 606 61.
2340 551 2547 607 Οὑκοῦν
2583 549 2633 606 εἷ’
2678 549 2848 615 ἄλλος
2900 551 3010 608 ἐστι
3055 558 3161 608 τῶν
3212 555 3425 611 πάντων
3476 554 3659 634 ὥσπερ
3711 559 3800 614 καὶ

393 647 478 702 uti
509 651 681 704 antea
695 648 1005 720 probatum
1035 650 1144 715 est,
1178 645 1491 717 potiusque
1544 661 1720 716 Opera
1767 660 1870 714 per
1899 658 2034 698 eum

391 737 543 792 facta
572 741 742 804 sunt;
777 735 932 792 absit
956 739 1019 790 ut
1042 734 1340 790 voluntate
1373 734 1603 791 dicatur
1633 732 2040 799 exstitisse,ne

388 827 514 899 ipse
543 827 747 883 eodem
769 825 942 881 modo
975 825 1098 892 ﬁat,
1132 839 1246 895 quo
1278 839 1501 895 ea,quae
1533 838 1637 894 per
1667 820 1864 893 ipsum
1888 820 2040 875 facta

389 923 548 982 sunt,
572 916 936 989 prodierunt.
971 913 1237 984 Namque
1269 912 1486 968 Paulus
1539 927 1643 984 per
1675 910 2036 967 voluntatem

389 1007 488 1062 Dei
532 1004 831 1078 apostolus
861 1008 1064 1077 postea
1113 1003 1307 1059 factus
1356 1005 1446 1057 est
1473 1001 1537 1068 ⁸⁸,
1591 1017 1726 1056 cum
1761 999 1819 1054 id
1867 1002 2040 1054 antea

387 1111 502 1152 non
534 1099 706 1152 esset.
741 1093 980 1150 Vocatio
1008 1093 1149 1150 item
1163 1096 1384 1160 nostra,
1417 1107 1551 1147 cum
1582 1089 1898 1161 aliquando
1920 1104 2035 1143 non

385 1183 580 1252 fuerit,
615 1201 773 1240 nunc
804 1188 1000 1239 autem
1053 1182 1203 1238 facta
1233 1181 1331 1251 sit,
1390 1181 1830 1237 antecedentem
1861 1178 2039 1233 habet

389 1274 485 1328 Dei
507 1274 891 1340 voluntatem,
924 1277 1080 1340 et,ut
1106 1272 1260 1326 idem
1313 1270 1530 1326 Paulus
1558 1269 1818 1340 loquitur
1846 1269 1910 1338 9°,
1943 1283 2034 1323 se-

385 1363 649 1420 cundum
682 1362 1049 1434 pr0positum
1081 1361 1209 1432 ejus
1241 1360 1560 1416 voluntatis
1595 1359 1741 1415 facta
1768 1361 2034 1414 est.Praa-

383 1457 562 1520 terea,
597 1452 753 1524 quod
801 1468 903 1523 per
959 1450 1217 1522 Moysem
1276 1448 1510 1519 dicitur,
1549 1450 1671 1504 Fiat
1728 1449 1836 1504 tua:
1883 1451 1922 1514 ¹,
1956 1451 2034 1515 et,

385 1541 665 1597 Producat
688 1549 837 1598 terra
874 1541 916 1608 ¹,
977 1545 1052 1606 et,
1111 1540 1402 1594 Faciamus
1456 1539 1739 1594 hominem
1767 1538 1809 1603 ³,
1865 1536 2037 1608 signa

386 1647 518 1686 reor
545 1647 692 1702 esse,
725 1629 1221 1700 quemadmodum
1253 1645 1434 1699 supra
1466 1628 1688 1682 dictum
1711 1624 2034 1693 est,volun-

383 1719 524 1776 tatis
555 1719 865 1775 Creatoris.
898 1717 1043 1773 Nam
1066 1734 1133 1773 ea
1163 1717 1558 1788 quidem,quze
1589 1714 1903 1787 aliquando
1918 1729 2035 1768 non

383 1811 574 1876 erant,
599 1807 700 1863 sed
733 1806 1095 1862 extrinsecus
1154 1809 1357 1878 postea
1388 1805 1558 1876 ﬁunt,
1586 1805 1774 1860 facere
1804 1806 2036 1858 Creator

383 1896 706 1952 deliberat:
741 1912 874 1951 cum
917 1899 1118 1951 autem
1175 1893 1430 1950 Verbum
1490 1909 1667 1950 suum
1725 1909 1794 1948 ex
1840 1891 2033 1963 seipso

2150 637 2202 693 έν
2230 645 2346 701 τοῖς
2378 642 2512 714 (211')
2543 642 2649 717 πρὸ
2677 643 2884 697 τούτων
2937 641 3181 718 ἐδείχθη.
3211 643 3300 699 καί
3335 643 3548 718 μᾶλλον
3578 649 3646 703 τὰ
3675 647 3805 725 ἔργα

2150 725 2220 782 δι’
2249 729 2411 783 αὑτοῦ
2442 730 2651 804 γέγονε,
2697 732 2772 804 μή
2825 731 3062 808 λεγέσθω
3113 731 3396 808 βουλήσει,
3445 733 3538 790 ἵνα
3588 738 3664 810 μή
3713 740 3801 794 καὶ

2147 815 2306 880 αὐτὸς
2343 817 2513 880 οῧτως
2544 818 2782 895 γίνηται,
2832 822 3013 898 ὥσπερ
3063 822 3151 876 καὶ
3199 823 3266 877 τὰ
3314 820 3382 877 δι’
3430 823 3595 880 αὐτοῦ
3647 826 3803 902 γενό-

2151 927 2283 978 μενα
2332 908 2544 977 σνέστη.
2598 909 2696 963 Καὶ
2749 911 2851 985 γάρ
2897 911 2924 965 ὁ
2982 911 3075 984 μὲν
3133 911 3372 984 Παῦλος,
3427 909 3525 969 οὐκ
3569 914 3642 969 ὣν
3671 917 3804 992 πρό-

2143 1015 2322 1070 τερον,
2375 995 2594 1072 ὕστερον
2645 998 2799 1070 ὅμως
2852 996 2941 1053 διὰ
2990 999 3296 1073 θελήματος
3329 1007 3462 1058 Θεοῦ
3493 1002 3800 1070 ἀπόστολος

2143 1081 2380 1160 γέγονεν’
2415 1087 2450 1154 ἡ
2504 1083 2560 1140 δὲ
2607 1085 2804 1156 κλῆσις
2855 1090 3040 1162 ἡμῶν,
3093 1089 3166 1152 ὥς
3211 1111 3345 1146 ποτε
3393 1091 3482 1146 καὶ
3531 1092 3667 1162 αὐτὴ
3721 1097 3796 1168 μὴ

2145 1171 2296 1246 οὖσα³
2346 1178 2435 1228 νῦν
2489 1171 2546 1229 δὲ
2600 1175 2956 1252 ἐπιγενομένη
2993 1224 3009 1251 ,
3059 1179 3480 1254 προηγουμένην
3539 1179 3656 1258 ἔχει
3701 1185 3800 1252 τὴν

2149 1261 2580 1338 βούλησιν
2633 1265 2724 1320 καὶ
2775 1267 2849 1328 ὡς
2896 1267 3059 1329 αὐτὸς
3110 1269 3275 1322 πάλιν
3309 1271 3336 1324 6
3384 1269 3597 1334 Παῦλός
3642 1294 3796 1347 φησι,

2143 1351 2279 1407 κατὰ
2328 1355 2426 1422 τὴν
2461 1351 2709 1409 εὐδοκίαν
2761 1359 2856 1410 11-6
2907 1354 3220 1430 θελήματος
3267 1358 3432 1414 αὐτοῦ
3477 1361 3684 1434 γέγονε.
3718 1361 3796 1419 Τό

2141 1462 2200 1497 τε
2232 1443 2368 1513 (25¹)
2400 1439 2489 1498 διὰ
2535 1443 2776 1506 Μωσέως
2827 1443 3143 1520 λεγόμενον,
3178 1450 3469 1519 Γενηθήτω
3515 1454 3651 1528 φῶς,
3683 1450 3796 1525 καί,

2144 1530 2478 1607 Ἐξαγαγέτω
2507 1535 2542 1602 ἡ
2587 1537 2681 1609 γῆ,
2729 1533 2843 1603 καὶ,
2905 1536 3230 1608 Ποιήσωμεν
3290 1534 3796 1615 ἄνθρωπον,ήγοῦ-

2148 1643 2242 1695 μαι
2293 1625 2428 1697 (26),
2478 1627 2617 1688 καθά
2662 1625 2751 1680 καὶ
2800 1625 2851 1680 έν
2903 1632 3018 1690 τοῖς
3070 1623 3371 1702 ἔμπροσθεν
3427 1627 3662 1704 εἴρηται,
3694 1639 3796 1702 τῆς

2149 1710 2467 1785 βουλήσεως
2497 1719 2594 1768 τοῦ
2625 1719 2912 1777 ποιοῦντος
2963 1714 3094 1770 εἶναι
3123 1721 3286 1772 τοῦτο
3327 1720 3686 1792 σημαντικόν.
3719 1721 3797 1776 Τὰ

2148 1801 2242 1873 μὲν
2287 1800 2390 1876 γὰρ
2443 1803 2518 1874 μή
2571 1798 2700 1858 ὄντα
2747 1803 2898 1874 ποτε,
2944 1803 3071 1860 ἀλλ’
3120 1803 3308 1877 ἔξωθεν
3363 1805 3732 1885 ἐπιγινόμενα,
3765 1811 3795 1864 6

2146 1891 2489 1966 Δημιουργὸς
2544 1891 2859 1968 βουλεύεται
2914 1901 3134 1963 ποιῆσαι
3188 1898 3332 1969 (27)⁰
3389 1898 3480 1952 τὸν
3542 1897 3600 1954 δὲ
3652 1895 3792 1956 ἴδιον

383 1990 596 2041 natura
615 1985 824 2058 gignit,
857 1984 1127 2056 praevium
1151 1982 1384 2039 nullam
1408 1983 1645 2039 adhibet
1665 1953 2027 2038 deliberatio-

2142 1977 2315 2052 Λόγον
2352 1978 2403 2050 ἐξ
2435 1979 2598 2035 016106
2647 1981 2798 2058 φύσει
2847 1985 3178 2057 γεννώμενον
3230 1984 3296 2040 οὐ
3339 1981 3790 2062 προϐουλεύεται⁴

382 2090 539 2131 nem.
574 2074 877 2146 Siquidem
911 2074 970 2128 in
1001 2089 1068 2128 eo
1101 2077 1270 2129 Pater
1290 2072 1794 2144 alia,quazcunque
1817 2071 2030 2142 produ-

381 2179 512 2220 cere
541 2164 769 2233 statuit,
798 2162 933 2220 facit
961 2168 1016 2218 et
1039 2169 1233 2218 creat:
1272 2163 1356 2217 uti
1390 2178 1496 2217 nos
1552 2161 1728 2216 etiam
1776 2159 2032 2216 Jacobus

381 2252 684 2325 apostolus
734 2251 827 2307 his
853 2251 1045 2308 verbis
1076 2252 1265 2317 docet,
1306 2252 1489 2306 Valens
1518 2252 1708 2320 genuit
1737 2265 1832 2306 nos
1870 2250 2031 2306 Verbo

377 2342 622 2398 veritatis
652 2343 692 2396 ‘.
727 2347 926 2412 Itaque
957 2341 1058 2396 Dci
1093 2339 1382 2405 voluntas,
1426 2358 1556 2411 quae
1612 2339 1731 2396 sive
1765 2339 1895 2395 illos
1926 2339 2029 2410 qui

379 2435 821 2502 regenerantur,
854 2430 975 2486 sive
1007 2447 1074 2485 ea
1130 2446 1256 2500 quas
1290 2429 1470 2485 semel
1518 2429 1667 2484 ﬁunt
1688 2433 1932 2500 spectat,
1969 2428 2028 2482 in

381 2521 570 2575 Verbo
599 2523 707 2586 est,
739 2518 800 2573 in
833 2535 948 2590 quo
981 2536 1095 2585 res,
1120 2525 1293 2590 prout
1323 2518 1438 2573 sibi
1471 2517 1778 2590 placuerit,
1813 2517 1950 2573 facit
1973 2521 2031 2574 et

380 2613 707 2680 regenerat,
741 2613 806 2663 ut
854 2609 1173 2678 Apostolus
1222 2609 1295 2662 ad
1351 2606 1903 2663 Thessalonicenses
1934 2606 2029 2662 his

377 2698 570 2754 verbis
601 2697 823 2765 scribit,
859 2699 984 2754 Haec
1012 2705 1090 2752 est
1117 2699 1266 2752 enim
1313 2699 1565 2753 voluntas
1597 2697 1694 2753 Dei
1723 2698 1784 2751 in
1815 2697 2029 2752 Christo

375 2789 500 2843 Jesu
528 2803 661 2858 erga
691 2803 778 2842 vos
808 2787 848 2841 ⁵.
881 2787 1057 2842 Porro
1088 2788 1140 2842 si
1173 2787 1242 2854 is,
1292 2787 1349 2840 in
1401 2803 1514 2856 quo
1547 2803 1639 2841 res
1690 2790 1841 2842 Deus
1869 2785 2026 2857 facit,

375 2875 531 2930 idem
563 2879 653 2931 est
682 2875 741 2930 in
775 2892 890 2946 quo
921 2875 1049 2945 ejus
1082 2873 1352 2930 voluntas
1377 2881 1503 2944 est;
1527 2875 1574 2930 si
1600 2876 1736 2930 item
1769 2875 1828 2930 in
1861 2875 2026 2929 Chri-

377 2969 466 3020 sto
491 2962 762 3020 voluntas
793 2963 983 3019 Patris
1015 2969 1141 3019 est:
1169 2963 1265 3034 qui
1302 2964 1423 3018 ﬁeri
1457 2969 1646 3035 potest
1678 2967 1742 3018 ut
1773 2963 1897 3036 ipse
1929 2980 2027 3018 vo-

377 3051 606 3109 luntate
633 3059 689 3108 et
747 3053 904 3110 484
951 3052 1194 3107 arbitrio
1254 3054 1442 3108 factus
1473 3053 1600 3108 sit?
1631 3053 1776 3107 Nam
1821 3052 1870 3107 si
1903 3051 2028 3123 ipse

375 3143 700 3197 secundum
732 3157 834 3197 vos
866 3139 1164 3196 voluntate
1197 3140 1386 3196 factus
1417 3145 1528 3211 est,
1576 3157 1815 3196 necesse
1844 3145 1934 3195 est
1964 3144 2027 3194 ut

372 3230 644 3286 voluntas
689 3247 823 3286 eum
882 3230 1120 3286 creandi
1153 3230 1210 3284 in
1265 3230 1378 3286 alio
1409 3232 1662 3301 quodam
1697 3230 1892 3296 verbo,
1925 3245 2028 3300 per

2142 2065 2195 2122 ἐν
2253 2068 2433 2141 τούτῳ
2489 2071 2588 2144 γὰρ
2649 2071 2677 2124 ὁ
2735 2071 2918 2146 Πατὴρ
2965 2073 3031 2126 τὰ
3087 2069 3254 2142 ἄλλά,
3299 2072 3399 2129 ὅσα
3449 2074 3788 2150 βουλεύεται,

2139 2163 2306 2227 ποιεῖ,
2341 2158 2430 2212 καὶ
2488 2156 2815 2234 δημιουργεῖ
2846 2159 2895 2213 ἐν
2946 2162 3144 2234 τούτῳ·
3179 2163 3358 2225 καθὼς
3410 2165 3500 2218 καὶ
3534 2161 3790 2230 Ἰάκωϐος

2141 2247 2168 2300 6
2227 2245 2532 2308 ἀπόστολος
2594 2245 2857 2302 διδάσκων
2906 2245 3085 2325 ἔλεγε·
3137 2249 3433 2322 Βουληθεὶς
3485 2253 3788 2326 ἀπεκύησεν

2139 2337 2286 2408 ἡμᾶς
2313 2334 2476 2409 Λόγῳ
2506 2335 2784 2406 ἀληθείας.
2837 2337 3039 2392 Οὐκοῦν
3091 2340 3125 2406 ἡ
3175 2339 3300 2414 περὶ
3349 2342 3563 2396 πάντων
3593 2348 3703 2398 τῶν
3731 2365 3792 2400 τε

2138 2423 2592 2497 ἀναγεννωμένων
2827 2425 2916 2479 καὶ
2971 2431 3079 2481 τῶν
3136 2428 3272 2499 ἅπαξ
3328 2432 3633 2504 γινομένων
3691 2437 3788 2488 106

2139 2517 2272 2567 Θεοῦ
2308 2511 2572 2586 βούλησις
2621 2512 2672 2566 ἐν
2717 2517 2796 2585 τῷ
2847 2513 3011 2589 Λόγῳ
3061 2514 3226 2587 ἐστὶν,
3281 2516 3333 2572 ἐν
3362 2519 3408 2590 ᾧ
3455 2518 3545 2573 καὶ
3599 2521 3665 2575 τά
3696 2518 3786 2575 δό-

2138 2601 2295 2670 ξαντα
2325 2606 2471 2655 ποιεῖ
2516 2601 2605 2656 καὶ
2655 2602 2937 2676 ἀναγεννᾷ.
2983 2604 3086 2661 Καὶ
3140 2609 3298 2661 τοῦτο
3328 2607 3429 2683 γάρ
3477 2608 3640 2663 πάλιν
3672 2612 3788 2684 (29)

2139 2689 2166 2742 ὁ
2225 2687 2558 2752 Ἀπόστολος
2607 2691 2898 2763 σημαίνει,
2954 2692 3177 2771 γράφων
3235 2695 3309 2757 εἷς
3368 2697 3784 2769 Θεσσαλονίκην

2137 2780 2314 2834 T0610
2366 2782 2466 2855 γὰρ
2542 2778 2757 2853 θέλημα
2833 2784 2966 2835 Θεοῦ
3043 2781 3094 2836 έν
3172 2785 3390 2858 Χριστῷ
3464 2789 3650 2857 Ἰησοῦ
3708 2788 3785 2851 εἷς

2139 2866 2276 2940 ὑμᾶς
2334 2871 2466 2942 (30).
2499 2869 2561 2925 Ei
2594 2865 2672 2939 δὲ,
2705 2868 2754 2923 ἐν
2789 2870 2834 2942 ᾧ
2877 2877 3045 2939 ποιεῖ,
3079 2871 3128 2926 ἐν
3178 2873 3325 2946 αύτῷ
3355 2874 3444 2929 καὶ
3497 2879 3531 2945 ἡ
3575 2876 3786 2950 βούλη-

2137 2955 2217 3018 σίς
2248 2957 2380 3030 ἐστι,
2411 2957 2582 3012 καὶέν
2634 2961 2849 3034 Χριστῷ
2879 2958 2989 3014 ἐστι
3039 2962 3100 3016 τὸ
3150 2962 3366 3035 Θέλημα
3412 2969 3510 3018 106
3553 2965 3782 3041 Πατρός·

2134 3050 2251 3109 πῶς
2284 3043 2501 3101 δύναται
2533 3047 2621 3102 καὶ
2655 3047 2814 3110 αὐτὸς
2845 3047 2894 3103 ἐν
2934 3047 3194 3124 βουλήσει
3225 3053 3341 3125 (31)
3371 3051 3458 3106 καὶ
3511 3056 3784 3126 θελήματι

2135 3135 2375 3210 γίνεσθαι
2409 3155 2423 3205 ;
2456 3137 2519 3191 Ei
2563 3138 2666 3212 γὰρ
2715 3137 2803 3192 καὶ
2853 3137 3011 3200 αὐτὸς
3061 3138 3112 3194 ἄν
3164 3140 3426 3214 βουλήσει
3475 3149 3592 3206 καθ’
3646 3144 3785 3216 ὑμᾶς

2135 3224 2392 3300 γέγονεν,
2444 3226 2644 3300 ἀνάγκη
2704 3233 2793 3280 καί
2846 3229 2942 3296 τήν
2999 3229 3122 3301 περὶ
3182 3228 3344 3284 αὐτοῦ
3406 3229 3668 3306 βούλησιν
3729 3231 3781 3288 ἐν

375 3319 530 3391 quod
557 3324 614 3374 et
656 3319 784 3390 ipse
837 3318 956 3386 ﬁat,
989 3319 1400 3374 constituatur.
1427 3319 1728 3389 Siquidem
1761 3318 2018 3374 ostendi-

2142 3315 2300 3390 ἑτέρῳ
2329 3314 2432 3370 τινὶ
2483 3314 2636 3389 λόγῳ
2685 3315 3043 3389 συνίστασθαι,
3089 3315 3160 3372 δι’
3208 3319 3270 3372 οὗ
3319 3319 3408 3374 καὶ
3459 3319 3618 3382 αὐτὸς
3647 3320 3786 3396 γίνε-

375 3423 508 3463 mus
533 3407 629 3463 Dei
660 3406 1018 3462 voluntatem
1053 3423 1168 3464 non
1202 3407 1260 3462 in
1284 3406 1459 3462 rebus
1491 3424 1622 3478 quae
1652 3405 1930 3474 ﬁunt,sed
1962 3407 2021 3461 in

371 3495 471 3552 illo
502 3511 630 3552 esse
659 3512 762 3568 per
793 3513 963 3568 quem
989 3503 1044 3552 et
1102 3496 1159 3551 in
1225 3513 1338 3567 quo
1389 3513 1479 3552 res
1538 3498 1706 3552 ﬁunt.
1742 3500 2026 3551 Praeterea

371 3585 852 3657 quandoquidem
885 3585 1036 3641 idem
1071 3591 1162 3642 est
1192 3586 1384 3641 dicere
1447 3585 1741 3642 voluntate
1767 3585 2021 3656 aliquem

373 3675 594 3730 factum
624 3690 774 3744 esse,
809 3679 866 3728 et
893 3675 1077 3730 fuisse
1127 3675 1443 3746 aliquando
1500 3691 1635 3730 cum
1678 3692 1794 3730 non
1825 3678 2020 3744 esset;

372 3763 519 3819 satis
549 3761 668 3819 illis
681 3763 758 3818 sit
778 3763 1072 3818 afﬁrmare
1096 3764 1278 3819 fuisse
1297 3763 1609 3834 aliquando
1636 3779 1766 3818 cum
1802 3780 1917 3818 non
1932 3777 2022 3818 es-

371 3859 478 3920 set,
507 3857 571 3908 ut
602 3853 823 3924 pudore
856 3852 1253 3923 suffusi,quod
1288 3852 1630 3922 hujusrnodi
1653 3851 2019 3908 Verbistem-

370 3959 511 4014 pora
541 3941 972 4014 signiﬁcentur,
1026 3941 1359 4014 intelligant
1388 3959 1470 4009 se,
1525 3958 1659 3996 cum
1692 3941 1871 3996 Filius
1931 3957 2024 3996 vo-

370 4030 596 4086 luntate
627 4032 845 4086 factum
871 4047 1000 4087 esse
1030 4031 1255 4097 dicunt,
1287 4037 1556 4102 tempora
1591 4031 1866 4086 similiter
1888 4038 2023 4087 ante

370 4120 583 4176 Filium
605 4120 901 4177 exstitisse
927 4120 1391 4192 signiﬁcare.His
1417 4119 1731 4190 enim,qum
1756 4120 2023 4192 aliquan-

370 4209 444 4264 do
478 4225 591 4266 non
623 4212 881 4277 fuerunt,
917 4217 982 4266 ut
1009 4210 1288 4266 omnibus
1319 4210 1494 4266 rebus
1525 4209 1758 4280 creatis,
1781 4209 2021 4265 omnino

371 4299 666 4354 antecedit
695 4298 1062 4355 deliberatio.
1099 4299 1158 4354 Si
1188 4316 1322 4356 vero
1352 4299 1610 4355 Verbum
1642 4316 1836 4354 rerum
1861 4315 2021 4354 crea-

370 4390 565 4442 tarum
593 4390 681 4442 est
703 4387 1096 4460 cpifex,atque
1115 4405 1232 4444 una
1261 4404 1397 4445 cum
1433 4389 1596 4444 Patre
1626 4387 1885 4445 exsistit:
1919 4387 2022 4459 qui

371 4474 480 4542 illi,
504 4475 606 4547 qui
640 4476 711 4531 ab
743 4477 1067 4532 mternitate
1096 4477 1315 4545 existit,
1346 4479 1517 4548 quasi
1549 4478 1674 4549 ipse
1703 4483 1876 4533 antea
1905 4493 2021 4534 non

2129 3424 2238 3457 ται⁹
2270 3401 2532 3459 ’δέδεικται
2612 3405 2622 3420 “
2714 3407 2744 3458 ’ὃ
2867 3410 2889 3419 ”
3051 3411 3074 3422 ”
3212 3407 3223 3427 '
3487 3409 3498 3426 ’
3731 3416 3753 3426 ⁷

2304 3437 2325 3458 .-.
2563 3425 2665 3480 γαρ
2738 3454 2747 3474 ,
2797 3426 2894 3460 του
2945 3414 3078 3461 Θεου
3130 3408 3395 3482 βουλησις
3443 3430 3543 3464 ουκ
3580 3409 3632 3465 ἂν
3663 3431 3780 3473 τοις

2130 3492 2440 3567 γινομένοις
2475 3491 2625 3566 οὖσι,
2659 3493 2785 3548 ἀλλ’
2833 3495 2885 3549 ἐν
2932 3501 3010 3568 τῷ
3061 3494 3132 3550 δι’
3179 3495 3242 3551 οὗ
3281 3498 3369 3553 καὶ
3419 3497 3470 3552 έν
3504 3500 3549 3569 ᾧ
3578 3498 3780 3573 γίνεται

2130 3582 2198 3636 τὰ
2218 3585 2504 3656 ποιήματα
2533 3582 2699 3636 πάντα
2730 3586 2862 3656 (32).
2914 3585 3138 3640 Ἔπειτὰ
3183 3584 3370 3656 ἐπειδὴ
3418 3586 3610 3642 ταύτόν
3641 3588 3783 3644 ἐστιν

2133 3671 2300 3726 εἰπεῖν
2334 3670 2615 3747 βουλήσει,
2648 3673 2760 3740 καὶ,
2792 3674 2888 3729 Ἠν
2917 3695 3048 3729 ποτε
3090 3673 3179 3730 ὅτε
3228 3675 3326 3730 οὐκ
3377 3677 3461 3748 ἧν,
3490 3677 3782 3752 ἀρκείσθω-

2131 3781 2224 3815 σαν
2273 3761 2351 3832 τῴ
2401 3761 2600 3834 λέγειν,
2640 3762 2740 3817 Ἦν
2773 3782 2904 3816 ποτε
2954 3761 3043 3818 ὅτε
3091 3762 3188 3817 οὐκ
3232 3764 3320 3832 ἦν’
3367 3763 3482 3832 Ἵνα,
3512 3765 3781 3842 αἰσχυνό-

2136 3871 2287 3923 μενοι
2339 3848 2426 3903 διὰ
2469 3851 2532 3903 τὸ
2582 3848 2642 3904 ἐκ
2685 3850 2881 3904 τούτου
2943 3850 3173 3926 χρόνους
3231 3855 3344 3926 (33)
3401 3854 3780 3927 σημαίνεσθαι,

2129 3943 2351 4015 γνῶσιν,
2385 3937 2466 3992 ὅτι
2497 3938 2587 3992 καὶ
2636 3937 2896 4013 βουλήσει
2949 3940 3197 4014 λέγοντες
3247 3941 3481 4018 χρόνους
3513 3945 3618 4019 πρὸ
3651 3946 3780 4000 Υἱοῦ

2131 4028 2472 4101 σημαίνουσι’
2523 4032 2628 4081 τῶν
2682 4027 2784 4102 γάρ
2835 4049 2970 4082 ποτε
3023 4029 3100 4101 μὴ
3144 4025 3314 4084 ὄντων
3362 4039 3690 4107 προηγεῖται
3719 4036 3782 4090 τὸ

2135 4115 2486 4192 βουλεύεσθαι
2517 4118 2650 4188 (34),
2684 4115 2757 4176 ὡς
2808 4115 2895 4170 ἐπὶ
2938 4117 3150 4171 πάντων
3199 4123 3306 4172 τῶν
3349 4121 3683 4192 κτισμάτων.
3717 4122 3780 4178 Ei

2133 4202 2190 4260 δὲ
2220 4205 2248 4258 6
2279 4200 2457 4279 Λόγος
2485 4207 2592 4258 τῶν
2647 4204 2741 4276 μὲν
2792 4204 3103 4278 κτισμάτων
3148 4206 3257 4260 ἐστὶ
3299 4203 3652 4285 δημιουργὸς,
3687 4211 3780 4265 αὐ-

2128 4295 2220 4356 τὸς
2246 4291 2302 4348 δὶ
2328 4292 2659 4368 συνυπάρχει
2705 4297 2784 4364 τῷ
2829 4294 3026 4368 ΙΙατρί·
3061 4299 3180 4358 πῶς
3213 4293 3432 4351 δύναται
3458 4303 3555 4353 106
3588 4297 3781 4362 ἀϊδίως

2130 4381 2306 4455 ὄντος,
2338 4383 2411 4444 ὡς
2461 4390 2538 4456 μὴ
2571 4377 2749 4451 ὄντος,
2781 4388 3143 4458 προηγεῖσθαι
3183 4385 3247 4439 τὸ
3282 4385 3632 4460 βουλεύεσθαι
3668 4407 3682 4458 ;
3717 4389 3783 4444 Ei

2128 4473 2228 4547 γὰρ
2290 4476 2611 4547 προηγεῖται
2667 4470 2864 4546 βουλὴ,
2921 4476 3039 4534 πῶς
3095 4470 3166 4528 δι’
3221 4473 3388 4529 αὐτοῦ
3437 4476 3504 4530 τὰ
3559 4475 3781 4545 πάντα;

445 4621 490 4656 ⁹⁸
523 4621 545 4675 Ι
578 4623 707 4677 Cor.
739 4637 782 4690 1,
812 4621 868 4677 1.
902 4622 946 4657 π
977 4621 1188 4694 Ephes.
1223 4641 1262 4692 1,
1319 4623 1374 4679 5.
1406 4627 1422 4660 ¹
1482 4627 1625 4680 Gen.
1659 4641 1699 4692 1,
1721 4625 1774 4679 3.
1836 4625 1857 4658 ²
1888 4622 2027 4679 ibid.

2149 4662 2161 4675 .
2195 4620 2217 4655 ³
2245 4619 2388 4675 ibid.
2412 4620 2503 4675 26.
2532 4619 2698 4685 ‘Jac,
2735 4637 2772 4689 1,
2803 4620 2888 4674 18.
2921 4620 2943 4654 ⁵
2973 4621 2992 4675 Ι
3028 4621 3193 4678 Tess.
3225 4637 3282 4690 ν,
3318 4624 3404 4678 17.

443 4767 556 4842 (2/1)
587 4765 682 4842 Sic
714 4765 848 4842 R_eg.
885 4766 910 4820 1
945 4770 1003 4821 et
1034 4765 1273 4842 Seguer.
1305 4769 1387 4842 At
1407 4766 1507 4822 alii
1537 4772 1595 4823 et
1635 4767 1796 4842 editi,
1843 4762 2022 4840 ὥσπερ

2142 4759 2576 4842 ωεξμὲεἷςρμ-ᾆς.
2610 4761 2941 4842 IbidLFelc.
2973 4764 3025 4828 5,
3039 4760 3125 4842 (Ei
3147 4763 3237 4842 οὗν
3271 4763 3324 4818 ἐν
3353 4765 3399 4836 ᾧ
3421 4769 3595 4842 ποιεῖ.

370 4838 462 4892 οὖν
492 4835 544 4891 ἓν
570 4841 709 4898 τοῖς.
749 4839 922 4905 Infra,
955 4845 1089 4911 post
1117 4835 1323 4913 ὥσπερ,
1358 4839 1520 4897 deest
1569 4838 1657 4893 καί
1708 4841 1765 4894 in
1818 4844 1954 4911 Reg.
1991 4835 2017 4894 i

371 4916 428 4964 et
459 4910 701 4964 Sequar.

371 4916 428 4966 et
459 4916 701 4966 Seguer.

441 4927 847 5052 (3556311135,.
894 4983 945 5050 1,
976 4987 1214 5053 Seguer.
1250 4981 1480 5037 Gobler.
1541 4987 1598 5037 et
1642 4980 1794 5036 Felc.
1843 4983 1890 5036 1.
1953 4986 2025 5037 At

371 5054 428 5107 in
465 5052 598 5107 aliis
629 5059 688 5106 et
716 5052 890 5107 editis
921 5052 1082 5108 deest
1112 5054 1235 5122 τήν.

440 5124 585 5192 (25')
617 5123 831 5194 Regius
864 5125 1090 5194 primus
1119 5117 1177 5181 et
1205 5130 1468 5194 Seguer.,
1496 5123 1566 5176 T6
1594 5117 1670 5176 δὲ..

585 5196 815 5270 Gobler.
849 5201 904 5249 et
941 5197 1082 5270 Fele.
1119 5199 1167 5265 1,
1192 5195 1489 5270 ἡγούμεθα.

440 5267 558 5338 (27)
589 5265 681 5320 Sic
712 5266 939 5336 primus
969 5268 1148 5323 codex
1201 5265 1503 5338 Regiuset
1549 5271 1780 5338 Seguer.
1830 5265 1923 5321 hic
1965 5272 2022 5322 et

371 5336 548 5412 paulo
580 5341 732 5412 post,
765 5338 1066 5412 iidemque
1099 5356 1234 5394 mox
1275 5336 1645 5412 γεννώμενονῖ
1679 5338 1788 5392 Alii
1821 5346 2016 5394 autem

372 5405 619 5483 etediti,
659 5405 915 5483 βουλεται
949 5405 1006 5465 et
1034 5413 1232 5483 γεννῶν

439 5481 560 5563 (28)Δ
584 5479 1083 5563 Reg...1,hSeguer.
1117 5481 1348 5563 Goﬂbler.
1381 5484 1440 5563 et
1470 5479 1620 5537 Felc.
1657 5483 1707 5547 1,
1738 5484 1844 5534 τῶν
1864 5479 2017 5555 ἀναγ.

371 5551 480 5627 Alii
506 5559 570 5627 et
599 5553 778 5627 editio
809 5551 1115 5619 Commel.,
1146 5556 1256 5627 τῷν
1286 5572 1344 5607 τε
1373 5551 1527 5627 άναγ.

439 5623 552 5698 (29)
583 5624 798 5698 Ijegius
830 5627 1058 5698 primus
1089 5630 1146 5679 et
1176 5621 1536 5698 Seguerﬂanl,
1599 5621 1694 5677 Καὶ
1727 5626 1886 5677 τοῦτο
1916 5623 2017 5698 γὰρ

374 5692 559 5770 πάλιν.
594 5692 906 5770 Ιηάίὶῇέθι
926 5697 1100 5770 editis
1132 5692 1294 5752 deest
1317 5695 1441 5770 γάρ.

439 5767 555 5839 (30)
585 5770 724 5840 Reg.
755 5769 814 5840 2,
845 5767 919 5829 είς
951 5769 1098 5842 ἡμᾶς
1127 5766 1343 5825 Οωιθτῑ
1365 5766 1502 5824 mss.
1559 5771 1618 5824 et
1645 5766 1825 5824 editio
1855 5767 2020 5823 Com-

2211 4836 2325 4906 (51)
2356 4833 2449 4888 Sic
2479 4837 2617 4905 Ileg.
2652 4835 2704 4898 1,
2739 4833 2975 4906 seguer.
3026 4837 3258 4891 Gobler.
3308 4833 3378 4892 et
3417 4837 3562 4894 Felc.
3615 4839 3666 4892 1.
3717 4845 3777 4894 in

2131 4905 2269 4980 Reg.
2313 4908 2367 4975 2,
2403 4906 2579 4980 Desii,
2615 4909 2672 4959 et
2703 4905 2852 4980 Felc.
2885 4907 2939 4974 5,
2963 4906 3223 4980 habetur
3252 4925 3487 4980 quoque
3513 4907 3776 4980 γίνεσθαι.

2130 4973 2243 5033 Alii
2274 4985 2333 5033 et
2355 4973 2524 5041 editi,
2555 4973 2605 5028 ἐν
2642 4973 2859 5045 θελήσει
2888 4977 2977 5051 καὶ
3007 4973 3338 5051 βουλήματι
3370 4973 3630 5051 γενέσθαι.
3665 4983 3779 5037 lbi-

2131 5052 2263 5105 dem
2296 5053 2436 5120 Reg.
2472 5051 2495 5102 1
2532 5054 2590 5103 et
2619 5054 2875 5119 Seguer.,
2910 5049 2960 5101 ἐν
2998 5046 3280 5122 βουλήσει.
3335 5046 3482 5108 Editi
3534 5053 3776 5125 aliique,

2131 5121 2186 5176 ἐν
2219 5117 2554 5194 βουλήματι.
2614 5189 2625 5194 _
3597 5189 3620 5194 __

2160 5142 2186 5175 ν
2219 5139 2391 5190 poem,
2405 5139 2554 5190 ματι.

2223 5189 2524 5266 32)_Ila’1v1a
2542 5189 2742 5266 _abes_t
2790 5208 2823 5246 ει
2879 5195 3014 5263 Reg.
3066 5195 3090 5247 1
3153 5198 3210 5248 et
3239 5199 3474 5266 Seguer.
3509 5200 3566 5250 et
3594 5189 3779 5249 ἔπειτα

2130 5283 2163 5322 a
2193 5261 2422 5320 Gobler.
2456 5269 2512 5318 et
2542 5261 2670 5316 Felc
2704 5263 2753 5316 1.

2202 5337 2311 5406 (33)
2343 5336 2436 5389 Sic
2466 5333 2959 5406 Regiusprimus,
2991 5333 3329 5406 Seguerian.
3364 5336 3693 5392 Goblerian.
3721 5342 3781 5394 et

2129 5401 2369 5479 Felcﬂt.
2407 5409 2474 5479 At
2505 5401 2743 5479 Félg._5,
2776 5401 2836 5457 ἐκ
2863 5401 2958 5457 106
2996 5401 3252 5479 χρόνους.
3295 5407 3494 5462 Ceteri
3527 5414 3584 5479 et
3612 5410 3777 5476 editi,

2128 5477 2187 5531 ἐκ
2211 5481 2308 5551 τοῦ
2340 5475 2820 5551 χρόνουηΙρἱάςῐῃ
2853 5475 3379 5551 Reg."1_,__8eguer.
3428 5478 3657 5536 Gobler.
3722 5475 3782 5537 et

2129 5493 2187 5531 εκ
2211 5498 2308 5532 του
2340 5493 2568 5551 χρονου.
2601 5493 2820 5531 inluem
2853 5493 2931 5532 ne
2979 5518 2991 5530 .
3040 5493 3090 5545 1,
3141 5493 3379 5551 Beguer.
3428 5493 3657 5536 UODler.
3722 5493 3775 5537 et

2129 5550 2282 5605 Felc.
2318 5551 2370 5623 1_,
2401 5545 2484 5623 ὅτι
2511 5545 2600 5600 καὶ
2639 5493 2992 5623 βουλήσειῗη
3025 5549 3156 5605 aliis
3188 5557 3249 5623 et
3276 5550 3447 5605 editis
3475 5551 3564 5604 καί
3588 5554 3775 5623 deest,

2158 5663 2166 5672 .
2199 5619 2555 5696 (atillegius
2585 5619 2814 5696 primus
2841 5624 3160 5696 _e_t_Segu_er.
3194 5621 3290 5696 ilic
3321 5628 3377 5678 et
3415 5623 3588 5696 paulo
3622 5619 3774 5696 post,

2158 5663 2166 5672 .
2199 5636 2308 5693 (ea)
2344 5636 2555 5690 uegius
2585 5636 2814 5690 primus
2845 5636 2902 5676 et
2927 5636 2994 5676 se
3037 5638 3160 5676 uer.
3194 5636 3290 5677 mc

2132 5689 2500 5767 βουλεύεσθαι.
2551 5692 2664 5748 Alii
2695 5696 2754 5748 et
2791 5691 2953 5763 editi,
2989 5636 3302 5766 ξούλεσθαι.
