4074 6386
313 446 430 511 453

1427 446 1722 509 ORATIO
1765 441 1848 507 IlI
1893 443 2206 508 CONTRA
2250 442 2613 508 ARIANOS.

3609 455 3730 514 454

311 581 539 639 Μᾶλλον
571 582 675 657 γὰρ
727 582 802 644 εἷς
853 585 959 636 τῶν
1013 579 1227 635 πάντων
1272 582 1382 654 (35)
1414 578 1525 634 ἐστὶ
1581 579 1842 656 βουλήσει
1874 578 1964 634 καὶ

2088 580 2308 648 ruisset,
2345 585 2524 652 queat
2553 579 2892 637 deliberatio
2937 583 3401 641 antecedere?Si
3433 586 3588 642 enim
3621 605 3724 644 an-

311 671 474 733 αὐτὸς
504 670 832 740 ἀποκυηθεὶς
887 671 1032 737 Υἱὸς,
1083 667 1261 744 ὥσπερ
1293 669 1382 724 καὶ
1431 671 1596 740 ἡμεῖς
1628 667 1788 742 Λόγῳ
1819 667 1959 737 ἀλη-

311 762 454 824 θείας
507 760 808 836 γεγόναμεν
861 758 991 814 υἱοί·
1025 758 1115 813 καὶ
1169 758 1363 815 λοιπὸν
1409 760 1561 830 ἡμᾶς
1613 759 1818 832 ἀνάγκη
1872 762 1963 826 ζη-

311 850 654 924 τεῖν,ὣσπερ
708 845 944 924 εἴρηται,
976 845 1146 904 ἄλλον
1200 846 1395 922 Λόγον,
1430 845 1497 902 δι’
1546 847 1608 901 οὗ
1661 846 1751 900 καὶ
1807 846 1963 907 οὗτος

311 942 518 1016 γέγονε,
549 939 639 995 καὶ
687 939 968 1010 ἀπεκυήθη
1026 939 1182 1011 μετὰ,
1211 936 1445 1004 πάντων,
1503 937 1576 991 ὧν
1632 934 1897 1006 ἠθέλησεν
1934 936 1961 989 6

317 1029 466 1092 Θεός.

2072 669 2284 724 tecedit
2314 669 2982 742 deliberatio,qu0modo
3004 688 3108 743 per
3137 673 3327 744 ipsum
3362 675 3560 731 omnia
3576 676 3729 732 facta

2074 757 2255 813 sunt?
2286 757 2438 824 Quin
2470 759 2666 830 potius
2709 759 2835 831 ipse
2892 777 3128 832 quoque
3186 761 3366 818 Filius
3424 764 3577 818 inter
3633 781 3725 820 res

2072 862 2276 902 omnes
2309 848 2710 904 numerandus
2742 847 2873 917 erit,
2909 853 3110 921 utpote
3141 849 3438 907 voluntate
3461 869 3730 924 procrea-

2072 939 2188 1005 tus,
2213 937 2712 1007 quemadmodum
2732 943 2789 993 et
2817 955 2923 994 nos
2954 938 3141 994 Verbo
3173 940 3433 996 veritatis
3465 942 3600 997 t‘acti
3633 960 3724 999 su-

2072 1041 2210 1080 mus
2232 1024 2335 1079 filii
2363 1043 2376 1093 ;
2409 1042 2476 1080 ac
2507 1026 2751 1098 proinde
2785 1043 3023 1082 necesse
3082 1031 3193 1094 est,
3244 1029 3327 1083 uti
3359 1029 3584 1084 dictum
3617 1035 3726 1100 est,

315 1120 476 1177 aliud
505 1135 843 1190 quaeramus
878 1117 1154 1186 Verbum,
1216 1132 1320 1189 per
1348 1116 1503 1189 quod
1534 1115 1693 1172 istud
1747 1129 1984 1186 quoque
2025 1112 2101 1168 sit
2141 1114 2386 1182 factum,
2439 1118 2496 1170 et
2546 1132 2676 1171 cum
2721 1116 3018 1184 omnibus,
3054 1133 3180 1188 quis
3212 1117 3367 1174 Deus
3407 1120 3730 1190 producere

312 1209 520 1276 voluit,
552 1213 948 1280 procreatum.

382 1325 472 1379 62.
507 1321 569 1376 Ei
605 1322 698 1396 μὲν
732 1318 823 1376 οὖν
873 1319 1013 1375 ἐστιν
1057 1317 1244 1395 ἕτερος
1297 1324 1394 1374 τοῦ
1425 1323 1560 1374 Θεοῦ
1602 1318 1797 1393 Λόγος,
1831 1312 1968 1372 ἔστω

312 1411 404 1467 καὶ
459 1411 617 1472 οὗτος
662 1410 820 1485 Δόγῳ
867 1410 1123 1486 γεγονώς·
1153 1408 1198 1464 εἷ
1232 1406 1288 1464 δὲ
1340 1409 1416 1482 μή
1459 1407 1598 1462 ἔστιν
1640 1405 1810 1468 ἄλλος
1845 1407 1970 1478 (οὐκ

315 1500 426 1557 ἔστι
456 1502 603 1576 γάρ),
636 1497 784 1554 ἀλλὰ
813 1498 982 1553 πάντα
1009 1496 1079 1553 δι’
1128 1499 1296 1553 αὐτοῦ
1341 1497 1584 1573 γέγονεν,
1631 1497 1765 1572 ἅπερ
1798 1496 1825 1549 6
1857 1501 1966 1549 Πα-

313 1592 420 1665 τήρ
454 1583 787 1666 βεϐούληται
842 1590 976 1661 (36)·
1027 1591 1145 1650 πῶς
1195 1587 1256 1642 ού
1289 1584 1559 1642 δείκνυται
1606 1585 1813 1640 τούτων
1865 1603 1965 1638 πο-

316 1676 625 1756 λυκέφαλος
672 1676 977 1753 πανουργία
1009 1696 1022 1746 ;
1054 1679 1179 1734 ’Ὁτι
1236 1676 1716 1751 καταισχυνθέντες
1762 1672 1849 1728 ἐπὶ
1887 1677 1968 1744 τῷ

315 1767 496 1842 λέγειν
523 1765 741 1839 ποίημα
782 1770 873 1820 καὶ
920 1764 1142 1838 κτίσμα,
1191 1765 1302 1833 καὶ,
1336 1764 1455 1822 Οὐκ
1481 1763 1550 1834 ἦν
1577 1764 1703 1838 πρὶν
1735 1763 1966 1838 γεννηθῇ

318 1859 348 1912 6
377 1859 476 1910 τοῦ
507 1858 640 1910 Θεοῦ
688 1853 884 1930 Λόγος,
919 1852 1106 1914 ἄλλως
1153 1852 1318 1909 πάλιν
1361 1852 1561 1926 κτίσμα
1600 1850 1846 1926 λέγουσιν
1878 1852 1972 1905 αύ-

316 1946 412 2000 τὸν
459 1945 610 2011 εἶναι,
665 1941 928 2017 βούλήσιν
979 1937 1427 2017 προϐαλλόμενοι
1481 1941 1571 1996 καὶ
1604 1939 1870 2016 λέγοντες·
1906 1939 1972 1996 Εἴ

323 2034 403 2106 μὴ
434 2031 692 2109 βουλήσει
737 2032 978 2107 γέγονεν,
1027 2029 1220 2084 οὐκοῦν
1267 2031 1473 2106 ἀνάγκῃ
1523 2029 1611 2085 καὶ
1671 2032 1746 2102 μή
1794 2027 1967 2092 θὲλων

319 2121 480 2198 ἔσχεν
514 2123 542 2175 6
574 2122 704 2183 Θεὸς
755 2119 901 2175 Υἱόν.
936 2121 1035 2174 Καὶ
1083 2119 1165 2181 τίς
1196 2120 1224 2172 6
1252 2121 1350 2189 τὴν
1402 2118 1638 2195 ἀνάγκην
1687 2113 1966 2204 ἐπιϐαλὼν

316 2213 492 2284 αὐτῷ,
523 2210 911 2283 πονηρότατοι,
961 2209 1052 2264 καὶ
1096 2211 1207 2281 (37)
1255 2208 1429 2263 πάντα
1471 2209 1609 2283 πρὸς
1637 2213 1736 2276 τήν
1770 2206 1971 2282 α’ίρεσιν

317 2302 521 2355 ἑαυτῶν
551 2297 803 2360 ⁴ἕλκοντες
839 2317 852 2366 ;
883 2299 953 2352 Τὸ
990 2298 1082 2371 μὲν
1115 2299 1217 2373 γὰρ
1248 2296 1616 2369 ἀντικείμενον
1649 2300 1716 2370 τῇ
1760 2295 1969 2371 βουλή-

317 2412 398 2444 σει
461 2387 750 2464 ὲωράκασν
799 2388 862 2441 τὸ
915 2384 971 2440 δὲ
1036 2391 1219 2459 μεῖζον
1273 2386 1363 2440 καὶ
1426 2385 1807 2462 ὑπερκείμενον
1871 2386 1973 2439 οὐκ

317 2478 668 2552 ἐθεωρησαν.
715 2479 918 2551 ’Ὠσπερ
967 2476 1068 2550 γὰρ
1114 2475 1402 2531 ἀντίκειται
1459 2479 1527 2548 τῇ
1592 2474 1851 2550 βουλήσει
1907 2476 1969 2528 τὸ

322 2566 472 2642 παρὰ
500 2568 754 2642 γνώμην,
805 2564 979 2626 οὕτως
1029 2563 1334 2640 ὑπέρκειται
1381 2564 1471 2618 καὶ
1523 2569 1843 2640 προηγεῖται
1873 2567 1970 2618 τοῦ

325 2653 679 2732 βουλεύεσθαι
711 2655 823 2727 (38)
853 2654 916 2708 16
967 2654 1105 2708 κατὰ
1150 2653 1328 2731 φύσιν.
1376 2652 1562 2710 Οῗκίαν
1617 2653 1710 2725 μὲν
1762 2651 1854 2707 οὖν
1886 2672 1970 2714 τις

323 2742 725 2821 βουλευόμενος
775 2741 1175 2811 κατασκευάζει,
1225 2742 1340 2796 υἱὸν
1391 2739 1448 2795 δὲ
1492 2745 1651 2815 γεννᾷ
1701 2741 1836 2795 κατᾶ
1867 2739 1970 2816 φύ-

316 2852 423 2889 σιν·
472 2833 565 2888 καὶ
611 2834 675 2888 τὸ
727 2834 821 2905 μὲν
875 2830 1136 2908 βουλήσει
1189 2825 1712 2905 κατασκευαζόμενον
1765 2827 1968 2905 ἤρξατο

314 2923 575 2999 γίνεσθαι,
619 2921 707 2977 καὶ
757 2917 948 2992 ἔξωθέν
1007 2919 1117 2975 ἐστι
1163 2925 1261 2976 τοῦ
1307 2924 1618 2981 ποιοῦντοςο
1666 2920 1694 2973 ὁ
1744 2917 1802 2973 δὲ
1849 2919 1967 2980 υἱὸς

319 3011 462 3068 ἴδιόν
512 3011 622 3066 ἔστι
673 3017 772 3080 τῆς
828 3009 1011 3072 οὐσίας
1057 3013 1153 3064 τοῦ
1206 3009 1410 3084 πατρὸς
1453 3009 1716 3085 γέννημα,
1749 3008 1838 3062 καὶ
1871 3007 1968 3062 οὐκ

316 3097 462 3156 ἔστιν
513 3096 703 3173 ἔξωθεν
750 3099 913 3156 αὐτοῦ
959 3101 1112 3172 (39)·
1166 3096 1250 3154 διὸ
1302 3095 1427 3153 οὐδὲ
1480 3096 1793 3173 βουλεύεται
1841 3096 1965 3172 περὶ

315 3189 506 3256 αὐτοῦ,
552 3186 642 3242 *ίνα
698 3190 774 3261 μὴ
827 3189 916 3242 καὶ
968 3187 1093 3263 περὶ
1147 3188 1339 3242 ἑαυτοῦ
1398 3183 1534 3258 δοκῇ
1589 3184 1964 3262 βουλεύεσθαι.

315 3282 472 3352 ’Ὀσῳ
502 3276 594 3333 οὖν
623 3281 722 3332 τοῦ
770 3278 1064 3351 κτίσματος
1119 3277 1146 3330 ὁ
1177 3276 1293 3338 υἱὸς
1341 3276 1670 3352 ὑπέρκειται,
1720 3275 1966 3348 τοσούτῳ

316 3367 536 3437 καὶτῆς
574 3364 892 3444 βουλήσεως
937 3367 998 3420 τὸ
1047 3365 1182 3420 κατὰ
1234 3365 1410 3443 φύσινο
1443 3364 1532 3420 καὶ
1586 3359 1690 3419 ἔδει
1742 3363 1959 3432 αὐτοὺς,

2147 1319 2236 1373 62.
2275 1319 2333 1374 Si
2386 1319 2566 1390 igitur
2608 1324 2696 1375 est
2759 1320 2919 1375 aliud
2976 1321 3076 1376 Dei
3128 1321 3422 1378 Verbum:
3474 1325 3728 1382 concedo

2077 1406 2333 1463 Verbum
2369 1407 2556 1464 Verbo
2587 1425 2718 1464 esse
2736 1409 3057 1466 factum.At
3079 1410 3129 1465 si
3160 1410 3319 1466 aliud
3355 1410 3584 1468 nullum
3617 1419 3725 1483 est,

2079 1496 2160 1551 uti
2185 1513 2248 1552 se
2275 1512 2366 1552 res
2399 1497 2595 1564 habet,
2628 1499 2728 1553 sed
2762 1499 2962 1554 omnia
2993 1515 3095 1570 per
3141 1499 3336 1570 ipsum
3384 1501 3534 1556 facta
3565 1508 3728 1570 sunt,

2079 1601 2209 1656 quae
2243 1585 2406 1641 Pater
2435 1586 2558 1641 ﬁeri
2576 1585 2794 1641 voluit:
2829 1604 3020 1642 annon
3057 1587 3192 1642 inde
3222 1587 3407 1659 liquet
3435 1588 3728 1646 multifor-

2080 1690 2234 1729 mem
2264 1690 2392 1730 esse
2417 1674 2652 1730 illorum
2684 1675 3000 1731 versutiam
3025 1675 3054 1729 ?
3082 1676 3349 1749 Namque
3395 1677 3561 1733 veriti
3597 1679 3730 1736 Ver-

2077 1766 2219 1820 bum
2257 1765 2356 1821 Dei
2379 1765 2599 1822 factum
2632 1771 2689 1822 et
2735 1771 2992 1822 creatum
3027 1766 3238 1833 dicere,
3270 1767 3354 1825 vel
3403 1787 3515 1825 non
3547 1771 3732 1827 fuisse

2079 1854 2424 1926 priusquam
2457 1856 2721 1926 genitum
2753 1861 2861 1922 est,
2880 1856 3073 1928 ipsum
3090 1855 3440 1914 aliaratione
3465 1865 3727 1916 creatum

2079 1959 2207 1999 esse
2240 1948 2531 1999 conantur
2569 1945 2897 2012 ostendere,
2957 1961 3088 2000 cum
3135 1944 3455 2002 voluntatis
3513 1964 3727 2004 nomen

2079 2033 2470 2102 praetendunt,
2503 2037 2557 2088 et
2590 2033 2712 2089 haec
2742 2033 3011 2089 dictitant
3041 2051 3054 2090 :
3089 2033 3147 2089 Si
3180 2034 3475 2091 voluntate
3498 2053 3613 2092 non
3642 2037 3728 2092 τοι

2081 2124 2237 2176 ctum
2272 2124 2380 2188 est,
2412 2137 2548 2194 ergo
2576 2123 2925 2178 necessitate
2955 2127 3012 2176 et
3070 2122 3272 2178 nolens
3325 2124 3474 2180 Deus
3513 2124 3723 2180 Filium

2080 2209 2304 2264 habuit.
2337 2210 2548 2281 Ecquis
2579 2211 2760 2282 igitur
2803 2210 3210 2266 necessitatem
3260 2211 3344 2266 illi
3394 2217 3585 2284 potest
3615 2213 3730 2269 im-

2081 2314 2314 2368 ponere,
2348 2315 2380 2354 o
2414 2299 2876 2364 sceleratissimi,
2929 2300 3026 2370 qui
3089 2300 3287 2356 omnia
3343 2301 3411 2356 ad
3471 2307 3727 2366 vestram

2081 2388 2346 2443 hwresim
2379 2388 2676 2444 attrahitis
2695 2389 2723 2443 ?
2751 2388 2984 2444 Scilicet
3013 2390 3284 2444 viderunt
3307 2391 3543 2462 quidem
3571 2393 3726 2463 quod

2079 2476 2365 2531 voluntati
2390 2477 2740 2548 opponitur:
2785 2483 2843 2532 at
2891 2477 3044 2548 quod
3103 2480 3297 2550 majus
3348 2484 3406 2535 et
3457 2481 3729 2552 superius

2081 2572 2189 2634 est,
2222 2565 2465 2621 minime
2492 2565 2922 2621 intellexerunt.
2957 2570 3031 2620 Ut
3051 2567 3206 2621 enim
3239 2567 3521 2623 voluntati
3543 2585 3726 2641 oppo-

2082 2653 2241 2708 nitur
2269 2654 2325 2708 id
2359 2654 2514 2725 quod
2547 2659 2637 2710 est
2654 2661 2861 2726 praeter
2882 2661 3137 2710 mentem
3173 2673 3185 2712 :
3220 2657 3304 2712 sic
3325 2656 3727 2713 deliberationi

2080 2742 2376 2799 antecellit
2403 2747 2460 2799 et
2492 2744 2656 2815 praeit
2677 2744 2733 2799 id
2766 2746 2918 2815 quod
2951 2761 3018 2799 ex
3051 2749 3258 2800 natura
3282 2747 3601 2818 est.Itaque
3633 2749 3730 2804 do-

2082 2847 2244 2886 mum
2276 2831 2529 2903 quisque
2561 2830 2890 2888 deliberans
2911 2833 3178 2902 aediﬁcat,
3203 2835 3304 2890 sed
3337 2833 3525 2890 filium
3548 2852 3727 2892 exna-

2077 2925 2210 2976 tura
2239 2921 2459 2993 gignit:
2493 2921 2649 2976 unde
2679 2921 2735 2975 id
2764 2921 2999 2994 quidem
3034 2924 3190 2993 quod
3221 2923 3521 2980 voluntate
3551 2924 3732 2980 adifi-

2078 3014 2265 3075 catur,
2290 3009 2417 3064 fieri
2448 3008 2674 3082 incipit,
2706 3013 2882 3081 atque
2911 3010 3150 3066 aliunde
3170 3027 3347 3084 quam
3371 3013 3443 3066 ab
3472 3013 3725 3069 archite-

2077 3104 2166 3154 cto
2198 3105 2325 3167 est;
2360 3103 2418 3154 at
2448 3097 2605 3154 filius
2635 3099 2906 3171 proprius
2936 3103 3026 3155 est
3083 3105 3303 3156 naturae
3336 3101 3518 3173 patris
3548 3101 3725 3169 fetus,

2079 3204 2266 3260 neque
2298 3186 2536 3244 aliunde
2574 3205 2752 3260 quam
2811 3189 2881 3244 ab
2914 3189 3042 3260 ipso
3072 3194 3200 3245 est:
3235 3194 3594 3265 quapropter
3622 3209 3727 3249 nec

2075 3279 2147 3333 de
2177 3275 2276 3332 illo
2310 3276 2612 3345 deliberat,
2635 3293 2709 3332 ne
2737 3277 2914 3333 etiam
2937 3277 3009 3334 de
3039 3293 3102 3334 se
3136 3279 3260 3350 ipse
3297 3279 3619 3337 deliberare
3648 3281 3732 3336 vi-

2077 3367 2302 3422 deatur.
2349 3369 2577 3434 Quanto
2657 3366 2838 3438 igitur
2884 3365 3041 3423 {ilius
3091 3383 3152 3423 re
3211 3373 3404 3424 creata
3461 3370 3730 3442 superior

318 3436 638 3521 ἀκούοντάς,
674 3436 745 3510 ού
779 3453 1039 3531 βουλήσει
1086 3436 1390 3530 λογίζεσθαι
1433 3454 1495 3508 τὸ
1524 3453 1659 3509 κατὰ
1689 3453 1866 3532 φύσιν.
1896 3454 1964 3511 Οἱ

2088 3459 2189 3524 est,
2221 3459 2386 3511 tanto
2416 3457 2590 3511 etiam
2636 3436 2718 3521 id,
2751 3457 2905 3527 quod
2967 3471 3036 3511 ex
3078 3462 3290 3512 natura
3342 3462 3451 3527 est,
3512 3436 3591 3513 rei
3647 3457 3732 3514 illi

318 3544 378 3601 δὶ
426 3545 815 3618 ἐπιλαθόμενοι
867 3546 1001 3617 (40),
1034 3541 1116 3598 δτι
1160 3543 1283 3618 περὶ
1330 3543 1459 3598 Υἱοῦ
1505 3547 1638 3598 Θεοῦ
1690 3542 1968 3613 ἀκούουσι,

316 3635 604 3708 τολμῶσιν
677 3632 1019 3710 ἀνθρωπίνας
1080 3631 1369 3694 ἀντιθέσεις
1427 3630 1602 3706 λέγειν
1669 3631 1756 3686 ἐπὶ
1813 3635 1968 3700 Θεοῦ,

319 3723 559 3799 ἂνάγκην
617 3725 734 3796 (41)
791 3723 881 3776 καὶ
934 3721 1080 3797 παρᾶ
1134 3722 1388 3796 γνώμην,
1416 3719 1508 3774 (ίνα
1553 3719 1616 3775 τὸ
1665 3721 1797 3774 εἶναι
1848 3720 1970 3774 Υἱὸν

316 3813 582 3884 ἀληθινὸν
615 3811 957 3888 ἀρνήσωνται
1004 3815 1102 3864 τοῦ
1146 3815 1301 3865 Θεοῦ·
1335 3808 1449 3864 ἐπεὶ
1500 3808 1800 3864 εἰπάτωσαν
1837 3812 1972 3882 ἡμῖν

321 3900 496 3956 αὑτοίο
546 3901 624 3957 T6
666 3899 866 3975 ἀγαθὸν
917 3899 1050 3954 εἶναι
1103 3899 1193 3954 καὶ
1241 3897 1562 3972 οἲκτίρμονα
1602 3899 1693 3954 τὸν
1741 3899 1868 3954 Θεὸν
1915 3899 1973 3954 ἐκ

321 3989 644 4067 βουλήσεως
688 3988 972 4064 πρόσεστιν
1023 3987 1189 4060 αὐτῷ,
1223 3986 1258 4056 ἢ
1301 3987 1363 4042 ού
1407 3985 1668 4063 βουλήσει
1717 3991 1826 4061 (42)
1862 4007 1875 4058 ;
1909 3987 1971 4045 Ei

322 4080 419 4152 μὲν
454 4077 545 4134 οὖν
581 4077 640 4133 ἐκ
691 4074 1033 4154 βουλήσεως,
1087 4081 1310 4132 σκοπεῖν
1349 4073 1450 4148 δεῖ,
1505 4075 1587 4130 ὅτι
1641 4073 1841 4148 ⁹ἤρξατο
1877 4077 1970 4150 μὲν

321 4169 464 4223 εἶναι
497 4167 723 4242 ἀγαθὸς,
753 4166 844 4221 καὶ
890 4167 952 4220 τὸ
1002 4167 1077 4238 μή
1129 4165 1260 4219 εἶναι
1299 4162 1356 4220 δὲ
1401 4163 1560 4220 αὐτὸν
1612 4166 1808 4240 ἀγαθὸν
1860 4169 1972 4240 (43)

319 4254 682 4332 ἐνδεχόμενόν
717 4254 850 4312 ἐστι.
897 4256 968 4310 Τὸ
1010 4255 1113 4331 γὰρ
1167 4253 1515 4330 βουλεύεσθαι
1562 4255 1652 4309 καὶ
1701 4260 1976 4330 προαιρεῖ-

317 4358 442 4411 σθαι
477 4345 554 4408 εἷς
587 4346 811 4420 ἑκάτερα
838 4345 937 4413 τήν
990 4343 1164 4420 ῥοπὴν
1197 4339 1335 4419 ἔχει,
1366 4343 1455 4398 καὶ
1489 4341 1722 4418 λογικῆς
1767 4343 1976 4422 φύσεώς

320 4435 434 4490 ἐστὶ
465 4438 630 4490 τοῦτο
658 4435 828 4496 πάθος
860 4435 994 4508 (44).
1026 4431 1090 4487 Εἰ
1141 4429 1199 4487 δὲ
1238 4430 1326 4487 διὰ
1352 4432 1415 4486 τὸ
1446 4431 1504 4487 ἐκ
1532 4433 1739 4488 τούτων
1773 4430 1972 4488 ἄτοπον

320 4524 423 4580 οὐκ
453 4523 514 4581 ἐκ
547 4521 872 4599 βουλήσεως
922 4521 1120 4597 ἀγαθὸς
1163 4521 1252 4577 καὶ
1285 4521 1582 4596 οἷ’κτίρμων
1627 4521 1790 4592 ἐστὶν,
1823 4523 1976 4577 ἀκου-

394 4784 509 4857 (35)
537 4784 700 4857 ιῖεε.Δ
732 4783 759 4838 1
812 4785 1078 4857 segnem,
1101 4783 1213 4857 τῷν
1260 4777 1509 4857 πάντων,
1543 4785 1601 4838 et
1652 4799 1806 4855 mox,
1852 4779 1983 4857 ᾇπο-
2012 4789 2060 4854 D

318 4851 547 4925 κυηθεὶς
609 4851 753 4915 fide.
785 4851 916 4908 Alii
945 4858 1002 4910 et
1049 4853 1214 4920 editi,
1244 4855 1355 4906 τῶν
1406 4851 1674 4920 ἁπάντων,
1709 4851 1801 4922 et,
1841 4853 1976 4910 ἀπο-

320 4925 547 4996 κυηθεὶς
581 4926 609 4978 6
640 4925 787 4986 Υἱός.

543 4996 776 5072 Gobler.
810 4995 1047 5072 etFelc.
1084 4997 1135 5066 1,
1172 4991 1464 5072 βούληται.

420 5001 513 5072 36)
543 5001 776 5054 Gobler.
810 5001 868 5052 et
897 5001 1047 5051 Felc.
1084 5001 1135 5066 1,
1172 5001 1464 5069 βούληται.

394 5001 511 5142 (37)
544 5069 762 5140 Regius
791 5068 1041 5142 primus,
1072 5072 1304 5142 Segper.
1337 5067 1567 5142 Gobler.
1619 5073 1680 5123 et
1724 5069 1871 5142 Felc.
1922 5069 1976 5142 _1,

319 5137 413 5223 καί
435 5137 1322 5223 emittuntznPaulo‘post,‘Reg.
1357 5140 1382 5192 1
1418 5143 1474 5223 et
1502 5137 1979 5210 Seguerian.,oﬁx

322 5211 657 5284 ἐθεώρησαν.
689 5211 800 5266 Alii
833 5216 889 5284 et
918 5209 1080 5278 editi,
1106 5209 1616 5284 061502wp'émmv.

397 5234 457 5268 ἰω
498 5233 657 5282 ησαν,
689 5233 800 5266 All]
833 5233 889 5266 BL
918 5233 1080 5278 ϐαιιι,
1106 5233 1168 5264 ου
1198 5233 1616 5284 τευεωρηκασιν.

397 5233 515 5358 (38)
549 5283 1123 5358 Regiusprimus‘et
1161 5282 1596 5358 Seguerianus,
1630 5277 1972 5355 βουλεύεσθε.

320 5350 528 5429 (Ζερεειίί
557 5361 615 5429 et
631 5350 813 5429 'editi,’
829 5350 1139 5429 βούλεσβαι.
1159 5350 1382 5429 ibidem
1397 5353 1557 5429 _Reg.
1581 5355 1602 5407 1
1630 5350 1696 5408 ὀι
1716 5357 1976 5429 segnem,

321 5426 513 5500 Oi’xiav
552 5427 646 5500 μεν
680 5421 890 5500 οἶξντίς¹
937 5421 1352 5500 βουλευόμενος.
1374 5421 1620 5500 _G_obler.
1643 5429 1727 5500 ‘et
1761 5425 1912 5500 Felc.
1947 5427 1972 5480 1

321 5499 519 5557 Οἷκίαν
553 5492 664 5572 ’μεν
704 5492 1059 5572 Δβουλὸιιὲῑνος
1109 5492 1288 5558 οὗτος.
1323 5495 1436 5552 Alii
1487 5501 1546 5552 et
1591 5496 1755 5565 editi,
1789 5495 1974 5553 Οἷκίαν

318 5568 578 5646 γοῦνᾲτιξ
599 5568 964 5646 βουλόμενος.

396 5644 508 5715 (39)
539 5635 860 5699 Gobler.'et
913 5639 1063 5697 Felc.
1126 5641 1178 5706 1,
1210 5635 1399 5715 ἔξωθεν
1431 5636 1573 5715 ’περξ
1621 5635 1806 5715 αὐτοῦ.
1851 5640 1981 5715 Mox

321 5707 509 5788 iidem
538 5720 598 5771 et
628 5715 768 5788 Reg.
803 5715 932 5788 lac
961 5707 1345 5788 Seguer.,_'iva_
1376 5710 1452 5782 μὴ
1487 5707 1576 5788 καὶ
1607 5707 1733 5788 περς
1763 5710 1976 5788 ἑαυτοῦ.

322 5786 441 5845 Alii
471 5793 670 5846 autem
702 5777 760 5846 Et
787 5784 964 5844 editio
994 5777 1408 5854 αὸωωδιητίνά
1436 5777 1577 5855 μηδὲ
1604 5777 1732 5858 περὶ
1762 5781 1979 5840 δαυτοῦ.

2082 3549 2320 3618 praestat
2347 3561 2475 3615 quae
2498 3550 2588 3600 est
2615 3561 2683 3600 ex
2740 3544 3060 3602 voluntate.
3119 3549 3281 3602 Certe
3330 3563 3562 3620 aequum
3610 3553 3737 3604 erat

2081 3650 2181 3690 eos
2212 3633 2306 3690 his
2337 3633 2556 3689 auditis
2587 3635 2644 3689 id
2677 3635 2831 3706 quod
2857 3651 2926 3690 ex
2957 3639 3166 3690 natura
3189 3641 3277 3691 est
3297 3636 3582 3692 voluntati
3616 3654 3734 3693 non

2083 3722 2487 3778 ascribere.llli
2524 3739 2654 3777 vero
2685 3723 2850 3778 obliti
2884 3739 3215 3779 sermonem
3247 3724 3341 3780 hic
3373 3742 3501 3782 esse
3534 3727 3605 3781 de
3638 3725 3729 3782 Fi-

2082 3811 2158 3867 lio
2189 3811 2306 3881 Dei,
2337 3811 2627 3867 humanas
2658 3812 3082 3884 oppositiones,
3134 3814 3544 3870 necessitatem
3574 3814 3730 3869 scili-

2084 3904 2174 3956 cet
2203 3906 2259 3956 et
2290 3901 2443 3971 quod
2473 3911 2680 3972 printer
2701 3906 2955 3957 mentem
2976 3905 3084 3972 est,
3117 3901 3174 3957 in
3208 3903 3390 3958 Deum
3423 3903 3735 3972 inducunt,

2086 3993 2151 4045 ut
2199 3989 2470 4045 videlicet
2526 4006 2722 4046 verum
2784 3991 2880 4046 Dei
2940 3991 3146 4046 Filium
3198 4007 3329 4046 esse
3385 3991 3732 4047 inﬁtiantur.

2085 4078 2442 4152 Ceteroquin
2503 4079 2672 4134 nobis
2729 4078 2842 4151 ipsi
2892 4080 3339 4152 respondeant:
3401 4081 3580 4136 Deum
3640 4080 3737 4135 bo-

2085 4183 2226 4222 num
2261 4171 2319 4222 et
2345 4167 2785 4222 misericordem
2826 4183 2978 4233 esse,
3010 4185 3152 4223 num
3193 4168 3305 4239 ipsi
3339 4183 3406 4223 ex
3439 4166 3737 4224 voluntate

2086 4261 2176 4313 est
2207 4255 2294 4312 vel
2327 4273 2442 4311 non
2475 4271 2542 4310 ex
2569 4254 2912 4311 voluntate?
2942 4257 2999 4311 Si
3019 4273 3086 4311 ex
3107 4255 3438 4326 voluntate;
3471 4272 3608 4329 ergo
3629 4272 3740 4312 caa-

2087 4345 2174 4417 pit
2202 4345 2392 4401 bonus
2413 4361 2564 4413 esse,
2594 4344 2836 4416 fierique
2868 4349 3057 4416 potest
3113 4350 3178 4400 ut
3234 4345 3426 4401 bonus
3483 4362 3600 4402 non
3634 4344 3734 4404 sit.

2088 4434 2392 4506 Siquidem
2413 4433 2775 4489 deliberandi
2797 4436 2854 4489 et
2873 4433 3125 4506 eligendi
3147 4433 3394 4492 facultas
3424 4439 3739 4506 utramque

2089 4523 2150 4579 in
2180 4527 2406 4594 partem
2440 4522 2841 4596 propendendi
2870 4523 2988 4578 vim
3010 4522 3419 4597 habet,estque
3436 4523 3738 4582 rationalis

2165 4783 2273 4854 (40)
2303 4782 2395 4854 Sic
2450 4780 2584 4854 Reg.
2648 4790 2665 4838 ι
2704 4786 2760 4838 et
2815 4787 3046 4854 Seguer.
3079 4786 3153 4839 At
3203 4777 3390 4839 alii'et
3419 4782 3584 4849 editi,
3620 4779 3740 4836 ιπι-

2165 4799 2273 4854 (ιιυ)
2303 4799 2395 4838 διο
2450 4799 2530 4838 ne
2572 4824 2584 4836 .
2648 4799 2665 4838 1
2704 4799 2760 4838 et
2815 4799 3046 4854 aeguer.
3079 4799 3153 4839 At
3203 4799 3301 4838 am
3333 4799 3390 4839 et
3419 4799 3584 4849 eam,
3620 4799 3740 4836 επι-

2092 4852 2505 4930 λανθανόμενοι.
2533 4799 2682 4909 ibid.
2705 4853 3032 4930 inssnmpi
3063 4855 3190 4907 Υἱοῦ
3221 4854 3452 4911 Θεοῦ.111
3484 4855 3740 4911 editione

2090 4927 2370 4982 Commel.
2404 4927 2566 4981 deest
2598 4929 2754 4982 Θεοῦ.

2086 5067 2118 5122 ἀ
2159 4998 2274 5086 (At)
2304 4998 2397 5054 Sic
2429 4999 2568 5070 Reg.
2604 4999 2630 5052 1
2668 5004 2727 5054 et
2750 4997 3158 5069 Seguerianus.
3191 4998 3264 5052 At
3320 4995 3420 5052 alii
3469 5000 3527 5053 et
3572 4995 3736 5069 editi,

2123 5087 2315 5122 ναγκη.

2123 5091 2149 5124 ν
2155 5087 2291 5124 αγκη
2303 5110 2315 5122 .

2161 5089 2386 5212 (ἶέῗέἱο
2419 5139 3192 5212 uterque_Regius,_Seguer.
3226 5137 3449 5212 AAnglic.
3501 5138 3736 5198 Gobler.

2092 5177 2399 5283 ιη’θῚΞῖΤζι
2423 5177 3537 5283 Eii;2iii§§iféiiiﬁﬁé’éétiiéiiiea:

2159 5283 2273 5354 (43)
2306 5279 2479 5334 Αὐτόν
2542 5281 2709 5354 abest
2758 5297 2790 5354 a
2835 5281 3053 5354 Regni
3099 5286 3188 5354 et_
3218 5279 3559 5354 Seguerian.
3610 5287 3738 5339 Mox

2088 5349 2263 5428 iidem
2316 5361 2374 5428 et
2431 5354 2571 5428 Reg.
2604 5353 2659 5428 ἓ,
2717 5350 2786 5428 Τὸ
2838 5349 2948 5427 γὰρ
2995 5349 3365 5428 βουλεύεσθαι.
3425 5355 3624 5410 Οωῐθιιί
3681 5359 3740 5411 et

2087 5425 2264 5497 editi,
2282 5424 2351 5477 Τὸ
2384 5420 2838 5497 γάρνβούλεσθαι.

2159 5495 2274 5567 (44)
2304 5493 2407 5550 εἰσ
2426 5493 2652 5567 primus
2683 5497 2864 5567 codex
2896 5495 3111 5564 Regius
3154 5501 3212 5552 et
3253 5495 3592 5566 Seguerian.
3624 5493 3738 5550 Alii

2089 5564 2281 5622 autem
2313 5572 2368 5621 et
2398 5564 2658 5638 editi,_16
2689 5564 2859 5638 πάθος
2905 5569 3085 5620 τοῦτο.
3119 5567 3300 5624 Paulo
3331 5564 3484 5638 'post
3517 5567 3735 5638 _Beg._1

2089 5643 2146 5694 et
2175 5638 2538 5708 Seguerian.,
2569 5635 2931 5694 ἀκουέτωσαν.
2965 5639 3162 5694 Caeteri
3213 5644 3272 5694 et
3302 5635 3470 5709 editi,
3503 5635 3736 5692 ἀκουσά-

2087 5729 2262 5764 τωσαν
2275 5753 2286 5766 .
