4076 6412
305 516 420 576 457
1426 517 1717 578 ORATIO
1760 516 1843 576 ΠΙ
1887 514 2197 577 CONTRA
2233 518 2601 580 ARIANOS.
3594 523 3714 584 458

306 660 492 717 Λησιν,
523 644 688 708 αὐτὸς
718 640 790 699 ὤν
831 645 1006 719 βουλὴ
1043 649 1185 714 ζῶσα
1214 650 1310 700 τοῦ
1339 647 1573 720 Πατρὸς,
1609 646 1698 701 καὶ
1863 643 1930 700 δύη

2070 649 2148 703 sit
2170 650 2469 721 proprium
2495 650 2680 706 Patris
2699 649 2980 718 Verbum,
3007 667 3118 707 non
3142 651 3283 708 sinit
3305 652 3562 726 aliquam
3582 659 3716 712 ante

301 756 483 809 ναμις,
515 736 603 791 καὶ
639 732 975 811 δημιουργὸς
1017 739 1124 790 τῶν
1177 732 1483 790 δοκούντων
1513 739 1593 807 τῷ
1634 734 1822 810 Πατρί.
1857 741 1930 790 Κα

2067 753 2130 793 se
2155 739 2398 811 cogitari
2427 738 2818 808 voluntatem,
2851 744 3052 812 utpote
3085 757 3218 797 cum
3248 741 3376 814 ipse
3407 743 3486 800 sit
3512 744 3714 800 vivens

301 829 466 880 ταῦτα
507 823 670 886 αὐτὸς
701 822 756 878 ἐν
798 828 921 886 ταῖς
977 824 1306 900 Ηαροιμίαις
1354 824 1480 900 περὶ
1530 825 1724 879 ἑαυτοῦ
1768 845 1930 902 φησιν

2063 827 2254 884 Patris
2286 828 2592 884 consilium
2612 836 2668 884 et
2697 829 2929 895 ‘virtus,
2971 846 3291 902 eorumque
3323 833 3558 888 effector
3587 850 3713 904 quin

300 914 439 986 Ἐμὴ
503 910 681 988 βουλὴ
735 912 821 966 καὶ
879 909 1169 990 ἀσφάλεια,
1231 911 1338 986 ἐμὴ
1401 911 1684 988 φρόνησις,
1739 911 1845 985 ἐμὴ
1896 908 1930 966 δ“

2061 915 2215 971 Patri
2247 915 2496 988 placent,
2532 916 3033 990 quemadmodum
3091 918 3163 974 de
3221 936 3283 976 se
3319 919 3447 992 ipse
3477 922 3534 976 in
3567 925 3712 978 Pro—

299 1001 480 1077 ἰσχύς.
527 1002 616 1064 Ὦς
665 1000 767 1076 γὰρ
815 1001 980 1062 αὐτὸς
1031 997 1102 1054 ὢν
1136 1003 1171 1071 ἡ
1205 1000 1486 1077 φρόνησις,
1533 999 1584 1054 ἐν
1629 1000 1664 1073 ῄ
1703 999 1831 1062 τοὺς
1864 1000 1930 1055 οὐκ

2059 1004 2274 1060 verbiis
2305 1005 2404 1075 ait,
2437 1006 2609 1060 Meum
2648 1009 2726 1061 est
2762 1007 3054 1061 comitium
3086 1011 3136 1063 et
3162 1011 3450 1078 securitas,
3477 1025 3602 1066 mea
3629 1019 3710 1067 est

298 1090 495 1168 ρανοὺς
520 1089 787 1163 ἡτοίμασε
831 1091 970 1163 (56),
1016 1090 1105 1145 καὶ
1140 1089 1302 1153 αὐτὸς
1352 1087 1427 1145 ὣν
1477 1088 1636 1165 ἷσγὺς
1666 1090 1754 1144 καὶ
1789 1086 1930 1144 δυναι

2054 1092 2374 1164 prudentia,
2405 1110 2528 1150 mea
2578 1103 2657 1150 est
2701 1095 2962 1166 fortitudo
2999 1097 3040 1150 ⁸.
3092 1095 3162 1151 Ut
3211 1097 3368 1153 enim
3420 1102 3710 1170 quatenus

299 1199 408 1254 μις⁶
441 1179 676 1256 Χριστὸς
702 1179 804 1254 γὰρ
855 1182 988 1233 Θεοῦ
1039 1174 1271 1250 δύναμις
1321 1179 1410 1233 καὶ
1460 1181 1594 1233 Θεοῦ
1639 1177 1818 1255 σοφία·
1854 1182 1930 1232 νῢπ

2055 1190 2143 1236 est
2173 1182 2486 1253 prudentia
2514 1183 2572 1238 in
2605 1200 2723 1254 qua
2752 1183 2929 1241 ccslos
2957 1185 3303 1256 praeparavit
3324 1187 3366 1256 ⁷,
3397 1191 3455 1243 et
3486 1192 3549 1243 ut
3569 1187 3709 1244 item

291 1267 640 1346 παρακλίνων
689 1268 857 1335 εἶπεν,
911 1267 1054 1339 Ἐμὴ
1105 1265 1390 1344 φρόνησις,
1441 1267 1528 1321 καὶ
1592 1264 1698 1339 έμή
1763 1264 1919 1341 ἰσχύς

2056 1273 2346 1339 quatenus
2372 1274 2460 1326 est
2491 1270 2771 1325 fortitudo
2802 1275 2859 1324 et
2896 1270 3082 1326 virtus
3116 1274 3270 1340 (nam
3325 1271 3580 1329 Christus
3608 1275 3708 1329 Dei

293 1357 435 1412 οὕτω
469 1357 663 1432 λέγων.
697 1356 836 1430 Ἐμή
889 1355 1089 1431 βουλὴ,
1142 1357 1306 1418 αὐτὸς
1361 1353 1420 1412 ἃν
1473 1351 1557 1426 εἷή
1591 1359 1686 1410 τοῦ
1733 1354 1930 1430 Πατρὸς

2052 1357 2228 1412 virtus
2255 1359 2275 1392 ³
2323 1366 2373 1414 ιι
2402 1359 2503 1414 Dei
2548 1359 2869 1430 sapientia),
2905 1375 3060 1414 nunc
3101 1359 3343 1431 paulum
3371 1362 3593 1418 variato
3621 1361 3706 1418 lo-

291 1450 324 1517 ἡ
361 1451 508 1516 ζῶσα
541 1444 741 1521 βουλὴ,
773 1444 952 1506 καθὼς
981 1444 1071 1500 καὶ
1119 1446 1268 1519 παρά
1293 1449 1392 1500 τοῦ
1441 1446 1726 1522 προφήτου
1768 1464 1942 1517 μεμα-

291 1537 555 1608 θήκαμεν,
589 1535 671 1589 ὅτι
701 1534 864 1596 αὐτὸς
895 1539 993 1602 τῆς
1029 1531 1276 1608 μεγάλης
1315 1531 1523 1606 βουλῆς
1552 1531 1823 1608 ’Ἄγγελος
1855 1531 1941 1607 γί-

284 1645 451 1693 νεται,
492 1625 583 1678 καὶ
631 1620 852 1696 θέλημα
896 1626 994 1677 τοῦ
1043 1623 1252 1697 Πατρὸς
1302 1622 1465 1684 αὐτὸς
1515 1619 1722 1692 ἐκλήθη
1755 1663 1769 1678 .
1818 1622 1938 1694 Χρή

281 1715 382 1789 γὰρ
415 1713 558 1768 οὕτω
591 1709 892 1787 διελέγχειν
938 1709 1133 1773 αὐτοὺς
1165 1713 1300 1785 (57),
1343 1711 1659 1788 ἀνθρώπινα
1687 1711 1809 1787 περὶ
1843 1707 1939 1765 τοῦ

282 1807 417 1859 Θεοῦ
448 1799 892 1875 διανοουμένους.

2053 1447 2268 1518 quendi
2305 1451 2476 1504 modo
2535 1448 2696 1516 dixit,
2735 1448 2844 1504 Mea
2893 1457 2974 1503 est
3025 1448 3343 1520 prudentia,
3377 1459 3429 1506 et
3472 1468 3596 1507 mea
3626 1456 3704 1508 est

2048 1535 2361 1606 fortitudo:
2409 1537 2490 1592 ita
2538 1553 2672 1592 cum
2732 1537 2899 1604 dixit,
2933 1537 3109 1593 Meum
3159 1543 3241 1593 est
3289 1541 3610 1608 comitium,
3643 1557 3703 1598 se

2050 1625 2242 1680 Patris
2271 1626 2470 1681 vivens
2489 1643 2618 1684 esse
2648 1626 2962 1681 consilium
2993 1626 3306 1698 signiﬁcat,
3329 1631 3702 1699 quemadmo-

2049 1713 2192 1768 dum
2206 1714 2380 1769 etiam
2401 1731 2434 1770 ιι
2451 1715 2733 1786 propheta
2746 1715 3082 1786 didicimus,
3099 1732 3229 1772 eum
3253 1717 3450 1789 magni
3470 1719 3702 1776 consilii

2048 1801 2321 1874 angelum
2356 1803 2478 1859 fieri
2510 1805 2551 1871 ⁸,
2579 1808 2637 1858 et
2662 1804 2815 1859 486
2845 1803 3201 1861 voluntatem
3237 1805 3419 1862 Patris
3441 1808 3698 1880 appella-

280 1900 409 1950 tum
440 1909 590 1950 esse.
613 1892 846 1949 Scilicet
875 1891 956 1948 ita
985 1908 1084 1948 eos
1115 1907 1345 1963 aequum
1377 1895 1467 1948 est
1495 1890 1756 1948 refellere
1788 1889 1888 1967 qui
1921 1889 2180 1946 humana
2209 1892 2279 1947 de
2310 1897 2424 1948 Deo
2457 1892 2733 1965 cogitant.

348 1984 440 2039 64.
473 1983 682 2036 Οὐκοῦν
723 1979 770 2035 εἴ
818 1979 887 2034 κὰ
932 1981 1220 2052 ποιήματα
1270 1977 1532 2054 βουλήσει
1579 1977 1669 2033 καὶ
1723 1975 1930 2050 εὐδοκία

2113 1981 2203 2036 64.
2239 1981 2440 2052 Itaque
2485 1982 2536 2037 si
2585 1998 2676 2037 res
2726 1983 2888 2038 factae
2933 1982 3234 2039 voluntate
3286 2000 3352 2039 ac
3400 1985 3696 2056 proposito

287 2073 510 2141 ὑπέστη,
543 2071 693 2139 καὶὴ
740 2068 915 2131 κτίσις
961 2072 1106 2122 πᾶσα
1153 2065 1424 2141 θελήματι
1472 2066 1690 2142 γέγονεν
1909 2065 1939 2122 ὅ

280 2181 340 2216 τε
382 2159 600 2221 Παῦλος
649 2156 738 2213 διὰ
785 2156 1099 2230 θελήματος
1160 2161 1295 2211 Θεοῦ
1343 2155 1650 2218 ἀπόστολος
1702 2155 1934 2226 ἐκλήθη,

280 2249 369 2304 καὶ
419 2251 454 2318 ἡ
503 2248 702 2318 κλῆσις
759 2250 920 2320 ἡμῶν
969 2242 1185 2317 εὐδοκία
1230 2247 1316 2300 καὶ
1378 2243 1648 2318 θελήματι
1726 2244 1930 2321 γέγονε,

282 2339 454 2393 πάντα
500 2334 559 2391 δὲ
607 2333 696 2391 διὰ
743 2339 839 2390 τοῦ
887 2333 1066 2410 Λόγου
1117 2333 1355 2408 γέγονεν’
1391 2333 1545 2396 ἐκτός
1593 2333 1732 2389 ἐστιν
1775 2334 1932 2396 οὗτος

279 2432 391 2481 τῶν
427 2425 692 2503 βουλήσει
745 2423 1068 2499 γεγονότων,
1116 2424 1203 2477 καὶ
1254 2420 1469 2496 μᾶλλον
1509 2422 1668 2486 αὐτός
1723 2422 1862 2478 ἐστιν
1896 2424 1931 2492 ἡ

285 2520 429 2584 ζῶσα
464 2512 642 2590 βουλή
684 2517 782 2568 τοῦ
833 2511 1066 2588 Πατρὸς,
1117 2510 1168 2566 ἐν
1195 2511 1232 2586 ᾖ
1275 2517 1441 2567 ταῦτα
1477 2511 1653 2567 πάντα
1695 2510 1931 2587 γέγονεν’

280 2605 333 2660 ἐν
464 2604 555 2659 καὶ
601 2605 628 2658 ὁ
678 2603 833 2678 ἅγιος
887 2596 1054 2656 Δαϐὶδ
1114 2602 1451 2678 εὐχαριστῶν
1509 2596 1685 2675 ἔλεγεν
1747 2600 1798 2655 ἐν
1854 2605 1934 2674 τῷ

280 2690 681 2768 ἑϐδομηκοστῷ
730 2691 960 2766 δευτέρῳ
1006 2689 1233 2764 ψαλμῷ·
1292 2693 1619 2765 Ἐκράτησας
1670 2694 1781 2765 (59)
1829 2698 1930 2760 τῆς

278 2784 471 2860 χειρὸς
519 2786 618 2853 τῆς
669 2781 840 2853 δεξιᾶς
901 2799 1025 2854 μου⁶
1073 2781 1164 2835 καὶ
1213 2780 1265 2835 ἐν
1313 2785 1382 2854 τῇ
1436 2779 1612 2857 βουλῇ
1658 2801 1752 2835 σου
1784 2778 1932 2851 ὡδή-

277 2874 456 2948 γησάς
512 2893 597 2946 με.
644 2875 768 2934 Πῶς
818 2867 910 2925 οὖν
960 2867 1179 2924 δύναται
1235 2867 1410 2944 βουλὴ
1461 2869 1550 2923 καὶ
1582 2866 1799 2942 θέλημα
1835 2873 1931 2923 τοῦ

280 2962 494 3037 Πατρὸς
543 2963 806 3037 ὑπάρχων
852 2961 881 3014 ὁ
935 2959 1111 3033 Λόγος
1164 2958 1401 3034 γίνεσθαι
1449 2959 1536 3012 καὶ
1572 2957 1732 3020 αὐτὸς
1763 2956 1931 3028 θελή-

281 3073 416 3124 ματι
461 3051 553 3106 καὶ
604 3049 888 3126 βουλήσει,
939 3049 1014 3110 ὡς
1065 3051 1178 3122 (60)
1223 3044 1490 3116 ἕκαστος,
1545 3047 1589 3102 εἷ
1645 3049 1743 3120 μὴ,
1792 3048 1931 3112 καθὰ

277 3147 570 3215 προεῖπον,
624 3139 874 3214 μανέντες
921 3137 1084 3193 πάλιν
1132 3135 1354 3192 εἴπωσιν
1405 3137 1566 3192 αὐτὸν
1619 3134 1688 3191 δι’
1739 3137 1928 3191 ἑαυτοῦ

273 3230 572 3306 γεγονέναι,
604 3229 640 3299 ἢ
673 3226 743 3283 δι’
769 3229 952 3303 ἑτέρου
998 3226 1145 3289 τινός
1175 3246 1189 3296 ;
1221 3225 1316 3288 Τίς
1358 3224 1448 3280 οὗν
1480 3223 1613 3294 ἐστι,
1648 3223 1716 3280 δι’
1750 3224 1812 3280 οὗ
1841 3223 1927 3300 γέ-

273 3340 400 3394 γονε
433 3337 448 3388 ;
479 3318 876 3382 Πλασάσθωσαν
907 3313 1088 3390 ἕτερον
1122 3314 1316 3390 Λόγον,
1343 3316 1429 3370 καὶ
1455 3313 1537 3386 ita
1565 3313 1924 3370 Οὐαλεντίνου
1957 3351 1999 3419 C

279 3415 306 3419 _-
352 3407 370 3419 .
415 3409 426 3419 ,
707 3410 751 3419 --
885 3407 896 3419 .
981 3402 1004 3419 ..
1226 3405 1240 3419 .
1441 3403 1452 3419 .
1754 3406 1766 3419 .
1867 3404 1880 3419 .

276 3407 661 3484 ζηλώσαντες,
707 3407 936 3483 Χριστὸν
981 3402 1165 3480 ἵτερον
1217 3403 1657 3477 ὀνομασάτωσαν·
1710 3406 1774 3458 οὐ
1823 3404 1923 3479 γὰρ

270 3499 605 3573 γέγραπται.
652 3493 832 3551 Ἀλλά
876 3492 973 3549 κᾶν
1024 3491 1361 3565 πλάσωνται,
1412 3495 1627 3555 πάντως
1679 3493 1925 3555 κάκεῖνος

272 3584 363 3641 διά
393 3606 542 3647 τινος
581 3585 807 3661 γίνεται·
839 3584 930 3639 καὶ
981 3581 1176 3638 λοιπὸν
1229 3582 1400 3645 οὕτως
1455 3580 1927 3657 ἐπιλογιζομένων

269 3678 461 3749 ἡμῶν,
493 3675 582 3730 καὶ
630 3672 1024 3751 ἀνακρινόντων
1069 3674 1168 3741 τὴν
1216 3669 1542 3735 ἀκολουθίαν
1596 3674 1730 3745 (61),
1783 3671 1930 3748 εὑρί-

272 3786 458 3820 σκεται
506 3769 614 3818 τῶν
655 3764 824 3819 ἀθέων
864 3765 898 3832 ἡ
948 3759 1332 3840 πολυκέφαλος
1381 3759 1581 3836 ατίρεσις
1633 3759 1712 3823 εἷς
1755 3759 1929 3816 πολυ-

274 3855 509 3924 θεότητα
559 3853 831 3908 πίπτουσα
877 3852 964 3906 καὶ
1022 3852 1255 3926 ἄμετρον
1308 3850 1516 3923 μανίαν,
1568 3847 1620 3904 ἐν
1663 3871 1698 3923 ῃ
1729 3848 1930 3921 κτίσμα

272 3943 364 3997 καὶ
393 3940 447 4012 ἐξ
479 3942 581 3997 οὐκ
619 3939 788 3996 ὄντων
831 3939 1078 4002 θέλοντες
1131 3941 1261 3994 εἶναι
1303 3939 1394 3993 τὸν
1441 3939 1586 4006 Υἱὸν,
1639 3938 1833 4010 ἑτέρως
1862 3938 1932 3992 τά

271 4031 414 4086 αὐτὰ
445 4033 560 4104 (62)
593 4028 941 4103 σημαίνουσι,
979 4026 1245 4104 βούλησιν
1294 4029 1385 4081 καὶ
1425 4024 1646 4096 θέλησιν
1678 4021 1930 4101 προϐαλ-

276 4116 532 4193 λόμενοι,
565 4119 599 4173 ἃ
633 4119 870 4192 μάλιστα
899 4117 984 4173 ἐπὶ
1017 4122 1126 4172 τῶν
1151 4121 1387 4194 γενητῶν
1423 4118 1535 4189 (63)
1565 4115 1653 4170 καὶ
1697 4119 1928 4170 κτιστῶν

270 4214 444 4265 ταῦτα
474 4208 718 4284 εὐλόγως
759 4205 818 4263 ἂν
870 4205 1109 4284 λέγοιτο.
1159 4211 1283 4269 Πῶς
1333 4204 1423 4260 οὖν
1475 4206 1578 4259 οὐκ
1628 4199 1815 4266 ἀσεϐὲς
1863 4204 1931 4258 τὰ

269 4303 380 4354 τῶν
416 4302 657 4373 γενητῶν
688 4297 778 4352 ἐπὶ
821 4297 912 4352 τὸν
959 4304 1032 4367 Δη
1046 4296 1304 4372 μιουργὸν
1355 4295 1632 4372 ἀναφέρειν
1668 4295 1780 4368 (64)
1815 4313 1828 4364 ;
1861 4294 1932 4348 Ἤ

264 4393 386 4452 πῶς
419 4387 482 4443 οὗ
539 4386 867 4464 βλάσφημον
913 4383 1089 4460 λέγειν
1140 4383 1406 4460 βούλησιν
1455 4385 1562 4459 πρὸ
1609 4386 1706 4438 τοῦ
1753 4383 1929 4459 Λόγου

338 4553 361 4587 ⁸
391 4555 563 4608 Prov.
592 4566 716 4621 vm,
749 4550 840 4605 14-
947 4550 969 4584 τ
1013 4552 1180 4605 Prov.
1231 4563 1319 4615 ιιι,
1368 4547 1454 4602 19.

263 4625 314 4665 ⁸³
340 4623 501 4681 Psal.
535 4638 708 4690 Lxxn,
737 4622 827 4677 2L

337 4783 750 4864 (_55)Sio__l_:teg°
785 4783 848 4864 1,
889 4782 1128 4864 Seguer.
1182 4778 1412 4864 Gobler.
1463 4783 1520 4835 et
1567 4776 1716 4834 Fslc.
1775 4779 1824 4834 1.
1864 4778 1926 4834 In
1956 4798 2004 4864 D

265 4849 406 4914 aliis
437 4849 495 4912 et
521 4849 777 4912 editions
810 4849 1090 4909 Commel.
1122 4849 1211 4905 καί
1242 4853 1424 4906 deest.

339 4928 458 5001 (56)
487 4928 581 4983 Sic
611 4928 842 5001 primus
870 4923 1318 5001 codegrABegius,
1341 4919 1924 5001 Seguerian.Gobler.

265 5004 322 5056 et
344 4992 520 5055 'Fe'lc.
556 4992 717 5068 1.Ἀι
746 4997 845 5052 alii
877 5001 936 5053 et
957 4996 1125 5068 pediti.
1168 4992 1444 5068 ἰποίησεῖ
1463 4996 1590 5049 Mox
1633 4993 1773 5065 Reg.
1811 4994 1835 5048 1
1871 4996 1928 5049 et

263 5064 844 5146 Seguer:_omit_tunt.
877 5067 968 5146 καῖ
999 5069 1136 5146 Θεοξ
1165 5064 1347 5146 σοφία.
1405 5140 1415 5146 .
1464 5136 1497 5146 η
1691 5135 1701 5146 υ

337 5136 456 5226 (T57)
490 5142 840 5226 Sierr'irsas
867 5140 1046 5226 (ξοδεχ
1099 5136 1317 5226 Resina
1367 5140 1432 5226 at,
1455 5136 1927 5226 ,§9899F§&§:__AP

264 5207 367 5271 alii
401 5207 462 5271 et
491 5207 657 5280 editi,
684 5211 904 5285 αὐτὸςᾏρ
929 5217 1030 5280 τῆς
1066 5207 1337 5285 μεγάλης.
1376 5207 1548 5285 Paulo
1571 5211 1703 5278 post
1733 5207 1872 5278 Reg.
1894 5209 1920 5262 1

263 5293 324 5343 et
354 5278 725 5360 Seguerian.,
761 5278 1075 5360 διελέγχειν
1095 5278 1223 5342 res;
1255 5278 1590 5360 dvopténivo.

337 5348 468 5431 (58)
485 5359 578 5431 Sic
611 5348 750 5431 Reg.
782 5357 834 5431 1,
867 5348 1104 5431 δέξο-ον.
1141 5348 1370 5431 Anglici
1403 5350 1570 5431 Gobl.
1595 5348 1833 5431 e_t_FeLc.
1869 5349 1921 5416 1,

267 5421 729 5502 ut‘et'Nanniu‘s'
776 5421 975 5502 legit;
1003 5421 1434 5502 (lasteriautem
1465 5427 1526 5502 et
1546 5422 1724 5478 editio
1755 5421 1923 5502 Com-

266 5503 437 5576 mel.,
468 5492 890 5576 yéyovsijtdv'c‘a
924 5495 982 5553 δὲ
1013 5494 1100 5552 διὰ
1128 5500 1224 5551 τοῦ
1256 5493 1433 5569 Λόγου
1464 5492 1706 5569 γέγονεν,
1740 5492 1926 5548 omis-

269 5574 358 5631 sis
390 5573 788 5630 intermediis.

336 5647 454 5719 (59)
487 5645 655 5702 Gobl.
689 5649 746 5702 et
779 5643 924 5700 Felc.
960 5642 1015 5710 1,
1045 5634 1120 5702 ὥς
1165 5631 1337 5693 Λαϐὶδ
1371 5635 1707 5712 εὑχαριστῶν
1767 5654 1922 5710 φησι.

267 5715 640 5790 Ἐκράτησας;
859 5785 872 5790 _
1084 5783 1164 5790 __
1402 5784 1447 5790 -_
1493 5780 1505 5790 .
1569 5783 1578 5790 .
1693 5777 1725 5790 ..
1866 5776 1876 5788 .

335 5739 369 5772 κ
409 5737 640 5788 ατησας.
1693 5777 1704 5790 .
1866 5776 1876 5788 ⁸

335 5737 450 5868 (ἕρ)
481 5789 752 5868 Siniteg.
784 5785 1012 5868 primus
1045 5787 1102 5840 et
1129 5783 1367 5868 Seguer.
1397 5780 1661 5868 'Ha‘bet‘ur
1675 5783 1829 5868 item
1859 5794 1924 5868 in

268 5851 509 5922 Gdblér.
543 5866 602 5919 et
630 5851 950 5930 Fam-1,6):
976 5851 1237 5922 ἓκαστοςξ
1253 5851 1300 5908 εἰ
1335 5852 1434 5927 μή.
1466 5851 1643 5921 Editi,
1675 5853 1796 5911 Πῶς
1829 5851 1920 5904 οὗν

597 5990 864 6056 Panos.
910 5987 1022 6050 Gs.
1069 5983 1289 6050 XXVI.

1566 4546 1588 4581 ³
1617 4549 1640 4600 I
1670 4547 1798 4601 Cor.
1847 4561 1888 4616 ι,
1913 4543 2005 4598 24.

2046 2070 2292 2125 conditae
2326 2074 2501 2125 sunt:
2550 2071 2599 2126 si
2630 2071 2903 2127 universa
2933 2076 3126 2127 creata
3159 2075 3369 2128 natura
3399 2073 3699 2131 voluntate

2046 2158 2198 2213 facta
2227 2164 2316 2214 set
2341 2175 2353 2214 :
2386 2159 2438 2214 si
2467 2159 2606 2215 item
2640 2159 2856 2216 Paulus
2885 2175 2990 2232 per
3025 2161 3118 2216 Dei
3143 2160 3501 2218 voluntatem
3522 2177 3696 2219 voca-

2044 2250 2142 2302 tus
2189 2251 2279 2302 est
2328 2247 2646 2320 Apostolus
2679 2249 2761 2304 1°:
2814 2249 2864 2304 si
2913 2249 3166 2322 denique
3214 2256 3414 2306 nostra
3468 2253 3693 2308 vocatio

2045 2336 2342 2407 proposito
2360 2340 2418 2391 et
2435 2336 2735 2393 voluntate
2755 2341 2843 2394 est
2865 2337 3014 2393 facta
3037 2339 3076 2373 ¹¹
3103 2357 3116 2406 ;
3149 2339 3346 2394 omnia
3376 2343 3573 2396 autem
3592 2356 3695 2412 per

2042 2422 2300 2480 Verbum
2325 2424 2475 2480 facta
2501 2429 2638 2480 sunt
2661 2441 2674 2481 :
2709 2426 2864 2481 haud
2897 2427 3072 2482 dubie
3102 2427 3296 2500 ipsum
3319 2428 3576 2484 Verbum
3603 2444 3694 2484 ex-

2042 2515 2130 2567 tra
2158 2529 2359 2568 eorum
2394 2529 2705 2569 numerum
2749 2519 2839 2570 est
2872 2531 3001 2586 quas
3031 2515 3329 2571 voluntate
3355 2516 3505 2572 facta
3529 2521 3692 2585 sunt,

2041 2600 2128 2656 vel
2179 2602 2374 2673 potius
2429 2602 2627 2658 vivens
2676 2607 2766 2658 est
2823 2604 3008 2660 Patris
3062 2604 3397 2676 consilium,
3455 2605 3516 2662 in
3575 2623 3690 2678 quo

2041 2691 2239 2746 omnia
2269 2690 2372 2746 illa
2418 2692 2568 2747 facta
2615 2698 2792 2759 sunt;
2856 2693 2911 2747 in
2963 2711 3076 2765 quo
3124 2699 3182 2750 et
3233 2699 3471 2750 sanctus
3510 2696 3690 2751 David

2043 2779 2267 2850 psalmo
2313 2781 2745 2853 septuagesimo
2777 2783 3035 2838 secundo
3083 2783 3303 2853 gratias
3358 2783 3450 2838 his
3498 2783 3691 2840 verbis

2041 2869 2270 2939 agebat,
2306 2871 2545 2924 Tenuisti
2571 2887 2803 2926 manum
2829 2871 3111 2927 dexteram
3141 2888 3342 2940 meam,
3382 2874 3433 2927 el
3470 2873 3531 2928 in
3559 2889 3693 2929 con-

2038 2958 2164 3013 silio
2196 2965 2286 3013 tuo
2316 2958 2592 3014 deduxisti
2621 2976 2708 3014 me
2739 2961 2810 3016 ⁸³.
2865 2961 2974 3026 Qui
3022 2960 3202 3031 igitur
3246 2961 3369 3016 ﬁeri
3400 2964 3594 3030 potest
3626 2965 3691 3016 ut

2039 3046 2316 3116 Verbum,
2351 3049 2506 3119 quod
2557 3048 2869 3104 consilium
2919 3054 2976 3104 et
3021 3048 3295 3105 voluntas
3344 3050 3534 3106 Patris
3573 3053 3684 3121 est,

2038 3136 2234 3207 ipsum
2267 3152 2499 3208 quoque
2530 3139 2826 3193 voluntate
2847 3142 2905 3194 et
2925 3138 3166 3194 arbitrio
3199 3138 3275 3194 sit
3304 3139 3681 3210 productum,

2038 3223 2121 3279 uti
2146 3240 2238 3280 res
2260 3223 2384 3280 alia:
2415 3225 2660 3297 singulm
2685 3226 2712 3280 ‘I
2740 3226 2852 3282 nisi
2885 3228 3052 3295 forte,
3088 3231 3152 3282 ut
3173 3227 3299 3297 jam
3329 3227 3682 3298 dixi,rursus

2037 3313 2400 3371 insanientes
2431 3316 2785 3370 contendant
2813 3315 3006 3387 ipsum
3042 3333 3144 3388 per
3174 3316 3437 3389 seipsum
3459 3317 3546 3373 vel
3580 3331 3686 3389 per

2037 3403 2258 3475 aliquid
2275 3403 2429 3459 aliud
2447 3421 2574 3461 esse
2588 3406 2978 3471 factum.0uid
2992 3423 3121 3460 nam
3137 3422 3273 3477 ergo
3288 3407 3520 3462 tandem
3536 3404 3681 3462 illud

2036 3498 2124 3548 est
2136 3509 2238 3564 per
2249 3494 2404 3564 quod
2419 3495 2637 3549 factum
2651 3493 2939 3550 est?Aliud
2955 3494 3038 3549 illi
3055 3493 3683 3565 conﬁngantVerbum,

2039 3585 2096 3637 et
2147 3581 2441 3637 Valentini
2489 3588 2821 3638 commenta
2868 3583 3179 3655 amplexati
3223 3584 3354 3654 (65),
3387 3583 3683 3640 Christum

2038 3670 2218 3725 alium
2251 3671 2572 3726 nominent.
2607 3672 2762 3726 Nihil
2785 3671 2941 3728 enim
2974 3672 3264 3742 ejusmodi
3296 3672 3515 3728 habent
3537 3673 3686 3729 Scri-

2039 3765 2242 3832 pturae.
2299 3763 2513 3815 Verum
2561 3761 2610 3816 si
2661 3760 2840 3816 alium
2888 3761 3000 3832 ipsi
3032 3761 3504 3834 excogitaverint,
3537 3766 3690 3818 certe

2039 3847 2134 3903 ille
2164 3863 2398 3919 quoque
2430 3864 2531 3919 per
2573 3847 2828 3920 aliquem
2865 3849 2986 3903 ﬁeri
3019 3848 3301 3904 dicendus
3337 3849 3480 3904 erit:
3514 3854 3692 3920 atque

2039 3938 2182 3992 adeo
2211 3936 2378 3992 nobis
2410 3936 2492 3992 ita
2524 3938 3034 4006 ratiocinantibus,
3069 3938 3327 4008 quidque
3357 3955 3420 3993 ex
3454 3936 3688 3992 illorum

2039 4024 2330 4081 sententia
2360 4029 2642 4098 sequatur
2670 4025 3123 4093 excutientibus,
3158 4025 3541 4082 multiformis
3559 4040 3689 4080 esse

2038 4114 2498 4187 deprehenditur
2527 4114 2842 4186 impiorum
2873 4114 3134 4183 heresis,
3168 4131 3296 4185 quae
3347 4117 3404 4169 et
3440 4113 3684 4169 deorum

2038 4204 2264 4260 inducit
2289 4203 2755 4270 multitudinem,
2786 4209 2844 4260 et
2871 4203 2930 4258 in
2964 4219 3259 4258 summam
3294 4202 3503 4258 incidit
3525 4203 3685 4258 insa-

2039 4293 2220 4360 niam,
2254 4308 2372 4363 qua
2401 4291 2614 4347 Filium
2645 4297 2702 4348 et
2729 4296 2990 4348 creatum
3025 4295 3082 4348 et
3117 4308 3184 4346 ex
3206 4290 3388 4347 nihilo
3420 4307 3548 4348 esse
3575 4308 3684 4362 pu-

2039 4385 2310 4454 gnantes,
2342 4380 2496 4436 hanc
2545 4397 2715 4436 suam
2764 4381 3125 4453 impietatem
3165 4378 3295 4436 aliis
3324 4381 3515 4437 verbis
3545 4397 3683 4437 con-

2117 4542 2141 4577 ⁸
2168 4544 2282 4597 Isa.
2310 4558 2388 4614 ιχ,
2417 4543 2471 4596 6.
2586 4542 2628 4578 ¹⁰
2658 4547 2681 4597 Ι
2711 4542 2964 4600 Timoth.
2998 4559 3039 4612 ι,
3072 4543 3122 4597 1.
3240 4543 3279 4578 ¹¹
3311 4543 3522 4616 Ephes.
3557 4562 3597 4613 1,
3629 4545 3684 4600 5.

2040 4769 2217 4849 βουλή
2243 4770 2336 4850 καὶ
2367 4772 2586 4850 θέλημα
2611 4777 2708 4850 τοῦ
2740 4770 2967 4850 [lippos
2998 4773 3260 4850 ὑπαρχων
3378 4782 3558 4850 Λογ-ος
3591 4773 3684 4829 δό-

2036 4842 2188 4934 ξαται
2245 4842 2521 4934 γίγνεσθαι
2575 4845 2666 4900 καὶ
2722 4842 2882 4908 αὐτὸς
2943 4842 3206 4922 βουλήσει
3262 4845 3353 4900 καὶ
3422 4842 3682 4918 θελήσει;

2037 4917 2726 5064 éﬁgifitggiusprgmus
2770 4989 3265 5064 etASeguerianus
3305 4988 3405 5055 τὴν
3455 4986 3686 5045 ἀκολου-

2037 5059 2175 5124 θίαν.
2203 5059 2321 5116 ἈΙὶἰ
2342 5059 2410 5118 ‘et
2437 5059 2600 5124 editi.
2629 5062 2730 5130 τὴν
2759 5059 3039 5130 ἀλήθειαν.

2104 5133 2214 5217 (62)
2250 5133 2468 5206 Regius
2499 5135 2748 5205 primus,
2781 5135 3019 5204 Seguer.
3053 5130 3283 5187 Gobler.
3335 5135 3396 5187 et
3440 5131 3590 5190 Felc.
3628 5136 3682 5205 1,

2033 5223 2500 5348 ταῖόὲἶῐπθιφιςω.
2534 5277 2587 5340 5,
2624 5273 3196 5348 hicetpaulopost,
3226 5277 3523 5348 γεννητῶν.
3557 5280 3685 5334 Mox

2037 5344 2178 5436 ἷξες.
2213 5348 2266 5412 1,
2312 5346 2547 5420 λέγοιτο.
2582 5346 2945 5419 Seguerian.,
2980 5344 3251 5419 λέγοιντο.
3289 5347 3401 5401 Alii
3435 5352 3492 5403 et
3540 5349 3684 5405 editi

2032 5437 2746 5570 Τεέῇοίῖθεὶυερῐιξωυε,
2777 5496 3014 5570 ξοευθτ.
3049 5488 3277 5570 Gobler.
3315 5493 3379 5570 et
3415 5487 3564 5570 Felc.
3631 5492 3681 5570 1,

2034 5558 2336 5635 ἀναφέρειν.
2387 5558 2585 5615 Cameri
2633 5565 2690 5616 et
2731 5558 2902 5626 iediti,
2959 5559 3298 5636 μεταφέρειν.
3347 5561 3521 5616 Paulo
3555 5558 3688 5634 post

2035 5635 2283 5688 uterque
2316 5631 2551 5688 Regius.
2584 5633 2822 5688 Sesuer.
2857 5631 3026 5687 Basil.
3063 5640 3119 5687 et
3148 5630 3399 5688 Analic..
3459 5631 3592 5686 εἶναι
3629 5632 3681 5688 ἐν

2035 5647 2283 5702 Uterque
2317 5647 2396 5686 tte
2440 5649 2551 5700 ius,
2584 5647 2822 5702 aeguer.
2859 5647 3026 5687 basu.
3063 5647 3119 5687 et
3148 5647 3399 5704 Anglic.,

2032 5648 2480 5778 τῷΔΠατρίηΑῆίἱ
2513 5709 2571 5759 et
2599 5701 3013 5778 εᾶὶῐὶμεῖναιέν
3045 5706 3160 5773 Θεῷ
3193 5701 3382 5778 ῌατρί.

2105 5775 2221 5851 (95)
2253 5775 2405 5851 Vide
2424 5776 2707 5851 Irenaeum
2736 5775 2838 5851 lib.
2874 5793 2893 5830 ι
2915 5775 3182 5832 Adversus
3204 5775 3461 5851 haereses,
3496 5779 3686 5850 cap.1,

2033 5849 2091 5904 et
2114 5844 2515 5920 Epiphaniam
2547 5848 2754 5906 heresi
2781 5864 2935 5905 xxxx.

3327 5978 3402 6036 15
