4076 6380
303 481 419 541 457

1426 481 1716 542 ORATIO
1760 481 1842 541 ΙΙΙ
1887 479 2196 542 CONTRA
2233 482 2600 544 ARIANOS.

3593 488 3713 548 458

303 624 492 682 Λησιν,
523 609 687 672 αὐτὸς
717 605 790 664 ὤν
832 609 1004 684 βουλὴ
1043 614 1186 679 ζῶσα
1215 614 1310 665 τοῦ
1339 611 1572 684 Πατρὸς,
1609 611 1697 665 καὶ
1727 613 1838 683 (55)
1863 607 1930 664 δύη

2069 613 2147 667 sit
2169 614 2468 685 proprium
2495 615 2680 670 Patris
2699 614 2980 682 Verbum,
3006 632 3119 670 non
3142 616 3283 672 sinit
3304 617 3562 690 aliquam
3582 624 3714 676 ante

298 721 482 774 ναμις,
515 700 603 755 καὶ
639 696 974 776 δημιουργὸς
1017 703 1124 754 τῶν
1178 697 1482 755 δοκούντων
1513 704 1593 771 τῷ
1634 698 1822 775 Πατρί.
1856 705 1930 754 Κα

2067 717 2130 758 se
2155 703 2398 774 cogitari
2427 702 2817 772 voluntatem,
2851 709 3052 776 utpote
3085 721 3218 761 cum
3248 706 3376 779 ipse
3406 708 3485 764 sit
3511 708 3714 764 vivens

298 793 465 844 ταῦτα
508 788 669 851 αὐτὸς
701 787 756 843 ἐν
797 793 921 850 ταῖς
977 789 1305 864 Ηαροιμίαις
1353 789 1481 864 περὶ
1530 789 1723 843 ἑαυτοῦ
1767 807 1952 866 φησιν·

2063 791 2254 847 Patris
2285 793 2592 848 consilium
2611 800 2667 848 et
2699 793 2928 859 "virtus,
2969 810 3291 866 eorumque
3322 797 3558 853 effector
3586 815 3712 869 qum

297 879 438 950 Ἐμή
503 874 681 952 βουλὴ
734 877 821 931 καὶ
879 873 1168 954 ἀσφάλεια,
1231 875 1338 950 ἐμὴ
1400 875 1684 953 φρόνησις,
1739 875 1844 950 ἐμὴ
1895 872 1930 930 δῖ

2060 879 2214 935 Patri
2247 879 2496 952 placent,
2531 881 3033 954 quemadmodum
3091 883 3163 938 de
3220 900 3282 940 se
3319 884 3447 956 ipse
3476 886 3534 940 in
3567 890 3712 942 Pro-

297 966 479 1042 ἰσχύς.
527 967 616 1028 Ὠς
665 964 767 1040 γὰρ
815 965 979 1028 αὐτὸς
1030 961 1102 1019 ὢν
1135 967 1170 1035 ἡ
1205 964 1486 1042 φρόνησις,
1532 964 1585 1019 ἐν
1629 964 1664 1037 ῄ
1703 964 1830 1026 τοὺς
1863 964 1950 1019 οὐ-

295 1055 494 1131 ρανοὺς
519 1055 787 1128 ἡτοίμασε
831 1055 970 1128 (56),
1016 1054 1105 1108 καὶ
1140 1054 1301 1117 αὐτὸς
1352 1051 1427 1110 ὢν
1477 1053 1636 1130 ἷσγὺς
1666 1054 1754 1108 καὶ
1789 1050 1946 1108 δυνα-

297 1164 406 1218 μις·
439 1144 675 1221 Χριστὸς
703 1144 804 1218 γὰρ
853 1146 988 1198 Θεοῦ
1039 1139 1271 1215 δύναμις
1321 1143 1410 1198 καὶ
1460 1146 1594 1198 Θεοῦ
1639 1140 1818 1219 σοφία·
1854 1146 1944 1196 νῦν

289 1231 641 1310 παρακλίνων
690 1233 856 1299 εἶπεν,
910 1231 1053 1304 Ἐμὴ
1105 1230 1390 1308 φρόνησις,
1441 1232 1527 1286 καὶ
1592 1229 1697 1303 ἐμὴ
1762 1229 1942 1306 ἰσχύςο

289 1321 434 1377 οὕτω
467 1322 663 1396 λέγων.
697 1321 836 1394 Ἐμή
888 1318 1089 1395 βουλὴ,
1142 1321 1306 1382 αὐτὸς
1361 1318 1420 1376 ἂν
1473 1315 1556 1390 εἷή
1591 1324 1686 1374 τοῦ
1733 1318 1943 1394 Πατρὸς

288 1415 322 1480 ἡ
359 1416 507 1481 ζῶσα
541 1408 741 1486 βουλὴ,
772 1409 952 1471 καθὼς
980 1408 1071 1464 καὶ
1119 1410 1267 1484 παρὰ
1293 1413 1392 1465 τοῦ
1441 1411 1726 1486 προφήτου
1768 1429 1942 1482 μεμα-

289 1502 554 1573 θήκαμεν,
590 1500 672 1554 ὅτι
701 1499 864 1561 αὐτὸς
893 1504 993 1567 τῆς
1029 1495 1277 1573 μεγάλης
1314 1495 1523 1571 βουλῆς
1552 1496 1823 1573 ’Ἄγγελος
1855 1496 1941 1571 γί-

282 1611 451 1658 νεται,
491 1590 583 1643 καί
631 1585 852 1660 Θέλημα
895 1591 994 1642 τοῦ
1043 1587 1252 1661 Πατρὸς
1302 1586 1464 1648 αὐτὸς
1515 1584 1722 1657 ἐκλήθη
1755 1628 1769 1642 .
1819 1586 1938 1660 Χρή

279 1679 382 1754 γὰρ
416 1678 559 1733 οὕτω
591 1674 892 1752 διελέγχειν
937 1674 1133 1738 αὐτοὺς
1165 1678 1300 1749 (57),
1343 1676 1659 1752 ἀνθρώπινα
1687 1675 1808 1751 περὶ
1843 1672 1939 1730 τοῦ

281 1772 418 1823 Θεοῦ
449 1764 892 1839 διανοουμένους.

2058 968 2273 1024 verbiis
2305 968 2404 1040 ait,
2437 970 2609 1025 Meum
2647 973 2726 1025 est
2762 971 3055 1025 consilium
3085 974 3136 1026 et
3162 976 3450 1042 securitas,
3477 990 3602 1030 mea
3629 984 3710 1032 est

2053 1056 2373 1128 prudentia,
2404 1074 2527 1114 mea
2579 1067 2658 1114 est
2699 1059 2961 1130 fortitudo
2998 1060 3040 1114 ⁸.
3092 1059 3162 1115 Ut
3211 1061 3367 1117 enim
3420 1066 3710 1134 quatenus

2055 1154 2142 1201 est
2173 1147 2485 1218 prudentia
2513 1147 2572 1202 in
2605 1164 2723 1219 qua
2752 1147 2928 1204 caelos
2957 1149 3302 1220 praeparavit
3324 1151 3364 1220 ⁷,
3397 1155 3455 1206 et
3484 1156 3548 1207 ut
3568 1151 3708 1208 item

2055 1237 2346 1304 quatenus
2371 1238 2460 1290 est
2489 1235 2770 1290 fortitudo
2801 1239 2858 1289 et
2894 1235 3082 1290 virtus
3116 1238 3270 1306 (nam
3325 1235 3580 1293 Christus
3606 1239 3708 1294 Dei

2051 1322 2228 1377 virtu:
2254 1323 2274 1357 ⁸
2321 1331 2372 1378 et
2402 1324 2502 1379 Dei
2547 1324 2868 1395 sapientia),
2905 1340 3060 1379 nunc
3101 1323 3342 1395 paulum
3371 1326 3593 1383 variato
3621 1325 3705 1383 lo-

2052 1412 2268 1483 quendi
2304 1415 2475 1469 modo
2535 1412 2696 1481 dixit,
2734 1412 2844 1468 Mea
2893 1422 2975 1468 est
3025 1412 3343 1484 prudentia,
3376 1424 3428 1470 et
3472 1433 3596 1471 mea
3625 1421 3704 1472 est

2048 1500 2360 1570 fortitudo:
2408 1501 2490 1556 ita
2537 1518 2672 1557 cum
2732 1502 2898 1568 dixit,
2931 1502 3109 1557 Meum
3159 1507 3241 1558 est
3289 1505 3610 1572 consilium,
3642 1521 3703 1562 se

2050 1589 2241 1645 Patris
2271 1590 2469 1646 vivens
2488 1607 2618 1648 esse
2648 1590 2961 1646 consilium
2992 1591 3306 1663 signiﬁcat,
3329 1595 3702 1663 quemadmo-

2049 1677 2191 1732 dum
2206 1678 2380 1734 etiam
2401 1697 2434 1734 a
2450 1679 2732 1751 propheta
2746 1679 3082 1750 didicimus,
3098 1697 3229 1735 eum
3253 1681 3450 1753 magni
3470 1683 3702 1740 consilii

2048 1766 2320 1838 angelum
2355 1768 2477 1823 fieri
2509 1769 2551 1835 ⁹,
2579 1772 2637 1823 et
2662 1768 2814 1824 486
2845 1768 3200 1825 voluntatem
3236 1769 3418 1826 Patris
3441 1772 3697 1846 appella-

279 1864 410 1914 tum
441 1875 590 1915 esse.
613 1857 846 1913 Scilicet
875 1856 956 1912 ita
985 1873 1084 1912 eos
1115 1871 1345 1928 aequum
1376 1859 1467 1912 est
1495 1854 1756 1912 refellere
1788 1854 1888 1931 qui
1921 1853 2179 1910 humana
2209 1856 2278 1910 de
2310 1861 2423 1912 Deo
2456 1857 2733 1929 cogitant.

349 1949 442 2004 64.
475 1947 682 2001 Οὐκοῦν
723 1943 770 2000 εἰ
818 1943 886 2000 κά
931 1945 1220 2016 ποιήματα
1271 1941 1532 2018 βουλήσει
1579 1942 1669 1997 καὶ
1723 1939 1930 2014 εὖδοκίς

2113 1945 2202 2000 64.
2239 1945 2439 2017 Itaque
2485 1947 2536 2002 ei
2584 1961 2676 2002 res
2725 1947 2888 2002 factae
2933 1947 3234 2004 voluntate
3286 1964 3352 2004 ac
3399 1949 3696 2020 proposito

287 2038 511 2106 ὑπέστη,
544 2035 694 2104 καὶὴ
740 2033 914 2096 κτίσις
960 2037 1106 2088 πᾶσα
1153 2030 1424 2106 Θελήματι
1472 2031 1690 2106 γέγονεν
1907 2029 1938 2086 8

280 2146 341 2180 τε
384 2123 600 2186 Παῦλος
649 2121 738 2178 διὰ
785 2121 1099 2194 Θελήματος
1160 2125 1295 2176 Θεοῦ
1343 2119 1649 2182 ἀπόστολος
1702 2119 1934 2190 ἐκλήθη,

281 2213 371 2269 καὶ
422 2216 457 2283 ἡ
505 2212 702 2282 κλῆσις
759 2214 920 2284 ἡμῶν
968 2207 1185 2281 εὐδοκία
1229 2211 1316 2264 καὶ
1377 2208 1648 2283 Θελήματι
1726 2208 1930 2285 γέγονε,

281 2304 456 2358 πάντα
502 2299 560 2356 δὲ
608 2298 696 2356 διὰ
743 2304 839 2354 τοῦ
888 2298 1065 2374 Λόγου
1117 2298 1355 2373 γάγονενο
1391 2297 1544 2360 ἐκτός
1593 2297 1732 2353 ἔστιν
1775 2298 1932 2360 οὗτος

279 2397 392 2446 τῶν
429 2389 692 2468 βουλήσει
744 2387 1068 2464 γεγονότων,
1116 2389 1203 2442 καὶ
1254 2385 1468 2460 μᾶλλον
1509 2386 1668 2449 αὐτός
1723 2386 1863 2442 ἐστιν
1895 2388 1931 2456 ἡ

284 2485 432 2549 ζῶσα
467 2477 642 2554 βουλή
685 2482 782 2533 τοῦ
832 2475 1065 2553 Πατρὸς,
1117 2475 1231 2550 ἐνῇ
1274 2480 1440 2531 ταῦτα
1477 2475 1652 2531 πάντα
1695 2474 1930 2551 γὲγονεν·

279 2571 333 2624 ἐν
465 2569 554 2624 καὶ
601 2570 628 2623 ὁ
677 2568 833 2642 ἅγιος
887 2561 1054 2621 Δαϐὶδ
1114 2567 1450 2642 εὐχαριστῶν
1508 2561 1685 2640 ἔλεγεν
1746 2565 1797 2620 ἐν
1854 2569 1933 2637 τῷ

279 2655 682 2733 ἑϐδομηκοστῷ
729 2655 959 2731 δευτέρῳ
1005 2653 1233 2729 ψαλμῷ
1291 2658 1618 2730 Ἐκράτησας
1670 2659 1781 2729 (59)
1829 2662 1930 2724 τῆς

277 2749 472 2824 ’χειρὸς
519 2751 618 2817 τῆς
669 2745 839 2817 δεξιᾶς
900 2764 1024 2818 μου·
1073 2745 1163 2800 καὶ
1213 2744 1264 2800 ἐν
1313 2749 1381 2818 τῇ
1436 2743 1612 2822 βουλῇ
1658 2766 1752 2800 σου
1784 2743 1932 2816 ὡδή-

276 2839 456 2912 γησάς
513 2857 597 2910 με.
643 2840 768 2898 Πῶς
818 2832 910 2890 οῦν
959 2832 1179 2889 δύναται
1235 2831 1410 2908 βουλή
1461 2833 1549 2888 καὶ
1582 2831 1798 2906 θέλημα
1835 2837 1930 2888 τοῦ

280 2927 495 3000 Πατρὸς
545 2927 806 3002 ὑπάρχων
853 2925 880 2978 ὁ
936 2924 1110 2997 Λόγος
1164 2922 1401 2998 γίνεσθαι
1449 2923 1536 2977 καὶ
1572 2922 1731 2985 αὐτὸς
1763 2921 1930 2993 θελή-

282 3037 418 3088 ματι
462 3015 554 3070 καὶ
604 3014 888 3089 βουλήσει,
939 3013 1014 3075 ὡς
1065 3015 1178 3085 (60)
1223 3008 1490 3080 ἕκαστος,
1544 3011 1589 3066 εἰ
1645 3014 1743 3085 μὴ,
1792 3013 1931 3076 καθά

277 3111 571 3178 προεῖπον,
624 3103 873 3178 μανέντες
921 3101 1083 3158 πάλιν
1131 3099 1354 3156 εἷ’πωσιν
1405 3102 1566 3156 αὐτὸν
1619 3098 1688 3155 δι’
1739 3102 1928 3156 ἑαυτοῦ

274 3195 572 3270 γεγονεναι,
605 3193 640 3262 ἣ
674 3190 744 3248 δι’
769 3193 952 3267 ἑτέρου
998 3190 1146 3253 τινός
1175 3210 1188 3260 ;
1221 3189 1316 3252 Τίς
1358 3188 1448 3244 οὖν
1480 3188 1614 3259 ἐστι,
1648 3187 1716 3244 δι’
1751 3188 1812 3245 οὗ
1841 3189 1926 3264 γέ-

273 3304 401 3358 γονε
435 3301 449 3351 ;
480 3281 876 3346 Πλασάσθωσαν
907 3277 1089 3354 ἓτερον
1121 3279 1316 3354 Λόγον,
1343 3281 1430 3334 καὶ
1455 3278 1537 3350 ira}
1565 3277 1924 3335 Οὐαλεντίνου
1956 3315 1998 3383 C

277 3371 661 3448 ζηλώσαντες,
708 3372 937 3447 Χριστὸν
980 3367 1165 3445 ἰτερον
1217 3368 1658 3441 όνομασάτωσαν·
1710 3371 1774 3423 οὐ
1823 3369 1923 3444 γὰρ

272 3462 605 3537 γέγραπται,
652 3458 832 3515 Ἀλλά
876 3456 974 3514 κᾶν
1023 3456 1361 3530 πλάσωνται,
1411 3459 1626 3519 πάντως
1679 3457 1924 3519 κάκεῖνος

273 3548 365 3604 διά
395 3569 542 3612 τινος
583 3548 807 3625 γίνεται·
840 3548 930 3603 καὶ
981 3546 1175 3603 λοιπὸν
1229 3547 1400 3609 οὕτως
1455 3545 1927 3622 ἐπιλογιζομὲνων

270 3642 462 3713 ἡμῶν,
495 3639 583 3694 καὶ
630 3637 1024 3716 ἀνακρινόντων
1069 3639 1168 3706 τὴν
1216 3634 1542 3700 ἀκολουθίαν
1596 3638 1729 3709 (61),
1783 3635 1930 3712 εὑρί-

273 3749 458 3784 σκεται
507 3733 613 3782 τῶν
655 3728 824 3783 ἀθέων
865 3730 899 3796 ἡ
948 3724 1332 3804 πολυκέφαλος
1381 3723 1581 3801 αἵρεσις
1633 3723 1712 3787 εἷς
1755 3723 1929 3780 πολυ-

275 3819 510 3888 θεότητα
560 3817 832 3872 πίπτουσα
877 3816 964 3870 καὶ
1023 3816 1255 3890 ἄμετρον
1308 3814 1517 3888 μανίαν,
1569 3812 1620 3868 ἐν
1663 3835 1698 3887 ῃ
1729 3812 1930 3886 κτίσμα

273 3906 366 3961 καὶ
396 3904 449 3976 ἐξ
480 3906 582 3961 οὐκ
620 3902 788 3960 ὄντων
831 3904 1078 3966 Θὲλοντες
1131 3905 1262 3959 εἶναι
1303 3903 1394 3958 τὸν
1441 3904 1586 3971 Υἱὸν,
1639 3903 1833 3975 ἑτέρως
1861 3903 1931 3957 τὰ

273 3994 416 4050 αὐτὰ
447 3996 561 4068 (62)
594 3992 942 4066 σημαίνουσι,
980 3991 1245 4068 βούλησιν
1295 3993 1385 4045 καὶ
1425 3989 1645 4061 θέλησιν
1678 3985 1930 4066 προϐαλ-

277 4079 532 4157 λόμενοι,
566 4082 600 4137 ἃ
634 4083 870 4156 μάλιστα
900 4081 985 4137 ἐπὶ
1017 4086 1126 4136 τῶν
1152 4085 1387 4157 γενητῶν
1423 4082 1534 4154 (63)
1564 4079 1653 4134 καὶ
1696 4083 1928 4134 κτιστῶν

271 4177 446 4230 ταῦτα
475 4172 718 4249 εὐλόγως
759 4169 819 4227 ἂν
871 4169 1110 4248 λέγοιτο.
1159 4175 1283 4233 Πῶς
1333 4168 1423 4224 οὖν
1475 4170 1578 4224 οὐκ
1628 4163 1815 4230 ἀσεϐὲς
1863 4169 1931 4223 τὰ

269 4267 382 4317 τῶν
418 4266 658 4337 γενητῶν
689 4260 779 4316 ἐπὶ
822 4261 913 4316 τὸν
960 4260 1304 4336 Δημιουργὸν
1354 4259 1632 4336 ἀναφέρειν
1668 4259 1781 4332 (64)
1815 4277 1828 4328 ;
1861 4259 1931 4313 Ἥ

265 4357 389 4416 πῶς
420 4351 484 4406 οὐ
539 4350 868 4428 βλάσφημον
913 4347 1090 4425 λέγειν
1141 4347 1406 4424 βούλησιν
1455 4349 1562 4424 πρὸ
1609 4351 1705 4403 τοῦ
1753 4348 1929 4423 Λόγου

339 4516 363 4552 ⁸
393 4519 564 4571 Prov.
594 4530 716 4585 vm,
749 4514 840 4569 14-
948 4514 968 4548 ⁷
1013 4517 1180 4569 Prov.
1231 4528 1318 4580 ιιι,
1367 4511 1455 4566 19.

265 4589 315 4629 η
341 4586 503 4644 Psal.
535 4602 709 4653 Lxxu,
737 4587 828 4641 24.

1566 4510 1588 4546 ⁸
1617 4514 1641 4564 I
1670 4512 1798 4565 Cor.
1846 4525 1888 4581 ι,
1913 4507 2005 4563 24.

2046 2034 2291 2089 conditae
2325 2038 2500 2089 sunt:
2549 2035 2599 2090 si
2629 2036 2903 2092 universa
2933 2040 3127 2092 creata
3158 2039 3368 2093 natura
3399 2037 3698 2094 voluntate

2046 2122 2197 2178 facta
2227 2128 2352 2178 est:
2385 2123 2436 2178 si
2466 2124 2606 2180 item
2639 2122 2856 2180 Paulus
2885 2140 2990 2196 per
3025 2126 3118 2181 Dei
3142 2125 3500 2182 voluntatem
3522 2142 3696 2183 voca-

2043 2214 2142 2266 tus
2189 2215 2279 2266 est
2328 2211 2646 2284 Apostolus
2680 2213 2762 2268 ίοε
2814 2213 2864 2268 si
2913 2214 3166 2286 denique
3214 2220 3414 2271 nostra
3467 2217 3693 2272 vooatio

2045 2300 2341 2372 proposito
2359 2303 2417 2355 et
2435 2299 2735 2357 voluntate
2755 2306 2843 2358 est
2865 2301 3014 2358 facta
3037 2303 3075 2336 “
3103 2321 3116 2370 ;
3149 2303 3345 2359 omnia
3376 2307 3572 2360 autem
3592 2320 3695 2376 per

2041 2386 2299 2444 Verbum
2325 2389 2475 2444 facta
2501 2395 2674 2446 sunt:
2709 2390 2864 2446 haud
2897 2391 3072 2446 dubie
3101 2392 3296 2464 ipsum
3319 2392 3576 2448 Verbum
3603 2409 3694 2448 ex-

2042 2479 2129 2531 tra
2157 2493 2360 2532 eorum
2394 2494 2705 2533 numerum
2749 2483 2839 2534 est
2872 2496 3002 2551 quin
3031 2479 3330 2535 voluntate
3355 2480 3505 2536 facta
3530 2485 3691 2549 sunt,

2041 2564 2128 2620 vel
2180 2567 2374 2638 potius
2429 2567 2627 2622 vivens
2676 2571 2766 2622 est
2823 2569 3008 2624 Patris
3062 2568 3398 2641 consilium,
3456 2569 3515 2626 in
3575 2587 3690 2642 quo

2042 2655 2238 2710 omnia
2269 2654 2371 2710 illa
2418 2657 2568 2712 facta
2616 2662 2793 2723 sunt;
2855 2657 2911 2711 in
2963 2675 3076 2729 quo
3125 2663 3182 2714 et
3233 2663 3471 2714 sanctus
3510 2660 3690 2715 David

2042 2743 2267 2815 psalmo
2312 2745 2745 2817 septuagesimo
2777 2748 3035 2802 secundo
3083 2748 3303 2818 gratias
3358 2747 3449 2802 his
3498 2747 3691 2804 verbis

2041 2833 2270 2904 agebat,
2306 2835 2544 2890 Tenuisti
2571 2852 2803 2890 manum
2830 2835 3112 2891 dexteram
3141 2853 3342 2904 meam,
3382 2838 3433 2891 el
3470 2837 3531 2892 in
3559 2853 3693 2893 con-

2038 2922 2164 2978 silio
2195 2929 2286 2978 tuo
2315 2922 2592 2979 deduxisti
2621 2940 2708 2978 me
2739 2925 2810 2980 ¹².
2865 2926 2974 2990 Qui
3022 2925 3202 2995 igitur
3245 2926 3368 2980 fieri
3401 2929 3594 2995 potest
3626 2929 3691 2980 ut

2038 3011 2316 3081 Verbum,
2351 3013 2507 3083 quod
2557 3012 2870 3069 consilium
2920 3018 2976 3069 et
3021 3013 3295 3070 voluntas
3344 3014 3534 3070 Patris
3572 3018 3684 3085 est,

2038 3101 2234 3172 ipsum
2267 3117 2499 3172 quoque
2529 3103 2826 3158 voluntate
2847 3107 2905 3158 et
2925 3102 3167 3158 arbitrio
3200 3102 3275 3158 sit
3303 3103 3681 3175 productum,

2038 3189 2120 3244 uti
2146 3204 2237 3244 res
2260 3188 2384 3245 aliae
2415 3189 2659 3262 singulae
2685 3191 2713 3246 ‘I
2739 3190 2852 3246 nisi
2885 3193 3052 3259 forte,
3087 3195 3151 3246 ut
3173 3191 3298 3261 jam
3328 3191 3682 3262 dixi,rursus

2037 3278 2400 3336 insanientes
2431 3281 2785 3335 contendant
2813 3280 3005 3351 ipsum
3043 3297 3144 3353 per
3174 3281 3436 3352 seipsum
3459 3281 3546 3337 vel
3581 3295 3684 3353 per

2037 3368 2258 3440 aliquid
2275 3368 2429 3423 aliud
2446 3386 2575 3426 esse
2587 3370 2802 3425 factum
2815 3371 2979 3436 .Quid
2992 3387 3121 3425 nam
3137 3387 3274 3442 ergo
3287 3371 3520 3426 tandem
3535 3369 3680 3426 illud

2036 3462 2123 3512 est
2135 3474 2238 3528 per
2248 3459 2404 3529 quod
2419 3459 2636 3513 factum
2651 3457 2940 3514 est?Aliud
2955 3459 3038 3514 illi
3055 3458 3656 3530 conﬁngantVerbum
3668 3499 3682 3524 ,

2038 3549 2096 3601 et
2147 3545 2440 3601 Valentini
2489 3552 2821 3603 commenta
2868 3548 3180 3620 amplexati
3223 3549 3353 3619 (65),
3387 3547 3683 3604 Christum

2038 3634 2218 3689 alium
2252 3635 2572 3691 nominent.
2607 3636 2762 3691 Nihil
2785 3635 2940 3692 enim
2974 3636 3264 3706 ejusmodi
3295 3637 3515 3692 habent
3536 3637 3686 3692 Scri-

2038 3729 2242 3796 pturaa.
2297 3728 2514 3780 Verum
2560 3725 2610 3781 si
2661 3725 2840 3781 alium
2887 3725 3002 3797 ipsi
3032 3725 3504 3797 excogitaverint,
3537 3730 3689 3782 certe

2038 3811 2134 3867 ille
2164 3828 2398 3884 quoque
2429 3829 2531 3884 per
2573 3812 2826 3885 aliquem
2865 3813 2986 3868 fieri
3019 3812 3301 3868 dicendus
3336 3813 3479 3868 erit:
3514 3819 3692 3884 atque

2039 3903 2181 3957 adeo
2211 3901 2378 3957 nobis
2409 3901 2492 3956 ita
2524 3902 3034 3970 ratiocinantibus,
3068 3902 3327 3973 quidque
3357 3919 3419 3957 ex
3454 3900 3688 3956 illorum

2038 3989 2330 4046 sententia
2359 3994 2642 4062 sequatur
2671 3989 3122 4058 excutientibus,
3158 3990 3540 4046 multiformis
3559 4004 3689 4044 esse

2037 4079 2498 4152 deprehenditur
2526 4079 2841 4151 impiorum
2874 4078 3134 4148 haeresis,
3167 4095 3296 4149 quae
3347 4081 3404 4133 et
3439 4078 3684 4133 deorum

2038 4168 2264 4224 inducit
2290 4167 2755 4235 multitudinem,
2786 4173 2843 4223 et
2871 4167 2930 4222 in
2963 4183 3260 4223 summam
3293 4166 3503 4222 incidit
3525 4167 3685 4222 insa-

2039 4258 2220 4324 niam,
2253 4273 2372 4328 qua
2401 4256 2614 4312 Filium
2645 4261 2702 4312 et
2729 4261 2990 4312 creatum
3024 4259 3082 4312 et
3115 4272 3184 4311 ex
3205 4254 3388 4311 nihilo
3420 4271 3548 4312 esse
3575 4272 3684 4327 pu-

2040 4350 2310 4419 gnantes,
2342 4344 2495 4401 hanc
2545 4361 2715 4402 suam
2764 4345 3125 4417 impietatem
3165 4343 3295 4400 aliis
3323 4345 3515 4401 verbis
3545 4361 3682 4401 con-

2118 4507 2141 4542 ο
2169 4509 2281 4562 Isa.
2310 4522 2388 4578 Ix,
2416 4507 2471 4560 6.
2586 4506 2629 4542 ¹⁰
2657 4511 2681 4562 Ι
2711 4506 2964 4564 Timotb.
2998 4523 3038 4576 ι,
3073 4507 3121 4561 1.
3240 4507 3278 4542 ιι
3309 4507 3521 4580 Ephes.
3557 4526 3597 4577 1,
3628 4509 3684 4563 5.

338 4747 848 4828 _(.55)_Sio__l‘1_ecz'11
889 4746 1129 4828 Seguer.
1183 4742 1412 4828 Gobler.
1462 4747 1520 4799 et
1568 4740 1716 4799 Felc.
1775 4743 1825 4798 1.
1864 4742 1925 4798 In

2046 4733 2217 4814 βουλὴ
2243 4734 2335 4828 καὶ
2367 4736 2586 4828 θέλημα
2610 4741 2708 4828 τοῦ
2740 4734 2972 4828 [ξοὶτρὸςη
2997 4738 3260 4828 ὁπαρχων
3378 4746 3558 4828 Λόγγος
3591 4737 3684 4793 δύ-

267 4813 406 4878 οιῖἱε
437 4813 496 4876 et
522 4813 778 4876 editione
811 4813 1090 4873 Commel.
1123 4813 1211 4869 καί
1242 4817 1424 4870 deest.

340 4893 458 4965 (56)
489 4892 582 4946 Sic
612 4892 843 4965 primus
870 4887 1318 4965 code‘nllegius,
1341 4883 1924 4965 Seguerianﬁobler.

266 4969 322 5020 et
347 4956 522 5020 'Fe'lc.
557 4956 718 5034 1.Ἀι
747 4961 846 5017 alii
877 4965 935 5017 et
956 4960 1127 5034 editi,
1168 4956 1445 5034 ἰποίησεῘ
1462 4961 1590 5013 Mox
1633 4957 1773 5029 Reg.
1810 4958 1835 5012 1
1871 4960 1928 5013 et

265 5031 845 5110 Seguer:_omit_tunt.
877 5030 969 5110 καῖ
1000 5033 1136 5110 Θεοῦ
1165 5029 1347 5110 σο-φία.
1404 5104 1414 5110 _
1464 5100 1497 5110 Α
1691 5099 1701 5110 ,

338 5100 458 5190 (5⁷)
491 5106 840 5190 servisse
867 5105 1047 5190 φάει
1099 5100 1317 5190 Βθεὲὶιε
1366 5104 1432 5190 at,
1455 5100 1927 5190 ἓεῖεέιρῗὲεπξιεηΑΡ

266 5171 369 5235 alii
403 5171 463 5235 et
494 5171 658 5245 editi,
685 5175 904 5248 uirgineo
930 5180 1030 5244 τῆς
1066 5171 1336 5248 μεγ-ἆλης.
1376 5171 1548 5248 Paulo
1571 5175 1704 5242 post
1733 5171 1872 5242 Reg.
1894 5173 1920 5226 1

265 5256 326 5308 et
355 5242 726 5324 Seguerignq
761 5242 1076 5324 διελέγχειν
1096 5242 1224 5306 τους
1256 5242 1590 5324 ἀνθρῴ-πινα.

339 5312 472 5395 (58)
488 5322 579 5395 _Sic
611 5312 750 5395 Reg.
782 5321 835 5395 1,
868 5312 1105 5395 δέξο-ον.
1142 5312 1370 5395 Anglic;
1403 5314 1571 5395 Gobl.
1595 5312 1833 5395 ειβθχο.
1870 5313 1921 5380 1,

269 5384 729 5464 ιιιέι’ΝειῐιυίυΞ
777 5384 976 5464 legit:
1003 5390 1206 5464 caeteri
1236 5384 1434 5464 autem
1465 5391 1526 5464 et
1547 5385 1724 5442 editio
1754 5384 1924 5464 Com-

267 5466 438 5539 mel.,
470 5455 891 5539 '{évovetetdw‘a
924 5459 982 5516 δὲ
1013 5457 1100 5516 διὰ
1129 5464 1225 5515 τοῦ
1257 5458 1434 5533 Λόγου
1465 5455 1707 5533 γέγονεν,
1741 5456 1926 5512 omis-

271 5537 362 5594 sis
394 5537 788 5593 intermediis.

339 5610 457 5683 (59)
491 5608 656 5665 Gobl.
689 5613 746 5666 et
779 5607 924 5664 Felc.
960 5607 1015 5674 1,
1045 5597 1120 5665 ὥς
1166 5595 1337 5657 Λαϐὶδ
1370 5599 1707 5677 εὐχαριστῶν
1767 5618 1922 5674 φησι.

270 5679 642 5754 Ἐκράτησας;
860 5748 872 5754 _
1085 5747 1165 5754 __
1402 5748 1447 5754 ._
1493 5744 1505 5754 .
1570 5747 1578 5754 .
1693 5741 1726 5754 ..
1866 5740 1876 5752 .

363 5700 589 5826 60313::
596 5700 753 5826 clieg.
785 5748 1012 5826 primus
1045 5751 1103 5803 et
1130 5747 1368 5826 Segner.
1399 5744 1661 5826 ‘HeLbetur
1675 5741 1830 5826 _i_t_em
1860 5740 1924 5826 in

271 5812 512 5885 Gobler.
545 5828 604 5882 et
630 5812 950 5893 edictae;
976 5812 1301 5886 ικαστοςῖει
1334 5816 1435 5890 μή.
1466 5815 1644 5885 Editi,
1675 5817 1797 5874 Πῶς
1829 5812 1921 5868 οὖν

597 5954 865 6019 Ριπιοι..
911 5951 1023 6015 Gn.
1069 5947 1290 6014 XXVI.

2035 4807 2188 4936 ἕαται
2246 4807 2522 4936 γίγγςεσθαί
2575 4809 2666 4865 καὶ
2722 4807 2881 4873 αὐτὸς
2943 4807 3206 4886 βουλήσει
3261 4810 3352 4863 καὶ
3422 4807 3681 4881 θελήσεις

2061 4901 2188 4936 κτος
2220 4901 2265 4934 ει
2298 4903 2336 4936 ιι
2383 4923 2396 4936 .

2061 4882 2726 5028 3f(i)i(i)mitiigiousprimus
2770 4953 3265 5028 et__Seguerianus
3304 4951 3405 5019 τὴν
3455 4950 3685 5008 ἀκολου-

2037 5022 2174 5088 θίαν.
2203 5022 2321 5080 ἈΙίἰ
2342 5022 2410 5081 ἒῒ.
2437 5022 2600 5088 editi.
2629 5026 2730 5095 τὴν
2759 5022 3038 5094 ἀλήθειαν.

2105 5096 2214 5180 (62)
2249 5097 2468 5169 Regius
2499 5099 2748 5170 primus,
2781 5098 3019 5168 Seguer.
3053 5094 3283 5151 Gobler.
3335 5099 3396 5150 et
3441 5095 3590 5154 Felc.
3628 5100 3682 5170 1,

2033 5187 2500 5312 fafggiFelckm.
2533 5241 2588 5304 5,
2625 5239 2728 5295 hic.
2748 5242 2816 5312 et
2837 5237 3196 5312 paulopost,
3226 5241 3522 5312 γεννητῶν.
3557 5244 3685 5298 Mox

2038 5308 2178 5384 Reg.
2212 5312 2266 5377 1,
2311 5310 2546 5384 λέγοιτο.
2582 5308 2945 5383 Segueriun.,
2980 5308 3251 5382 λέγοιντο.
3290 5311 3400 5365 Alii
3435 5317 3491 5367 et
3540 5313 3683 5369 editi

2032 5381 2746 5534 Té(6iit)oiiegiusprimus,
2777 5459 3014 5534 {segnem
3049 5451 3277 5534 Gobler.
3315 5457 3379 5534 et
3416 5451 3564 5534 Felc.
3629 5456 3681 5534 1,

2034 5522 2336 5599 ἀναφέρειν.
2387 5522 2584 5579 Castori
2633 5530 2690 5579 et
2731 5522 2902 5589 rediti,
2959 5522 3298 5599 μεταφέρειν.
3347 5524 3520 5579 Paulo
3554 5522 3688 5598 post

2035 5600 2283 5652 uterque
2317 5595 2551 5652 Regius.
2583 5596 2822 5652 Seauer.
2857 5595 3026 5651 Basil.
3063 5603 3119 5651 et
3147 5594 3399 5652 Analic..
3459 5594 3592 5650 εἶναι
3629 5596 3681 5652 ἐν

2035 5611 2283 5666 uterque
2317 5611 2396 5650 ne
2441 5613 2551 5663 ius,
2583 5611 2822 5666 neguer.
2859 5611 3026 5651 uasu.
3063 5611 3119 5651 et
3147 5611 3399 5668 Anglic.,
3459 5611 3592 5650 ειναι
3629 5611 3681 5652 εν

2031 5670 2120 5740 τῷ,
2143 5612 2481 5740 Πατρί.Αῆὶἱ
2513 5672 2571 5723 et
2599 5666 2925 5740 Θάὶῐίνεῖναι
2961 5665 3012 5740 εν
3045 5669 3160 5737 Θεῷ
3191 5665 3382 5740 Πατρί.

2104 5738 2220 5815 (65)
2253 5738 2405 5815 Vide
2424 5740 2707 5815 Irenzsum
2737 5739 2838 5815 lib.
2874 5757 2893 5794 1
2915 5739 3182 5796 Adversus
3204 5738 3461 5815 haereses,
3496 5743 3686 5814 cap.1,

2032 5814 2090 5868 et
2114 5809 2515 5884 'Ep'iphanium
2547 5811 2754 5870 heresi
2780 5827 2935 5868 m1.

3327 5943 3402 6000 15
