4076 6404
445 27 482 32 μ-υ-
491 16 704 35 ,εξε-τψξὲ⁴“;-
713 23 720 28 “

903 29 1134 39 -ῃ-η--νη-
1159 34 1190 40 η..
1207 35 1292 40 .-..-..
1315 39 1326 41 ,,
1347 38 1362 41 _.

391 454 506 513 459
545 411 560 420 ”

929 449 992 513 S.
1040 447 1465 511 ATHANASII
1511 449 1684 510 OPP.
1731 447 1929 510 PARS
1973 448 2021 510 Ι.
2057 483 2132 492 -
2167 447 2583 512 HISTORICA
2632 452 2731 512 ET
2775 451 3254 515 DOGMATICA.

3684 458 3805 518 460

387 588 614 658 tegunt,
669 600 804 640 cum
858 583 1180 640 voluntatis
1246 587 1303 638 et
1371 583 1597 638 arbitrii
1664 583 2027 654 praetendunt

2148 582 2279 634 εἶναι
2310 581 2362 636 ἐν
2413 587 2493 654 τῷ
2543 581 2751 658 Πατρί;
2784 583 2848 638 Εἰ
2903 584 3005 659 γὰρ
3058 589 3376 662 προηγεῖται
3435 584 3699 658 βούλησις
3745 586 3797 642 ἐν

387 674 649 741 nomina,
669 688 797 744 qua
827 673 1086 744 quidem,
1102 687 1238 726 cum
1261 672 1330 726 de
1363 670 1530 727 factis
1546 675 1604 727 et
1632 671 1841 727 creatis
1861 672 2036 726 rebus

389 779 580 821 sermo
610 768 719 831 est,
756 766 909 818 recte
951 761 1327 817 adhibentur.
1360 762 1567 815 Annon
1617 775 1753 833 ergo
1784 760 2034 833 impium

389 858 480 910 est
536 868 620 921 ea,
652 869 776 923 qua)
836 867 1031 907 rerum
1088 850 1374 906 factarum
1436 849 1674 922 propria
1723 854 1880 919 sunt,
1921 849 2035 922 ipsi

391 942 678 999 ascribere
726 941 1028 997 Creatori?
1057 944 1266 994 Annon
1299 941 1464 994 nefas
1510 939 1672 994 dictu
1705 943 1793 994 est
1830 937 2035 994 volun-

385 1035 568 1088 tatem
587 1034 722 1087 ante
750 1029 1007 1086 Verbum
1025 1029 1084 1084 in
1110 1028 1276 1083 Patre
1297 1044 1425 1083 esse
1446 1027 1473 1082 ?
1497 1028 1556 1083 Si
1578 1029 1734 1084 enim
1765 1027 2036 1084 voluntas

388 1121 452 1177 in
483 1121 650 1176 Patre
681 1118 973 1192 precedit,
990 1134 1105 1172 non
1127 1133 1262 1188 ergo
1295 1133 1496 1172 verum
1529 1116 1670 1172 dicit
1699 1116 1880 1172 Filius
1901 1132 2036 1172 curn

391 1211 492 1280 ait,
520 1212 630 1280 Ego
659 1211 725 1266 in
754 1212 922 1265 Patre
955 1208 1038 1269 *3;
1095 1211 1196 1262 aut
1242 1206 1293 1261 si
1341 1205 1466 1278 ipse
1517 1222 1750 1278 quoque
1781 1205 1838 1260 in
1874 1206 2036 1261 Patre

388 1305 497 1370 est,
533 1303 686 1355 certe
710 1297 1008 1354 secundus
1040 1296 1098 1350 in
1149 1294 1249 1350 illo
1288 1311 1418 1350 esse
1447 1294 1899 1362 existimabitur,
1934 1310 2037 1350 nec

387 1406 522 1447 eum
554 1387 824 1444 convenit
853 1386 1066 1451 dicere,
1094 1386 1207 1456 Ego
1250 1385 1312 1438 in
1359 1385 1549 1455 Patre,
1581 1400 1716 1439 cum
1763 1383 2037 1439 voluntas

388 1479 448 1535 in
479 1494 598 1550 qua
625 1476 824 1532 omnia
852 1475 1005 1530 facta
1030 1477 1190 1541 sunt,
1223 1477 1278 1528 et
1307 1473 1366 1527 in
1409 1489 1524 1544 qua
1555 1473 1681 1545 ipse
1711 1473 2036 1528 secundum

386 1584 490 1624 vos
522 1566 630 1622 fuit
651 1561 1158 1638 productus,prior
1185 1561 1314 1633 ipso
1349 1562 1445 1617 sit.
1468 1561 1614 1617 Nam
1648 1560 1883 1617 etiamsi
1915 1560 2036 1633 glo-

2145 674 2224 742 τῷ
2276 671 2467 746 Πατρὶ,
2514 671 2613 726 οὐκ
2660 669 2915 742 ἀληθεύει
2969 672 3141 748 λέγων
3193 675 3221 728 6
3270 673 3416 745 Υἱὸς,
3452 675 3593 749 Ἐγὼ
3638 675 3690 729 ἰν
3722 680 3801 749 τῷ

2146 759 2334 835 Πατρί·
2368 760 2404 829 ἢ
2438 781 2481 815 ει
2512 761 2598 815 καὶ
2651 761 2813 824 αὐτὸς
2865 764 2984 836 (66)
3032 761 3084 817 ἐν
3129 767 3209 835 τῷ
3257 762 3426 840 Πατρί
3458 762 3617 832 ἐστιν,
3652 764 3800 821 ἀλλὰ

2147 844 2395 923 δεύτερος
2442 847 2850 926 λογισθήσεται,
2879 853 2964 905 καὶ
3019 850 3117 906 οὐκ
3164 846 3362 927 ἔπρεπε
3395 852 3574 928 λέγειν
3613 853 3796 924 αὐτὸν,

2146 937 2285 1012 Ἐγὼ
2315 936 2366 992 ἐν
2412 943 2491 1010 τῷ
2541 940 2732 1013 Πατρὶ,
2785 937 2952 1010 οὔσης
3007 939 3326 1016 βουλήσεως
3375 944 3480 1018 πρὸ
3525 943 3710 1013 αὖτοῦ,
3743 942 3795 999 ἐν

2144 1025 2181 1099 ἦ
2212 1027 2278 1081 τὰ
2298 1026 2467 1082 πάντα
2497 1029 2686 1102 γέγονε
2719 1031 2856 1102 (67),
2882 1030 2969 1084 καὶ
3026 1029 3188 1093 αὐτὸς
3224 1032 3426 1101 ὑπέστη
3481 1035 3598 1087 καθ’
3632 1034 3794 1106 ὑμᾶς.

2147 1114 2250 1169 Κᾶν
2283 1115 2385 1189 γὰρ
2431 1120 2500 1190 τῇ
2556 1114 2684 1191 δόξῃ
2740 1115 2989 1194 διαφέρῃ,
3023 1117 3150 1174 ἀλλ’
3178 1118 3329 1175 οὐδὲν
3377 1121 3542 1190 ἦττον
3575 1124 3652 1184 εἷς
3683 1121 3794 1177 ἐστι

2143 1209 2252 1258 τῶν
2285 1203 2344 1259 ἐκ
2399 1204 2716 1280 βουλήσεως
2760 1207 3081 1280 γινομένων.
3114 1209 3202 1271 Ὠς
3235 1207 3292 1263 δὲ
3322 1210 3376 1265 ἐν
3422 1214 3539 1272 τοῖς
3587 1209 3795 1286 ἔμπρο-

2148 1296 2265 1348 σθεν
2321 1292 2635 1369 εἰρήκαμεν,
2694 1294 2738 1350 εἷ
2793 1293 2966 1358 οὕτως
3019 1296 3152 1367 ἐστὶ,
3185 1303 3304 1361 πῶς
3357 1300 3385 1353 6
3427 1300 3521 1372 μὲν
3577 1299 3795 1376 Κύριος,

2145 1383 2211 1437 τὰ
2242 1379 2298 1438 δὲ
2329 1380 2499 1438 δοῦλα
2532 1403 2545 1453 ;
2578 1383 2800 1441 Πάντων
2985 1383 3041 1440 δὲ
3094 1385 3288 1460 Κύριος
3328 1390 3586 1465 τυγχάνει
3617 1391 3796 1459 οὗτος,

2147 1473 2229 1526 ὅτι
2259 1476 2328 1546 τῇ
2357 1476 2454 1527 τοῦ
2503 1475 2712 1550 Πατρὸς
2760 1473 3044 1550 κυριότητι
3096 1476 3323 1545 ἥνωται·
3357 1478 3442 1532 καὶ
3504 1480 3720 1540 πάντως
3763 1481 3798 1548 ἡ

2145 1559 2318 1624 κτίσις
2371 1558 2567 1633 δούλη,
2601 1561 2714 1617 ἐπεὶ
2773 1562 2926 1626 ἐκτὸς
2981 1571 3083 1634 τῆς
3132 1569 3230 1620 τοῦ
3286 1567 3494 1643 Πατρὸς
3549 1567 3802 1638 ἑνότητός

387 1657 478 1713 ria
505 1635 759 1723 differat,
791 1652 1179 1708 nihilominus
1208 1668 1363 1707 unus
1411 1657 1502 1706 est
1546 1666 1614 1706 ex
1662 1650 1754 1707 his
1785 1667 1910 1722 qum
1941 1667 2027 1706 vo-

2147 1650 2280 1722 ὲστι,
2308 1651 2394 1705 καὶ
2424 1652 2531 1705 οὐκ
2561 1649 2692 1705 οὗσά
2714 1673 2847 1707 ποτε
2875 1651 3061 1728 γέγονε
3093 1656 3226 1728 (69).

386 1745 615 1802 luntate
645 1744 1000 1800 efﬁciuntur.
1035 1745 1231 1809 Porro,
1263 1744 1326 1796 ut
1355 1744 1488 1796 ante
1520 1740 1797 1809 diximus,
1828 1741 1878 1795 si
1906 1741 1988 1796 ita
2017 1755 2080 1797 se
2109 1757 2203 1797 res
2232 1741 2432 1810 habet,
2463 1757 2645 1814 quare
2677 1743 2858 1815 igitur
2884 1743 2983 1800 ille
3013 1745 3297 1802 Dominus
3327 1751 3437 1812 est,
3469 1762 3562 1803 res
3600 1752 3796 1804 autem

389 1835 514 1893 aliae
545 1836 605 1890 in
638 1849 937 1890 servorum
970 1847 1214 1887 numero
1246 1829 1586 1886 habentur?
1632 1829 1924 1885 Nimirum
1972 1829 2254 1886 Dominus
2279 1830 2375 1886 ille
2422 1835 2531 1899 est,
2564 1832 2702 1904 quia
2757 1833 2948 1889 Patris
2993 1835 3382 1891 dominationi
3430 1841 3520 1892 est
3549 1837 3750 1893 unitus
3782 1855 3796 1894 :

384 1941 478 1982 res
509 1929 704 1982 autem
735 1926 937 1980 crestae
971 1921 1030 1976 in
1086 1936 1385 1978 servorum
1445 1924 1586 1976 sunt
1636 1935 1902 1991 numero,
1934 1920 2075 1991 quia
2126 1923 2287 1976 extra
2319 1921 2509 1978 Patris
2541 1921 2824 1978 unitatem
2853 1922 3164 1992 exsistunt,
3197 1927 3256 1980 et
3299 1924 3459 1981 factis
3491 1931 3632 1982 sunt
3661 1943 3795 1982 cum

382 2013 701 2086 aliquando
731 2029 848 2068 non
879 2014 1098 2068 essent.

453 2105 542 2159 65.
575 2106 738 2158 Certe
769 2117 904 2157 cum
959 2097 1172 2154 Filium
1206 2097 1407 2154 volunt
1458 2097 1758 2154 voluntate
1812 2098 2030 2153 factum

384 2209 534 2261 esse,
567 2191 775 2264 quidni
806 2189 982 2246 etiam
1034 2187 1345 2260 prudentia
1378 2188 1594 2242 factum
1640 2203 1769 2242 esse
1797 2203 2032 2243 asseve-

382 2281 555 2338 rent?
583 2281 725 2336 Nam
755 2279 910 2334 idem
942 2293 1072 2333 esse
1115 2276 1368 2332 arbitror
1408 2275 1772 2330 voluntatem
1803 2279 1861 2330 et
1892 2291 2028 2347 pru-

383 2370 664 2428 dentiam.
697 2374 775 2424 De
830 2383 945 2440 quo
995 2367 1152 2422 enim
1203 2367 1334 2436 quis
1383 2363 1698 2429 consultat,
1732 2365 1837 2419 hoc
1872 2364 2028 2420 idem

382 2460 697 2533 prudentia
726 2453 1070 2529 perpendit:
1103 2452 1502 2524 vicissimque,
1537 2452 1692 2524 quod
1724 2451 1855 2523 quis
1887 2468 2025 2523 pru-

381 2549 580 2606 dentia
597 2545 924 2620 perpendit,
957 2544 1028 2599 de
1058 2543 1167 2598 hoc
1196 2541 1399 2597 eodem
1422 2539 1716 2597 consultat
1735 2544 1792 2596 et
1811 2538 2028 2596 delibe-

382 2643 490 2696 rat.
527 2636 671 2693 Hinc
690 2635 792 2691 illa
822 2633 1084 2690 Salvator
1100 2635 1308 2686 mutua
1336 2630 1488 2686 inter
1510 2647 1571 2685 se
1604 2630 1825 2685 ratione
1851 2628 2027 2684 veluti

378 2743 660 2813 germana
687 2723 866 2781 simul
890 2722 982 2778 his
1011 2721 1204 2777 verbis
1225 2719 1516 2791 copulavit
1540 2736 1553 2774 :
1586 2719 1760 2775 Meum
1789 2723 1872 2774 est
1899 2735 2027 2774 con-

377 2808 584 2874 silium
612 2819 665 2870 et
689 2813 978 2878 securitas,
998 2827 1121 2866 mea
1152 2813 1230 2865 est
1256 2808 1572 2880 prudentia,
1604 2824 1729 2863 mea
1757 2812 1838 2863 est
1855 2809 2026 2878 forti-

377 2907 506 2964 tudo
541 2906 606 2962 1‘.
637 2903 785 2960 Nam
839 2905 904 2958 ut
935 2899 1214 2958 fortitudo
1261 2902 1318 2953 et
1367 2897 1652 2953 securitas
1699 2897 1854 2953 idem
1915 2900 2024 2966 est,

378 3011 513 3052 cum
545 2994 747 3051 eadem
779 2992 856 3048 sit
875 2990 1062 3046 virtus
1081 2993 1140 3044 et
1166 2987 1427 3060 potentia
1453 3002 1465 3041 :
1498 2986 1582 3041 ita
1601 2986 1754 3042 idem
1776 2991 1864 3041 est
1890 3003 2027 3057 pru-

359 3083 579 3142 .dentia
620 3087 676 3138 et
725 3079 1062 3147 consilium,
1097 3093 1224 3150 quae
1259 3076 1383 3147 ipse
1415 3074 1564 3130 487
1601 3075 1888 3130 Dominus
1917 3078 2025 3131 est.

377 3176 451 3230 At
472 3171 682 3229 nolunt
711 3167 1102 3241 impiiFilium
1133 3164 1390 3221 Verbum
1411 3168 1470 3220 et
1485 3163 1686 3219 vivens
1716 3162 2026 3218 consilium

377 3278 544 3319 esse:
569 3260 670 3316 sed
699 3256 1096 3331 prudentiam,
1116 3253 1427 3312 consilium
1456 3257 1514 3308 et
1535 3252 1886 3324 sapientiam
1906 3251 2027 3308 vel-

379 3355 446 3407 ut
474 3348 742 3406 habitum
789 3345 1106 3418 quemdam
1154 3348 1290 3407 Deo,
1346 3341 1601 3396 humano
1642 3356 1822 3405 more,
1853 3341 2026 3397 modo

379 3441 606 3505 adesse,
639 3436 807 3493 modo
855 3434 1059 3490 abesse
1091 3433 1342 3505 fingunt,
1388 3446 1742 3501 omnemque
1770 3430 2027 3502 lapidem

381 3531 637 3596 movent,
688 3541 756 3582 ac
787 3521 1080 3580 Valentini
1123 3521 1491 3594 praetendunt
1529 3519 1942 3592 cogitationem
1974 3524 2031 3576 et

378 3617 759 3685 voluntatem,
790 3629 858 3669 ea
887 3615 1114 3668 tantum
1145 3614 1338 3665 mente
1369 3613 1434 3664 ut
1458 3608 1669 3664 Filium
1701 3613 1976 3680 separent
1997 3625 2031 3664 a

381 3710 572 3774 Patre,
606 3719 712 3761 nec
742 3702 1046 3775 proprium
1075 3699 1243 3756 illum
1275 3700 1465 3754 Patris
1490 3698 1745 3754 Verbum
1779 3698 1878 3754 sed
1905 3714 2027 3754 rem

384 3799 636 3854 creatam
692 3809 821 3849 esse
869 3791 1178 3847 fateantur.
1219 3793 1351 3842 Haec
1404 3786 1604 3857 itaque
1648 3785 1780 3842 illos
1827 3785 2029 3842 audire

382 3883 650 3943 convenit
679 3881 898 3938 similia
919 3879 1033 3950 bis,
1056 3895 1182 3949 qua:
1204 3877 1340 3932 olim
1365 3877 1437 3932 ad
1466 3877 1759 3932 Simonem
1791 3875 2027 3947 Magum

378 3976 533 4033 diota
561 3977 702 4031 sunt
733 3972 814 4026 “1
871 3969 1146 4042 Impietas
1191 3965 1479 4021 Valentini
1529 3965 1833 4021 vobiscum
1863 3965 1939 4019 sit
1967 3963 2026 4019 in

378 4061 716 4122 interitum!
749 4059 1010 4130 Quisque
1047 4060 1242 4113 autem
1273 4054 1566 4111 Salomoni
1603 4056 1798 4126 potius
1830 4054 2030 4110 credat

373 4154 634 4210 Verbum
667 4149 1016 4222 sapientiam
1037 4151 1093 4202 et
1124 4145 1494 4218 prudentiam
1519 4160 1646 4199 esse
1679 4143 2028 4211 dicenti,cu-

371 4244 475 4316 jus
506 4243 626 4298 haec
675 4237 957 4295 nimirum
1009 4239 1148 4292 sunt
1205 4234 1420 4290 verba:
1462 4233 1727 4290 Dominus
1755 4233 2029 4303 sapientia

381 4333 638 4405 [undavit
667 4337 890 4393 terram,
921 4330 977 4382 et
1005 4324 1168 4380 cwlos
1201 4325 1260 4380 in
1275 4323 1590 4395 prudentia
1615 4323 1842 4394 paravit
1861 4322 1924 4376 1⁸.
1957 4321 2029 4377 Ut

382 4439 516 4479 vero
547 4419 644 4476 hic
672 4417 848 4474 cenios
876 4415 936 4471 in
968 4413 1302 4487 prudentia,
1337 4413 1416 4468 ita
1453 4412 1512 4468 in
1547 4409 1830 4468 Psalmis:
1866 4410 2027 4467 Verbo

2210 2099 2300 2153 65.
2328 2093 2474 2152 Ἔδει
2507 2093 2565 2152 δὲ
2615 2096 2834 2167 αὐτοὺς,
2892 2095 3154 2174 λέγοντας
3211 2097 3470 2174 βουλήσει
3523 2101 3614 2156 τὸν
3645 2103 3794 2171 ι’ἱὸν,

2141 2184 2333 2255 εἰπεῖν,
2369 2187 2450 2240 ὅτι
2481 2188 2567 2241 καὶ
2627 2189 2886 2262 φρονήσει
2939 2187 3143 2264 γὲγονε·
3175 2189 3370 2244 ταύτὸν
3419 2189 3520 2265 γὰρ
3551 2192 3793 2265 ἡγοῦμαι

2139 2271 2398 2348 φρόνησιν
2432 2275 2544 2346 (70)
2571 2275 2657 2328 καὶ
2722 2273 2986 2348 βούλησιν
3041 2277 3195 2332 εἶναι.
3229 2279 3296 2334 *Ο
3325 2276 3425 2351 γὰρ
3478 2277 3795 2352 βουλεύεταί

2136 2381 2242 2432 τις,
2297 2365 2456 2417 τοῦτο
2511 2363 2728 2425 πάντως
2760 2364 2846 2418 καὶ
2903 2370 3110 2441 φρονεῖ·
3167 2367 3253 2420 καὶ
3289 2367 3317 2420 ὃ
3371 2371 3573 2444 φρονεῖ,
3629 2372 3791 2423 τοῦτο

2136 2451 2223 2504 καὶ
2263 2448 2604 2524 βουλεύεται.
2638 2450 2813 2514 Αὐτὸς
2865 2457 2990 2526 γοῦν
3025 2456 3136 2526 (71)
3172 2455 3199 2508 ὁ
3231 2457 3429 2531 Σωτήρ
3461 2457 3536 2518 ὡς
3584 2454 3792 2535 ἀδελφὰ

2135 2543 2302 2593 ταῦτα
2335 2543 2401 2613 τῇ
2435 2539 2701 2615 ἀναλογίᾳ
2749 2544 2978 2615 συνῆψεν
3035 2544 3149 2616 ἅμα
3181 2541 3377 2618 λέγων·
3414 2546 3553 2618 Έμή
3613 2545 3789 2621 βουλὴ

2137 2627 2225 2682 καὶ
2283 2626 2590 2705 ἀσφάλεια,
2648 2627 2755 2702 ἐμή
2815 2629 3116 2707 φρόνησις,
3177 2630 3284 2704 ἐμή
3345 2629 3404 2687 δὶ
3460 2632 3618 2708 ἰσχύς
3651 2678 3662 2690 .
3700 2636 3788 2697 Ὠς

2135 2715 2236 2790 γὰρ
2288 2714 2442 2791 ἰσχὺς
2492 2717 2582 2772 καὶ
2631 2716 2896 2796 ἀσφάλεια
2942 2719 3134 2774 ταύτόν
3182 2719 3354 2793 ἐστιν,
3403 2724 3438 2791 ἡ
3489 2722 3624 2791 αὐτή
3684 2725 3836 2800 γιΞιρΧ

2139 2802 2364 2878 δύναμίς
2397 2805 2554 2860 ἐστιν·
2591 2805 2734 2862 οὕτω
2781 2808 2976 2864 ταύτόν
3025 2807 3165 2865 ἐστιν
3217 2810 3386 2866 εἰπεῖν
3437 2812 3536 2880 τὴν
3584 2812 3790 2889 φρόνη-

2137 2914 2219 2948 σιν
2250 2895 2337 2948 καὶ
2366 2895 2468 2964 τὴν
2517 2893 2723 2971 βουλήν
2777 2899 2890 2968 (72)
2937 2897 3090 2971 εἶναι,
3126 2900 3261 2975 ἅπερ
3309 2899 3446 2955 ἐστὶν
3499 2902 3527 2955 6
3569 2903 3786 2977 Κύριος.

2138 2982 2295 3038 Ἀλλ’
2342 2984 2394 3038 οἱ
2442 2979 2650 3046 ἀσεϐεῖς
2703 2986 2768 3040 οὐ
2819 2985 3038 3042 θέλουσι
3073 2989 3166 3061 μὲν
3214 2989 3390 3064 Λόγον
3445 2990 3534 3044 καὶ
3578 2989 3786 3065 βουλὴν

2140 3077 2311 3141 ζῶσαν
2359 3072 2493 3127 εἶναι
2541 3073 2633 3128 τὸν
2681 3073 2840 3128 Υἱόνυ
2898 3076 3020 3152 περὶ
3073 3073 3128 3131 δὲ
3187 3079 3277 3132 τὸν
3345 3079 3472 3134 Θεὸν
3526 3079 3790 3155 φρόνησιν

2137 3162 2223 3216 καὶ
2262 3160 2466 3237 βουλὴν
2497 3163 2586 3217 καὶ
2619 3163 2804 3241 σοφίαν
2838 3164 2912 3227 ὡς
2959 3163 3064 3236 ἕξιν
3099 3161 3497 3240 συμϐαίνουσαν
3531 3168 3621 3223 καὶ
3653 3170 3788 3225 ἀπο-

2121 3245 2530 3323 ,συμϐαίνουσαν
2607 3251 2958 3328 ἀνθρωπίνως
3035 3254 3276 3330 γίνεσθαι
3355 3256 3788 3333 μυθολογοῦσι,

2137 3339 2227 3394 καὶ
2256 3338 2431 3394 πάντα
2481 3345 2711 3412 κινοῦσι,
2743 3343 2835 3397 καὶ
2881 3343 2980 3412 τὴν
3024 3341 3390 3400 Οὐαλεντίνου
3441 3342 3648 3402 ἔννοιαν
3698 3348 3788 3402 καὶ

2141 3427 2360 3500 θέλησιν
2393 3424 2824 3504 προϐάλλονται,
2850 3429 2943 3487 ’ίνα
2976 3431 3140 3506 μόνον
3175 3431 3505 3505 διαστήσωσι
3536 3436 3626 3491 τὸν
3661 3436 3784 3512 Υἱὸν

2136 3517 2242 3573 ἀπὸ
2269 3523 2366 3573 τοῦ
2399 3519 2627 3595 Πατρὸς,
2661 3521 2751 3575 καὶ
2786 3523 2862 3594 μὴ
2897 3518 3118 3577 εἷ’πωσιν
3169 3520 3303 3579 ἴδιον
3355 3524 3513 3580 αὐτὸν
3555 3531 3651 3580 τοῦ
3682 3531 3788 3580 Πα-

2133 3607 2262 3682 τρὸς
2317 3607 2450 3663 εἶναι
2504 3605 2700 3684 Λόγον,
2761 3607 2907 3667 ἀλλὰ
2963 3610 3184 3686 κτίσμα.
3247 3614 3480 3670 Ἐκεῖνοι
3540 3616 3633 3688 μὶν
3691 3613 3784 3670 οὗν

2135 3695 2495 3770 ἀκουέτωσαν,
2528 3699 2602 3760 ὡς
2656 3698 2841 3772 Σίμων
2893 3701 2920 3754 6
2968 3702 3150 3776 Μάγος
3190 3699 3441 3770 ἤκουσενο
3474 3705 3536 3761 ’11
3570 3699 3787 3759 ἀσέϐεια

2136 3784 2502 3842 Οὐαλεντίνου
2533 3785 2624 3842 σὺν
2677 3787 2805 3860 ὑμῖν
2856 3787 2939 3860 εἷή
2993 3788 3068 3852 εἷς
3101 3789 3374 3847 ἀπώλειαν
3412 3793 3424 3848 !
3456 3789 3676 3854 ἕκαστος
3725 3790 3785 3848 δὲ

2138 3873 2436 3948 Σολομῶνι
2468 3876 2580 3948 (73)
2615 3874 2825 3948 μᾶλλον
2877 3877 3140 3933 πειθέσθω
3190 3877 3398 3955 λέγοντι
3441 3881 3597 3936 αὐτὸν
3649 3883 3783 3937 εἶναι

2136 3961 2326 4041 σοφίαν
2372 3963 2460 4018 καὶ
2505 3964 2764 4040 φρόνησιν
2813 3965 2906 4020 τὸν
2956 3967 3155 4043 Λόγον.
3209 3969 3353 4040 Φησὶ
3401 3969 3522 4047 γάρ·
3555 3972 3615 4028 Ὀ
3656 3973 3786 4034 Θεὸς

2132 4054 2202 4124 τῇ
2260 4050 2426 4128 σοφίᾳ
2482 4051 2806 4125 ἐθεμελίωσε
2878 4055 2977 4125 τὴν
3056 4063 3157 4131 γῆν
3216 4058 3368 4131 (74)·
3401 4058 3670 4133 ἡτοίμασε
3728 4058 3788 4115 δὲ

2137 4139 2397 4214 οὐρανοὺς
2429 4139 2484 4195 ἐν
2537 4143 2794 4219 φρονήσει
2844 4146 2976 4218 (75)·
3032 4146 3107 4208 ὡς
3156 4143 3213 4201 δὲ
3261 4143 3369 4201 ὧδε
3417 4147 3468 4202 ἐν
3503 4152 3784 4226 φρονήσει,

2137 4228 2309 4292 οὕτως
2367 4227 2420 4284 ἐν
2475 4229 2774 4304 Ψαλμοῖς·
2834 4237 2921 4305 Τῷ
2976 4232 3141 4310 Λόγῳ
3199 4235 3396 4312 Κυρίου
3455 4238 3506 4292 οἱ
3565 4237 3786 4315 οὐρανοὶ

2137 4318 2556 4394 ἐστερεώθησαν.
2605 4324 2691 4382 Ὡς
2745 4316 2802 4376 δὶ
2851 4325 2931 4395 τῷ
2986 4323 3151 4398 Λόγῳ
3209 4325 3260 4379 οἱ
3315 4324 3585 4402 οὐρανοὶ,
3643 4327 3788 4384 οὕτω

2135 4407 2330 4478 πάντα,
2361 4407 2461 4462 ὅσα
2490 4409 2602 4482 (76)
2651 4408 2943 4481 ἠθέλησεν,
2993 4409 3237 4483 ἐποίησε·
3290 4414 3379 4468 καὶ
3432 4415 3505 4477 ὡς
3537 4415 3564 4468 ὁ
3619 4416 3787 4471 Ἀπο-

452 4573 496 4609 ¹³
524 4571 695 4628 Joan.
724 4584 841 4636 xxv,
875 4567 961 4622 10.
1039 4565 1083 4601 ¹⁴
1109 4569 1279 4621 Prov.
1310 4580 1432 4632 Vlll,
1468 4563 1553 4618 14.
1630 4563 1674 4598 ¹⁸
1701 4566 1826 4618 Act.
1859 4578 1982 4631 VIII,
2013 4563 2027 4616 Ξ

2182 4561 2226 4598 ³⁸
2257 4564 2423 4618 Prov.
2455 4577 2540 4630 ιιι,
2573 4561 2662 4617 19.

451 4722 562 4795 (66)
592 4719 744 4795 F_elc.
775 4719 898 4795 εει
927 4714 1090 4795 editi,
1137 4711 1181 4795 ⁸ἢ
1217 4713 1262 4795 εἰ
1297 4713 1372 4786 μὴ
1404 4712 1584 4795 αὑτός.
1615 4713 1729 4795 ᾼΙὶἱ
1763 4729 1930 4795 mss,

2147 4717 2186 4769 ιι
2209 4711 2381 4795 aditi:
2406 4714 2570 4794 τοξὸτο
2599 4709 2689 4795 καί
2716 4715 2926 4795 φρονεῖ.

380 4795 426 4850 εἰ
455 4781 558 4848 καῖ
581 4790 762 4851 αὐτός.
792 4793 922 4845 Mox
951 4781 1092 4860 Reg}
1126 4781 1184 4856 4,
1216 4781 1369 4859 ὃθςη
1404 4781 2020 4858 λογισθήσεταιβωιθιδὶ

379 4874 437 4927 et
467 4862 1132 4940 εάὶιὶ,γομισθήσεῖαιτ,
1395 4929 1440 4940 ..
1645 4932 1654 4940 .

450 4940 562 5010 (67)
605 4924 892 5010 Sicine’g'.
929 4935 1072 5010 tet
1100 4933 1334 5010 Beguer.
1380 4929 1451 4982 At
1480 4927 1664 5010 aliiet
1715 4924 2025 5010 edi_ti,.£v§

375 4999 569 5084 πάντα.
605 5009 782 5084 Paulo
812 4999 943 5079 post
971 4999 1201 5084 Reg.'1;
1229 4999 1675 5084 Seguer.“(.}obl.
1709 4999 1950 5084 etiielc.
1993 5001 2019 5054 1

375 5086 484 5155 τῷν
518 5079 577 5134 ὲκ
611 5070 926 5155 βουλήσεως
953 5070 1276 5151 γινιῖμένων,
1309 5070 1409 5127 ilbi
1442 5070 1537 5126 alii
1575 5076 1632 5127 et
1679 5071 1818 5128 editi
1870 5089 2021 5144 γενο-

383 5152 680 5296 μὲἶὲἓςοεῇο
710 5220 970 5296 prrimus
1001 5217 1178 5296 codex
1213 5215 1426 5296 Regius
1455 5218 1512 5296 et
1539 5219 1791 5296 Segner.‘
1813 5212 1875 5268 In
1909 5217 2023 5296 Ag-

417 5283 513 5352 lic.
545 5283 798 5350 habetur
825 5292 964 5346 item
988 5287 1224 5356 πάντων,
1259 5283 1323 5356 ut
1351 5291 1408 5356 et
1457 5283 1729 5356 Nannius
1777 5283 2019 5356 legerat.

419 5312 513 5352 uc.
549 5312 798 5350 habetur
825 5312 964 5346 Item
988 5312 1224 5350 παντων,
1261 5312 1323 5341 ul.
1351 5312 1408 5342 UL
1457 5312 1729 5340 nuumuu
1777 5312 2019 5356 ιυδυηιι.

377 5312 714 5442 Ξοὶιιοιῆιω2
755 5368 810 5419 et
836 5361 984 5418 Felc.
1011 5363 1060 5427 1,
1094 5353 1448 5442 ξδὲβοᾷλα
1498 5353 1809 5442 τυγχάνειᾲ
1838 5354 2019 5442 οῆὗτος,

378 5423 486 5496 ότι.
517 5435 716 5495 Cateri
748 5439 943 5490 autem
976 5423 1204 5488 et'editi
1233 5428 1316 5486 sic
1349 5423 1706 5484 habent'i'u‘:
1749 5423 1822 5481 ’δὲ
1851 5423 2022 5482 δοῦλα

373 5506 919 5586 τυγχᾴνεηυάέντίέκ
951 5499 1008 5557 δὲ
1037 5501 1232 5586 Κύριεκ
1267 5500 1581 5586 ﬁmi???
1639 5574 1650 5586 .

450 5568 558 5655 (es)
588 5568 728 5655 Reg.
762 5581 816 5646 1,
846 5568 1370 5650 δεευειι.,·γέγονεν.
1418 5571 1570 5628 Editi
1601 5574 1658 5628 et
1687 5569 1808 5638 alii,
1841 5568 2020 5645 ἐπιγι-

412 5672 546 5709 ονεν.

374 5674 556 5795 γοῖξό)
588 5722 800 5797 Regius
831 5719 1081 5793 primus,
1113 5720 1350 5797 Seguer,
1405 5714 1635 5797 Gobler:
1680 5717 1738 5770 et
1781 5711 1932 5797 Felc:
1955 5713 2019 5797 ε

374 5783 649 5878 φρόνῖίμα.
670 5783 870 5851 iidem
900 5783 1248 5862 mox,'107310
1277 5786 1494 5850 πάντως
1542 5786 1632 5842 καὶ
1659 5787 1870 5864 φρονεῖ.
1903 5783 2020 5843 Alii

2203 4785 2315 4862 (71)
2347 4784 2562 4862 Regius
2592 4784 3118 4862 primus._Seguer.
3143 4786 3382 4862 _Gob|er.
3423 4794 3482 4846 et
3529 4789 3677 4846 Felc.
3731 4793 3783 4862 1,

2130 4855 2284 4934 γοῖξν,
2317 4860 2373 4934 et
2404 4855 2557 4934 mox,
2587 4855 2755 4934 ταῦτα
2801 4855 3188 4934 τῆν-ἀναλογίᾳ
3245 4863 3498 4934 συνῆψεν,
3552 4862 3668 4918 Alii
3729 4855 3787 4920 et

2133 4927 2274 4984 éditi
2304 4927 2425 5000 οὗν,
2459 4932 2534 5000 et,
2566 4931 2734 4981 ταῦτα
2764 4927 2997 5000 συνῆψεν

2203 4999 2318 5078 (72)
2349 4999 2562 5078 Regius
2580 4999 3169 5078 _primu_s_et’_Se_guer.
3203 5001 3298 5058 hic
3329 5006 3387 5059 et
3416 5004 3591 5076 paulo
3624 5010 3781 5078 post.

2137 5068 2344 5145 βουλήν
2356 5111 2367 5124 .
2389 5068 2682 5145 ,ΟἷΒ-ῐΘΓῖθι
2711 5072 2871 5145 editi,
2909 5068 3082 5145 βούλη
3094 5092 3196 5128 σιν.

2203 5143 2316 5215 (73)
2346 5143 2438 5215 Sic
2469 5143 2624 5215 Reg._
2647 5145 2697 5215 1.
2731 5143 2972 5215 Seguer.
3009 5144 3184 5200 Basil.
3216 5143 3444 5215 Gobler.
3480 5151 3537 5202 et
3589 5148 3785 5206 Felck.

2135 5217 2184 5268 1.
2213 5213 2508 5289 Δ111⁷811161
2538 5213 2714 5289 editio
2745 5213 3227 5289 Co'mmeliniana,
3262 5213 3581 5289 Σαλομῶνιζ

2204 5286 2314 5368 (Ἱέ)
2345 5284 2734 5368 Οοῦιθιζῖαῐιυε
2754 5290 2822 5368 .et
2853 5287 3228 5368 Felekman‘ni
3260 5284 3591 5368 primus,1ﬁ
3623 5290 3785 5368 σοφίᾳ

2133 5353 2513 5434 ᾠκοδόμησεν,
2547 5354 2716 5434 ἤγουν
2745 5355 3082 5434 ᾖθεμελίωσε
3111 5360 3212 5434 τῂν
3242 5353 3368 5434 γῆν.

2203 5429 2316 5504 (75)
2345 5429 2435 5484 Sic
2465 5429 2610 5504 lica;
2653 5431 2706 5504 1_,
2736 5432 2991 5504 SeguerL
3018 5429 3450 5504 Anglicfatque
3505 5432 3585 5488 ita
3641 5432 3786 5504 legit

2129 5499 2430 5580 Nannius:
2450 5499 2833 5580 Goblerianus
2860 5506 2922 5580 et
2953 5499 3618 5580 Felclr'manniprimus,
3651 5499 3784 5580 φρο-

2129 5571 2300 5644 νήσει.
2335 5569 2434 5624 Καὶ
2466 5564 2652 5644 Δαϐἰδ,
2692 5575 2780 5644 Τῷ
2809 5567 2990 5644 Λὸγῳ.
3039 5573 3149 5644 Alii
3199 5579 3256 5630 et
3285 5564 3463 5632 editio
3517 5564 3785 5634 Comitia-

2129 5595 2300 5640 νησει.
2339 5595 2434 5624 aut.
2466 5595 2652 5641 Δαοιο,
2702 5595 2780 5642 up
2809 5595 2884 5625 ΛΟ
2924 5595 2990 5644 ῳ.
3039 5595 3149 5629 Alli
3199 5595 3256 5630 et
3285 5595 3463 5632 caluo
3517 5595 3589 5632 U0

2129 5642 2663 5721 lin‘iAa_na,_<ppochsi
2691 5643 2865 5721 οὕτως
2889 5595 2944 5698 ἔν
2977 5642 3258 5721 Ψαλμοῖς,
3291 5650 3379 5717 Τῷ
3410 5647 3592 5721 Λόγῳ.

2201 5689 2945 5846 (7“εῆ“ὲίέ⁹ξ›’έίἱιῖἱιὶ’ὲῐᾷἑέ
2988 5689 3694 5806 inveneram”,
3722 5725 3782 5776 et

2201 5787 2383 5846 10km.
2446 5787 2496 5844 1.
2553 5791 2630 5846 At
2660 5791 2851 5846 caeteri
2891 5793 2950 5846 et
2979 5790 3140 5846 editi.
3173 5787 3597 5846 ἐστερεώθησαν
3632 5790 3778 5846 οὕτω

2128 5785 2383 5846 Felokm.
2446 5785 2497 5844 1ξ
2553 5791 2630 5847 At
2660 5788 2851 5848 ceteri
2891 5793 2950 5846 et
2979 5785 3140 5864 editi,
3173 5785 3597 5863 ἐστῖρεώθησανο
3632 5789 3778 5848 οὕτω
