4076 6422
245 513 360 576 46!

1372 512 1661 574 ORATIO
1704 511 1788 572 ΙΙΙ
1833 512 2146 574 CONTRA
2192 513 2553 576 ARIANOS.

3551 515 3670 574 462

251 641 448 704 στολος
496 641 688 720 γράφει
735 640 1200 698 Θεσσαλονικιῦσιο
1253 645 1328 699 Τὸ
1383 641 1601 714 θίλημα
1642 646 1737 696 τοῦ
1769 645 1902 697 Θιοῦ

2024 645 2233 700 Domini
2250 647 2496 716 ﬁrmatos
2523 662 2634 702 esse
2665 646 2707 680 ¹⁷
2733 645 2967 700 dicitur.
3003 646 3076 700 Ut
3106 662 3278 718 porro
3309 645 3498 700 Verbo
3531 643 3660 700 ccsli

249 733 301 788 ἐν
367 735 586 809 Χριστῷ
615 737 797 802 Ἰησοῦ
836 732 996 790 ἐστιν.
1029 733 1090 789 Ὀ
1122 729 1224 808 ἄρα
1275 737 1373 787 τοῦ
1398 737 1530 787 Θεοῦ
1562 732 1706 801 Υἱὸς,
1742 731 1902 794 αὐτός

249 822 391 878 ἐστιν
425 823 454 877 ὁ
475 824 654 898 Λόγος
681 823 766 877 καὶ
796 823 829 892 ἠ
859 821 1206 901 σοφία,αύτὸς
1233 822 1267 892 ἠ
1295 821 1556 900 φρόνησις
1579 823 1665 876 καὶ
1695 823 1729 892 ἠ
1762 826 1906 890 ζῶσα

256 911 455 988 βουλή·
498 913 586 966 xui
645 911 697 966 ἐν
753 910 898 982 αύτῷ
947 913 1010 966 τὸ
1066 910 1283 984 θέλημα
1329 915 1424 965 τοῦ
1476 910 1686 985 Πατρός
1739 909 1901 966 ἐστιν·

253 1001 415 1062 αὐτὸς
469 999 722 1070 ἀλήθεια,
774 1001 864 1054 καὶ
919 1004 1067 1077 φῶς,
1122 1000 1208 1054 xui
1267 997 1494 1071 δύναμις
1541 1004 1639 1054 τοῦ
1693 998 1902 1073 Πατρός

253 1088 416 1146 ἐστιν.
478 1087 543 1143 El
604 1085 662 1142 δὲ
711 1091 746 1157 ἡ
803 1086 1066 1162 βούλησις
1111 1092 1208 1142 τοῦ
1261 1092 1434 1157 Θεοῦ,
1490 1088 1524 1157 ἠ
1579 1086 1740 1164 σοφία
1793 1086 1899 1142 ἐστὶ

251 1180 336 1233 καὶ
372 1181 408 1248 ἡ
465 1177 750 1255 φρόνησις,
783 1178 810 1231 ὁ
843 1174 900 1232 δὲ
952 1177 1075 1239 Υἱός
1128 1175 1268 1232 ἐστιν
1300 1180 1334 1246 ἡ
1391 1176 1556 1254 σοφία
1605 1177 1632 1230 6
1665 1177 1766 1251 ἄρα
1819 1174 1906 1230 λέ-

253 1288 366 1341 γων
546 1264 808 1342 βουλήσει
840 1266 931 1321 τὸν
961 1267 1083 1320 Υἱὸν
1140 1263 1252 1321 ἴσον
1287 1265 1431 1340 λέγει
1463 1270 1541 1337 τῷ
1569 1266 1668 1333 τήν
1701 1264 1901 1342 Σοφίαν

251 1355 305 1410 ἐν
342 1355 518 1433 Σοφίᾳ
547 1353 844 1430 γεγονέναι,
876 1354 965 1409 καὶ
996 1355 1087 1409 τὸν
1120 1355 1243 1409 Υἱὸν
1296 1354 1346 1409 ἐν
1398 1355 1508 1426 Υἱῴ
1554 1355 1903 1424 πεποιῆσθαι,

247 1445 339 1497 καὶ
376 1441 465 1497 διὰ
483 1447 581 1496 τοῦ
598 1442 780 1518 Λόγου
805 1443 898 1496 τὸν
930 1441 1106 1516 Δόγον
1135 1441 1393 1506 ἐκτίσθαι.
1426 1444 1600 1499 Τοῦτο
1632 1440 1689 1497 δὲ
1713 1443 1905 1515 καὶτῷ

251 1536 370 1604 Θεῷ
403 1529 659 1608 μάχεται,
691 1532 781 1586 καὶ
809 1537 927 1593 ταῖς
955 1533 1082 1608 παρ’
1135 1533 1300 1587 αὑτοῦ
1331 1534 1441 1604 (78)
1492 1537 1729 1609 Γραφαῖς
1760 1531 1904 1586 ἐναν-

250 1625 482 1675 τιοῦταυ
538 1621 629 1675 καὶ
679 1620 780 1696 γὰρ
831 1621 917 1675 καὶ
975 1622 1004 1674 6
1058 1620 1394 1682 Ἀπόστολος
1443 1622 1506 1675 ού
1565 1620 1902 1697 βουλήσεως,

251 1709 402 1766 ἄλλα
430 1711 603 1780 αὐτῆς
625 1715 726 1778 τῆς
778 1715 1046 1784 πατρικῆς
1098 1711 1209 1783 (79)
1259 1711 1446 1771 οὐσίας
1479 1706 1614 1765 ἴδιον
1665 1711 1902 1786 ἀπαύγα-

253 1821 368 1872 σμα
415 1800 503 1854 καὶ
562 1805 882 1874 χαρακτῆρα
930 1800 1022 1853 τὸν
1069 1798 1192 1853 Υἱὸν
1246 1798 1522 1872 κηρύττει,
1562 1796 1753 1874 λέγων’
1808 1800 1904 1861 Ὃς

255 1886 329 1942 ὢν
385 1887 718 1962 ἀπαύγασμα
762 1889 862 1956 τῆς
917 1884 1076 1957 δόξης
1127 1887 1214 1941 καὶ
1289 1887 1573 1962 χαρακτὴρ
1626 1892 1726 1955 τῆς
1783 1886 1908 1940 ὑπο-

255 1979 496 2038 στάσεως
551 1977 739 2033 αύτοῦ.
795 1974 863 2032 Ei
920 1973 998 2045 δὲ,
1059 1976 1134 2037 ὡς
1182 1978 1608 2049 προειρήκαμεν,
1666 1977 1800 2048 (80),
1848 1972 1908 2029 ἐκ

261 2065 579 2140 βουλήσεως
609 2065 713 2119 οὐκ
742 2061 882 2119 ἔστιν
915 2066 950 2133 ἡ
991 2064 1227 2139 πατρική
1260 2063 1416 2118 οὐσία
1445 2065 1531 2118 καὶ
1591 2062 1906 2132 ὑπόστασις,

257 2152 519 2225 εὔδηλον,
553 2153 630 2215 ὡς
653 2150 778 2208 οὔτε
803 2155 864 2208 τὸ
897 2150 1033 2226 ἴδιον
1064 2159 1166 2223 τῆς
1188 2156 1453 2228 πατρικῆς
1483 2153 1827 2214 ὑποστάσεως
1851 2151 1909 2206 ἐκ

260 2243 582 2318 βουλήσεως
614 2241 674 2296 ἂν
711 2239 822 2312 εἷή.
851 2242 1045 2299 Ὁποία
1075 2242 1176 2317 γὰρ
1265 2243 1352 2297 καὶ
1389 2243 1463 2305 ὡς
1492 2242 1578 2297 ἐὰν
1677 2244 1711 2312 ἡ
1744 2262 1912 2316 μακα-

256 2334 346 2409 ρία
378 2335 489 2406 (81)
524 2331 698 2402 ἐκείνη
756 2331 1066 2400 ὑπόστασις,
1115 2336 1360 2387 τοιοῦτον
1411 2333 1497 2386 καὶ
1551 2330 1724 2392 οὕτως
1776 2331 1908 2386 εἶναι

252 2423 343 2476 xui
377 2422 442 2476 τὸ
474 2418 612 2477 ἴδιον
643 2419 696 2492 ἐξ
727 2419 894 2487 αὐτῆς
947 2420 1194 2495 γέννημα
1246 2417 1346 2476 δεῖ.
1385 2422 1482 2477 Καὶ
1528 2420 1688 2482 αὐτὸς
1717 2424 1848 2495 γοῦν
1882 2421 1911 2474 6

258 2512 448 2586 Πατὴρ
480 2511 577 2565 06x
607 2511 770 2564 εἶπεν·
806 2509 982 2572 ΙΙῦτός
1015 2509 1156 2564 ἐστιν
1189 2510 1216 2562 ὁ
1247 2509 1506 2585 βουλήσει
1540 2531 1644 2582 μου
1674 2510 1909 2584 γεγονὼς

255 2600 402 2667 Υἱὸς,
437 2597 582 2672 οὐδὲ,
613 2603 704 2652 ‘Ov
735 2602 853 2654 κατ’
879 2598 1123 2654 εὐδοκίαν
1151 2595 1312 2674 ἔσχον
1345 2599 1487 2653 Υἱόψ
1522 2597 1649 2653 ἀλλ’
1696 2595 1912 2666 ἁπλῶς,

252 2690 320 2746 Ὀ
351 2687 476 2750 Υἱός
512 2709 616 2761 μου
649 2690 786 2760 (82),
816 2689 902 2742 καὶ
967 2685 1198 2760 μᾶλλον,
1232 2688 1317 2741 Ἐν
1374 2689 1420 2759 ᾦ
1469 2685 1767 2758 ηὐδόκησαν
1803 2683 1912 2741 δει-

255 2776 388 2838 κνὺς
445 2776 505 2831 ἐκ
551 2776 782 2847 τούτων,
815 2775 918 2848 ὅτι,
953 2775 1117 2831 Φύσει
1176 2776 1271 2847 μὲν
1317 2775 1474 2839 οὗτός
1505 2775 1646 2831 ἐστιν
1679 2776 1824 2844 Υἱὸς,
1859 2773 1911 2829 ἐν

256 2865 413 2937 αὖτῷ
445 2862 504 2919 δὲ
531 2869 638 2919 τῶν
672 2865 793 2937 ἐμοὶ
829 2863 1133 2920 δοκούντων
1165 2866 1200 2934 ἠ
1240 2864 1507 2938 βούλησις
1541 2863 1840 2919 ἀπόκειται.

1940 2025 1987 2090 Β

2011 734 2230 790 ﬁrmati
2261 739 2420 802 sunt,
2449 735 2533 790 sic
2565 750 2929 806 quascunque
2957 734 3141 790 voluit
3180 733 3316 790 fecit
3368 735 3432 804 ³⁸,
3479 738 3537 790 et
3593 737 3660 788 ut

2011 824 2326 895 Apostolus
2357 825 2428 879 ad
2461 822 3016 880 'l‘bessalouicenses
3046 823 3543 892 scribit,Voluntas
3559 823 3659 879 Dei

2012 912 2069 966 in
2103 913 2312 968 Christo
2335 915 2459 969 lem
2499 920 2578 968 est
2609 913 2673 968 ¹⁹.
2708 911 2894 984 Igitur
2916 912 3011 967 Dei
3037 912 3216 968 Filius
3246 913 3372 984 ipse
3400 917 3489 968 est
3519 912 3656 969 Ver-

2011 999 2153 1056 bum
2185 1006 2240 1056 et
2272 1001 2580 1073 sapientia,
2614 1001 2739 1074 ipse
2761 1001 3074 1072 prudentia
3102 1005 3158 1056 et
3185 1001 3382 1056 vivens
3400 1004 3488 1058 est
3518 1017 3653 1056 con-

2012 1088 2231 1157 silium,
2262 1095 2437 1162 atque
2467 1091 2526 1144 in
2557 1106 2622 1146 eo
2653 1090 2924 1146 voluntas
2966 1090 3154 1145 Patris
3186 1094 3294 1145 est.
3330 1095 3460 1162 Ipse
3505 1089 3653 1146 veri-

2013 1182 2125 1246 tas,
2157 1177 2256 1233 lux
2287 1183 2344 1234 et
2372 1177 2558 1234 virtus
2611 1184 2701 1234 est
2733 1179 2938 1234 Patris.
2975 1179 3134 1242 Quod
3169 1179 3217 1233 si
3248 1178 3522 1234 voluntas
3555 1176 3653 1233 Dei

2012 1271 2101 1321 est
2129 1267 2418 1339 sapientia
2447 1272 2503 1323 et
2533 1267 2923 1339 prudentia.si
2946 1267 3088 1322 item
3109 1267 3292 1323 Filius
3312 1268 3441 1339 ipsa
3471 1267 3547 1323 sit
3568 1283 3654 1322 sa-

2014 1355 2456 1428 pientiazigitur
2493 1357 2593 1427 qui
2627 1356 2925 1412 contendit
2974 1355 3186 1410 Filium
3241 1355 3539 1412 voluntate
3570 1357 3654 1411 fa-

2013 1448 2172 1500 ctum
2205 1461 2353 1515 esse,
2387 1445 2540 1501 idem
2561 1445 2801 1500 omnino
2833 1449 2923 1500 est
2963 1461 3028 1500 ac
3076 1445 3123 1499 si
3168 1444 3385 1501 diceret
3415 1444 3656 1516 Sapien-

2012 1531 2241 1588 tiamin
2263 1533 2557 1604 Sapientia
2589 1533 2802 1588 factam
2851 1549 3002 1602 esse,
3063 1537 3119 1588 et
3166 1532 3377 1588 Filium
3420 1533 3479 1588 in
3512 1531 3654 1588 Filio

2013 1635 2142 1676 esse
2171 1621 2463 1689 effectum,
2511 1637 2576 1677 ac
2622 1621 2878 1676 Verbum
2934 1638 3038 1693 per
3087 1622 3345 1677 Verbum
3399 1627 3658 1677 creatum

2015 1724 2143 1765 ese
2171 1735 2184 1776 ;
2217 1727 2347 1783 quae
2376 1710 2579 1782 utique
2622 1715 2732 1765 Deo
2789 1710 3124 1782 divinisque
3165 1712 3294 1782 ejus
3339 1711 3660 1783 Scripturis

2015 1797 2269 1854 maxime
2291 1797 2954 1871 repugnant.Enimvero
2975 1799 3289 1871 Apostolus
3317 1799 3528 1855 Filium
3544 1816 3659 1855 non

2016 1886 2354 1960 voluntatis,
2389 1888 2489 1944 sed
2523 1888 2822 1960 proprium
2856 1891 3109 1960 paternas
3133 1893 3355 1944 natura
3387 1889 3660 1961 splendo-

2017 1992 2138 2033 rem
2176 1982 2233 2032 et
2264 1978 2512 2050 ﬁguram
2545 1992 2674 2033 esse
2705 1975 2798 2032 his
2833 1977 3024 2033 verbis
3064 1979 3336 2048 praedicat
3367 1995 3380 2034 :
3406 1979 3662 2047 Quicum

2016 2068 2088 2121 sit
2115 2066 2378 2137 splendor
2403 2068 2600 2136 gloriae
2628 2074 2681 2122 et
2735 2068 2916 2138 ﬁgura
2963 2068 3289 2123 substantiae
3339 2069 3457 2139 ejus
3486 2068 3548 2122 ²⁰.
3599 2066 3661 2121 Si

2018 2170 2175 2227 ergo,
2211 2159 2275 2210 ut
2303 2172 2482 2227 supra
2511 2155 2786 2226 diximus,
2810 2160 3048 2228 paterna
3078 2159 3288 2211 natura
3315 2160 3372 2212 et
3394 2157 3666 2212 substan-

2018 2243 2098 2299 tia
2120 2261 2188 2299 ex
2209 2243 2508 2300 voluntate
2533 2261 2646 2300 non
2668 2249 2776 2314 est,
2827 2244 3011 2317 liquet
3041 2261 3229 2316 neque
3262 2245 3344 2313 id,
3377 2247 3531 2317 quod
3562 2261 3663 2317 pa-

2018 2335 2196 2388 ternis
2227 2332 2572 2389 substantias
2597 2333 2893 2405 proprium
2945 2337 3052 2399 est,
3104 2350 3172 2389 ex
3201 2332 3504 2390 voluntate
3537 2349 3667 2390 esse

2021 2438 2210 2494 posse.
2253 2421 2555 2493 Siquidem
2608 2421 2799 2493 qualis
2849 2421 3254 2493 cujusvemodi
3286 2421 3462 2477 fuerit
3492 2421 3662 2477 beata

2019 2509 2122 2564 illa
2153 2515 2382 2577 natura,
2408 2510 2580 2566 talem
2609 2514 2665 2565 et
2687 2509 2977 2580 ejumodi
3001 2526 3235 2566 necesse
3267 2514 3358 2566 est
3386 2527 3514 2567 esse
3537 2526 3668 2583 pro-

2023 2598 2215 2670 prium
2252 2614 2320 2653 ex
2352 2598 2481 2671 ipsa
2503 2603 2695 2654 ortum
2729 2599 2935 2655 fetum.
2973 2599 3114 2654 Hinc
3145 2603 3316 2655 Pater
3355 2616 3472 2656 non
3491 2598 3666 2656 dixit:

2024 2687 2125 2742 Hic
2156 2693 2246 2742 est
2278 2686 2575 2743 voluntate
2605 2704 2736 2744 mea
2777 2689 2964 2744 factus
2997 2688 3198 2758 Filius,
3247 2705 3456 2761 neque,
3484 2691 3669 2753 Quem

2024 2791 2153 2831 meo
2183 2775 2426 2832 arbitrio
2461 2777 2634 2832 habui
2667 2775 2902 2847 Filium,
2955 2778 3056 2833 sed
3107 2778 3475 2849 simpliciter,
3497 2778 3670 2833 Filius

2023 2881 2195 2931 meus,
2229 2869 2287 2920 et
2318 2865 2535 2936 potius,
2578 2867 2640 2920 In
2671 2881 2774 2937 quo
2794 2866 2939 2921 mihi
2965 2866 3272 2939 complacui
3300 2867 3344 2902 ²¹
3375 2884 3387 2934 ;
3415 2881 3668 2937 quorum

256 2956 501 3029 quidem
538 2955 850 3012 verborum
882 2955 1235 3028 signiﬁcatio
1272 2956 1564 3026 ejusmodi
1603 2955 1856 3011 estzHic
1897 2957 1985 3010 est
2025 2958 2238 3010 natura
2267 2952 2468 3025 Filius,
2510 2954 2569 3008 in
2630 2971 2745 3026 quo
2786 2954 3049 3011 omnium
3107 2971 3234 3026 quas
3269 2955 3410 3010 mibi
3439 2954 3672 3027 placent

251 3044 535 3101 voluntas
567 3046 826 3115 reposita
855 3049 963 3101 est.

331 3134 421 3188 66.
453 3133 579 3206 Ἆρ’
611 3130 702 3186 οὗν
737 3131 848 3187 ἐπεὶ
883 3131 1036 3210 φύσει
1078 3133 1165 3187 καὶ
1205 3133 1280 3205 μὴ
1313 3131 1371 3186 ἐκ
1423 3130 1739 3208 βουλήσεως
1769 3130 1907 3186 ἐστιν

2093 3132 2184 3186 66.
2215 3131 2365 3189 Num
2390 3147 2546 3204 ergo,
2591 3132 2730 3204 quia
2758 3148 2826 3188 ex
2858 3137 3068 3189 natura
3100 3151 3214 3190 non
3247 3139 3443 3190 autem
3476 3148 3546 3188 ex
3566 3149 3668 3188 vo-

255 3222 290 3276 6
329 3222 466 3287 Γὶὸς,
499 3218 606 3291 ἤδη
639 3222 727 3275 καὶ
763 3220 1029 3290 ἀθέλητός
1063 3219 1173 3275 ἐστι
1203 3225 1281 3293 τῷ
1311 3222 1502 3295 Πατρὶ,
1535 3222 1622 3275 καὶ
1669 3222 1743 3294 μή
1782 3221 1914 3296 βου-

254 3308 502 3383 λομένου
530 3307 628 3364 τοὺ
659 3308 1024 3384 Πατρόςέστιν
1053 3310 1081 3364 ὁ
1112 3308 1236 3372 Υἱός
1270 3328 1284 3378 ;
1314 3307 1612 3382 Οὐμενοῦν·
1645 3308 1790 3365 ἀλλᾶ
1823 3309 1910 3363 καὶ

256 3398 561 3471 θελόμενός
590 3398 728 3454 ἐστιν
763 3401 875 3472 (83)
909 3400 937 3453 ὁ
968 3399 1090 3461 Υἱὸς
1122 3398 1269 3473 παρά
1294 3402 1392 3454 τοῦ
1424 3399 1656 3473 Πατρὸς,
1687 3400 1798 3466 xui,
1839 3399 1913 3461 ὡς

255 3484 425 3561 αρτὄς
481 3509 665 3565 φησιν,
715 3489 772 3541 Ὀ
829 3488 1014 3562 Πατὴρ
1069 3486 1219 3565 φιλεῖ
1267 3487 1360 3542 τὸν
1415 3489 1560 3557 Υἱὸν,
1607 3489 1691 3542 xui
1742 3491 1916 3542 πάντα

259 3575 533 3633 δείκνυσιν
566 3576 736 3650 αὐτῷ.
766 3578 856 3639 Ὠς
908 3577 1014 3653 γὰρ
1065 3577 1127 3632 τὸ
1180 3578 1312 3631 εἶναι
1360 3579 1473 3650 (84)
1505 3576 1699 3653 ἀγαθὸς
1729 3577 1828 3631 οὐκ
1856 3575 1915 3631 ἐκ

263 3666 591 3742 βουλήσεως
627 3666 721 3738 μὶν
747 3663 972 3740 ἤρξατο,
1004 3666 1066 3720 ού
1102 3668 1207 3740 μὴν
1238 3661 1562 3736 ἀϐουλήτως
1594 3667 1680 3720 xui
1716 3663 1913 3734 ἀθελή-

257 3775 375 3817 τως
401 3754 544 3809 ἐστὶν
567 3753 784 3828 ἀγαθός·
819 3754 847 3808 '6
877 3755 980 3829 γάρ
1011 3753 1143 3823 ἐστι,
1175 3759 1336 3809 τοῦτο
1387 3756 1474 3808 καὶ
1511 3752 1739 3823 θελητόν
1772 3753 1910 3808 ἐστιν

256 3842 431 3915 αὐτῷ·
466 3842 608 3897 οὕτω
639 3842 726 3897 καὶ
760 3844 821 3896 τὸ
847 3841 978 3896 εἶναι
1003 3841 1095 3895 τὸν
1127 3842 1272 3911 Υἱὸν,
1306 3841 1354 3894 εἴ
1380 3841 1467 3895 xui
1505 3842 1579 3913 μὴ
1615 3839 1675 3895 ἐκ
1707 3838 1914 3916 βουλή-

255 3953 402 3994 σεως
430 3932 653 4007 ἤρξατο,
687 3928 812 3984 ἀλλ’
862 3929 961 3986 οὐκ
1011 3930 1300 4001 ἀθὲλητον,
1333 3928 1458 3985 οὐδὲ
1509 3932 1653 4006 παρὰ
1682 3931 1911 4004 γνώμην

250 4020 405 4076 ἐστὶν
439 4019 605 4092 αὐτῷ.
659 4023 861 4092 Ὥσπερ
915 4020 1016 4095 γὰρ
1067 4026 1168 4088 τῆς
1222 4017 1364 4082 ἰδίας
1419 4019 1762 4082 ὑποστάσεως
1801 4018 1912 4074 ἐστι

251 4107 523 4179 Θιλητής,
559 4108 700 4164 οὕτω
729 4110 818 4163 καὶ
853 4109 880 4163 ὁ
913 4109 1058 4180 Υἱὸς,
1091 4106 1232 4170 ἴδιος
1266 4106 1338 4162 ὢν
1374 4107 1537 4163 αὑτοῦ
1568 4115 1667 4177 τῆς
1699 4106 1911 4178 οὑσίας,

252 4199 364 4253 οὑκ
396 4197 664 4269 ἀθὲλητός
696 4197 836 4252 ἐστιν
866 4199 1036 4270 αὑτῷ,
1069 4195 1317 4260 Θελὲσθω
1346 4198 1434 4251 καὶ
1486 4195 1754 4274 φιλεέσθω
1804 4198 1916 4251 τοί-

249 4309 352 4344 νυν
386 4289 416 4342 6
449 4287 573 4350 Υἱὸς
597 4287 745 4363 παρᾶ
789 4291 886 4341 τοῦ
936 4287 1164 4361 Πατρός
1200 4286 1287 4340 xui
1341 4283 1482 4340 οὕτω
1511 4285 1574 4340 τὸ
1619 4283 1794 4349 θέλειν
1821 4288 1908 4341 καὶ

2025 3221 2250 3276 luntate
2280 3221 2356 3277 sit
2397 3220 2595 3290 Filius,
2629 3227 2837 3293 praeter
2863 3221 3225 3279 voluntatem
3261 3223 3446 3280 Patris
3478 3227 3536 3279 et
3566 3239 3669 3278 no-

2027 3309 2182 3366 lente
2211 3315 2380 3366 Patre
2425 3315 2514 3366 est
2545 3309 2764 3366 Filius?
2811 3311 3052 3368 Minime
3099 3328 3256 3368 vero.
3317 3313 3424 3369 Sed
3473 3311 3670 3384 potius

2025 3398 2196 3455 Pater
2227 3398 2347 3454 vult
2377 3398 2612 3464 Filium,
2645 3403 2837 3470 atque,
2898 3404 2964 3455 ut
2993 3400 3119 3472 ipse
3170 3401 3454 3473 loquitur,
3509 3402 3672 3456 Pater

2024 3488 2213 3558 diligit
2239 3490 2471 3557 Filium,
2495 3491 2547 3544 et
2567 3491 2752 3544 omnia
2782 3490 3029 3546 ostendit
3058 3491 3148 3546 illi
3168 3491 3236 3546 ³³.
3272 3491 3344 3547 Ut
3363 3491 3520 3548 enim
3553 3507 3670 3546 non

2024 3592 2093 3632 ex
2122 3577 2416 3633 voluntate
2445 3577 2635 3632 bonus
2665 3593 2796 3633 esse
2844 3579 3038 3650 cmpit,
3092 3595 3198 3634 nec
3237 3583 3424 3635 tamen
3467 3583 3672 3634 contra

2025 3670 2280 3721 mentem
2308 3669 2365 3720 et
2385 3665 2736 3721 sententiam
2759 3670 2847 3722 est
2870 3666 3056 3721 bonus
3083 3685 3096 3735 ;
3129 3683 3380 3738 namque
3410 3667 3519 3724 hoc
3544 3667 3671 3739 ipse

2025 3755 2148 3809 vult
2167 3757 2322 3826 quod
2377 3759 2494 3810 est:
2538 3755 2620 3809 ita
2654 3754 2788 3810 licet
2839 3755 3024 3812 Filius
3081 3772 3149 3811 ex
3195 3756 3493 3812 voluntate
3539 3773 3670 3813 esse

2025 3860 2141 3899 non
2180 3843 2479 3915 inceperit,
2532 3861 2647 3899 non
2704 3849 2900 3900 tamen
2949 3848 3154 3917 praeter
3203 3845 3563 3901 voluntatem
3613 3849 3671 3901 et

2026 3936 2280 3988 mentem
2307 3932 2492 3988 Patris
2521 3937 2627 3988 est.
2653 3933 2799 3988 Nam
2822 3935 3324 4004 quemadmodum
3357 3951 3525 3990 suam
3549 3935 3674 3990 vult

2023 4021 2150 4094 ipse
2181 4021 2595 4090 substantiam,
2650 4021 2733 4077 sic
2755 4013 2898 4077 cum
2931 4022 3110 4078 Filius
3133 4023 3406 4095 proprius
3436 4024 3513 4079 sit
3542 4025 3672 4094 ejus

2025 4115 2272 4180 nature,
2306 4127 2422 4166 non
2455 4115 2665 4182 praeter
2717 4111 3077 4168 voluntatem
3135 4113 3264 4182 ejus
3322 4116 3430 4168 est.
3460 4112 3673 4168 Filium

2024 4215 2162 4271 ergo
2191 4197 2330 4254 velit
2360 4204 2417 4254 et
2447 4198 2654 4272 diligat
2684 4199 2874 4270 Pater,
2911 4216 3095 4272 eaque
3146 4200 3370 4256 ratione
3394 4201 3486 4272 pie
3542 4201 3677 4272 quis

2025 4287 2240 4361 cogitet
2259 4287 2444 4344 Deum
2469 4305 2584 4344 non
2599 4287 2772 4359 nolle,
2793 4289 2895 4344 sed
2916 4288 3084 4345 velle.
3117 4289 3342 4345 Etenim
3375 4289 3558 4346 Filius
3578 4308 3678 4348 ea—

330 4455 379 4490 "
409 4451 568 4508 Psal.
599 4467 775 4522 mn,
807 4451 863 4509 6.
897 4451 939 4487 ¹⁸
969 4450 1124 4508 Psal.
1158 4466 1382 4522 cxxxlv,
1399 4450 1455 4506 6.
1491 4449 1584 4506 Ι¹⁹
1614 4449 1878 4507 Thessal.
1909 4468 1911 4475 ·

2024 4451 2085 4505 8.
2120 4451 2166 4486 ³ο
2185 4449 2360 4507 Hebr.
2393 4467 2434 4522 ι,
2466 4451 2520 4507 3.
2553 4451 2596 4486 ²¹
2657 4450 2868 4508 Matth.
2929 4469 3013 4520 III,
3077 4452 3162 4508 17.
3187 4453 3233 4487 2³
3263 4452 3432 4509 Joan.
3466 4470 3551 4526 ιιι,
3583 4455 3669 4512 35.

252 4631 442 4688 πάντα
473 4626 591 4683 ὅσα.
624 4628 846 4685 Ibidem
879 4632 1021 4700 post
1041 4625 1331 4700 ἠθέλησεν,
1365 4627 1581 4700 Regius
1611 4628 1840 4700 primus
1859 4633 1919 4686 et

252 4703 665 4786 Seguerianus
688 4698 974 4758 omittunt
1003 4699 1031 4754 ὁ
1062 4698 1286 4774 Κύριος,
1318 4698 1435 4772 Quo

255 4772 446 4836 editis
474 4772 705 4846 legitur.

341 4849 459 4916 (‘77)
489 4842 582 4900 Sic
612 4845 842 4916 primus
874 4844 1052 4899 codex
1080 4843 1244 4916 Reg._
1283 4847 1519 4915 Seguer.
1553 4842 1785 4916 Anglic.
1803 4843 1922 4916 7G0-

259 4914 514 4975 bler.‘et
541 4914 794 4972 Felckm.
833 4917 884 4985 1,
917 4919 1095 4985 atque
1123 4914 1203 4971 ita
1232 4914 1375 4985 legit
1405 4914 1693 4970 Nannius.
1725 4915 1837 4970 Alii
1868 4919 1927 4972 et

261 4990 458 5047 editio
480 4984 965 5061 Commeliniana,
998 4984 1100 5061 δρα
1134 4985 1214 5061 μῂ
1242 4987 1270 5040 ὁ
1299 4984 1503 5059 λέγων.

340 5060 633 5188 (Ἰοέὥῐὶοε.
667 5061 719 5125 1,
775 5055 1239 5142 Seguer.'Basil.
1296 5064 1352 5114 et
1382 5055 1636 5139 Anglic”
1678 5057 1804 5139 παρ’
1830 5055 1924 5110 αὐ-

340 5157 392 5188 u.
516 5139 621 5185 teri
657 5137 714 5186 et
741 5131 903 5188 editi.
936 5129 1061 5188 παρ’
1100 5128 1266 5188 αὐτῳ.
1298 5135 1423 5185 Mox
1448 5129 1666 5188 Remus
1697 5146 1924 5188 primus

255 5128 392 5188 τοῦ,
425 5128 621 5188 Castori
657 5137 714 5186 et
741 5128 903 5196 editi,
925 5129 1061 5202 _nup’
1100 5128 1266 5202 αὐτφ.
1288 5135 1423 5202 Mox
1448 5128 1666 5202 Regius
1696 5128 1926 5202 primus

261 5215 331 5262 et
372 5202 813 5276 Segue_rianus,_
851 5199 940 5254 xui
989 5197 1091 5276 γὰρ
1139 5197 1228 5254 καῖ
1277 5201 1305 5254 ὁ
1353 5197 1715 5263 Ἀπόστολοςῖ
1735 5201 1845 5255 Alii
1877 5208 1929 5257 et

262 5273 569 5341 editifxui
601 5273 890 5345 posterius
914 5273 1214 5330 omittunt.

353 5348 470 5419 (79)
501 5341 844 5419 Sic—Regius
876 5346 1103 5416 primus
1135 5353 1189 5400 et
1234 5341 1646 5419 Seguerianus.
1681 5346 1772 5419 _At
1830 5343 1928 5419 alii

261 5425 340 5477 et
361 5414 541 5485 'editi,
571 5418 668 5484 τῆς
699 5414 893 5476 οὐσίας
915 5421 1016 5484 τῆς
1044 5414 1330 5489 πατρικῆςξ
1381 5418 1509 5489 Mox
1556 5414 1770 5489 Regius
1812 5416 1930 5486 pri-

262 5508 415 5548 mus
447 5493 508 5546 et
537 5489 952 5560 Seguerianus,
1005 5486 1096 5540 τὸν
1145 5484 1268 5540 Ῡὶὸν
1313 5484 1589 5560 κηρύττει.
1644 5484 1843 5543 Castori
1875 5491 1931 5543 et

261 5563 418 5621 edlti
449 5561 556 5634 16v
570 5557 764 5634 Κύριον
796 5579 863 5628 κη
876 5557 1074 5634 ρύττει.

357 5579 418 5618 ιιι
449 5579 544 5615 τον
570 5579 764 5688 uolpiov
796 5579 1074 5634 κηρύττει.

355 5635 475 5715 (89.)
502 5632 596 5715 Sic
651 5648 770 5715 “eg.
808 5633 858 5715 ξ,
900 5634 1136 5715 Seguer.
1186 5628 1416 5715 Qpbler.
1456 5631 1523 5715 Et
1564 5627 1817 5714 lf‘elckm.
1878 5630 1928 5684 1.

259 5699 479 5764 ΑϊειΙῖἱ
511 5709 570 5760 et
591 5699 760 5782 editi,
794 5702 869 5782 ᾡς
897 5699 1182 5782 προεῖπον.
1209 5701 1428 5782 Ibidem
1456 5699 1672 5782 Regius
1704 5701 1933 5782 primus

261 5784 339 5850 et.
370 5767 783 5850 Seguerianus',
816 5773 875 5828 ἐκ
903 5767 1233 5850 βουλήσεως·
1251 5771 1350 5850 οὐκ
1379 5767 1571 5850 ἔστινῗ
1592 5767 1766 5850 lissi].
1795 5777 1933 5850 ,ϐο-

261 5840 724 5908 blerf'Felckm.
757 5840 784 5903 1
819 5851 879 5905 et
903 5840 1134 5919 1163.2,
1176 5844 1279 5900 οὐκ
1322 5842 1382 5899 ἐκ
1437 5842 1757 5917 βουλήσεως
1789 5840 1930 5899 ἐστιν

2023 4628 2136 4684 Alii
2166 4629 2414 4706 etAediti,
2447 4627 2510 4684 οὗ
2547 4626 2874 4706 βουλήσεως-
2917 4628 3049 4706 ἐστι.
3080 4631 3424 4706 __Mox_Reg.
3479 4635 3533 4706 1ζ
3580 4638 3680 4706 Se-

1509 4701 1570 4756 in
1610 4700 1742 4756 aliis
1770 4705 1826 4757 et
1855 4702 1916 4757 in
1949 4751 1994 4776 η
2028 4717 2198 4776 ειιθιξ.Δ
2221 4701 2453 4776 Gobler.
2477 4700 2820 4776 et'Fslckm.
2850 4704 2905 4776 _1,
2939 4702 3014 4776 ὡς
3034 4701 3187 4776 οὕτε.
3244 4700 3400 4776 Reg.‘
3415 4706 3470 4773 2,
3503 4705 3679 4776 Basil.

1947 4751 1994 4816 D
2025 4751 2542 4845 Ἆῖιξιῖρῖίιῑὲῑέιέιὶί.
2563 4751 2908 4842 ἶᾝὶἶὶιζξ
2944 4751 3105 4830 Βῦδὶῖ
3121 4751 3384 4833 "casias
3406 4751 3470 4832 ἐξ
3503 4751 3680 4843 eam;

2034 4840 2342 5041 :igluféSic
2373 4919 2621 4988 uterque
2654 4917 2790 5043 Reg.
2845 4917 3082 5001 Seguer.
3134 4917 3311 4973 Basil.
3370 4916 3677 5006 Anglican.

2078 5003 2107 5043 ε
2135 4988 2288 5043 ckm.
2319 4989 2353 5042 2
2384 4992 2442 5042 et
2469 4989 2524 5044 5.
2549 4992 2620 5042 At
2648 4988 2730 5044 G0
2774 4989 3030 5044 lerianus
3056 4991 3113 5043 et
3148 4989 3394 5044 Felckm.
3431 4990 3482 5044 1.
3505 4987 3677 5044 Οποία

2035 5003 2288 5043 FelCKm.
2319 5003 2353 5042 Ζ
2384 5003 2442 5042 θῑ
2469 5003 2524 5044 Ο.
2549 5003 2620 5042 Δί
2648 5003 3030 5044 UODlerlanUS
3056 5003 3113 5043 et
3149 5003 3394 5044 P'BICKm.
3431 5003 3682 5059 1,‘U1rotu

2034 5055 2224 5150 yupﬁv
2389 5057 2647 5150 μακαρία.
2702 5061 2901 5150 genteri
2953 5059 3220 5150 ert
3262 5057 3453 5143 Ὁποία
3510 5061 3684 5150 γὰρ

2035 5127 2126 5183 καὶ
2157 5127 2360 5204 ἕωςᾶν
2388 5127 2423 5204 ᾖ
2453 5133 2487 5199 ἡ
2523 5127 2780 5204 μακαρία.
2816 5131 2948 5204 Mox
2980 5129 3354 5204 Felckmanni
3385 5127 3685 5188 secundus

2038 5207 2094 5257 et
2127 5203 2303 5258 editio
2335 5200 2796 5259 Commeliniana
2824 5203 3104 5258 omittunt
3127 5200 3217 5256 καί
3242 5208 3376 5276 post
3407 5204 3579 5267 οὕτως
3609 5204 3686 5258 εἴ·

2037 5292 2145 5327 ναι.

2111 5345 2223 5418 (82)
2257 5345 2471 5418 Regius
2503 5345 2728 5418 primus
2755 5349 2808 5399 et
2826 5344 3223 5415 Segucrianuc
3249 5367 3354 5418 μου
3380 5349 3683 5418 omittunt.

2112 5415 2222 5487 (83)
2260 5415 2510 5491 Uterque
2542 5417 2761 5491 Regius
2801 5423 2868 5491 et
2895 5415 3332 5491 _Seg_uer_ianus,
3393 5417 3688 5491 θελόμενός

2041 5483 2352 5612 acumini
2384 5483 2438 5542 ei
2495 5483 2657 5558 editi',
2710 5483 3076 5559 στελλόμεηῖός
3132 5487 3295 5558 ἐστιν,
3318 5483 3329 5490 ’
3350 5495 3416 5546 ut
3445 5497 3501 5546 et
3531 5483 3690 5562 'legit

2042 5593 2062 5612 ι
2094 5574 2329 5614 anulus.

2114 5630 2227 5710 (84)
2258 5628 2473 5701 Regius
2504 5629 2815 5701 primus'et
2843 5630 3260 5703 Seguerianus,
3310 5630 3372 5684 τὸ
3411 5629 3566 5686 εἶναι.
3612 5631 3689 5688 Ii-

2043 5701 2174 5757 dom
2208 5701 2423 5757 ibidem
2457 5706 2516 5756 et
2545 5701 2760 5772 Regius
2782 5703 3098 5766 secundus,
3132 5700 3230 5756 οὐκ
3259 5699 3319 5756 ἐκ
3351 5699 3689 5772 βουλήσεως,

2044 5702 2174 5784 dom
2208 5702 2423 5785 ibidem
2457 5706 2516 5756 et
2545 5702 2760 5784 Regius
2782 5702 3098 5787 secundus2
3132 5702 3230 5786 οὐκ
3259 5702 3319 5788 ἐκ
3348 5702 3690 5828 βουλήσεως,

2044 5776 2108 5850 ut
2137 5777 2279 5850 item
2302 5772 2452 5850 legit
2479 5773 2889 5850 NanniusAln
2920 5779 2977 5832 et
3006 5776 3168 5845 editi,
3199 5795 3296 5828 του
3324 5796 3348 5830 ε
3371 5795 3456 5831 ναι
3488 5774 3687 5850 ἀγαθὸς

2045 5842 2105 5900 ἐκ
2138 5841 2456 5918 βοολήσεῖυς
2485 5844 2578 5919 μὲν
2611 5841 2833 5921 ἤρξατο.
