4076 6384
267 475 391 537 465

1387 475 1681 536 ORATIO
1723 474 1806 536 IlI
1851 474 2166 536 CONTRA
2207 476 2571 538 ABIANOS.

3561 479 3682 539 466

268 611 304 679 ἡ
341 605 519 683 βουλή
554 627 568 678 ;
602 610 842 666 ’Ἄτοπον
871 609 994 685 γάρ’
1021 606 1115 663 ’ίνα
1153 609 1229 682 μὴ
1262 609 1353 663 καὶ
1384 607 1436 663 ἐν
1467 606 1628 685 Αόγω
1659 608 1688 662 6
1718 606 1911 683 Λόγος,

2037 608 2555 682 luntas,quomodo
2586 609 2901 667 consilium
2931 609 3052 666 sive
3081 610 3354 667 voluntas
3382 609 3443 666 in
3471 611 3682 668 volun-

267 698 359 753 καὶ
390 698 419 753 6
452 698 576 761 Υἱὸς
607 697 663 753 ἐν
694 699 825 771 Υἱῷ,
855 698 946 753 καὶ
975 699 1011 767 ἡ
1044 698 1221 775 Σοφία
1251 697 1302 753 ἐν
1332 696 1510 773 Σοφίᾳ
1537 696 1754 772 γίνηται
1784 699 1921 770 (93),

267 786 510 862 καθάπερ
556 785 830 849 πολλάκις
876 785 1112 864 εἴρηται.
1165 789 1346 842 Πάντα
1390 790 1492 863 γάρ
1541 786 1683 842 ἐστιν
1732 788 1762 841 6
1801 787 1923 849 Υἱὸς

267 880 368 933 τοῦ
399 877 632 951 Πατρός*
666 876 755 931 καὶ
805 874 959 932 οὐδὲν
1003 876 1056 931 ἐν
1103 881 1183 949 τῷ
1237 876 1405 950 Ιίατρὶ
1436 877 1542 951 πρὸ
1594 879 1690 931 τοῦ
1720 874 1923 951 Λόγου⁶

271 963 402 1021 αλλ’
434 964 488 1021 ἐν
516 969 596 1037 τῷ
626 964 785 1041 Λόγῳ
813 965 904 1020 καὶ
932 966 966 1035 ἡ
1000 963 1285 1040 βούλησις
1319 964 1409 1020 καὶ
1442 962 1511 1018 δι’
1543 963 1707 1019 αὐτοῦ
1737 965 1801 1018 τὰ
1829 967 1927 1018 τοῦ

277 1052 636 1132 βουλήματος
685 1053 760 1117 εἰς
813 1050 971 1130 ἔργον
1022 1054 1351 1124 τελειοῦται,
1383 1053 1459 1116 ὡς
1499 1049 1697 1124 ἔδειξαν
1726 1053 1927 1125 (94),αἱ

270 1145 410 1199 θεῖαι
464 1143 691 1221 Γραφαί.
744 1137 1093 1217 Ἐϐουλόμην
1141 1140 1200 1197 δὲ
1227 1142 1352 1204 τοὺς
1398 1137 1608 1203 ἀσεϐεῖς
1642 1139 1813 1203 οὕτως
1847 1141 1923 1204 εἰς

272 1231 498 1307 ἀλογίαν
553 1231 926 1300 πεπτωκότας,
977 1232 1067 1286 καὶ
1118 1232 1239 1305 περὶ
1277 1229 1593 1305 βουλήσεως
1625 1231 1924 1303 σκεπτομὲ-

268 1342 411 1393 νους,
442 1325 535 1376 νῦν
587 1320 857 1395 ἐρωτῆσαι
913 1319 1109 1393 μηκέτι
1158 1320 1254 1382 τὰς
1285 1317 1571 1381 τικτούσας
1623 1318 1795 1375 αὐτῶν
1834 1339 1925 1396 γυ-

268 1416 481 1479 ναῖκας,
509 1409 574 1472 ’ὰς
619 1410 771 1466 οὗτοι
803 1413 919 1484 (95)
968 1411 1233 1486 πρότερον
1276 1410 1506 1484 ἠρώτων
1558 1407 1827 1484 λέγοντες,
1859 1408 1922 1463 El

268 1500 418 1575 εἶχες
463 1499 598 1567 υἱὸν,
648 1499 778 1577 πρὶν
817 1500 1080 1574 νεννήσῃς
1112 1518 1126 1567 ;
1154 1496 1302 1553 ἀλλὰ
1346 1497 1472 1560 τοὺς
1524 1496 1780 1571 πατέρας,
1830 1497 1922 1552 καὶ

268 1590 441 1645 εἰπεῖν
474 1588 681 1651 αὐτοῖς·
717 1589 951 1661 Πότερον
1002 1586 1393 1664 βουλευόμενοι
1441 1587 1648 1662 γίνεσθε
1676 1585 1921 1662 πατέρες,

266 1678 306 1748 ἢ
337 1677 477 1733 κατὰ
506 1677 663 1755 φύσιν
707 1676 798 1732 καὶ
848 1683 949 1747 τῆς
1003 1677 1157 1750 ὑμῶν
1197 1674 1512 1751 βουλήσεως
1547 1695 1560 1744 ;
1594 1677 1663 1733 Ἦ
1691 1681 1791 1744 τῆς
1823 1675 1923 1753 φύ-

268 1786 410 1830 σεως
438 1766 528 1822 καὶ
562 1766 745 1829 οὐσίας
783 1767 936 1840 ὑμῶν
969 1765 1109 1821 ἐστιν
1165 1766 1332 1839 ὅμοια
1358 1765 1427 1819 τὰ
1453 1764 1612 1821 τέκνα
1643 1784 1657 1834 ;
1685 1763 1778 1820 ἵνα
1823 1761 1918 1821 κᾶν

266 1855 417 1931 παρᾶ
460 1859 567 1911 τῶν
620 1855 823 1931 γονέων
876 1854 1199 1926 ἐντραπῶσι,
1231 1856 1361 1930 παρ’
1389 1853 1464 1907 ὧν
1493 1854 1556 1908 τὸ
1596 1852 1796 1929 λῆμμα
1822 1856 1921 1923 τῆς

264 1943 524 2021 γενέσεως
576 1943 884 2018 ἀπῄτησαν,
937 1943 1027 1998 καὶ
1076 1945 1203 2018 παρ’
1257 1943 1330 1998 ὢν
1355 1940 1592 2013 ἤλπισαν
1627 1939 1774 2018 ἔχειν
1816 1943 1915 2012 τὴν

265 2038 491 2110 γνῶσιν.
526 2034 1019 2108 ’Δποκριθήσονται
1047 2032 1148 2109 γὰρ
1180 2031 1387 2101 αὐτοῖς,
1421 2030 1503 2086 ὅτι
1553 2034 1664 2106 (96)
1695 2035 1768 2088 “Α
1798 2053 1917 2107 γεν-

261 2126 470 2196 νῶμεν,
522 2122 585 2177 οὗ
632 2126 731 2177 τοῦ
779 2120 1115 2194 θελήματος,
1148 2118 1273 2176 ἀλλ’
1324 2123 1486 2194 ἡμῶν
1533 2119 1674 2175 ἐστιν
1730 2120 1916 2194 ὅμοια*

262 2209 392 2267 οὒδὲ
441 2207 983 2289 προϐουλευσάμενοι
1027 2208 1290 2286 γινόμεθα
1342 2214 1526 2285 γονεῖς
1558 2253 1576 2283 ,
1625 2208 1771 2265 ἀλλὰ
1822 2216 1921 2279 τῆς

261 2301 476 2381 φύσεως
510 2298 649 2356 ἴδιόν
679 2300 789 2356 ἐστι
822 2301 884 2356 τὸ
924 2305 1136 2376 γεννᾷν’
1172 2299 1287 2355 ἐπεὶ
1340 2299 1431 2355 καὶ
1486 2302 1648 2373 ἡμεῖς
1694 2304 1802 2355 τῶν
1834 2321 1921 2356 τε·

259 2391 472 2446 κόντων
680 2388 840 2463 ἐσμὲν
896 2388 1119 2451 εἰκόνες.
1174 2392 1245 2444 "ll
1295 2389 1471 2445 τοίνυν
1529 2390 1922 2464 καταγινωσκὲ-

257 2500 438 2534 τωσαν
492 2479 719 2552 ἑαυτῶν,
751 2480 838 2535 καὶ
890 2479 1239 2534 παυέσθωσαν
1290 2476 1689 2552 πυνθανόμενοι
1736 2499 1918 2553 γυναι-

258 2573 373 2624 κῶν
435 2568 560 2644 περὶ
616 2572 714 2623 τοῦ
768 2569 893 2623 Υὶοῦ
940 2572 1038 2623 τοῦ
1090 2572 1244 2636 Θεοῦ,
1286 2566 1322 2637 ἢ
1358 2568 1765 2641 μανθανέτωσαν
1795 2568 1921 2643 παρ’

261 2657 444 2713 αὐτῶν
474 2659 610 2732 (98),
661 2658 744 2711 ὅτι
796 2657 860 2712 οὐ
909 2655 1170 2732 βουλήσει
1212 2662 1456 2732 γεννᾶται
1506 2658 1534 2711 ὁ
1585 2656 1721 2725 υἱὸς,
1778 2655 1922 2713 ἀλλὰ

260 2746 421 2825 φύσει
453 2746 544 2801 καὶ
575 2743 825 2819 ἀληθείᾳ.
879 2746 1107 2821 Πρὲπων
1158 2743 1216 2800 δὲ
1261 2745 1351 2800 καὶ
1399 2746 1658 2819 ἁρμόζων
1705 2744 1919 2807 τούτοις

258 2836 375 2909 ὁέξ
409 2836 711 2912 ἀνθρώπιον
760 2829 1010 2909 ἔλεγχος,
1061 2831 1248 2902 ἐπειδὴ
1302 2833 1391 2888 καὶ
1441 2833 1755 2910 ἀνθρώπινα
1796 2833 1920 2909 περὶ

253 2929 364 2991 τῆς
395 2926 654 2996 θεότητος
686 2920 1098 2999 διαλογίζονται
1149 2923 1201 2977 οἱ
1254 2916 1606 3001 κακόφρονες.
1650 2923 1709 2977 Τί
1739 2922 1918 2978 τοίνυν

254 3014 342 3071 ἔτι
526 3013 806 3088 μαίνονται
838 3014 891 3067 οἱ
925 3010 1345 3088 Χριστομάχοι;
1378 3012 1478 3066 Καὶ
1514 3014 1679 3066 τοῦτο
1703 3012 1805 3087 γὰρ
1831 3010 1921 3066 αὖ·

248 3109 369 3159 τῶν
402 3104 585 3180 ὥσπερ
624 3100 716 3158 οὖν
768 3100 859 3157 καὶ
907 3101 975 3157 τὰ
1030 3100 1176 3157 ἄλλα
1227 3096 1604 3177 προϐλήματα
1654 3097 1920 3157 δέδεικται

249 3194 350 3249 καὶ
403 3190 659 3268 ἠλέγχθη
718 3191 980 3270 φαντασία
1024 3189 1114 3245 καὶ
1176 3188 1556 3264 μυθοπλαστία
1614 3192 1691 3263 (1)
1753 3191 1922 3263 μόνον

251 3280 415 3338 ὄντα·
446 3282 537 3335 καὶ
568 3278 654 3335 διὰ
704 3278 866 3336 τοῦτο
920 3279 1224 3359 ὀφείλουσι,
1255 3278 1352 3334 κ’ὰν
1398 3278 1496 3353 όψὲ
1546 3300 1680 3334 ποτε
1709 3280 1917 3354 θεωρή-

1952 1997 1999 2063 Β

2037 703 2151 755 tate
2173 700 2305 756 est?
2326 699 2507 756 Valde
2540 699 2695 755 enim
2728 699 2837 755 hoc
2880 700 3203 755 absurdum
3235 704 3353 756 est:
3409 717 3483 756 ne
3521 700 3682 758 scili-

2035 793 2123 844 cet
2151 791 2408 846 Verbum
2439 790 2499 844 in
2530 789 2740 857 Verbo,
2775 788 2956 845 Filius
2976 788 3037 844 in
3066 789 3231 859 Filio,
3282 793 3340 845 et
3385 790 3685 862 Sapientia

2034 878 2095 933 in
2128 879 2428 950 Sapientia
2445 880 2568 934 ﬁeri
2591 877 3067 948 existimetur,uti
3090 880 3305 952 sepius
3322 878 3547 936 dictum
3567 884 3678 937 est.

2034 968 2296 1040 Namque
2326 967 2506 1024 Filius
2537 968 2737 1023 omnia
2760 968 2885 1039 ipse
2906 971 2996 1023 est
3020 984 3148 1040 qua:
3181 968 3372 1025 Patris
3396 972 3556 1035 sunt,
3591 970 3679 1024 ni-

2035 1056 2235 1128 hilque
2265 1062 2399 1114 ante
2420 1058 2678 1113 Verbum
2727 1061 2815 1113 est
2858 1057 2918 1111 in
2967 1061 3172 1113 Patre:
3233 1057 3335 1113 sed
3381 1057 3441 1113 in
3490 1059 3681 1115 Verbo

2035 1144 2210 1202 etiam
2243 1153 2332 1203 est
2351 1146 2644 1217 voluntas,
2669 1149 2725 1202 et
2755 1163 2859 1218 per
2879 1146 3076 1218 ipsum
3101 1163 3190 1217 ea,
3215 1163 3342 1219 quas
3364 1146 3682 1204 voluntatis

2034 1238 2195 1306 sunt,
2218 1250 2389 1307 opere
2406 1234 2810 1307 perficiuntur,
2843 1239 2908 1290 ut
2936 1251 3006 1290 ex
3035 1234 3231 1291 divina
3253 1235 3555 1308 Scriptura
3586 1236 3681 1292 di-

2033 1323 2309 1379 dicimus.
2342 1324 2563 1380 Vellem
2585 1340 2717 1379 vero
2774 1326 2840 1378 ut
2868 1322 3033 1395 impii
3073 1324 3171 1395 qui
3211 1341 3277 1379 eo
3324 1324 3684 1381 devenerunt

2031 1411 2381 1479 amentim,et
2410 1413 2483 1469 de
2512 1412 2808 1468 voluntate
2831 1412 3156 1485 disputant,
3174 1402 3678 1488 vellem,inquam,

2034 1505 2099 1559 ut
2127 1518 2242 1557 non
2261 1502 2389 1573 jam
2417 1502 2849 1575 interrogarent
2879 1502 3176 1569 mulieres,
3218 1519 3366 1574 quas
3399 1504 3480 1560 ita
3513 1503 3676 1576 prius

2032 1591 2551 1662 percontabantur,
2586 1590 2929 1647 Habuistine
2959 1590 3145 1647 filium
3200 1592 3547 1665 priusquam
3578 1608 3676 1666 ge-

2033 1677 2305 1735 nuisses?
2337 1695 2539 1737 verum
2563 1684 2758 1751 patres
2807 1679 3003 1751 potius
3052 1679 3163 1736 hoc
3222 1682 3393 1737 modo
3423 1682 3676 1740 interro-

2030 1772 2206 1841 gent:
2240 1775 2328 1824 An
2359 1767 2736 1824 deliberando
2768 1772 2962 1839 patres
2993 1768 3396 1842 efficimini,an
3426 1787 3562 1828 vero
3580 1789 3679 1829 se-

2030 1858 2291 1914 cundum
2315 1862 2586 1913 naturam
2608 1862 2815 1913 vestras
2829 1857 3007 1913 etiam
3030 1857 3388 1915 voluntatis?
3402 1861 3488 1916 An
3510 1859 3679 1918 liberi

2030 1945 2253 2003 similes
2283 1952 2424 2002 sunt
2455 1950 2657 2002 vestrm
2687 1950 2906 2002 natura:
2935 1950 2995 2002 et
3023 1947 3678 2021 substantim?Hascigi-

2028 2039 2127 2091 tur
2156 2034 2458 2108 inquirant
2488 2052 2521 2091 a
2552 2035 2918 2107 parentibus,
2950 2039 3017 2091 ut
3066 2036 3138 2092 ab
3168 2036 3263 2092 his
3295 2036 3440 2110 ipsis
3470 2038 3675 2093 confu-

2029 2128 2248 2192 tentnr,
2273 2125 2426 2181 489
2466 2142 2500 2181 a
2531 2123 2747 2196 quibus
2781 2140 2912 2198 quas
2931 2123 3219 2181 elicienda
3275 2130 3432 2182 esset
3476 2142 3545 2183 ex
3569 2143 3680 2183 sua

2030 2214 2103 2268 de
2124 2214 2590 2269 nascendimodo
2614 2213 2936 2286 quastione
2956 2211 3257 2270 conclusio
3278 2218 3396 2269 tam
3411 2215 3679 2288 impense

2030 2300 2394 2375 ﬂagitarunt,
2427 2306 2856 2375 speraruntque
2886 2318 3005 2359 rem
3038 2318 3108 2358 ex
3133 2302 3279 2375 ipsis
3297 2303 3468 2375 plane
3485 2304 3681 2377 cogni-

2029 2394 2214 2447 turos.
2248 2391 2378 2447 Haec
2423 2391 2647 2447 scilicet
2702 2390 2785 2446 illi
2835 2395 2973 2447 sunt
3029 2393 3409 2465 responsuri:
3444 2394 3523 2449 Ea
3550 2410 3678 2466 quo

2030 2480 2474 2553 gignimus,non
2490 2480 2807 2537 voluntatis
2829 2481 3096 2547 sunt,sed
3129 2482 3313 2538 nostri
3344 2487 3484 2539 sunt
3513 2482 3678 2539 simi-

2031 2565 2147 2623 lia:
2180 2583 2368 2639 neque
2398 2567 2563 2639 prius
2590 2566 2969 2624 deliberando
3004 2572 3200 2641 patres
3231 2570 3541 2643 efﬁcimur,
3574 2571 3677 2627 sed

2031 2658 2271 2731 gignere
2295 2656 2595 2730 proprium
2629 2661 2719 2712 est
2744 2662 2988 2725 natura,
3050 2660 3530 2730 quandoquidem
3572 2677 3676 2717 nos

2031 2762 2264 2819 quoque
2296 2745 2408 2819 ipsi
2446 2750 2756 2819 parentum
2808 2763 3018 2804 sumus
3060 2746 3373 2820 imagines.
3405 2749 3508 2805 Vel
3539 2766 3677 2823 ergo

2031 2837 2258 2909 seipsos
2288 2836 2701 2903 condemnent,
2725 2840 2785 2892 et
2806 2836 3081 2892 mulieres
3111 2837 3182 2891 de
3216 2837 3358 2894 Filio
3393 2838 3494 2894 Dei
3525 2839 3679 2896 desi-

2031 2929 2174 2982 nant
2202 2925 2595 2996 interrogare:
2627 2924 2717 2981 vel
2766 2929 2918 2981 certe
2971 2925 3043 2981 ab
3102 2926 3248 2997 ipsis
3292 2927 3523 2984 discant
3560 2945 3679 2986 non

2028 3014 2461 3085 voluntate,sed
2476 3019 2688 3071 natura
2716 3019 2775 3070 et
2804 3030 3003 3071 revera
3024 3013 3210 3071 ﬁlium
3234 3015 3677 3088 gigniJEquum

2030 3104 2187 3161 enim
2219 3108 2309 3159 est
2338 3120 2437 3159 eos
2470 3102 2835 3175 argumentis
2860 3119 2929 3159 ex
2958 3103 3261 3161 hominum
3294 3109 3505 3162 natura
3533 3106 3678 3179 peti-

2030 3193 2106 3250 tis
2137 3192 2340 3260 refelli,
2377 3192 2475 3264 qui
2508 3192 2768 3249 humana
2798 3192 2868 3248 de
2899 3191 3200 3250 divinitate
3230 3194 3498 3267 improbe
3516 3195 3678 3270 cogi-

2031 3287 2173 3339 tant.
2208 3282 2355 3347 Quid
2388 3281 2568 3353 igitur
2589 3281 2781 3338 adhuc
2813 3281 3121 3339 insaniunt
3165 3282 3378 3340 Christi
3429 3284 3676 3341 hostes?

252 3392 452 3436 σαντες
482 3370 558 3433 εἷς
587 3369 711 3425 ὅσον
763 3369 1068 3448 ἀφροσύνης
1123 3369 1440 3424 πεπτώκασι
1488 3368 1758 3446 κρημνὸν,
1802 3368 1911 3423 ἀνα-

2031 3377 2176 3428 Nam
2226 3371 2381 3428 hanc
2436 3370 2673 3427 illorum
2713 3370 2998 3427 rationem
3052 3376 3118 3427 ut
3169 3377 3227 3428 et
3282 3371 3429 3429 alias
3476 3390 3681 3430 omnes

253 3460 415 3518 δῦναι
444 3459 536 3515 καὶ
566 3460 749 3538 φύγειν
798 3462 875 3533 (2)
925 3460 1032 3515 ἀπὸ
1078 3465 1178 3529 τῆς
1227 3462 1323 3514 τοῦ
1377 3452 1640 3513 διαϐόλου
1670 3455 1915 3533 παγίδος,

248 3548 677 3623 νουθετούμενοι
717 3553 842 3623 παρ’
892 3550 1075 3621 ἡμῶν.
1132 3545 1529 3624 Φιλάνθρωπος
1571 3547 1672 3621 γὰρ
1703 3549 1739 3617 ἡ
1770 3546 1913 3617 ἀλή-

254 3651 383 3704 θεια
431 3638 703 3714 κράζουσα
736 3635 1040 3698 διαπαντόςο
1090 3636 1153 3690 Εἰ
1203 3635 1327 3709 ἐμοὶ
1390 3637 1465 3709 μή
1511 3635 1786 3691 πιστεύετε
1838 3637 1916 3709 (3)

252 3725 353 3783 διὰ
412 3728 513 3796 τήν
568 3730 665 3781 τοῦ
719 3725 971 3800 σώματος
1028 3720 1354 3802 περιϐολὴν,
1411 3724 1509 3781 κᾶν
1555 3730 1672 3787 τοῖς
1730 3721 1914 3802 ἔργοις

245 3815 604 3873 πιστεύσατε’
648 3813 737 3870 ’ίνα
786 3819 981 3891 γνῶτε,
1036 3813 1119 3869 ὅτι
1175 3812 1282 3889 ἐγὼ
1338 3813 1390 3869 ἐν
1442 3819 1523 3887 τῷ
1575 3813 1768 3890 Πατρὶ,
1822 3812 1909 3869 καὶ

246 3907 286 3961 ὁ
346 3906 536 3980 Πατὴρ
596 3902 647 3959 ὲν
710 3903 856 3978 ἐμοί·
912 3902 1028 3968 καὶ,
1085 3902 1229 3977 Ἐγὼ
1286 3905 1358 3976 (4)
1390 3901 1479 3958 καὶ
1532 3904 1559 3959 6
1610 3905 1795 3974 Πατὴρ
1852 3899 1909 3958 ἓν

241 3995 437 4069 ἐσμεν·
489 3993 602 4063 καὶ,
661 3994 723 4051 Ὁ
781 3993 1037 4069 ὶωραὴὼς
1091 3990 1209 4066 ἐμὲ,
1270 3992 1478 4069 ἑώρακε
1532 3993 1622 4047 τὸν
1675 3992 1904 4067 Πατέρα.

239 4082 479 4140 ’Δλλ⁹ὁ
527 4083 620 4157 μὲν
681 4081 877 4157 Κύριος
929 4083 1174 4153 συνήθως
1233 4080 1758 4159 φιλανθρωπεύεται,
1815 4083 1905 4136 καὶ

239 4172 401 4240 θέλει
454 4170 658 4235 πάντας
712 4170 1072 4247 ἀνορθοῦσθαι
1125 4169 1256 4233 τοὺς
1304 4169 1793 4247 κατεῤῥαγμὲνους,
1830 4169 1905 4232 ὡς

236 4267 274 4333 ἡ
310 4261 523 4325 αῧθεσις
554 4259 697 4338 λέγει
727 4263 825 4316 τοῦ
878 4254 1044 4315 Δαὸὶδ
1209 4260 1261 4314 0i
1292 4256 1350 4314 δὲ
1388 4254 1597 4322 ἀσεϐεῖς
1628 4258 1689 4314 οὗ
1722 4258 1907 4323 θέλον-

235 4373 329 4416 τες
360 4350 585 4406 ὼιούειν
637 4354 913 4424 Κυριακῆς
959 4354 1168 4427 φωνῆς,
1202 4344 1327 4403 οὐδὲ
1359 4346 1606 4425 φέροντες
1657 4350 1784 4425 ὁρᾷν
1813 4349 1903 4403 τὸν

2026 3461 2394 3518 ostendimus
2407 3476 2472 3515 ac
2486 3461 2843 3517 convicimus
2865 3460 3015 3517 nihil
3046 3460 3160 3517 nisi
3193 3461 3425 3518 fabulas
3441 3467 3499 3518 et
3517 3480 3678 3526 mera

2027 3554 2360 3606 commenta
2388 3565 2537 3605 esse.
2572 3549 2723 3609 Sero
2759 3548 2941 3622 igitur
2965 3547 3173 3605 saltem
3206 3550 3675 3608 animadvertant

2025 3638 2085 3694 in
2118 3643 2398 3711 quantam
2430 3637 2776 3709 insipientia:
2806 3637 3143 3709 voraginem
3192 3655 3322 3695 sese
3352 3639 3676 3712 praecipita-

2022 3729 2232 3797 verint,
2279 3744 2344 3785 ac
2384 3727 2602 3783 nostris
2660 3726 3087 3784 monitionibus
3133 3728 3388 3794 excitati,
3427 3729 3668 3785 tandem

2021 3816 2159 3872 inde
2180 3815 2457 3872 festinent
2486 3831 2804 3887 emergere,
2866 3832 3046 3888 seque
3089 3833 3157 3872 ex
3194 3816 3413 3873 diaboli
3444 3816 3671 3890 laqueis

2021 3904 2314 3978 expedire.
2366 3904 2673 3976 Siquidem
2715 3903 2970 3976 benigna
3009 3908 3098 3960 est
3129 3905 3339 3962 veritas
3369 3922 3496 3976 quae
3526 3905 3670 3961 assi-

2020 3995 2134 4050 due
2166 3992 2383 4050 clamat
2407 4011 2419 4049 :
2443 3993 2505 4049 Si
2535 3992 2678 4048 mihi
2706 3993 2779 4049 ob
2811 3993 3072 4065 corporis
3102 3993 3381 4049 amictum
3415 4009 3528 4050 non
3547 4010 3671 4049 cre-

2016 4084 2164 4153 ditis,
2195 4083 2449 4155 operibus
2492 4081 2701 4138 saltem
2759 4082 2984 4152 credite,
3040 4092 3100 4138 ut
3142 4085 3501 4154 cognoscatis,
3534 4084 3671 4155 quia

2015 4186 2120 4244 ego
2159 4172 2214 4226 in
2266 4171 2451 4235 Putre,
2483 4173 2536 4225 et
2561 4170 2731 4225 Pater
2762 4171 2819 4223 in
2853 4186 2943 4225 me
2970 4176 3047 4225 est
3080 4171 3146 4239 ³⁸,
3178 4174 3257 4238 et,
3289 4172 3396 4242 Ego
3423 4179 3473 4227 et
3502 4173 3670 4227 Pater

2014 4276 2189 4315 unum
2216 4276 2408 4314 sumus
2439 4259 2504 4330 2°,
2546 4263 2622 4324 et,
2656 4259 2763 4327 Qui
2818 4258 2961 4314 vidit
3017 4275 3123 4327 me,
3171 4259 3311 4315 vidit
3345 4262 3565 4317 Patrem
3595 4261 3661 4317 ³⁷.

2014 4351 2230 4405 Verum
2261 4347 2548 4403 Dominus
2578 4345 2820 4419 quidcm
2876 4363 2981 4419 pro
3011 4363 3171 4405 more
3201 4363 3308 4405 suo
3348 4348 3665 4407 clementer

311 4515 364 4552 ³⁵
394 4513 567 4571 Joan.
597 4529 655 4580 x,
687 4511 777 4568 38.
857 4511 903 4547 9°
932 4509 1079 4566 ibid.
1112 4510 1201 4567 30.
1278 4481 1329 4545 ’τ’
1351 4508 1522 4567 Joan.
1555 4525 1672 4581 xw,
1705 4509 1760 4565 9.

306 4677 432 4749 (93)
462 4674 559 4733 Sic
592 4673 805 4748 Regius
835 4672 1064 4746 primus
1096 4675 1153 4729 et
1181 4670 1597 4744 Seguerianus.
1629 4675 1702 4727 At
1730 4671 1893 4737 editi,
1926 4675 1973 4739 D
2006 4668 2158 4749 Felc.
2192 4672 2244 4749 1.
2272 4670 2377 4749 ᾼΑι
2432 4669 2632 4749 alii_et
2659 4668 2853 4749 editio
2886 4669 3211 4749 _Commel.,
3259 4670 3483 4749 τὲξινων.
3534 4679 3662 4749 Mox

227 4740 515 4825 γεκῑῖιῖᾷξ-
664 4740 706 4825 ,⁷
835 4740 855 4746 ⁷
954 4815 969 4825 .
1099 4818 1134 4825 -
1260 4740 1323 4825 ⁷⁷-
1586 4817 1617 4825 -
1667 4814 1718 4825 ..
1881 4819 1890 4825 .

2030 4748 2159 4825 teg.‘
2172 4743 2236 4825 ,1,
2266 4740 2763 4825 Segue'r.‘Gobler.
2797 4746 2854 4799 et
2886 4742 3032 4800 Felc.
3063 4743 3117 4811 1,
3143 4740 3514 4803 παυέσθωσαν.
3547 4747 3659 4804 Alii

242 4813 257 4825 ’
332 4813 430 4892 94)
457 4819 554 4876 Sic
593 4816 820 4900 primus
868 4815 1049 4872 codex
1098 4818 1254 4898 Begu
1290 4818 1361 4897 Se
1404 4831 1529 4871 uer.
1578 4814 1809 4900 Gobler.
1842 4819 1900 4871 et

231 4825 507 4951 Feickm.
535 4891 588 4945 1.
620 4893 821 4945 Creten
849 4892 1049 4943 autem
1079 4891 1137 4943 et
1164 4887 1326 4953 editi,
1348 4830 1620 4956 gamus”
1663 4887 1894 4956 ibidem

2030 4820 2066 4871 it
2094 4813 2255 4883 editi,
2290 4813 2705 4876 παυσάσθωσαν.

2077 4887 2189 4956 (98)
2220 4888 2311 4942 Sic
2341 4885 2570 4956 primus
2618 4888 2705 4941 coc

280 4902 507 4951 elckm.
535 4902 588 4945 1.
620 4902 821 4945 caeteri
849 4902 1049 4943 autem
1079 4902 1137 4943 et
1164 4902 1326 4953 eum,
1352 4902 1620 4953 _sct0a§aw
1674 4902 1894 4943 minem

2077 4887 2189 5013 (98)
2220 4888 2311 4942 Sic
2341 4885 2570 4968 primus
2618 4883 2816 4968 codex.
2844 4884 3080 4975 Regius,
3106 4890 3366 4975 ,Seguer.
3416 4886 3649 4947 Gobler.

2091 4958 2165 5013 Fe
2192 4974 2240 5013 c.
2276 4959 2326 5012 1.
2364 4964 2433 5013 At
2464 4957 2561 5013 alll
2595 4961 2651 5013 et
2680 4958 2841 5013 edltl.
2872 4975 2963 5009 και
2992 4974 3100 5013 παρ
3149 4976 3347 5013 αυτων.

2006 4961 2063 5015 et
2084 4955 2240 5014 Felc.
2276 4955 2433 5013 1.“Αῐ
2464 4957 2561 5014 alii
2595 4961 2651 5013 et
2680 4956 2841 5026 editi,
2872 4955 2963 5009 καὶ
2992 4955 3120 5028 παρ’
3149 4955 3347 5013 αὐτῶν.

2073 5030 2184 5102 (99)
2212 5031 2334 5085 ’Έτι
2366 5034 2425 5085 et
2454 5046 2587 5085 mox
2619 5028 2708 5082 καί
2739 5028 2958 5102 absunt
2987 5045 3020 5083 a
3041 5032 3185 5102 Reg.
3218 5030 3245 5083 1
3279 5030 3600 5102 etSeguer.

2107 5099 2278 5171 1)'Sic
2310 5103 2535 5173 primus
2566 5102 2745 5156 codex
2771 5099 3005 5173 Regius,
3035 5099 3273 5173 seguer.
3325 5099 3558 5159 Gobler.
3591 5106 3652 5161 et

2003 5168 2153 5228 Felc.
2193 5176 2240 5228 1.
2275 5168 2348 5228 Ᾰῒ.
2378 5173 2473 5228 alii
2506 5177 2561 5227 et
2587 5172 2748 5237 editi,
2786 5168 3153 5240 μυθοπλασίᾶ.

2069 5246 2143 5333 (2)
2178 5246 2395 5317 Regius
2428 5247 2479 5311 1,
2512 5243 2875 5315 Seguerian.,
2904 5245 3110 5318 φυγεῖν.
3166 5244 3366 5300 Casteri
3397 5249 3453 5301 et
3481 5246 3643 5319 editi,

2014 5335 2249 5372 βεηγειν..

2000 5334 2389 5458 γείῖδίξὲξεὶυε
2419 5389 2668 5459 primus,
2717 5384 3078 5459 Segueriant,
3126 5384 3196 5459 Ei
3238 5383 3366 5459 ἐμοὶ
3421 5387 3495 5458 μή
3555 5408 3644 5441 πι-

1996 5453 2226 5531 στεύετε,
2260 5453 2316 5513 ἐι
2338 5453 2498 5531 mox,
2529 5455 2623 5531 διᾷν
2654 5460 2780 5531 τοῖς
2797 5453 3004 5531 ἔργοις-.
3040 5453 3282 5531 Gobler.:
3302 5463 3358 5515 et
3393 5453 3538 5531 Felc.
3585 5463 3636 5528 1,

1993 5528 2132 5584 item
2161 5527 2456 5603 itte-reduc.
2492 5528 2601 5583 Alii
2633 5533 2689 5584 et
2717 5527 2886 5597 editi,
2911 5527 3033 5582 Ἐὰν
3061 5527 3185 5599 ἐμοὶ
3220 5529 3295 5600 μὴ
3328 5527 3657 5603 πιστεύητε,-

1994 5608 2051 5656 et
2081 5603 2362 5657 omittunt
2388 5597 2501 5655 κᾶν.

2064 5674 2139 5744 (fl)
2168 5673 2385 5745 Regius
2415 5673 2645 5745 primus
2674 5676 2731 5727 et
2758 5672 3023 5745 segnem,
3051 5670 3222 5745 κάγώ.

2167 5739 2395 5802 Gobler.
2416 5739 2483 5801 et
2512 5744 2552 5801 F
2555 5742 2664 5800 elo.
2697 5745 2749 5809 1,
2781 5739 2864 5804 ὠξ
2889 5741 3024 5795 αἰνεῖ
3054 5739 3237 5800 Δαϐίδ.

232 4950 461 5037 Regius
493 4962 720 5037 primus
751 4963 809 5016 et
838 4950 1629 5037 βεευεξινῖεηυεζεϐουλόμην
1658 4954 1715 5037 δε
1741 4956 1890 5037 το-ιξς,

229 5026 460 5103 Regius
492 5026 810 5098 secundus,
843 5026 1191 5103 Ἐϐουλόμην
1222 5027 1313 5083 οὗν
1341 5027 1486 5092 τούς.
1516 5026 1631 5085 Άιὶἱ
1664 5033 1722 5086 et
1750 5031 1892 5086 editi

228 5104 480 5166 Ἐϐουλό
488 5123 599 5177 μην
629 5104 779 5164 τούς.

305 5181 426 5254 (95)
460 5171 1147 5254 PrimuscodeaRegius
1194 5171 1712 5254 et'Seguerianus,
1768 5171 1888 5254 ἔαυ-

227 5241 345 5308 ea»;
379 5241 641 5325 γυναῖκας
674 5243 734 5308 ἃς
763 5243 937 5302 αὐτοί.
968 5241 1191 5329 Ibidem
1222 5241 1449 5319 πάτερ-ον
1483 5245 1647 5326 abest
1678 5261 1712 5299 a
1771 5244 1884 5301 G0-

228 5325 506 5382 bleriano
534 5327 593 5377 et
621 5319 867 5376 Felckm.
909 5333 1116 5391 primo,
1142 5332 1243 5391 pro
1274 5332 1389 5388 quo
1418 5316 1668 5391 Anglia,
1696 5315 1889 5391 πρότεο

278 5360 817 5454 οἳιῖἴενωωὶὸῖᾱρω
871 5360 1085 5470 Regius
1104 5360 1357 5470 Erimus
1385 5393 1441 5442 et
1471 5360 1887 5470 Sague’riaiius,

270 5465 664 5537 ουλευόμενοι,
697 5469 755 5519 et
784 5458 1056 5537 ιηοχξκαὶ
1087 5464 1187 5537 τῆς
1223 5458 1403 5537 ὑμῶν.
1446 5458 1573 5514 Alii
1610 5460 1883 5532 editique,

268 5530 599 5613 ουλόμενοι.
623 5530 922 5613 iidemque
946 5530 1036 5585 καί
1066 5532 1369 5613 omittunt.

301 5600 431 5685 (96(
452 5616 597 5685 Βθεο
633 5600 1015 5685 ίίθιβέευεντ
1044 5602 1269 5685 adsunt
1293 5600 1399 5685 is:
1449 5602 1603 5685 (ιιιοά
1635 5602 1695 5656 in
1724 5601 1884 5685 .81“?

228 5689 287 5741 et
307 5673 499 5741 ‘editis
528 5673 714 5737 deest.
747 5673 891 5734 Ibid’.
924 5677 1074 5732 Felc.
1104 5678 1141 5729 2
1165 5678 1221 5731 et
1251 5674 1427 5730 editio
1470 5673 1787 5743 'Commel.,
1821 5673 1882 5727 οὐ

232 5754 555 5827 θελήματος
586 5752 750 5827 ήμιῖξν
775 5748 918 5827 ἐστιν
950 5745 1136 5827 ὅμοια,ε

307 5815 427 5903 (9'7)
454 5826 549 5885 Sic
578 5815 798 5899 Regius
826 5815 1075 5896 primus,
1107 5816 1445 5892 Seguerian.
1476 5815 1804 5874 Goblerian.
1822 5822 1883 5873 et
