4076 6348
347 393 462 453 467

899 394 964 455 8.
1012 391 1439 454 ATHANASII
1483 392 1657 453 OPP.
1702 389 1906 451 PARS
1950 390 1999 450 Ι.
2031 417 2108 433 -
2147 389 2564 452 HISTORICA
2609 391 2708 451 ET
2752 391 3233 455 DOGMATIGA.

3654 392 3777 454 468

359 523 501 596 agit,
535 528 593 579 et
623 540 827 580 omnes
851 522 1028 580 elisos
1059 523 1248 596 erigit,
1285 527 1349 578 ut
1380 523 1460 578 ait
1496 522 1673 578 David
1697 522 1742 556 ”
1769 538 1782 576 :
1817 524 1877 578 at
1904 521 2007 576 im-
2035 561 2046 586 λ

2142 517 2314 593 [ύριον
2348 521 2423 593 (6)
2459 519 2561 574 ὑπὸ
2593 518 2805 576 πάντων
2835 519 3282 596 ὁμολογούμενον
3331 521 3486 590 Θεὸν,
3517 521 3608 576 καὶ
3639 522 3773 579 Θεοῦ

353 613 433 684 pii
467 613 828 668 Dominicam
882 615 1080 668 vocem
1133 611 1395 667 nolentes
1437 613 1660 678 audire,
1693 627 1797 665 nec
1819 609 2005 665 feren-

357 705 446 758 tes
479 702 812 769 Dominum,
837 706 1013 756 Deum
1047 705 1104 756 et
1139 701 1236 755 Dei
1271 700 1479 756 Filium
1509 701 1695 771 palam
1719 700 1790 754 ab
1822 699 2006 755 omni-

360 791 473 846 bus
505 790 766 863 agnosci,
799 789 977 845 veluti
1013 789 1314 858 scarabaei,
1344 807 1478 844 cum
1538 805 1644 844 suo
1693 793 1853 859 patre
1884 786 2005 841 dia-

362 879 494 936 bolo
527 880 724 935 miseri
757 879 1144 946 circumeunt,
1185 884 1248 934 ut
1270 896 1416 934 nova
1448 878 1766 950 impietatis
1800 877 2008 932 conﬁr-

364 971 591 1025 mandae
620 968 911 1041 reperiant
939 974 1306 1041 argumenta.
1344 969 1488 1035 Quid
1534 969 1713 1039 igitur
1743 965 1895 1021 ultra
1925 966 2011 1021 vel

361 1057 518 1114 unde
547 1057 808 1113 invenire
839 1058 1084 1130 possint,
1123 1058 1236 1114 nisi
1267 1075 1302 1113 a
1331 1057 1550 1113 Judaeis
1581 1064 1633 1112 el
1664 1055 1886 1129 Caipha
1910 1056 2016 1111 im-

362 1147 461 1221 pia
491 1151 836 1203 mutuentur
868 1145 1200 1214 maledicta,
1233 1151 1289 1202 et
1317 1163 1448 1202 cum
1467 1146 1783 1218 gentilibus
1814 1160 2016 1200 verum

362 1237 544 1294 Deum
577 1237 830 1310 negent?
859 1236 1162 1308 Siquidem
1192 1237 1404 1292 clausae
1464 1236 1581 1291 illis
1640 1239 1779 1291 sunt
1809 1234 2018 1290 divinae

2113 609 2255 676 Υίὸν,
2307 608 2690 684 περιέρχονται
2749 611 2800 663 οἱ
2858 609 3063 682 ἄθλιοι,
3125 613 3202 673 ὡς
3262 613 3338 684 (7)
3395 612 3446 665 οἱ
3497 611 3770 685 κάνθαροι,

2116 698 2249 770 μετὰ
2274 696 2368 752 τοῦ
2417 699 2618 772 πατρὸς
2669 700 2868 753 ὲαυτων
2923 705 3021 754 τοῦ
3071 695 3335 756 διαϐόλου
3365 700 3660 775 προφάσεις
3689 702 3766 766 είς

2115 783 2358 840 ἀσέϐειαν
2415 792 2718 858 ζητοῦντες.
2752 790 2920 850 Ποίας
2969 787 3059 843 οῦν
3107 788 3209 865 ἄρα
3267 790 3404 863 μετὰ
3451 796 3617 845 ταῦτα
3670 793 3775 846 πά-

2119 875 2206 930 λιν
2238 878 2339 947 (8),
2372 875 2405 944 ἢ
2439 876 2600 939 πόθεν
2651 877 2823 951 εὑρεῖν
2877 875 3219 948 δυνήσονται,
3272 879 3314 932 εἰ
3375 881 3451 951 μή
3485 877 3585 955 ἄρα
3625 881 3778 955 παρὰ

2126 965 2244 1044 μὶν*
2273 963 2552 1020 Ἰουδαίων
2598 967 2685 1020 καὶ
2742 971 2836 1022 τοῦ
2889 966 3100 1044 Καϊάφα
3151 970 3228 1040 (9)
3280 965 3628 1024 δανείσωνται
3677 971 3774 1032 τὰς

2125 1041 2459 1132 δυσέρημίας,
2491 1057 2617 1131 παρ’
2637 1053 2924 1126 Ἑλλήνων
2950 1053 3008 1111 δὲ
3040 1041 3252 1112 λάϐωσι
3281 1059 3378 1126 τὴν
3411 1057 3677 1128 ἀθεότητα
3699 1060 3779 1128 ;αἱ

2125 1143 2228 1218 γὰρ
2261 1148 2399 1206 θεῖαι
2431 1143 2635 1222 Γραφαὶ
2666 1144 2881 1206 τούτοις
2909 1143 3284 1216 ἐκλείσθησαν,
3315 1145 3404 1200 καὶ
3434 1148 3774 1224 πανταχόθεν

2131 1231 2180 1304 ἐξ
2212 1231 2389 1286 αὐτῶν
2421 1230 2774 1308 ἠλέγχθησαν
2808 1232 3033 1312 ἄφρονες
3063 1233 3152 1289 καὶ
3189 1237 3590 1312 Χριστομάχοι.

367 1325 704 1399 Scriptura,
737 1343 805 1383 ex
835 1327 1055 1399 quibus
1084 1325 1354 1382 videlicet
1408 1329 1467 1380 et
1524 1324 1690 1380 stulti
1720 1329 1777 1380 et
1803 1323 2016 1380 Christi
2055 1323 2254 1380 hostes
2287 1339 2415 1380 esse
2445 1323 2605 1378 omni
2634 1328 2881 1396 exparte
2910 1327 3049 1381 sunt
3077 1324 3346 1382 convicti.

1003 1629 1253 1725 ΤΟΥ
1327 1627 1744 1725 ΑΥΤΟΥ
1820 1625 2222 1724 ΛΟΓΟΣ
2307 1622 3142 1725 ΤΕΤΑΡΤΟΣῌΨ,

1293 1828 1812 1918 EJUSDEM
1871 1824 2310 1914 ORATIO
2366 1825 2854 1938 QUAR'I‘A.

446 2013 496 2067 1.
529 2011 610 2066 Ex
641 2013 753 2065 Deo
780 2012 930 2064 Deus
961 2013 1050 2064 est
1078 2007 1366 2064 Verbum:
1407 2022 1664 2078 namque
1710 2006 1847 2062 Deus
1898 2009 2016 2061 erat
2045 2010 2046 2071 ξ

2197 2003 2247 2057 1.
2280 2001 2374 2057 Ἐκ
2419 2004 2554 2056 Θεοῦ
2601 1996 2731 2064 Θεὸς
2779 1999 2918 2056 ἐστιν
2953 2003 2981 2056 6
3014 2009 3207 2078 Λογος·
3261 2001 3352 2057 καὶ
3405 2002 3534 2065 Θεὸς
3579 2003 3682 2079 γὰρ
3714 2003 3782 2073 ἦν

379 2102 611 2158 Verbum
637 2099 720 2165 ’9;
754 2101 812 2153 et
837 2113 1082 2153 rursus:
1118 2098 1358 2166 Quorum
1382 2105 1588 2168 patres,
1642 2103 1692 2150 et
1719 2111 1792 2150 ex
1819 2095 2020 2166 quibus

375 2189 620 2246 Christus
676 2186 772 2258 qui
827 2193 930 2241 est‘
962 2203 1128 2258 super
1182 2187 1371 2241 omnia
1419 2185 1556 2240 Deus
1588 2183 1902 2240 benedictus
1960 2185 2022 2238 in

370 2279 597 2336 saecula.
622 2279 793 2331 Amen
823 2275 888 2330 ⁸ο.
923 2275 1071 2342 Quia
1101 2291 1272 2347 porro
1303 2291 1372 2329 ex
1429 2273 1543 2328 Deo
1602 2277 1754 2328 Deus
1809 2276 1912 2340 est,
1965 2276 2022 2326 et

370 2365 471 2423 Dei
501 2365 784 2431 Verbum,
819 2363 1141 2434 Sapientia,
1177 2361 1356 2419 Filius
1387 2365 1445 2417 et
1498 2361 1696 2416 Virtus
1737 2365 1827 2416 est
1857 2359 2019 2414 Chri-

369 2461 497 2513 stus
521 2453 759 2521 ;idcirco
790 2469 945 2508 unus
962 2452 1118 2508 Deus
1145 2452 1201 2506 in
1223 2451 1436 2506 divinis
1453 2450 1773 2521 Scripturis
1792 2466 2020 2504 annun-

372 2546 571 2600 tiatur.
603 2547 746 2597 Cum
780 2541 936 2597 enim
979 2541 1235 2596 Verbum
1270 2541 1446 2596 unius
1479 2539 1577 2595 Dei
1603 2539 1678 2594 sit
1711 2539 1913 2604 Filius,
1949 2539 2020 2594 ad

367 2633 538 2691 illum
571 2631 741 2702 cujus
773 2636 862 2686 est
885 2631 1152 2701 refertur,
1209 2631 1290 2686 ita
1340 2635 1406 2685 ut
1463 2631 1578 2684 duo
1639 2629 1873 2697 quidem
1907 2627 2025 2683 sint

370 2725 542 2779 Pater
565 2725 623 2776 et
646 2719 850 2790 Filius,
875 2720 1071 2775 unitas
1111 2736 1243 2775 vero
1275 2718 1604 2775 divinitatis
1634 2717 2026 2772 individuasit

377 2810 658 2882 nulloque
687 2808 861 2863 modo
893 2807 1275 2880 separabilis:
1302 2823 1367 2863 ac
1413 2807 1653 2879 proinde
1709 2805 2024 2861 dicendum

372 2905 461 2958 est
483 2914 668 2956 unum
683 2913 813 2952 esse
829 2896 1156 2952 divinitatis
1190 2895 1565 2968 principium.
1601 2910 1714 2948 non
1740 2896 1854 2949 duo
1874 2894 2020 2966 prin-

373 2993 561 3066 cipia:
597 2992 754 3048 unde
785 2988 1020 3062 proprie
1047 2992 1104 3042 et
1144 2985 1486 3042 monarchia
1512 2992 1616 3040 est.
1653 2987 1730 3040 Ex
1763 2986 1888 3056 ipso
1923 3003 2025 3040 au-

373 3088 490 3140 tem
524 3081 811 3154 principio
855 3078 1112 3132 Verbum
1146 3075 1327 3131 Filius
1385 3079 1597 3130 natura
1653 3074 1867 3141 existit,
1909 3091 2025 3129 non

376 3177 442 3228 ut
462 3171 620 3226 aliud
644 3168 998 3242 principium
1033 3182 1136 3237 per
1165 3164 1425 3236 seipsum
1459 3164 1812 3231 subsistens,
1837 3179 2027 3234 neque

376 3259 614 3320 aliunde
654 3273 834 3328 quam
864 3272 931 3310 ex
962 3256 1088 3324 ipso
1107 3269 1222 3307 uno
1253 3251 1536 3323 principio
1567 3252 2027 3323 natus,nedyar-

379 3349 574 3406 chiam
606 3351 664 3402 et
690 3342 1110 3417 polyarchiam,
1140 3341 1197 3395 id
1223 3346 1310 3396 est
1341 3341 1463 3440 duo.
1487 3340 1574 3396 vel
1607 3340 1857 3440 plurima
1876 3341 2030 3412 prin-
2060 3382 2103 3450 Ο

380 3438 531 3510 cipia
559 3433 870 3491 diversitas
899 3431 1159 3497 inducat,
1195 3431 1294 3485 sed
1365 3429 1543 3485 unius
1574 3429 1843 3501 principii
1895 3447 2027 3501 pro-

382 3527 549 3601 prius
579 3529 670 3580 est
705 3523 910 3588 Filius,
969 3519 1201 3593 propria
1252 3519 1560 3591 sapientia,
1614 3518 2032 3591 propriumque

385 3617 642 3672 Verbum
693 3630 762 3668 ex
826 3628 893 3667 eo
952 3611 1106 3666 490
1154 3609 1462 3665 exsistens.
1531 3607 1697 3675 Nam,
1753 3613 1818 3664 ut
1865 3609 2032 3664 docet

384 3707 663 3772 Joannes,
696 3705 756 3758 in
815 3701 926 3756 isto
955 3701 1231 3771 principio
1261 3707 1377 3754 erat
1429 3698 1674 3764 Verbum,
1706 3707 1756 3753 et
1790 3699 2034 3753 Verbum

387 3793 669 3864 eratapud
699 3793 868 3847 Deum
896 3790 962 3826 ⁸¹·
997 3790 1150 3844 Deus
1182 3789 1335 3842 enim
1370 3787 1724 3859 principium
1757 3787 2036 3843 est.Unde

390 3887 611 3957 quiaex
629 3882 740 3937 hoc
753 3879 1041 3952 principio
1066 3877 1580 3944 est,idcircoetiam
1609 3881 1754 3932 Deus
1782 3878 2035 3932 eratVer-

391 3977 519 4032 bum
547 3973 798 4027 “.Porro
822 3967 1320 4040 quemadmodum
1337 3982 1523 4022 unum
1546 3970 1634 4022 est
1656 3966 2034 4038 principium,

391 4069 448 4121 et
479 4061 722 4136 proinde
742 4075 897 4114 unus
929 4057 1105 4122 Deus,
1131 4055 1210 4110 ita
1238 4072 1364 4126 qua:
1380 4055 1685 4110 verissime
1717 4059 1805 4110 est
1837 4071 2034 4110 essen-

389 4155 472 4210 tia
501 4157 559 4208 et
589 4149 944 4214 substantia,
980 4163 1099 4200 una
1128 4149 1215 4200 est
1243 4160 1372 4214 quas
1403 4143 1577 4200 dicit:
1604 4145 1714 4213 Ego
1771 4161 1895 4199 sum
1943 4145 2040 4214 qui

391 4261 514 4300 sum
540 4243 608 4310 39,
638 4257 751 4296 non
786 4246 978 4294 autem
1013 4237 1164 4302 duae,
1198 4250 1268 4289 ne
1294 4233 1518 4288 scilicet
1549 4233 1665 4288 duo
1722 4234 1840 4289 sint
1873 4233 2039 4305 prin-

393 4331 564 4403 cipia.
593 4331 674 4384 Ex
704 4343 820 4383 una
847 4329 1028 4380 autem
1063 4322 1162 4377 illa
1192 4321 1526 4377 substantia
1555 4321 1784 4376 exsistit
1832 4327 2041 4376 natura

395 4427 454 4476 et
479 4434 613 4475 vere
644 4415 844 4481 Filius,
880 4413 1159 4478 Verbum,
1193 4411 1498 4482 sapientia,
1534 4412 1883 4482 propriaque
1913 4412 2042 4482 ejus

2131 2091 2160 2145 6
2219 2088 2417 2165 Λόγοςο
2479 2090 2566 2144 καὶ
2625 2089 2809 2146 πάλινο
2869 2092 2964 2146 Ὠν
3022 2092 3074 2146 οἱ
3124 2089 3371 2167 πατέρες,
3427 2091 3518 2147 καὶ
3551 2089 3601 2164 ἐξ
3643 2092 3716 2146 ὧν
3752 2093 3779 2146 6

2130 2180 2381 2255 Χριστὸς,
2415 2180 2443 2234 ὁ
2504 2178 2576 2233 ὢν
2637 2179 2722 2234 ἐπὶ
2779 2179 2995 2235 πάντων
3049 2181 3179 2243 Θεὸς
3213 2180 3512 2256 εὐλογητὸς
3545 2179 3622 2244 εἷς
3651 2180 3778 2243 τοὺς

2131 2268 2350 2330 αἰῶνας.
2412 2269 2614 2341 Ἀμήν.
2667 2270 2761 2323 Καὶ
2817 2272 2931 2344 (11)
2979 2267 3166 2339 ἐπειδὴ
3216 2269 3275 2324 ἐκ
3322 2275 3455 2326 Θεοῦ
3485 2265 3615 2333 Θεός
3645 2269 3777 2339 ἐστι,

2129 2358 2216 2412 καὶ
2249 2362 2344 2412 τοῦ
2384 2362 2516 2413 Θεοῦ
2573 2358 2767 2433 Λόγος,
2812 2362 3008 2434 Σοφία,
3042 2359 3188 2427 Υἱὸς,
3241 2361 3327 2414 καὶ
3363 2357 3589 2432 δύναμίς
3640 2358 3781 2415 ἐστιν

2132 2447 2160 2501 ὸ
2191 2447 2444 2521 Χριστὸς,
2477 2443 2566 2500 διὰ
2593 2452 2753 2501 τοῦτο
2806 2449 2879 2509 εἷς
2927 2448 3055 2510 Θεὸς
3089 2448 3139 2502 ἰν
3192 2453 3309 2509 ταῖς
3348 2449 3515 2512 θείαις
3547 2454 3780 2525 Γραφαῖς

2131 2535 2571 2610 καταγγέλλεται.
2604 2539 2714 2593 Τοῦ
2769 2538 2883 2599 ἑνὸς
2927 2537 3026 2614 γὰρ
3067 2541 3199 2592 Θεοῦ
3250 2539 3374 2601 Υἱὸς
3421 2535 3493 2592 ὢν
3527 2539 3554 2592 6
3585 2538 3778 2614 Λόγος,

2133 2624 2209 2686 εἷς
2259 2623 2437 2692 αὑτὸν,
2498 2625 2558 2678 οὗ
2601 2625 2690 2678 καὶ
2739 2622 2900 2694 ἔστιν,
2959 2625 3295 2703 ἀναφέρεται·
3354 2626 3490 2680 ὥστε
3543 2624 3635 2681 δύο
3688 2627 3782 2700 μὲν

2135 2715 2263 2768 εἶναι
2299 2715 2506 2787 Πατέρα
2535 2714 2624 2768 καὶ
2669 2715 2814 2781 Υίὸν,
2874 2712 3080 2788 μονάδα
3133 2717 3189 2770 δὲ
3239 2716 3496 2786 θεότητος
3539 2713 3782 2791 ἀδιαίρε-

2131 2825 2222 2856 τον
2255 2807 2344 2856 καί
2390 2800 2670 2878 ἄσχιστον.
2707 2805 2941 2878 Λεχῦείη
2999 2801 3043 2858 δ’
3074 2802 3133 2858 ἃν
3182 2804 3272 2858 καὶ
3321 2807 3434 2876 (12)
3489 2805 3632 2859 οὕτω
3686 2804 3784 2878 μία

2136 2893 2280 2968 ἀρχὴ
2315 2893 2592 2962 θεότητος,
2641 2893 2731 2947 καὶ
2785 2893 2846 2947 οὐ
2896 2891 2990 2947 δύο
3045 2893 3232 2970 ἀρχαίο
3281 2893 3400 2948 ὅθεν
3447 2895 3652 2970 κυρίως
3693 2893 3783 2949 καὶ

2140 2980 2413 3056 μοναρχία
2443 2981 2603 3036 ἐστίν.
2649 2982 2733 3052 Ἐξ
2784 2981 2950 3050 αὐτῆς
3001 2979 3057 3036 δὲ
3090 2989 3189 3052 τῆς
3233 2983 3411 3059 ἀρχῆς
3464 2981 3574 3037 ἐστι
3629 2983 3784 3062 φύσει

2135 3070 2257 3130 Υἱὸς
2292 3070 2318 3123 6
2373 3071 2569 3144 Λόγος,
2622 3070 2728 3146 οὐχ
2775 3071 2848 3132 ὡς
2881 3070 3023 3147 ἀρχὴ
3080 3071 3236 3145 ὲτὲρα
3283 3073 3400 3135 καθ’
3450 3071 3636 3126 ἑαυτὸν
3687 3073 3786 3150 ὑφ-

2137 3159 2302 3221 εστὼς
2331 3155 2445 3212 οὐδ’
2476 3155 2665 3228 ἔξωθεν
2710 3158 2912 3228 ταύτης
2957 3161 3218 3234 γεγονὼς,
3257 3157 3350 3214 *ίνα
3385 3162 3459 3234 μὴ
3509 3164 3578 3234 τῇ
3611 3159 3787 3237 ἑτερό-

2133 3268 2258 3317 τητι
2292 3245 2524 3324 δυαρχία
2559 3247 2646 3302 καὶ
2694 3247 3012 3324 πολυαρχία
3041 3249 3282 3323 γένηται,
3331 3247 3478 3304 ἀλλὰ
3521 3257 3622 3320 τῆς
3658 3256 3786 3323 μιᾶς

2141 3336 2320 3411 ἀρχῆς
2366 3334 2504 3399 ἴδιος
2547 3337 2690 3408 Υἱὸς,
2735 3335 2843 3391 ίδία
2901 3337 3060 3415 σοφία
3105 3341 3236 3412 (13),
3289 3335 3430 3400 ἴδιος
3481 3341 3675 3416 Λόγος,
3735 3338 3786 3410 ἐξ

2140 3424 2307 3493 αὐτῆς
2361 3425 2645 3500 ὑπάρχων.
2690 3426 2834 3480 Κατά
2878 3427 2980 3502 γὰρ
3032 3425 3123 3480 τὸν
3183 3427 3457 3498 Ἰωάννην,
3517 3426 3569 3482 ἐν
3615 3429 3784 3501 ταύτῃ

2139 3518 2206 3588 τῇ
2239 3514 2387 3590 ἀρχῇ
2419 3517 2482 3583 ἦν
2514 3515 2541 3568 6
2575 3515 2768 3589 Λόγος,
2800 3516 2888 3569 καί
2917 3516 2944 3569 6
2993 3515 3167 3591 Λόγος
3215 3515 3280 3584 ἦν
3331 3517 3467 3592 πρὸς
3505 3518 3597 3572 τὸν
3631 3518 3782 3572 Θεόν·

2143 3605 2271 3665 Θεὸς
2319 3602 2418 3680 γάρ
2469 3603 2606 3658 ἐστιν
2656 3606 2690 3674 ἡ
2743 3605 2912 3680 ἀρχήο
2963 3605 3051 3658 καὶ
3110 3601 3296 3675 ἐπειδή
3352 3604 3402 3676 ἐξ
3446 3606 3617 3671 αὐτῆς
3650 3605 3784 3675 ἐστι,

2145 3691 2234 3748 διὰ
2263 3697 2423 3748 τοῦτο
2454 3693 2541 3748 καὶ
2570 3695 2696 3754 Θεὸς
2727 3693 2792 3761 ἦν
2827 3695 2854 3748 6
2887 3693 3086 3769 Λόγος.
3118 3697 3321 3770 ’Ὠσπερ
3373 3693 3431 3749 δὲ
3484 3695 3578 3769 μία
3617 3697 3792 3771 ἀρχή⁶

2143 3781 2235 3836 καὶ
2266 3781 2402 3836 κατὰ
2429 3787 2590 3836 τοῦτο
2623 3785 2698 3844 εἷς
2731 3781 2881 3844 Θεός·
2912 3781 3084 3844 οὕτως
3114 3785 3148 3852 ἡ
3182 3788 3260 3856 τῷ
3295 3780 3409 3839 ὄντι
3439 3783 3529 3838 xui
3571 3782 3795 3856 ἀληθῶς

2144 3871 2232 3925 καὶ
2260 3867 2430 3932 ὅντως
2458 3873 2589 3925 οὖσα
2634 3869 2790 3926 οὐσία
2837 3872 2924 3925 καὶ
2983 3871 3273 3934 ὑπόστασις
3327 3873 3423 3945 μία
3470 3872 3612 3928 ἐστὶν
3641 3875 3676 3944 ἡ
3710 3871 3797 3928 λὲ-

2146 3982 2338 4036 γουσα,
2369 3961 2517 4034 Ἐγώ
2563 3959 2675 4032 εἰμι
2703 3961 2730 4014 ὁ
2763 3959 2859 4029 ὢν,
2891 3959 2980 4014 καί
3036 3959 3097 4014 οὑ
3153 3958 3268 4029 δύο,
3297 3958 3390 4015 ’ίνα
3441 3962 3518 4034 μὴ
3574 3959 3670 4016 δύο
3703 3961 3798 4038 ἀρ-

2147 4049 2262 4126 χαί.
2299 4051 2392 4106 Ἐκ
2423 4047 2479 4104 δὲ
2505 4056 2606 4118 τῆς
2635 4053 2758 4122 μιᾶς
2789 4047 2941 4125 φύσει
2975 4049 3061 4104 καὶ
3095 4046 3319 4120 ἀληθῶς
3352 4050 3506 4120 Υἱὸς,
3540 4052 3567 4105 6
3599 4051 3798 4127 Λόγος,

2147 4141 2181 4208 ἡ
2216 4138 2398 4213 σοφία,
2431 4139 2464 4206 ἡ
2501 4135 2726 4210 δύναμις
2759 4134 2869 4191 ίδία
2926 4138 3244 4212 ὑπάρχουσα
3275 4137 3462 4208 αὐτῆς,
3493 4138 3581 4193 καὶ
3610 4137 3661 4210 ἐξ
3705 4138 3800 4194 αὐ-

2147 4235 2246 4298 τῆς
2273 4227 2601 4302 ἀχώριστος.
2635 4230 2837 4302 Ὥσπερ
2871 4223 2926 4281 δὲ
2979 4226 3083 4281 οὐκ
3130 4225 3303 4296 ἄλλη,
3331 4225 3422 4282 ’ίνα
3457 4229 3532 4302 μὴ
3569 4225 3664 4283 δύο
3699 4229 3800 4305 ἀρ-

2151 4317 2267 4393 χαί.
2294 4317 2463 4378 οὕτως
2495 4318 2522 4371 6
2550 4316 2608 4370 ἐκ
2636 4323 2735 4386 τῆς
2772 4320 2898 4389 μιᾶς
2933 4317 3106 4391 Λόγος
3139 4315 3200 4370 οὐ
3234 4313 3630 4390 διαλελυμένος
3661 4320 3800 4392 (14),

2152 4407 2186 4476 ἢ
2221 4405 2410 4468 ἁπλῶς
2442 4407 2594 4483 φωνὴ
2630 4405 2955 4478 σημαντικὴ,
2989 4403 3134 4461 ἀλλὰ
3185 4403 3457 4477 οὑσιώδης
3507 4407 3680 4483 Λόγος
3709 4407 3797 4462 καὶ

397 4510 604 4575 virtus,
644 4521 745 4560 nec
782 4504 851 4558 ab
883 4519 951 4557 ea
981 4498 1346 4572 separabilis.
1385 4499 1454 4554 Ut
1483 4517 1616 4555 vero
1665 4516 1777 4554 non
1812 4499 1928 4554 alia
1957 4503 2045 4554 est

2155 4493 2427 4566 ούσιώδης
2457 4494 2636 4573 σοφία,
2670 4495 2790 4564 ἥτις
2807 4493 2947 4549 ἐστὶν
2983 4494 3009 4548 ὁ
3042 4495 3163 4557 Υἱὸς
3197 4493 3440 4566 ἀληθῶς.
3474 4495 3540 4553 El
3583 4497 3686 4572 γὰρ
3731 4493 3800 4564 δὴ

397 4595 654 4655 essentia
685 4609 786 4649 seu
819 4589 1168 4656 substantia,
1203 4604 1274 4642 ne
1308 4589 1423 4643 duo
1455 4587 1575 4642 sint
1604 4587 1925 4659 principia:
1960 4588 2044 4642 sic

399 4688 655 4744 Verbum
689 4682 844 4756 quod
879 4697 947 4735 ex
982 4695 1099 4733 una
1156 4676 1404 4744 exsistit,
1467 4675 1610 4731 nihil
1659 4677 1904 4744 ﬂuxum,
1939 4693 2045 4732 nec

2159 4587 2234 4659 μὴ
2269 4581 2541 4654 οὑσιώδης
2572 4582 2681 4654 εἷἠ,
2735 4578 2878 4638 ἔσται
2911 4583 2939 4637 6
2970 4581 3100 4644 Θεὸς
3152 4581 3336 4638 λαλῶν
3387 4583 3463 4645 είς
3518 4584 3668 4659 ἀέρα,
3707 4582 3799 4638 καὶ

2157 4678 2316 4745 σῶμα
2364 4670 2518 4727 οὐδὲν
2550 4671 2716 4727 πλέον
2767 4667 2910 4747 ἔχων
2956 4675 3062 4725 τῶν
3113 4670 3437 4748 ἀνθρώπων.
3485 4669 3707 4743 Ἐπειδὴ
3743 4670 3801 4728 δὲ

469 4823 516 4858 ²⁸
545 4818 700 4883 Psal,
737 4833 894 4887 αχεν,
927 4817 980 4870 8.
1015 4813 1061 4848 ³ο
1088 4812 1258 4868 Joan.
1293 4828 1332 4882 ι,
1384 4812 1432 4866 1.
1487 4810 1532 4844 ³ο
1565 4809 1730 4866 Rom.
1782 4827 1860 4877 1x,
1891 4813 1943 4866 5.
2005 4812 2046 4846 ³1

2142 4825 2250 4864 ian.
2288 4826 2326 4878 ι,
2353 4809 2402 4864 1.
2467 4808 2537 4844 ³¹”
2567 4808 2708 4864 ibib.
2768 4807 2813 4842 ³⁸
2846 4805 3024 4863 Exod.
3058 4822 3141 4875 ιιι,
3175 4806 3264 4864 14.

490 4956 547 5024 6)
577 4959 710 5024 Reg.
745 4952 768 5008 4
808 4955 863 5006 et
885 4949 1049 5024 Seg.,
1085 4942 1311 5024 Κύριον.Δ
1337 4942 1444 5024 Alii
1479 4948 1537 5024 Et
1717 4943 1969 5024 Χριστόν.

490 4957 524 5011 6
577 4959 710 5024 Reg.
745 4956 768 5008 1
808 4956 863 5006 et
893 4956 1049 5020 Seg.,
1086 4956 1302 5019 Κύριον.
1337 4956 1444 4998 Αιιι
1479 4956 1537 4998 et
1567 4956 1685 5010 ea.,
1717 4956 1969 5017 xpmo’v.

469 4956 547 5099 (7)
575 5025 664 5099 Sic
695 5023 901 5099 Reg.__1_
933 5026 990 5074 et
1019 5025 1248 5099 Seguer,
1284 5015 1443 5099 Atia
1475 5014 1709 5099 ϐοὴ]ρῇ
1747 5020 1806 5099 et
1832 5015 1978 5099 Felc.

399 5087 561 5157 deest
590 5095 683 5162 ὠς,
717 5087 937 5150 ἱῐινειὶἱε
968 5087 1162 5146 autem
1195 5095 1251 5144 et
1279 5087 1554 5162 editisioi.
1593 5087 1735 5162 lbid_.
1769 5091 1902 5162 Reg.
1931 5093 1952 5141 1
1991 5092 2047 5142 et

397 5157 888 5240 Seguerqﬁatpbc
921 5164 1142 5240 ἒαυτῷν.
1176 5166 1396 5240 Casuet
1417 5161 1536 5226 ed.,
1567 5159 1767 5232 πατρὸς
1798 5157 1994 5215 αὑτῶν.

471 5234 549 5310 (8)
581 5235 751 5293 Πάλιν
782 5234 947 5312 abest
977 5252 1009 5290 a
1043 5234 1239 5312 Reg._i
1279 5238 1333 5312 et
1365 5238 1598 5312 δοβσον.
1647 5301 1659 5312 ⁸
1871 5302 1880 5312 _

470 5305 669 5396 (sisic
697 5310 928 5396 ροηδε.
991 5312 1044 5360 et
1103 5305 1359 5396 ξεξρη).
1414 5308 1482 5396 ΑΞ
1524 5305 1738 5373 Regius
1797 5305 2045 5388 primus,

401 5376 547 5461 παρὰ
582 5384 676 5456 μὲν
713 5376 984 5435 Ἰουδαίων
1039 5379 1135 5430 τοῦ
1187 5376 1417 5452 Καϊάφα.
1452 5381 1712 5446 Seguer.,
1747 5376 1892 5447 παρὰ
1951 5376 2045 5444 μὶν

401 5461 509 5514 τῶν
541 5453 815 5511 Ἰουδαίων
843 5455 950 5506 τῶν
981 5451 1096 5503 τοῦ.
1135 5447 1244 5502 Alii
1277 5451 1332 5501 et
1362 5448 1538 5503 editio
1567 5446 1875 5512 Gommel.,
1903 5443 2048 5514 παρὰ

405 5463 509 5514 τῶν
541 5463 815 5511 Ἰουδαίων
843 5463 950 5506 τῶν
981 5468 1096 5503 τοι).
1135 5463 1244 5502 Am
1277 5463 1332 5501 et
1362 5463 1538 5503 emno
1567 5463 1875 5512 uomme1.,
1903 5463 2042 5571 παρα

405 5527 679 5584 Ἰουδαίων
711 5525 801 5581 καὶ
829 5527 944 5578 τοῦ·
981 5521 1198 5576 Ibidem
1230 5523 1492 5590 Seguer.,
1525 5516 1888 5573 δανείσωνται.
1933 5525 1976 5570 Α
2008 5516 2042 5571 ii

407 5603 641 5676 etediti,
677 5596 1052 5676 Savsiqovmz.‘
1233 5662 1246 5676 ‘
1311 5663 1324 5676 ‘
1390 5667 1398 5676 ι
1569 5661 1582 5676 1
1747 5662 1846 5676 Β*
1928 5657 1940 5676 ,
2015 5662 2041 5671 η

479 5675 591 5744 (10)
621 5661 1012 5744 Seguerianus
1040 5665 1195 5718 hunc
1223 5662 1409 5744 ohabet
1453 5661 1688 5744 titulum
1747 5662 1850 5713 Τοῦ
1883 5661 2045 5743 αὑτοῦ

411 5732 586 5817 λόγος’
607 5744 664 5802 ε’.
695 5732 907 5813 ᾗεεὶυε
933 5751 1105 5811 quem
1150 5734 1405 5806 primum
1446 5733 1717 5791 Oratione
1746 5732 2048 5804 superiore

2078 4947 2122 5012 D
2155 4941 2618 5014 appellabamu‘s,
2650 4944 2748 5014 τοῦ
2776 4937 2960 5010 αὐτοῦ,
2993 4943 3241 5009 tantum,
3275 4941 3377 4997 sed
3426 4941 3590 5014 idem
3621 4941 3680 5014 in
3710 4943 3806 4998 ln-

2156 5009 2283 5070 dice
2313 5015 2476 5088 addit
2507 5009 2670 5088 λόγος
2699 5009 2974 5088 τέταρτος.
3007 5015 3136 5068 Haec
3152 5018 3372 5088 autem,
3410 5013 3606 5088 Oratio
3635 5013 3692 5068 in
3721 5015 3804 5070 al-

2156 5087 2484 5158 tero_Regio
2534 5083 2978 5158 deestrﬂGobler.
3039 5092 3095 5158 et
3151 5083 3301 5139 Felc.
3355 5084 3804 5158 1,)ιατᾶᾍρεια-

2154 5162 2259 5232 νῶν
2294 5153 2458 5231 λόγῦς
2487 5157 2542 5213 ε’.
2571 5156 2917 5232 Basiliensis
2933 5155 3084 5232 fug-ai
3105 5153 3398 5232 ’Δρειανῶν
3425 5154 3590 5232 λόγος
3619 5153 3798 5232 ἕκτος.

2155 5231 2300 5284 Vide
2332 5228 2820 5302 Admonitionem,
2841 5246 2896 5300 p.
2928 5228 3052 5302 31,8,
3099 5228 3262 5284 num.
3293 5231 3347 5282 2.
3381 5228 3634 5302 Anglic.,
3663 5231 3801 5284 κατὰ

2154 5297 2668 5374 Ἀρειανῶνλόγος,
2702 5297 2863 5374 nullo
2894 5299 3088 5374 addito
3120 5316 3384 5356 numero.

2225 5369 2337 5514 (11)
2370 5369 2600 5429 Gobler.
2633 5377 2691 5428 et
2725 5373 2869 5429 Felc.
2903 5374 2953 5434 1,
2985 5369 3073 5424 καί
3105 5374 3403 5428 omittunt.

2254 5445 2338 5514 12)
2373 5443 2473 5498 Καί
2504 5444 2669 5500 abest
2697 5445 2768 5500 ab
2801 5442 3028 5514 Anglic.

2254 5442 2338 5514 12)
2373 5443 2473 5498 Καί
2504 5444 2669 5500 abest
2697 5445 2768 5500 ab
2801 5442 3028 5514 Anglic.

2229 5510 2338 5585 (13)
2370 5516 2461 5572 Sic
2522 5533 2661 5572 mss.
2721 5521 2795 5572 At
2851 5510 3027 5572 editio
3083 5514 3384 5584 Commel.,
3443 5512 3568 5578 Υἱός
3628 5510 3796 5584 ἴδιος,

2155 5587 2278 5647 Υἱὸς
2313 5586 2442 5655 ίδία,
2475 5593 2584 5643 etc.

2225 5660 2339 5732 (_15)
2380 5660 2473 5716 Sic
2511 5664 2745 5732 Seguer.
2778 5659 2956 5718 Basil.
2989 5662 3047 5715 et
3075 5657 3300 5732 Anglic.
3331 5660 3404 5716 At
3436 5657 3533 5716 alii
3564 5662 3623 5716 et
3653 5658 3797 5716 editi

2155 5727 2581 5804 διαλελυμάνως.
