4076 6334
258 413 382 474 469

1392 420 1680 482 ORATIO
1724 420 1802 482 ιν
1843 419 2155 482 CONTRA
2196 421 2563 483 ARIANOS.

3563 420 3686 481 470

257 543 358 600 οὐκ
386 541 534 599 ἔστιν
564 540 866 620 ἄνθρωπος’
900 545 998 601 οὐκ
1027 549 1086 603 ἂν
1137 545 1220 620 εἷή
1280 547 1409 605 οὐδὲ
1457 552 1486 606 ὁ
1521 549 1694 628 Λόγος
1745 549 1898 607 αὖτοῖ

2022 569 2134 609 vox
2163 557 2397 610 tantum
2429 554 2769 628 signiﬁcans
2800 556 2908 620 est,
2936 554 3035 610 sed
3069 551 3383 610 essentiale
3411 552 3672 610 Verbum

254 636 389 690 κατὰ
418 635 519 703 τὴν
552 638 670 691 τῶν
718 635 1016 711 ἀνθρώπων
1062 638 1357 696 ἀσθένειαν.
1391 642 1594 717 ’Ὠσπερ
1644 644 1756 716 (15)
1807 641 1909 718 γὰρ

261 723 363 796 μία
388 722 544 778 οὐσία
571 726 606 793 ἡ
640 723 814 800 ἀρχὴ,
844 724 1018 789 οὕτως
1065 729 1142 789 εἷς
1189 726 1462 800 οὗσιώδης
1513 731 1604 786 καὶ
1665 731 1907 809 ὑφεστὼς

255 815 285 869 6
333 813 536 884 ταύτης
585 812 758 891 Λόγος
807 815 896 869 καὶ
945 818 979 885 ἡ
1031 815 1214 894 σοφία.
1247 819 1337 880 Ὡς
1366 819 1470 894 γὰρ
1504 818 1563 875 ἐκ
1613 824 1747 875 Θεοῦ
1777 819 1906 883 Θεός

253 903 390 970 ἐστι,
423 903 512 957 καὶ
547 901 606 957 ἐκ
633 908 803 981 σοφοῦ
841 904 1021 983 σοφία,
1054 907 1139 961 καὶ
1195 905 1254 961 ἐκ
1297 907 1526 984 λογικοῦ
1586 910 1784 986 Λόγος,
1817 909 1906 964 καὶ

252 991 313 1047 ἐκ
345 993 551 1067 1101960
583 991 728 1053 Υἱός·
766 992 940 1056 οὕτως
971 993 1022 1065 ἐξ
1057 996 1399 1060 ὑποστάσεως
1437 998 1736 1060 ὑπόστατος
1770 1001 1906 1072 (46),

250 1083 341 1137 καὶ
374 1080 424 1152 ἐξ
457 1081 642 1143 οὐσίας
674 1080 946 1154 οὖσιώδης
975 1084 1063 1138 καὶ
1095 1085 1360 1158 ένούσιος,
1391 1089 1481 1142 καὶ
1515 1086 1565 1158 ἐξ
1602 1084 1757 1151 ὄντος
1805 1083 1900 1144 ὤν.

2021 647 2079 699 et
2109 643 2441 700 essentialis
2492 647 2580 700 est
2638 642 2945 716 sapientia,
2992 659 3120 716 quis
3148 657 3281 698 vere
3336 641 3518 698 Filius
3560 649 3669 699 est.

2017 732 2164 788 Nam
2198 733 2313 788 nisi
2332 733 2642 790 essentiale
2660 733 2916 788 Verbum
2939 736 3112 802 esset,
3128 736 3472 801 sequeretur
3489 736 3671 788 Deum

2016 821 2192 878 verba
2223 838 2331 877 sua
2364 837 2466 894 per
2506 838 2698 878 aerem
2731 822 3048 888 effundere,
3082 836 3432 893 corpusque,
3466 825 3535 877 ut
3563 821 3668 878 ho-

2020 912 2226 980 mines,
2262 911 2493 967 habere.
2548 911 2832 976 Quoniam
2876 927 3010 966 vero
3050 909 3225 966 homo
3275 926 3391 964 non
3423 915 3532 976 est,
3565 927 3671 970 nec

2017 999 2154 1055 item
2185 1001 2314 1071 ejus
2342 1000 2593 1055 Verbum
2623 999 2949 1072 quidquam
2989 999 3298 1055 hominum
3337 998 3670 1055 inﬁrmitati

2015 1088 2208 1144 simile
2231 1089 2422 1144 habet.
2459 1088 2528 1144 Ut
2557 1089 2712 1144 enim
2742 1087 3094 1161 principium
3128 1105 3247 1142 una
3276 1091 3365 1143 est
3385 1089 3662 1156 essentia,

249 1173 332 1229 ita
365 1190 550 1229 unum
581 1178 671 1229 est
699 1175 1010 1230 essentiale
1042 1182 1098 1231 et
1127 1179 1461 1234 subsistens
1508 1180 1636 1250 ejus
1686 1179 1944 1234 Verbum
1993 1183 2052 1233 et
2109 1178 2420 1250 sapientia.
2454 1178 2600 1245 Nam
2643 1181 2706 1233 ut
2731 1194 2799 1233 ex
2831 1182 2942 1233 Deo
2977 1182 3125 1232 Deus
3156 1181 3269 1245 est,
3304 1193 3372 1232 ex
3401 1178 3668 1249 sapiente

246 1262 638 1335 sapientia,ex
667 1263 943 1320 rationali
973 1271 1170 1321 mente
1201 1266 1369 1322 Ratio
1401 1285 1502 1324 seu
1535 1269 1819 1335 Verbum,
1849 1272 1904 1323 et
1934 1284 2002 1324 ex
2030 1271 2202 1323 Patre
2232 1267 2414 1323 Filius
2441 1285 2454 1324 :
2490 1267 2571 1323 ita
2600 1283 2668 1322 ex
2724 1265 3056 1323 substantia
3110 1265 3520 1323 substantialis
3549 1270 3664 1337 est,

247 1369 318 1408 ex
349 1352 606 1408 essentia
635 1353 992 1425 essentialis,
1026 1372 1092 1410 ac
1118 1356 1372 1428 denique
1403 1374 1535 1414 vere
1564 1362 1654 1414 est
1684 1363 1747 1414 ut
1776 1358 1877 1430 qui
1899 1357 1977 1414 sit
2004 1358 2078 1413 ab
2102 1373 2169 1412 eo
2200 1356 2297 1428 qui
2330 1361 2438 1413 est.

318 1445 376 1498 2.
410 1440 636 1495 Ἐπεὶεῖ
693 1443 768 1514 μὴ
816 1440 1092 1514 οὖσιώδης
1139 1445 1322 1522 σοφία,
1352 1447 1438 1500 καὶ
1488 1445 1730 1508 ένοὺσιος
1785 1447 1899 1500 Λό-

241 1550 365 1606 γος,
406 1528 496 1583 καὶ
527 1524 600 1583 ὢν
638 1530 782 1597 Υἱὸς,
818 1529 963 1585 ἀλλὰ
994 1531 1182 1595 ἁπλῶς
1235 1533 1418 1613 σοφία,
1449 1534 1539 1590 καὶ
1586 1534 1777 1609 Λόγος,
1807 1533 1897 1589 καὶ

245 1619 374 1680 Υἱὸς
430 1617 482 1673 ἐν
531 1622 612 1690 τῷ
662 1619 852 1695 Πατρί’
889 1619 974 1691 εἶή
1020 1621 1081 1676 ἂν
1130 1620 1289 1685 αὐτὸς
1339 1625 1367 1677 6
1421 1624 1605 1698 Πατὴρ
1647 1623 1896 1688 σύνθετος

248 1707 308 1762 ὲκ
358 1706 545 1784 σοφίας
591 1707 681 1762 καὶ
728 1707 927 1784 Λόγου.
971 1709 1034 1766 Εἴ
1086 1707 1144 1764 δὲ
1208 1716 1390 1783 τοῦτο,
1421 1713 1782 1784 ἀκολουθήσει
1831 1713 1900 1768 τὰ

245 1798 620 1873 προειρημένα
672 1794 865 1852 ἄτοπα·
917 1796 1062 1854 ἔσται
1114 1798 1172 1854 δὲ
1218 1801 1306 1854 καὶ
1351 1801 1507 1865 αὐτὸς
1555 1803 1747 1858 ἑαυτοῦ
1796 1807 1900 1857 Πα-

243 1887 374 1959 τήρ,
408 1886 498 1940 καὶ
534 1886 561 1940 6
612 1887 736 1949 Υἱὸς
786 1886 942 1949 αὐτὸς
996 1889 1185 1944 ἑαυτὸν
1237 1896 1460 1966 γεννῶν,
1487 1893 1577 1947 καὶ
1631 1891 1898 1967 γεννώμε-

2075 1447 2128 1500 2.
2167 1445 2440 1518 Alioquin
2492 1445 2608 1502 nisi
2657 1444 2988 1502 essentialis
3018 1449 3175 1502 esset
3206 1444 3495 1518 sapientia
3519 1448 3662 1501 Ver-

2008 1537 2269 1608 bumque
2291 1536 2626 1605 essentiale,
2658 1541 2716 1592 et
2751 1535 2932 1592 Filius
2962 1535 3063 1607 qui
3092 1551 3226 1592 vere
3254 1535 3352 1602 sit,
3386 1537 3486 1591 sed
3513 1535 3659 1591 sim-

2007 1625 2236 1698 pliciter
2263 1624 2571 1698 sapientia,
2603 1626 2883 1690 Verbum,
2915 1628 2973 1680 et
3001 1623 3182 1680 Filius
3211 1623 3272 1680 in
3305 1629 3493 1693 Patre,
3518 1641 3660 1681 sane

2006 1714 2132 1786 ipse
2163 1718 2335 1770 Pater
2365 1731 2429 1770 ex
2461 1715 2752 1788 sapientia
2780 1718 2836 1770 et
2865 1713 3054 1770 Verbo
3086 1717 3240 1770 esset
3273 1714 3655 1786 compositus.

2007 1805 2171 1871 Quod
2203 1804 2441 1876 quidem
2487 1804 2538 1860 si
2587 1821 2790 1860 verum
2833 1808 2942 1868 est,
2975 1820 3157 1875 supra
3187 1803 3366 1859 allata
3397 1803 3656 1860 absurda

2007 1897 2328 1965 sequentur
2357 1894 2722 1950 necessario:
2771 1893 2894 1965 ipse
2927 1895 3120 1949 autem
3153 1891 3370 1949 suimet
3402 1897 3573 1950 Pater
3600 1898 3657 1950 et

243 1996 339 2036 νος
374 1975 459 2052 ὑφ’
492 1975 704 2030 ἑαυτοῦυ
738 1975 774 2044 ἢ
807 1971 982 2050 ὄνομα
1016 1978 1179 2051 μόνον
1211 1978 1320 2035 ἐστὶ
1354 1979 1551 2056 Λόγος,
1583 1980 1672 2036 καὶ
1701 1979 1897 2058 Σοφία,

2012 1982 2190 2038 Filius
2217 1983 2454 2039 futurus
2474 1987 2581 2052 est,
2615 1983 2739 2056 ipse
2770 1982 3032 2054 seipsum
3066 1985 3154 2038 est
3173 1981 3501 2054 geniturus,
3533 1987 3591 2038 et
3621 2000 3655 2039 ο,

242 2065 331 2118 καὶ
385 2064 533 2134 Υἱὸς,
565 2063 672 2139 οὐχ
725 2064 990 2142 ὑφέστηκε
1048 2064 1126 2140 δὲ,
1156 2070 1274 2123 καθ’
1322 2069 1383 2124 οὗ
1441 2067 1652 2144 λέγεται
1699 2074 1887 2138 ταῦτα,

245 2151 462 2224 μᾶλλον
497 2150 553 2208 δὲ
585 2152 642 2216 6'0
676 2154 786 2208 ἔστι
817 2159 1004 2212 10510.
1037 2156 1106 2214 Εἴ
1135 2156 1224 2212 οὖν
1278 2157 1386 2234 οὑχ
1417 2158 1728 2236 ὑφέστηκεν,
1756 2158 1894 2235 ἀργὰ

238 2240 302 2296 ἂν
331 2239 416 2311 εἴη
447 2241 538 2296 καὶ
568 2242 692 2297 κενᾶ
721 2242 786 2298 τὰ
817 2243 1077 2316 ὀνόματα,
1113 2245 1263 2308 ἐκτὸς
1294 2247 1336 2302 εἰ
1373 2249 1450 2321 μὴ
1505 2245 1565 2302 ἄν
1611 2268 1696 2310 τις
1745 2244 1890 2303 εἷ¹ποι

235 2330 568 2408 αὐτοσοφίαν
629 2332 761 2386 εἶναι
823 2333 912 2387 καὶ
966 2333 1280 2412 Αὑτολόγον
1332 2337 1426 2392 τὸν
1474 2335 1889 2394 Θεόν.³Αλλέἰ

235 2425 425 2491 τοῦτο,
455 2417 537 2490 εἴη
588 2421 646 2474 ἂν
698 2420 856 2483 αὐτὸς
909 2423 1100 2478 ἑαυτοῦ
1158 2427 1344 2500 Πατὴρ
1389 2425 1478 2482 καὶ
1524 2426 1666 2490 Υἱόςο
1701 2427 1888 2500 [101139

242 2509 364 2583 μὲν,
397 2508 487 2564 ὅτε
517 2511 703 2588 σοφὸς,
734 2511 858 2573 Υἱὸς
891 2509 968 2580 δὲ,
1004 2512 1093 2568 ὅτε
1123 2513 1284 2592 σοφία
1316 2517 1449 2589 (l7).
1496 2515 1673 2572 Ἀλλὰ
1705 2518 1781 2590 μὴ
1815 2517 1888 2578 ὡς

237 2597 473 2669 ποιότης
505 2619 588 2660 τις
619 2603 786 2654 ταῦτα
814 2600 865 2655 ἐν
896 2601 977 2675 τῷ
1007 2608 1144 2676 Θεῷ’
1175 2601 1348 2680 ἄπαγε
1373 2607 1384 2662 ί
1417 2606 1652 2682 ἀπρεπὲς
1705 2611 1888 2663 τοῦτο’

240 2688 594 2757 εὑρεθήσεται
623 2689 728 2764 γὰρ
776 2690 1030 2754 σύνθετος
1062 2695 1090 2748 6
1121 2695 1248 2755 Θεὸς
1298 2693 1348 2768 ἐξ
1395 2694 1580 2758 οὐσίας
1630 2696 1720 2751 καὶ
1767 2717 1892 2751 ποι-

238 2777 463 2847 ότητος.
501 2783 650 2832 Πᾶσα
692 2778 791 2853 γὰρ
834 2781 1063 2852 ποιότης
1092 2781 1144 2838 ἐν
1174 2783 1330 2856 οὐσίᾳ
1375 2783 1507 2840 ἐστί.
1543 2785 1685 2839 Κατᾶ
1732 2789 1892 2840 τοῦτο

237 2864 300 2921 δὲ
347 2869 382 2935 ἡ
432 2867 549 2920 Θεία
595 2868 784 2939 μονὰς,
819 2867 1122 2946 ἀδιαίρετος
1173 2870 1324 2943 οὖσα,
1377 2873 1623 2937 σύνθετος
1670 2876 1894 2946 φανήσε-

234 2977 351 3027 ται,
379 2958 690 3029 τεμνομένη
727 2957 802 3019 εἷς
850 2958 1031 3014 οὐσίαν
1085 2962 1174 3016 καὶ
1227 2958 1594 3036 συμϐεϐηκός.
1629 2963 1888 3020 Πευστέον

237 3043 334 3099 οὖν
393 3049 500 3100 τῶν
560 3051 867 3120 προπετῶν’
903 3049 964 3106 Ὀ
1024 3051 1146 3113 Υἱὸς
1198 3052 1358 3130 σοφία
1412 3052 1502 3108 καὶ
1549 3053 1724 3129 Λόγος
1771 3053 1893 3124 έκηο

241 3132 424 3210 ρὺχθη
457 3138 555 3188 τοῦ
587 3140 739 3189 Θεοῦ·
772 3141 890 3199 πῶς
917 3141 1096 3193 τοίνυν
1146 3138 1284 3196 ἐστίν
1313 3161 1327 3212 ;
1360 3141 1426 3196 Εἴ
1472 3142 1566 3217 μὲν
1617 3143 1693 3206 ὡς
1741 3144 1894 3198 ποιό-

233 3243 363 3295 της,
395 3220 613 3298 ἐδείχθη
648 3224 709 3279 τὸ
741 3225 962 3282 ἄτοπονο
997 3228 1042 3283 εἰ
1093 3226 1150 3284 δὲ
1198 3230 1494 3309 αὐτοσοφία
1541 3233 1568 3288 6
1615 3234 1768 3304 Θεὸς,
1798 3234 1886 3288 καὶ

232 3314 301 3367 τὸ
333 3312 395 3367 ἐκ
413 3312 617 3420 τούτου
647 3311 846 3370 ἄτοπον
880 3314 1090 3394 εἷ’ρηται
1135 3322 1282 3397 παρὰ
1329 3316 1643 3396 Σαϐελλίῳ.
1673 3324 1885 3381 Οὐκοῦν
1921 3352 1964 3420 C

237 3403 316 3463 ὡς
365 3402 618 3476 γέννημα
663 3405 864 3480 κυρίως
913 3405 964 3478 ἐξ
1013 3407 1177 3464 αὐτοῦ
1223 3408 1320 3465 105
1370 3412 1596 3487 1101960,
1641 3413 1778 3468 κατᾶ
1829 3413 1892 3468 16

238 3495 340 3545 105
402 3492 582 3568 φωτὸς
637 3491 1002 3571 παράδειγμα.
1055 3498 1144 3560 Ὠς
1203 3500 1306 3575 γὰρ
1365 3498 1470 3554 ἀπὸ
1527 3503 1696 3576 πυρὸς
1757 3505 1894 3577 φῶς.

242 3579 422 3642 οὕτως
479 3578 539 3635 ἐκ
595 3587 728 3636 Θεοῦ
779 3579 976 3659 Λὸγος,
1009 3588 1096 3641 καὶ
1153 3588 1313 3666 σοφία
1355 3588 1415 3644 ἐκ
1472 3587 1663 3667 σοφοῦ,
1693 3592 1784 3646 καὶ
1841 3590 1900 3646 ἐκ

248 3668 465 3741 1101960
495 3668 617 3732 Υἱός
652 3672 783 3745 (18).
813 3673 988 3748 Ταύτῃ
1021 3677 1123 3750 γὰρ
1176 3677 1266 3731 καὶ
1309 3679 1343 3748 ἡ
1398 3679 1562 3752 μονὰς
1599 3676 1901 3754 ἀδιαίρετος

251 3755 344 3810 καῖ
406 3754 718 3834 ὁλόκληρος
779 3762 945 3833 μένει,
979 3765 1064 3817 καὶ
1115 3765 1143 3818 6
1189 3764 1390 3836 ταύτης
1419 3767 1541 3830 Υἱὸς
1573 3769 1745 3844 Λόγος
1803 3768 1901 3823 οὑκ

251 3845 530 3913 ἀνοῦσιος,
563 3845 688 3902 οὐδὲ
721 3850 826 3926 οὐχ
879 3851 1140 3929 ὑφεστὼς,
1176 3851 1301 3908 ἀλλ’
1331 3854 1604 3928 οὑσιώδης
1655 3856 1899 3929 ἀληθῶς.

253 3936 403 3990 Ἐπεὶ
439 3935 484 3989 εἷ
521 3938 596 4008 μὴ
630 3943 817 3993 τοῦτον
854 3938 969 4016 ἔχει
1000 3943 1090 3997 τὸν
1139 3943 1363 4017 τρόπον,
1399 3944 1484 4016 εἴη
1538 3947 1596 4000 ἂν
1645 3948 1842 4020 πάντα,
1869 3947 1903 4001 ἃ

252 4022 495 4098 λέγεται,
527 4028 642 4081 κατ’
700 4027 938 4085 ἐπίνοιαν
989 4034 1074 4087 καὶ
1136 4031 1329 4098 ἁπλῶς
1387 4032 1679 4111 λεγόμενα.
1729 4037 1792 4092 Εἰ
1846 4034 1903 4092 δὶ

253 4113 511 4190 φευκτέον
543 4116 605 4170 τὸ
635 4115 693 4170 ἐκ
726 4125 824 4186 τῆς
854 4117 1094 4184 ἐπινοίας
1128 4119 1353 4192 ἄτοπον,
1383 4121 1484 4199 ἄρα
1531 4122 1743 4196 ἀληθὴς
1790 4126 1903 4183 Λό-

251 4224 348 4277 γος
381 4202 656 4292 οὑσιώδης
687 4206 847 4267 ἐστίν.
881 4213 1080 4284 Ὥσπερ
1134 4212 1237 4288 γὰρ
1296 4212 1516 4285 ἀληθῶς
1570 4217 1778 4292 1101139,
1811 4215 1902 4272 οὕ-

251 4312 362 4354 τως
399 4290 622 4362 ἀληθῶς
657 4298 850 4373 Σοφία.
886 4300 1029 4355 Κατᾶ
1057 4306 1218 4356 τοῦτο
1246 4300 1336 4357 οὖν
1372 4300 1466 4357 δύο
1528 4305 1646 4377 μὲν,
1679 4290 1762 4360 6'1:
1825 4305 1901 4377 μὴ

250 4383 392 4436 κατὰ
419 4379 724 4441 Σαὸέλλιον
756 4388 783 4441 ὁ
814 4388 972 4452 αὐτὸς
1000 4393 1186 4466 Πατὴρ
1217 4393 1303 4447 καὶ
1337 4393 1484 4466 Υἱὸς,
1515 4391 1662 4449 ἀλλᾶ
1710 4395 1738 4448 6
1796 4399 1904 4448 Πα-

250 4474 355 4549 τῆρ
390 4477 600 4551 Πατὴρ,
634 4479 719 4532 καὶ
758 4479 785 4533 ὁ
818 4479 941 4542 Υἱὸς
974 4480 1118 4543 Υἱός·
1151 4481 1204 4536 ἓν
1230 4479 1333 4551 ’δέ,
1369 4482 1453 4538 ὅτι
1500 4484 1623 4546 Υἱὸς
1670 4486 1770 4553 τῆς
1818 4485 1907 4539 06-

252 4563 371 4625 σίας
430 4569 527 4618 105
575 4568 785 4642 Πατρός
836 4569 946 4624 ἐστι
997 4570 1171 4649 φύσει,
1226 4569 1364 4635 ἴδιος
1419 4573 1683 4650 ὑπάρχων
1735 4574 1906 4649 Λόγος

251 4651 438 4709 06105.
471 4655 645 4711 T0510
675 4658 702 4712 6
734 4659 934 4732 Κύριος
991 4657 1196 4736 ἔλεγεν,
1232 4663 1369 4736 Ἐγὼ
1415 4662 1504 4717 καὶ
1551 4663 1580 4717 6
1629 4665 1815 4740 Πατὴρ
1853 4660 1908 4719 ἓν

253 4741 437 4814 ἐσμεν.
473 4743 612 4800 Οὔτε
669 4747 772 4822 γὰρ
819 4725 862 4804 ’ὁ
922 4725 1107 4826 Λόγος.
1145 4725 1480 4826 κεχώρισται
1522 4757 1618 4807 105
1675 4725 1904 4827 Ματρὸς,
1935 4725 1983 4792 D

254 4828 378 4885 οὔτε
407 4833 434 4885 6
466 4835 653 4911 1101139
687 4835 890 4912 ἄλογος
947 4839 1170 4894 πώποτε
1201 4839 1267 4909 ἦν
1299 4837 1335 4909 ἤ
1369 4839 1499 4896 ἐστι.
1536 4842 1637 4897 Καὶ
1673 4841 1700 4896 6
1732 4841 1904 4916 Λόγος

254 4918 345 4974 οὖν
377 4923 532 4996 Θεὸς,
565 4925 652 4979 καὶ
704 4927 732 4980 6
762 4928 950 5004 1101139
1007 4927 1106 4983 οὐκ
1156 4927 1380 5004 ἅΛογος⁶
1417 4928 1506 4985 διὰ
1541 4935 1724 5001 10510,
1758 4932 1904 5007 Ἐγὼ

254 5007 307 5063 ἐν
338 5015 420 5081 τῷ
452 5015 644 5088 Πατρῖ,
675 5017 762 5070 καὶ
799 5018 828 5071 ὁ
859 5019 1043 5091 Πατὴρ
1071 5017 1124 5072 ἐν
1154 5017 1299 5092 ἐμοὶ,
1337 5018 1571 5095 εἷ’ρηκεν.

2003 2072 2197 2144 seipso
2229 2072 2540 2146 gignatur:
2575 2071 2663 2127 vel
2693 2074 2847 2128 certe
2879 2085 3108 2126 merum
3136 2086 3350 2126 nomen
3381 2069 3492 2127 erit
3507 2073 3648 2127 Ver-

2001 2158 2164 2230 bum,
2199 2159 2498 2232 Sapientia
2537 2162 2594 2214 et
2643 2158 2864 2227 Filius;
2899 2158 2995 2215 ille
3025 2163 3243 2228 autem,
3278 2159 3350 2214 de
3381 2175 3496 2231 quo
3528 2160 3650 2216 haec

2000 2247 2299 2318 dicuntur,
2326 2248 2416 2304 vel
2459 2248 2654 2320 potius
2692 2247 2793 2320 qui
2827 2247 2948 2302 haac
2996 2248 3195 2303 omnia
3223 2252 3331 2315 est,
3364 2247 3509 2303 nihil
3537 2248 3648 2304 erit

2000 2337 2348 2394 subsistens.
2377 2336 2436 2393 Si
2458 2338 2653 2409 itaque
2683 2337 2830 2393 nihil
2861 2340 2953 2393 est
2981 2336 3333 2406 subsistens,
3365 2354 3514 2393 vana
3536 2337 3644 2410 igi-

2000 2429 2099 2482 tur
2128 2431 2186 2482 et
2212 2427 2446 2483 inutilia
2476 2431 2614 2482 sunt
2642 2426 2744 2482 illa
2775 2427 3036 2494 nomina,
3067 2426 3179 2482 nisi
3216 2426 3362 2482 forte
3391 2426 3525 2500 quis
3555 2427 3643 2482 di-

2001 2515 2303 2588 catipsum
2328 2522 2506 2572 Deum
2526 2516 2875 2588 sapientiam
2895 2515 3082 2588 ipsam
3103 2518 3158 2572 et
3173 2515 3427 2570 Verbum
3445 2515 3642 2588 ipsum

2001 2621 2148 2661 esse.
2183 2607 2343 2672 Quod
2377 2605 2426 2660 si
2459 2605 2847 2661 concedatur:
2891 2621 3020 2660 vere
3050 2604 3176 2676 ipse
3219 2605 3436 2660 suimet
3480 2605 3648 2661 Pater

2003 2699 2060 2748 et
2091 2694 2267 2750 Filius
2299 2694 2443 2760 erit;
2477 2695 2642 2749 Pater
2672 2692 2942 2748 videlicet
2972 2709 3104 2748 cum
3137 2693 3373 2764 sapiens
3395 2693 3644 2750 dicitur:

2001 2783 2203 2851 Filius,
2249 2799 2383 2838 cum
2431 2782 2740 2854 sapientia.
2774 2781 2949 2853 Atqui
3000 2797 3068 2837 ea
3114 2780 3174 2836 in
3206 2781 3322 2837 Deo
3364 2798 3479 2837 non
3511 2785 3652 2838 sunt

2002 2877 2068 2928 ut
2093 2871 2367 2945 qualitas.
2391 2873 2587 2944 Apage
2607 2869 2822 2944 igitur!
2854 2871 2913 2925 id
2945 2870 3253 2942 indignum
3287 2876 3420 2928 Deo.
3449 2875 3527 2927 Ex
3545 2871 3640 2927 his

2001 2960 2157 3017 enim
2189 2960 2438 3016 efﬁcitur
2465 2960 2648 3016 Deum
2694 2976 2763 3016 ex
2805 2959 3058 3016 essentia
3089 2963 3145 3014 et
3182 2959 3463 3031 qualitate
3491 2976 3648 3016 com-

2002 3049 2252 3124 positum
2279 3065 2425 3106 esse.
2462 3049 2766 3121 Siquidem
2798 3047 2989 3104 omnis
3019 3047 3274 3120 qualitas
3304 3049 3361 3104 in
3389 3050 3648 3106 essentia

2002 3145 2126 3197 est:
2163 3157 2227 3196 ac
2277 3139 2521 3212 proinde
2549 3139 2746 3194 divina
2778 3138 2996 3206 unitas,
3043 3155 3170 3210 quas
3201 3138 3506 3194 individua
3536 3143 3646 3207 est,

2000 3229 2326 3302 composita
2353 3227 2667 3293 videbitur,
2701 3231 2901 3299 utpote
2949 3227 3008 3282 in
3040 3226 3355 3283 essentiam
3403 3231 3460 3282 et
3489 3227 3645 3284 acci-

2002 3319 2146 3376 dens
2178 3318 2382 3374 divisa.
2428 3318 2522 3373 Sic
2570 3316 2769 3389 itaque
2803 3318 3146 3372 temerarios
3177 3316 3352 3372 hosce
3379 3316 3649 3374 homines

2004 3408 2470 3480 interrogemus:
2498 3405 2676 3462 Filius
2705 3406 2997 3479 sapientia
3025 3409 3081 3462 et
3111 3405 3367 3462 Verbum
3398 3403 3498 3461 Dei
3523 3421 3650 3461 esse

2007 3497 2357 3571 pradicatus
2406 3500 2533 3552 est:
2574 3511 2827 3567 quonam
2859 3495 3038 3566 igitur
3072 3495 3244 3551 modo
3275 3495 3331 3550 id
3366 3496 3491 3567 ipse
3521 3494 3652 3551 est?

2009 3587 2068 3643 Si
2103 3590 2169 3642 ut
2187 3586 2475 3658 qualitas;
2508 3585 2567 3640 id
2599 3585 2922 3640 absurdum
2953 3599 3082 3640 esse
3107 3585 3230 3654 jam
3263 3584 3655 3640 ostendimus.

2007 3676 2064 3732 Si
2093 3693 2227 3732 vero
2277 3676 2401 3748 ipse
2452 3679 2601 3729 Deus
2643 3673 2931 3746 sapientia
2959 3673 3088 3744 ipsa
3135 3677 3260 3728 est:
3313 3677 3466 3729 certe
3499 3674 3655 3745 quod

2009 3767 2144 3822 inde
2163 3764 2403 3822 absurdi
2427 3762 2713 3835 sequitur,
2745 3763 2966 3819 dictum
2989 3779 3023 3819 ι
3047 3762 3293 3818 Sabellio
3321 3766 3431 3818 est.
3447 3762 3658 3825 Quam-

2011 3857 2207 3912 obrem
2263 3854 2567 3910 fatendum
2611 3857 2700 3909 est
2729 3869 2862 3908 eum
2894 3858 3177 3925 tanquam
3213 3853 3395 3907 fetum
3425 3853 3657 3924 proprie

2011 3961 2079 4002 ex
2109 3946 2236 4017 ipso
2263 3947 2430 4000 Patre
2460 3959 2608 4011 esse,
2634 3943 2804 4014 juxta
2841 3941 2990 3997 lucis
3016 3939 3362 4013 exemplum.
3398 3939 3470 3996 Ut
3498 3940 3655 3997 enim

2013 4036 2085 4092 ab
2114 4034 2249 4108 igne
2308 4033 2403 4088 lux
2463 4032 2685 4088 oritur:
2735 4031 2816 4086 ita
2865 4029 3123 4087 Verbum
3176 4047 3246 4086 ex
3277 4035 3390 4086 Deo
3421 4033 3530 4096 est,
3562 4046 3656 4085 sa-

2013 4122 2233 4197 pientia
2269 4139 2337 4179 ex
2380 4121 2662 4194 sapiente,
2695 4123 2753 4176 et
2791 4135 2859 4176 ex
2905 4123 3071 4175 Patre
3119 4119 3319 4175 Filius.
3356 4120 3468 4174 Hac
3496 4118 3656 4175 enim

2015 4216 2238 4273 ratione
2268 4215 2463 4269 unitas
2495 4213 2797 4268 individua
2827 4215 2885 4268 et
2913 4210 3138 4284 integra
3169 4215 3388 4278 manet,
3414 4211 3661 4282 ejusque

2017 4306 2200 4362 Filius
2230 4304 2487 4360 Verbum
2514 4318 2628 4358 non
2664 4301 2888 4373 aliquid
2918 4304 3007 4356 est
3023 4300 3280 4357 essentia
3295 4316 3547 4356 vacuum
3568 4299 3661 4356 vel

2017 4412 2132 4451 non
2164 4393 2516 4459 subsistens,
2549 4393 2650 4447 sed
2682 4406 2813 4446 vere
2851 4389 3164 4446 essentiale
3221 4393 3332 4446 est.
3386 4389 3661 4462 Alioquin

2017 4485 2131 4541 nisi
2163 4484 2284 4539 haec
2315 4482 2397 4538 ita
2426 4498 2553 4538 esse
2601 4481 2976 4547 concedatur,
3008 4497 3154 4536 sana
3211 4479 3502 4551 quidquid
3538 4479 3666 4552 ipse

2018 4573 2254 4638 dicitur,
2302 4571 2654 4643 cogitatione
2704 4574 2761 4624 et
2803 4569 2976 4626 verbo
3021 4573 3192 4626 tenus
3223 4569 3502 4626 exsistet:
3537 4585 3667 4641 quas

2019 4661 2309 4720 sententia
2335 4661 2385 4718 si
2417 4665 2507 4717 est
2549 4659 2935 4732 repudianda,
2968 4659 3148 4732 igitur
3176 4676 3379 4716 verum
3410 4657 3666 4714 Verbum

2014 4751 2324 4810 essentiale
2354 4755 2460 4807 est.
2504 4750 2770 4821 Namque
2801 4752 2865 4803 ut
2908 4764 3040 4805 vere
3071 4752 3242 4804 Pater
3286 4752 3394 4818 est,
3426 4747 3508 4804 ita
3537 4763 3668 4803 vere

2015 4847 2106 4899 est
2125 4839 2422 4913 Sapientia
2470 4839 2630 4895 Unde
2649 4839 2902 4894 efﬁcitur
2925 4841 2988 4893 ut
3018 4837 3134 4893 duo
3157 4836 3278 4892 sint
3303 4838 3474 4890 Pater
3495 4837 3553 4890 et
3573 4833 3668 4889 Fi-

2015 4932 2152 5002 lius,
2208 4948 2323 4986 non
2372 4946 2504 4988 vero
2539 4929 2713 4996 idem,
2751 4932 2816 4984 ut
2863 4926 3163 4984 contendit
3203 4924 3529 4982 Sabellius:
3564 4926 3669 4982 sed

2015 5025 2204 5088 Pater,
2241 5023 2413 5075 Pater
2460 5023 2588 5086 est;
2637 5021 2694 5073 et
2743 5015 2946 5084 Filius,
2999 5014 3203 5072 Filius.
3236 5013 3430 5070 Unum
3471 5018 3668 5071 autem

251 5107 419 5168 sunt,
449 5104 591 5174 quia
621 5105 804 5164 Filius
861 5109 1130 5165 essentias
1187 5109 1377 5166 Patris
1410 5116 1618 5167 natura
1658 5111 1840 5167 Filius
1872 5114 1980 5176 est,
2032 5110 2454 5182 propriumque
2501 5107 2631 5178 ejus
2659 5107 2915 5162 Verbum
2965 5103 3213 5160 exsistit.
3276 5104 3338 5160 1d
3381 5105 3668 5162 Dominus

250 5188 378 5262 ipse
412 5193 641 5250 aiebat.
677 5196 786 5267 Ego
814 5205 865 5254 et
895 5201 1060 5254 Pater
1085 5215 1262 5255 unum
1289 5216 1479 5256 sumus
1499 5201 1562 5255 ³³.
1614 5201 1728 5257 Nec
1775 5201 1932 5257 enim
1985 5200 2244 5255 Verbum
2287 5201 2621 5270 separatum
2651 5212 2684 5250 a
2731 5199 2898 5249 Patre
2929 5197 3038 5264 est,
3069 5209 3176 5250 nec
3205 5210 3468 5266 unquam
3497 5198 3671 5252 Pater

251 5279 378 5360 sine
411 5281 657 5341 Ratione
688 5285 834 5343 491
873 5287 994 5344 sive
1022 5287 1211 5344 Verbo
1243 5289 1352 5345 fuit
1381 5290 1470 5348 vel
1501 5295 1609 5348 est.
1645 5290 1900 5348 Verbum
1948 5289 2128 5362 igitur
2179 5288 2334 5345 Deus
2389 5290 2500 5354 est,
2535 5299 2640 5341 nec
2696 5283 2867 5340 Pater
2921 5282 3050 5340 sine
3086 5284 3276 5340 Verbo
3333 5287 3467 5340 est:
3511 5285 3670 5340 unde

251 5369 398 5426 dixit
431 5389 442 5426 :
480 5373 598 5447 Ego
627 5377 689 5430 in
716 5381 902 5444 Patre,
933 5383 990 5433 et
1018 5380 1184 5434 Pater
1210 5380 1272 5434 in
1300 5397 1386 5436 me
1413 5385 1492 5436 est
1519 5381 1588 5435 ⁸³.

315 5498 362 5533 ³³
390 5500 565 5554 Joan.
599 5517 655 5572 ι,
683 5501 773 5557 30.
849 5501 918 5536 ³³·
945 5505 1114 5559 Joan.
1143 5519 1261 5574 xxv,
1292 5504 1378 5560 10.

320 5626 437 5697 (15)
467 5625 854 5699 Anglicanus,
887 5621 1078 5700 Εἴπερ.

327 5697 621 5773 (t6)11eg_.
655 5702 714 5753 et
742 5700 1006 5770 Seguer.,
1028 5697 1365 5773 6110010160,
1404 5701 1614 5758 ultima
1655 5701 1834 5772 gravi.

316 5770 433 5846 (17)
465 5770 704 5845 Regius,
735 5775 973 5843 Seguer.
1035 5771 1208 5828 Basil.
1270 5773 1500 5847 Anglic,
1562 5770 1790 5830 Gobler.
1853 5777 1911 5829 et

2017 5627 2166 5700 Felc.
2200 5598 2252 5694 1,
2287 5621 2592 5700 61300960,
2619 5619 2743 5700 T160
2777 5617 2859 5700 δὲ,
2887 5621 2978 5676 ὅτε
3025 5621 3204 5698 σοφία.
3235 5620 3349 5678 Alii
3398 5624 3454 5676 et
3500 5620 3664 5690 editi,

2019 5691 2322 5776 61000060,
2353 5691 2700 5776 “6066,61:
2734 5693 2914 5770 σοφία.

2092 5763 2332 5846 (18)’8ἱὸ
2362 5785 2506 5826 mss.
2541 5772 2614 5824 At
2644 5763 2829 5839 Com.',
2861 5765 2950 5820 καὶ
2984 5764 3157 5843 Σοφία
3189 5763 3248 5821 ἔκ
3278 5763 3489 5842 1101960
3517 5763 3659 5825 Υἱός.
