4076 6348
339 391 454 450 471

878 390 942 451 S.
989 389 1414 451 ATHANASII
1459 392 1631 452 OPP.
1677 391 1878 450 PARS
1924 388 1975 449 Ι.
2005 421 2084 433 -
2114 387 2532 452 HISTORICA
2573 390 2673 450 ET
2717 385 3198 450 DOGMATICA.

3635 383 3756 443 472

415 521 470 576 3.
500 524 786 576 Prasterea
816 519 1078 576 Christus
1117 520 1372 577 Verbum
1411 522 1508 577 Dei
1529 526 1619 578 est
1642 539 1654 578 :
1681 537 1822 576 num
1854 536 1991 592 ergo

2178 520 2230 575 3.
2265 517 2364 573 Καὶ
2395 517 2559 574 πάλιν
2604 520 2632 573 6
2679 519 2908 593 Χριστὸς
2940 515 3114 593 Λόγος
3157 517 3254 571 τοῦ
3303 518 3436 571 Θεοῦ
3486 494 3620 571 ἐστι..
3652 512 3755 569 Πό-

345 627 414 668 ex
458 609 650 682 seipso
702 610 948 679 exstitit,
983 609 1310 680 deindeque
1341 611 1631 666 exsistens
1661 627 1795 665 cum
1829 612 2000 664 Patre

347 703 439 757 est
467 697 780 770 copulatus
805 698 832 752 ?
889 701 974 753 An
1026 714 1157 754 vero
1207 699 1358 753 Deus
1409 698 1603 770 ipsum
1639 698 1792 764 fecit,
1820 701 1876 753 et
1907 691 2028 752 sui'

350 789 541 861 ipsius
569 786 826 842 Verbum
860 787 1225 859 appellavit?
1246 787 1303 843 Si
1343 789 1601 858 primum
1627 787 2000 850 concedatur,

351 879 411 934 id
441 882 550 943 est,
575 877 625 931 si
660 875 854 947 seipso
871 875 1095 931 exstitit
1115 881 1170 930 et
1186 883 1277 932 est
1308 881 1479 942 Deus,
1501 878 1616 932 (luo
1639 876 1817 946 igitur
1833 880 2005 930 erunt

354 965 667 1039 principia,
699 981 804 1020 nec
856 965 952 1019 ille
1001 965 1191 1020 Patris
1238 966 1509 1037 proprius
1547 965 1677 1034 erit,
1710 970 1766 1019 et
1798 964 2004 1019 merito

354 1055 612 1128 quidem,
633 1058 831 1126 utpote
854 1054 954 1125 qui
983 1071 1095 1108 non
1115 1054 1304 1126 ipsius
1337 1054 1546 1120 Patris,
1568 1055 1666 1109 sed
1702 1056 1795 1109 sui
1818 1053 2007 1125 ipsius

355 1144 447 1200 sit.
481 1144 643 1210 Quod
677 1143 725 1198 si
756 1143 1118 1198 extrinsecus
1146 1144 1334 1199 factus
1369 1149 1478 1212 est,
1516 1160 1606 1198 res
1637 1147 1833 1198 creata
1853 1147 2009 1197 certe

355 1232 484 1290 erit.
532 1236 734 1288 Restat
783 1233 978 1304 itaque
1013 1236 1075 1286 ut
1119 1248 1252 1286 eum
1287 1248 1354 1286 ex
1389 1232 1516 1304 ipso
1549 1237 1660 1287 Deo
1693 1248 1820 1287 esse
1853 1231 2010 1286 dica-

357 1338 530 1378 mus:
581 1321 734 1391 quod
785 1320 834 1376 si
876 1337 1074 1375 verum
1108 1326 1214 1389 est,
1250 1319 1407 1374 aliud
1440 1319 1554 1389 (19)
1586 1337 1725 1376 sane
1747 1318 1921 1374 fuerit
1950 1318 2009 1372 id

357 1411 515 1482 quod
547 1414 637 1465 est
663 1425 730 1464 ex
762 1408 982 1480 aliquo,
1015 1415 1073 1464 et
1103 1407 1259 1463 aliud
1293 1409 1347 1463 id
1380 1425 1448 1464 ex
1479 1427 1593 1480 quo
1625 1415 1751 1465 est:
1788 1425 1854 1464 ac
1874 1424 2014 1480 pro-

359 1497 496 1553 inde
529 1497 832 1553 fatendum
885 1500 974 1552 est
1003 1497 1118 1551 duo
1149 1513 1298 1552 esse.
1333 1497 1476 1553 Nam
1514 1497 1562 1552 si
1593 1499 1709 1552 duo
1742 1515 1855 1553 non
1890 1497 2011 1551 fue-

363 1587 505 1656 rint,
537 1586 638 1642 sed
665 1585 786 1641 hac
821 1586 890 1641 de
919 1585 1121 1641 eodem
1166 1585 1471 1642 dicantur:
1507 1587 1659 1642 idem
1695 1587 1874 1659 igitur
1922 1589 2014 1644 sui

364 1692 543 1732 causa
569 1679 624 1731 et
643 1675 882 1730 effectus
913 1673 1043 1742 erit,
1065 1675 1220 1730 idem
1244 1676 1398 1747 quod
1421 1675 1684 1748 gignitur
1704 1681 1760 1731 et
1786 1677 1974 1749 gignit
1999 1703 2013 1746 ;

366 1765 518 1837 quod
551 1765 792 1836 quidem
827 1765 1149 1819 absurdum
1183 1781 1251 1820 ex
1281 1764 1517 1820 Sabellii
1551 1780 1744 1821 errore
1777 1783 2017 1822 manare

365 1858 669 1910 ostensum
711 1858 820 1908 est.
853 1853 1014 1917 Quod
1048 1853 1095 1909 si
1130 1870 1199 1908 ex
1230 1853 1356 1926 ipso
1388 1854 1625 1925 quidem
1655 1859 1759 1924 est,
1793 1872 1897 1910 nec
1928 1861 2016 1911 ta-

2109 628 2262 684 τερον
2305 607 2395 662 οὖν
2447 610 2533 686 ἀφ’
2572 610 2761 664 ἑαυτοῦ
2826 607 3052 678 ὑπέστη,
3083 607 3171 662 καὶ
3234 607 3466 668 ὑποστὰς
3523 625 3754 682 προσκε-

2111 691 2382 764 κόλληται
2413 702 2492 769 τῶ
2543 696 2742 770 Πατρίς
2796 697 2831 764 ἢ
2879 697 2907 751 6
2955 695 3083 757 Θεὸς
3130 695 3293 750 αὐτὸν
3343 693 3610 765 πεποίηκε
3664 695 3754 748 καὶ

2114 785 2394 858 ὠνόμασεν
2429 789 2538 858 (20)
2573 787 2762 841 ἑαυτοῦ
2795 785 2970 860 Λόγον
2999 804 3012 853 ;
3046 784 3110 839 Εἰ
3146 785 3238 857 μὲν
3267 781 3360 838 οὖν
3407 784 3470 838 τὸ
3516 788 3758 860 πρῶτον,

2115 872 2259 948 λέγω
2293 872 2357 942 δὴ
2390 877 2473 942 τὸ,
2505 877 2678 945 ἑαυτῷ
2711 874 2907 945 ὑπέστη
2947 877 3057 948 (21)
3090 875 3178 929 καὶ
3228 872 3358 936 Θεός
3407 872 3539 944 ἐστι,
3573 871 3669 928 δύο
3699 872 3758 928 ἂν

2139 965 2165 984 τ
2283 965 2295 978 ιι
2419 965 2432 984 κ
2535 963 2548 983 9
2649 961 2672 981 ν
3289 959 3361 981 ’ἢκ
3496 966 3521 976 -ι
3713 963 3726 982 \

2117 984 2214 1018 ειεν
2271 983 2459 1039 αρχαι,
2495 985 2590 1018 ουκ
2648 985 2792 1020 επαι
2847 961 2904 1018 δὲ
2965 962 3189 1025 εἰκότως
3247 975 3373 1017 ουοε
3429 983 3526 1016 του
3555 967 3765 1037 Πατρος

2119 1048 2280 1119 ἴδιος,
2313 1050 2403 1107 διὰ
2430 1054 2492 1108 τὸ
2527 1054 2602 1126 μὴ
2635 1055 2802 1108 αὐτοῦ
2832 1057 2925 1108 τοῦ
2954 1053 3184 1128 Πατρὸς,
3218 1050 3348 1107 ἀλλ’
3375 1052 3565 1106 ἑαυτοῦ
3611 1051 3762 1106 εἶναι·

2119 1141 2164 1195 εἷ
2210 1139 2267 1196 δὲ
2316 1141 2505 1213 ἔξωθεν
2556 1141 2871 1213 πεποίηται,
2907 1140 2990 1212 εἴη
3039 1141 3098 1196 ἂν
3148 1140 3370 1214 κτίσμα.
3407 1141 3657 1196 Λείπεται
3695 1137 3763 1210 δὴ

2123 1229 2173 1301 ἐξ
2203 1232 2372 1287 αὐτοῦ
2406 1237 2502 1287 τοῦ
2532 1237 2665 1287 Θεοῦ
2696 1231 2876 1306 λέγειν
2907 1230 3087 1286 αὐτόν’
3123 1230 3168 1285 εἰ
3200 1228 3258 1286 δὲ
3292 1234 3476 1299 τοῦτο,
3511 1229 3652 1285 ἄλλο
3705 1229 3762 1285 ἂν

2122 1319 2204 1390 εἷή
2237 1321 2299 1375 τὸ
2331 1315 2388 1375 ἔκ
2415 1343 2584 1388 τινος,
2618 1322 2705 1376 καὶ
2742 1319 2881 1376 ἄλλο
2905 1321 2967 1376 τὸ
3017 1320 3066 1392 ἐξ
3127 1321 3186 1374 οὗ
3249 1319 3379 1374 ἐστι·
3413 1319 3550 1374 κατά
3604 1323 3766 1374 τοῦτο

2122 1408 2223 1484 ἄρα
2255 1407 2453 1466 δύο.Εἷ
2477 1408 2533 1465 δὲ
2568 1411 2644 1482 μή
2679 1408 2773 1464 δύο
2805 1406 3059 1480 εἷ’ῃ,ἀλλ’
3090 1407 3175 1464 ἐπὶ
3200 1406 3296 1463 τοῦ
3327 1409 3492 1462 αὐτοῦ
3524 1407 3762 1482 λέγοιτο,

2123 1493 2267 1552 ἔσται
2305 1498 2368 1552 τὸ
2416 1498 2546 1553 αὐτὸ
2595 1498 2768 1552 αἴτιον
2801 1501 2910 1571 (22)
2942 1499 3029 1553 καὶ
3081 1498 3344 1566 αἱτιατὸν,
3372 1495 3463 1551 καὶ
3492 1497 3764 1571 γεννώμε-

2123 1608 2212 1641 νον
2239 1588 2326 1641 καὶ
2361 1592 2580 1663 γεννῶν,
2615 1589 2746 1661 ὅπερ
2779 1585 2978 1642 ἄτοπον
3013 1587 3098 1642 ἐπὶ
3135 1581 3443 1642 Σαϐελλίου
3475 1582 3763 1641 δέδεικται.

2126 1674 2190 1732 Εἴ
2242 1673 2298 1730 δὲ
2355 1675 2405 1746 ἐξ
2461 1677 2628 1731 αὐτοῦ
2691 1677 2784 1750 μὶν
2845 1673 3006 1743 ἔστιν,
3034 1675 3132 1731 οὐκ
3178 1673 3318 1730 ἄλλο
3364 1671 3440 1730 δέ’
3470 1672 3618 1730 ἔσται
3675 1675 3768 1730 καὶ

2121 1769 2340 1839 γεννῶν,
2370 1767 2458 1819 καὶ
2519 1767 2595 1838 μὴ
2655 1770 2874 1839 γεννῶν·
2927 1769 3126 1840 γεννῶν
3190 1764 3308 1838 μὲν,
3359 1762 3440 1819 ὅτι
3495 1763 3546 1834 ἐξ
3604 1763 3771 1819 αὐτοῦ

2124 1853 2404 1932 προφέρει,
2443 1856 2518 1927 μή
2577 1859 2773 1929 γεννῶν
2831 1851 2909 1922 δὲ,
2942 1852 3024 1908 ὅτι
3089 1854 3166 1926 μή
3200 1851 3342 1908 ἄλλο
3390 1851 3553 1909 αὐτοῦ
3604 1851 3768 1908 ἐστιν.

365 1908 498 1998 men
530 1908 689 1998 aliud
722 1943 794 1998 ab
825 1908 892 1998 eo
917 1959 928 1997 :
959 1908 1475 2014 sequiturdtide‘m
1509 1908 1584 1999 sit
1601 1908 2015 2016 et—gi'gn‘enset

2128 1908 2184 2000 El
2243 1908 2311 1999 ἑὲ.
2349 1908 2532 2012 166.10.,
2566 1908 2651 2014 si'n
2693 1943 2752 1998 ἂν
2803 1908 2919 1998 κατ’
2951 1908 3192 1998 έπίνόιοίν
3226 1941 3521 2018 λεγόμενος
3551 1944 3579 1998 6
3611 1941 3769 2005 αὐτὸς

362 2048 478 2087 non
501 2033 747 2103 gignens
772 2056 786 2099 ς
820 2031 1086 2104 gignens,
1117 2033 1256 2102 quia
1277 2049 1346 2087 ex
1367 2049 1429 2088 se
1450 2032 1594 2087 illud
1626 2035 1868 2105 profert;
1894 2050 2007 2089 non

361 2121 632 2194 gignens,
656 2121 794 2192 quia
811 2120 970 2175 aliud
995 2121 1068 2175 ab
1093 2136 1158 2176 eo
1182 2139 1294 2176 non
1327 2126 1434 2177 est.
1470 2124 1627 2188 Quod
1646 2128 2008 2195 postremum

360 2210 411 2266 si
441 2210 807 2280 admittatur,
840 2209 1135 2281 colligitur
1181 2211 1452 2266 eumdem
1499 2213 1847 2283 cogitatione
1879 2218 2008 2268 tan-

361 2302 513 2367 tum,
539 2301 769 2352 Patrem
802 2303 859 2353 et
889 2297 1100 2352 Filium
1160 2298 1294 2352 dici.
1345 2300 1450 2354 Sed
1485 2300 1531 2354 si
1595 2300 1650 2354 id
1683 2301 2007 2357 absurdum

363 2390 474 2456 est,
507 2386 690 2458 igitur
731 2387 846 2441 duo
905 2391 1077 2442 erunt
1121 2393 1284 2444 Pater
1331 2396 1383 2443 et
1417 2389 1616 2444 Filius.
1647 2389 1836 2444 Unum
1871 2390 2007 2445 item

364 2474 543 2530 iidem
575 2479 766 2540 erunt,
786 2475 926 2546 quia
953 2475 1131 2531 Filius
1154 2493 1266 2531 non
1287 2477 1673 2544 extrinsecus,
1693 2479 1791 2534 sed
1811 2495 1878 2532 ex
1898 2484 2009 2535 Deo

365 2562 600 2635 genitus
621 2568 729 2619 est.
752 2564 811 2619 Si
844 2565 976 2635 quis
1009 2571 1201 2620 autem
1243 2566 1521 2636 Verbum,
1556 2567 1734 2622 fetum
1769 2568 1889 2624 sive
1910 2585 2010 2640 ge-

369 2652 557 2708 nitum
594 2653 783 2709 dicere
815 2654 1174 2721 reformidat,
1209 2655 1525 2726 ipsumque
1555 2673 1687 2711 cum
1724 2657 1839 2712 Deo
1862 2658 2010 2712 exsi-

369 2744 522 2797 stere
544 2746 711 2814 putat
749 2745 1158 2798 tantummodo
1189 2745 1502 2800 dicendum
1537 2763 1549 2800 :
1585 2751 1784 2800 caveat
1818 2745 1913 2802 ille
1942 2764 2012 2802 ne

367 2830 604 2886 nomine
636 2831 948 2904 Scriptura:
981 2832 1196 2889 usitato
1229 2835 1312 2890 uti
1344 2835 1660 2907 refugiens,
1702 2835 1760 2890 in
1805 2837 2014 2892 absur-

364 2919 500 2975 dam
531 2919 752 2975 incidat
780 2920 1137 2991 opinionem,
1158 2938 1273 2993 qua
1298 2923 1475 2977 Deum
1508 2923 1762 2996 duplicis
1793 2931 2016 2980 natura:

362 3008 622 3064 inducat.
657 3009 716 3064 Si
749 3009 906 3064 enim
937 3027 1050 3065 non
1094 3011 1359 3066 concedit
1407 3012 1659 3068 Verbum
1694 3029 1761 3068 ex
1792 3015 2015 3070 unitate

367 3113 517 3164 esse,
552 3098 654 3152 sed
685 3103 914 3153 tantum
947 3115 1081 3154 cum
1116 3104 1284 3156 Patre
1304 3101 1476 3156 fuisse
1497 3101 2015 3173 copulatum,duas

369 3191 523 3242 certe
541 3186 1122 3255 admittitessentias,
1144 3205 1392 3260 quarum
1422 3196 1626 3246 neutra
1655 3191 1896 3247 alterius
1918 3210 2016 3264 pa-

2121 2035 2307 2109 Πατὴρ
2339 2033 2430 2089 καὶ
2475 2034 2620 2095 Υἱός.
2655 2033 2719 2090 Εἰ
2771 2031 2828 2088 δὲ
2874 2033 3108 2108 ἀπρεπές
3158 2032 3352 2100 οὕτως,
3387 2032 3473 2104 εἷή
3531 2032 3592 2088 ἂν
3649 2029 3768 2102 δύο,

2121 2125 2313 2198 Πατήρ
2343 2125 2430 2177 καὶ
2467 2122 2608 2185 Υἱός·
2641 2122 2698 2178 ἓν
2731 2120 2809 2191 δὲ,
2842 2123 2924 2178 ὅτι
2957 2124 2985 2177 6
3016 2122 3139 2185 Υἱὸς
3173 2124 3274 2178 οὐκ
3312 2121 3524 2196 ἔξωθεν,
3555 2119 3681 2178 ἀλλ’
3711 2121 3770 2177 ἐκ

2116 2217 2213 2267 τοῦ
2245 2216 2378 2266 Θεοῦ
2407 2213 2725 2287 γεγέννηται
2758 2215 2892 2285 (23).
2925 2211 2988 2266 Εἰ
3021 2209 3078 2267 δὲ
3108 2211 3291 2288 φεύγει
3344 2233 3425 2273 τις
3466 2213 3530 2266 τὸ
3585 2209 3762 2286 λέγειν

2119 2299 2386 2374 γέννημα,
2425 2299 2588 2372 μόνον
2619 2300 2676 2355 δὲ
2708 2299 2849 2374 λέγει
2885 2301 3147 2375 ὑπάρχειν
3178 2301 3269 2355 τὸν
3313 2300 3488 2375 Λόγον
3536 2299 3626 2354 σὺν
3685 2303 3765 2371 τῷ

2120 2393 2261 2460 Θεῷ·
2303 2383 2603 2466 φοϐηθήτιυ
2634 2390 2662 2442 6
2693 2394 2938 2451 τοιοῦτος
2998 2391 3096 2462 μὴ,
3129 2389 3340 2466 φεύγων
3387 2391 3450 2444 τὸ
3501 2387 3604 2443 ὑπὸ
3659 2395 3762 2457 τῆς

2122 2482 2338 2556 Γραφῆς
2400 2476 2718 2554 λεγόμενον,
2751 2477 2959 2553 ἐμπέσῃ
3015 2478 3090 2540 εἰς
3140 2477 3388 2547 ἀτοπίαν,
3423 2475 3589 2555 διφυῆ
3642 2498 3761 2531 τινα

2123 2567 2350 2642 εἷσάγων
2383 2567 2472 2620 τὸν
2497 2567 2646 2622 Θεόν·
2681 2569 2756 2639 μή
2789 2565 2971 2629 διδοὺς
3000 2569 3100 2643 γὰρ
3132 2566 3187 2622 ἐγ
3217 2575 3317 2636 τῆς
3361 2565 3596 2640 μονάδος
3628 2565 3762 2620 εἶναι

2119 2659 2211 2712 τὸν
2243 2656 2433 2731 Λόγον,
2467 2654 2593 2711 ἀλλ’
2622 2657 2810 2718 ἁπλῶς
2841 2655 3204 2725 κεκολλῆσθαι
3235 2662 3315 2729 τῷ
3358 2657 3527 2732 ῐΙατρὶ
3562 2657 3763 2730 Λόγον,

2124 2743 2293 2801 δυάδα
2349 2746 2532 2807 οὐσίας
2591 2744 2806 2820 εἰσάγει,
2847 2743 3146 2820 μηδετέρατ
3196 2749 3296 2812 τῆς
3337 2747 3520 2821 ἑτέρας
3551 2745 3767 2821 Πατέρα

2123 2832 2512 2909 τυγχάνουσαν.
2546 2834 2616 2888 Τὸ
2675 2835 2808 2888 αὐτὸ
2869 2831 3045 2889 δὲκαὶ
3089 2836 3210 2910 περὶ
3263 2832 3566 2907 δυνάμεως.
3603 2839 3770 2889 Φανε-

2127 2924 2360 2999 ρώτερον
2424 2919 2470 2976 δ’
2502 2920 2560 2977 ἄν
2597 2943 2678 2984 τις
2729 2919 2836 2976 ἴδοι
2884 2927 3066 2990 τοῦτο,
3099 2922 3144 2977 εἰ
3202 2921 3287 2978 ἐπὶ
3341 2923 3555 2998 ΙΙατρὸς
3581 2917 3766 2977 λάϐοι·

2127 3014 2203 3075 εἷς
2231 3013 2331 3086 γὰρ
2366 3013 2577 3085 Πατήρ,
2604 3013 2690 3065 καὶ
2727 3012 2790 3066 οὐ
2825 3008 2941 3076 δύο,
2977 3008 3102 3067 ἀλλ’
3134 3010 3196 3067 ἐκ
3239 3016 3335 3067 τοῦ
3397 3011 3512 3074 ἐνὸς
3564 3013 3592 3067 ὁ
3624 3011 3770 3074 Υἱός.

2126 3104 2328 3176 Ὥσπερ
2363 3098 2452 3154 οὖν
2487 3101 2550 3155 οὐ
2584 3097 2679 3154 δύο
2721 3101 2979 3175 ΙΙατέρες,
3013 3099 3142 3157 ἀλλ’
3188 3103 3289 3171 εἷς,
3342 3099 3514 3162 οὕτως
3561 3101 3624 3156 οὐ
3677 3097 3774 3155 δύο

2130 3191 2319 3266 ἀρχαὶ,
2355 3187 2500 3244 ἀλλὰ
2563 3191 2682 3262 μία,
2713 3191 2801 3244 καὶ
2864 3189 2924 3244 lx
2969 3196 3069 3260 τῆς
3105 3195 3230 3263 μιᾶς
3264 3186 3538 3260 οὐσιώδης
3569 3190 3597 3244 6
3629 3189 3773 3253 Υἱός.

366 3291 503 3332 rens
538 3279 646 3332 est.
673 3276 834 3330 Idem
866 3276 1042 3331 etiam
1065 3278 1135 3332 de
1161 3277 1370 3333 virtute
1396 3279 1514 3334 sive
1547 3281 1805 3351 potentia
1826 3283 2015 3337 dicen-

2131 3279 2276 3354 Πρὸς
2335 3279 2643 3354 Ἀρειανοὺς
2702 3275 2759 3333 δὲ
2802 3276 3078 3333 ’ἀνάπαλιν
3139 3277 3458 3354 ἑρωτητέον·
3499 3275 3628 3342 τοὺς
3677 3277 3773 3350 μὲν

367 3365 508 3419 dum
540 3367 649 3418 est.
682 3362 744 3418 Id
805 3367 997 3418 autem
1036 3364 1262 3420 facilius
1315 3366 1526 3436 poterit
1576 3366 1844 3440 intelligi,
1878 3369 1927 3423 si
1958 3369 2016 3424 in

370 3455 540 3507 Patre
585 3455 899 3522 spectetur.
936 3452 1098 3508 Unus
1150 3453 1307 3508 enim
1359 3459 1448 3510 est
1498 3458 1685 3524 Pater,
1733 3473 1844 3511 non
1879 3457 2019 3525 duo,

2128 3369 2230 3444 γάρ
2267 3364 2702 3437 Σαϐελλίζοντας
2733 3369 2836 3423 ἀπὸ
2865 3375 2966 3438 τῆς
2995 3369 3115 3444 περὶ
3172 3367 3302 3423 Υἱοῦ
3358 3367 3564 3431 ἐννοίας
3622 3365 3774 3442 ἐλεγ-

2130 3458 2307 3523 κτέον,
2338 3455 2465 3521 τοὺς
2495 3454 2551 3512 δὲ
2584 3456 2894 3532 Ἀρειανοὺς
2924 3457 3029 3512 ἀπὸ
3059 3464 3160 3526 τῆς
3190 3458 3311 3530 περὶ
3351 3455 3582 3532 Πατρός.

373 3541 473 3597 sed
507 3557 576 3596 ex
606 3556 722 3596 uno
752 3546 840 3596 est
858 3541 1058 3598 Filius.
1097 3541 1168 3598 Ut
1202 3559 1338 3613 ergo
1358 3560 1471 3599 non
1505 3550 1642 3600 sunt
1672 3546 1787 3600 duo
1819 3550 2037 3614 Patres,
2074 3549 2172 3603 sed
2209 3564 2397 3602 unus:
2445 3548 2525 3602 ita
2582 3564 2696 3602 non
2755 3547 2870 3602 duo
2918 3547 3205 3620 principia
3235 3551 3396 3613 sunt,
3432 3547 3533 3602 sed
3565 3561 3774 3614 unum,

369 3633 427 3684 et
457 3645 526 3683 ex
556 3645 670 3684 uno
703 3630 1032 3686 essentialis
1060 3631 1286 3686 exsistit
1318 3631 1520 3688 Filius.
1572 3633 1799 3690 Rursus
1846 3651 1980 3690 vero
2028 3636 2272 3692 Arianos
2321 3637 2771 3708 interrogemus.
2812 3635 2957 3690 Nam
3007 3637 3158 3708 quod
3204 3637 3276 3692 ad
3321 3633 3559 3691 Sabellii
3590 3638 3776 3690 secta-

364 3721 522 3773 tores
553 3717 778 3785 attinet,
811 3717 894 3773 illi
925 3736 990 3775 ex
1023 3720 1150 3775 Filii
1183 3721 1388 3777 notitia
1421 3722 1721 3778 refellendi
1753 3729 1893 3780 sunt
1925 3741 1936 3778 :
1962 3725 2158 3780 Ariani
2189 3742 2343 3794 vero,
2371 3741 2439 3780 ex
2482 3725 2668 3780 Patris
2699 3725 2954 3780 notione.

442 3807 494 3861 4.
527 3807 622 3862 Sic
652 3807 832 3879 igitur
879 3808 1287 3865 disserendum
1340 3815 1465 3866 est:
1490 3811 1590 3868 Vel
1628 3818 1776 3869 Deus
1809 3819 1896 3868 est
1929 3831 2024 3869 sa-

370 3895 559 3968 piens,
593 3911 699 3952 nec
727 3897 855 3953 siue
878 3897 1066 3954 Verbo
1093 3900 1214 3956 sive
1238 3899 1483 3956 Ratione
1510 3926 1523 3969 ;
1550 3901 1639 3957 vel
1671 3905 2026 3971 contra,sine

371 3983 662 4055 sapientia
692 3989 782 4040 est
809 3991 867 4041 et
895 3986 1082 4041 Verbo
1136 4004 1240 4042 seu
1297 3989 1560 4044 Ratione.
1591 3990 1650 4045 Si
1697 3991 2024 4046 secundum

373 4072 735 4139 admittitur,
767 4074 822 4128 id
858 4091 960 4146 per
981 4091 1042 4130 se
1075 4077 1396 4132 absurdum
1429 4094 1557 4133 esse
1588 4078 1806 4151 liquet:
1833 4079 1882 4135 si
1906 4081 2022 4152 pri-

374 4177 538 4217 mum
564 4164 926 4233 conceditur,
960 4182 1167 4220 rursus
1198 4167 1616 4222 sciscitandum
1641 4173 1748 4235 est,
1767 4185 2023 4240 quonam

376 4251 549 4306 modo
581 4251 658 4306 sit
688 4253 945 4324 sapiens,
983 4271 1086 4310 nec
1119 4255 1245 4310 sine
1275 4255 1463 4310 Verbo
1492 4273 1592 4312 seu
1626 4257 1868 4314 Ratione
1892 4275 1906 4313 :
1929 4274 2024 4313 ex-

371 4339 741 4397 trinsecusne
799 4343 1148 4414 sapientiam
1208 4349 1265 4399 et
1320 4345 1598 4414 Verbum,
1642 4364 1714 4401 an
1774 4363 1907 4403 vero
1958 4365 2026 4403 ex

373 4427 566 4497 seipso
594 4429 801 4485 habeat
823 4431 849 4483 ?
878 4431 934 4484 Si
959 4433 1320 4489 extrinsecus
1352 4435 1527 4490 habet
1559 4453 1570 4490 :
1607 4435 1822 4507 aliquis
1849 4436 2025 4508 igitur

376 4516 540 4588 prius
573 4516 656 4571 illi
689 4519 866 4584 dedit,
909 4521 1174 4592 ipseque,
1209 4528 1526 4595 antequam
1559 4525 1866 4596 acciperet,
1897 4528 2024 4582 sine

375 4605 666 4677 sapientia
696 4612 752 4662 et
802 4607 992 4664 Verbo
1035 4609 1156 4666 sive
1203 4611 1446 4669 Ratione
1501 4617 1643 4669 erat.
1679 4614 1839 4678 Quod
1874 4615 1922 4670 si
1954 4632 2022 4670 ex

375 4695 569 4766 scipso
601 4694 778 4751 habet
806 4696 1083 4764 Verbum,
1117 4698 1313 4770 palam
1364 4702 1543 4773 igitur
1589 4707 1678 4757 est
1730 4702 1924 4774 ipsum
1955 4721 2022 4759 ex

374 4783 559 4840 nihilo
591 4802 706 4841 non
739 4802 888 4856 esse,
924 4804 1111 4860 neque
1160 4789 1342 4846 fuisse
1386 4789 1698 4861 aliquando
1738 4808 1871 4847 cum
1906 4809 2020 4848 non

371 4878 546 4930 esset.
579 4875 880 4947 Siquidem
916 4893 1149 4949 semper
1172 4878 1538 4951 fuit,quippe
1559 4895 1692 4934 cum
1717 4879 1834 4948 ille,
1853 4882 2022 4951 cujus

371 4962 564 5035 imago
583 4971 694 5031 est,
711 4982 945 5040 semper
960 4967 1222 5023 exsistat.
1247 4970 1320 5024 At
1341 4968 1390 5024 si
1416 4969 1824 5040 responderint
1843 4975 2022 5026 Deum

371 5052 696 5123 sapientem
722 5056 957 5126 quidem
977 5073 1105 5112 esse
1129 5073 1232 5112 nec
1249 5057 1375 5113 sine
1406 5058 1591 5114 Verbo
1612 5059 1732 5115 sive
1760 5059 2023 5128 Ratione,

448 5285 682 5364 (19)__Sic
703 5287 799 5342 hic
829 5293 904 5364 et_
943 5307 1094 5364 mox,
1126 5294 1390 5348 Graecum
1441 5292 1651 5360 secuti,
1703 5294 2025 5364 reddimus,

377 5375 493 5414 non
525 5359 696 5425 alius,
729 5361 1012 5439 ut__splent
1035 5363 1194 5439 loqui
1219 5364 1279 5420 in
1319 5363 1536 5421 scholis
1556 5359 1854 5439 Theologi.
1879 5359 2026 5423 Vide

376 5446 575 5502 supra,
608 5447 740 5504 pag.
769 5433 894 5500 438,
929 5450 1091 5488 num.
1114 5433 1168 5489 λ.

451 5504 560 5578 (_20)
593 5503 810 5578 Regius
841 5509 899 5559 et
941 5505 1201 5578 segnem,
1235 5505 1534 5578 ὠνόμακεν.

447 5575 556 5650 (2i)
592 5575 1101 5650 Regius,_Goble'r._
1121 5584 1176 5632 et
1211 5575 1403 5633 Felck.
1439 5578 1746 5650 1,γὺ1τὲστη.
1781 5580 2017 5650 Seguer.

380 5643 653 5726 BasiILRet
677 5643 978 5726 :Anglic,
1014 5647 1230 5726 ὑφέστη.
1270 5650 1445 5726 Editi,
1475 5643 1776 5726 ;6:pé_011‘,xe.
1828 5643 2018 5726 Paulo

377 5722 510 5787 post
559 5717 1002 5790 Regiuszasil.
1043 5717 1102 5777 et
1139 5717 1386 5791 Anglic.,
1422 5717 1499 5794 μὴ
1543 5717 1713 5775 ἀὐτοῦ
1760 5723 1856 5775 τοῦ
1904 5726 2016 5776 Πα-

2208 3815 2260 3868 4.
2293 3811 2520 3868 Λεκτέον
2582 3810 2696 3868 οὖν’
2747 3813 2809 3870 Ὁ
2865 3813 2993 3877 Θεὸς
3049 3813 3212 3891 σοφὸς
3266 3813 3354 3868 καὶ
3415 3814 3518 3868 οὐκ
3574 3810 3778 3887 ἄλογός

2135 3901 2296 3968 ἐστιν,
2319 3901 2353 3971 ἢ
2385 3902 2696 3956 τούναντίον
2731 3901 2931 3979 ἅσοφος
2968 3901 3056 3956 καὶ
3092 3900 3315 3976 ἄλογος.
3349 3901 3412 3956 Εἰ
3466 3902 3559 3975 μὲν
3594 3899 3686 3956 οὖν
3715 3901 3779 3956 τὸ

2137 3988 2406 4066 δεύτερον,
2436 3991 2660 4045 αὐτόθεν
2695 3986 2811 4065 ἔχει
2839 3992 2938 4060 την
2972 3992 3218 4046 ἁτοπίαν’
3249 3991 3296 4045 εἴ
3344 3988 3401 4046 δὲ
3439 3993 3502 4046 τὸ
3535 3995 3778 4066 πρῶτον,

2136 4077 2464 4153 έρωτητέον,
2495 4084 2612 4144 πῶς
2642 4080 2751 4136 ἐστι
2798 4082 2981 4158 σοφὸς,
3017 4083 3103 4137 καὶ
3156 4083 3258 4137 οὐκ
3306 4079 3523 4158 ἄλογοςο
3552 4081 3778 4157 πότερον

2120 4165 2324 4238 ’ἔξωθεν
2358 4169 2612 4245 ἐσχηκὼς
2642 4170 2730 4224 τὸν
2767 4172 2936 4246 Λόγον
2968 4173 3055 4226 καὶ
3096 4173 3194 4240 τήν
3230 4171 3444 4249 σοφίαν,
3475 4171 3510 4240 ἢ
3561 4171 3612 4242 ἒξ
3661 4171 3781 4225 ἑαυ-

2132 4262 2264 4326 τοῦς
2299 4257 2359 4314 Εἰ
2396 4261 2489 4330 μὲν
2523 4257 2612 4312 οὖν
2643 4256 2856 4331 ἔξωθεν,
2893 4255 3037 4314 ἔσται
3084 4281 3167 4324 τις
3205 4262 3233 4314 6
3263 4257 3628 4335 προδεδωκὼς
3669 4262 3784 4333 (24)

2135 4348 2302 4419 αὐτῷ,
2339 4347 2426 4402 καὶ
2478 4347 2605 4423 πρὶν
2666 4343 2854 4403 λαϐεῖν
2913 4349 3113 4428 ἄσοφος
3169 4349 3259 4404 καὶ
3308 4347 3527 4424 ἄλογος·
3562 4349 3608 4405 εἰ
3640 4347 3697 4404 δὲ
3729 4350 3780 4422 ἐξ

2134 4437 2326 4504 αὐτοῦ,
2395 4433 2564 4505 δῆλον
2627 4435 2710 4492 ὅτι
2769 4440 2881 4510 (25)
2939 4439 3046 4494 οὐκ
3102 4435 3295 4510 ὄντων,
3355 4435 3472 4494 οὐδ’
3520 4439 3588 4508 ἦν
3649 4460 3783 4495 ποτε

2135 4523 2222 4579 ὅτε
2277 4527 2380 4580 οὐκ
2423 4527 2511 4594 ἦν·
2541 4526 2622 4580 ἀεὶ
2681 4528 2783 4602 γὰρ
2816 4527 2904 4596 ἦν·
2939 4529 3051 4582 ἐπεὶ
3095 4530 3179 4584 καὶ
3215 4528 3277 4582 οὗ
3311 4529 3450 4584 εστιν
3485 4528 3666 4597 εἰκὼν,
3695 4527 3778 4583 ἀεὶ

2137 4612 2389 4689 ὑπάρχει.
2427 4616 2546 4670 Ἐὰν
2601 4613 2658 4671 δὲ
2714 4613 2968 4691 λέγωσιν,
3001 4615 3084 4672 ὅτι
3139 4619 3304 4696 σοφὸς
3364 4618 3457 4690 μὲν
3513 4615 3624 4673 ἔστι
3685 4619 3776 4672 καὶ

2131 4704 2232 4757 οὐκ
2263 4701 2481 4778 ἄλογος,
2513 4701 2649 4759 ἷδίαν
2694 4702 2751 4759 δὲ
2799 4701 2916 4780 ἔχει
2959 4705 3010 4762 ἓν
3063 4706 3238 4778 ἑαυτῷ
3276 4704 3465 4784 σοφίαν
3508 4706 3598 4762 καὶ
3633 4703 3776 4762 ἴδιον

2133 4791 2328 4867 Λόγον,
2361 4794 2424 4848 οὐ
2457 4793 2547 4848 τὸν
2578 4796 2810 4870 Χριστὸν
2844 4791 2920 4852 δὲ.
2955 4793 3080 4850 ἀλλ’
3113 4796 3163 4850 ὲν
3202 4800 3246 4868 ᾦ
3275 4796 3361 4850 καὶ
3422 4797 3515 4850 τὸν
3546 4795 3776 4871 Χριστὸν

2133 4881 2373 4950 εποίησε·
2409 4881 2646 4951 λεκτέον,
2673 4885 2776 4952 δτι,
2811 4883 2854 4938 εἰ
2889 4885 2917 4939 6
2947 4885 3180 4960 Χριστὸς
3208 4885 3259 4940 έν
3293 4884 3482 4957 ἐκείνῳ
3506 4889 3586 4957 τῷ
3617 4885 3781 4960 Λόγῳ

2131 4971 2338 5046 γέγονε,
2379 4970 2547 5042 δῆλον
2599 4973 2682 5028 ὅτι
2728 4974 2814 5028 καὶ
2865 4973 2932 5028 τὰ
2978 4975 3168 5028 πάντων
3210 4975 3297 5028 καὶ
3349 4975 3513 5038 αὐτὸς
3559 4973 3620 5029 ἂν
3671 4972 3782 5044 εἴη,

2135 5062 2257 5137 περὶ
2323 5061 2385 5116 οὗ
2457 5059 2603 5138 λέγει
2655 5064 2931 5134 Ἰωάννης,
2984 5065 3165 5119 Πάντα
3216 5061 3286 5118 δι’
3337 5065 3504 5119 αὐτοῦ
3552 5064 3782 5138 ἐγένετο·

2137 5295 2282 5370 τρός.
2318 5302 2376 5353 In
2411 5297 2542 5354 aliis
2569 5303 2626 5354 et
2650 5298 2904 5355 editione
2934 5299 3417 5365 Commeliniana,
3451 5303 3547 5354 τοῦ
3599 5301 3792 5359 deest-

2207 5371 2320 5440 (22)
2345 5370 2562 5442 Regius
2594 5371 2821 5442 primus
2851 5377 2908 5428 et
2936 5372 3302 5446 Seguerian,,
3332 5373 3395 5426 τὸ
3447 5371 3576 5428 αὐτὸ
3622 5373 3788 5429 αὐτο-

2134 5440 2329 5494 αίτιον.
2437 5440 2455 5442 “
2596 5440 2611 5442 _
3015 5440 3040 5446 “

2348 5511 2704 5588 Rasiliensis,
2738 5514 3040 5588 γεγένηται.

2349 5583 2584 5657 Regius,
2619 5581 3034 5657 προσδεδωκῴς.

2199 5656 2310 5727 (25)
2342 5656 2552 5727 Regius
2585 5663 2641 5714 et
2663 5655 2935 5731 'Seguer.,
2971 5655 3255 5728 δηλονότι.
