4076 6370
260 463 377 524 473

1397 457 1688 522 ORATIO
1735 456 1816 520 ιν
1857 456 2168 520 CONTRA
2213 461 2578 526 ARIANOS.

3566 461 3688 520 474

265 591 350 648 καὶ
382 593 410 646 6
442 588 762 664 Ψαλμῳδὸς
815 586 892 658 δὲ,
924 589 1102 644 Πάντα
1300 589 1351 644 ἒν
1413 587 1574 666 σοφίᾳ
1618 585 1911 658 ἒποίησας.

2029 590 2128 646 sed
2162 592 2456 664 propriam
2505 594 2564 650 in
2614 595 2809 668 seipso
2861 595 3078 652 habere
3126 593 3501 667 sapientiam,
3546 608 3679 664 pr0_

270 671 661 757 Εὑρεθήσεται⁸
690 678 747 735 δὲ
795 679 823 733 6
869 681 1099 754 Χριστὸς
1149 678 1502 752 ψευδόμενος,
1537 678 1676 754 Ἐγὼ
1729 675 1780 731 ἐν
1836 681 1918 749 τῷ

267 769 455 846 Ηατρῐ,
484 767 634 831 ὄντος
693 771 876 841 ἑτέρου
927 768 979 823 έν
1010 773 1088 840 τῷ
1134 766 1325 842 Πατρί.
1359 768 1482 838 Καὶ,
1514 769 1571 821 Ὁ
1623 767 1800 842 Λόγος
1861 763 1918 820 δὲ

266 860 394 937 σὰρξ
446 857 675 935 ἐγένετο,
709 858 808 913 οὐκ
858 855 1064 929 ἀληθὲς
1107 859 1224 912 κατ’
1253 855 1468 919 αὐτούς·
1505 855 1550 910 εί
1595 856 1718 932 γὰρ,
1772 856 1824 910 ἐν
1871 856 1916 927 ᾦ

265 952 329 1005 τὰ
377 948 550 1005 πάντα
599 948 834 1024 ἐγένετο,
869 947 1028 1011 αὐτὸς
1078 947 1283 1022 ἐγένετο
1331 946 1480 1023 σὰρξ,
1514 948 1543 1001 6
1578 944 1635 1000 δὲ
1685 946 1915 1022 Χριστὸς

267 1040 366 1096 οὐκ
411 1037 553 1095 ἔστιν
598 1039 650 1095 ἐν
698 1043 779 1110 τῷ
828 1039 995 1112 Πατρὶ
1045 1038 1244 1114 Λόγος,
1277 1035 1346 1092 δι’
1377 1037 1440 1092 οὗ
1486 1037 1553 1091 τὰ
1588 1037 1762 1091 πάντα
1800 1034 1917 1110 ἐγέ-

267 1149 406 1186 νετο·
443 1126 548 1206 ἄρα
597 1131 625 1183 6
680 1129 914 1202 Χριστὸς
949 1130 1060 1202 (27)
1095 1127 1155 1182 οὐ
1202 1127 1389 1203 γέγονε
1427 1125 1576 1200 σὰρξ,
1625 1123 1753 1180 ἀλλ’
1784 1121 1915 1186 ἴσως

269 1219 564 1292 ὠνομάσθη
613 1217 800 1294 ’Λόγος
858 1219 885 1272 6
939 1217 1190 1290 Χριστός.
1224 1216 1322 1271 Καὶ
1371 1214 1423 1270 εἴ
1466 1219 1649 1284 τοῦτο,
1699 1218 1915 1288 πρῶτον

274 1310 368 1383 μὲν
401 1306 574 1370 ἄλλος
607 1305 666 1362 ἂν
695 1304 778 1377 εἷή
814 1307 961 1383 παρὰ
987 1308 1050 1362 τὸ
1081 1302 1274 1378 ὄνομα·
1309 1301 1494 1360 ἔπειτα
1541 1305 1604 1359 οὐ
1652 1301 1720 1359 δι’
1753 1301 1916 1358 αὐτοῦ

271 1398 484 1473 ἐγένετο
529 1397 595 1452 τὰ
641 1396 831 1464 πάντα,
879 1393 1006 1452 ἀλλ’
1038 1394 1091 1450 ἐν
1140 1394 1352 1468 ἐκείνῳ,
1385 1394 1436 1449 ἐν
1579 1393 1669 1448 καὶ
1719 1394 1746 1447 6
1793 1394 1920 1467 Χρι-

273 1488 418 1550 στός.
456 1486 522 1542 Εἰ
564 1483 620 1540 δὲ
651 1487 900 1564 φήσαιεν,
933 1485 1007 1546 ὡς
1048 1482 1317 1554 ποιότητα
1346 1483 1478 1537 εἶναι
1511 1481 1562 1537 έν
1609 1486 1690 1554 τῷ
1746 1481 1916 1554 Πατρὶ

267 1577 370 1644 τὴν
431 1573 639 1653 σοφίαν,
673 1573 709 1644 ἢ
758 1572 1084 1649 αὐτοσοφίαν
1148 1573 1298 1627 εἶναι·
1333 1570 1694 1642 ἀκολουθήσει
1749 1571 1816 1624 τὰ
1863 1569 1914 1624 ἐν

266 1670 386 1728 τοῖς
419 1662 721 1740 ἔμπροσθεν
750 1661 923 1718 ἄτοπα
955 1661 1233 1738 εἷ’ρημένα.
1267 1662 1454 1722 Ἔσται
1483 1662 1585 1736 γὰρ
1639 1659 1915 1729 σύνθετος,

267 1755 357 1809 καὶ
419 1752 579 1815 αὐτὸς
636 1754 829 1808 ἑαυτοῦ
876 1750 1001 1815 Υἱὸς
1057 1751 1146 1806 καὶ
1206 1751 1392 1826 Πατὴρ
1448 1751 1732 1826 γινόμενος

267 1843 424 1913 Πλὴν
454 1840 737 1916 ἐλεγκτέον
768 1841 857 1899 καὶ
891 1839 1240 1911 δυσωπητέον
1283 1838 1503 1908 αὐτοὺς,
1533 1836 1614 1894 ὅτι
1660 1841 1689 1894 6
1735 1838 1788 1894 ἐν
1836 1844 1918 1911 τῷ

2027 681 2342 754 priumque
2392 683 2671 752 Verbum,
2704 702 2817 740 non
2879 690 3077 741 autem
3125 683 3441 750 Christum,
3475 683 3573 739 sed
3624 682 3683 738 in

2027 769 2354 842 quoipsum
2378 773 2554 828 etiam
2578 773 2872 828 Christum
2902 772 3102 829 fecerit
3132 789 3144 828 :
3173 772 3486 828 dicendum
3508 772 3682 843 quod,

2027 860 2076 914 si
2106 859 2372 916 Christus
2401 859 2461 915 in
2495 860 2594 916 illo
2625 861 2804 917 Verbo
2838 862 3027 917 factus
3060 861 3158 928 sit,
3185 860 3312 917 sine
3343 860 3522 916 dubio
3555 877 3680 916 om-

2028 947 2126 1003 nia
2165 965 2395 1020 quoque
2426 949 2484 1005 in
2538 951 2740 1006 eodem
2776 951 2928 1006 facta
2977 955 3138 1020 sunt,
3173 950 3490 1022 ipsumque
3538 949 3680 1006 illud

2027 1041 2118 1092 est
2146 1037 2402 1094 Verbum
2436 1040 2506 1094 de
2536 1057 2650 1112 quo
2681 1044 2938 1096 Joannes
2962 1039 3139 1096 dicit:
3163 1038 3360 1095 Omnia
3377 1056 3481 1111 per
3503 1039 3686 1111 ipsum

2023 1127 2175 1197 [acta
2214 1136 2342 1182 sunt
2360 1128 2405 1162 3‘
2433 1152 2446 1195 ;
2478 1134 2534 1183 et
2579 1128 2916 1196 Psalmista,
2968 1129 3163 1185 Omnia
3192 1130 3254 1184 in
3299 1129 3579 1200 sapientia
3610 1130 3686 1199 fe-

2025 1216 2149 1271 cisti
2174 1215 2238 1271 δδ.
2273 1219 2422 1283 Quin
2453 1223 2510 1273 et
2560 1217 2684 1289 ipse
2715 1217 2983 1273 Christus
3029 1217 3314 1274 mentitus
3359 1233 3488 1273 esse
3517 1233 3682 1289 repe-

2027 1304 2212 1360 rietur
2242 1321 2373 1359 cum
2408 1305 2509 1378 ait,
2557 1307 2664 1378 Ego
2695 1309 2755 1363 in
2804 1309 2989 1372 Patre,
3021 1306 3498 1379 quandoquidem
3532 1305 3681 1362 alius

2027 1400 2113 1450 est
2142 1395 2201 1449 in
2235 1395 2422 1452 Patre.
2454 1396 2686 1453 Falsum
2721 1399 2859 1454 item
2892 1415 2960 1454 ex
2992 1396 3226 1452 illorum
3260 1397 3554 1454 sententia
3574 1398 3686 1453 erit

2027 1484 2183 1555 quod
2213 1485 2442 1549 dicitur,
2503 1487 2733 1542 Verbum
2779 1503 2913 1543 caro
2942 1487 3155 1561 factum
3202 1496 3280 1544 est
3304 1487 3370 1541 ³⁸.
3419 1487 3685 1558 Namque

2027 1571 2075 1628 si
2132 1572 2277 1628 illud
2341 1575 2596 1631 Verbum
2651 1593 2786 1633 caro
2846 1577 3064 1632 factum
3115 1576 3268 1633 492
3320 1579 3411 1632 est
3460 1577 3519 1632 in
3570 1591 3685 1648 quo

2026 1662 2226 1718 omnia
2264 1663 2415 1719 facta
2467 1670 2630 1733 sunt,
2662 1682 2769 1722 nec
2797 1665 3063 1722 Christus
3113 1669 3202 1721 est
3233 1665 3290 1721 in
3342 1665 3509 1721 Patre
3535 1664 3684 1721 Ver-

2024 1751 2167 1807 bum
2200 1768 2304 1824 per
2351 1755 2505 1826 quod
2541 1755 2741 1810 omnia
2788 1756 2936 1811 facta
2971 1759 3112 1811 sunt
3141 1771 3156 1810 :
3189 1755 3371 1827 igitur
3419 1753 3685 1811 Christus

2026 1856 2142 1896 non
2179 1841 2368 1897 factus
2391 1847 2481 1898 est
2510 1859 2666 1915 caro,
2690 1845 2789 1899 sed
2825 1844 2970 1900 forte
2999 1844 3266 1900 Christus
3296 1844 3554 1899 Verbum
3579 1861 3682 1916 ap-

266 1937 382 2004 Θεῷ
413 1934 613 2008 Λόγος,
647 1931 747 1986 οὐκ
793 1931 851 1986 ἃν
903 1930 986 2000 εἷή
1019 1928 1240 2002 κτίσμα,
1269 1926 1398 1983 οὐδὲ
1446 1928 1505 1984 ἔκ
1550 1932 1647 1984 τοῦ
1698 1929 1773 2001 μὴ
1825 1923 1914 1982 όν-

2028 1929 2275 2032 pellatus
2325 1935 2434 1987 est.
2484 1933 2644 1996 Quod
2697 1933 2935 2005 quidem
2986 1934 3034 1989 si
3077 1949 3281 1989 verum
3312 1936 3421 2004 est,
3469 1932 3682 2006 primo,

261 2043 377 2083 τος·
412 2017 568 2084 ὄντος
629 2018 686 2075 δὲ
743 2020 879 2090 ἅπαξ
937 2018 987 2074 ἐν
1047 2023 1164 2091 Θεῷ
1223 2017 1424 2093 Λόγου,
1458 2015 1619 2079 αὐτὸς
1674 2016 1734 2071 ἂν
1770 2015 1852 2088 εἴη
1889 2016 1917 2072 6

266 2110 498 2186 Χριστὸς
530 2111 559 2164 6
603 2108 806 2185 λέγων,
839 2109 979 2184 Ἐγὼ
1038 2108 1089 2162 ἐν
1145 2111 1223 2179 τῷ
1281 2106 1473 2182 Πατρὶ,
1506 2105 1595 2160 καὶ
1651 2107 1678 2161 6
1732 2107 1918 2182 Πατὴρ

269 2199 322 2254 ἐν
356 2198 505 2273 ἐμοὶ,
537 2201 566 2254 6
597 2197 686 2254 διὰ
729 2203 892 2254 τοῦτο
943 2198 1033 2252 καὶ
1091 2197 1392 2272 μονογενὴς
1441 2192 1538 2264 ὢν,
1571 2193 1757 2264 ἐπειδὴ
1819 2196 1922 2250 οὐκ

271 2285 445 2352 ἄλλος
466 2309 550 2352 τις
583 2287 636 2359 ἐξ
666 2287 833 2344 αὐτοῦ
863 2287 1146 2365 ἐγεννήθη.
1179 2289 1275 2350 Εἷς
1333 2286 1492 2347 οὗτος
1537 2285 1661 2348 Υἱὸς
1694 2287 1828 2359 (29),
1862 2286 1920 2346 ὅς

271 2375 381 2432 ἐστι
413 2379 612 2455 Λόγος,
647 2378 832 2455 σοφία,
865 2374 1113 2450 δύναμις·
1149 2375 1211 2430 οὐ
1240 2376 1341 2452 γὰρ
1393 2374 1639 2436 σύνθετος
1690 2374 1748 2429 ὶκ
1792 2374 1919 2429 τού-

271 2487 379 2521 των
433 2468 460 2520 6
509 2467 660 2536 Θεὸς,
695 2465 840 2522 ἀλλὰ
893 2465 1233 2541 γεννητικός.
1264 2467 1467 2540 Ὥσπερ
1522 2463 1622 2540 γὰρ
1679 2463 1746 2518 τὰ
1800 2463 1918 2519 κτί-

273 2575 454 2628 σματα
484 2557 646 2631 Λόγῳ
677 2553 1019 2630 δημιουργιῖ,
1051 2553 1194 2610 οὕτω
1231 2554 1368 2610 κατὰ
1414 2552 1570 2631 φύσιν
1623 2559 1724 2623 τῆς
1781 2551 1920 2615 ἰδίας

271 2643 461 2706 οὐσίας
491 2640 608 2719 ἔχει
635 2646 875 2721 γέννημα
897 2645 988 2700 τὸν
1023 2645 1224 2720 Λόγον,
1255 2641 1327 2698 δι’
1359 2644 1420 2698 οὗ
1449 2642 1540 2698 καὶ
1571 2640 1918 2718 δημιουργεῖ,

267 2732 359 2787 καὶ
419 2733 610 2804 κτίζει,
641 2733 731 2788 καὶ
790 2733 1073 2806 οἰκονομεῖ
1128 2733 1194 2788 τὰ
1245 2731 1439 2788 πάντα.
1471 2736 1560 2803 Τῷ
1604 2731 1706 2808 γὰρ
1758 2730 1919 2805 Δόγῳ

265 2821 358 2876 καὶ
389 2826 458 2897 τῇ
491 2821 656 2898 σοφίᾳ
683 2822 750 2878 τὰ
779 2822 954 2878 πάντα
978 2823 1190 2899 γέγονε,
1222 2821 1407 2895 miri}
1457 2817 1691 2890 διατάξει
1747 2821 1917 2875 αὐτοῦ

265 2907 511 2984 διαμένει
541 2912 608 2967 τὰ
639 2911 942 2985 σύμπαντα.
975 2913 1046 2966 Τὸ
1083 2912 1216 2967 αὐτὸ
1265 2908 1323 2965 δὲ
1377 2911 1467 2965 καὶ
1507 2909 1630 2985 περὶ
1688 2909 1838 2964 Υἱοῢο
1872 2909 1916 2964 εἰ

261 2998 480 3076 ἄγονος,
512 3002 601 3055 καί
648 3000 1000 3075 ἀνενέργητος
1040 3002 1068 3055 6
1122 2998 1274 3062 Θεός⁶
1307 3000 1549 3076 γέννημα
1594 2997 1696 3074 γὰρ
1750 2999 1917 3053 αὐτοῦ

262 3090 292 3144 6
325 3090 451 3151 Υἱὸς
484 3092 588 3163 (30)
623 3087 692 3144 δι’
726 3091 786 3144 οὗ
819 3087 1114 3164 ἐργάζεται.
1149 3088 1214 3145 Εἰ
1247 3087 1303 3143 δὲ
1341 3088 1438 3161 μή,
1471 3088 1524 3142 αἱ
1576 3085 1734 3142 αὐταὶ
1788 3085 1917 3161 ἐρω-

258 3181 452 3248 τήσεις
491 3178 676 3234 καὶτὰ
705 3179 845 3235 αὐτὰ
883 3177 1060 3234 ἄτοπα
1107 3183 1225 3240 τοῖς
1273 3178 1724 3252 ἀναισχυντοῦσιν
1784 3175 1912 3231 ἀκο-

265 3266 549 3338 λουθήσει.

2031 2018 2184 2075 alius
2216 2021 2327 2075 erit
2357 2037 2530 2093 quam
2566 2022 2664 2095 qui
2718 2023 2954 2079 nomine
3001 2022 3372 2095 significatur
3403 2039 3416 2078 :
3449 2022 3681 2091 deinde,

2029 2125 2144 2164 non
2179 2125 2281 2181 per
2309 2126 2443 2166 eum
2477 2111 2677 2166 omnia
2709 2112 2861 2167 facta
2883 2115 3076 2178 erunt,
3107 2112 3207 2167 sed
3241 2112 3300 2166 in
3330 2110 3453 2178 illo,
3477 2111 3534 2166 in
3567 2126 3683 2183 quo

2029 2197 2295 2253 Christus
2326 2215 2558 2272 quoque
2590 2201 2714 2272 ipse
2745 2201 2932 2257 factus
2962 2206 3071 2257 est.
3106 2199 3164 2257 Si
3197 2205 3395 2256 autem
3429 2199 3682 2256 dixerint

2030 2287 2385 2359 sapientiam
2419 2289 2476 2343 in
2509 2293 2680 2346 Patre
2710 2290 2896 2347 instar
2927 2290 3229 2362 qualitatis
3261 2306 3406 2359 esse,
3428 2289 3513 2346 vel
3545 2305 3679 2345 sum

2029 2376 2380 2449 sapientiam
2420 2377 2610 2449 ipsam
2665 2395 2833 2448 esse;
2887 2395 3013 2452 quae
3067 2395 3248 2452 supra
3279 2378 3682 2435 recensuimus

2028 2465 2304 2534 absurda,
2359 2467 2686 2524 necessario
2737 2472 3188 2541 consequentur,
3229 2467 3497 2524 videlicet
3542 2484 3680 2526 eum

2030 2555 2421 2627 compositum
2455 2571 2603 2627 esse,
2628 2556 2837 2630 suique
2867 2557 3056 2630 ipsius
3087 2574 3215 2614 esse
3245 2558 3478 2614 Patrem
3510 2561 3567 2612 et
3590 2556 3677 2612 Fi-

2028 2643 2196 2699 lium.
2246 2644 2461 2700 Verum
2516 2647 2870 2718 coarguendi
2922 2647 3006 2702 illi
3056 2650 3192 2703 sunt
3231 2651 3288 2702 et
3319 2645 3678 2702 confutaudi.

2028 2732 2331 2805 Siquidem
2363 2734 2643 2805 Verbum,
2677 2737 2831 2808 quod
2877 2736 2934 2792 in
2968 2737 3084 2792 Deo
3116 2741 3223 2799 est,
3257 2752 3364 2792 nec
3395 2740 3679 2806 creatum,

2029 2837 2134 2877 nec
2163 2839 2233 2878 ex
2262 2822 2445 2878 nihilo
2493 2829 2683 2896 potest
2713 2841 2859 2881 esse.
2893 2825 2949 2880 Si
3000 2825 3140 2881 item
3169 2825 3422 2881 Verbum
3472 2825 3531 2880 in
3563 2825 3679 2882 Deo

2028 2915 2154 2980 est;
2185 2912 2311 2984 ipse
2343 2916 2495 2968 certe
2526 2912 2793 2970 Christus
2844 2915 3036 2981 fuerit,
3070 2915 3171 2986 qui
3214 2915 3314 2980 ait,
3349 2917 3455 2983 Ego
3483 2916 3544 2970 in
3572 2917 3679 2970 Pa-

2029 3003 2128 3071 tre,
2161 3005 2214 3056 et
2240 3003 2408 3056 Pater
2438 3002 2501 3056 in
2547 3017 2637 3057 me
2664 3011 2742 3058 est
2762 3005 2845 3071 37;
2898 3003 2996 3075 qui
3026 3003 3181 3058 idem
3227 3003 3442 3059 idcirco
3474 3002 3682 3075 unige-

2031 3089 2193 3145 nitus
2223 3090 2492 3162 est,quia
2521 3090 2726 3148 nullus
2748 3090 2899 3147 alius
2931 3108 2999 3146 ex
3027 3108 3093 3148 eo
3123 3091 3199 3148 sit
3230 3093 3489 3164 genitus.
3517 3091 3682 3148 Unus

2027 3177 2124 3234 hic
2155 3183 2243 3234 est
2282 3178 2484 3245 Filius,
2518 3179 2618 3250 qui
2666 3185 2723 3236 et
2769 3181 3047 3250 Verbum,
3081 3181 3364 3254 sapientia
3414 3185 3472 3236 et
3497 3180 3683 3237 virtus

2031 3266 2152 3323 sive
2184 3269 2445 3339 potentia
2478 3272 2586 3323 est.
2623 3269 2741 3326 Nec
2770 3270 2927 3344 enim
2979 3287 3047 3326 ex
3075 3269 3169 3326 his
3199 3273 3288 3326 est
3317 3269 3683 3344 compositus

263 3363 440 3429 Deus,
475 3359 574 3415 sed
603 3360 814 3416 horum
847 3363 936 3415 est
965 3359 1213 3432 genitor.
1255 3358 1520 3429 Namque
1570 3356 2072 3428 quemadmodum
2128 3373 2222 3413 res
2251 3361 2477 3414 creatas
2517 3357 2706 3414 Verbo
2754 3342 3047 3430 producit,
3080 3359 3161 3414 ita
3190 3342 3514 3416 secundum
3547 3375 3684 3430 pro-

263 3447 407 3520 prias
439 3450 707 3505 essentia:
739 3453 1012 3506 naturam
1062 3449 1318 3504 Verbum
1351 3447 1558 3520 gignit,
1591 3463 1694 3520 per
1740 3447 1898 3518 quod
1946 3446 2147 3503 omnia
2193 3446 2392 3513 efﬁcit,
2425 3451 2581 3503 creat
2610 3452 2667 3503 et
2714 3449 3109 3505 administrat.
3142 3449 3441 3521 Siquidem
3486 3448 3688 3504 omnia

267 3535 466 3594 Verbo
497 3543 555 3594 et
585 3539 875 3610 sapientia
907 3539 1059 3595 facta
1088 3542 1249 3605 sunt,
1282 3537 1529 3608 ejusque
1558 3535 1806 3608 imperio
1839 3535 2112 3592 universa
2142 3541 2516 3608 perseverant
2541 3537 2607 3591 ³³.
2640 3537 2798 3592 Idem
2829 3541 3021 3593 autem
3057 3539 3128 3593 de
3159 3537 3300 3594 Filio
3331 3538 3642 3594 dicendum
3671 3555 3684 3594 :

268 3623 556 3679 nimirum
588 3625 639 3680 si
671 3624 818 3680 nihil
847 3625 1037 3698 gignit
1069 3629 1239 3692 Deus,
1273 3622 1420 3678 nihil
1449 3623 1591 3678 item
1624 3622 1748 3695 agit
1778 3620 1896 3678 sive
1927 3622 2107 3678 efﬁcit
2140 3638 2152 3676 :
2189 3639 2326 3678 nam
2376 3623 2503 3694 ejus
2533 3623 2686 3679 fetus
2717 3628 2803 3678 est
2835 3623 3012 3679 Filius
3044 3639 3146 3695 per
3177 3640 3351 3695 quem
3398 3624 3540 3697 agit.
3585 3624 3685 3679 Sin

272 3712 472 3766 minus
505 3729 517 3766 :
552 3713 626 3769 ad
657 3713 892 3769 easdem
924 3711 1413 3785 interrogationes
1438 3711 1763 3782 eademque
1795 3711 2052 3767 absurda
2077 3710 2452 3782 impudentes
2481 3711 2539 3766 hi
2575 3711 2840 3767 homines
2872 3712 3258 3770 revolventur.

333 3803 391 3856 5.
422 3802 519 3858 Ἐκ
572 3805 672 3856 τοῦ
727 3801 1171 3876 Δευτερονομίουο
1206 3802 1387 3874 Ὑμεῖς
1439 3797 1496 3855 δὲ
1553 3800 1605 3854 0i
1662 3799 1916 3874 προσκεί-

2101 3801 2158 3857 5.
2187 3801 2267 3856 Ex
2318 3803 2767 3857 Deuteronomio
2803 3818 2815 3856 :
2857 3803 2950 3859 Vos
3000 3813 3214 3872 autem,
3263 3804 3362 3875 qui
3389 3802 3685 3860 adhaeretis

273 3911 427 3962 μενοι
483 3891 664 3965 Κυρίῳ
717 3895 797 3964 τῷ
854 3896 970 3964 Θεῷ
1027 3892 1206 3966 ὑμῶν,
1260 3895 1387 3960 ζῆτε
1444 3891 1552 3963 (31)
1612 3889 1807 3952 πάντες
1864 3888 1918 3943 ἐν

262 3983 332 4052 τῇ
366 3981 632 4055 σήμερον.
666 3982 761 4038 Ἐκ
800 3980 1000 4036 τούτου
1050 3978 1271 4036 δυνατὸν
1323 3977 1520 4035 εἰδέναι
1576 3979 1677 4048 τὴν
1727 3976 1914 4057 διαφο-

264 4070 389 4143 ρὰν,
418 4067 509 4123 καὶ
540 4074 766 4144 γνῶναι,
799 4071 882 4124 ὅτι
913 4070 1013 4125 οὐκ
1042 4065 1152 4124 ἔστι
1182 4068 1382 4141 κτίσμα
1412 4069 1440 4122 6
1471 4067 1594 4130 Υἱὸς
1623 4071 1721 4122 τοῦ
1757 4073 1912 4125 Θεοῦ.

256 4159 320 4214 Ὀ
383 4158 480 4230 μὲν
532 4160 645 4232 (32)
688 4157 788 4233 γὰρ
839 4159 964 4220 Υἱὸς
1015 4157 1180 4234 λέγει,
1213 4158 1355 4232 Ἐγὼ
1411 4155 1501 4212 καὶ
1551 4158 1580 4212 6
1628 4158 1814 4232 Πατὴρ
1861 4153 1917 4212 ἓν

262 4246 468 4320 ἐσμενο
518 4248 630 4318 καὶ,
692 4248 832 4324 Ἐγὼ
884 4247 936 4302 ἐν
1001 4252 1082 4320 τῷ
1142 4247 1334 4323 Πατρῖ,
1384 4246 1475 4301 καὶ
1525 4247 1553 4300 6
1606 4247 1794 4322 Πατὴρ
1859 4245 1912 4302 ἐν

263 4335 412 4409 ἐμοί·
446 4336 515 4392 τὰ
567 4334 625 4392 δὲ
651 4337 873 4414 γενητὰ,
914 4337 992 4392 6'1’
1023 4334 1084 4391 ἂν
1133 4335 1442 4413 προκόπτῃ,
1473 4337 1790 4411 πρόσκειται
1833 4340 1916 4408 τῷ

262 4425 469 4499 Κυρίῳ.
509 4427 571 4484 Ὁ
621 4427 714 4500 μὲν
763 4425 864 4504 γὰρ
908 4427 1108 4500 Λόγος,
1161 4425 1235 4487 ὡς
1285 4422 1450 4495 ἴδιος,
1499 4423 1551 4479 ἐν
1607 4429 1688 4497 τῷ
1746 4423 1915 4500 Πατρί

261 4511 494 4568 ἐστι·τὰ
534 4510 592 4568 δὲ
649 4514 868 4588 γενητὰ,
903 4508 1093 4584 ἔξωθεν
1143 4506 1292 4581 ὄντα,
1335 4510 1674 4586 πρόσκειται,
1725 4511 1798 4573 ὠς
1844 4515 1913 4585 τῇ

267 4591 398 4674 μέν’
421 4601 577 4681 φύσει
634 4600 924 4676 ἀλλότρια,
952 4605 1022 4676 τῇ
1073 4599 1132 4656 δὶ
1181 4599 1491 4679 προαιρέσει
1530 4599 1911 4675 προσκείμενα.

336 4768 387 4805 ⁸⁴
413 4769 582 4826 Joan.
617 4787 657 4839 ι,
691 4770 746 4825 3.
837 4769 885 4806 ³⁸
913 4768 1066 4826 Psal.
1099 4785 1220 4837 cm,
1251 4769 1343 4824 2’s.

263 4842 309 4877 ‘°
336 4841 512 4898 Joan.
542 4859 600 4911 x,
630 4841 720 4897 30.

334 5002 575 5092 βία
603 4999 1318 5092 I‘te‘giglsgrSeguerxl‘Basil.
1350 5003 1408 5056 et
1441 4999 1666 5072 Anglic.
1700 5001 1772 5054 At
1817 4997 1918 5055 alii

261 5080 322 5131 et
343 5065 516 5142 editi,
548 5071 638 5127 καὶ
670 5065 858 5126 Καϐίὸ·
893 5065 1086 5140 πᾶντα,
1120 5077 1229 5128 etc.

335 5145 743 5237 (2:7)v81icR'eg.
777 5144 1015 5216 Seguer.
1054 5143 1228 5200 Basil.
1276 5142 1501 5215 Anglic.
1553 5143 1619 5198 At
1662 5141 1915 5210 Gobler.,

266 5215 703 5292 59:671Xptq'164.

337 5289 456 5360 (28)
486 5281 719 5345 Gobler.
754 5293 808 5344 et
836 5286 1108 5360 Felck.i1,
1141 5281 1459 5360 γενόμενος,

337 5305 432 5360 (κδ
486 5305 719 5345 uomer.
754 5305 808 5344 et
836 5305 1028 5343 velox.
1058 5305 1108 5354 1,
1178 5305 1459 5357 ενομενος.

337 5305 456 5432 (29)
489 5361 999 5432 Regius,_Seguer.‘
1029 5305 1200 5432 Basii.
1229 5363 1287 5414 et
1314 5355 1743 5431 Anglic.,'oiiroc
1771 5349 1916 5417 Υἱός.

262 5433 379 5489 Alii
413 5429 473 5489 et
504 5429 669 5500 editi,
702 5429 860 5492 δδτοξ
887 5431 914 5484 ὁ
947 5429 1093 5491 Υἱός.

337 5506 454 5577 (30,"=
490 5498 724 5577 Gobler.
757 5508 814 5577 et
848 5502 1050 5577 _Felcl_r.
1088 5503 1137 5572 1,
1172 5501 1199 5555 6
1230 5498 1380 5562 Θεός.
1413 5501 1545 5558 Mox
1601 5500 1819 5573 Regius
1863 5502 1922 5555 et

262 5571 509 5649 Seguér.
522 5617 543 5649 ,_
566 5575 726 5630 αὐταὶ
757 5573 812 5628 αἱ
843 5571 1159 5649 ἐρωτήσεις.

364 5643 456 5720 31)
487 5647 581 5705 sic
635 5643 880 5721 Segueri
931 5646 1102 5721 I_3_a_sil.
1162 5643 1636 5721 4n_glic.,_ut__et_
1672 5643 1921 5699 habetur

262 5714 587 5778 Dehtéron.
620 5714 775 5790 iv,71.
807 5723 880 5774 At
908 5717 1010 5776 alii
1036 5723 1094 5774 et
1123 5714 1286 5788 editi;
1307 5716 1491 5790 ipsi.
1516 5714 1740 5772 Ibidem
1770 5731 1918 5772 mss.

263 5808 494 5868 omnes,
537 5787 896 5864 ζῆτιζΕάὶιὶ,
949 5793 1182 5864 ζητεῖτε,
1231 5787 1403 5848 male.
1447 5787 1660 5846 Totnm
1721 5791 1918 5846 autem

1437 4767 1484 4804 ⁸⁸
1509 4767 1679 4824 Joau.
1711 4783 1750 4839 ι,
1787 4768 1876 4824 14.
1965 4765 2010 4802 ⁸⁷
2036 4765 2204 4822 Joan.
2235 4781 2352 4836 nv,
2389 4765 2474 4821 10.
2533 4764 2612 4826 .³⁸
2643 4764 2795 4822 Psal.
2827 4781 3024 4837 cxvm,
3055 4765 3144 4823 91.

2032 3891 2256 3946 Domino
2297 3891 2403 3946 Deo
2433 3899 2629 3959 vestro,
2661 3893 2852 3946 vivitis
2901 3894 3150 3948 universi
3195 3891 3459 3948 hodierna
3507 3892 3596 3947 die
3616 3893 3680 3947 ³⁸.

2026 3979 2105 4034 Ex
2150 3979 2245 4034 his
2275 3979 2468 4034 verbis
2497 3979 2815 4034 discrimen
2863 3980 2989 4036 Filii
3021 3986 3079 4036 et
3110 3997 3307 4036 rerum
3352 3985 3679 4036 creatarum

2023 4067 2160 4124 licet
2189 4068 2543 4140 perspicere,
2575 4069 3017 4141 intelligereque
3048 4070 3256 4125 Filium
3290 4070 3389 4126 Dei
3421 4073 3680 4126 creatum

2026 4157 2270 4212 minime
2314 4173 2465 4212 esse.
2497 4157 2803 4212 Enimvero
2856 4157 3042 4213 Filius
3093 4157 3254 4224 dicit,
3288 4160 3402 4228 Ego
3431 4167 3482 4214 et
3513 4163 3683 4214 Pater

2023 4262 2199 4301 unum
2226 4261 2417 4301 sumus
2436 4246 2500 4311 ‘0,
2535 4249 2612 4311 et,
2643 4247 2752 4314 Ego
2781 4247 2844 4300 in
2875 4247 3058 4315 Patre,
3092 4253 3145 4302 et
3174 4248 3340 4303 Pater
3369 4249 3428 4302 in
3458 4262 3543 4302 me
3561 4254 3680 4302 est:

2025 4350 2116 4390 res
2142 4337 2338 4389 autem
2373 4333 2535 4389 facta
2567 4349 2700 4388 cum
2727 4333 3061 4404 proﬁciunt,
3091 4333 3338 4390 Domino
3361 4334 3678 4390 adhmrent.

2024 4422 2245 4494 Nempe
2273 4421 2554 4488 Verbum,
2586 4425 2867 4492 tanquam
2903 4423 3227 4495 proprium,
3251 4428 3342 4479 est
3372 4423 3431 4479 in
3463 4423 3630 4479 Patre
3663 4438 3677 4477 :

2025 4517 2085 4569 at
2113 4527 2206 4567 res
2237 4511 2422 4577 factas,
2458 4513 2660 4582 utpote
2691 4526 2816 4581 qua:
2847 4511 3211 4568 extrinsecus
3240 4512 3553 4580 exsistunt,
3578 4512 3680 4568 ad-

2024 4601 2245 4657 herant
2281 4618 2294 4656 :
2328 4600 2612 4656 nimirum
2664 4604 2874 4656 natura
2922 4600 3123 4657 alienae
3173 4605 3332 4673 sunt,
3382 4601 3680 4658 voluntate

3242 4767 3288 4803 3’
3317 4769 3486 4822 Deut.
3518 4783 3597 4835 Iv,
3625 4765 3680 4822 4.

2027 4997 2186 5054 hunc
2207 4996 2400 5080 locum
2426 5013 2732 5081 perperam
2758 4995 3044 5053 intellexit
3063 4996 3349 5067 Nannius,
3368 4996 3540 5123 cuius
3561 4995 3683 5053 hinc

2027 5075 2118 5123 est
2159 5086 2346 5123 versm
2378 5087 2438 5123 1n
2472 5070 2727 5123 editione
2774 5068 3052 5123 Commel.
3090 5086 3103 5123 :
3140 5069 3288 5123 0uod
3309 5069 3362 5123 si
3392 5069 3435 5123 il
3460 5069 3534 5123 ad
3572 5084 3682 5123 non

2027 5075 2118 5126 est
2159 5069 2346 5126 versio
2378 5068 2442 5124 in
2472 5068 2727 5126 editione
2774 5068 3052 5124 Commel.
3090 5086 3103 5124 :
3140 5069 3362 5138 Quodsi
3392 5068 3534 5124 illud
3572 5084 3682 5125 non

2025 5143 2315 5203 admittes.
2347 5142 2555 5199 eaedem
2586 5143 2970 5196 contrauersim
2998 5141 3315 5210 similesque
3343 5141 3682 5211 importuni-

2028 5217 2169 5269 tates
2222 5215 2636 5285 impudentibus
2687 5213 2801 5266 illis
2845 5222 3156 5268 occurrent.
3206 5214 3312 5268 Nos
3355 5218 3540 5269 autem
3586 5213 3683 5285 qui

2026 5287 2132 5342 Deo
2183 5287 2420 5356 appositi
2463 5285 2772 5356 addictique
2829 5300 3040 5353 sumus,
3091 5300 3404 5355 quaeramus
3449 5301 3576 5356 eum
3621 5287 3681 5339 in

2028 5355 2267 5428 hocgipso
2305 5357 2414 5412 die.
2470 5358 2529 5410 in
2571 5355 2703 5410 aliis
2725 5356 2872 5428 item
2923 5355 3280 5412 editionibus
3311 5373 3428 5428 non
3481 5355 3682 5428 minus

2029 5427 2180 5484 male
2209 5429 2589 5484 emendatum
2612 5431 2700 5484 est
2723 5427 2831 5482 hoc
2867 5429 3072 5483 modo:
3096 5428 3245 5496 Quod
3275 5431 3325 5484 si
3352 5427 3518 5494 illud,
3542 5432 3677 5494 etc.,

2029 5498 2438 5571 impudentibus
2469 5501 2590 5555 istis
2639 5503 2950 5566 occurrent,
2992 5517 3061 5556 ea:
3093 5501 3189 5555 illo
3218 5499 3634 5555 Deuteronomii
3662 5517 3681 5552 :

2027 5572 2144 5628 Vos
2175 5576 2369 5626 autem
2403 5572 2503 5642 qui
2537 5576 2649 5628 Deo
2681 5572 2932 5642 appositi
2964 5571 3296 5642 addictique
3325 5571 3488 5637 estis,
3521 5586 3678 5642 quaa-

2030 5644 2138 5701 rite
2171 5659 2302 5697 eum
2334 5642 2392 5697 in
2427 5642 2535 5698 hoc
2568 5644 2695 5715 ipso
2725 5643 2838 5697 die.

2102 5715 2335 5844 (1:228?
2382 5719 2521 5790 Reg.
2583 5711 2642 5771 et
2697 5717 2931 5785 Seguer.
2968 5717 3038 5768 At
3094 5712 3192 5770 alii
3249 5717 3306 5770 et
3359 5713 3520 5783 editi,
3579 5711 3675 5785 μέν

2102 5805 2149 5844 11
2204 5803 2281 5843 un
2319 5824 2332 5840 .

2031 5803 2332 5845 omittunt.
