4076 6342
341 403 457 465 ηδ

897 403 963 466 8.
1008 405 1432 468 ATHANASII
1476 406 1648 468 OPP.
1694 406 1898 467 PARS
1941 405 1992 468 Ι.
2025 434 2104 451 -
2133 404 2556 468 HISTORICA
2602 405 2704 467 ET
2746 403 3221 468 DOGMATIGA.

3646 403 3764 464 4⁵76

345 539 542 594 autem
591 535 909 594 adharent.
961 537 1189 594 Etenim
1247 536 1407 594 filius
1456 538 1557 610 qui
1617 541 1828 595 natura
1873 541 1983 606 est,

2122 534 2200 590 [αὶ
2230 533 2334 610 γὰρ
2359 535 2451 591 καὶ
2483 535 2599 598 υἱὸς
2629 536 2742 609 (33)
2778 535 2872 608 μὲν
2924 533 2952 588 6
2998 533 3175 608 φύσει,
3205 530 3260 589 ἓν
3313 532 3423 589 ἐστι
3481 532 3617 608 μετά
3661 537 3759 589 τοῦ

345 641 531 681 unum
563 629 653 682 est
681 642 812 682 cum
861 627 1122 699 genitore
1155 643 1168 682 :
1202 627 1302 698 qui
1333 643 1467 682 vero
1499 628 1862 684 extrinsecus
1895 627 1998 683 ad-

347 719 606 788 optatur,
636 715 835 788 generi
867 715 1211 789 adjungitur
1239 717 1666 788 sivefadhasret.
1700 717 1846 773 Hinc
1877 721 1994 773 sta-

345 804 452 860 tim
485 805 688 861 subdit
721 821 733 860 :
767 806 898 873 Quae
942 807 1094 860 natio
1141 823 1374 874 magna,
1406 808 1500 862 cui
1528 808 1666 862 Deus
1694 809 2000 879 apprOpin-

349 899 486 967 quat
505 895 550 930 ιι
573 893 601 948 ?
633 895 701 948 Et
729 892 866 948 alibi
902 910 916 950 :
955 894 1089 949 Deus
1138 897 1594 968 apprOpinquans
1621 912 1718 966 ego
1738 897 1800 950 ⁴².
1853 895 1999 951 Nam

347 983 524 1038 rebus
555 982 718 1038 factis
735 983 1419 1057 appropinquat,quippe
1449 1001 1584 1041 cum
1612 983 1724 1040 illis
1747 985 1867 1041 sint
1886 985 2000 1058 ipsi

348 1075 598 1127 externas
632 1088 645 1126 :
677 1075 737 1128 at
785 1071 950 1140 Filio,
983 1076 1184 1144 utpote
1232 1074 1488 1146 proprio,
1522 1092 1636 1130 non
1686 1075 2002 1147 appropin-

347 1162 510 1231 quat,
545 1159 644 1216 sed
676 1159 735 1214 in
785 1175 852 1216 eo
883 1164 972 1216 est
1003 1177 1015 1216 :
1052 1177 1158 1217 nec
1207 1162 1466 1218 adhaeret
1514 1162 1718 1230 Filius,
1753 1163 1852 1219 sed
1886 1179 2004 1218 una

347 1264 482 1304 cum
512 1249 679 1305 Patre
709 1253 816 1304 est.
852 1249 1014 1305 Unde
1046 1266 1255 1306 rursus
1274 1253 1500 1324 Moyses
1531 1251 1590 1307 in
1625 1252 1826 1307 eodem
1856 1257 2001 1307 Deu-

347 1338 676 1395 teronomio
726 1337 810 1394 sic
859 1338 1122 1411 loquitur
1168 1357 1181 1396 :
1235 1342 1424 1398 Vocem.
1474 1343 1597 1414 ejus
1644 1341 1901 1410 audietis,
1953 1338 2012 1396 et

350 1428 456 1500 ipsi
505 1444 601 1483 vos
649 1427 1117 1500 adiungemini“.
1179 1431 1340 1495 Quod
1398 1434 1592 1487 autem
1641 1431 2002 1503 adjungitur,

350 1517 716 1573 extrinsecus
746 1518 1106 1591 adjungitur.

419 1606 474 1660 6.
504 1605 636 1662 Jam
660 1607 810 1678 quod
837 1607 1090 1680 pertinet
1110 1609 1182 1664 ad
1204 1608 1388 1666 levem
1412 1613 1469 1665 et
1488 1610 1813 1666 humanam
1835 1609 2004 1666 Aria-

351 1708 560 1748 norum
582 1692 1007 1764 opinationem,
1033 1711 1151 1766 qua
1181 1713 1392 1769 nempe
1412 1697 1728 1753 Dominum
1751 1713 2003 1769 egenum

353 1779 537 1836 fuisse
566 1797 636 1837 ex
685 1781 780 1838 his
817 1782 1006 1856 ipsius
1053 1784 1248 1840 verbis
1297 1785 1696 1857 suspicantur,
1751 1791 1903 1843 Data
1925 1791 2006 1843 est

349 1870 498 1926 mihi
514 1871 580 1938 ιδ,
612 1873 818 1942 accepi,
851 1877 916 1927 ut
955 1877 1014 1928 et
1059 1889 1128 1929 ex
1157 1872 1250 1930 his
1283 1873 1440 1930 Pauli
1474 1874 1642 1941 locis,
1670 1876 1873 1932 Idcirco
1903 1892 2005 1932 σε·
2034 1909 2083 1976 Β

351 1957 554 2016 altari!
583 1959 747 2016 illum
772 1962 838 2027 ⁴⁸,
867 1965 946 2028 et,
976 1961 1127 2018 Sedit
1172 1979 1207 2018 a
1235 1963 1444 2019 dextris
1468 1965 1536 2033 ιδ,
1559 1964 1809 2037 aliisque
1837 1965 2001 2021 simi-

349 2046 546 2117 libus;
580 2049 1056 2122 respondendum
1097 2055 1186 2108 est
1233 2052 1546 2110 Dominum
1582 2059 1869 2122 nostrum,
1903 2055 2004 2128 qui

351 2137 508 2194 idem
538 2137 795 2196 Verbum
828 2144 886 2196 et
916 2139 1095 2197 Filius
1128 2140 1224 2198 Dei
1257 2146 1366 2209 est,
1390 2159 1602 2215 corpus
1628 2149 1911 2216 gestasse,
1946 2149 2004 2202 et

350 2226 564 2283 Filium
615 2243 850 2300 quoque
898 2229 1157 2286 hominis
1206 2231 1423 2287 factum
1474 2234 1627 2288 498
1680 2233 1882 2301 fuisse,
1939 2238 2005 2289 ut

351 2316 582 2372 medius
609 2316 793 2372 Deum
826 2318 980 2374 inter
1026 2327 1082 2374 et
1131 2319 1401 2376 homines
1450 2321 1710 2391 effectus,
1744 2338 1870 2393 quas
1905 2323 2003 2379 Dei

353 2409 514 2473 sunt,
538 2405 708 2461 nobis
740 2407 1221 2464 subministraret
1253 2425 1266 2462 :
1302 2425 1429 2480 quae
1461 2411 1671 2478 nostri,
1703 2412 1816 2468 Deo
1839 2413 2006 2467 oti‘er-

356 2498 464 2550 ret.
499 2495 780 2561 Quocirca
817 2512 952 2552 cum
983 2498 1228 2566 esurire,
1260 2503 1415 2566 ﬂere,
1448 2500 1756 2572 defetigari
1799 2505 1858 2556 et
1887 2501 2004 2558 cla-

356 2598 519 2640 mare
550 2582 696 2654 Eloi,
727 2584 875 2651 Eloi,
908 2585 1143 2654 dicitur,
1177 2604 1303 2658 quae
1335 2587 1574 2659 quidem
1597 2589 1868 2646 humanae
1901 2607 2002 2646 uo-

356 2676 489 2730 stris
522 2677 662 2729 sunt
692 2673 1028 2731 affectiones
1045 2680 1103 2731 et
1125 2677 1395 2744 miserisa,
1419 2693 1519 2734 eas
1541 2695 1576 2734 a
1597 2678 1764 2735 nobis
1796 2680 2008 2752 accipit

356 2778 423 2818 ac
454 2762 605 2818 Patri
637 2764 823 2831 offert,
858 2767 915 2819 et
963 2781 1067 2836 pro
1098 2765 1268 2821 nobis
1316 2766 1640 2834 intercedit,
1673 2773 1738 2823 ut
1786 2768 1844 2824 in
1877 2769 2005 2842 ipso

354 2851 590 2925 penitus
622 2851 950 2908 deleantur.
985 2853 1085 2908 His
1115 2858 1309 2910 autem
1342 2856 1554 2923 verbis,
1587 2857 1730 2913 Data
1757 2866 1837 2914 est
1866 2857 2008 2914 mihi

351 2945 586 3012 potestas
618 2943 683 3011 ‘7,
744 2947 820 3008 et,
872 2944 1062 3014 accepi
1081 2944 1146 3013 ‘3,
1199 2949 1276 3016 et,
1317 2945 1524 3000 Idcirco
1566 2947 1834 3003 exultavit
1881 2965 2002 3003 eum

356 3031 496 3086 Deus
516 3032 582 3099 ",
616 3047 864 3087 munera
894 3031 953 3088 in
999 3049 1106 3088 nos
1136 3049 1170 3088 a
1200 3037 1313 3089 Deo
1359 3049 1461 3106 per
1491 3034 1658 3090 illum
1689 3035 1901 3093 collata
1931 3037 2007 3093 si-

355 3119 728 3191 gnificantur.
779 3119 894 3175 Nec
937 3121 1091 3176 enim
1143 3120 1413 3195 indigens
1444 3127 1568 3179 erat
1613 3123 1873 3181 Verbum
1916 3125 2005 3181 vel

358 3223 622 3279 unquam
671 3209 890 3264 factum
943 3214 1031 3265 est
1065 3226 1076 3264 :
1107 3226 1212 3266 nso
1259 3227 1464 3267 rursus
1511 3212 1780 3270 homines
1809 3213 2004 3272 idonei

2106 629 2425 700 γεννῶντος·
2475 625 2502 679 6
2555 623 2611 679 δὲ
2671 619 2863 695 ἔξωθεν
2916 623 3338 697 υἱοποιούμενος
3382 623 3758 698 προσκείσεται

2105 718 2184 786 τῷ
2210 713 2371 790 γένει.
2404 714 2502 768 Διὰ
2529 717 2692 768 τοῦτο
2721 712 2811 768 καὶ
2843 712 2996 776 εὐθὺς
3032 711 3298 790 ὶπιιρέρει,
3329 709 3410 767 ὅτι
3447 717 3610 767 [Ῑοῖον
3644 714 3759 787 (34)

2110 801 2260 865 ἔθνος
2306 803 2462 880 μέγα,
2493 804 2539 875 ᾦ
2588 801 2725 856 ἐστιν
2778 801 2924 873 αὐτῷ
2971 801 3101 863 Θεὸς
3145 800 3410 877 ἐγγίζωνς
3443 801 3533 856 xui
3583 801 3760 856 ἀλλα-

2109 897 2240 969 χοῦ·
2289 893 2416 956 Θεὸς
2477 891 2704 968 έγγίζων
2756 891 2880 966 έγώσ
2930 896 3048 952 τοῖς
3096 893 3196 966 γὰρ
3244 897 3497 966 γενητοῖς
3541 890 3760 967 ἐγγίζει,

2111 982 2184 1043 ὡς
2232 981 2400 1052 ξένοις
2460 980 2623 1036 αὑτοῦ
2676 980 2813 1034 οὗσι’
2846 985 2925 1052 τῷ
2975 977 3032 1034 δὶ
3067 980 3191 1050 ι’ἱῷ,
3226 981 3298 1041 ὡς
3331 979 3453 1052 ἷδίῳ
3485 983 3619 1053 (35),
3663 979 3762 1034 οὐκ

2112 1071 2342 1146 ἐγγίζει,
2371 1068 2494 1125 ἀλλ’
2523 1070 2574 1124 έν
2603 1069 2749 1142 αὑτῷ
2779 1068 2910 1124 ἐστι·
2943 1068 3035 1123 καὶ
3065 1070 3092 1123 6
3137 1069 3259 1131 Υἱὸς
3309 1068 3371 1124 οὖ
3422 1069 3762 1142 πρόσκειται,

2111 1158 2255 1215 ἀλλὰ
2305 1158 2514 1215 σύνεστι
2555 1164 2636 1232 τῷ
2684 1158 2874 1234 Πατρί.
2905 1161 3064 1222 Ὅθεν
3116 1158 3206 1212 καὶ
3253 1157 3417 1214 πάλιν
3460 1158 3604 1235 λέγει
3635 1165 3763 1213 Μω-

2115 1256 2214 1319 σῆς
2259 1248 2310 1304 έν
2353 1248 2498 1321 αύτῷ
2543 1253 2622 1321 τῷ
2662 1247 3074 1322 Δευτερονομίῳ
3105 1249 3237 1320 (36)·
3268 1250 3373 1316 Τῆς
3423 1254 3612 1324 φωνῆς
3670 1247 3764 1302 αύ-

2111 1342 2210 1394 τοῦ
2275 1337 2600 1404 ἀκούσεσθε,
2659 1336 2749 1392 καὶ
2825 1335 2971 1408 αὐτῷ
3048 1337 3510 1412 προστεθήσεσθι.
3564 1336 3639 1390 Τὸ
3709 1332 3768 1390 δὲ

2113 1426 2535 1504 προστιθέμενον
2568 1425 2758 1498 ἔξωθεν
2786 1424 3148 1501 προστίθεται.

2183 1610 2238 1664 6.
2266 1607 2410 1680 Πρὸς
2442 1602 2500 1661 δὲ
2527 1606 2626 1674 τὴν
2661 1606 2854 1674 ἀσθενῆ
2888 1605 2976 1659 καὶ
3006 1601 3355 1680 ἀνθρωπίνην
3403 1599 3610 1658 ἔννοιαν
3655 1603 3764 1658 τῶν

2116 1697 2428 1772 Ἀρειανῶν,
2471 1693 2560 1750 διὰ
2614 1696 2676 1750 τὸ
2730 1695 2982 1749 ὑπονοεῖν
3039 1693 3129 1748 τὸν
3178 1693 3374 1769 Κύριον
3425 1690 3578 1748 ἐνδεᾶ

2114 1784 2240 1840 ὅταν
2300 1783 2455 1860 λέγῃ,
2502 1781 2698 1854 Ἐδόθη
2752 1804 2866 1856 μοι,
2921 1783 3032 1853 καὶ,
3083 1777 3314 1838 ἔλαϐον·
3362 1781 3452 1836 καὶ
3500 1781 3588 1836 ἐὰν
3629 1780 3767 1856 λέγῃ

2115 1876 2143 1930 6
2175 1873 2412 1942 Παῦλος,
2445 1875 2542 1928 Διὰ
2596 1877 2759 1928 τοῦτο
2816 1871 3164 1948 ὑπερύψωσεν
3223 1870 3407 1939 αὐτὸν,
3464 1869 3576 1939 καὶ,
3608 1870 3769 1928 Ἐκά-

2114 1975 2256 2028 θισεν
2312 1962 2364 2018 έν
2417 1961 2584 2035 δεξιᾷ,
2615 1962 2704 2016 καὶ
2753 1960 2820 2016 τὰ
2864 1965 3111 2028 τοιαῦτα,
3161 1958 3404 2028 λεκτέον,
3436 1958 3518 2014 ὅτι
3577 1960 3606 2014 6
3657 1958 3762 2014 Κύ-

2114 2073 2228 2127 ριος
2261 2054 2442 2124 ἡμῶν,
2473 2051 2650 2125 Λόγος
2683 2048 2756 2104 ὢν
2795 2049 2918 2112 Υἱὸς
2967 2054 3066 2104 τοῦ
3113 2047 3268 2119 Θεοῦ,
3302 2047 3524 2127 έφόρεσε
3582 2051 3771 2121 σῶμα,

2113 2143 2203 2197 καὶ
2248 2140 2438 2216 γέγονε
2486 2140 2574 2194 καὶ
2746 2140 2868 2202 Υἱὸς
2918 2139 3230 2215 ἀνθρώπου,
3257 2136 3370 2211 ἵνα,
3407 2136 3631 2211 μεσίτης
3674 2158 3763 2212 γε-

2112 2231 2338 2305 νόμενος
2393 2233 2528 2284 Θεοῦ
2580 2229 2670 2285 καὶ
2730 2229 3052 2302 ἀνθρώπων,
3083 2229 3150 2284 τὰ
3197 2228 3292 2301 μὶν
3353 2231 3486 2282 Θεοῦ
3512 2229 3672 2300 ἡμῖν,
3701 2228 3771 2282 τὰ

2115 2317 2172 2375 δὶ
2201 2323 2360 2392 ἡμῶν
2402 2323 2480 2391 τῷ
2512 2323 2628 2390 Θεῷ
2657 2316 2899 2392 διακονῇ.
2939 2320 3102 2375 ’Ὀταν
3136 2315 3227 2372 οῦν
3280 2315 3510 2392 λέγηται
3555 2321 3765 2388 πεινᾷν,

2112 2410 2201 2464 καὶ
2255 2406 2525 2484 δακρύειν,
2557 2408 2647 2462 καὶ
2691 2413 2908 2480 κοπιᾷν,
2940 2407 3029 2462 καὶ
3079 2404 3270 2477 Ἐλωῒ,
3321 2404 3516 2475 Ἐλωῒ,
3558 2405 3769 2481 ἀνθρώ-

2113 2519 2245 2553 πινα
2274 2493 2422 2569 ὄντα,
2454 2496 2543 2552 καὶ
2575 2496 2815 2571 ἡμέτερα
2845 2498 2986 2567 πάθη
3021 2493 3385 2571 (39),δέχεται
3417 2496 3544 2572 παρ’
3573 2495 3760 2568 ἡμῶν,

2113 2587 2202 2643 καὶ
2249 2591 2330 2660 τῷ
2379 2585 2546 2663 Πατρὶ
2595 2586 2864 2663 ἀναφέρει,
2915 2581 3225 2660 πρεσϐεύων
3280 2585 3410 2661 ὑπὲρ
3459 2581 3765 2658 ἡμῶν,’ίνα

2115 2676 2168 2732 έν
2221 2676 2365 2748 αύτῷ
2410 2675 2752 2754 ἐξαφανισθῇο
2794 2674 2917 2730 ὅταν
2966 2672 3044 2748 δὲ,
3092 2673 3174 2730 ὅτι
3225 2671 3419 2744 Ἐδόθη
3479 2695 3575 2742 μοι
3623 2671 3767 2744 ἐξου-

2115 2766 2220 2837 σία,
2274 2766 2385 2837 καὶ,
2447 2761 2669 2834 ἔλαϐον,
2726 2765 2839 2836 καὶ,
2899 2764 2996 2819 Διὰ
3048 2769 3210 2819 τοῦτο
3271 2762 3616 2838 ὑπερύψωσεν
3671 2763 3765 2817 αὐ-

2111 2857 2202 2911 τὸν
2255 2856 2426 2930 (4Ο)ὁ
2474 2855 2628 2923 Θεὸς,
2666 2853 2733 2909 τὰ
2790 2855 2936 2929 παρὰ
2988 2857 3085 2908 τοῦ
3141 2857 3276 2908 Θεοῦ
3328 2851 3403 2914 εἷς
3450 2855 3598 2926 ἡμᾶς
3652 2851 3762 2907 ἔστι

2113 2945 2429 3021 χαρίσματα
2477 2940 2546 2998 δι’
2576 2941 2740 2998 αὐτοῦ
2788 2940 3068 3016 διδόμενα.
3101 2941 3178 3000 Ού
3222 2943 3324 3017 γὰρ
3375 2943 3404 2996 6
3454 2941 3630 3015 Λόγος
3679 2939 3768 2995 ἐν·

2115 3033 2242 3104 δεῆς
2268 3034 2334 3104 ἦν
2380 3033 2414 3102 ἢ
2463 3033 2648 3110 γέγονε
2696 3031 2937 3088 πώποτε’
2974 3029 3098 3086 οὐδὲ
3158 3030 3323 3087 πάλιν
3380 3031 3432 3085 οἱ
3481 3029 3764 3106 ἄνθρωποι

2113 3123 2290 3180 ἱκανοὶ
2349 3123 2480 3192 ἦσαν
2545 3123 2755 3184 ἑαυτοῖς
2815 3119 3132 3191 διακονῆσαι
3180 3124 3366 3175 ταῦτα·
3407 3116 3496 3174 διὰ
3552 3116 3611 3174 δὲ
3664 3123 3762 3174 τοῦ

2116 3213 2299 3290 Δόγου
2360 3209 2566 3268 δίδοται
2614 3213 2771 3286 ἡμῖν’
2804 3209 2891 3266 διὰ
2937 3215 3121 3282 τοῦτο,
3155 3210 3228 3272 ὡς
3281 3209 3426 3281 αὐτῷ
3477 3205 3761 3282 διδόμενα,

354 3300 521 3352 erant
549 3296 651 3368 qui
682 3295 797 3352 ista
835 3298 947 3353 sibi
997 3304 1404 3370 compararent
1435 3319 1448 3358 :
1481 3303 1581 3358 sed
1616 3319 1719 3374 per
1746 3303 2002 3360 Verbum

2122 3279 2254 3378 ἠμέν
2293 3279 2806 3376 μεταδίδοταιή(1ι1)·
2843 3297 2932 3354 διὰ
2971 3279 3136 3354 τοῦτο
3185 3298 3286 3375 γὰρ
3344 3279 3430 3352 καὶ
3495 3279 3764 3374 ἰνηνθρώέ-

353 3383 524 3440 nobis
554 3386 770 3442 donata
798 3391 978 3455 sunt;
1008 3389 1162 3444 unde
1185 3387 1284 3446 illa
1313 3394 1596 3462 tanquam
1628 3391 1740 3464 ipsi
1765 3393 2000 3462 donata,

353 3474 525 3529 nobis
555 3473 993 3547 impertiuntur.
1041 3477 1338 3549 Siquidem
1388 3495 1518 3535 eam
1549 3481 1622 3536 ob
1657 3497 1780 3538 rem
1829 3481 2005 3539 homo

355 3563 546 3619 factus
565 3567 676 3632 est,
701 3569 768 3620 ut
793 3563 892 3621 illa
913 3565 1071 3622 velut
1093 3567 1202 3624 sibi
1226 3568 1383 3640 data,
1407 3569 1468 3624 in
1492 3585 1598 3624 nos
1618 3571 2005 3628 transferren-

358 3657 476 3708 tur.
512 3656 624 3709 Nec
655 3653 812 3709 enim
845 3671 1028 3726 purus
1052 3656 1226 3713 homo
1257 3657 1473 3729 dignus
1503 3675 1765 3731 unquam
1799 3661 2008 3717 fuisset

359 3741 461 3814 qui
479 3741 602 3798 haec
619 3743 934 3816 acciperet;
959 3761 1063 3801 nec
1081 3745 1220 3802 item
1242 3765 1455 3819 purum
1481 3750 1734 3806 Verbum
1757 3750 1851 3805 his
1874 3767 2007 3822 pos-

360 3835 450 3887 set
478 3830 740 3905 indigere
765 3849 780 3888 :
815 3835 1192 3905 conjunctum
1218 3836 1398 3905 igitur
1428 3837 1597 3892 nobis
1619 3844 1710 3894 est
1727 3841 2007 3906 Verbum,

359 3924 618 3992 tuncque
649 3938 754 3978 nos
777 3923 1086 3994 potestatis
1109 3925 1422 3998 participes
1445 3928 1699 3984 reddidit
1719 3933 1776 3985 et
1791 3929 2008 3985 exalta-

360 4010 462 4065 vit.
486 4010 743 4066 Verbum
759 4012 1048 4084 siquidem
1065 4014 1124 4069 in
1138 4014 1375 4071 homine
1387 4017 1694 4084 exsistens,
1711 4017 2010 4074 hominem

363 4099 639 4156 exaltavit
672 4118 684 4156 :
717 4105 776 4157 et
805 4103 993 4158 Verbo
1042 4103 1182 4159 item
1216 4105 1274 4159 in
1307 4103 1541 4161 homine
1571 4107 1888 4163 exsistente
1917 4125 2010 4164 ac-

366 4188 522 4262 cepit
539 4188 730 4246 homo.
757 4191 902 4257 Quia
918 4207 1054 4263 ergo
1077 4193 1264 4248 Verbo
1292 4193 1349 4248 in
1378 4209 1550 4251 carne
1571 4195 1901 4267 exsistente,
1922 4214 2015 4252 ex-

365 4277 584 4335 altatus
604 4279 776 4335 homo
796 4283 1376 4354 est,potestatemque
1396 4284 1638 4356 accepit,
1659 4285 1876 4341 idcirco
1901 4285 2014 4341 ista

369 4366 702 4424 adVerbum
721 4369 1559 4444 referuntur,quandoquidem
1576 4375 2013 4447 propteripsum

366 4457 505 4512 data
534 4461 692 4512 sunt.
725 4457 856 4512 Hac
885 4459 1040 4515 enim
1091 4461 1244 4516 dona
1273 4467 1510 4534 propter
1536 4463 1789 4519 Verbum
1821 4465 1880 4520 in
1912 4465 2015 4521 ho-

369 4545 527 4602 mine
549 4545 836 4602 exsistens
857 4563 1134 4604 concessa
1156 4554 1312 4605 sunt.
1328 4550 1491 4607 Unde
1512 4553 2011 4625 quemadmodum

441 4681 485 4716 ⁴¹
519 4680 688 4736 Deut.
723 4696 797 4748 ιν,
827 4681 884 4736 7.

985 4681 1033 4715 ⁴²
1055 4682 1184 4756 Jer.
1205 4700 1366 4750 xxm,
1393 4685 1482 4741 23.
1577 4687 1623 4722 ⁸³
1655 4688 1820 4745 Deut.
1854 4705 1978 4756 xui,
2013 4689 2067 4744 4.
2157 4687 2204 4722 ⁴⁴
2232 4685 2438 4744 Matth.
2471 4702 2668 4755 xxvni,
2699 4685 2787 4754 18.

2112 3412 2305 3463 πησεν,
2331 3388 2444 3462 ἵνα,
2477 3392 2551 3452 ὡς
2580 3390 2726 3462 αὐτῷ
2784 3387 3062 3462 διδόμενα,
3095 3388 3170 3449 εἷς
3217 3389 3368 3460 ἡμᾶς
3418 3383 3603 3461 διαϐῇ.
3636 3390 3763 3442 ’Ἂν-

2115 3483 2333 3559 θρωπος
2365 3479 2467 3556 γὰρ
2499 3477 2660 3554 ψιλὸς
2694 3478 2793 3534 οὐκ
2838 3475 2896 3532 ἂν
2949 3478 3158 3548 ἠξιώθη
3209 3477 3438 3532 τούτων·
3471 3476 3646 3552 Λόγος
3706 3473 3763 3530 δὶ

2114 3571 2278 3626 πάλιν
2337 3568 2518 3643 μόνος,
2554 3567 2653 3623 οὐκ
2706 3567 2764 3622 ἃν
2820 3565 3018 3637 ἐδεήθη
3076 3565 3308 3624 τούτων.
3355 3567 3610 3642 Συνήφθη
3673 3563 3767 3619 οὖν

2115 3663 2250 3734 ἡμῖν
2285 3659 2313 3713 6
2345 3657 2545 3734 Λόγος,
2576 3657 2665 3712 καὶ
2695 3658 2818 3712 τότε
2867 3655 3105 3728 ἐξουσίαν
3152 3658 3287 3729 ἡμῖν
3353 3651 3639 3728 μετέδωκε,
3675 3652 3767 3709 καί

2122 3747 2491 3825 ὑπερύψωσεν.
2525 3748 2610 3801 Ἐν
2652 3747 2921 3820 ἀνθρώπῳ
2952 3747 3054 3820 γὰρ
3083 3744 3155 3799 ὣν
3189 3745 3216 3799 ὁ
3247 3744 3428 3819 Λόγος
3462 3747 3574 3818 (42)
3609 3745 3771 3819 ὑπερ-

2121 3838 2301 3912 ύψωσε
2330 3838 2419 3891 τὸν
2453 3834 2758 3910 ἄνθρωπον·
2791 3835 2880 3889 καὶ
2917 3833 2965 3888 ἐν
3001 3835 3269 3907 ἀνθρώπῳ
3327 3833 3480 3895 ὅντος
3520 3837 3617 3888 τοῦ
3665 3832 3772 3889 Λό-

2116 3949 2237 4002 γου,
2269 3920 2461 3980 ἔλαϐεν
2493 3927 2521 3980 6
2553 3922 2854 4001 ἄνθρωπος.
2887 3923 3038 3980 Ἐπεὶ
3081 3921 3171 3977 οὖν
3227 3927 3322 3977 τοῦ
3371 3922 3552 3999 Λόγου
3612 3917 3770 3984 ὄντος

2121 4016 2171 4071 ἐν
2224 4016 2401 4089 σαρκὶ,
2452 4015 2643 4088 ὑψώθη
2695 4014 2722 4067 6
2770 4013 3080 4088 ἅνθρωπος,
3109 4012 3199 4067 καὶ
3251 4007 3441 4066 ἔλαϐεν
3503 4010 3770 4082 ἐξουσίαν’

2123 4105 2212 4160 διὰ
2265 4109 2428 4160 τοῦτο
2488 4103 2563 4166 είς
2614 4103 2705 4158 τὸν
2763 4102 2937 4178 Λόγον
2997 4101 3312 4180 ἀναφέρεται
3358 4104 3546 4171 ταῦτα,
3580 4098 3771 4169 ἐπειδή

2123 4193 2193 4250 δι’
2225 4195 2384 4249 αὑτὸν
2418 4191 2600 4263 ἐδόθηο
2637 4190 2725 4246 διὰ
2753 4191 2856 4267 γὰρ
2886 4195 2976 4246 τὸν
3008 4190 3059 4246 έν
3096 4191 3364 4265 ἀνθρώπῳ
3397 4189 3570 4266 Λόγον
3604 4187 3768 4262 ἐδόθη

2121 4288 2288 4339 ταῦτα
2332 4283 2398 4336 τὰ
2446 4280 2784 4358 χαρίσματα.
2817 4279 2922 4336 Καὶ
2973 4279 3154 4356 ὥσπερ
3203 4280 3231 4334 6
3279 4278 3459 4354 Λόγος
3492 4278 3618 4354 σὰρξ
3652 4278 3773 4354 έγέ-

2122 4394 2264 4445 νετο,
2314 4370 2457 4426 οῧτω
2504 4370 2593 4426 καὶ
2640 4372 2667 4426 6
2714 4367 2993 4446 ἄνθρωπος
3065 4368 3131 4424 τὰ
3179 4365 3268 4423 διὰ
3309 4372 3409 4422 τοῦ
3459 4367 3642 4443 Λόγου
3695 4365 3774 4422 εἷ’-

2124 4462 2284 4537 ληφε,
2319 4462 2498 4516 Πάντα
2543 4462 2644 4535 γὰρ
2703 4458 2801 4515 ὅσα
2853 4461 2881 4514 6
2934 4457 3216 4533 ἅνθρωπος
3284 4453 3532 4536 εἷ’ληφεν,
3585 4458 3612 4512 6
3661 4457 3775 4514 Λό-

2124 4573 2221 4628 γος
2254 4553 2368 4625 (43)
2400 4549 2612 4624 λέγεται
2646 4548 2948 4627 εἷ’ληφέναιο
2976 4547 3069 4602 ’ίνα
3101 4545 3316 4623 δειχθῇ,
3351 4546 3433 4603 δτι
3473 4547 3575 4602 ούκ
3627 4544 3775 4618 ἄξιος

2890 4685 2934 4720 ⁴⁸
2964 4683 3215 4757 Philipp.
3249 4699 3312 4752 ιι,
3341 4684 3396 4739 9.
3481 4683 3524 4720 ⁴⁸
3554 4682 3772 4741 Coloss.

367 4767 430 4822 ιι,
464 4750 517 4808 4.
593 4752 636 4787 ⁴⁷
663 4751 866 4809 Matth.
901 4769 1101 4827 xxvm,
1136 4755 1218 4811 18.
1294 4757 1338 4791 ⁸⁸
1367 4756 1537 4814 Joan.
1567 4775 1624 4828 κ,
1657 4760 1744 4815 18.
1820 4760 1865 4796 ⁸ο
1893 4750 2007 4816 Phi

2122 4783 2149 4816 ι.
2179 4776 2244 4828 n,
2271 4757 2327 4813 9.

439 4887 819 4970 (33)]ὶοεὶιιε,
841 4887 1082 4970 ,Καὶ-γᾴρ
1130 4889 1279 4970 ξὶός.
1313 4895 1576 4970 §eguer.,
1597 4892 1731 4970 _Kai-
1757 4894 1866 4970 γὰρ
1887 4968 1902 4970 _
1922 4894 2015 4970 καὶ
2043 4901 2090 4966 D

367 4958 749 5038 Iiécpcieteri
799 4958 1069 5038 etpediti',
1130 4962 1229 5038 Kai
1283 4958 1419 5038 735:9:
1441 4963 1530 5038 καὶ
1562 4958 1618 5018 ’ὁ
1676 4958 1846 5028 Υἱός.’
1885 4968 2016 5024 Mox
2043 4958 2083 4966 -
2124 4985 2192 5020 κα

365 5031 556 5107 Felclr.
585 5032 636 5107 _2_
653 5037 711 5089 et
748 5033 924 5089 editio
973 5030 1430 5101 Commel.,'8'6t
1459 5030 1674 5107 ἔξωθεν,
1710 5039 2012 5096 mendose.

439 5102 551 5173 (34)
580 5103 674 5159 Sic
728 5107 1117 5182 manuscripti
1169 5107 1419 5182 codices.
1472 5102 1540 5166 At
1595 5110 1756 5180 editi,
1815 5114 2011 5182 ποιῶν,

365 5189 694 5246 perperam.
728 5176 992 5253 Nannius
1022 5176 1162 5235 item
1219 5181 1413 5251 vertit,
1446 5184 1557 5252 Qui
1609 5176 1751 5253 fecit
1797 5176 2014 5253 genteni

371 5261 656 5322 mappam,
687 5249 782 5302 cui
810 5252 1211 5322 appropinquat
1238 5253 1400 5310 Deus.

437 5319 940 5397 (3§)__Sic.Regi'us,
976 5319 1214 5395 Seguer.
1251 5324 1424 5380 Basil.
1458 5329 1514 5380 et
1554 5325 1782 5397 Anglic.
1809 5329 1885 5382 At
1914 5325 2013 5381 alii

367 5393 425 5446 et
443 5390 630 5463 pediti,
649 5388 856 5463 οἰκείῳ.

431 5462 547 5534 (36)
579 5462 672 5540 Sig
696 5462 941 5540 Regius,
961 5469 1196 5538 Seguer.
1216 5465 1408 5540 Basil.
1439 5471 1496 5540 et
1523 5467 1746 5540 Anglic.
1782 5473 1854 5524 At
1899 5471 2011 5540 Go-

365 5531 834 5614 blertretAFelcE.
856 5531 1104 5614 primu},
1136 5537 1224 5614 καί
1256 5558 1420 5614 φησιν
1473 5538 1522 5592 έν
1575 5531 2006 5614 Λεῖυτερονομίῳ.

367 5605 552 5686 3‘1}in
579 5606 836 5686 ἓηεηπιθι
858 5604 884 5676 ’ς
915 5609 1001 5686 κοῦ
1034 5604 1137 5686 ἔφη
1172 5609 1227 5686 ἐν
1253 5604 1686 5686 iuremus“?-

577 5678 807 5754 ngler.
840 5686 898 5738 et
961 5677 1147 5754 Felidki.
1208 5683 1261 5754 1,
1320 5677 1654 5746 ἐνδεῆΜοέ
1713 5679 1802 5737 διὰ
1849 5680 2011 5737 τοῦτο

364 5747 538 5806 abest
559 5766 593 5806 a
619 5751 848 5810 Gobler.
883 5755 940 5810 et
969 5753 1160 5813 Felck.
1196 5749 1247 5810 1.

2194 4891 2429 5020 $33233:
2460 4892 2697 4965 Regius,
2731 4892 2965 4964 Seguer.
2993 4888 3170 4946 Basil.
3205 4892 3270 4944 In
3302 4887 3433 4945 aliis
3486 4895 3544 4946 et
3595 4887 3772 4945 editis

2166 5036 2427 5126 ι(Βεξὶὶεὶο
2452 5034 2669 5108 Regius
2699 5035 2881 5090 codex
2910 5037 2967 5089 et
2996 5033 3234 5103 Seguer.
3267 5033 3343 5088 At
3373 5030 3471 5087 alii
3513 5036 3573 5089 et
3611 5030 3778 5099 editi,

2123 5107 2430 5263 ταᾶίῆθέἒο
2459 5177 2694 5303 Regius,
2721 5179 2962 5248 Seguer.
2993 5179 3052 5231 et
3095 5173 3273 5230 Basil.
3322 5173 3524 5230 Castori
3574 5176 3772 5230 autem

2123 5256 2181 5308 et
2211 5249 2372 5308 editi.
2409 5246 2532 5302 έαυτ
2569 5269 2618 5306 ν,

2653 5334 2880 5394 omnes.
2914 5317 3065 5394 ἱξάὶιὶ
3093 5333 3250 5389 vero,
3280 5312 3512 5394 δίδοται.
3545 5316 3772 5394 Ibidem

2122 5388 2262 5478 Reg.
2289 5388 2650 5478 'et.Seg_uer.,
2683 5391 2770 5445 καὶ
2807 5388 3242 5460 ένηνθοώπησεν.
3280 5391 3343 5446 In
3393 5389 3527 5446 aliis
3563 5393 3622 5445 et
3646 5388 3771 5446 edi-

2122 5467 2198 5522 tis
2213 5464 2317 5518 xui
2348 5464 2532 5522 deest.

2143 5537 2319 5620 “(.42).
2341 5537 2615 5620 Sigﬁegn
2633 5539 2690 5592 et
2716 5535 2958 5620 _Seg_ue,r..
2992 5538 3076 5620 At,
3103 5531 3302 5600 Basil.,
3334 5531 3458 5620 τότε
3506 5528 3772 5604 ἐξουσίας,

2125 5602 2239 5664 Alii
2273 5602 2328 5664 et
2359 5607 2520 5670 editi,
2543 5602 2676 5662 ἶτότε
2706 5608 2740 5676 ἡ
2771 5602 2870 5676 τῖς
2901 5602 3163 5674 ἐξουσίας,
3200 5604 3502 5676 mendose.

2196 5681 2308 5754 (43)
2339 5680 2466 5754 Sic“
2482 5681 2697 5754 Regius
2731 5671 3092 5754 'et_'Seguer.
3127 5675 3299 5754 Editig
3336 5691 3492 5754 vero,
3526 5671 3773 5753 εἴληφινο

2123 5745 2223 5807 ιισά
2252 5745 2354 5828 γὰρ
2384 5752 2412 5806 ὁ
2438 5745 2724 5828 ἅνθρωπος
2757 5745 2972 5828 εἷ’ληφῖ,
3007 5747 3182 5805 πάντα
3213 5748 3241 5805 6
3275 5745 3486 5824 Λόγος,
3509 5754 3616 5808 etc.
