4076 6342
346 402 465 465 ιτς)

890 405 953 466 S.
1002 408 1426 472 ATHANASII
1471 411 1645 473 OPP.
1691 410 1894 473 PARS
1936 412 1986 472 Ι.
2016 442 2095 455 —-
2122 409 2539 474 HISTORICA
2580 410 2684 473 ET
2725 409 3204 474 DOGMATICA.

3640 415 3762 476 480

347 536 722 611 conﬁtentur,
781 543 998 613 negant
1045 538 1242 612 ipsum
1286 557 1416 598 esse
1464 542 1698 612 Filium,
1753 542 1998 615 solaque

2116 539 2399 617 ἀρνοῦνται
2448 539 2608 596 αὐτὸν
2664 541 2798 596 εἶναι
2849 540 2997 615 Υἱόν,
3045 541 3134 596 καὶ
3181 543 3299 598 κατ’
3349 540 3586 598 ἐπίνοιαν
3631 543 3755 598 Υῖὸν

349 627 704 700 cogitatione
733 644 946 685 nomen
974 628 1102 684 Filii
1133 630 1319 686 Verbo
1350 631 1530 687 tribui
1560 632 1764 688 volunt
1797 650 1810 688 :
1848 649 1994 688 vano

352 715 587 788 utrique
615 721 848 773 conatu.

420 805 477 861 9.
509 805 620 874 Ego
647 813 698 861 et
729 811 890 862 Pater
917 821 1092 862 unum
1110 823 1297 863 sumus
1315 808 1379 863 ³⁸.
1409 807 1504 866 Vel
1536 809 1650 865 duo
1675 825 1776 865 vos
1813 824 1998 864 unum

349 909 478 950 esse
500 893 715 962 dicitis,
740 893 826 951 vel
851 911 1033 950 unum
1059 895 1277 967 duplici
1301 898 1536 954 nomine
1553 905 1823 954 ornatum
1845 914 1994 968 esse,

348 981 438 1038 vel
472 998 654 1038 unum
685 982 746 1038 in
774 984 890 1039 duo
919 1000 1048 1040 esse
1079 986 1352 1042 divisum.
1373 986 1432 1042 Si
1463 1003 1644 1042 unum
1677 987 1736 1043 in
1769 988 1884 1042 duo
1917 987 1998 1042 di-

347 1072 538 1128 visum
571 1076 680 1143 est,
704 1089 942 1130 necesse
971 1079 1060 1130 est
1088 1091 1301 1148 corpus
1332 1093 1460 1132 esse
1480 1077 1539 1132 id
1571 1077 1722 1148 quod
1745 1075 1998 1132 divisum

348 1165 458 1228 est,
473 1165 870 1234 neutrumque
890 1180 1018 1220 esse
1041 1165 1600 1238 perfectum,quippe
1622 1182 1755 1221 cum
1781 1169 1910 1221 utru
1921 1182 2002 1222 m-

351 1264 466 1320 que
496 1266 632 1322 pars
664 1251 760 1322 sit,
792 1268 906 1307 non
932 1269 1064 1308 vero
1097 1258 1304 1309 totum.
1330 1255 1440 1310 Sed
1475 1255 1524 1310 si
1557 1272 1740 1310 unum
1771 1259 1861 1311 est
1892 1256 1999 1310 du-

348 1338 483 1411 plici
517 1344 790 1396 ornatum
822 1341 1058 1399 nomine
1087 1359 1098 1398 :
1133 1343 1254 1400 haec
1303 1344 1535 1401 Sabellii
1570 1344 1862 1400 sententia
1890 1348 1998 1412 est,

351 1431 450 1499 qui
481 1433 714 1485 Patrem
736 1435 794 1486 et
813 1430 1020 1486 Filium
1039 1433 1310 1488 eumdem
1330 1449 1458 1490 esse
1489 1433 1676 1503 docet,
1701 1438 1756 1489 et
1777 1438 2002 1489 utrum-

349 1533 464 1590 que
491 1517 661 1587 tollit,
698 1523 925 1575 Patrem
961 1521 1220 1592 quidem,
1245 1539 1379 1578 cum
1414 1522 1594 1579 Filius
1629 1527 1754 1591 est;
1793 1521 1999 1578 Filium

347 1621 504 1678 vero,
534 1623 669 1663 cum
719 1617 805 1664 est
836 1612 1026 1665 Pater.
1062 1611 1224 1676 Quod
1275 1611 1322 1667 si
1352 1612 1468 1667 duo
1502 1628 1685 1668 unum
1718 1612 1859 1680 sint,
1900 1628 2002 1668 ne-

347 1711 511 1752 cesse
540 1701 630 1753 est
657 1695 790 1754 illos
821 1698 968 1755 duos
990 1699 1228 1771 quidem
1250 1716 1400 1769 esse,
1420 1717 1604 1756 unum
1637 1717 1771 1756 vero
1789 1715 2001 1756 secun-

348 1786 492 1842 dum
523 1785 914 1859 divinitatem,
946 1793 1001 1845 et
1031 1794 1324 1861 quatenus
1356 1789 1537 1846 Filius
1567 1790 1722 1845 Patri
1755 1793 1845 1846 est
1873 1806 2005 1845 con-

349 1876 780 1947 substantialis,
812 1884 869 1934 et
897 1896 966 1935 ex
1015 1881 1142 1953 ipso
1176 1885 1338 1937 Patre
1367 1881 1624 1937 Verbum
1655 1885 1745 1936 est
1777 1897 1789 1936 :
1826 1881 1910 1936 ita
1940 1883 2005 1936 ut

2105 629 2352 704 λέγεσθαι
2403 629 2494 685 τὸν
2556 628 2723 706 Λόγον
2807 627 3122 706 βούλονται,
3200 631 3250 703 έξ
3332 630 3448 687 ἴσου
3528 626 3756 688 κενοϐα-

2104 722 2340 780 τοῦντες.

2175 810 2227 864 9.
2401 808 2544 884 Ἐγὼ
2575 808 2664 863 καὶ
2696 809 2723 862 6
2757 809 2944 881 Πατὴρ
2974 805 3028 863 ἓν
3060 807 3238 882 ἐσμεν,
3272 809 3345 864 Τὰ
3397 806 3493 864 δύο
3523 806 3577 864 ἓν
3628 809 3761 865 εἶναί

2109 916 2259 974 φατε,
2291 896 2326 965 ἢ
2355 896 2502 952 τὸὲν
2550 894 2851 971 διώνυμον,
2908 896 2942 967 ἢ
2992 896 3155 952 πάλιν
3201 897 3265 952 τὸ
3313 895 3367 952 ἓν
3403 899 3478 960 εἷς
3510 895 3605 953 δύο
3639 895 3757 972 διῃ-

2109 992 2325 1062 ρῆσθαι.
2360 985 2424 1040 Εἴ
2469 987 2563 1059 μὶν
2616 987 2704 1041 οῦν
2757 987 2818 1041 τὸ
2863 983 2918 1041 ἓν
2972 986 3048 1048 εἰς
3094 983 3189 1041 δύο
3235 983 3518 1062 διῄρηται,
3551 987 3756 1063 ἀνάγκη

2110 1076 2270 1148 σῶμα
2298 1075 2432 1130 εἶναι
2460 1076 2521 1130 τὸ
2570 1073 2854 1150 διαιρεθὲν,
2909 1075 2996 1130 καὶ
3047 1073 3342 1151 μηδέτερον
3374 1075 3582 1131 τέλειον
3614 1078 3756 1150 (51),

2112 1165 2278 1238 μέρος
2325 1164 2429 1240 γὰρ
2471 1162 2718 1240 ἑκάτερον
2768 1163 2856 1218 καὶ
2913 1163 3020 1240 οὐχ
3063 1163 3214 1220 ὅλονο
3252 1165 3295 1219 εἰ
3346 1162 3403 1220 δὲ
3452 1165 3513 1219 τὸ
3537 1165 3592 1220 ’ἐν
3627 1162 3757 1220 διώ-

2107 1273 2299 1327 νομον,
2333 1248 2641 1310 Ααϐελλίου
2689 1254 2751 1308 τὸ
2800 1250 3158 1327 ἐπιτήδευμα,
3198 1253 3288 1308 τὸν
3317 1253 3476 1308 αὐτὸν
3511 1253 3632 1308 Υἱὸν
3667 1253 3757 1308 καὶ

2109 1343 2321 1418 Πατέρα
2369 1340 2651 1418 λέγοντος,
2701 1343 2790 1396 καὶ
2822 1341 3072 1416 ἑκάτερον
3127 1342 3497 1418 ἀναιροῦντος,
3531 1341 3620 1398 ὅτε
3656 1343 3754 1416 μὲν

2109 1433 2254 1501 Υἱὸς,
2286 1431 2377 1486 τὸν
2413 1432 2644 1509 Πατέρα,
2689 1429 2779 1486 ὅτι
2826 1428 2883 1486 δὲ
2931 1432 3139 1506 Πατὴρ,
3194 1431 3286 1486 τὸν
3319 1430 3465 1489 Υὶόν.
3512 1430 3580 1486 Εἴ
3609 1428 3666 1486 δὶ
3694 1431 3762 1486 τὰ

2110 1518 2207 1576 δύο
2235 1519 2316 1590 ἓν,
2365 1521 2568 1598 ἀνάγκη
2623 1518 2718 1575 δύο
2778 1521 2872 1594 μὶν
2924 1522 3079 1589 εἶναι,
3139 1519 3197 1574 ἓν
3247 1518 3306 1576 δὲ
3331 1522 3442 1594 (52)
3474 1520 3609 1575 κατᾶ
3655 1522 3754 1590 τὴν

2111 1609 2361 1683 ϐιότητα,
2403 1609 2660 1665 καὶκατά
2713 1610 2775 1664 16
2826 1609 3120 1683 ὁμοούσιον
3166 1609 3300 1664 εἶναι
3357 1607 3451 1665 τὸν
3507 1611 3629 1665 Υἱὸν
3678 1615 3758 1682 τῷ

2110 1700 2302 1777 Πατρὶ,
2356 1699 2447 1755 καὶ
2508 1699 2558 1773 ἐξ
2617 1698 2794 1754 αὐτοῦ.
2835 1704 2934 1754 τοῦ
2981 1699 3190 1776 Πατρὸς
3250 1700 3382 1754 εἶναι
3429 1699 3521 1754 τὸν
3553 1699 3754 1775 Λόγον·

2111 1788 2250 1845 ὥστε
2280 1787 2375 1844 δύο
2434 1789 2526 1864 μὲν
2588 1791 2745 1861 εἶναι,
2807 1787 2892 1844 ὅτι
2939 1791 3124 1863 Πατήρ
3179 1790 3291 1863 (53)
3324 1787 3434 1844 ἰστι
3466 1789 3555 1844 καὶ
3610 1789 3754 1857 Υἱὸς,

2111 1878 2271 1934 ’ὀέστι
2303 1880 2502 1954 Λόγος,
2561 1874 2617 1933 ἓν
2673 1875 2750 1948 δὶ,
2799 1876 2881 1933 ὅτι
2931 1879 3009 1941 εἷς
3057 1878 3206 1940 Θεός.
3247 1876 3309 1935 Εἰ
3339 1878 3443 1954 γὰρ
3473 1877 3550 1951 μὴ
3583 1876 3758 1940 οὕτως

349 1966 466 2022 duo
495 1967 732 2038 quidem
769 1968 907 2039 sint,
938 1969 1079 2040 quia
1111 1970 1277 2026 Pater
1296 1973 1386 2026 est
1413 1973 1470 2026 et
1501 1969 1704 2038 Filius,
1737 1970 1889 2042 quod
1913 1973 1999 2026 est

2116 1964 2276 2040 ἐστὶν,
2307 1964 2413 2022 ἔδει
2465 1966 2660 2037 εἰπεῖν,
2713 1968 2860 2043 Ἐγώ
2904 1966 3016 2041 εἷ’μι
3068 1967 3096 2022 6
3145 1967 3333 2043 Πατὴρ
3378 1966 3437 2037 ἢ,
3472 1967 3612 2043 Ἐγὼ
3667 1967 3757 2021 καὶ

348 2055 643 2125 Verbum;
678 2073 862 2114 unum
899 2066 1116 2129 autem,
1158 2061 1298 2132 quia
1333 2065 1481 2116 Deus
1513 2077 1668 2116 unus
1712 2064 1820 2115 est.
1852 2059 1999 2115 Nam

2116 2056 2359 2129 ὁΠατήρ
2419 2056 2554 2130 εἶμι.
2616 2060 2720 2111 Νῦν
2785 2054 2843 2112 δὶ
2890 2055 2942 2111 ἐν
2991 2060 3093 2130 τῷ,
3144 2055 3287 2130 Ἐγὼ
3331 2057 3464 2129 (54),
3510 2053 3605 2110 τὸν
3633 2055 3756 2110 Υἱὸν

347 2143 461 2201 nisi
491 2145 573 2201 ita
602 2146 700 2215 sit,
733 2147 1048 2204 dicendum
1079 2154 1232 2205 certe
1262 2148 1347 2204 illi
1377 2153 1502 2205 erat
1533 2167 1546 2206 :
1583 2149 1699 2222 Ego
1739 2165 1872 2205 sum
1899 2152 1999 2204 Pa-

2116 2147 2387 2220 σημαίνειο
2452 2144 2505 2200 ἐν
2563 2143 2621 2200 δὲ
2676 2150 2778 2218 τῷ,
2832 2145 2920 2201 καὶ
2971 2147 3000 2199 6
3045 2145 3255 2219 Πατὴρ,
3285 2145 3376 2200 τὸν
3406 2145 3796 2219 γενντςσανταο¹

347 2237 457 2304 ter,
482 2233 572 2290 vel
601 2234 720 2308 Ego
751 2241 806 2292 et
834 2241 1006 2294 Pater
1025 2255 1181 2295 sum.
1203 2239 1368 2294 Nunc
1389 2255 1523 2295 vero
1553 2239 1667 2294 ista
1688 2255 1844 2306 voce,
1868 2239 1999 2310 Ego,

2116 2234 2165 2292 tv
2194 2232 2251 2290 δὲ
2276 2240 2378 2308 τῷ,
2410 2235 2488 2304 ἓν,
2519 2236 2618 2304 τὴν
2655 2233 2780 2308 μίαν
2812 2233 3039 2304 θεότητα
3067 2236 3158 2290 καὶ
3205 2234 3268 2290 τὸ
3317 2233 3611 2307 ὁμοούσιον
3662 2231 3761 2288 αύ-

349 2321 562 2380 Filium
591 2323 885 2396 significat
910 2343 924 2394 ;
956 2327 1282 2399 genitorem
1309 2333 1525 2395 autem,
1550 2344 1684 2383 cum
1707 2326 1929 2396 subdit,
1951 2330 1999 2383 et

2116 2329 2227 2383 τοῦ.
2261 2325 2338 2383 Οὐ
2367 2325 2470 2401 γὰρ
2499 2325 2620 2378 καθ’
2658 2321 2937 2396 Ἓλληνας
2980 2312 3013 2380 ’ὁ
3064 2323 3226 2386 αὐτὸς
3278 2323 3444 2402 σοφὸς
3477 2323 3565 2378 καὶ
3597 2322 3761 2401 σοφία

349 2413 516 2468 Pater
543 2430 562 2467 :
593 2413 845 2486 denique
877 2414 1150 2483 dictione,
1184 2433 1380 2484 unum,
1416 2433 1595 2471 unam
1635 2416 2000 2472 divinitatem

348 2518 638 2574 suamque
665 2504 936 2575 designat
958 2505 1652 2562 consubstantialitatem.
1677 2505 1789 2562 Nec
1821 2506 2002 2572 enim,

350 2593 416 2646 ut
443 2590 708 2662 gentiles'
743 2596 972 2666 putant,
1006 2595 1160 2650 idem
1204 2599 1294 2650 est
1321 2594 1558 2667 sapiens
1607 2599 1663 2650 et
1692 2593 2000 2666 sapientia,

348 2679 436 2736 vel
465 2680 633 2749 ﬁidem
683 2683 854 2738 Pater
899 2687 958 2739 et
1005 2682 1303 2753 Verbum;
1355 2683 1680 2741 absurdum
1728 2683 1884 2740 enim
1915 2687 2006 2740 est

348 2769 620 2826 eumdem
651 2770 742 2826 sui
775 2771 964 2844 ipsius
987 2777 1208 2844 patrem
1241 2789 1370 2830 esse
1403 2789 1417 2828 :
1447 2789 1652 2829 verum
1685 2773 1881 2828 divina
1902 2773 2004 2828 do-

351 2858 539 2914 ctrina
572 2858 800 2916 Patrem
835 2865 894 2916 et
924 2861 1132 2918 Filium
1167 2863 1346 2934 novit,
1398 2863 1723 2934 sapientem
1772 2866 1830 2919 et
1857 2859 2230 2934 sapientiam,
2281 2861 2466 2918 Deum
2497 2866 2554 2917 et
2582 2862 2840 2918 Verbum
2892 2878 2906 2917 :

2112 2413 2273 2486 ἐστὶν,
2306 2415 2341 2484 ἢ
2375 2414 2402 2468 6
2436 2413 2593 2476 αὐτὸς
2622 2415 2809 2490 Πατῆρ
2853 2413 2943 2468 καὶ
2987 2412 3161 2489 Λόγος
3191 2411 3352 2467 ἐστίν·
3385 2411 3623 2487 ἀπρεπὶς
3655 2411 3760 2487 γὰρ

2112 2504 2276 2558 αὐτὸν
2310 2503 2501 2558 ἑαυτοῦ
2532 2504 2736 2579 πατέρα
2767 2503 2922 2557 εῖναιι
2957 2505 2991 2572 ἡ
3028 2500 3084 2558 δὲ
3114 2502 3230 2557 θεία
3279 2499 3598 2557 διδασκαλία
3643 2499 3760 2556 οἶδε

2113 2593 2325 2667 Πατέρα
2353 2593 2442 2647 καὶ
2473 2593 2618 2661 Υῖὸν,
2651 2591 2739 2646 καὶ
2774 2593 2936 2671 σοφὸν
2967 2591 3057 2646 καὶ
3090 2590 3304 2668 σοφίαν,
3350 2591 3440 2645 καὶ
3492 2589 3622 2645 Θεὸν
3669 2588 3760 2644 καὶ

2114 2683 2314 2758 Λόγον·
2340 2679 2577 2736 καθόλου
2612 2681 2796 2756 μέντοι
2829 2679 3087 2753 φυλάττει
3289 2675 3615 2755 ἀδιαίρετον,
3667 2679 3759 2734 καὶ

2114 2766 2502 2840 ἀδιάσπαστον,
2531 2771 2621 2825 καὶ
2653 2770 2942 2846 ἀμέριστον
2971 2771 3109 2825 κατά
3131 2770 3326 2824 πάντα.

2959 2861 3209 2917 maxime
3256 2864 3453 2915 autem
3496 2864 3660 2916 cavet
3689 2876 3762 2916 ne

354 2949 494 3020 quid
529 2947 857 3019 dividuum,
890 2951 1233 3008 dissolubile
1264 2951 1350 3009 vel
1381 2952 1706 3025 separabile
1735 2951 1976 3008 omnino
2007 2950 2068 3006 in
2097 2950 2214 3007 Deo
2245 2951 2537 3008 admittat.

423 3037 512 3092 10.
543 3041 828 3095 Ceterum
861 3040 910 3096 si
942 3040 1076 3114 quis
1107 3041 1256 3098 duos
1286 3057 1416 3098 esse
1447 3045 1677 3097 Patrem
1710 3045 1766 3096 et
1789 3040 1999 3097 Filium

2187 3041 2274 3096 10.
2307 3039 2434 3096 Ἐὰν
2491 3036 2568 3112 δὲ,
2629 3036 2712 3094 ὅτι
2773 3035 2868 3092 δύο
2916 3035 3058 3092 ἐστὶν
3109 3037 3138 3091 6
3183 3037 3370 3112 Πατὴρ
3417 3036 3509 3091 καὶ
3551 3036 3579 3091 6
3612 3036 3758 3107 Υἱὸς,

347 3125 614 3193 audiens,
648 3145 762 3184 non
808 3128 1202 3186 calumnietur
1230 3131 1396 3202 quasi
1427 3131 1528 3203 qui
1561 3131 1710 3187 duos
1739 3130 1878 3186 deos
1907 3130 1996 3184 in-

346 3214 635 3272 ducamus
664 3217 951 3286 (nonnulli
975 3218 1132 3275 enim
1165 3219 1222 3275 id
1257 3220 1368 3276 sibi
1402 3221 1653 3294 ﬁngunt,
1679 3219 2000 3292 statimque

346 3319 454 3359 nos
476 3302 568 3361 bis
589 3304 781 3362 verbis
797 3306 1064 3376 irrident,
1078 3311 1196 3365 Vos
1224 3309 1371 3364 duos
1393 3310 1533 3365 deos
1555 3307 1863 3379 asseritis),
1884 3307 2000 3364 ιω-

338 3391 604 3464 jusmodi
653 3393 994 3452 hominibus
1026 3399 1110 3453 sic
1161 3398 1632 3470 respondendum
1667 3402 1753 3454 est
1785 3413 1799 3453 :
1833 3397 1894 3454 Si
1925 3396 1997 3463 is,

348 3480 448 3554 qui
478 3486 701 3538 Patrem
752 3488 808 3538 et
840 3483 1048 3541 Filium
1099 3487 1385 3558 agnoscit,
1435 3487 1584 3543 duos
1635 3487 1776 3543 deos
1807 3485 1996 3541 dicit:

349 3585 584 3627 necesse
629 3576 721 3627 est
767 3573 950 3645 igitur
996 3578 1060 3630 ut
1107 3575 1254 3630 Filio
1306 3575 1633 3647 repudiato,
1665 3592 1699 3631 a
1746 3573 1999 3632 Sabellio

347 3663 465 3716 stet
494 3659 593 3732 qui
622 3677 805 3717 unum
851 3678 978 3718 esse
1009 3663 1214 3720 credit.
1265 3663 1530 3737 Namque
1559 3665 1606 3721 si
1642 3665 1692 3720 is
1723 3663 1820 3734 qui
1852 3663 2000 3718 duos

349 3747 509 3816 dicit,
541 3750 778 3822 gentilis
806 3760 890 3808 est
927 3770 939 3808 :
975 3752 1155 3826 igitur
1196 3751 1315 3824 ille,
1348 3753 1450 3826 qui
1501 3770 1681 3809 unum
1714 3753 1874 3824 dicit,
1905 3756 2003 3806 Sa-

345 3837 636 3895 bellianus
667 3845 778 3897 est.
812 3841 1030 3898 Verum
1079 3859 1193 3898 non
1227 3843 1307 3899 ita
1338 3859 1400 3898 se
1427 3859 1520 3900 res
1552 3843 1731 3899 habet
1757 3859 1770 3911 ;
1805 3841 1996 3898 absit!

345 3929 448 3985 sed
477 3932 981 4003 quemadmodum
1029 3934 1100 4002 is,
1134 3934 1236 4006 qui
1267 3939 1496 3990 Patrem
1529 3939 1586 3991 et
1612 3935 1823 3990 Filium
1853 3934 2002 3988 duos

347 4033 478 4074 esse
510 4022 794 4092 agnoscit,
833 4039 1015 4078 unum
1053 4028 1232 4078 Deum
1264 4040 1387 4080 esse
1417 4025 1729 4080 confitetur
1751 4040 1765 4079 :
1791 4024 1872 4078 ita
1905 4020 2003 4077 ille

347 4107 448 4180 qui
479 4109 654 4165 Deum
685 4127 868 4167 unum
902 4111 1107 4180 credit,
1133 4117 1362 4168 Patrem
1395 4117 1451 4167 et
1472 4112 1687 4169 Filium
1716 4113 1862 4168 duos
1886 4126 2007 4166 cre-

345 4197 448 4254 dat
479 4214 627 4267 esse,
653 4200 752 4256 sed
786 4218 968 4257 unum
999 4201 1324 4274 divinitate,
1348 4206 1405 4258 et
1434 4206 1724 4274 quatenus
1747 4219 1813 4257 ex
1836 4203 2005 4259 Patre

346 4290 554 4342 natum
583 4288 864 4358 Verbum,
897 4291 970 4346 ab
997 4291 1126 4363 ipso
1149 4295 1318 4348 Patre
1350 4308 1455 4347 nec
1486 4291 1745 4364 separari
1779 4308 1883 4347 nec
1915 4292 2004 4346 di-

2109 3128 2326 3184 ἀκούων
2355 3149 2438 3191 τις
2467 3122 2782 3196 διαϐάλλοι,
2813 3128 2888 3190 ὡς
2941 3124 3036 3183 δύο
3077 3128 3211 3183 θεῶν
3239 3123 3759 3203 καταγγελλομὲνων

2111 3219 2357 3292 (τοιαῦτα
2407 3220 2512 3295 γάρ
2570 3238 2710 3281 τινες
2761 3215 2972 3279 ἑαυτοῖς
3037 3215 3488 3284 ἀναπλάττονται,
3537 3215 3626 3271 καὶ
3677 3215 3764 3272 εύ-

2111 3310 2246 3374 θέως
2279 3309 2536 3386 γελῶσιν,
2593 3307 2676 3366 ὅτι
2731 3308 2834 3365 Δύο
2893 3307 3052 3372 Θεοὺς
3103 3307 3328 3383 λέγετε)·
3373 3304 3588 3362 λεκτέον
3621 3309 3763 3384 πρὸς

2106 3397 2234 3453 τοὺς
2271 3396 2575 3459 τοιούτους-
2630 3397 2689 3452 El
2733 3399 2761 3452 6
2812 3395 3021 3473 Πατέρα
3065 3395 3154 3452 καὶ
3186 3396 3308 3450 Υἳὸν
3341 3395 3624 3470 γινώσκων
3658 3391 3760 3449 δύο

2111 3485 2265 3551 Θεοὺς
2294 3485 2442 3564 λέγει
2490 3490 2629 3561 (56),
2681 3485 2797 3561 ὠρα
2842 3485 2931 3541 καὶ
2973 3487 3065 3541 τὸν
3098 3484 3326 3560 λέγοντα
3354 3481 3467 3557 ἕνα,
3521 3485 3755 3558 ἀναιρεῖν

2107 3575 2198 3630 τὸν
2224 3574 2370 3645 Υἱὸν,
2401 3575 2490 3628 καὶ
2524 3568 2899 3643 Σαϐελλίζειν.
2956 3572 3019 3628 Εἰ
3075 3572 3176 3647 γὰρ
3231 3572 3258 3626 6
3291 3570 3462 3646 λέγων
3495 3568 3591 3626 δύο
3623 3569 3758 3628 Ἑλ-

2112 3662 2344 3734 ληνίζει,
2393 3662 2586 3719 οὐκοῦν
2638 3663 2665 3717 6
2716 3661 2893 3737 λέγων
2938 3658 2992 3717 ἓν
3042 3663 3154 3736 (57)
3196 3655 3542 3729 Σαῦελλίζει.
3577 3661 3756 3716 Τοῦτο

2113 3751 2171 3809 δὲ
2202 3753 2300 3809 οὐκ
2333 3751 2462 3810 ἔστι·
2501 3756 2576 3827 μὴ
2609 3752 2861 3829 γένοιτοῐ
2895 3750 3024 3808 ἀλλ’
3063 3748 3244 3826 ὥσπερ
3278 3751 3306 3804 6
3338 3749 3514 3826 λέγων
3545 3749 3760 3826 Πατέρα

2110 3843 2199 3898 καὶ
2260 3843 2380 3897 Υἱὸν
2441 3840 2536 3897 δύο
2597 3840 2687 3897 ἕνα
2743 3843 2870 3896 Θεὸν
2927 3839 3094 3916 λέγει,
3135 3838 3308 3900 οὕτως
3359 3840 3386 3894 6
3447 3837 3618 3913 λέγων
3662 3835 3760 3893 ἕνα

2111 3931 2241 3986 Θεὸν
2293 3928 2388 3985 δύο
2446 3930 2710 4008 φρονείτω
2770 3932 2880 4004 (58)
2939 3926 3152 4005 Πατέρα
3204 3925 3292 3981 καὶ
3342 3924 3564 3999 Υἱὸν,ἓν
3600 3920 3758 3988 ὄντας

2109 4025 2178 4095 τῇ
2211 4022 2448 4094 θεότητι,
2481 4022 2570 4076 καὶ
2617 4025 2696 4094 τῷ
2745 4018 2797 4091 ἐξ
2845 4019 3009 4074 αὐτοῦ
3058 4015 3345 4094 ἀμέριστον
3396 4018 3486 4072 καὶ
3517 4014 3757 4092 ἀδιαίρε-

2110 4131 2204 4165 τον
2234 4111 2323 4166 καὶ
2374 4111 2685 4187 ἀχώριστον
2734 4109 2862 4164 εἶναι
2911 4109 3006 4164 τὸν
3058 4106 3231 4184 Λόγον
3263 4105 3369 4162 ἀπὸ
3397 4110 3494 4161 τοῦ
3526 4105 3756 4180 Πατρός.

2113 4197 2348 4257 Ἐστιδὶ
2399 4198 2747 4276 παράδειγμα
2799 4199 3158 4276 ἀνθρώπινον,
3218 4196 3280 4251 τὸ
3330 4199 3437 4271 πῦρ
3481 4194 3571 4250 καὶ
3615 4195 3678 4249 τὸ
3708 4192 3762 4266 ἐξ

2117 4289 2283 4346 αὐτοῦ
2312 4289 2666 4366 ἀπαύγασμα,
2713 4286 2810 4344 δύο
2870 4289 2963 4362 μὲν
3009 4292 3090 4360 τῷ
3140 4287 3269 4340 εἶναι
3300 4284 3390 4340 καὶ
3423 4286 3669 4356 ὁρᾶσθαι,
3701 4279 3757 4338 ἓν

345 4373 464 4430 vidi
497 4392 604 4482 nec
634 4379 864 4452 sejungi
898 4385 1112 4452 potest.
1135 4381 1424 4448 Humano,
1450 4381 1500 4436 si
1531 4379 1741 4453 placet,
1765 4384 1999 4438 utamur

2116 4377 2172 4435 δὲ
2194 4383 2274 4452 τῷ
2302 4376 2354 4451 ἐξ
2386 4377 2549 4435 αὐτοῦ
2579 4381 2694 4454 (59)
2725 4378 2815 4434 καὶ
2837 4374 3140 4451 ἀδιαίρετον
3170 4375 3305 4432 εἷναι
3335 4375 3397 4430 τὸ
3425 4373 3764 4452 ἀπαύγασμα

347 4463 633 4537 exemplo.
661 4467 814 4539 Ignis
834 4473 890 4524 et
920 4469 1198 4541 splendor
1218 4486 1288 4526 ex
1316 4487 1382 4526 eo
1416 4474 1596 4542 ortus,
1625 4471 1741 4526 duo
1763 4470 1999 4544 quidem
2034 4463 2080 4482 ⁸
2113 4467 2297 4525 αὐτοῦ.

353 4555 494 4610 sunt
523 4559 816 4626 quatenus
842 4557 1137 4614 exsistunt
1169 4563 1228 4616 et
1255 4563 1617 4618 cernuntur:
1651 4576 1837 4617 unum
1869 4575 2003 4618 vero
2050 4565 2211 4628 sunt,
2244 4562 2536 4633 quatenus
2584 4558 2862 4633 splendor
2889 4556 2962 4614 ab
3009 4555 3144 4630 igne
3171 4559 3281 4625 est,
3313 4571 3420 4612 nec
3469 4553 3542 4611 ab
3573 4569 3640 4611 eo
3669 4553 3764 4610 di-

349 4641 470 4702 vidi
501 4647 712 4718 potest.

419 4787 467 4826 ⁸³
490 4788 662 4848 Joan.
688 4807 744 4863 ι,
774 4789 868 4847 30.

416 4950 531 5027 (59)
563 4951 670 5027 Hic
695 4951 756 5008 in
788 4951 1050 5027 Basil.,et
1095 4952 1324 5027 Anglic.
1359 4953 1729 5027 interseritur
1788 4955 1988 5027 hujus-

287 5047 291 5053 -
348 5022 508 5096 modi
539 5023 772 5096 titulus,
803 5029 861 5080 et
889 5024 1123 5096 quidem
1154 5022 1416 5096 iniciatis
1445 5024 1656 5096 litteris
1699 5025 1760 5082 in
1790 5022 1991 5096 llafsil”

347 5091 490 5166 Iob;
515 5091 947 5166 Σαοελλίζοντοῖς
978 5096 1067 5150 καὶ
1097 5095 1223 5156 τοὺς
1269 5093 1474 5157 ἄλλους
1503 5094 1783 5166 Ἓλληνας
1834 5091 1992 5158 ὅνταέ

348 5164 563 5240 ἐρέσθαι
619 5165 819 5232 οὕτως,
855 5168 913 5223 id
972 5173 1082 5232 est,
1132 5169 1535 5225 Sabellimntes
1591 5179 1646 5225 et
1677 5164 1864 5235 'alios,
1899 5170 1997 5240 qui

390 5237 594 5294 smiles
638 5244 787 5304 sunt,
817 5241 899 5294 sic
954 5242 1316 5309 interrogare.
1349 5241 1482 5305 Quae
1516 5241 1656 5296 item
1704 5237 1996 5297 habentur

344 5312 418 5384 ad
453 5309 778 5384 marginem
809 5309 868 5365 in
903 5311 1102 5384 Regio,
1133 5317 1369 5384 Seguer.
1393 5312 1624 5384 prler.
1645 5318 1701 5367 et
1731 5312 1920 5368 Felck.
1940 5314 1990 5367 1.

345 5383 483 5455 Mox
511 5378 650 5455 Reg.
680 5388 740 5455 et
767 5378 1028 5454 Seguerf,
1063 5383 1097 5452 ἢ
1125 5378 1288 5438 πάλιν
1319 5382 1382 5437 τὸ
1426 5378 1505 5454 ἓν,
1537 5390 1646 5439 etc.
1679 5384 1881 5441 Ceteri
1939 5390 1996 5440 et

348 5453 507 5517 editi,
543 5451 804 5525 εἶ’πάλιν,
834 5451 945 5511 Sic.

564 5526 735 5602 Rasil.
769 5521 834 5602 et
853 5526 1108 5602 Anglic.)
1137 5523 1228 5580 καὶ
1262 5526 1338 5598 μὴ
1368 5521 1550 5602 ἕτερον
1581 5524 1814 5581 τέλειον.

440 5594 531 5668 52)
566 5598 779 5668 Regius
812 5594 869 5652 δέ
899 5594 1140 5656 omittit.

561 5670 916 5743 Regius,_6'1t
947 5670 976 5725 6
1006 5669 1214 5742 Πατήρ.

438 5739 529 5815 54)
557 5739 916 5815 Βίοᾚοεὶυε,
945 5739 1182 5814 Βοειιοιιζ
1216 5745 1274 5799 et
1305 5741 1605 5816 Anglican.
1661 5745 1732 5797 At
1789 5740 1888 5797 alii
1938 5743 1995 5799 et

2103 4953 2268 5021 editi,
2299 4955 2389 5027 νῦν
2510 4952 2574 5006 τὸ
2604 4951 2730 5027 έγώ.

2177 5019 2288 5097 (55)
2320 5025 2586 5103 Basil,_et
2615 5019 2868 5103 Anglic,
2899 5020 3226 5103 φυλάττεινλ
3240 5020 3465 5103 Ibidem
3515 5019 3753 5103 Regius,

2105 5089 2340 5165 Seguér.
2374 5089 2602 5167 Gobler.
2638 5089 2992 5167 etvF'elckH,
3023 5093 3112 5150 καὶ
3163 5089 3502 5149 ἀδιάστατον.
3541 5089 3651 5146 ΑΙἶί
3701 5096 3761 5148 et

2104 5169 2268 5233 editi.
2299 5168 2383 5222 καὶ
2421 5165 2770 5222 ἀδιάσπατον.

2175 5241 2528 5317 (56)_Regius
2575 5245 2944 5317 et_$eguer.,
2986 5235 3453 5317 ,λέγφντὸοᾴωἱξι
3499 5235 3750 5317 ‘Seguer.

2103 5307 2474 5367 emendatum
2511 5318 2618 5379 est,
2647 5307 2814 5379 λέγει,
2849 5307 3002 5367 utet
3031 5307 3131 5366 alii
3160 5315 3217 5366 et
3247 5307 3388 5364 editi
3419 5307 3656 5363 habent.

2177 5332 2474 5367 ienaatum
2511 5332 2618 5379 est,
2649 5332 2710 5365 Λε
2750 5332 2814 5378 ει,

2177 5384 2288 5526 (57)
2316 5383 2693 5466 A'nglicanus,
2711 5332 2831 5438 iw.

2177 5456 2266 5523 (58
2314 5459 2403 5526 Sic
2434 5455 2572 5526 Reg.
2606 5460 2663 5510 et
2717 5461 2831 5524 Seg'

2174 5460 2288 5526 (58)
2314 5460 2403 5510 Sic
2434 5460 2572 5527 Reg.
2606 5460 2663 5510 et
2717 5461 2951 5524 Seguer.
3002 5460 3076 5508 At
3131 5460 3298 5508 Gobl.
3360 5460 3416 5504 et
3473 5460 3661 5505 r‘elck.
3698 5460 3751 5514 1,

2104 5525 2430 5611 9303316»;
2471 5525 2712 5611 gentia.
2747 5527 2855 5611 Alii
2993 5523 3191 5611 editio“
3215 5520 3519 5611 ῼιλῐῐιῐιςιθὶ.ἶ
3558 5525 3754 5611 Spw}?

2211 5590 2450 5673 Πατέρα,
2471 5599 2599 5655 Mox
2623 5590 2766 5673 Reg.
2801 5597 3031 5673 Gobler:
3067 5601 3125 5652 et
3153 5591 3525 5673 Felck._l,_16
3555 5590 3609 5661 ἶξ
3652 5591 3749 5647 αύ-

2101 5662 2217 5726 τόῦ.
2252 5662 2455 5728 (Γ.ωὲοή
2484 5676 2542 5728 et
2569 5662 2748 5729 editio
2778 5669 3082 5738 Commel.,
3112 5670 3193 5738 τῷ
3220 5662 3276 5738 ἐξ
3305 5662 3492 5738 αὐτοῦ.

2173 5741 2286 5818 (59)
2317 5742 2529 5816 Regius
2559 5748 2617 5803 et
2663 5745 2920 5816 Seguer.,
2953 5738 3017 5795 τὸ
3066 5735 3118 5812 ἐξ
3168 5735 3362 5794 αὐτοῦ.
3393 5737 3526 5806 Mox
3582 5737 3742 5808 ante,

2314 5445 2572 5527 SicVReg.
2606 5445 2692 5527 et'
2717 5461 2951 5524 Seguer.
3002 5456 3080 5527 At
3114 5450 3298 5527 _Gobl.
3360 5454 3416 5504 et
3454 5445 3661 5527 _Felck.
3698 5450 3751 5527 l_,_
