4076 6368
322 440 437 502 481

1443 432 1736 494 ORATIO
1778 432 1860 494 1v
1903 411 2215 494 CONTRA
2266 431 2635 495 ARIANOS.

3594 481 3598 484 -
3618 437 3739 499 482

401 573 483 628 11.
519 568 618 632 Εἷς
645 569 744 636 τὴν
776 567 942 636 αὐτὴν
999 566 1092 639 μὲν
1145 567 1327 619 ἄνοιαν
1372 568 1486 625 τοῖς
1537 564 1835 639 Ἀρειανοῖς
1892 562 1978 617 πί-

2166 567 2313 624 495
2351 567 2436 621 11.
2471 565 2621 622 Sane
2651 563 2736 620 illi
2768 564 2830 620 in
2859 566 3128 622 eamdem
3185 567 3542 624 dementiam
3590 569 3737 626 inci-

322 681 518 716 πτουσι
553 679 566 690 ·
629 657 868 713 κάκεῖνοι
946 654 1048 732 γάρ
1107 676 1234 733 φασι
1295 651 1362 708 δι’
1421 655 1566 726 ἡμᾶς
1621 652 1777 715 αὐτὸς
1836 650 1976 708 ἐκτί-

321 763 444 815 σθαι
475 750 612 822 (60),
639 744 734 801 ’ίνα
762 747 911 820 ἡμᾶς
966 743 1140 818 κτίσῃ,
1193 742 1374 818 ὥσπερ
1426 746 1522 797 τοῦ
1567 746 1701 797 Θεοῦ
1746 740 1981 819 περιμέ-

323 859 516 900 νοντος
571 837 670 905 τὴν
722 835 992 911 ἡμετέραν
1043 831 1239 901 κτίσιν,
1279 830 1437 901 ’ίναῆ
1470 825 1816 908 προϐἀληται
1865 830 1982 886 κατ’

321 927 588 997 ἐκείνους,
641 924 678 994 ἢ
730 924 885 998 κτίσῃ
934 922 1071 978 κατὰ
1116 921 1362 982 τούτους.
1415 919 1682 996 ’Λρειανοὶ
1739 919 1832 993 μὲν
1889 916 1979 974 οῦν

327 1017 500 1075 πλέον
532 1019 671 1088 ἡμῖν
699 1015 733 1084 ἣ
763 1018 848 1086 τῷ
900 1013 1010 1085 Γιῷ
1049 1009 1390 1088 χαρίζονται·
1438 1008 1501 1063 οὐ
1547 1008 1649 1083 γὰρ
1701 1011 1865 1081 ἡμεῖς
1911 1004 1984 1062 δι’

325 1108 556 1174 ἐκεῖνον,
609 1104 767 1182 φασὶν
813 1104 940 1174 (61),
995 1099 1120 1156 ἀλλ’
1173 1099 1376 1160 ἐκεῖνος
1430 1095 1499 1153 δι’
1543 1099 1691 1170 ἡμᾶς
1738 1096 1979 1173 γέγονεν⁶

324 1196 438 1271 εἷ’γε
491 1192 580 1249 διὰ
628 1195 788 1248 τοῦτο
831 1189 1045 1260 ἐκτίσθη
1096 1187 1186 1244 καὶ
1220 1188 1415 1257 ὑπέστη
1441 1232 1458 1261 ,
1483 1183 1578 1242 ’ίνα
1607 1188 1754 1259 ἡμᾶς
1788 1182 1858 1239 δι’
1888 1183 1983 1239 αὐ-

319 1289 422 1340 τοῦ
455 1282 614 1357 κτίσῃ
649 1282 678 1336 ὁ
730 1278 884 1342 Θεὸς.
938 1278 1101 1334 Οὗτοι
1156 1274 1235 1345 δὲ,
1268 1276 1319 1348 εξ
1351 1275 1470 1331 ῒσου
1521 1275 1556 1343 ἢ
1587 1274 1678 1331 καὶ
1722 1274 1984 1348 μειζόνως

326 1367 669 1438 ἀσεϐοῦντες,
703 1365 928 1425 ἔλαττον
979 1371 1059 1439 τῷ
1087 1370 1204 1438 Θεῷ
1233 1366 1268 1435 ἢ
1300 1367 1436 1438 ἡμῖν
1484 1361 1746 1421 διδόασιν.
1790 1365 1982 1436 Ἡμεῖς

328 1464 436 1538 γὰρ
468 1459 740 1521 πολλάκις
768 1459 862 1512 καὶ
907 1457 1022 1530 (62)
1073 1459 1386 1516 σιωπῶντες
1435 1453 1550 1527 μὲν,
1591 1451 1982 1526 ἐνθυμούμενοι

331 1549 392 1608 δὲ
423 1552 772 1624 ἐνεργοῦμεν,
806 1546 944 1602 ὥστε
971 1544 1039 1600 τὰ
1083 1544 1142 1600 ἐκ
1179 1550 1279 1614 τῆς
1332 1542 1676 1616 ἐνθυμήσεως
1705 1543 1792 1597 καὶ
1827 1538 1983 1596 εἰδω-

333 1640 697 1698 λοποιεῖσθαι·
731 1635 824 1692 τὸν
876 1631 933 1689 δὲ
981 1633 1134 1705 Θεὸν,
1189 1635 1482 1686 σιωπῶντα
1535 1632 1628 1704 μὲν
1676 1630 1934 1706 ἀνενὲργη
1963 1661 1986 1672 -

321 1750 444 1798 τον,
477 1725 751 1782 λαλοῦντα
781 1721 840 1779 δὲ
871 1723 1079 1800 ἰσχύειν
1128 1720 1288 1777 αὐτὸν
1343 1719 1656 1796 βούλονταιο
1691 1717 1804 1794 εῗγε
1851 1739 1986 1774 σιω·

324 1823 448 1874 πῶν
482 1816 577 1889 μὲν
607 1813 707 1869 οὐκ
734 1810 972 1883 ἠδύνατο
1003 1815 1202 1882 ποιεῖν,
1226 1807 1412 1865 λαλῶν
1447 1807 1505 1864 δὲ
1529 1811 1729 1879 κτίζειν
1760 1808 1984 1882 ἤρξατο.

324 1904 576 2002 Ἐρέσεαι
611 1905 723 2002 (63)
752 1902 852 1979 γὰρ
907 1900 1103 2002 αὐτοὺς
1157 1897 1384 2002 δίκαιον,
1435 1899 1478 1952 εἰ
1535 1899 1562 1952 ὁ
1594 1899 1796 2002 λξθξγος,
1828 1896 1880 1952 ἐν
1906 1900 1986 2002 τῶ
2020 1935 2068 2002 Β

328 2000 450 2067 Θεῷ
482 1991 580 2064 ὢν,
639 1989 848 2054 τέλειος
903 1989 997 2059 ἦν,
1057 1989 1195 2044 ὥστε
1251 1987 1342 2042 καὶ
1397 1991 1572 2043 ποιεῖν
1616 1984 1892 2050 δύνασθαι.
1924 1984 1988 2040 Et

343 2085 441 2159 μὲν
494 2081 586 2137 οὖν
640 2082 756 2155 (64)
807 2079 1006 2148 ἀτελής
1062 2078 1153 2150 ἦν,
1207 2076 1258 2132 ἐν
1312 2080 1428 2148 Θεῷ
1478 2072 1573 2146 ὢν,
1628 2076 1899 2151 γεννηθεὶς
1932 2071 1990 2128 δὲ

331 2173 548 2234 τέλειος
605 2170 846 2246 γέγονεν·
907 2171 1071 2241 ἡμεῖς
1129 2163 1295 2222 αἴτιοι
1350 2172 1450 2235 τῆς
1504 2161 1851 2234 τελειότητος
1894 2163 1988 2218 αὖ·

334 2267 456 2330 τοῦ,
494 2259 604 2337 εἷ’γε
635 2257 704 2314 δι’
738 2261 888 2333 ἡμᾶς
934 2258 1272 2334 γεγέννηται,
1307 2253 1374 2310 δι’
1426 2257 1574 2328 ἡμᾶς
1622 2254 1724 2330 γὰρ
1756 2255 1843 2309 καὶ
1881 2256 1988 2327 (65)

331 2353 399 2407 τὸ
431 2349 686 2406 δύνασθαι
735 2352 908 2404 ποιεῖν
955 2344 1342 2423 προσείληφεν·
1391 2342 1442 2399 εἷ’
1485 2341 1542 2398 δὲ
1587 2342 1796 2405 τέλειος
1840 2343 1905 2412 ἦν
1940 2341 1990 2397 ἐν

337 2445 478 2513 Θεῷ,
511 2439 649 2494 ὥστε
695 2437 786 2492 καὶ
827 2440 1003 2491 ποιεῖν
1057 2431 1336 2501 δύνασθαι,
1386 2434 1611 2509 περιττή
1657 2433 1693 2502 ἡ
1741 2431 1990 2508 γέννησις

335 2529 523 2584 αὐτοῦ’
558 2525 777 2582 ἐδύνατο
811 2527 937 2602 γὰρ,
996 2524 1084 2578 καὶ
1147 2522 1200 2578 ἐν
1260 2521 1434 2598 ΙΙατρὶ
1484 2521 1581 2593 ὣν,
1615 2518 1988 2597 δημιουργεῖνο

335 2616 477 2673 ὥστε
532 2617 569 2686 ἢ
624 2615 687 2671 οὐ
743 2611 1144 2692 γεγὲννηται,ἢ
1203 2609 1518 2687 γεγέννηται
1575 2608 1636 2666 οὗ
1697 2606 1766 2665 δι’
1822 2611 1992 2682 ἡμᾶς,

335 2706 462 2762 ἀλλ’
521 2705 605 2761 δτι
635 2704 716 2760 ἀεὶ
775 2704 836 2760 ἐκ
863 2707 958 2758 τοῦ
990 2700 1207 2777 Πατρός
1261 2699 1423 2754 ἐστιν.
1480 2701 1544 2755 Ἣ
1586 2698 1688 2775 γὰρ
1743 2697 1992 2774 γέννησις

337 2795 504 2851 αὐτοῦ
536 2793 597 2850 οὔ
627 2795 725 2863 τήν
756 2791 917 2866 ἡμῶν
947 2790 1117 2846 κτίσιν
1176 2787 1466 2858 δείκνυσιν,
1497 2787 1647 2844 ἀλλά
1682 2788 1744 2842 τὸ
1774 2786 1834 2843 ἐκ
1861 2791 1995 2842 Θεοῦ

338 2885 496 2940 εἶναι·
528 2883 595 2952 ἦν
627 2884 730 2958 γὰρ
761 2882 851 2936 καὶ
882 2880 992 2958 πρὸ
1020 2886 1120 2949 τῆς
1148 2876 1375 2940 κτίσεως
1406 2879 1590 2951 ἡμῶν.

2091 656 2240 710 dunt
2259 671 2328 711 ac
2358 655 2582 711 Ariani.
2603 655 2748 712 Nam
2780 659 2838 710 et
2867 654 2980 726 ipsi
3018 656 3277 712 Verbum
3311 656 3477 713 aiunt
3506 666 3741 732 propter

2091 760 2197 800 nos
2227 748 2490 799 creatum
2517 759 2668 808 esse,
2692 747 2756 797 ut
2808 759 2915 799 nos
2945 743 3214 801 videlicet
3270 750 3512 816 crearet,
3573 750 3742 820 quasi

2091 833 2248 890 Deus
2279 836 2542 889 nostram
2574 836 2967 904 exspectasset
2997 833 3374 902 creationem,
3427 840 3492 891 ut
3530 835 3619 892 vel
3652 854 3743 894 se-

2092 923 2345 978 cundum
2378 922 2511 978 illos
2542 922 2738 994 ipsum
2762 922 3073 991 emitteret,
3115 921 3199 978 vel
3232 925 3560 981 secundum
3594 926 3743 984 istos

2093 1016 2331 1068 crearet.
2366 1011 2700 1082 Plusigitur
2731 1011 2900 1066 nobis
2922 1011 3190 1067 tribuunt
3223 1013 3419 1068 Ariani
3441 1031 3619 1086 quam
3652 1015 3743 1072 Fi-

2091 1099 2190 1156 lio.
2225 1100 2340 1156 Nec
2371 1101 2526 1156 enim
2561 1116 2666 1154 nos
2700 1104 2936 1171 propter
2964 1099 3156 1166 illum,
3189 1100 3490 1174 inquiunt,
3514 1105 3614 1160 sed
3647 1104 3744 1161 ille

2094 1194 2331 1261 propter
2362 1205 2468 1244 nos
2499 1188 2690 1244 factus
2712 1192 2836 1244 est:
2873 1188 2918 1243 si
2977 1205 3184 1259 nempe
3238 1189 3452 1247 idcirco
3511 1199 3743 1250 creatus

2094 1282 2183 1334 est
2202 1282 2257 1334 et
2285 1277 2537 1344 exsistit,
2571 1280 2637 1331 ut
2669 1293 2772 1332 nos
2806 1281 2959 1332 Deus
2989 1293 3091 1348 per
3111 1293 3246 1332 eum
3277 1286 3522 1337 crearet.
3550 1283 3614 1337 Hi
3638 1300 3742 1339 au-

2091 1371 2211 1422 tem
2247 1365 2371 1438 pari
2401 1365 2488 1422 vel
2519 1365 2698 1421 etiam
2753 1364 2962 1433 majori
3023 1366 3327 1438 impietate
3382 1371 3578 1426 minus
3626 1371 3744 1428 Deo

2095 1471 2272 1527 quam
2298 1454 2467 1510 nobis
2497 1454 2844 1510 concedunt.
2880 1453 2995 1508 Nos
3028 1455 3185 1510 enim
3205 1473 3358 1528 saepe
3387 1457 3474 1513 vel
3505 1459 3746 1518 silentes

2094 1549 2151 1600 et
2180 1544 2370 1599 solum
2405 1543 2730 1615 cogitantes
2760 1540 3014 1614 agimus,
3052 1543 3132 1598 ita
3163 1548 3226 1598 ut
3273 1560 3340 1600 ea
3372 1562 3499 1619 qua
3523 1549 3740 1622 cogita-

2097 1649 2251 1696 mus,
2284 1633 2458 1688 etiam
2489 1630 2848 1703 imaginibus
2878 1635 2934 1686 et
2954 1630 3291 1689 simulacris
3322 1635 3742 1709 exprimantur;

2095 1722 2157 1778 hi
2185 1738 2319 1778 vero
2345 1723 2524 1778 Deum
2557 1720 2827 1777 silentem
2860 1720 3009 1776 nihil
3041 1737 3234 1794 agere,
3269 1725 3369 1781 sed
3397 1731 3628 1785 tantum
3662 1729 3749 1788 lo-

2096 1815 2377 1883 quentem
2411 1810 2528 1865 vim
2563 1809 2777 1866 habere
2802 1808 3023 1880 volunt,
3057 1810 3104 1866 si
3131 1812 3333 1883 utique
3362 1814 3545 1873 silens
3596 1818 3744 1874 nihil

2101 1899 2365 1972 potuerit
2412 1899 2666 1965 efﬁcere,
2723 1899 2826 1954 sed
2883 1898 3130 1970 loquens
3188 1916 3383 1959 creare
3440 1904 3743 1980 inceperit.

2099 1989 2412 2046 Enimvero
2445 2003 2676 2058 aequum
2710 1991 2800 2042 est
2831 2003 2938 2042 nos
2968 1989 3041 2042 ab
3098 1988 3215 2046 illis
3274 2007 3550 2065 quaerere,
3601 2013 3744 2054 num

2099 2077 2378 2147 Verbum,
2402 2093 2536 2132 cum
2565 2080 2721 2131 esset
2749 2077 2808 2131 in
2839 2081 2977 2142 Deo,
3001 2078 3321 2149 perfectum
3347 2081 3539 2150 fuerit,
3573 2085 3654 2142 ita
3685 2091 3752 2144 ut

2098 2170 2294 2239 posset
2317 2181 2483 2237 agere
2509 2163 2536 2218 ?
2564 2165 2621 2220 Si
2654 2164 3061 2236 imperfectum
3085 2172 3230 2238 erat,
3262 2186 3396 2225 cum
3425 2171 3483 2227 in
3514 2173 3629 2231 Deo
3653 2193 3746 2232 es-

2100 2260 2206 2326 set,
2236 2260 2494 2326 tuncque
2524 2254 2847 2325 perfectum
2882 2259 2990 2323 est,
3025 2272 3158 2311 cum
3189 2261 3278 2313 est
3299 2261 3608 2334 genitum;
3641 2281 3751 2322 nos

2100 2361 2236 2416 ergo
2259 2345 2386 2416 ejus
2416 2343 2792 2415 perfectionis
2825 2359 3003 2399 causa
3033 2361 3264 2414 sumus,
3297 2348 3346 2402 si
3379 2366 3588 2423 nempe
3617 2370 3750 2426 pro-

2102 2438 2227 2506 pter
2259 2449 2364 2489 nos
2377 2432 2641 2504 genitum
2668 2432 2864 2488 fuerit.
2894 2435 2976 2487 lta
2991 2433 3145 2503 enim
3164 2444 3400 2508 propter
3417 2457 3522 2496 nos
3543 2444 3753 2515 agendi

2103 2526 2451 2595 potestatem
2484 2522 2788 2593 acceperit.
2825 2521 2884 2577 Si
2915 2538 3048 2579 vero
3081 2525 3405 2595 perfectum
3437 2535 3582 2602 erat,
3616 2548 3752 2590 cum

2103 2611 2160 2667 in
2190 2615 2361 2667 Patre
2381 2616 2555 2681 esset,
2589 2610 2670 2666 ita
2702 2615 2764 2666 ut
2810 2611 2989 2667 etiam
3023 2615 3278 2684 potuerit
3309 2632 3501 2689 agere,
3534 2620 3754 2678 frustra

2103 2705 2258 2758 certe
2282 2699 2544 2772 genitum
2575 2705 2687 2765 est,
2735 2700 3030 2771 siquidem
3072 2719 3267 2758 creare
3325 2710 3570 2780 poterat,
3617 2728 3751 2767 cum

2107 2789 2299 2846 adhuc
2331 2789 2389 2844 in
2422 2793 2593 2844 Patre
2615 2795 2771 2844 esset
2804 2806 2816 2844 :
2852 2806 2917 2845 ac
2939 2790 3310 2862 proinde,vel
3343 2812 3454 2851 non
3481 2798 3747 2868 genitum

2105 2882 2228 2945 est;
2261 2877 2348 2934 vel
2381 2895 2495 2934 non
2529 2882 2764 2950 propter
2819 2895 2926 2934 nos
2978 2880 3244 2951 genitum
3303 2888 3412 2952 est,
3455 2887 3553 2941 sed
3613 2888 3755 2959 quia

340 2990 579 3046 semper
608 2978 698 3030 est
727 2989 796 3029 ex
836 2975 1022 3028 Patre.
1056 2971 1196 3040 Ejus
1248 2969 1407 3025 enim
1447 2971 1610 3024 ortus
1660 2983 1777 3024 non
1809 2967 1994 3023 nostri
2035 2966 2414 3035 creationem,
2457 2967 2555 3023 sed
2589 2965 2785 3038 ipsum
2817 2983 2886 3022 ex
2927 2972 3037 3024 Deo
3086 2984 3216 3026 esse
3262 2971 3557 3045 signiﬁcat
3588 2991 3602 3032 :
3629 2982 3755 3034 erat

343 3063 648 3136 siquidem
677 3061 854 3118 etiam
887 3064 1203 3131 antequam
1226 3073 1584 3114 crearemur.

415 3179 504 3234 12.
536 3175 611 3231 Τὸ
635 3175 766 3230 αὑτὸ
797 3172 855 3229 δὲ
882 3173 971 3229 καὶ
1013 3171 1102 3229 ἐπὶ
1148 3176 1245 3227 τοῦ
1295 3172 1508 3247 ΙΙατρὸς
1549 3169 1862 3244 τολμῶντες
1895 3191 1990 3249 φα-

2178 3173 2260 3227 12.
2293 3171 2441 3237 Quin
2475 3172 2653 3227 etiam
2684 3171 2838 3227 idem
2873 3172 3130 3244 profecto
3150 3175 3454 3232 audebunt
3481 3178 3554 3234 de
3583 3183 3755 3238 Patre

340 3267 621 3336 νήσονται.
655 3262 718 3318 Εἰ
747 3263 848 3340 γὰρ
879 3265 1100 3317 σιωπῶν
1131 3262 1234 3316 οὑκ
1279 3257 1516 3331 ἠδύνατο
1547 3264 1748 3328 ποιεῖν,
1788 3258 1992 3336 ἀνάγκη

338 3350 773 3427 προσειληφέναι
831 3350 992 3406 αὐτὸν
1053 3346 1281 3422 δύναμιν
1330 3349 1660 3424 γεννήσαντα
1690 3391 1708 3416 ,
1771 3345 1802 3402 ὅ
1860 3347 1995 3416 ἔστι,

341 3440 684 3511 λαλήσαντα.
719 3439 815 3494 Καὶ
875 3437 1040 3493 πόθεν
1099 3435 1440 3516 προσείληφε
1472 3455 1486 3507 ;
1518 3437 1606 3492 καὶ
1669 3433 1758 3492 διὰ
1801 3435 1855 3492 τί
1889 3455 1905 3508 ;
1937 3434 1999 3492 Ei

342 3527 405 3586 δὲ
434 3527 693 3599 ἠδύνατο,
726 3523 870 3603 ἔχων
922 3525 972 3582 ἐν
1027 3527 1202 3599 εαυτῷ
1227 3527 1319 3582 τὸν
1352 3524 1548 3603 Λόγον,
1581 3530 1777 3595 ποιεῖν,
1809 3545 1999 3601 περιτο

340 3623 453 3681 τῶς
510 3621 688 3692 γεννᾷ,
749 3613 1045 3689 δυνάμενος
1097 3615 1186 3670 καὶ
1239 3618 1460 3670 σιωπῶν
1510 3619 1710 3671 ποιεῖν.
1751 3616 1996 3682 Ἔπειτα,

344 3706 394 3762 εἰ
423 3707 529 3782 πρὸ
560 3711 656 3761 τοῦ
686 3707 1013 3780 γεννηθῆναι
1045 3706 1180 3778 (66),
1204 3703 1256 3759 ἰν
1288 3707 1366 3776 τῷ
1393 3707 1508 3775 Θεῷ
1536 3703 1603 3771 ἦν
1631 3705 1659 3758 ὁ
1693 3701 2000 3780 Λόγος,ἆὶρα

341 3796 624 3874 γεννηθεὶς
656 3793 807 3857 ἐκτὸς
837 3795 924 3849 καὶ
957 3790 1062 3864 ἕξω
1107 3797 1206 3848 τοῦ
1249 3796 1383 3848 Θεοῦ
1423 3789 1585 3848 ἐστιν.
1619 3791 1682 3847 Et
1729 3789 1786 3848 δὲ
1814 3797 1996 3861 τοῦτο,

343 3890 464 3948 πῶς
522 3889 614 3939 νῦν
675 3882 839 3958 λέγει·
877 3883 1015 3960 Ἐγὼ
1073 3881 1125 3938 ἐν
1181 3886 1260 3954 τῷ
1320 3883 1517 3956 ΙΙατρὶ,
1574 3883 1662 3936 καὶ
1722 3882 1750 3936 ὁ
1809 3882 1997 3954 Πατὴρ

348 3976 403 4029 ἐν
436 3971 563 4047 ἐμοί
597 3992 610 4042 ;
643 3971 705 4030 Εἴ
750 3969 808 4026 δὲ
854 3975 946 4026 νῦν
997 3969 1048 4026 ἐν
1097 3975 1178 4043 τῷ
1227 3972 1398 4046 ΙΙατρὶ
1445 3969 1610 4043 ἐστιν,
1641 3968 1744 4045 ἄρα
1772 3969 1850 4025 ἀεὶ
1887 3973 1998 4044 (67)

345 4063 415 4133 ἧν
447 4061 502 4118 ἐν
552 4059 631 4134 τῷ
680 4062 879 4136 ΙΙατρὶ,
931 4055 1112 4136 ὥσπερ
1161 4061 1250 4116 καὶ
1303 4063 1394 4117 νῦν
1443 4058 1576 4133 ἐστι,
1607 4061 1696 4115 καὶ
1747 4061 1998 4137 περιττὸν

341 4153 406 4208 τὸ
441 4150 637 4225 λέγειν,
671 4151 748 4206 Δι’
789 4153 938 4223 ἡμᾶς
987 4151 1325 4227 γεγέννηται,
1376 4151 1462 4205 καὶ
1523 4151 1638 4224 μεθ’
1694 4150 1842 4222 ἡμᾶς
1869 4151 1996 4206 ἀνα-

339 4243 552 4316 τρέχει,
577 4235 732 4312 ’ἰναῇ
788 4233 971 4312 ὥσπερ
1026 4237 1118 4305 ἦν.
1153 4237 1233 4294 Οὐ
1290 4235 1393 4312 γὰρ
1443 4236 1509 4306 ἦν
1546 4233 1679 4312 ὅπερ
1733 4239 1836 4293 οὐκ
1887 4232 1997 4293 ἔστι

339 4332 456 4398 νῦν,
490 4323 618 4382 οόδι
649 4325 788 4382 ἑστιν
836 4324 970 4401 ὅπερ
1021 4326 1124 4382 οὐκ
1151 4324 1240 4394 ἦν·
1287 4323 1414 4383 ἀλλ’
1473 4323 1612 4382 ἔστιν
1674 4328 1783 4400 (68)
1817 4322 1998 4402 ὥσπερ

339 4417 410 4484 ἦν
444 4414 550 4485 ἀεὶ,
581 4416 668 4470 καὶ
724 4414 985 4478 ὡσαύτως
1033 4413 1309 4480 καὶκατὰ
1352 4413 1420 4470 τὰ
1468 4415 1608 4472 αὐτὰ
1658 4413 1802 4492 ἔχων
1833 4435 1846 4449 ⁸
1880 4416 1993 4473 ἐπεὶ

2106 3261 2234 3334 ipso
2257 3262 2467 3318 dicere.
2500 3260 2768 3332 Namque
2797 3261 2848 3315 si
2881 3259 3062 3317 silens
3083 3279 3254 3334 agere
3285 3282 3400 3320 non
3437 3268 3757 3340 potuit,ne-

2105 3366 2269 3407 ceese
2301 3354 2391 3406 est
2421 3354 2483 3406 ut
2511 3351 2825 3422 gignendo,
2861 3351 2917 3406 id
2966 3357 3078 3419 est,
3139 3351 3450 3424 loquendo,
3483 3357 3756 3414 virtutem

2108 3439 2416 3511 acceperit.
2445 3443 2522 3494 At
2551 3439 2706 3494 unde
2761 3444 2819 3494 et
2867 3454 2972 3510 per
3027 3439 3167 3512 quid
3225 3443 3675 3515 accepit?Quod
3709 3447 3759 3504 si

2109 3529 2364 3584 Verbum
2388 3528 2449 3583 in
2481 3544 2544 3583 se
2575 3527 2822 3592 habens,
2855 3528 3048 3598 potuit
3077 3545 3269 3601 agere,
3304 3531 3595 3590 inutiliter
3623 3553 3760 3608 ergo

2107 3615 2319 3689 gignit,
2352 3632 2486 3671 cum
2521 3613 2703 3671 silens
2725 3615 2914 3686 possit
2941 3630 3132 3688 agere.
3165 3617 3473 3689 Deinde,si
3500 3622 3756 3678 Verbum

2109 3706 2455 3778 priusquam
2481 3705 2746 3777 genitum
2771 3707 2884 3775 est,
2919 3705 2974 3758 in
3027 3709 3140 3760 Deo
3191 3712 3318 3762 erat
3346 3725 3359 3775 ;
3393 3708 3576 3780 igitur
3605 3711 3763 3784 geni-

2107 3798 2238 3850 tum
2271 3793 2411 3850 foris
2442 3799 2498 3850 et
2519 3797 2682 3850 extra
2723 3795 2896 3849 Deum
2959 3797 3065 3849 est.
3121 3794 3282 3859 Quod
3317 3796 3363 3852 si
3417 3814 3616 3855 verum
3649 3806 3761 3867 est,

2109 3899 2290 3954 quare
2320 3899 2457 3954 ergo
2490 3899 2647 3938 nunc
2678 3881 2860 3937 dicit:
2894 3884 3005 3954 Ego
3045 3884 3104 3938 in
3137 3885 3324 3951 Patre,
3382 3894 3434 3942 et
3487 3888 3656 3944 Pater
3701 3891 3764 3947 in

2106 3987 2195 4028 me
2223 3981 2299 4028 est
2330 3973 2393 4026 5‘.
2427 3971 2487 4026 Si
2521 3987 2690 4043 porro
2723 3988 2879 4027 nunc
2920 3975 3009 4028 est
3041 3973 3098 4027 in
3133 3977 3326 4042 Patre,
3361 3990 3497 4048 ergo
3531 3993 3764 4051 semper

2109 4062 2220 4116 fuit
2248 4061 2308 4116 in
2333 4065 2522 4128 Patre,
2558 4060 2644 4116 uti
2677 4077 2835 4116 nunc
2865 4077 3102 4133 quoque
3135 4067 3245 4130 est,
3298 4062 3579 4136 futileque
3604 4065 3763 4122 dictu

2107 4155 2199 4206 est
2226 4150 2422 4222 ipsum
2446 4153 2685 4222 propter
2714 4165 2820 4204 nos
2862 4149 3128 4220 genitum
3161 4150 3362 4219 fuisse,
3397 4168 3462 4208 ac
3494 4156 3626 4222 post
3656 4171 3764 4212 nos

2109 4255 2427 4305 recurrere,
2454 4242 2519 4293 ut
2547 4239 2625 4294 sit
2667 4237 3167 4309 quemadmodum
3225 4244 3369 4296 erat.
3429 4241 3546 4297 Nec
3603 4243 3762 4300 enim

2106 4333 2233 4385 erat
2258 4329 2412 4400 quod
2447 4343 2604 4382 nunc
2637 4343 2750 4381 non
2785 4340 2911 4382 est:
2947 4343 3051 4383 nec
3084 4344 3241 4384 nunc
3292 4332 3383 4386 est
3442 4331 3597 4403 quod
3644 4349 3762 4390 non

2107 4425 2262 4474 erat:
2295 4418 2397 4472 sed
2430 4420 2519 4472 est
2551 4417 3050 4488 quemadmodum
3075 4425 3202 4473 erat
3232 4420 3764 4495 semper,idemque

341 4503 548 4574 ἀτελὴς
603 4505 691 4559 καὶ
741 4502 970 4580 τρεπτὸς
1029 4504 1360 4579 φανήσεται.
1422 4503 1486 4560 Εἰ
1537 4503 1663 4580 γὰρ,
1717 4491 1856 4580 (ὅπερ
1908 4505 1993 4580 ἦν,

2107 4523 2174 4563 ac
2202 4505 2406 4563 eodem
2441 4505 2615 4562 modo
2647 4520 2880 4578 semper
2901 4510 3012 4563 est.
3045 4506 3319 4582 Alioquin
3350 4491 3762 4585 imperfectum

417 4704 467 4741 ⁸⁴
491 4705 656 4761 Joan.
682 4719 800 4773 xIv,
834 4702 920 4758 10.

350 4905 427 4968 εἷς
459 4905 559 4974 τὴν
588 4901 779 4977 αὐτήν,
813 4909 924 4961 etc.
961 4902 1130 4960 Basil.
1163 4907 1222 4959 et
1247 4905 1476 4977 Anglic.
1503 4907 1631 4977 haec
1685 4910 1882 4977 verba,
1914 4911 2002 4966 iu-

351 4985 488 5054 star
509 4976 686 5054 tituli,
714 4974 1076 5054 interserunt
1107 4990 1120 5030 :
1157 4974 1300 5054 ῌρὸς
1329 4974 1459 5054 τόὺῌς
1500 4976 1781 5054 λέγοντας,
1815 4974 1897 5036 ὅτι
1919 4979 2003 5054 Δἦν

353 5047 594 5129 ξεΛόγος
705 5051 783 5129 τῷ
801 5050 945 5129 ﬁcii)
990 5045 1350 5129 σιωπῶ-μενος
1376 5066 1388 5078 °
1414 5045 1668 5129 §§TEP'OV_
1691 5045 1779 5129 βξ
1800 5045 2006 5129 προϐξ..

350 5114 558 5190 ὄληται
615 5116 685 5174 δι’
715 5114 1005 5196 ἡμᾷςηδίνα
1060 5114 1252 5196 ἡμεῖς
1285 5114 1614 5194 κτισθῶμέν.
1649 5124 1709 5180 Id
1757 5114 1864 5196 est,
1897 5125 2004 5181 Ad-

352 5191 826 5268 versusueosgq'ui
880 5191 1070 5248 dicunt
1125 5191 1362 5268 _Verbum
1412 5196 1470 5248 in
1499 5191 1614 5252 Deo
1639 5198 1815 5268 fuisse
1844 5191 2008 5254 tacite

348 5267 465 5320 sive
519 5264 764 5335 silentio,
785 5268 976 5336 postea
1034 5265 1223 5319 autem
1256 5273 1496 5336 ,pr0pter
1546 5264 1666 5336 nos,
1698 5271 1758 5323 ut
1802 5269 2009 5324 scilicet

347 5352 697 5404 crearemur,
731 5335 994 5392 emissum
1021 5351 1119 5391 seu
1147 5335 1430 5408 prolatum
1457 5335 1660 5408 fuisse.
1683 5340 1816 5404 Quae
1866 5340 2005 5396 item

348 5412 600 5533 ﬁnitimi
616 5409 686 5463 ad
719 5407 1044 5478 marginem
1095 5407 1278 5479 Regii,
1313 5407 1653 5480 Seguerian.
1685 5411 1916 5467 Gobler.
1952 5416 2010 5468 et

393 5497 424 5533 e
453 5495 482 5533 c
532 5518 545 5531 .
614 5519 626 5533 .

393 5495 545 5537 616K.
575 5495 626 5533 1.

421 5551 540 5618 (60)
577 5543 1285 5636 .Anglicanug,’fttteoea‘t.’
1306 5549 1652 5636 Paulphpost
1678 5553 1892 5636 B‘e'gi‘us
1950 5557 2010 5608 et

349 5613 1158 5701 Seg_uerianiis,ﬁpo6d?tnzcit.
1178 5619 1290 5701 Alii
1321 5627 1378 5678 et
1405 5613 1568 5701 editi,
1594 5613 2006 5701 ’ττροϐςιὶλληταιἔ

425 5691 543 5765 (61)
573 5691 1043 5771 ῌθείᾳεμφησίν.
1095 5691 1278 5750 Paulo
1334 5699 1471 5766 post
1524 5691 1906 5771 Anglicanus,
1955 5694 2008 5767 ἐξ

351 5759 479 5821 ἴσου
507 5759 603 5820 καὶ
634 5759 919 5839 μειζόνως.

2181 4910 2294 4982 (62)
2323 4909 2415 4966 Sic
2448 4909 2661 4980 Regius
2688 4915 2746 4967 et
2771 4912 3184 4983 Seguerianus.
3211 4913 3278 4968 At
3309 4913 3366 4968 in
3399 4913 3532 4970 aliis
3561 4916 3619 4970 et
3645 4913 3767 4972 edi-

2117 4982 2191 5037 tis
2222 4983 2386 5037 deest
2413 4979 2524 5036 καί.

2141 4999 2191 5038 ιε
2222 4999 2386 5039 (16881,
2413 4999 2524 5036 και.

2188 5053 2300 5125 (63)
2332 5055 2548 5130 Regius
2577 5055 2636 5130 e_t_
2662 5052 3074 5130 Seguerianus.
3109 5049 3338 5125 ἐρέσθαι,
3361 5058 3535 5113 acuta
3563 5058 3767 5130 penul-

2117 5124 2294 5197 timar
2315 5124 2425 5197 Alii
2461 5129 2522 5197 et
2546 5124 2708 5191 editi,
2737 5124 2972 5197 ἔρεσθαι.

2188 5195 2302 5267 (64)
2334 5192 2440 5251 Οὗν
2474 5196 2642 5251 abest
2671 5213 2705 5252 a
2729 5192 2910 5267 ,B'asil.
2943 5200 3001 5251 et
3027 5193 3365 5266 Anglicano.

2189 5266 2564 5350 (εἰδιῖὶεεὲρε,
2605 5271 2676 5350 9t.
2718 5266 3134 5350 Sesteriaeue
3160 5267 3236 5350 Διῖ
3284 5270 3445 5350 ἡμᾶς
3498 5270 3762 5350 ximat

2332 5293 2547 5350 Πυειμδ
2605 5293 2662 5321 Ul-
2718 5293 3133 5350 ιῖυδυω-ιαυυδ,
3160 5293 3219 5320 ιιι
3284 5293 3444 5342 -ημας
3534 5293 3599 5346 αρ
3647 5293 3762 5330 και.

2115 5338 2320 5420 Aln‘et
2348 5337 2802 5420 edltl.‘At’~ﬂE.aS
2849 5333 2907 5392 δὲ
2951 5336 3061 5394 καί.
3095 5339 3274 5396 Paulo
3324 5347 3456 5414 post
3498 5293 3675 5400 basi].
3708 5349 3768 5402 et

2116 5410 2370 5478 Anglic.,
2405 5408 2471 5476 ἦν
2507 5406 2561 5462 ἐν
2589 5410 2667 5478 τῷ
2698 5406 2835 5478 Θεῷ.
2945 5453 2954 5459 ,

2337 5481 2549 5556 Regius
2581 5485 2643 5536 et
2671 5479 3084 5556 Seguerjanus,
3113 5483 3370 5556 γεννηθῇ,

2189 5491 2300 5622 (66)
2338 5491 2549 5562 Regius
2581 5491 2643 5536 et
2671 5491 3084 5562 Seguerianus,
3113 5491 3370 5606 γενντγθῇ.

2122 5552 2548 5676 5ﬁagﬁg‘ﬁftegius
2575 5556 2631 5608 et
2661 5556 3072 5624 Seguerlanus,
3107 5551 3207 5628 ἂρα
3235 5573 3258 5607 ε
3287 5595 3301 5622 ,
3336 5555 3639 5628 mendose,
3661 5574 3768 5630 pro

2117 5642 2203 5697 αρχ
2222 5642 2336 5697 ἀει.

2117 5693 2300 5784 ν’(68)
2330 5694 2423 5752 Sic
2479 5710 2622 5752 mss.
2677 5697 2747 5753 At
2801 5693 2979 5751 editio
3034 5695 3500 5757 Commeliniana
3546 5701 3773 5761 omittit

2116 5785 2282 5824 εστιν.
