  <div class='ocr_page' id='page_1' title='image "/cluster/home/n/w/nwhite01/storage/ocr_20150623/26/hvd.32044019208479/310.png"; bbox 0 0 4076 6388; ppageno 0'>
   <div class='ocr_carea' id='block_1_1' title="bbox 295 448 1955 524">
    <p class='ocr_par' dir='ltr' id='par_1_1' title="bbox 295 448 1955 516">
     <span class='ocr_line' id='line_1_1' title="bbox 295 448 1955 516; baseline -0.002 -1"><span class='ocrx_word' id='word_1_1' title='bbox 295 454 415 516; x_wconf 70' lang='grc'>485</span> <span class='ocrx_word' id='word_1_2' title='bbox 1413 449 1703 512; x_wconf 82' lang='lat' dir='ltr'>ORATIO</span> <span class='ocrx_word' id='word_1_3' title='bbox 1747 448 1826 511; x_wconf 82' lang='lat' dir='ltr'><strong>IV</strong></span> <span class='ocrx_word' id='word_1_4' title='bbox 1870 450 1955 512; x_wconf 83' lang='lat' dir='ltr'>CG</span> 
     </span>
    </p>
   </div>
   <div class='ocr_carea' id='block_1_2' title="bbox 2072 448 3710 524">
    <p class='ocr_par' dir='ltr' id='par_1_2' title="bbox 2072 450 3710 524">
     <span class='ocr_line' id='line_1_2' title="bbox 2072 450 3710 524; baseline 0.009 -15"><span class='ocrx_word' id='word_1_5' title='bbox 2072 452 2178 510; x_wconf 83' lang='lat' dir='ltr'>‘RA</span> <span class='ocrx_word' id='word_1_6' title='bbox 2229 450 2596 513; x_wconf 81' lang='lat' dir='ltr'>ARIANOS.</span> <span class='ocrx_word' id='word_1_7' title='bbox 3593 459 3710 524; x_wconf 71' lang='grc'>488</span> 
     </span>
    </p>
   </div>
   <div class='ocr_carea' id='block_1_3' title="bbox 298 579 1955 665">
    <p class='ocr_par' dir='ltr' id='par_1_3' title="bbox 298 579 1940 656">
     <span class='ocr_line' id='line_1_3' title="bbox 298 579 1940 656; baseline -0.002 -17"><span class='ocrx_word' id='word_1_8' title='bbox 298 584 508 652; x_wconf 78' lang='grc' dir='ltr'>Μονὰς,</span> <span class='ocrx_word' id='word_1_9' title='bbox 571 584 744 646; x_wconf 82' lang='grc' dir='ltr'>πάθος</span> <span class='ocrx_word' id='word_1_10' title='bbox 793 583 1063 655; x_wconf 80' lang='grc' dir='ltr'>ὑπέμεινε,</span> <span class='ocrx_word' id='word_1_11' title='bbox 1114 579 1203 636; x_wconf 75' lang='grc' dir='ltr'>καί</span> <span class='ocrx_word' id='word_1_12' title='bbox 1261 583 1475 656; x_wconf 81' lang='grc' dir='ltr'>γέγονεν</span> <span class='ocrx_word' id='word_1_13' title='bbox 1518 581 1650 654; x_wconf 71' lang='grc' dir='ltr'>ὅπερ</span> <span class='ocrx_word' id='word_1_14' title='bbox 1697 583 1798 636; x_wconf 82' lang='grc' dir='ltr'>οὐκ</span> <span class='ocrx_word' id='word_1_15' title='bbox 1853 583 1940 649; x_wconf 70' lang='grc' dir='ltr'>ἦν·</span> 
     </span>
    </p>
   </div>
   <div class='ocr_carea' id='block_1_4' title="bbox 2072 579 3712 665">
    <p class='ocr_par' dir='ltr' id='par_1_4' title="bbox 2072 583 3712 665">
     <span class='ocr_line' id='line_1_4' title="bbox 2072 583 3712 665; baseline 0.008 -28"><span class='ocrx_word' id='word_1_16' title='bbox 2072 586 2228 638; x_wconf 76' lang='lat' dir='ltr'>ctus:</span> <span class='ocrx_word' id='word_1_17' title='bbox 2283 583 2470 654; x_wconf 89' lang='lat' dir='ltr'>primo</span> <span class='ocrx_word' id='word_1_18' title='bbox 2518 583 2786 655; x_wconf 79' lang='lat' dir='ltr'>sequitur</span> <span class='ocrx_word' id='word_1_19' title='bbox 2831 590 2894 641; x_wconf 89' lang='lat' dir='ltr'>ut</span> <span class='ocrx_word' id='word_1_20' title='bbox 2942 585 3184 644; x_wconf 86' lang='lat' dir='ltr'>dilatata</span> <span class='ocrx_word' id='word_1_21' title='bbox 3221 588 3426 645; x_wconf 89' lang='lat' dir='ltr'>Unitas</span> <span class='ocrx_word' id='word_1_22' title='bbox 3455 591 3712 665; x_wconf 82' lang='lat' dir='ltr'>aliquam</span> 
     </span>
    </p>
   </div>
   <div class='ocr_carea' id='block_1_5' title="bbox 298 667 1955 750">
    <p class='ocr_par' dir='ltr' id='par_1_5' title="bbox 298 667 1942 747">
     <span class='ocr_line' id='line_1_5' title="bbox 298 667 1942 747; baseline -0.002 -19"><span class='ocrx_word' id='word_1_23' title='bbox 298 671 608 741; x_wconf 81' lang='grc' dir='ltr'>ἐπλατύνθη</span> <span class='ocrx_word' id='word_1_24' title='bbox 659 672 758 747; x_wconf 73' lang='grc' dir='ltr'>γὰρ</span> <span class='ocrx_word' id='word_1_25' title='bbox 817 673 918 726; x_wconf 81' lang='grc' dir='ltr'>οὐκ</span> <span class='ocrx_word' id='word_1_26' title='bbox 966 672 1097 726; x_wconf 77' lang='grc' dir='ltr'>οὖσα</span> <span class='ocrx_word' id='word_1_27' title='bbox 1139 669 1388 726; x_wconf 82' lang='grc' dir='ltr'>πλατεῖα·</span> <span class='ocrx_word' id='word_1_28' title='bbox 1451 667 1637 725; x_wconf 79' lang='grc' dir='ltr'>ἔπειτα</span> <span class='ocrx_word' id='word_1_29' title='bbox 1667 669 1716 724; x_wconf 74' lang='grc' dir='ltr'>εἴ</span> <span class='ocrx_word' id='word_1_30' title='bbox 1743 669 1878 740; x_wconf 85' lang='grc' dir='ltr'>αὐτή</span> <span class='ocrx_word' id='word_1_31' title='bbox 1907 671 1942 739; x_wconf 82' lang='grc' dir='ltr'>ἡ</span> 
     </span>
    </p>
   </div>
   <div class='ocr_carea' id='block_1_6' title="bbox 2072 667 3708 750">
    <p class='ocr_par' dir='ltr' id='par_1_6' title="bbox 2072 671 3708 750">
     <span class='ocr_line' id='line_1_6' title="bbox 2072 671 3708 750; baseline 0.008 -24"><span class='ocrx_word' id='word_1_32' title='bbox 2072 688 2231 743; x_wconf 64' lang='lat' dir='ltr'>passa</span> <span class='ocrx_word' id='word_1_33' title='bbox 2261 671 2338 727; x_wconf 90' lang='lat' dir='ltr'>sit</span> <span class='ocrx_word' id='word_1_34' title='bbox 2367 672 2751 741; x_wconf 73' lang='lat' dir='ltr'>affectionem,</span> <span class='ocrx_word' id='word_1_35' title='bbox 2785 673 3052 746; x_wconf 81' lang='lat' dir='ltr'>factaque</span> <span class='ocrx_word' id='word_1_36' title='bbox 3097 678 3176 732; x_wconf 85' lang='lat' dir='ltr'>sit</span> <span class='ocrx_word' id='word_1_37' title='bbox 3209 679 3364 750; x_wconf 91' lang='lat' dir='ltr'>quod</span> <span class='ocrx_word' id='word_1_38' title='bbox 3397 696 3511 736; x_wconf 90' lang='lat' dir='ltr'>non</span> <span class='ocrx_word' id='word_1_39' title='bbox 3543 689 3667 739; x_wconf 85' lang='lat' dir='ltr'>erat</span> <span class='ocrx_word' id='word_1_40' title='bbox 3694 701 3708 740; x_wconf 87' lang='lat'>:</span> 
     </span>
    </p>
   </div>
   <div class='ocr_carea' id='block_1_7' title="bbox 297 757 1955 842">
    <p class='ocr_par' dir='ltr' id='par_1_7' title="bbox 297 757 1944 836">
     <span class='ocr_line' id='line_1_7' title="bbox 297 757 1944 836; baseline -0.003 -18"><span class='ocrx_word' id='word_1_41' title='bbox 297 763 478 824; x_wconf 72' lang='grc' dir='ltr'>Μονὰς</span> <span class='ocrx_word' id='word_1_42' title='bbox 523 759 829 830; x_wconf 79' lang='grc' dir='ltr'>ἐπλατύνθη</span> <span class='ocrx_word' id='word_1_43' title='bbox 882 760 958 823; x_wconf 86' lang='grc' dir='ltr'>είς</span> <span class='ocrx_word' id='word_1_44' title='bbox 1007 759 1236 836; x_wconf 83' lang='grc' dir='ltr'>Τριάδα,</span> <span class='ocrx_word' id='word_1_45' title='bbox 1287 759 1448 836; x_wconf 83' lang='grc' dir='ltr'>Τριὰς</span> <span class='ocrx_word' id='word_1_46' title='bbox 1498 757 1554 814; x_wconf 85' lang='grc' dir='ltr'>δέ</span> <span class='ocrx_word' id='word_1_47' title='bbox 1597 758 1706 814; x_wconf 87' lang='grc' dir='ltr'>ἐστι</span> <span class='ocrx_word' id='word_1_48' title='bbox 1759 759 1944 833; x_wconf 75' lang='grc' dir='ltr'>Πατὴρ</span> 
     </span>
    </p>
   </div>
   <div class='ocr_carea' id='block_1_8' title="bbox 2072 757 3714 842">
    <p class='ocr_par' dir='ltr' id='par_1_8' title="bbox 2072 759 3714 842">
     <span class='ocr_line' id='line_1_8' title="bbox 2072 759 3714 842; baseline 0.006 -25"><span class='ocrx_word' id='word_1_49' title='bbox 2072 760 2354 830; x_wconf 71' lang='lat' dir='ltr'>siquidem</span> <span class='ocrx_word' id='word_1_50' title='bbox 2387 759 2630 816; x_wconf 84' lang='lat' dir='ltr'>dilatata</span> <span class='ocrx_word' id='word_1_51' title='bbox 2661 767 2750 818; x_wconf 87' lang='lat' dir='ltr'>est</span> <span class='ocrx_word' id='word_1_52' title='bbox 2783 779 2912 835; x_wconf 65' lang='lat' dir='ltr'>qua:</span> <span class='ocrx_word' id='word_1_53' title='bbox 2935 765 3054 820; x_wconf 88' lang='lat' dir='ltr'>lata</span> <span class='ocrx_word' id='word_1_54' title='bbox 3082 782 3198 822; x_wconf 91' lang='lat' dir='ltr'>non</span> <span class='ocrx_word' id='word_1_55' title='bbox 3229 772 3371 823; x_wconf 84' lang='lat' dir='ltr'>erat.</span> <span class='ocrx_word' id='word_1_56' title='bbox 3397 768 3638 842; x_wconf 85' lang='lat' dir='ltr'>Deinde,</span> <span class='ocrx_word' id='word_1_57' title='bbox 3662 772 3714 828; x_wconf 91' lang='lat' dir='ltr'>si</span> 
     </span>
    </p>
   </div>
   <div class='ocr_carea' id='block_1_9' title="bbox 297 845 1947 926">
    <p class='ocr_par' dir='ltr' id='par_1_9' title="bbox 297 845 1947 926">
     <span class='ocr_line' id='line_1_9' title="bbox 297 845 1947 926; baseline -0.002 -20"><span class='ocrx_word' id='word_1_58' title='bbox 297 851 390 906; x_wconf 85' lang='grc' dir='ltr'>καὶ</span> <span class='ocrx_word' id='word_1_59' title='bbox 437 851 562 912; x_wconf 72' lang='grc' dir='ltr'>Υἱὸς</span> <span class='ocrx_word' id='word_1_60' title='bbox 612 852 725 923; x_wconf 86' lang='grc'>(76)</span> <span class='ocrx_word' id='word_1_61' title='bbox 787 849 876 905; x_wconf 86' lang='grc' dir='ltr'>καὶ</span> <span class='ocrx_word' id='word_1_62' title='bbox 927 851 1075 926; x_wconf 85' lang='grc' dir='ltr'>ἅγιον</span> <span class='ocrx_word' id='word_1_63' title='bbox 1127 853 1360 922; x_wconf 77' lang='grc' dir='ltr'>Πνεῦμα·</span> <span class='ocrx_word' id='word_1_64' title='bbox 1413 851 1442 903; x_wconf 99' lang='lat'>6</span> <span class='ocrx_word' id='word_1_65' title='bbox 1487 847 1645 909; x_wconf 83' lang='grc' dir='ltr'>αὐτὸς</span> <span class='ocrx_word' id='word_1_66' title='bbox 1692 845 1793 923; x_wconf 78' lang='grc' dir='ltr'>ἄρα</span> <span class='ocrx_word' id='word_1_67' title='bbox 1845 853 1947 903; x_wconf 87' lang='grc' dir='ltr'>Πα-</span> 
     </span>
    </p>
   </div>
   <div class='ocr_carea' id='block_1_10' title="bbox 298 931 1943 1016">
    <p class='ocr_par' dir='ltr' id='par_1_10' title="bbox 298 931 1943 1016">
     <span class='ocr_line' id='line_1_10' title="bbox 298 931 1943 1016; baseline -0.001 -22"><span class='ocrx_word' id='word_1_68' title='bbox 298 941 402 1014; x_wconf 76' lang='grc' dir='ltr'>τήρ</span> <span class='ocrx_word' id='word_1_69' title='bbox 451 939 638 1016; x_wconf 84' lang='grc' dir='ltr'>γέγονε</span> <span class='ocrx_word' id='word_1_70' title='bbox 692 939 780 994; x_wconf 87' lang='grc' dir='ltr'>καὶ</span> <span class='ocrx_word' id='word_1_71' title='bbox 831 940 951 1002; x_wconf 76' lang='grc' dir='ltr'>Υἱὸς</span> <span class='ocrx_word' id='word_1_72' title='bbox 1002 938 1093 994; x_wconf 80' lang='grc' dir='ltr'>καὶ</span> <span class='ocrx_word' id='word_1_73' title='bbox 1144 943 1363 1012; x_wconf 71' lang='grc' dir='ltr'>Πνεῦμα</span> <span class='ocrx_word' id='word_1_74' title='bbox 1409 937 1544 993; x_wconf 86' lang='grc' dir='ltr'>κατὰ</span> <span class='ocrx_word' id='word_1_75' title='bbox 1615 931 1943 993; x_wconf 72' lang='grc' dir='ltr'>Σαϐέλλιον.</span> 
     </span>
    </p>
   </div>
   <div class='ocr_carea' id='block_1_11' title="bbox 300 1024 1947 1103">
    <p class='ocr_par' dir='ltr' id='par_1_11' title="bbox 300 1024 1947 1103">
     <span class='ocr_line' id='line_1_11' title="bbox 300 1024 1947 1103; baseline -0.002 -19"><span class='ocrx_word' id='word_1_76' title='bbox 300 1029 452 1090; x_wconf 83' lang='grc' dir='ltr'>ἐκτὸς</span> <span class='ocrx_word' id='word_1_77' title='bbox 485 1027 531 1082; x_wconf 69' lang='grc' dir='ltr'>εἴ</span> <span class='ocrx_word' id='word_1_78' title='bbox 566 1029 640 1100; x_wconf 82' lang='grc' dir='ltr'>μή</span> <span class='ocrx_word' id='word_1_79' title='bbox 673 1029 708 1097; x_wconf 77' lang='grc' dir='ltr'><strong>ἡ</strong></span> <span class='ocrx_word' id='word_1_80' title='bbox 748 1026 1020 1102; x_wconf 79' lang='grc' dir='ltr'>λεγομένη</span> <span class='ocrx_word' id='word_1_81' title='bbox 1049 1028 1179 1103; x_wconf 90' lang='grc' dir='ltr'>παρ’</span> <span class='ocrx_word' id='word_1_82' title='bbox 1207 1028 1358 1099; x_wconf 76' lang='grc' dir='ltr'>αὐτῷ</span> <span class='ocrx_word' id='word_1_83' title='bbox 1411 1025 1593 1088; x_wconf 77' lang='grc' dir='ltr'>Μονὰς</span> <span class='ocrx_word' id='word_1_84' title='bbox 1646 1028 1756 1098; x_wconf 88' lang='grc'>(77)</span> <span class='ocrx_word' id='word_1_85' title='bbox 1806 1024 1947 1080; x_wconf 76' lang='grc' dir='ltr'>ἄλλο</span> 
     </span>
    </p>
   </div>
   <div class='ocr_carea' id='block_1_12' title="bbox 295 1110 1950 1192">
    <p class='ocr_par' dir='ltr' id='par_1_12' title="bbox 295 1110 1950 1192">
     <span class='ocr_line' id='line_1_12' title="bbox 295 1110 1950 1192; baseline -0.004 -18"><span class='ocrx_word' id='word_1_86' title='bbox 295 1119 349 1174; x_wconf 81' lang='grc' dir='ltr'>τί</span> <span class='ocrx_word' id='word_1_87' title='bbox 382 1117 493 1173; x_wconf 88' lang='grc' dir='ltr'>ἐστι</span> <span class='ocrx_word' id='word_1_88' title='bbox 542 1117 689 1192; x_wconf 84' lang='grc' dir='ltr'>παρὰ</span> <span class='ocrx_word' id='word_1_89' title='bbox 733 1116 824 1171; x_wconf 86' lang='grc' dir='ltr'>τὸν</span> <span class='ocrx_word' id='word_1_90' title='bbox 878 1117 1109 1192; x_wconf 87' lang='grc' dir='ltr'>Πατέρα.</span> <span class='ocrx_word' id='word_1_91' title='bbox 1158 1115 1273 1174; x_wconf 83' lang='grc' dir='ltr'>Οὐκ</span> <span class='ocrx_word' id='word_1_92' title='bbox 1321 1110 1398 1170; x_wconf 79' lang='grc' dir='ltr'>ἔτι</span> <span class='ocrx_word' id='word_1_93' title='bbox 1449 1116 1544 1169; x_wconf 77' lang='grc' dir='ltr'>οὖν</span> <span class='ocrx_word' id='word_1_94' title='bbox 1587 1113 1950 1178; x_wconf 80' lang='grc' dir='ltr'>πλατύνεσθαι</span> 
     </span>
    </p>
   </div>
   <div class='ocr_carea' id='block_1_13' title="bbox 298 1203 1951 1281">
    <p class='ocr_par' dir='ltr' id='par_1_13' title="bbox 298 1203 1951 1281">
     <span class='ocr_line' id='line_1_13' title="bbox 298 1203 1951 1281; baseline -0.003 -19"><span class='ocrx_word' id='word_1_95' title='bbox 298 1203 406 1263; x_wconf 79' lang='grc' dir='ltr'>ἔδει</span> <span class='ocrx_word' id='word_1_96' title='bbox 438 1205 619 1281; x_wconf 84' lang='grc' dir='ltr'>λέγειν</span> <span class='ocrx_word' id='word_1_97' title='bbox 648 1209 784 1276; x_wconf 90' lang='grc'>(78),</span> <span class='ocrx_word' id='word_1_98' title='bbox 817 1205 942 1262; x_wconf 84' lang='grc' dir='ltr'>ἀλλ’</span> <span class='ocrx_word' id='word_1_99' title='bbox 973 1208 1008 1275; x_wconf 76' lang='grc' dir='ltr'><strong>ἡ</strong></span> <span class='ocrx_word' id='word_1_100' title='bbox 1056 1206 1238 1268; x_wconf 75' lang='grc' dir='ltr'>Μονὰς</span> <span class='ocrx_word' id='word_1_101' title='bbox 1294 1209 1460 1280; x_wconf 81' lang='grc' dir='ltr'>τριῶν</span> <span class='ocrx_word' id='word_1_102' title='bbox 1493 1205 1778 1274; x_wconf 80' lang='grc' dir='ltr'>ποιητικὴ,</span> <span class='ocrx_word' id='word_1_103' title='bbox 1813 1203 1951 1258; x_wconf 82' lang='grc' dir='ltr'>ὥστε</span> 
     </span>
    </p>
   </div>
   <div class='ocr_carea' id='block_1_14' title="bbox 299 1292 1950 1370">
    <p class='ocr_par' dir='ltr' id='par_1_14' title="bbox 299 1292 1950 1370">
     <span class='ocr_line' id='line_1_14' title="bbox 299 1292 1950 1370; baseline -0.005 -17"><span class='ocrx_word' id='word_1_104' title='bbox 299 1298 435 1353; x_wconf 74' lang='grc' dir='ltr'>εἶναι</span> <span class='ocrx_word' id='word_1_105' title='bbox 466 1292 710 1354; x_wconf 82' lang='grc' dir='ltr'>Μονάδα.</span> <span class='ocrx_word' id='word_1_106' title='bbox 763 1293 876 1350; x_wconf 77' lang='grc' dir='ltr'>εἶτα</span> <span class='ocrx_word' id='word_1_107' title='bbox 921 1294 1010 1349; x_wconf 84' lang='grc' dir='ltr'>καὶ</span> <span class='ocrx_word' id='word_1_108' title='bbox 1062 1295 1292 1370; x_wconf 86' lang='grc' dir='ltr'>Πατέρα,</span> <span class='ocrx_word' id='word_1_109' title='bbox 1338 1295 1427 1348; x_wconf 85' lang='grc' dir='ltr'>καὶ</span> <span class='ocrx_word' id='word_1_110' title='bbox 1475 1294 1621 1362; x_wconf 77' lang='grc' dir='ltr'>Υἱὸν,</span> <span class='ocrx_word' id='word_1_111' title='bbox 1667 1293 1758 1348; x_wconf 84' lang='grc' dir='ltr'>καὶ</span> <span class='ocrx_word' id='word_1_112' title='bbox 1791 1296 1950 1347; x_wconf 77' lang='grc' dir='ltr'>Πνεῦ-</span> 
     </span>
    </p>
   </div>
   <div class='ocr_carea' id='block_1_15' title="bbox 302 1381 1950 1460">
    <p class='ocr_par' dir='ltr' id='par_1_15' title="bbox 302 1381 1950 1460">
     <span class='ocr_line' id='line_1_15' title="bbox 302 1381 1950 1460; baseline -0.003 -20"><span class='ocrx_word' id='word_1_113' title='bbox 302 1407 398 1460; x_wconf 87' lang='grc' dir='ltr'>μα.</span> <span class='ocrx_word' id='word_1_114' title='bbox 430 1385 494 1442; x_wconf 79' lang='grc' dir='ltr'>Εἰ</span> <span class='ocrx_word' id='word_1_115' title='bbox 543 1385 648 1460; x_wconf 75' lang='grc' dir='ltr'>γὰρ</span> <span class='ocrx_word' id='word_1_116' title='bbox 703 1382 1012 1454; x_wconf 79' lang='grc' dir='ltr'>ἐπλατύνθη</span> <span class='ocrx_word' id='word_1_117' title='bbox 1062 1382 1222 1456; x_wconf 78' lang='grc' dir='ltr'>αὕτη,</span> <span class='ocrx_word' id='word_1_118' title='bbox 1279 1381 1368 1438; x_wconf 87' lang='grc' dir='ltr'>καὶ</span> <span class='ocrx_word' id='word_1_119' title='bbox 1432 1381 1680 1452; x_wconf 79' lang='grc' dir='ltr'>ἐξέτεινεν</span> <span class='ocrx_word' id='word_1_120' title='bbox 1733 1382 1950 1454; x_wconf 68' lang='grc' dir='ltr'>ἑαυτὴν,</span> 
     </span>
    </p>
   </div>
   <div class='ocr_carea' id='block_1_16' title="bbox 296 1468 1952 1548">
    <p class='ocr_par' dir='ltr' id='par_1_16' title="bbox 296 1468 1952 1548">
     <span class='ocr_line' id='line_1_16' title="bbox 296 1468 1952 1548; baseline -0.004 -19"><span class='ocrx_word' id='word_1_121' title='bbox 296 1474 437 1543; x_wconf 78' lang='grc' dir='ltr'>αὐτή</span> <span class='ocrx_word' id='word_1_122' title='bbox 469 1471 529 1528; x_wconf 74' lang='grc' dir='ltr'>ἂν</span> <span class='ocrx_word' id='word_1_123' title='bbox 589 1468 699 1543; x_wconf 76' lang='grc' dir='ltr'>εἷή,</span> <span class='ocrx_word' id='word_1_124' title='bbox 755 1470 888 1548; x_wconf 78' lang='grc' dir='ltr'>ὅπερ</span> <span class='ocrx_word' id='word_1_125' title='bbox 940 1471 1180 1543; x_wconf 81' lang='grc' dir='ltr'>ἐξετάθη.</span> <span class='ocrx_word' id='word_1_126' title='bbox 1229 1472 1328 1526; x_wconf 83' lang='grc' dir='ltr'>Καὶ</span> <span class='ocrx_word' id='word_1_127' title='bbox 1379 1472 1550 1547; x_wconf 79' lang='grc' dir='ltr'>Τριὰς</span> <span class='ocrx_word' id='word_1_128' title='bbox 1581 1471 1674 1543; x_wconf 76' lang='grc' dir='ltr'>μὲν</span> <span class='ocrx_word' id='word_1_129' title='bbox 1707 1469 1952 1526; x_wconf 90' lang='grc' dir='ltr'>πλατυν-</span> 
     </span>
    </p>
   </div>
   <div class='ocr_carea' id='block_1_17' title="bbox 300 1556 1949 1628">
    <p class='ocr_par' dir='ltr' id='par_1_17' title="bbox 300 1556 1949 1628">
     <span class='ocr_line' id='line_1_17' title="bbox 300 1556 1949 1628; baseline -0.004 -9"><span class='ocrx_word' id='word_1_130' title='bbox 300 1567 454 1619; x_wconf 79' lang='grc' dir='ltr'>θεῖσα</span> <span class='ocrx_word' id='word_1_131' title='bbox 503 1563 602 1617; x_wconf 84' lang='grc' dir='ltr'>οὐκ</span> <span class='ocrx_word' id='word_1_132' title='bbox 647 1560 722 1616; x_wconf 80' lang='grc' dir='ltr'>ἔτι</span> <span class='ocrx_word' id='word_1_133' title='bbox 767 1561 953 1624; x_wconf 77' lang='grc' dir='ltr'>Μονὰς</span> <span class='ocrx_word' id='word_1_134' title='bbox 1005 1561 1136 1616; x_wconf 86' lang='grc' dir='ltr'>ἐστι·</span> <span class='ocrx_word' id='word_1_135' title='bbox 1187 1562 1366 1623; x_wconf 74' lang='grc' dir='ltr'>Μονὰς</span> <span class='ocrx_word' id='word_1_136' title='bbox 1418 1558 1476 1615; x_wconf 78' lang='grc' dir='ltr'>δὲ</span> <span class='ocrx_word' id='word_1_137' title='bbox 1519 1561 1652 1615; x_wconf 75' lang='grc' dir='ltr'>οὖσα</span> <span class='ocrx_word' id='word_1_138' title='bbox 1681 1556 1835 1615; x_wconf 65' lang='grc' dir='ltr'>οὔπω</span> <span class='ocrx_word' id='word_1_139' title='bbox 1883 1558 1949 1628; x_wconf 78' lang='grc' dir='ltr'>ἦν</span> 
     </span>
    </p>
   </div>
   <div class='ocr_carea' id='block_1_18' title="bbox 297 1645 1948 1728">
    <p class='ocr_par' dir='ltr' id='par_1_18' title="bbox 297 1645 1948 1728">
     <span class='ocr_line' id='line_1_18' title="bbox 297 1645 1948 1728; baseline -0.002 -22"><span class='ocrx_word' id='word_1_140' title='bbox 297 1652 598 1728; x_wconf 80' lang='grc' dir='ltr'>Τριάς.Καὶ</span> <span class='ocrx_word' id='word_1_141' title='bbox 648 1651 676 1704; x_wconf 94' lang='lat'>6</span> <span class='ocrx_word' id='word_1_142' title='bbox 702 1651 887 1724; x_wconf 82' lang='grc' dir='ltr'>Πατὴρ</span> <span class='ocrx_word' id='word_1_143' title='bbox 920 1647 1021 1726; x_wconf 79' lang='grc' dir='ltr'>ἄρα</span> <span class='ocrx_word' id='word_1_144' title='bbox 1054 1645 1127 1703; x_wconf 79' lang='grc' dir='ltr'>ὥν</span> <span class='ocrx_word' id='word_1_145' title='bbox 1152 1648 1304 1704; x_wconf 77' lang='grc' dir='ltr'>οῧπω</span> <span class='ocrx_word' id='word_1_146' title='bbox 1336 1649 1401 1718; x_wconf 78' lang='grc' dir='ltr'>ἦν</span> <span class='ocrx_word' id='word_1_147' title='bbox 1436 1649 1560 1710; x_wconf 72' lang='grc' dir='ltr'>ἴῖὸς</span> <span class='ocrx_word' id='word_1_148' title='bbox 1589 1647 1680 1704; x_wconf 76' lang='grc' dir='ltr'>καί</span> <span class='ocrx_word' id='word_1_149' title='bbox 1711 1653 1948 1721; x_wconf 80' lang='grc' dir='ltr'>Πνεῦμα⁶</span> 
     </span>
    </p>
   </div>
   <div class='ocr_carea' id='block_1_19' title="bbox 297 1734 1955 1817">
    <p class='ocr_par' dir='ltr' id='par_1_19' title="bbox 297 1734 1955 1817">
     <span class='ocr_line' id='line_1_19' title="bbox 297 1734 1955 1817; baseline -0.003 -21"><span class='ocrx_word' id='word_1_150' title='bbox 297 1740 593 1817; x_wconf 87' lang='grc' dir='ltr'>γενόμενος</span> <span class='ocrx_word' id='word_1_151' title='bbox 627 1737 684 1794; x_wconf 75' lang='grc' dir='ltr'>δὲ</span> <span class='ocrx_word' id='word_1_152' title='bbox 712 1745 898 1812; x_wconf 80' lang='grc' dir='ltr'>ταῦτα,</span> <span class='ocrx_word' id='word_1_153' title='bbox 933 1738 1032 1794; x_wconf 81' lang='grc' dir='ltr'>οὐκ</span> <span class='ocrx_word' id='word_1_154' title='bbox 1061 1734 1138 1794; x_wconf 82' lang='grc' dir='ltr'>ἔτι</span> <span class='ocrx_word' id='word_1_155' title='bbox 1167 1745 1354 1814; x_wconf 71' lang='grc' dir='ltr'>Πατὴρ</span> <span class='ocrx_word' id='word_1_156' title='bbox 1392 1739 1555 1812; x_wconf 90' lang='grc' dir='ltr'>μόνον</span> <span class='ocrx_word' id='word_1_157' title='bbox 1606 1737 1740 1793; x_wconf 86' lang='grc' dir='ltr'>ἐστί·</span> <span class='ocrx_word' id='word_1_158' title='bbox 1770 1740 1955 1795; x_wconf 80' lang='grc' dir='ltr'>Ταῦτα</span> 
     </span>
    </p>
   </div>
   <div class='ocr_carea' id='block_1_20' title="bbox 303 1824 1953 1904">
    <p class='ocr_par' dir='ltr' id='par_1_20' title="bbox 303 1824 1953 1904">
     <span class='ocr_line' id='line_1_20' title="bbox 303 1824 1953 1904; baseline -0.002 -20"><span class='ocrx_word' id='word_1_159' title='bbox 303 1829 363 1885; x_wconf 68' lang='grc' dir='ltr'>δὲ</span> <span class='ocrx_word' id='word_1_160' title='bbox 414 1826 885 1904; x_wconf 78' lang='grc' dir='ltr'>καταψευδόμενος</span> <span class='ocrx_word' id='word_1_161' title='bbox 933 1827 991 1884; x_wconf 81' lang='grc' dir='ltr'>ἃν</span> <span class='ocrx_word' id='word_1_162' title='bbox 1043 1850 1126 1892; x_wconf 90' lang='grc' dir='ltr'>τις</span> <span class='ocrx_word' id='word_1_163' title='bbox 1168 1826 1334 1898; x_wconf 84' lang='grc' dir='ltr'>εἷ’ποι,</span> <span class='ocrx_word' id='word_1_164' title='bbox 1385 1825 1480 1883; x_wconf 76' lang='grc' dir='ltr'>τοῦ</span> <span class='ocrx_word' id='word_1_165' title='bbox 1511 1832 1645 1883; x_wconf 80' lang='grc' dir='ltr'>Θεοῦ</span> <span class='ocrx_word' id='word_1_166' title='bbox 1677 1831 1835 1900; x_wconf 82' lang='grc' dir='ltr'>σῶμα</span> <span class='ocrx_word' id='word_1_167' title='bbox 1863 1824 1953 1880; x_wconf 86' lang='grc' dir='ltr'>καὶ</span> 
     </span>
    </p>
   </div>
   <div class='ocr_carea' id='block_1_21' title="bbox 301 1914 1958 1995">
    <p class='ocr_par' dir='ltr' id='par_1_21' title="bbox 301 1914 1958 1995">
     <span class='ocr_line' id='line_1_21' title="bbox 301 1914 1958 1995; baseline -0.003 -20"><span class='ocrx_word' id='word_1_168' title='bbox 301 1919 548 1990; x_wconf 86' lang='grc' dir='ltr'>παθητὸν</span> <span class='ocrx_word' id='word_1_169' title='bbox 582 1918 738 1974; x_wconf 81' lang='grc' dir='ltr'>αὐτὸν</span> <span class='ocrx_word' id='word_1_170' title='bbox 774 1917 1022 1995; x_wconf 83' lang='grc' dir='ltr'>εἷ’σάγων·</span> <span class='ocrx_word' id='word_1_171' title='bbox 1054 1916 1107 1972; x_wconf 87' lang='grc' dir='ltr'>τί</span> <span class='ocrx_word' id='word_1_172' title='bbox 1137 1918 1240 1994; x_wconf 84' lang='grc' dir='ltr'>γάρ</span> <span class='ocrx_word' id='word_1_173' title='bbox 1273 1916 1382 1972; x_wconf 89' lang='grc' dir='ltr'>ἐστι</span> <span class='ocrx_word' id='word_1_174' title='bbox 1405 1915 1765 1973; x_wconf 77' lang='grc' dir='ltr'>πλατύνεσθαι</span> <span class='ocrx_word' id='word_1_175' title='bbox 1793 1917 1827 1985; x_wconf 84' lang='grc' dir='ltr'>ἣ</span> <span class='ocrx_word' id='word_1_176' title='bbox 1861 1914 1958 1970; x_wconf 84' lang='grc' dir='ltr'>πά-</span> 
     </span>
    </p>
   </div>
   <div class='ocr_carea' id='block_1_22' title="bbox 304 2003 1953 2081">
    <p class='ocr_par' dir='ltr' id='par_1_22' title="bbox 304 2003 1953 2081">
     <span class='ocr_line' id='line_1_22' title="bbox 304 2003 1953 2081; baseline -0.002 -17"><span class='ocrx_word' id='word_1_177' title='bbox 304 2011 398 2071; x_wconf 89' lang='grc' dir='ltr'>θος</span> <span class='ocrx_word' id='word_1_178' title='bbox 427 2013 524 2064; x_wconf 73' lang='grc' dir='ltr'>τοῦ</span> <span class='ocrx_word' id='word_1_179' title='bbox 543 2008 958 2081; x_wconf 90' lang='grc' dir='ltr'>πλατυνομένου</span> <span class='ocrx_word' id='word_1_180' title='bbox 979 2027 993 2077; x_wconf 86' lang='grc'>;</span> <span class='ocrx_word' id='word_1_181' title='bbox 1018 2009 1088 2064; x_wconf 85' lang='grc' dir='ltr'>’Ἠ</span> <span class='ocrx_word' id='word_1_182' title='bbox 1110 2007 1161 2060; x_wconf 89' lang='grc' dir='ltr'>τί</span> <span class='ocrx_word' id='word_1_183' title='bbox 1185 2005 1295 2062; x_wconf 87' lang='grc' dir='ltr'>ἐστι</span> <span class='ocrx_word' id='word_1_184' title='bbox 1315 2006 1376 2061; x_wconf 89' lang='grc' dir='ltr'>τὸ</span> <span class='ocrx_word' id='word_1_185' title='bbox 1388 2003 1792 2080; x_wconf 82' lang='grc' dir='ltr'>πλατυνόμενον</span> <span class='ocrx_word' id='word_1_186' title='bbox 1817 2006 1953 2078; x_wconf 88' lang='grc'>(79),</span> 
     </span>
    </p>
   </div>
   <div class='ocr_carea' id='block_1_23' title="bbox 302 2093 1954 2174">
    <p class='ocr_par' dir='ltr' id='par_1_23' title="bbox 302 2093 1954 2174">
     <span class='ocr_line' id='line_1_23' title="bbox 302 2093 1954 2174; baseline -0.003 -22"><span class='ocrx_word' id='word_1_187' title='bbox 302 2099 339 2169; x_wconf 70' lang='grc' dir='ltr'><strong>ἢ</strong></span> <span class='ocrx_word' id='word_1_188' title='bbox 371 2100 435 2152; x_wconf 84' lang='grc' dir='ltr'>τὸ</span> <span class='ocrx_word' id='word_1_189' title='bbox 466 2096 728 2174; x_wconf 84' lang='grc' dir='ltr'>πρότερον</span> <span class='ocrx_word' id='word_1_190' title='bbox 789 2098 864 2170; x_wconf 83' lang='grc' dir='ltr'>μὴ</span> <span class='ocrx_word' id='word_1_191' title='bbox 914 2100 1190 2166; x_wconf 79' lang='grc' dir='ltr'>τοιοῦτον,</span> <span class='ocrx_word' id='word_1_192' title='bbox 1235 2093 1384 2150; x_wconf 83' lang='grc' dir='ltr'>ἀλλᾶ</span> <span class='ocrx_word' id='word_1_193' title='bbox 1413 2095 1592 2150; x_wconf 83' lang='grc' dir='ltr'>στενὸν</span> <span class='ocrx_word' id='word_1_194' title='bbox 1645 2099 1954 2169; x_wconf 80' lang='grc' dir='ltr'>τυγχανον;</span> 
     </span>
    </p>
   </div>
   <div class='ocr_carea' id='block_1_24' title="bbox 306 2182 1954 2262">
    <p class='ocr_par' dir='ltr' id='par_1_24' title="bbox 306 2182 1954 2262">
     <span class='ocr_line' id='line_1_24' title="bbox 306 2182 1954 2262; baseline -0.002 -20"><span class='ocrx_word' id='word_1_195' title='bbox 306 2185 505 2242; x_wconf 77' lang='grc' dir='ltr'>ταύτὸν</span> <span class='ocrx_word' id='word_1_196' title='bbox 535 2186 638 2262; x_wconf 83' lang='grc' dir='ltr'>γάρ</span> <span class='ocrx_word' id='word_1_197' title='bbox 667 2185 776 2241; x_wconf 87' lang='grc' dir='ltr'>ἐστι</span> <span class='ocrx_word' id='word_1_198' title='bbox 821 2186 1010 2262; x_wconf 85' lang='grc' dir='ltr'>χρόνῳ</span> <span class='ocrx_word' id='word_1_199' title='bbox 1058 2186 1223 2258; x_wconf 90' lang='grc' dir='ltr'>μόνον</span> <span class='ocrx_word' id='word_1_200' title='bbox 1269 2182 1520 2262; x_wconf 73' lang='grc' dir='ltr'>διαφέρον</span> <span class='ocrx_word' id='word_1_201' title='bbox 1571 2184 1762 2238; x_wconf 68' lang='grc' dir='ltr'>ἑαυτοῦ</span> <span class='ocrx_word' id='word_1_202' title='bbox 1820 2185 1954 2256; x_wconf 80' lang='grc'>(80),</span> 
     </span>
    </p>
   </div>
   <div class='ocr_carea' id='block_1_25' title="bbox 2060 848 3713 932">
    <p class='ocr_par' dir='ltr' id='par_1_25' title="bbox 2060 848 3713 932">
     <span class='ocr_line' id='line_1_25' title="bbox 2060 848 3713 932; baseline 0.008 -28"><span class='ocrx_word' id='word_1_203' title='bbox 2060 848 2194 921; x_wconf 90' lang='lat' dir='ltr'>ipsa</span> <span class='ocrx_word' id='word_1_204' title='bbox 2223 849 2430 905; x_wconf 87' lang='lat' dir='ltr'>Unitas</span> <span class='ocrx_word' id='word_1_205' title='bbox 2462 850 2518 903; x_wconf 93' lang='lat' dir='ltr'>in</span> <span class='ocrx_word' id='word_1_206' title='bbox 2556 849 2905 907; x_wconf 82' lang='lat' dir='ltr'>Trinitatem</span> <span class='ocrx_word' id='word_1_207' title='bbox 2937 853 3180 910; x_wconf 81' lang='lat' dir='ltr'>dilatata</span> <span class='ocrx_word' id='word_1_208' title='bbox 3199 860 3306 920; x_wconf 89' lang='lat' dir='ltr'>est,</span> <span class='ocrx_word' id='word_1_209' title='bbox 3339 858 3713 932; x_wconf 87' lang='lat' dir='ltr'>Trinitasque</span> 
     </span>
    </p>
   </div>
   <div class='ocr_carea' id='block_1_26' title="bbox 2066 937 3712 1021">
    <p class='ocr_par' dir='ltr' id='par_1_26' title="bbox 2066 937 3712 1021">
     <span class='ocr_line' id='line_1_26' title="bbox 2066 937 3712 1021; baseline 0.009 -30"><span class='ocrx_word' id='word_1_210' title='bbox 2066 941 2241 994; x_wconf 87' lang='lat' dir='ltr'>Pater</span> <span class='ocrx_word' id='word_1_211' title='bbox 2270 945 2357 994; x_wconf 91' lang='lat' dir='ltr'>est</span> <span class='ocrx_word' id='word_1_212' title='bbox 2397 943 2453 993; x_wconf 88' lang='lat' dir='ltr'>et</span> <span class='ocrx_word' id='word_1_213' title='bbox 2486 937 2666 995; x_wconf 88' lang='lat' dir='ltr'>Filius</span> <span class='ocrx_word' id='word_1_214' title='bbox 2713 944 2770 995; x_wconf 92' lang='lat' dir='ltr'>et</span> <span class='ocrx_word' id='word_1_215' title='bbox 2813 940 3064 1012; x_wconf 76' lang='lat' dir='ltr'>Spiritus</span> <span class='ocrx_word' id='word_1_216' title='bbox 3108 949 3348 1000; x_wconf 89' lang='lat' dir='ltr'>sanctus</span> <span class='ocrx_word' id='word_1_217' title='bbox 3373 945 3545 1018; x_wconf 88' lang='lat' dir='ltr'>:_ipse</span> <span class='ocrx_word' id='word_1_218' title='bbox 3574 965 3712 1021; x_wconf 87' lang='lat' dir='ltr'>ergo</span> 
     </span>
    </p>
   </div>
   <div class='ocr_carea' id='block_1_27' title="bbox 2061 1028 3710 1103">
    <p class='ocr_par' dir='ltr' id='par_1_27' title="bbox 2061 1028 3710 1103">
     <span class='ocr_line' id='line_1_27' title="bbox 2061 1028 3710 1103; baseline 0.007 -21"><span class='ocrx_word' id='word_1_219' title='bbox 2061 1031 2233 1083; x_wconf 89' lang='lat' dir='ltr'>Pater</span> <span class='ocrx_word' id='word_1_220' title='bbox 2263 1028 2452 1083; x_wconf 88' lang='lat' dir='ltr'>factus</span> <span class='ocrx_word' id='word_1_221' title='bbox 2501 1033 2588 1084; x_wconf 88' lang='lat' dir='ltr'>est</span> <span class='ocrx_word' id='word_1_222' title='bbox 2619 1033 2674 1083; x_wconf 92' lang='lat' dir='ltr'>et</span> <span class='ocrx_word' id='word_1_223' title='bbox 2714 1028 2893 1084; x_wconf 89' lang='lat' dir='ltr'>Filius</span> <span class='ocrx_word' id='word_1_224' title='bbox 2924 1036 2982 1086; x_wconf 92' lang='lat' dir='ltr'>et</span> <span class='ocrx_word' id='word_1_225' title='bbox 3007 1031 3281 1103; x_wconf 85' lang='lat' dir='ltr'>Spiritus,</span> <span class='ocrx_word' id='word_1_226' title='bbox 3311 1038 3375 1089; x_wconf 90' lang='lat' dir='ltr'>ut</span> <span class='ocrx_word' id='word_1_227' title='bbox 3405 1037 3585 1094; x_wconf 80' lang='lat' dir='ltr'>sentit</span> <span class='ocrx_word' id='word_1_228' title='bbox 3612 1039 3710 1094; x_wconf 86' lang='lat' dir='ltr'>Sa-</span> 
     </span>
    </p>
   </div>
   <div class='ocr_carea' id='block_1_28' title="bbox 2059 1115 3715 1196">
    <p class='ocr_par' dir='ltr' id='par_1_28' title="bbox 2059 1115 3715 1196">
     <span class='ocr_line' id='line_1_28' title="bbox 2059 1115 3715 1196; baseline 0.004 -22"><span class='ocrx_word' id='word_1_229' title='bbox 2059 1115 2272 1174; x_wconf 88' lang='lat' dir='ltr'>bellius</span> <span class='ocrx_word' id='word_1_230' title='bbox 2291 1134 2312 1178; x_wconf 85' lang='lat'><strong><em>;</em></strong></span> <span class='ocrx_word' id='word_1_231' title='bbox 2344 1116 2459 1171; x_wconf 87' lang='lat' dir='ltr'>nisi</span> <span class='ocrx_word' id='word_1_232' title='bbox 2494 1116 2639 1172; x_wconf 81' lang='lat' dir='ltr'>forte</span> <span class='ocrx_word' id='word_1_233' title='bbox 2672 1116 2877 1173; x_wconf 89' lang='lat' dir='ltr'>Unitas</span> <span class='ocrx_word' id='word_1_234' title='bbox 2905 1135 3081 1190; x_wconf 87' lang='lat' dir='ltr'>quam</span> <span class='ocrx_word' id='word_1_235' title='bbox 3111 1119 3205 1177; x_wconf 91' lang='lat' dir='ltr'>ille</span> <span class='ocrx_word' id='word_1_236' title='bbox 3234 1129 3586 1196; x_wconf 76' lang='lat' dir='ltr'>propugnat,</span> <span class='ocrx_word' id='word_1_237' title='bbox 3610 1125 3715 1182; x_wconf 87' lang='lat' dir='ltr'>ali-</span> 
     </span>
    </p>
   </div>
   <div class='ocr_carea' id='block_1_29' title="bbox 2061 1204 3714 1283">
    <p class='ocr_par' dir='ltr' id='par_1_29' title="bbox 2061 1204 3714 1283">
     <span class='ocr_line' id='line_1_29' title="bbox 2061 1204 3714 1283; baseline 0.006 -23"><span class='ocrx_word' id='word_1_238' title='bbox 2061 1204 2201 1276; x_wconf 89' lang='lat' dir='ltr'>quid</span> <span class='ocrx_word' id='word_1_239' title='bbox 2236 1205 2312 1260; x_wconf 90' lang='lat' dir='ltr'>sit</span> <span class='ocrx_word' id='word_1_240' title='bbox 2334 1204 2490 1260; x_wconf 85' lang='lat' dir='ltr'>aliud</span> <span class='ocrx_word' id='word_1_241' title='bbox 2517 1210 2727 1277; x_wconf 64' lang='lat' dir='ltr'>praeter</span> <span class='ocrx_word' id='word_1_242' title='bbox 2744 1211 2998 1263; x_wconf 84' lang='lat' dir='ltr'>Patrem.</span> <span class='ocrx_word' id='word_1_243' title='bbox 3025 1209 3211 1278; x_wconf 86' lang='lat' dir='ltr'>Igitur</span> <span class='ocrx_word' id='word_1_244' title='bbox 3227 1226 3342 1265; x_wconf 91' lang='lat' dir='ltr'>non</span> <span class='ocrx_word' id='word_1_245' title='bbox 3358 1212 3484 1283; x_wconf 88' lang='lat' dir='ltr'>jam</span> <span class='ocrx_word' id='word_1_246' title='bbox 3506 1213 3714 1270; x_wconf 89' lang='lat' dir='ltr'>Unitas</span> 
     </span>
    </p>
   </div>
   <div class='ocr_carea' id='block_1_30' title="bbox 2061 1292 3712 1370">
    <p class='ocr_par' dir='ltr' id='par_1_30' title="bbox 2061 1292 3712 1370">
     <span class='ocr_line' id='line_1_30' title="bbox 2061 1292 3712 1370; baseline 0.006 -21"><span class='ocrx_word' id='word_1_247' title='bbox 2061 1292 2292 1349; x_wconf 80' lang='lat' dir='ltr'>dilatari</span> <span class='ocrx_word' id='word_1_248' title='bbox 2309 1294 2556 1350; x_wconf 89' lang='lat' dir='ltr'>dicenda</span> <span class='ocrx_word' id='word_1_249' title='bbox 2577 1299 2720 1359; x_wconf 88' lang='lat' dir='ltr'>erat,</span> <span class='ocrx_word' id='word_1_250' title='bbox 2736 1295 2837 1351; x_wconf 86' lang='lat' dir='ltr'>sed</span> <span class='ocrx_word' id='word_1_251' title='bbox 2863 1295 3042 1352; x_wconf 92' lang='lat' dir='ltr'>trium</span> <span class='ocrx_word' id='word_1_252' title='bbox 3066 1298 3259 1368; x_wconf 84' lang='lat' dir='ltr'>potius</span> <span class='ocrx_word' id='word_1_253' title='bbox 3283 1314 3412 1356; x_wconf 88' lang='lat' dir='ltr'>esse</span> <span class='ocrx_word' id='word_1_254' title='bbox 3433 1302 3712 1370; x_wconf 68' lang='lat' dir='ltr'>effectrix,</span> 
     </span>
    </p>
   </div>
   <div class='ocr_carea' id='block_1_31' title="bbox 2062 1383 3712 1456">
    <p class='ocr_par' dir='ltr' id='par_1_31' title="bbox 2062 1383 3712 1456">
     <span class='ocr_line' id='line_1_31' title="bbox 2062 1383 3712 1456; baseline 0.005 -18"><span class='ocrx_word' id='word_1_255' title='bbox 2062 1383 2144 1439; x_wconf 87' lang='lat' dir='ltr'>ita</span> <span class='ocrx_word' id='word_1_256' title='bbox 2173 1388 2238 1439; x_wconf 92' lang='lat' dir='ltr'>ut</span> <span class='ocrx_word' id='word_1_257' title='bbox 2269 1384 2457 1455; x_wconf 90' lang='lat' dir='ltr'>primo</span> <span class='ocrx_word' id='word_1_258' title='bbox 2489 1383 2565 1440; x_wconf 88' lang='lat' dir='ltr'>sit</span> <span class='ocrx_word' id='word_1_259' title='bbox 2593 1383 2820 1451; x_wconf 85' lang='lat' dir='ltr'>Unitas,</span> <span class='ocrx_word' id='word_1_260' title='bbox 2855 1385 3066 1441; x_wconf 90' lang='lat' dir='ltr'>deinde</span> <span class='ocrx_word' id='word_1_261' title='bbox 3113 1392 3170 1442; x_wconf 93' lang='lat' dir='ltr'>et</span> <span class='ocrx_word' id='word_1_262' title='bbox 3211 1392 3403 1456; x_wconf 88' lang='lat' dir='ltr'>Pater,</span> <span class='ocrx_word' id='word_1_263' title='bbox 3446 1395 3503 1445; x_wconf 87' lang='lat' dir='ltr'>et</span> <span class='ocrx_word' id='word_1_264' title='bbox 3532 1390 3712 1448; x_wconf 87' lang='lat' dir='ltr'>Filius</span> 
     </span>
    </p>
   </div>
   <div class='ocr_carea' id='block_1_32' title="bbox 2062 1470 3714 1551">
    <p class='ocr_par' dir='ltr' id='par_1_32' title="bbox 2062 1470 3714 1551">
     <span class='ocr_line' id='line_1_32' title="bbox 2062 1470 3714 1551; baseline 0.005 -25"><span class='ocrx_word' id='word_1_265' title='bbox 2062 1476 2118 1526; x_wconf 93' lang='lat' dir='ltr'>et</span> <span class='ocrx_word' id='word_1_266' title='bbox 2146 1470 2412 1542; x_wconf 87' lang='lat' dir='ltr'>Spiritus.</span> <span class='ocrx_word' id='word_1_267' title='bbox 2438 1476 2585 1528; x_wconf 90' lang='lat' dir='ltr'>Nam</span> <span class='ocrx_word' id='word_1_268' title='bbox 2634 1473 2683 1528; x_wconf 91' lang='lat' dir='ltr'>si</span> <span class='ocrx_word' id='word_1_269' title='bbox 2716 1472 2844 1545; x_wconf 91' lang='lat' dir='ltr'>ipsa</span> <span class='ocrx_word' id='word_1_270' title='bbox 2878 1473 3120 1530; x_wconf 88' lang='lat' dir='ltr'>dilatata</span> <span class='ocrx_word' id='word_1_271' title='bbox 3151 1481 3262 1546; x_wconf 91' lang='lat' dir='ltr'>est,</span> <span class='ocrx_word' id='word_1_272' title='bbox 3309 1493 3491 1548; x_wconf 88' lang='lat' dir='ltr'>seque</span> <span class='ocrx_word' id='word_1_273' title='bbox 3521 1479 3714 1551; x_wconf 86' lang='lat' dir='ltr'>ipsam</span> 
     </span>
    </p>
   </div>
   <div class='ocr_carea' id='block_1_33' title="bbox 2063 1561 3712 1635">
    <p class='ocr_par' dir='ltr' id='par_1_33' title="bbox 2063 1561 3712 1635">
     <span class='ocr_line' id='line_1_33' title="bbox 2063 1561 3712 1635; baseline 0.004 -19"><span class='ocrx_word' id='word_1_274' title='bbox 2063 1561 2343 1632; x_wconf 81' lang='lat' dir='ltr'>extendit,</span> <span class='ocrx_word' id='word_1_275' title='bbox 2379 1561 2508 1634; x_wconf 91' lang='lat' dir='ltr'>ipsa</span> <span class='ocrx_word' id='word_1_276' title='bbox 2557 1579 2698 1617; x_wconf 87' lang='lat' dir='ltr'>sane</span> <span class='ocrx_word' id='word_1_277' title='bbox 2730 1563 2905 1618; x_wconf 86' lang='lat' dir='ltr'>fuerit</span> <span class='ocrx_word' id='word_1_278' title='bbox 2957 1562 3014 1618; x_wconf 92' lang='lat' dir='ltr'>id</span> <span class='ocrx_word' id='word_1_279' title='bbox 3065 1565 3216 1635; x_wconf 92' lang='lat' dir='ltr'>quod</span> <span class='ocrx_word' id='word_1_280' title='bbox 3264 1570 3572 1623; x_wconf 85' lang='lat' dir='ltr'>extensum</span> <span class='ocrx_word' id='word_1_281' title='bbox 3602 1574 3712 1625; x_wconf 88' lang='lat' dir='ltr'>est.</span> 
     </span>
    </p>
   </div>
   <div class='ocr_carea' id='block_1_34' title="bbox 2063 1648 3714 1728">
    <p class='ocr_par' dir='ltr' id='par_1_34' title="bbox 2063 1648 3714 1728">
     <span class='ocr_line' id='line_1_34' title="bbox 2063 1648 3714 1728; baseline 0.005 -24"><span class='ocrx_word' id='word_1_282' title='bbox 2063 1648 2313 1705; x_wconf 86' lang='lat' dir='ltr'>Dilatata</span> <span class='ocrx_word' id='word_1_283' title='bbox 2342 1649 2581 1720; x_wconf 90' lang='lat' dir='ltr'>proinde</span> <span class='ocrx_word' id='word_1_284' title='bbox 2612 1649 2890 1720; x_wconf 86' lang='lat' dir='ltr'>Trinitas,</span> <span class='ocrx_word' id='word_1_285' title='bbox 2925 1667 3042 1706; x_wconf 90' lang='lat' dir='ltr'>non</span> <span class='ocrx_word' id='word_1_286' title='bbox 3076 1650 3334 1724; x_wconf 86' lang='lat' dir='ltr'>amplius</span> <span class='ocrx_word' id='word_1_287' title='bbox 3366 1658 3455 1710; x_wconf 89' lang='lat' dir='ltr'>est</span> <span class='ocrx_word' id='word_1_288' title='bbox 3484 1656 3714 1728; x_wconf 88' lang='lat' dir='ltr'>Unitas,</span> 
     </span>
    </p>
   </div>
   <div class='ocr_carea' id='block_1_35' title="bbox 2063 1739 3716 1818">
    <p class='ocr_par' dir='ltr' id='par_1_35' title="bbox 2063 1739 3716 1818">
     <span class='ocr_line' id='line_1_35' title="bbox 2063 1739 3716 1818; baseline 0.005 -26"><span class='ocrx_word' id='word_1_289' title='bbox 2063 1753 2190 1810; x_wconf 69' lang='lat' dir='ltr'>quae</span> <span class='ocrx_word' id='word_1_290' title='bbox 2223 1753 2356 1794; x_wconf 92' lang='lat' dir='ltr'>cum</span> <span class='ocrx_word' id='word_1_291' title='bbox 2387 1742 2540 1794; x_wconf 84' lang='lat' dir='ltr'>esset</span> <span class='ocrx_word' id='word_1_292' title='bbox 2569 1739 2798 1808; x_wconf 87' lang='lat' dir='ltr'>Unitas,</span> <span class='ocrx_word' id='word_1_293' title='bbox 2828 1739 3088 1795; x_wconf 90' lang='lat' dir='ltr'>nondum</span> <span class='ocrx_word' id='word_1_294' title='bbox 3122 1741 3378 1799; x_wconf 81' lang='lat' dir='ltr'>Trinitas</span> <span class='ocrx_word' id='word_1_295' title='bbox 3409 1748 3572 1800; x_wconf 87' lang='lat' dir='ltr'>erat:</span> <span class='ocrx_word' id='word_1_296' title='bbox 3607 1744 3716 1818; x_wconf 88' lang='lat' dir='ltr'>igi-</span> 
     </span>
    </p>
   </div>
   <div class='ocr_carea' id='block_1_36' title="bbox 2065 1827 3719 1898">
    <p class='ocr_par' dir='ltr' id='par_1_36' title="bbox 2065 1827 3719 1898">
     <span class='ocr_line' id='line_1_36' title="bbox 2065 1827 3719 1898; baseline 0.006 -16"><span class='ocrx_word' id='word_1_297' title='bbox 2065 1832 2162 1883; x_wconf 90' lang='lat' dir='ltr'>tur</span> <span class='ocrx_word' id='word_1_298' title='bbox 2190 1843 2324 1883; x_wconf 89' lang='lat' dir='ltr'>cum</span> <span class='ocrx_word' id='word_1_299' title='bbox 2364 1827 2503 1883; x_wconf 88' lang='lat' dir='ltr'>item</span> <span class='ocrx_word' id='word_1_300' title='bbox 2563 1831 2736 1883; x_wconf 87' lang='lat' dir='ltr'>Pater</span> <span class='ocrx_word' id='word_1_301' title='bbox 2779 1832 2954 1898; x_wconf 89' lang='lat' dir='ltr'>esset,</span> <span class='ocrx_word' id='word_1_302' title='bbox 2989 1829 3252 1886; x_wconf 91' lang='lat' dir='ltr'>nondum</span> <span class='ocrx_word' id='word_1_303' title='bbox 3292 1837 3416 1888; x_wconf 91' lang='lat' dir='ltr'>erat</span> <span class='ocrx_word' id='word_1_304' title='bbox 3445 1832 3626 1891; x_wconf 88' lang='lat' dir='ltr'>Filius</span> <span class='ocrx_word' id='word_1_305' title='bbox 3659 1839 3719 1891; x_wconf 87' lang='lat' dir='ltr'>et</span> 
     </span>
    </p>
   </div>
   <div class='ocr_carea' id='block_1_37' title="bbox 2066 1916 3716 1991">
    <p class='ocr_par' dir='ltr' id='par_1_37' title="bbox 2066 1916 3716 1991">
     <span class='ocr_line' id='line_1_37' title="bbox 2066 1916 3716 1991; baseline 0.005 -19"><span class='ocrx_word' id='word_1_306' title='bbox 2066 1916 2340 1988; x_wconf 85' lang='lat' dir='ltr'>Spiritus,</span> <span class='ocrx_word' id='word_1_307' title='bbox 2371 1916 2471 1988; x_wconf 90' lang='lat' dir='ltr'>qui</span> <span class='ocrx_word' id='word_1_308' title='bbox 2504 1920 2676 1972; x_wconf 88' lang='lat' dir='ltr'>Pater</span> <span class='ocrx_word' id='word_1_309' title='bbox 2704 1921 3017 1988; x_wconf 86' lang='lat' dir='ltr'>postquam</span> <span class='ocrx_word' id='word_1_310' title='bbox 3067 1918 3180 1974; x_wconf 89' lang='lat' dir='ltr'>ista</span> <span class='ocrx_word' id='word_1_311' title='bbox 3220 1920 3409 1976; x_wconf 87' lang='lat' dir='ltr'>factus</span> <span class='ocrx_word' id='word_1_312' title='bbox 3457 1926 3566 1991; x_wconf 90' lang='lat' dir='ltr'>est,</span> <span class='ocrx_word' id='word_1_313' title='bbox 3599 1940 3716 1980; x_wconf 91' lang='lat' dir='ltr'>non</span> 
     </span>
    </p>
   </div>
   <div class='ocr_carea' id='block_1_38' title="bbox 2060 2006 3718 2080">
    <p class='ocr_par' dir='ltr' id='par_1_38' title="bbox 2060 2006 3718 2080">
     <span class='ocr_line' id='line_1_38' title="bbox 2060 2006 3718 2080; baseline 0.005 -20"><span class='ocrx_word' id='word_1_314' title='bbox 2060 2006 2178 2076; x_wconf 86' lang='lat' dir='ltr'>jam</span> <span class='ocrx_word' id='word_1_315' title='bbox 2204 2009 2436 2061; x_wconf 89' lang='lat' dir='ltr'>tantum</span> <span class='ocrx_word' id='word_1_316' title='bbox 2468 2009 2636 2061; x_wconf 82' lang='lat' dir='ltr'>Pater</span> <span class='ocrx_word' id='word_1_317' title='bbox 2683 2011 2794 2061; x_wconf 90' lang='lat' dir='ltr'>est.</span> <span class='ocrx_word' id='word_1_318' title='bbox 2853 2009 3070 2062; x_wconf 88' lang='lat' dir='ltr'>Verum</span> <span class='ocrx_word' id='word_1_319' title='bbox 3123 2023 3297 2064; x_wconf 89' lang='lat' dir='ltr'>nemo</span> <span class='ocrx_word' id='word_1_320' title='bbox 3326 2009 3450 2066; x_wconf 65' lang='lat' dir='ltr'>haec</span> <span class='ocrx_word' id='word_1_321' title='bbox 3478 2011 3718 2080; x_wconf 88' lang='lat' dir='ltr'>dixerit,</span> 
     </span>
    </p>
   </div>
   <div class='ocr_carea' id='block_1_39' title="bbox 2068 2093 3722 2172">
    <p class='ocr_par' dir='ltr' id='par_1_39' title="bbox 2068 2093 3722 2172">
     <span class='ocr_line' id='line_1_39' title="bbox 2068 2093 3722 2172; baseline 0.005 -23"><span class='ocrx_word' id='word_1_322' title='bbox 2068 2094 2181 2149; x_wconf 92' lang='lat' dir='ltr'>nisi</span> <span class='ocrx_word' id='word_1_323' title='bbox 2232 2093 2332 2164; x_wconf 88' lang='lat' dir='ltr'>qui</span> <span class='ocrx_word' id='word_1_324' title='bbox 2364 2110 2576 2166; x_wconf 90' lang='lat' dir='ltr'>corpus</span> <span class='ocrx_word' id='word_1_325' title='bbox 2609 2099 2720 2150; x_wconf 90' lang='lat' dir='ltr'>Deo</span> <span class='ocrx_word' id='word_1_326' title='bbox 2751 2093 2898 2150; x_wconf 81' lang='lat' dir='ltr'>false</span> <span class='ocrx_word' id='word_1_327' title='bbox 2925 2096 3190 2168; x_wconf 81' lang='lat' dir='ltr'>efﬁngat,</span> <span class='ocrx_word' id='word_1_328' title='bbox 3221 2113 3477 2170; x_wconf 90' lang='lat' dir='ltr'>eumque</span> <span class='ocrx_word' id='word_1_329' title='bbox 3507 2101 3722 2172; x_wconf 86' lang='lat' dir='ltr'>patibi-</span> 
     </span>
    </p>
   </div>
   <div class='ocr_carea' id='block_1_40' title="bbox 2068 2181 3726 2251">
    <p class='ocr_par' dir='ltr' id='par_1_40' title="bbox 2068 2181 3726 2251">
     <span class='ocr_line' id='line_1_40' title="bbox 2068 2181 3726 2251; baseline 0.006 -15"><span class='ocrx_word' id='word_1_330' title='bbox 2068 2181 2184 2237; x_wconf 90' lang='lat' dir='ltr'>lem</span> <span class='ocrx_word' id='word_1_331' title='bbox 2216 2186 2488 2238; x_wconf 87' lang='lat' dir='ltr'>naturam</span> <span class='ocrx_word' id='word_1_332' title='bbox 2509 2182 2721 2238; x_wconf 89' lang='lat' dir='ltr'>habere</span> <span class='ocrx_word' id='word_1_333' title='bbox 2746 2183 3078 2240; x_wconf 85' lang='lat' dir='ltr'>arbitretur.</span> <span class='ocrx_word' id='word_1_334' title='bbox 3103 2185 3251 2251; x_wconf 90' lang='lat' dir='ltr'>Quid</span> <span class='ocrx_word' id='word_1_335' title='bbox 3288 2186 3444 2243; x_wconf 89' lang='lat' dir='ltr'>enim</span> <span class='ocrx_word' id='word_1_336' title='bbox 3473 2192 3564 2245; x_wconf 89' lang='lat' dir='ltr'>est</span> <span class='ocrx_word' id='word_1_337' title='bbox 3584 2189 3726 2247; x_wconf 85' lang='lat' dir='ltr'>dila-</span> 
     </span>
    </p>
   </div>
   <div class='ocr_carea' id='block_1_41' title="bbox 301 2272 3730 2351">
    <p class='ocr_par' dir='ltr' id='par_1_41' title="bbox 301 2272 3730 2351">
     <span class='ocr_line' id='line_1_41' title="bbox 301 2272 3730 2351; baseline 0.001 -17"><span class='ocrx_word' id='word_1_338' title='bbox 301 2279 417 2335; x_wconf 86' lang='lat' dir='ltr'>tari</span> <span class='ocrx_word' id='word_1_339' title='bbox 449 2296 628 2351; x_wconf 82' lang='lat' dir='ltr'>quam</span> <span class='ocrx_word' id='word_1_340' title='bbox 660 2278 856 2350; x_wconf 87' lang='lat' dir='ltr'>passio</span> <span class='ocrx_word' id='word_1_341' title='bbox 883 2293 984 2333; x_wconf 71' lang='lat' dir='ltr'>seu</span> <span class='ocrx_word' id='word_1_342' title='bbox 1019 2277 1245 2333; x_wconf 81' lang='lat' dir='ltr'>aii‘ectio</span> <span class='ocrx_word' id='word_1_343' title='bbox 1280 2276 1360 2332; x_wconf 88' lang='lat' dir='ltr'>rei</span> <span class='ocrx_word' id='word_1_344' title='bbox 1391 2275 1646 2332; x_wconf 63' lang='lat' dir='ltr'>dilatata;</span> <span class='ocrx_word' id='word_1_345' title='bbox 1669 2275 1696 2330; x_wconf 75' lang='lat'><strong>7</strong></span> <span class='ocrx_word' id='word_1_346' title='bbox 1728 2273 1828 2331; x_wconf 89' lang='lat' dir='ltr'>Vel</span> <span class='ocrx_word' id='word_1_347' title='bbox 1863 2273 2003 2345; x_wconf 91' lang='lat' dir='ltr'>quid</span> <span class='ocrx_word' id='word_1_348' title='bbox 2052 2276 2142 2328; x_wconf 90' lang='lat' dir='ltr'>est</span> <span class='ocrx_word' id='word_1_349' title='bbox 2190 2289 2283 2327; x_wconf 89' lang='lat' dir='ltr'>res</span> <span class='ocrx_word' id='word_1_350' title='bbox 2340 2272 2605 2338; x_wconf 85' lang='lat' dir='ltr'>dilatata,</span> <span class='ocrx_word' id='word_1_351' title='bbox 2636 2290 2808 2343; x_wconf 85' lang='lat' dir='ltr'>quam</span> <span class='ocrx_word' id='word_1_352' title='bbox 2845 2290 2973 2345; x_wconf 75' lang='lat' dir='ltr'>quae</span> <span class='ocrx_word' id='word_1_353' title='bbox 3008 2279 3180 2331; x_wconf 83' lang='lat' dir='ltr'>antea</span> <span class='ocrx_word' id='word_1_354' title='bbox 3215 2293 3330 2332; x_wconf 90' lang='lat' dir='ltr'>non</span> <span class='ocrx_word' id='word_1_355' title='bbox 3360 2276 3730 2351; x_wconf 86' lang='lat' dir='ltr'>hujusmodi,</span> 
     </span>
    </p>
   </div>
   <div class='ocr_carea' id='block_1_42' title="bbox 302 2360 2916 2438">
    <p class='ocr_par' dir='ltr' id='par_1_42' title="bbox 302 2360 2916 2438">
     <span class='ocr_line' id='line_1_42' title="bbox 302 2360 2916 2438; baseline -0.002 -15"><span class='ocrx_word' id='word_1_356' title='bbox 302 2369 406 2424; x_wconf 87' lang='lat' dir='ltr'>sed</span> <span class='ocrx_word' id='word_1_357' title='bbox 440 2370 740 2423; x_wconf 86' lang='lat' dir='ltr'>contracta</span> <span class='ocrx_word' id='word_1_358' title='bbox 766 2367 940 2422; x_wconf 86' lang='lat' dir='ltr'>erat?</span> <span class='ocrx_word' id='word_1_359' title='bbox 972 2367 1183 2422; x_wconf 86' lang='lat' dir='ltr'>Eadem</span> <span class='ocrx_word' id='word_1_360' title='bbox 1217 2366 1433 2438; x_wconf 90' lang='lat' dir='ltr'>quippe</span> <span class='ocrx_word' id='word_1_361' title='bbox 1464 2369 1572 2436; x_wconf 90' lang='lat' dir='ltr'>est,</span> <span class='ocrx_word' id='word_1_362' title='bbox 1605 2364 1845 2435; x_wconf 89' lang='lat' dir='ltr'>soloque</span> <span class='ocrx_word' id='word_1_363' title='bbox 1877 2360 2159 2435; x_wconf 89' lang='lat' dir='ltr'>temporis</span> <span class='ocrx_word' id='word_1_364' title='bbox 2189 2361 2382 2433; x_wconf 88' lang='lat' dir='ltr'>spatio</span> <span class='ocrx_word' id='word_1_365' title='bbox 2413 2378 2446 2416; x_wconf 89' lang='lat' dir='ltr'>a</span> <span class='ocrx_word' id='word_1_366' title='bbox 2477 2361 2670 2432; x_wconf 78' lang='lat' dir='ltr'>seipse</span> <span class='ocrx_word' id='word_1_367' title='bbox 2701 2361 2916 2418; x_wconf 81' lang='lat' dir='ltr'>diﬂ&#39;ert.</span> 
     </span>
    </p>
   </div>
   <div class='ocr_carea' id='block_1_43' title="bbox 380 2451 1958 2528">
    <p class='ocr_par' dir='ltr' id='par_1_43' title="bbox 380 2451 1958 2528">
     <span class='ocr_line' id='line_1_43' title="bbox 380 2451 1958 2528; baseline -0.003 -17"><span class='ocrx_word' id='word_1_368' title='bbox 380 2458 466 2511; x_wconf 81' lang='grc'>14.</span> <span class='ocrx_word' id='word_1_369' title='bbox 501 2458 675 2512; x_wconf 76' lang='grc' dir='ltr'>Τοῦτο</span> <span class='ocrx_word' id='word_1_370' title='bbox 723 2453 813 2509; x_wconf 86' lang='grc' dir='ltr'>καὶ</span> <span class='ocrx_word' id='word_1_371' title='bbox 863 2456 891 2508; x_wconf 92' lang='lat'>6</span> <span class='ocrx_word' id='word_1_372' title='bbox 939 2457 1080 2516; x_wconf 81' lang='grc' dir='ltr'>θεῖος</span> <span class='ocrx_word' id='word_1_373' title='bbox 1127 2454 1381 2528; x_wconf 86' lang='grc' dir='ltr'>γινώσκει</span> <span class='ocrx_word' id='word_1_374' title='bbox 1433 2451 1769 2514; x_wconf 82' lang='grc' dir='ltr'>’Δπόστολος</span> <span class='ocrx_word' id='word_1_375' title='bbox 1819 2452 1958 2525; x_wconf 83' lang='grc' dir='ltr'>πρὸς</span> 
     </span>
    </p>
   </div>
   <div class='ocr_carea' id='block_1_44' title="bbox 301 2539 1954 2619">
    <p class='ocr_par' dir='ltr' id='par_1_44' title="bbox 301 2539 1954 2619">
     <span class='ocr_line' id='line_1_44' title="bbox 301 2539 1954 2619; baseline -0.002 -21"><span class='ocrx_word' id='word_1_376' title='bbox 301 2543 623 2619; x_wconf 79' lang='grc' dir='ltr'>Κορινθίους</span> <span class='ocrx_word' id='word_1_377' title='bbox 724 2541 1079 2598; x_wconf 82' lang='grc' dir='ltr'>ἐπιστέλλων·</span> <span class='ocrx_word' id='word_1_378' title='bbox 1185 2544 1272 2612; x_wconf 85' lang='grc' dir='ltr'>Μή</span> <span class='ocrx_word' id='word_1_379' title='bbox 1378 2543 1803 2618; x_wconf 79' lang='grc' dir='ltr'>στενοχωρεῖσθε</span> <span class='ocrx_word' id='word_1_380' title='bbox 1901 2539 1954 2594; x_wconf 87' lang='grc' dir='ltr'>ἐν</span> 
     </span>
    </p>
   </div>
   <div class='ocr_carea' id='block_1_45' title="bbox 302 2627 1955 2705">
    <p class='ocr_par' dir='ltr' id='par_1_45' title="bbox 302 2627 1955 2705">
     <span class='ocr_line' id='line_1_45' title="bbox 302 2627 1955 2705; baseline -0.003 -19"><span class='ocrx_word' id='word_1_381' title='bbox 302 2636 473 2705; x_wconf 77' lang='grc' dir='ltr'>ἡμῖν,</span> <span class='ocrx_word' id='word_1_382' title='bbox 525 2631 869 2702; x_wconf 73' lang='grc' dir='ltr'>πλατύνθητε</span> <span class='ocrx_word' id='word_1_383' title='bbox 923 2629 981 2686; x_wconf 76' lang='grc' dir='ltr'>δὲ</span> <span class='ocrx_word' id='word_1_384' title='bbox 1036 2631 1126 2687; x_wconf 80' lang='grc' dir='ltr'>καὶ</span> <span class='ocrx_word' id='word_1_385' title='bbox 1179 2631 1362 2705; x_wconf 84' lang='grc' dir='ltr'>ύμεῖς,</span> <span class='ocrx_word' id='word_1_386' title='bbox 1431 2630 1712 2705; x_wconf 82' lang='grc' dir='ltr'>Κορίνθιοι</span> <span class='ocrx_word' id='word_1_387' title='bbox 1747 2672 1761 2686; x_wconf 94' lang='grc'>.</span> <span class='ocrx_word' id='word_1_388' title='bbox 1818 2627 1955 2691; x_wconf 77' lang='grc' dir='ltr'>Τοὺς</span> 
     </span>
    </p>
   </div>
   <div class='ocr_carea' id='block_1_46' title="bbox 301 2712 1957 2798">
    <p class='ocr_par' dir='ltr' id='par_1_46' title="bbox 301 2712 1957 2798">
     <span class='ocr_line' id='line_1_46' title="bbox 301 2712 1957 2798; baseline -0.002 -23"><span class='ocrx_word' id='word_1_389' title='bbox 301 2723 406 2798; x_wconf 73' lang='grc' dir='ltr'>γὰρ</span> <span class='ocrx_word' id='word_1_390' title='bbox 438 2720 634 2784; x_wconf 77' lang='grc' dir='ltr'>αὐτοὺς</span> <span class='ocrx_word' id='word_1_391' title='bbox 668 2721 772 2776; x_wconf 81' lang='grc' dir='ltr'>ἀπὸ</span> <span class='ocrx_word' id='word_1_392' title='bbox 809 2722 1128 2792; x_wconf 83' lang='grc' dir='ltr'>στενότητος</span> <span class='ocrx_word' id='word_1_393' title='bbox 1180 2719 1256 2783; x_wconf 81' lang='grc' dir='ltr'>εἷς</span> <span class='ocrx_word' id='word_1_394' title='bbox 1313 2719 1632 2792; x_wconf 88' lang='grc' dir='ltr'>πλατυσμὸν</span> <span class='ocrx_word' id='word_1_395' title='bbox 1689 2712 1957 2793; x_wconf 75' lang='grc' dir='ltr'>μεταϐάλ-</span> 
     </span>
    </p>
   </div>
   <div class='ocr_carea' id='block_1_47' title="bbox 303 2805 1953 2884">
    <p class='ocr_par' dir='ltr' id='par_1_47' title="bbox 303 2805 1953 2884">
     <span class='ocr_line' id='line_1_47' title="bbox 303 2805 1953 2884; baseline -0.004 -18"><span class='ocrx_word' id='word_1_396' title='bbox 303 2809 420 2866; x_wconf 81' lang='grc' dir='ltr'>λειν</span> <span class='ocrx_word' id='word_1_397' title='bbox 455 2805 842 2884; x_wconf 73' lang='grc' dir='ltr'>συμϐουλεύει.</span> <span class='ocrx_word' id='word_1_398' title='bbox 901 2812 1102 2884; x_wconf 75' lang='grc' dir='ltr'>’Ὠσπερ</span> <span class='ocrx_word' id='word_1_399' title='bbox 1156 2807 1213 2864; x_wconf 68' lang='grc' dir='ltr'>δὲ</span> <span class='ocrx_word' id='word_1_400' title='bbox 1270 2809 1315 2864; x_wconf 83' lang='grc' dir='ltr'>εί</span> <span class='ocrx_word' id='word_1_401' title='bbox 1375 2810 1482 2883; x_wconf 90' lang='grc' dir='ltr'>(θ1)</span> <span class='ocrx_word' id='word_1_402' title='bbox 1542 2805 1953 2877; x_wconf 77' lang='grc' dir='ltr'>ἐπλατύνθησαν</span> 
     </span>
    </p>
   </div>
   <div class='ocr_carea' id='block_1_48' title="bbox 301 2894 1953 2975">
    <p class='ocr_par' dir='ltr' id='par_1_48' title="bbox 301 2894 1953 2975">
     <span class='ocr_line' id='line_1_48' title="bbox 301 2894 1953 2975; baseline -0.003 -21"><span class='ocrx_word' id='word_1_403' title='bbox 301 2899 472 2955; x_wconf 75' lang='grc' dir='ltr'>πάλιν</span> <span class='ocrx_word' id='word_1_404' title='bbox 535 2898 806 2974; x_wconf 83' lang='grc' dir='ltr'>Κορίνθιοι</span> <span class='ocrx_word' id='word_1_405' title='bbox 871 2900 962 2953; x_wconf 88' lang='grc' dir='ltr'>καὶ</span> <span class='ocrx_word' id='word_1_406' title='bbox 1029 2897 1575 2975; x_wconf 84' lang='grc' dir='ltr'>στενοχωρούμενοι,</span> <span class='ocrx_word' id='word_1_407' title='bbox 1635 2895 1733 2952; x_wconf 76' lang='grc' dir='ltr'>οὐκ</span> <span class='ocrx_word' id='word_1_408' title='bbox 1789 2894 1953 2951; x_wconf 80' lang='grc' dir='ltr'>ἄλλοι</span> 
     </span>
    </p>
   </div>
   <div class='ocr_carea' id='block_1_49' title="bbox 303 2985 1954 3065">
    <p class='ocr_par' dir='ltr' id='par_1_49' title="bbox 303 2985 1954 3065">
     <span class='ocr_line' id='line_1_49' title="bbox 303 2985 1954 3065; baseline -0.003 -22"><span class='ocrx_word' id='word_1_409' title='bbox 303 2987 627 3065; x_wconf 78' lang='grc' dir='ltr'>ἐτύγχανον,</span> <span class='ocrx_word' id='word_1_410' title='bbox 681 2985 829 3042; x_wconf 75' lang='grc' dir='ltr'>ἀλλὰ</span> <span class='ocrx_word' id='word_1_411' title='bbox 875 2985 1039 3043; x_wconf 84' lang='grc' dir='ltr'>πάλιν</span> <span class='ocrx_word' id='word_1_412' title='bbox 1093 2987 1227 3056; x_wconf 75' lang='grc' dir='ltr'>ἦσαν</span> <span class='ocrx_word' id='word_1_413' title='bbox 1272 2986 1562 3061; x_wconf 81' lang='grc' dir='ltr'>Κορίνθιοι⁸</span> <span class='ocrx_word' id='word_1_414' title='bbox 1617 2985 1789 3047; x_wconf 75' lang='grc' dir='ltr'>οὕτως</span> <span class='ocrx_word' id='word_1_415' title='bbox 1849 2985 1894 3039; x_wconf 81' lang='grc' dir='ltr'>εἰ</span> <span class='ocrx_word' id='word_1_416' title='bbox 1926 2985 1954 3038; x_wconf 89' lang='lat'>6</span> 
     </span>
    </p>
   </div>
   <div class='ocr_carea' id='block_1_50' title="bbox 303 3073 1953 3154">
    <p class='ocr_par' dir='ltr' id='par_1_50' title="bbox 303 3073 1953 3154">
     <span class='ocr_line' id='line_1_50' title="bbox 303 3073 1953 3154; baseline -0.003 -22"><span class='ocrx_word' id='word_1_417' title='bbox 303 3079 497 3154; x_wconf 73' lang='grc' dir='ltr'>Πατήρ</span> <span class='ocrx_word' id='word_1_418' title='bbox 547 3074 854 3147; x_wconf 87' lang='grc' dir='ltr'>ἐπλατύνθη</span> <span class='ocrx_word' id='word_1_419' title='bbox 906 3076 983 3138; x_wconf 83' lang='grc' dir='ltr'>είς</span> <span class='ocrx_word' id='word_1_420' title='bbox 1031 3073 1259 3153; x_wconf 85' lang='grc' dir='ltr'>Τριάδα,</span> <span class='ocrx_word' id='word_1_421' title='bbox 1291 3078 1326 3145; x_wconf 74' lang='grc' dir='ltr'>ἡ</span> <span class='ocrx_word' id='word_1_422' title='bbox 1361 3075 1521 3152; x_wconf 80' lang='grc' dir='ltr'>Τριὰς</span> <span class='ocrx_word' id='word_1_423' title='bbox 1552 3073 1716 3130; x_wconf 83' lang='grc' dir='ltr'>πάλιν</span> <span class='ocrx_word' id='word_1_424' title='bbox 1752 3073 1891 3129; x_wconf 81' lang='grc' dir='ltr'>ἐστὶν</span> <span class='ocrx_word' id='word_1_425' title='bbox 1925 3074 1953 3127; x_wconf 93' lang='lat'>6</span> 
     </span>
    </p>
   </div>
   <div class='ocr_carea' id='block_1_51' title="bbox 303 3162 1955 3243">
    <p class='ocr_par' dir='ltr' id='par_1_51' title="bbox 303 3162 1955 3243">
     <span class='ocr_line' id='line_1_51' title="bbox 303 3162 1955 3243; baseline -0.003 -21"><span class='ocrx_word' id='word_1_426' title='bbox 303 3168 496 3240; x_wconf 80' lang='grc' dir='ltr'>Πατὴρ</span> <span class='ocrx_word' id='word_1_427' title='bbox 559 3165 743 3240; x_wconf 81' lang='grc' dir='ltr'>μόνος.</span> <span class='ocrx_word' id='word_1_428' title='bbox 794 3167 870 3222; x_wconf 87' lang='grc' dir='ltr'>Τὸ</span> <span class='ocrx_word' id='word_1_429' title='bbox 913 3164 1044 3221; x_wconf 76' lang='grc' dir='ltr'>αὐτὸ</span> <span class='ocrx_word' id='word_1_430' title='bbox 1096 3163 1153 3221; x_wconf 79' lang='grc' dir='ltr'>δὲ</span> <span class='ocrx_word' id='word_1_431' title='bbox 1209 3164 1373 3222; x_wconf 81' lang='grc' dir='ltr'>πάλιν</span> <span class='ocrx_word' id='word_1_432' title='bbox 1418 3165 1578 3243; x_wconf 82' lang='grc' dir='ltr'>φησὶν</span> <span class='ocrx_word' id='word_1_433' title='bbox 1643 3165 1704 3219; x_wconf 86' lang='grc' dir='ltr'><em>Ἡ</em></span> <span class='ocrx_word' id='word_1_434' title='bbox 1759 3162 1955 3238; x_wconf 80' lang='grc' dir='ltr'>καρδίᾳ</span> 
     </span>
    </p>
   </div>
   <div class='ocr_carea' id='block_1_52' title="bbox 300 3251 1951 3331">
    <p class='ocr_par' dir='ltr' id='par_1_52' title="bbox 300 3251 1951 3331">
     <span class='ocr_line' id='line_1_52' title="bbox 300 3251 1951 3331; baseline -0.001 -21"><span class='ocrx_word' id='word_1_435' title='bbox 300 3260 468 3330; x_wconf 75' lang='grc' dir='ltr'>ἡμῶν</span> <span class='ocrx_word' id='word_1_436' title='bbox 525 3254 892 3311; x_wconf 78' lang='grc' dir='ltr'>πεπλάτυνται</span> <span class='ocrx_word' id='word_1_437' title='bbox 951 3258 1098 3329; x_wconf 87' lang='grc'>(82)·</span> <span class='ocrx_word' id='word_1_438' title='bbox 1159 3255 1248 3310; x_wconf 83' lang='grc' dir='ltr'>καὶ</span> <span class='ocrx_word' id='word_1_439' title='bbox 1309 3256 1337 3309; x_wconf 92' lang='lat'>6</span> <span class='ocrx_word' id='word_1_440' title='bbox 1391 3259 1511 3310; x_wconf 82' lang='grc' dir='ltr'>Νῶε</span> <span class='ocrx_word' id='word_1_441' title='bbox 1568 3252 1750 3331; x_wconf 84' lang='grc' dir='ltr'>λέγει,</span> <span class='ocrx_word' id='word_1_442' title='bbox 1808 3251 1951 3309; x_wconf 85' lang='grc' dir='ltr'>Πλα-</span> 
     </span>
    </p>
   </div>
   <div class='ocr_carea' id='block_1_53' title="bbox 301 3341 1958 3422">
    <p class='ocr_par' dir='ltr' id='par_1_53' title="bbox 301 3341 1958 3422">
     <span class='ocr_line' id='line_1_53' title="bbox 301 3341 1958 3422; baseline -0.001 -22"><span class='ocrx_word' id='word_1_443' title='bbox 301 3344 461 3401; x_wconf 85' lang='grc' dir='ltr'>τύναι</span> <span class='ocrx_word' id='word_1_444' title='bbox 512 3347 539 3399; x_wconf 97' lang='lat'>6</span> <span class='ocrx_word' id='word_1_445' title='bbox 588 3345 714 3407; x_wconf 81' lang='grc' dir='ltr'>Θεὸς</span> <span class='ocrx_word' id='word_1_446' title='bbox 758 3349 837 3417; x_wconf 77' lang='grc' dir='ltr'>τῷ</span> <span class='ocrx_word' id='word_1_447' title='bbox 882 3345 1075 3422; x_wconf 78' lang='grc' dir='ltr'>Ἰαφεθ’</span> <span class='ocrx_word' id='word_1_448' title='bbox 1128 3346 1164 3414; x_wconf 78' lang='grc' dir='ltr'>ἡ</span> <span class='ocrx_word' id='word_1_449' title='bbox 1219 3343 1352 3414; x_wconf 85' lang='grc' dir='ltr'>αύτή</span> <span class='ocrx_word' id='word_1_450' title='bbox 1408 3345 1512 3420; x_wconf 78' lang='grc' dir='ltr'>γὰρ</span> <span class='ocrx_word' id='word_1_451' title='bbox 1561 3341 1756 3420; x_wconf 84' lang='grc' dir='ltr'>καρδία</span> <span class='ocrx_word' id='word_1_452' title='bbox 1811 3342 1958 3398; x_wconf 78' lang='grc' dir='ltr'>καὶὸ</span> 
     </span>
    </p>
   </div>
   <div class='ocr_carea' id='block_1_54' title="bbox 303 3431 1954 3512">
    <p class='ocr_par' dir='ltr' id='par_1_54' title="bbox 303 3431 1954 3512">
     <span class='ocr_line' id='line_1_54' title="bbox 303 3431 1954 3512; baseline -0.002 -22"><span class='ocrx_word' id='word_1_453' title='bbox 303 3433 467 3496; x_wconf 72' lang='grc' dir='ltr'>αὐτὸς</span> <span class='ocrx_word' id='word_1_454' title='bbox 521 3435 698 3512; x_wconf 79' lang='grc' dir='ltr'>ἰἀφεθ</span> <span class='ocrx_word' id='word_1_455' title='bbox 752 3432 893 3488; x_wconf 83' lang='grc' dir='ltr'>ἐστὶν</span> <span class='ocrx_word' id='word_1_456' title='bbox 940 3433 990 3487; x_wconf 85' lang='grc' dir='ltr'>ἐν</span> <span class='ocrx_word' id='word_1_457' title='bbox 1036 3437 1114 3505; x_wconf 80' lang='grc' dir='ltr'>τῷ</span> <span class='ocrx_word' id='word_1_458' title='bbox 1164 3431 1492 3506; x_wconf 82' lang='grc' dir='ltr'>πλατυσμῷ·</span> <span class='ocrx_word' id='word_1_459' title='bbox 1543 3431 1606 3490; x_wconf 75' lang='grc' dir='ltr'>Εἰ</span> <span class='ocrx_word' id='word_1_460' title='bbox 1670 3433 1764 3507; x_wconf 76' lang='grc' dir='ltr'>μὲν</span> <span class='ocrx_word' id='word_1_461' title='bbox 1797 3433 1888 3487; x_wconf 83' lang='grc' dir='ltr'>οὗν</span> <span class='ocrx_word' id='word_1_462' title='bbox 1919 3434 1954 3502; x_wconf 83' lang='grc' dir='ltr'>ἠ</span> 
     </span>
    </p>
   </div>
   <div class='ocr_carea' id='block_1_55' title="bbox 307 3519 1958 3606">
    <p class='ocr_par' dir='ltr' id='par_1_55' title="bbox 307 3519 1958 3606">
     <span class='ocr_line' id='line_1_55' title="bbox 307 3519 1958 3606; baseline -0.002 -27"><span class='ocrx_word' id='word_1_463' title='bbox 307 3524 499 3586; x_wconf 72' lang='grc' dir='ltr'>Μονὰς</span> <span class='ocrx_word' id='word_1_464' title='bbox 551 3521 866 3606; x_wconf 72' lang='grc' dir='ltr'>ἐπλάτυνεν.</span> <span class='ocrx_word' id='word_1_465' title='bbox 913 3519 1110 3585; x_wconf 80' lang='grc' dir='ltr'>ἄλλοις</span> <span class='ocrx_word' id='word_1_466' title='bbox 1152 3519 1209 3577; x_wconf 74' lang='grc' dir='ltr'>ἃν</span> <span class='ocrx_word' id='word_1_467' title='bbox 1263 3521 1590 3578; x_wconf 83' lang='grc' dir='ltr'>ἐπλάτυνεν’</span> <span class='ocrx_word' id='word_1_468' title='bbox 1647 3521 1694 3576; x_wconf 76' lang='grc' dir='ltr'>εἴ</span> <span class='ocrx_word' id='word_1_469' title='bbox 1752 3519 1809 3577; x_wconf 75' lang='grc' dir='ltr'>δὲ</span> <span class='ocrx_word' id='word_1_470' title='bbox 1859 3521 1958 3576; x_wconf 72' lang='grc' dir='ltr'>αύο</span> 
     </span>
    </p>
   </div>
   <div class='ocr_carea' id='block_1_56' title="bbox 304 3607 1956 3686">
    <p class='ocr_par' dir='ltr' id='par_1_56' title="bbox 304 3607 1956 3686">
     <span class='ocr_line' id='line_1_56' title="bbox 304 3607 1956 3686; baseline -0.002 -18"><span class='ocrx_word' id='word_1_471' title='bbox 304 3614 376 3681; x_wconf 79' lang='grc' dir='ltr'>τή</span> <span class='ocrx_word' id='word_1_472' title='bbox 437 3613 550 3686; x_wconf 90' lang='grc'>(83)</span> <span class='ocrx_word' id='word_1_473' title='bbox 609 3609 896 3666; x_wconf 78' lang='grc' dir='ltr'>ἐπλάτυνεν</span> <span class='ocrx_word' id='word_1_474' title='bbox 945 3612 1080 3684; x_wconf 87' lang='grc'>(85),</span> <span class='ocrx_word' id='word_1_475' title='bbox 1142 3611 1281 3681; x_wconf 80' lang='grc' dir='ltr'>αὐτὴ</span> <span class='ocrx_word' id='word_1_476' title='bbox 1341 3608 1401 3665; x_wconf 76' lang='grc' dir='ltr'>ἂν</span> <span class='ocrx_word' id='word_1_477' title='bbox 1448 3609 1557 3683; x_wconf 80' lang='grc' dir='ltr'>εἷή,</span> <span class='ocrx_word' id='word_1_478' title='bbox 1613 3607 1744 3684; x_wconf 82' lang='grc' dir='ltr'>ὅπερ</span> <span class='ocrx_word' id='word_1_479' title='bbox 1790 3608 1956 3665; x_wconf 90' lang='grc' dir='ltr'>ἐπλα-</span> 
     </span>
    </p>
   </div>
   <div class='ocr_carea' id='block_1_57' title="bbox 304 3697 1956 3776">
    <p class='ocr_par' dir='ltr' id='par_1_57' title="bbox 304 3697 1956 3776">
     <span class='ocr_line' id='line_1_57' title="bbox 304 3697 1956 3776; baseline -0.002 -19"><span class='ocrx_word' id='word_1_480' title='bbox 304 3701 498 3771; x_wconf 84' lang='grc' dir='ltr'>τύνθη.</span> <span class='ocrx_word' id='word_1_481' title='bbox 531 3699 592 3754; x_wconf 88' lang='grc' dir='ltr'>Τί</span> <span class='ocrx_word' id='word_1_482' title='bbox 625 3698 682 3754; x_wconf 84' lang='grc' dir='ltr'>δέ</span> <span class='ocrx_word' id='word_1_483' title='bbox 712 3698 851 3755; x_wconf 86' lang='grc' dir='ltr'>ἐστιν</span> <span class='ocrx_word' id='word_1_484' title='bbox 876 3700 910 3770; x_wconf 69' lang='grc' dir='ltr'>ἢ</span> <span class='ocrx_word' id='word_1_485' title='bbox 945 3701 972 3754; x_wconf 89' lang='lat'>6</span> <span class='ocrx_word' id='word_1_486' title='bbox 1021 3699 1146 3762; x_wconf 77' lang='grc' dir='ltr'>Υἱὸς</span> <span class='ocrx_word' id='word_1_487' title='bbox 1186 3700 1278 3755; x_wconf 87' lang='grc' dir='ltr'>καὶ</span> <span class='ocrx_word' id='word_1_488' title='bbox 1327 3704 1546 3774; x_wconf 80' lang='grc' dir='ltr'>Πνεῦμα</span> <span class='ocrx_word' id='word_1_489' title='bbox 1576 3701 1765 3776; x_wconf 80' lang='grc' dir='ltr'>ἅγιον;</span> <span class='ocrx_word' id='word_1_490' title='bbox 1811 3697 1956 3776; x_wconf 81' lang='grc' dir='ltr'>Ἐρέ-</span> 
     </span>
    </p>
   </div>
   <div class='ocr_carea' id='block_1_58' title="bbox 309 3786 1954 3865">
    <p class='ocr_par' dir='ltr' id='par_1_58' title="bbox 309 3786 1954 3865">
     <span class='ocr_line' id='line_1_58' title="bbox 309 3786 1954 3865; baseline -0.002 -19"><span class='ocrx_word' id='word_1_491' title='bbox 309 3792 432 3846; x_wconf 85' lang='grc' dir='ltr'>σθαι</span> <span class='ocrx_word' id='word_1_492' title='bbox 483 3786 540 3844; x_wconf 77' lang='grc' dir='ltr'>δὶ</span> <span class='ocrx_word' id='word_1_493' title='bbox 594 3790 708 3862; x_wconf 88' lang='grc'>(85)</span> <span class='ocrx_word' id='word_1_494' title='bbox 761 3788 917 3843; x_wconf 85' lang='grc' dir='ltr'>αὐτὸν</span> <span class='ocrx_word' id='word_1_495' title='bbox 968 3793 1192 3844; x_wconf 75' lang='grc' dir='ltr'>τοιαῦτα</span> <span class='ocrx_word' id='word_1_496' title='bbox 1240 3786 1488 3865; x_wconf 72' lang='grc' dir='ltr'>λέγοντα,</span> <span class='ocrx_word' id='word_1_497' title='bbox 1543 3786 1730 3843; x_wconf 86' lang='grc' dir='ltr'>καλόν·</span> <span class='ocrx_word' id='word_1_498' title='bbox 1777 3787 1871 3850; x_wconf 89' lang='grc' dir='ltr'>Τίς</span> <span class='ocrx_word' id='word_1_499' title='bbox 1919 3790 1954 3857; x_wconf 85' lang='grc' dir='ltr'><strong>ἡ</strong></span> 
     </span>
    </p>
   </div>
   <div class='ocr_carea' id='block_1_59' title="bbox 309 3876 1958 3956">
    <p class='ocr_par' dir='ltr' id='par_1_59' title="bbox 309 3876 1958 3956">
     <span class='ocr_line' id='line_1_59' title="bbox 309 3876 1958 3956; baseline -0.002 -21"><span class='ocrx_word' id='word_1_500' title='bbox 309 3879 548 3956; x_wconf 81' lang='grc' dir='ltr'>ἐνέργεια</span> <span class='ocrx_word' id='word_1_501' title='bbox 595 3882 692 3933; x_wconf 77' lang='grc' dir='ltr'>τοῦ</span> <span class='ocrx_word' id='word_1_502' title='bbox 736 3877 986 3933; x_wconf 87' lang='grc' dir='ltr'>τοιούτου</span> <span class='ocrx_word' id='word_1_503' title='bbox 1035 3883 1404 3952; x_wconf 80' lang='grc' dir='ltr'>πΛατυσμοῦ;</span> <span class='ocrx_word' id='word_1_504' title='bbox 1457 3877 1515 3951; x_wconf 69' lang='grc' dir='ltr'>ἢ,</span> <span class='ocrx_word' id='word_1_505' title='bbox 1550 3877 1624 3941; x_wconf 86' lang='grc' dir='ltr'>ὠς</span> <span class='ocrx_word' id='word_1_506' title='bbox 1659 3878 1740 3933; x_wconf 87' lang='grc' dir='ltr'>ἐπ’</span> <span class='ocrx_word' id='word_1_507' title='bbox 1791 3876 1958 3947; x_wconf 82' lang='grc' dir='ltr'>αὐτῆς</span> 
     </span>
    </p>
   </div>
   <div class='ocr_carea' id='block_1_60' title="bbox 301 3964 1952 4044">
    <p class='ocr_par' dir='ltr' id='par_1_60' title="bbox 301 3964 1952 4044">
     <span class='ocr_line' id='line_1_60' title="bbox 301 3964 1952 4044; baseline -0.002 -20"><span class='ocrx_word' id='word_1_508' title='bbox 301 3967 590 4040; x_wconf 83' lang='grc' dir='ltr'>ἀληθείας,</span> <span class='ocrx_word' id='word_1_509' title='bbox 623 3964 712 4022; x_wconf 79' lang='grc' dir='ltr'>διὰ</span> <span class='ocrx_word' id='word_1_510' title='bbox 741 3966 792 4021; x_wconf 83' lang='grc' dir='ltr'>τί</span> <span class='ocrx_word' id='word_1_511' title='bbox 819 3966 964 4030; x_wconf 77' lang='grc' dir='ltr'>ὅλως</span> <span class='ocrx_word' id='word_1_512' title='bbox 995 3965 1299 4039; x_wconf 83' lang='grc' dir='ltr'>ἐπλατύνθη</span> <span class='ocrx_word' id='word_1_513' title='bbox 1330 3987 1344 4038; x_wconf 87' lang='grc'>;</span> <span class='ocrx_word' id='word_1_514' title='bbox 1395 3967 1466 4022; x_wconf 90' lang='grc' dir='ltr'>Τό</span> <span class='ocrx_word' id='word_1_515' title='bbox 1513 3966 1614 4044; x_wconf 79' lang='grc' dir='ltr'>γὰρ</span> <span class='ocrx_word' id='word_1_516' title='bbox 1667 3968 1743 4040; x_wconf 82' lang='grc' dir='ltr'>μὴ</span> <span class='ocrx_word' id='word_1_517' title='bbox 1795 3967 1952 4041; x_wconf 87' lang='grc' dir='ltr'>μένον</span> 
     </span>
    </p>
   </div>
   <div class='ocr_carea' id='block_1_61' title="bbox 377 4092 1834 4163">
    <p class='ocr_par' dir='ltr' id='par_1_61' title="bbox 377 4092 1834 4163">
     <span class='ocr_line' id='line_1_61' title="bbox 377 4092 1834 4163; baseline -0.001 -14"><span class='ocrx_word' id='word_1_518' title='bbox 377 4095 421 4130; x_wconf 79' lang='grc'><strong><em>⁵⁵</em></strong></span> <span class='ocrx_word' id='word_1_519' title='bbox 450 4092 502 4149; x_wconf 88' lang='lat' dir='ltr'>Il</span> <span class='ocrx_word' id='word_1_520' title='bbox 531 4095 658 4148; x_wconf 89' lang='lat' dir='ltr'>Cor.</span> <span class='ocrx_word' id='word_1_521' title='bbox 694 4109 769 4163; x_wconf 87' lang='lat' dir='ltr'>v1,</span> <span class='ocrx_word' id='word_1_522' title='bbox 804 4093 892 4148; x_wconf 91' lang='grc'>12.</span> <span class='ocrx_word' id='word_1_523' title='bbox 969 4094 1012 4129; x_wconf 80' lang='grc'>⁸⁸</span> <span class='ocrx_word' id='word_1_524' title='bbox 1043 4092 1187 4149; x_wconf 88' lang='lat' dir='ltr'>ibid.</span> <span class='ocrx_word' id='word_1_525' title='bbox 1222 4093 1311 4148; x_wconf 96' lang='grc'><strong>11.</strong></span> <span class='ocrx_word' id='word_1_526' title='bbox 1387 4092 1429 4128; x_wconf 78' lang='grc'>⁸⁷</span> <span class='ocrx_word' id='word_1_527' title='bbox 1460 4096 1601 4148; x_wconf 92' lang='lat' dir='ltr'>Gen.</span> <span class='ocrx_word' id='word_1_528' title='bbox 1634 4109 1712 4162; x_wconf 87' lang='lat' dir='ltr'>1x,</span> <span class='ocrx_word' id='word_1_529' title='bbox 1743 4093 1834 4147; x_wconf 90' lang='lat'>27.</span> 
     </span>
    </p>
   </div>
   <div class='ocr_carea' id='block_1_62' title="bbox 376 4215 1960 4292">
    <p class='ocr_par' dir='ltr' id='par_1_62' title="bbox 376 4215 1960 4292">
     <span class='ocr_line' id='line_1_62' title="bbox 376 4215 1960 4292; baseline 0.001 -21"><span class='ocrx_word' id='word_1_530' title='bbox 376 4220 496 4292; x_wconf 84' lang='lat'>(76)</span> <span class='ocrx_word' id='word_1_531' title='bbox 525 4217 743 4292; x_wconf 81' lang='lat' dir='ltr'>Regius</span> <span class='ocrx_word' id='word_1_532' title='bbox 770 4221 827 4292; x_wconf 87' lang='lat' dir='ltr'>et</span> <span class='ocrx_word' id='word_1_533' title='bbox 854 4218 1268 4292; x_wconf 12' lang='lat' dir='ltr'>Segiuerianus,</span> <span class='ocrx_word' id='word_1_534' title='bbox 1309 4217 1406 4292; x_wconf 65' lang='grc' dir='ltr'>καὶ</span> <span class='ocrx_word' id='word_1_535' title='bbox 1449 4215 1607 4292; x_wconf 59' lang='grc' dir='ltr'>Υἱός.</span> <span class='ocrx_word' id='word_1_536' title='bbox 1650 4223 1712 4273; x_wconf 94' lang='lat' dir='ltr'>In</span> <span class='ocrx_word' id='word_1_537' title='bbox 1741 4217 1871 4292; x_wconf 77' lang='lat' dir='ltr'>aliis</span> <span class='ocrx_word' id='word_1_538' title='bbox 1902 4221 1960 4292; x_wconf 83' lang='lat' dir='ltr'>et</span> 
     </span>
    </p>
   </div>
   <div class='ocr_carea' id='block_1_63' title="bbox 299 4287 1957 4363">
    <p class='ocr_par' dir='ltr' id='par_1_63' title="bbox 299 4287 1957 4363">
     <span class='ocr_line' id='line_1_63' title="bbox 299 4287 1957 4363; baseline -0.004 -14"><span class='ocrx_word' id='word_1_539' title='bbox 299 4287 488 4349; x_wconf 86' lang='lat' dir='ltr'>editis</span> <span class='ocrx_word' id='word_1_540' title='bbox 519 4287 682 4363; x_wconf 70' lang='lat' dir='ltr'>deest</span> <span class='ocrx_word' id='word_1_541' title='bbox 709 4287 820 4344; x_wconf 89' lang='grc' dir='ltr'>καί.</span> <span class='ocrx_word' id='word_1_542' title='bbox 859 4287 1080 4363; x_wconf 69' lang='lat' dir='ltr'>ibidem</span> <span class='ocrx_word' id='word_1_543' title='bbox 1112 4295 1252 4362; x_wconf 90' lang='lat' dir='ltr'>Reg.</span> <span class='ocrx_word' id='word_1_544' title='bbox 1303 4290 1434 4363; x_wconf 88' lang='lat' dir='ltr'>Seg.</span> <span class='ocrx_word' id='word_1_545' title='bbox 1467 4290 1698 4347; x_wconf 91' lang='lat' dir='ltr'>Gobler.</span> <span class='ocrx_word' id='word_1_546' title='bbox 1732 4289 1760 4344; x_wconf 91' lang='lat'>6</span> <span class='ocrx_word' id='word_1_547' title='bbox 1792 4288 1957 4351; x_wconf 83' lang='grc' dir='ltr'>αὐτὸς</span> 
     </span>
    </p>
   </div>
   <div class='ocr_carea' id='block_1_64' title="bbox 295 4360 1320 4439">
    <p class='ocr_par' dir='ltr' id='par_1_64' title="bbox 295 4360 1320 4439">
     <span class='ocr_line' id='line_1_64' title="bbox 295 4360 1320 4439; baseline 0.001 -22"><span class='ocrx_word' id='word_1_548' title='bbox 295 4361 666 4439; x_wconf 35' lang='grc' dir='ltr'>ἄραέψφρὶθῑιξ</span> <span class='ocrx_word' id='word_1_549' title='bbox 696 4366 754 4416; x_wconf 91' lang='lat' dir='ltr'>et</span> <span class='ocrx_word' id='word_1_550' title='bbox 782 4360 921 4416; x_wconf 89' lang='lat' dir='ltr'>editi</span> <span class='ocrx_word' id='word_1_551' title='bbox 956 4362 983 4413; x_wconf 85' lang='lat'>6</span> <span class='ocrx_word' id='word_1_552' title='bbox 1015 4360 1320 4439; x_wconf 77' lang='lat' dir='ltr'>omittdnt,</span> 
     </span>
    </p>
   </div>
   <div class='ocr_carea' id='block_1_65' title="bbox 378 4431 1959 4523">
    <p class='ocr_par' dir='ltr' id='par_1_65' title="bbox 378 4431 1959 4523">
     <span class='ocr_line' id='line_1_65' title="bbox 378 4431 1959 4523; baseline 0 -35"><span class='ocrx_word' id='word_1_553' title='bbox 378 4434 496 4523; x_wconf 59' lang='grc'>(77)</span> <span class='ocrx_word' id='word_1_554' title='bbox 529 4432 746 4523; x_wconf 60' lang='grc' dir='ltr'>Βοεὶυρ</span> <span class='ocrx_word' id='word_1_555' title='bbox 774 4439 831 4518; x_wconf 71' lang='lat' dir='ltr'>et</span> <span class='ocrx_word' id='word_1_556' title='bbox 857 4434 1275 4523; x_wconf 65' lang='lat' dir='ltr'>Seguerianus,</span> <span class='ocrx_word' id='word_1_557' title='bbox 1302 4431 1449 4523; x_wconf 53' lang='lat' dir='ltr'>acip&quot;</span> <span class='ocrx_word' id='word_1_558' title='bbox 1469 4431 1635 4516; x_wconf 72' lang='grc' dir='ltr'>αὐτῷ.</span> <span class='ocrx_word' id='word_1_559' title='bbox 1669 4432 1868 4523; x_wconf 64' lang='lat' dir='ltr'>Caeteri</span> <span class='ocrx_word' id='word_1_560' title='bbox 1900 4435 1959 4522; x_wconf 72' lang='lat' dir='ltr'>et</span> 
     </span>
    </p>
   </div>
   <div class='ocr_carea' id='block_1_66' title="bbox 302 4503 1957 4579">
    <p class='ocr_par' dir='ltr' id='par_1_66' title="bbox 302 4503 1957 4579">
     <span class='ocr_line' id='line_1_66' title="bbox 302 4503 1957 4579; baseline -0.005 -15"><span class='ocrx_word' id='word_1_561' title='bbox 302 4503 486 4574; x_wconf 81' lang='lat' dir='ltr'>editi,</span> <span class='ocrx_word' id='word_1_562' title='bbox 509 4503 638 4577; x_wconf 72' lang='grc' dir='ltr'>παρ’</span> <span class='ocrx_word' id='word_1_563' title='bbox 667 4503 868 4579; x_wconf 77' lang='grc' dir='ltr'>αὐτῶν.</span> <span class='ocrx_word' id='word_1_564' title='bbox 892 4503 1160 4579; x_wconf 73' lang='lat' dir='ltr'>Nannius</span> <span class='ocrx_word' id='word_1_565' title='bbox 1184 4503 1418 4579; x_wconf 77' lang='lat' dir='ltr'>videtur</span> <span class='ocrx_word' id='word_1_566' title='bbox 1434 4504 1684 4579; x_wconf 84' lang='lat' dir='ltr'>legi_sse,_</span> <span class='ocrx_word' id='word_1_567' title='bbox 1702 4505 1830 4579; x_wconf 78' lang='grc' dir='ltr'>παρ’</span> <span class='ocrx_word' id='word_1_568' title='bbox 1854 4503 1957 4579; x_wconf 80' lang='grc' dir='ltr'>αὐ-</span> 
     </span>
    </p>
   </div>
   <div class='ocr_carea' id='block_1_67' title="bbox 299 4575 1955 4706">
    <p class='ocr_par' dir='ltr' id='par_1_67' title="bbox 299 4575 1955 4706">
     <span class='ocr_line' id='line_1_67' title="bbox 299 4575 1955 4706; baseline -0.001 -74"><span class='ocrx_word' id='word_1_569' title='bbox 299 4581 424 4706; x_wconf 49' lang='grc' dir='ltr'>Ξῷὲ)</span> <span class='ocrx_word' id='word_1_570' title='bbox 442 4575 595 4704; x_wconf 44' lang='grc' dir='ltr'>Ἕω·</span> <span class='ocrx_word' id='word_1_571' title='bbox 627 4578 852 4703; x_wconf 56' lang='lat' dir='ltr'>vestit,t</span> <span class='ocrx_word' id='word_1_572' title='bbox 869 4577 1021 4648; x_wconf 81' lang='lat' dir='ltr'>apud</span> <span class='ocrx_word' id='word_1_573' title='bbox 1065 4579 1257 4650; x_wconf 83' lang='lat' dir='ltr'>Deum,</span> <span class='ocrx_word' id='word_1_574' title='bbox 1292 4578 1394 4634; x_wconf 87' lang='lat' dir='ltr'>sed</span> <span class='ocrx_word' id='word_1_575' title='bbox 1443 4575 1636 4633; x_wconf 70' lang='lat' dir='ltr'>male:</span> <span class='ocrx_word' id='word_1_576' title='bbox 1670 4575 1955 4632; x_wconf 46' lang='lat' dir='ltr'>hic‘enim</span> 
     </span>
     <span class='ocr_line' id='line_1_68' title="bbox 345 4665 946 4706; baseline -0.007 0"><span class='ocrx_word' id='word_1_577' title='bbox 345 4667 382 4706; x_wconf 90' lang='lat' dir='ltr'>a</span> <span class='ocrx_word' id='word_1_578' title='bbox 425 4665 458 4704; x_wconf 93' lang='lat' dir='ltr'>e</span> <span class='ocrx_word' id='word_1_579' title='bbox 507 4665 600 4703; x_wconf 77' lang='lat' dir='ltr'>ius</span> <span class='ocrx_word' id='word_1_580' title='bbox 632 4665 692 4703; x_wconf 78' lang='lat' dir='ltr'>in</span> <span class='ocrx_word' id='word_1_581' title='bbox 739 4665 826 4704; x_wconf 82' lang='lat' dir='ltr'>ica</span> <span class='ocrx_word' id='word_1_582' title='bbox 857 4665 946 4703; x_wconf 88' lang='lat' dir='ltr'>ur.</span> 
     </span>
    </p>
   </div>
   <div class='ocr_carea' id='block_1_68' title="bbox 345 4665 946 4708">
    <p class='ocr_par' dir='ltr' id='par_1_68' title="bbox 345 4665 946 4708">
     <span class='ocr_line' id='line_1_69' title="bbox 345 4665 946 4708; baseline -0.008 0"><span class='ocrx_word' id='word_1_583' title='bbox 345 4665 600 4708; x_wconf 73' lang='lat' dir='ltr'>aDBllliIS</span> <span class='ocrx_word' id='word_1_584' title='bbox 632 4665 946 4704; x_wconf 78' lang='lat' dir='ltr'>mulcatur.</span> 
     </span>
    </p>
   </div>
   <div class='ocr_carea' id='block_1_69' title="bbox 384 4717 1962 4793">
    <p class='ocr_par' dir='ltr' id='par_1_69' title="bbox 384 4717 1962 4793">
     <span class='ocr_line' id='line_1_70' title="bbox 384 4717 1962 4793; baseline -0.001 -18"><span class='ocrx_word' id='word_1_585' title='bbox 384 4719 618 4793; x_wconf 27' lang='lat' dir='ltr'>(78)‘S_ic</span> <span class='ocrx_word' id='word_1_586' title='bbox 651 4719 790 4792; x_wconf 88' lang='lat' dir='ltr'>Reg.</span> <span class='ocrx_word' id='word_1_587' title='bbox 824 4721 955 4792; x_wconf 93' lang='lat' dir='ltr'>Seg.</span> <span class='ocrx_word' id='word_1_588' title='bbox 991 4719 1181 4793; x_wconf 73' lang='lat' dir='ltr'>Basil._</span> <span class='ocrx_word' id='word_1_589' title='bbox 1198 4724 1254 4775; x_wconf 92' lang='lat' dir='ltr'>et</span> <span class='ocrx_word' id='word_1_590' title='bbox 1280 4719 1578 4793; x_wconf 82' lang='lat' dir='ltr'>Anglican.</span> <span class='ocrx_word' id='word_1_591' title='bbox 1622 4722 1700 4774; x_wconf 79' lang='lat' dir='ltr'>At</span> <span class='ocrx_word' id='word_1_592' title='bbox 1747 4717 1869 4793; x_wconf 67' lang='lat' dir='ltr'>alii</span> <span class='ocrx_word' id='word_1_593' title='bbox 1904 4722 1962 4774; x_wconf 87' lang='lat' dir='ltr'>et</span> 
     </span>
    </p>
   </div>
   <div class='ocr_carea' id='block_1_70' title="bbox 304 4788 1954 4865">
    <p class='ocr_par' dir='ltr' id='par_1_70' title="bbox 304 4788 1954 4865">
     <span class='ocr_line' id='line_1_71' title="bbox 304 4788 1954 4865; baseline -0.001 -17"><span class='ocrx_word' id='word_1_594' title='bbox 304 4788 698 4865; x_wconf 51' lang='lat' dir='ltr'>editi,:?\6yov,</span> <span class='ocrx_word' id='word_1_595' title='bbox 728 4788 1222 4865; x_wconf 63' lang='lat' dir='ltr'>fnendose.Paulo</span> <span class='ocrx_word' id='word_1_596' title='bbox 1255 4788 1397 4864; x_wconf 70' lang='lat' dir='ltr'>post</span> <span class='ocrx_word' id='word_1_597' title='bbox 1415 4791 1593 4848; x_wconf 84' lang='lat' dir='ltr'>Basil.</span> <span class='ocrx_word' id='word_1_598' title='bbox 1625 4789 1954 4864; x_wconf 79' lang='lat' dir='ltr'>etAnglic.,</span> 
     </span>
    </p>
   </div>
   <div class='ocr_carea' id='block_1_71' title="bbox 303 4861 1141 4936">
    <p class='ocr_par' dir='ltr' id='par_1_71' title="bbox 303 4861 1141 4936">
     <span class='ocr_line' id='line_1_72' title="bbox 303 4861 1141 4936; baseline -0.001 -19"><span class='ocrx_word' id='word_1_599' title='bbox 303 4862 398 4917; x_wconf 77' lang='grc' dir='ltr'>καὶ</span> <span class='ocrx_word' id='word_1_600' title='bbox 433 4861 556 4936; x_wconf 57' lang='grc' dir='ltr'>ὶξῖὸν</span> <span class='ocrx_word' id='word_1_601' title='bbox 590 4861 678 4936; x_wconf 55' lang='grc' dir='ltr'>καί</span> <span class='ocrx_word' id='word_1_602' title='bbox 717 4861 867 4936; x_wconf 76' lang='grc' dir='ltr'>ἅγιον</span> <span class='ocrx_word' id='word_1_603' title='bbox 902 4865 1141 4932; x_wconf 78' lang='grc' dir='ltr'>Πνεῦμα.</span> 
     </span>
    </p>
   </div>
   <div class='ocr_carea' id='block_1_72' title="bbox 384 4932 1961 5006">
    <p class='ocr_par' dir='ltr' id='par_1_72' title="bbox 384 4932 1961 5006">
     <span class='ocr_line' id='line_1_73' title="bbox 384 4932 1961 5006; baseline -0.001 -18"><span class='ocrx_word' id='word_1_604' title='bbox 384 4935 498 5006; x_wconf 83' lang='grc'>(79)</span> <span class='ocrx_word' id='word_1_605' title='bbox 530 4937 622 4990; x_wconf 90' lang='lat' dir='ltr'>Sic</span> <span class='ocrx_word' id='word_1_606' title='bbox 651 4932 867 5006; x_wconf 76' lang='lat' dir='ltr'>Regius</span> <span class='ocrx_word' id='word_1_607' title='bbox 897 4941 954 4991; x_wconf 92' lang='lat' dir='ltr'>et</span> <span class='ocrx_word' id='word_1_608' title='bbox 982 4933 1476 5006; x_wconf 86' lang='lat' dir='ltr'>Seguerianus.At</span> <span class='ocrx_word' id='word_1_609' title='bbox 1508 4933 1567 4988; x_wconf 94' lang='lat' dir='ltr'>in</span> <span class='ocrx_word' id='word_1_610' title='bbox 1598 4932 1732 5006; x_wconf 87' lang='lat' dir='ltr'>aliis</span> <span class='ocrx_word' id='word_1_611' title='bbox 1757 4935 1816 4988; x_wconf 93' lang='lat' dir='ltr'>et</span> <span class='ocrx_word' id='word_1_612' title='bbox 1843 4932 1961 5006; x_wconf 31' lang='lat' dir='ltr'>edis</span> 
     </span>
    </p>
   </div>
   <div class='ocr_carea' id='block_1_73' title="bbox 308 5005 1955 5080">
    <p class='ocr_par' dir='ltr' id='par_1_73' title="bbox 308 5005 1955 5080">
     <span class='ocr_line' id='line_1_74' title="bbox 308 5005 1955 5080; baseline -0.002 -19"><span class='ocrx_word' id='word_1_613' title='bbox 308 5005 399 5080; x_wconf 79' lang='lat' dir='ltr'>tis</span> <span class='ocrx_word' id='word_1_614' title='bbox 421 5007 588 5080; x_wconf 77' lang='lat' dir='ltr'>deest</span> <span class='ocrx_word' id='word_1_615' title='bbox 613 5005 696 5062; x_wconf 88' lang='grc' dir='ltr'>τό.</span> <span class='ocrx_word' id='word_1_616' title='bbox 731 5007 977 5062; x_wconf 88' lang='lat' dir='ltr'>Ibidem.</span> <span class='ocrx_word' id='word_1_617' title='bbox 1003 5005 1136 5062; x_wconf 86' lang='lat' dir='ltr'>ante</span> <span class='ocrx_word' id='word_1_618' title='bbox 1166 5005 1698 5080; x_wconf 68' lang='lat' dir='ltr'>npdrapov,Basil.et</span> <span class='ocrx_word' id='word_1_619' title='bbox 1727 5005 1955 5076; x_wconf 85' lang='lat' dir='ltr'>Anglic.</span> 
     </span>
    </p>
   </div>
   <div class='ocr_carea' id='block_1_74' title="bbox 307 5077 710 5134">
    <p class='ocr_par' dir='ltr' id='par_1_74' title="bbox 307 5077 710 5134">
     <span class='ocr_line' id='line_1_75' title="bbox 307 5077 710 5134; baseline 0.002 -2"><span class='ocrx_word' id='word_1_620' title='bbox 307 5077 374 5132; x_wconf 85' lang='grc' dir='ltr'>τό</span> <span class='ocrx_word' id='word_1_621' title='bbox 406 5078 710 5134; x_wconf 80' lang='lat' dir='ltr'>omittunt.</span> 
     </span>
    </p>
   </div>
   <div class='ocr_carea' id='block_1_75' title="bbox 384 5143 1957 5236">
    <p class='ocr_par' dir='ltr' id='par_1_75' title="bbox 384 5143 1957 5236">
     <span class='ocr_line' id='line_1_76' title="bbox 384 5143 1957 5236; baseline -0.004 -31"><span class='ocrx_word' id='word_1_622' title='bbox 384 5150 499 5236; x_wconf 56' lang='lat' dir='ltr'>(S0)</span> <span class='ocrx_word' id='word_1_623' title='bbox 529 5149 673 5231; x_wconf 42' lang='lat' dir='ltr'>.Reg.</span> <span class='ocrx_word' id='word_1_624' title='bbox 705 5153 943 5236; x_wconf 80' lang='lat' dir='ltr'>Seguer.</span> <span class='ocrx_word' id='word_1_625' title='bbox 978 5149 1151 5236; x_wconf 68' lang='lat' dir='ltr'>Rasi].</span> <span class='ocrx_word' id='word_1_626' title='bbox 1186 5148 1486 5236; x_wconf 80' lang='lat' dir='ltr'>Anglican.</span> <span class='ocrx_word' id='word_1_627' title='bbox 1515 5147 1741 5236; x_wconf 70' lang='lat' dir='ltr'>addunt</span> <span class='ocrx_word' id='word_1_628' title='bbox 1761 5143 1957 5236; x_wconf 56' lang='grc' dir='ltr'>μόνον,</span> 
     </span>
    </p>
   </div>
   <div class='ocr_carea' id='block_1_76' title="bbox 308 5219 1962 5292">
    <p class='ocr_par' dir='ltr' id='par_1_76' title="bbox 308 5219 1962 5292">
     <span class='ocr_line' id='line_1_77' title="bbox 308 5219 1962 5292; baseline -0.001 -16"><span class='ocrx_word' id='word_1_629' title='bbox 308 5219 698 5277; x_wconf 69' lang='lat' dir='ltr'>Goblerianus</span> <span class='ocrx_word' id='word_1_630' title='bbox 734 5219 906 5292; x_wconf 82' lang='grc' dir='ltr'>μόνῳ,</span> <span class='ocrx_word' id='word_1_631' title='bbox 945 5225 1259 5291; x_wconf 88' lang='lat' dir='ltr'>utrumque</span> <span class='ocrx_word' id='word_1_632' title='bbox 1300 5219 1691 5292; x_wconf 13' lang='lat' dir='ltr'>autemrabest</span> <span class='ocrx_word' id='word_1_633' title='bbox 1721 5221 1792 5292; x_wconf 81' lang='lat' dir='ltr'>ab</span> <span class='ocrx_word' id='word_1_634' title='bbox 1825 5219 1962 5274; x_wconf 89' lang='lat' dir='ltr'>aliis</span> 
     </span>
    </p>
   </div>
   <div class='ocr_carea' id='block_1_77' title="bbox 309 5289 1957 5364">
    <p class='ocr_par' dir='ltr' id='par_1_77' title="bbox 309 5289 1957 5364">
     <span class='ocr_line' id='line_1_78' title="bbox 309 5289 1957 5364; baseline -0.001 -18"><span class='ocrx_word' id='word_1_635' title='bbox 309 5297 369 5364; x_wconf 89' lang='lat' dir='ltr'>et</span> <span class='ocrx_word' id='word_1_636' title='bbox 407 5293 604 5347; x_wconf 82' lang='lat' dir='ltr'>editis.</span> <span class='ocrx_word' id='word_1_637' title='bbox 635 5289 867 5364; x_wconf 79' lang='lat' dir='ltr'>Ibidem</span> <span class='ocrx_word' id='word_1_638' title='bbox 911 5292 1128 5364; x_wconf 87' lang='lat' dir='ltr'>Regius</span> <span class='ocrx_word' id='word_1_639' title='bbox 1164 5289 1233 5347; x_wconf 49' lang='lat' dir='ltr'>&#39;et</span> <span class='ocrx_word' id='word_1_640' title='bbox 1279 5291 1692 5364; x_wconf 84' lang='lat' dir='ltr'>Seguerianus,</span> <span class='ocrx_word' id='word_1_641' title='bbox 1745 5289 1957 5364; x_wconf 59' lang='grc' dir='ltr'>ἑαυτοῦ.</span> 
     </span>
    </p>
   </div>
   <div class='ocr_carea' id='block_1_78' title="bbox 309 5361 1961 5434">
    <p class='ocr_par' dir='ltr' id='par_1_78' title="bbox 309 5361 1961 5434">
     <span class='ocr_line' id='line_1_79' title="bbox 309 5361 1961 5434; baseline -0.002 -15"><span class='ocrx_word' id='word_1_642' title='bbox 309 5363 720 5427; x_wconf 88' lang='lat' dir='ltr'>Goblerianus,</span> <span class='ocrx_word' id='word_1_643' title='bbox 754 5362 919 5434; x_wconf 82' lang='grc' dir='ltr'>αὐτῷ.</span> <span class='ocrx_word' id='word_1_644' title='bbox 949 5361 1152 5419; x_wconf 64' lang='lat' dir='ltr'>caeteri</span> <span class='ocrx_word' id='word_1_645' title='bbox 1184 5369 1241 5418; x_wconf 88' lang='lat' dir='ltr'>et</span> <span class='ocrx_word' id='word_1_646' title='bbox 1272 5361 1434 5430; x_wconf 82' lang='lat' dir='ltr'>editi,</span> <span class='ocrx_word' id='word_1_647' title='bbox 1468 5361 1655 5417; x_wconf 79' lang='grc' dir='ltr'>αὐτοῦ.</span> <span class='ocrx_word' id='word_1_648' title='bbox 1681 5364 1814 5434; x_wconf 77' lang='lat' dir='ltr'>Quae</span> <span class='ocrx_word' id='word_1_649' title='bbox 1851 5361 1961 5415; x_wconf 81' lang='lat' dir='ltr'>ibi-</span> 
     </span>
    </p>
   </div>
   <div class='ocr_carea' id='block_1_79' title="bbox 310 5433 1962 5506">
    <p class='ocr_par' dir='ltr' id='par_1_79' title="bbox 310 5433 1962 5506">
     <span class='ocr_line' id='line_1_80' title="bbox 310 5433 1962 5506; baseline -0.001 -17"><span class='ocrx_word' id='word_1_650' title='bbox 310 5437 447 5490; x_wconf 92' lang='lat' dir='ltr'>dem</span> <span class='ocrx_word' id='word_1_651' title='bbox 481 5443 833 5506; x_wconf 89' lang='lat' dir='ltr'>sequuntur,</span> <span class='ocrx_word' id='word_1_652' title='bbox 867 5437 948 5490; x_wconf 89' lang='lat' dir='ltr'>ita</span> <span class='ocrx_word' id='word_1_653' title='bbox 979 5439 1213 5490; x_wconf 84' lang='lat' dir='ltr'>exstant</span> <span class='ocrx_word' id='word_1_654' title='bbox 1244 5435 1304 5489; x_wconf 91' lang='lat' dir='ltr'>in</span> <span class='ocrx_word' id='word_1_655' title='bbox 1339 5436 1477 5506; x_wconf 88' lang='lat' dir='ltr'>Reg.</span> <span class='ocrx_word' id='word_1_656' title='bbox 1511 5433 1824 5505; x_wconf 90' lang='lat' dir='ltr'>Seg.Basil.</span> <span class='ocrx_word' id='word_1_657' title='bbox 1847 5438 1962 5506; x_wconf 83' lang='lat' dir='ltr'>An-_</span> 
     </span>
    </p>
   </div>
   <div class='ocr_carea' id='block_1_80' title="bbox 311 5504 1962 5580">
    <p class='ocr_par' dir='ltr' id='par_1_80' title="bbox 311 5504 1962 5580">
     <span class='ocr_line' id='line_1_81' title="bbox 311 5504 1962 5580; baseline -0.001 -20"><span class='ocrx_word' id='word_1_658' title='bbox 311 5506 447 5577; x_wconf 77' lang='lat' dir='ltr'>glic.</span> <span class='ocrx_word' id='word_1_659' title='bbox 481 5513 538 5563; x_wconf 87' lang='lat' dir='ltr'>et</span> <span class='ocrx_word' id='word_1_660' title='bbox 566 5504 825 5563; x_wconf 69' lang='lat' dir='ltr'>Felckm.</span> <span class='ocrx_word' id='word_1_661' title='bbox 858 5508 907 5580; x_wconf 90' lang='grc'><strong>1,</strong></span> <span class='ocrx_word' id='word_1_662' title='bbox 943 5505 1039 5580; x_wconf 86' lang='lat' dir='ltr'>ubi</span> <span class='ocrx_word' id='word_1_663' title='bbox 1070 5512 1224 5578; x_wconf 84' lang='lat' dir='ltr'>Seg.,</span> <span class='ocrx_word' id='word_1_664' title='bbox 1264 5504 1699 5580; x_wconf 70' lang='grc' dir='ltr'>στενοχωρῆσβε.</span> <span class='ocrx_word' id='word_1_665' title='bbox 1741 5504 1962 5580; x_wconf 39' lang='lat' dir='ltr'>.Caateri</span> 
     </span>
    </p>
   </div>
   <div class='ocr_carea' id='block_1_81' title="bbox 309 5572 1966 5647">
    <p class='ocr_par' dir='ltr' id='par_1_81' title="bbox 309 5572 1966 5647">
     <span class='ocr_line' id='line_1_82' title="bbox 309 5572 1966 5647; baseline -0.001 -16"><span class='ocrx_word' id='word_1_666' title='bbox 309 5572 449 5634; x_wconf 61' lang='lat' dir='ltr'>vero</span> <span class='ocrx_word' id='word_1_667' title='bbox 481 5585 538 5634; x_wconf 91' lang='lat' dir='ltr'>et</span> <span class='ocrx_word' id='word_1_668' title='bbox 575 5581 714 5635; x_wconf 88' lang='lat' dir='ltr'>editi</span> <span class='ocrx_word' id='word_1_669' title='bbox 747 5580 830 5635; x_wconf 91' lang='lat' dir='ltr'>sic</span> <span class='ocrx_word' id='word_1_670' title='bbox 863 5572 1298 5647; x_wconf 62' lang='lat' dir='ltr'>babent,T&#39;oﬁto</span> <span class='ocrx_word' id='word_1_671' title='bbox 1319 5572 1468 5632; x_wconf 79' lang='grc' dir='ltr'>καὶ’ὂ</span> <span class='ocrx_word' id='word_1_672' title='bbox 1499 5572 1837 5647; x_wconf 83' lang='grc' dir='ltr'>’Ἀπόστολος</span> <span class='ocrx_word' id='word_1_673' title='bbox 1869 5578 1966 5632; x_wconf 87' lang='grc' dir='ltr'>Κο-</span> 
     </span>
    </p>
   </div>
   <div class='ocr_carea' id='block_1_82' title="bbox 309 5645 1694 5778">
    <p class='ocr_par' dir='ltr' id='par_1_82' title="bbox 309 5645 1694 5778">
     <span class='ocr_line' id='line_1_83' title="bbox 309 5645 1694 5722; baseline 0.004 -21"><span class='ocrx_word' id='word_1_674' title='bbox 309 5648 541 5722; x_wconf 85' lang='grc' dir='ltr'>ρινθίοις</span> <span class='ocrx_word' id='word_1_675' title='bbox 574 5647 908 5705; x_wconf 81' lang='grc' dir='ltr'>ἐπιστέλλων</span> <span class='ocrx_word' id='word_1_676' title='bbox 942 5645 968 5704; x_wconf 79' lang='grc' dir='ltr'>ἔ</span> <span class='ocrx_word' id='word_1_677' title='bbox 1008 5645 1509 5721; x_wconf 48' lang='grc' dir='ltr'>ηζϐοὺιθῐίεωηε,</span> <span class='ocrx_word' id='word_1_678' title='bbox 1582 5646 1694 5717; x_wconf 78' lang='grc' dir='ltr'>ησί.</span> 
     </span>
     <span class='ocr_line' id='line_1_84' title="bbox 387 5669 1694 5778; baseline -0.002 0"><span class='ocrx_word' id='word_1_679' title='bbox 387 5721 499 5778; x_wconf 73' lang='lat' dir='ltr'>(Si)</span> <span class='ocrx_word' id='word_1_680' title='bbox 528 5723 622 5778; x_wconf 89' lang='lat' dir='ltr'>Sic</span> <span class='ocrx_word' id='word_1_681' title='bbox 652 5724 866 5778; x_wconf 69' lang='lat' dir='ltr'>Regius</span> <span class='ocrx_word' id='word_1_682' title='bbox 897 5727 954 5778; x_wconf 90' lang='lat' dir='ltr'>et</span> <span class='ocrx_word' id='word_1_683' title='bbox 970 5670 1388 5778; x_wconf 55' lang='lat' dir='ltr'>genuerimus.</span> <span class='ocrx_word' id='word_1_684' title='bbox 1418 5727 1493 5778; x_wconf 85' lang='lat' dir='ltr'>At</span> <span class='ocrx_word' id='word_1_685' title='bbox 1515 5669 1614 5778; x_wconf 62' lang='lat' dir='ltr'>eiii</span> <span class='ocrx_word' id='word_1_686' title='bbox 1644 5723 1694 5777; x_wconf 84' lang='lat' dir='ltr'>et</span> 
     </span>
    </p>
   </div>
   <div class='ocr_carea' id='block_1_83' title="bbox 387 5695 1966 5805">
    <p class='ocr_par' dir='ltr' id='par_1_83' title="bbox 387 5695 1966 5805">
     <span class='ocr_line' id='line_1_85' title="bbox 387 5695 1966 5805; baseline -0.003 -28"><span class='ocrx_word' id='word_1_687' title='bbox 387 5695 1702 5805; x_wconf 56' lang='grc' dir='ltr'>(ξςῖίέξόᾗὲέίἱίέὸῐὲἕέᾶεῑῖἁῖιῖἑέῗὶῖἀῖίῖἐἰ</span> <span class='ocrx_word' id='word_1_688' title='bbox 1731 5718 1893 5788; x_wconf 53' lang='lat' dir='ltr'>editi,</span> <span class='ocrx_word' id='word_1_689' title='bbox 1919 5717 1966 5773; x_wconf 73' lang='grc' dir='ltr'>ει</span> 
     </span>
    </p>
   </div>
   <div class='ocr_carea' id='block_1_84' title="bbox 311 5797 620 5852">
    <p class='ocr_par' dir='ltr' id='par_1_84' title="bbox 311 5797 620 5852">
     <span class='ocr_line' id='line_1_86' title="bbox 311 5797 620 5852; baseline 0.013 -4"><span class='ocrx_word' id='word_1_690' title='bbox 311 5797 620 5852; x_wconf 86' lang='lat' dir='ltr'>omittunt.</span> 
     </span>
    </p>
   </div>
   <div class='ocr_carea' id='block_1_85' title="bbox 2139 2450 3723 2527">
    <p class='ocr_par' dir='ltr' id='par_1_85' title="bbox 2139 2450 3723 2527">
     <span class='ocr_line' id='line_1_87' title="bbox 2139 2450 3723 2527; baseline 0.006 -23"><span class='ocrx_word' id='word_1_691' title='bbox 2139 2450 2224 2504; x_wconf 89' lang='grc'>15.</span> <span class='ocrx_word' id='word_1_692' title='bbox 2251 2450 2314 2504; x_wconf 91' lang='lat' dir='ltr'>Id</span> <span class='ocrx_word' id='word_1_693' title='bbox 2347 2467 2462 2505; x_wconf 85' lang='lat' dir='ltr'>non</span> <span class='ocrx_word' id='word_1_694' title='bbox 2489 2450 2797 2519; x_wconf 85' lang='lat' dir='ltr'>ignorabat</span> <span class='ocrx_word' id='word_1_695' title='bbox 2827 2451 3060 2508; x_wconf 90' lang='lat' dir='ltr'>divinus</span> <span class='ocrx_word' id='word_1_696' title='bbox 3092 2453 3404 2524; x_wconf 84' lang='lat' dir='ltr'>Apostolus</span> <span class='ocrx_word' id='word_1_697' title='bbox 3428 2455 3529 2527; x_wconf 92' lang='lat' dir='ltr'>qui</span> <span class='ocrx_word' id='word_1_698' title='bbox 3552 2457 3631 2513; x_wconf 89' lang='lat' dir='ltr'>ita</span> <span class='ocrx_word' id='word_1_699' title='bbox 3650 2459 3723 2513; x_wconf 90' lang='lat' dir='ltr'>ad</span> 
     </span>
    </p>
   </div>
   <div class='ocr_carea' id='block_1_86' title="bbox 2061 2538 3718 2610">
    <p class='ocr_par' dir='ltr' id='par_1_86' title="bbox 2061 2538 3718 2610">
     <span class='ocr_line' id='line_1_88' title="bbox 2061 2538 3718 2610; baseline 0.006 -18"><span class='ocrx_word' id='word_1_700' title='bbox 2061 2538 2396 2594; x_wconf 84' lang='lat' dir='ltr'>Corinthios</span> <span class='ocrx_word' id='word_1_701' title='bbox 2453 2538 2692 2594; x_wconf 87' lang='lat' dir='ltr'>scribit:</span> <span class='ocrx_word' id='word_1_702' title='bbox 2755 2540 2872 2595; x_wconf 92' lang='lat' dir='ltr'>Non</span> <span class='ocrx_word' id='word_1_703' title='bbox 2925 2543 3370 2610; x_wconf 80' lang='lat' dir='ltr'>coangustamini</span> <span class='ocrx_word' id='word_1_704' title='bbox 3415 2546 3475 2600; x_wconf 84' lang='lat' dir='ltr'>in</span> <span class='ocrx_word' id='word_1_705' title='bbox 3521 2546 3718 2602; x_wconf 69' lang='lat' dir='ltr'>nobis:</span> 
     </span>
    </p>
   </div>
   <div class='ocr_carea' id='block_1_87' title="bbox 2064 2627 3719 2695">
    <p class='ocr_par' dir='ltr' id='par_1_87' title="bbox 2064 2627 3719 2695">
     <span class='ocr_line' id='line_1_89' title="bbox 2064 2627 3719 2695; baseline 0.005 -13"><span class='ocrx_word' id='word_1_706' title='bbox 2064 2627 2386 2683; x_wconf 86' lang='lat' dir='ltr'>dilatamim&#39;</span> <span class='ocrx_word' id='word_1_707' title='bbox 2408 2643 2556 2695; x_wconf 83' lang='lat' dir='ltr'>vero,</span> <span class='ocrx_word' id='word_1_708' title='bbox 2589 2636 2640 2683; x_wconf 80' lang='lat' dir='ltr'>et</span> <span class='ocrx_word' id='word_1_709' title='bbox 2668 2643 2760 2683; x_wconf 70' lang='lat' dir='ltr'>vos</span> <span class='ocrx_word' id='word_1_710' title='bbox 2780 2628 3142 2685; x_wconf 71' lang='lat' dir='ltr'>Corinthii“.</span> <span class='ocrx_word' id='word_1_711' title='bbox 3170 2630 3314 2688; x_wconf 89' lang='lat' dir='ltr'>Illos</span> <span class='ocrx_word' id='word_1_712' title='bbox 3338 2633 3563 2690; x_wconf 88' lang='lat' dir='ltr'>scilicet</span> <span class='ocrx_word' id='word_1_713' title='bbox 3585 2633 3719 2690; x_wconf 84' lang='lat' dir='ltr'>hor-</span> 
     </span>
    </p>
   </div>
   <div class='ocr_carea' id='block_1_88' title="bbox 2063 2716 3718 2789">
    <p class='ocr_par' dir='ltr' id='par_1_88' title="bbox 2063 2716 3718 2789">
     <span class='ocr_line' id='line_1_90' title="bbox 2063 2716 3718 2789; baseline 0.004 -17"><span class='ocrx_word' id='word_1_714' title='bbox 2063 2717 2299 2772; x_wconf 89' lang='lat' dir='ltr'>tabatur</span> <span class='ocrx_word' id='word_1_715' title='bbox 2330 2720 2392 2770; x_wconf 89' lang='lat' dir='ltr'>ut</span> <span class='ocrx_word' id='word_1_716' title='bbox 2422 2717 2495 2771; x_wconf 89' lang='lat' dir='ltr'>ab</span> <span class='ocrx_word' id='word_1_717' title='bbox 2535 2716 2808 2789; x_wconf 84' lang='lat' dir='ltr'>angustia</span> <span class='ocrx_word' id='word_1_718' title='bbox 2838 2716 2895 2771; x_wconf 92' lang='lat' dir='ltr'>in</span> <span class='ocrx_word' id='word_1_719' title='bbox 2931 2717 3302 2776; x_wconf 83' lang='lat' dir='ltr'>latitudinem</span> <span class='ocrx_word' id='word_1_720' title='bbox 3344 2737 3406 2777; x_wconf 90' lang='lat' dir='ltr'>se</span> <span class='ocrx_word' id='word_1_721' title='bbox 3436 2723 3718 2780; x_wconf 86' lang='lat' dir='ltr'>transfer-</span> 
     </span>
    </p>
   </div>
   <div class='ocr_carea' id='block_1_89' title="bbox 2066 2805 3720 2882">
    <p class='ocr_par' dir='ltr' id='par_1_89' title="bbox 2066 2805 3720 2882">
     <span class='ocr_line' id='line_1_91' title="bbox 2066 2805 3720 2882; baseline 0.005 -22"><span class='ocrx_word' id='word_1_722' title='bbox 2066 2810 2213 2861; x_wconf 91' lang='lat' dir='ltr'>rent.</span> <span class='ocrx_word' id='word_1_723' title='bbox 2247 2809 2324 2860; x_wconf 90' lang='lat' dir='ltr'>Ut</span> <span class='ocrx_word' id='word_1_724' title='bbox 2378 2810 2576 2860; x_wconf 89' lang='lat' dir='ltr'>autem</span> <span class='ocrx_word' id='word_1_725' title='bbox 2627 2805 2675 2861; x_wconf 92' lang='lat' dir='ltr'>si</span> <span class='ocrx_word' id='word_1_726' title='bbox 2728 2809 3095 2878; x_wconf 90' lang='lat' dir='ltr'>coangustati</span> <span class='ocrx_word' id='word_1_727' title='bbox 3145 2809 3448 2882; x_wconf 86' lang='lat' dir='ltr'>Corinthii,</span> <span class='ocrx_word' id='word_1_728' title='bbox 3493 2812 3720 2869; x_wconf 85' lang='lat' dir='ltr'>dilatati</span> 
     </span>
    </p>
   </div>
   <div class='ocr_carea' id='block_1_90' title="bbox 2073 2891 3724 2972">
    <p class='ocr_par' dir='ltr' id='par_1_90' title="bbox 2073 2891 3724 2972">
     <span class='ocr_line' id='line_1_92' title="bbox 2073 2891 3724 2972; baseline 0.006 -26"><span class='ocrx_word' id='word_1_729' title='bbox 2073 2896 2279 2962; x_wconf 87' lang='lat' dir='ltr'>postea</span> <span class='ocrx_word' id='word_1_730' title='bbox 2309 2895 2523 2959; x_wconf 89' lang='lat' dir='ltr'>essent,</span> <span class='ocrx_word' id='word_1_731' title='bbox 2557 2907 2673 2946; x_wconf 92' lang='lat' dir='ltr'>non</span> <span class='ocrx_word' id='word_1_732' title='bbox 2719 2891 2817 2947; x_wconf 90' lang='lat' dir='ltr'>alii</span> <span class='ocrx_word' id='word_1_733' title='bbox 2849 2894 2996 2949; x_wconf 74' lang='lat'>497</span> <span class='ocrx_word' id='word_1_734' title='bbox 3047 2896 3148 2951; x_wconf 85' lang='lat' dir='ltr'>sed</span> <span class='ocrx_word' id='word_1_735' title='bbox 3179 2896 3460 2952; x_wconf 90' lang='lat' dir='ltr'>Corinthii</span> <span class='ocrx_word' id='word_1_736' title='bbox 3491 2915 3724 2972; x_wconf 86' lang='lat' dir='ltr'>semper</span> 
     </span>
    </p>
   </div>
   <div class='ocr_carea' id='block_1_91' title="bbox 2063 2979 3716 3056">
    <p class='ocr_par' dir='ltr' id='par_1_91' title="bbox 2063 2979 3716 3056">
     <span class='ocr_line' id='line_1_93' title="bbox 2063 2979 3716 3056; baseline 0.006 -21"><span class='ocrx_word' id='word_1_737' title='bbox 2063 2980 2350 3047; x_wconf 82' lang='lat' dir='ltr'>fuissent;</span> <span class='ocrx_word' id='word_1_738' title='bbox 2398 2980 2479 3035; x_wconf 89' lang='lat' dir='ltr'>ita</span> <span class='ocrx_word' id='word_1_739' title='bbox 2521 2979 2572 3036; x_wconf 91' lang='lat' dir='ltr'>si</span> <span class='ocrx_word' id='word_1_740' title='bbox 2622 2984 2794 3036; x_wconf 89' lang='lat' dir='ltr'>Pater</span> <span class='ocrx_word' id='word_1_741' title='bbox 2823 2981 2880 3036; x_wconf 91' lang='lat' dir='ltr'>in</span> <span class='ocrx_word' id='word_1_742' title='bbox 2930 2982 3270 3039; x_wconf 88' lang='lat' dir='ltr'>Trinitatem</span> <span class='ocrx_word' id='word_1_743' title='bbox 3301 2985 3581 3043; x_wconf 89' lang='lat' dir='ltr'>dilatatus</span> <span class='ocrx_word' id='word_1_744' title='bbox 3608 2996 3716 3056; x_wconf 88' lang='lat' dir='ltr'>est,</span> 
     </span>
    </p>
   </div>
   <div class='ocr_carea' id='block_1_92' title="bbox 2063 3068 3714 3134">
    <p class='ocr_par' dir='ltr' id='par_1_92' title="bbox 2063 3068 3714 3134">
     <span class='ocr_line' id='line_1_94' title="bbox 2063 3068 3714 3134; baseline 0.005 -8"><span class='ocrx_word' id='word_1_745' title='bbox 2063 3076 2218 3126; x_wconf 86' lang='lat' dir='ltr'>certe</span> <span class='ocrx_word' id='word_1_746' title='bbox 2245 3068 2503 3124; x_wconf 90' lang='lat' dir='ltr'>Trinitas</span> <span class='ocrx_word' id='word_1_747' title='bbox 2542 3068 2704 3124; x_wconf 90' lang='lat' dir='ltr'>solus</span> <span class='ocrx_word' id='word_1_748' title='bbox 2738 3087 2943 3126; x_wconf 89' lang='lat' dir='ltr'>rursus</span> <span class='ocrx_word' id='word_1_749' title='bbox 2973 3077 3062 3128; x_wconf 90' lang='lat' dir='ltr'>est</span> <span class='ocrx_word' id='word_1_750' title='bbox 3089 3076 3278 3130; x_wconf 91' lang='lat' dir='ltr'>Pater.</span> <span class='ocrx_word' id='word_1_751' title='bbox 3315 3075 3470 3130; x_wconf 87' lang='lat' dir='ltr'>Idem</span> <span class='ocrx_word' id='word_1_752' title='bbox 3503 3076 3714 3134; x_wconf 89' lang='lat' dir='ltr'>iterum</span> 
     </span>
    </p>
   </div>
   <div class='ocr_carea' id='block_1_93' title="bbox 2055 3157 3714 3236">
    <p class='ocr_par' dir='ltr' id='par_1_93' title="bbox 2055 3157 3714 3236">
     <span class='ocr_line' id='line_1_95' title="bbox 2055 3157 3714 3236; baseline 0.005 -22"><span class='ocrx_word' id='word_1_753' title='bbox 2055 3159 2164 3233; x_wconf 79' lang='lat' dir='ltr'>ait,</span> <span class='ocrx_word' id='word_1_754' title='bbox 2191 3158 2293 3214; x_wconf 84' lang='lat' dir='ltr'>Cor</span> <span class='ocrx_word' id='word_1_755' title='bbox 2321 3167 2572 3214; x_wconf 76' lang='lat' dir='ltr'>nostram</span> <span class='ocrx_word' id='word_1_756' title='bbox 2601 3157 2896 3214; x_wconf 79' lang='lat' dir='ltr'>dilatatam</span> <span class='ocrx_word' id='word_1_757' title='bbox 2925 3169 3004 3216; x_wconf 73' lang='lat' dir='ltr'>est</span> <span class='ocrx_word' id='word_1_758' title='bbox 3027 3161 3089 3217; x_wconf 78' lang='grc'>⁵⁸.</span> <span class='ocrx_word' id='word_1_759' title='bbox 3124 3167 3244 3217; x_wconf 86' lang='lat' dir='ltr'>Noe</span> <span class='ocrx_word' id='word_1_760' title='bbox 3275 3162 3415 3218; x_wconf 87' lang='lat' dir='ltr'>item</span> <span class='ocrx_word' id='word_1_761' title='bbox 3437 3164 3599 3236; x_wconf 89' lang='lat' dir='ltr'>dicit,</span> <span class='ocrx_word' id='word_1_762' title='bbox 3620 3168 3714 3222; x_wconf 90' lang='lat' dir='ltr'>Di-</span> 
     </span>
    </p>
   </div>
   <div class='ocr_carea' id='block_1_94' title="bbox 2068 3247 3716 3329">
    <p class='ocr_par' dir='ltr' id='par_1_94' title="bbox 2068 3247 3716 3329">
     <span class='ocr_line' id='line_1_96' title="bbox 2068 3247 3716 3329; baseline 0.005 -24"><span class='ocrx_word' id='word_1_763' title='bbox 2068 3249 2204 3306; x_wconf 76' lang='lat' dir='ltr'>latet</span> <span class='ocrx_word' id='word_1_764' title='bbox 2242 3250 2381 3304; x_wconf 76' lang='lat' dir='ltr'>Deus</span> <span class='ocrx_word' id='word_1_765' title='bbox 2429 3247 2623 3320; x_wconf 79' lang='lat' dir='ltr'>Japhet</span> <span class='ocrx_word' id='word_1_766' title='bbox 2652 3248 2715 3304; x_wconf 80' lang='grc'>⁵⁷.</span> <span class='ocrx_word' id='word_1_767' title='bbox 2767 3249 3068 3320; x_wconf 88' lang='lat' dir='ltr'>Siquidem</span> <span class='ocrx_word' id='word_1_768' title='bbox 3101 3251 3255 3307; x_wconf 89' lang='lat' dir='ltr'>idem</span> <span class='ocrx_word' id='word_1_769' title='bbox 3287 3268 3404 3322; x_wconf 90' lang='lat' dir='ltr'>cor,</span> <span class='ocrx_word' id='word_1_770' title='bbox 3439 3253 3716 3329; x_wconf 88' lang='lat' dir='ltr'>idemque</span> 
     </span>
    </p>
   </div>
   <div class='ocr_carea' id='block_1_95' title="bbox 2077 3335 3712 3416">
    <p class='ocr_par' dir='ltr' id='par_1_95' title="bbox 2077 3335 3712 3416">
     <span class='ocr_line' id='line_1_97' title="bbox 2077 3335 3712 3416; baseline 0.004 -23"><span class='ocrx_word' id='word_1_771' title='bbox 2077 3341 2168 3393; x_wconf 88' lang='lat' dir='ltr'>est</span> <span class='ocrx_word' id='word_1_772' title='bbox 2195 3335 2408 3408; x_wconf 89' lang='lat' dir='ltr'>Japhet</span> <span class='ocrx_word' id='word_1_773' title='bbox 2438 3337 2498 3390; x_wconf 89' lang='lat' dir='ltr'>in</span> <span class='ocrx_word' id='word_1_774' title='bbox 2531 3336 2895 3393; x_wconf 86' lang='lat' dir='ltr'>dilatatione.</span> <span class='ocrx_word' id='word_1_775' title='bbox 2930 3337 2989 3393; x_wconf 92' lang='lat' dir='ltr'>Si</span> <span class='ocrx_word' id='word_1_776' title='bbox 3031 3355 3168 3411; x_wconf 86' lang='lat' dir='ltr'>ergo</span> <span class='ocrx_word' id='word_1_777' title='bbox 3188 3340 3396 3397; x_wconf 90' lang='lat' dir='ltr'>Unitas</span> <span class='ocrx_word' id='word_1_778' title='bbox 3427 3342 3712 3416; x_wconf 87' lang='lat' dir='ltr'>dilatavit,</span> 
     </span>
    </p>
   </div>
   <div class='ocr_carea' id='block_1_96' title="bbox 2065 3425 3712 3498">
    <p class='ocr_par' dir='ltr' id='par_1_96' title="bbox 2065 3425 3712 3498">
     <span class='ocr_line' id='line_1_98' title="bbox 2065 3425 3712 3498; baseline 0.004 -15"><span class='ocrx_word' id='word_1_779' title='bbox 2065 3443 2133 3483; x_wconf 86' lang='lat' dir='ltr'>ea</span> <span class='ocrx_word' id='word_1_780' title='bbox 2145 3425 2469 3482; x_wconf 81' lang='lat' dir='ltr'>sanefuerit</span> <span class='ocrx_word' id='word_1_781' title='bbox 2493 3425 2750 3498; x_wconf 90' lang='lat' dir='ltr'>idipsum</span> <span class='ocrx_word' id='word_1_782' title='bbox 2781 3427 2937 3498; x_wconf 90' lang='lat' dir='ltr'>quod</span> <span class='ocrx_word' id='word_1_783' title='bbox 2951 3427 3261 3484; x_wconf 88' lang='lat' dir='ltr'>dilatatum</span> <span class='ocrx_word' id='word_1_784' title='bbox 3284 3434 3393 3486; x_wconf 89' lang='lat' dir='ltr'>est.</span> <span class='ocrx_word' id='word_1_785' title='bbox 3417 3431 3566 3496; x_wconf 87' lang='lat' dir='ltr'>Quid</span> <span class='ocrx_word' id='word_1_786' title='bbox 3578 3449 3712 3490; x_wconf 91' lang='lat' dir='ltr'>vero</span> 
     </span>
    </p>
   </div>
   <div class='ocr_carea' id='block_1_97' title="bbox 2066 3514 3712 3589">
    <p class='ocr_par' dir='ltr' id='par_1_97' title="bbox 2066 3514 3712 3589">
     <span class='ocr_line' id='line_1_99' title="bbox 2066 3514 3712 3589; baseline 0.005 -19"><span class='ocrx_word' id='word_1_787' title='bbox 2066 3515 2212 3570; x_wconf 89' lang='lat' dir='ltr'>illud</span> <span class='ocrx_word' id='word_1_788' title='bbox 2245 3518 2335 3571; x_wconf 93' lang='lat' dir='ltr'>est</span> <span class='ocrx_word' id='word_1_789' title='bbox 2366 3518 2576 3587; x_wconf 83' lang='lat' dir='ltr'>praeter</span> <span class='ocrx_word' id='word_1_790' title='bbox 2607 3514 2814 3570; x_wconf 85' lang='lat' dir='ltr'>Filium</span> <span class='ocrx_word' id='word_1_791' title='bbox 2847 3521 2904 3571; x_wconf 90' lang='lat' dir='ltr'>et</span> <span class='ocrx_word' id='word_1_792' title='bbox 2934 3516 3209 3589; x_wconf 88' lang='lat' dir='ltr'>spiritum</span> <span class='ocrx_word' id='word_1_793' title='bbox 3241 3521 3560 3577; x_wconf 83' lang='lat' dir='ltr'>sanctum?</span> <span class='ocrx_word' id='word_1_794' title='bbox 3585 3523 3712 3580; x_wconf 89' lang='lat' dir='ltr'>Non</span> 
     </span>
    </p>
   </div>
   <div class='ocr_carea' id='block_1_98' title="bbox 2067 3603 3713 3685">
    <p class='ocr_par' dir='ltr' id='par_1_98' title="bbox 2067 3603 3713 3685">
     <span class='ocr_line' id='line_1_100' title="bbox 2067 3603 3713 3685; baseline 0.005 -25"><span class='ocrx_word' id='word_1_795' title='bbox 2067 3605 2172 3660; x_wconf 87' lang='lat' dir='ltr'>abs</span> <span class='ocrx_word' id='word_1_796' title='bbox 2203 3619 2263 3658; x_wconf 89' lang='lat' dir='ltr'>re</span> <span class='ocrx_word' id='word_1_797' title='bbox 2294 3608 2489 3659; x_wconf 88' lang='lat' dir='ltr'>autem</span> <span class='ocrx_word' id='word_1_798' title='bbox 2538 3603 2648 3659; x_wconf 90' lang='lat' dir='ltr'>erit</span> <span class='ocrx_word' id='word_1_799' title='bbox 2694 3619 2829 3660; x_wconf 89' lang='lat' dir='ltr'>eum</span> <span class='ocrx_word' id='word_1_800' title='bbox 2861 3605 2963 3676; x_wconf 92' lang='lat' dir='ltr'>qui</span> <span class='ocrx_word' id='word_1_801' title='bbox 3011 3606 3093 3662; x_wconf 86' lang='lat' dir='ltr'>ita</span> <span class='ocrx_word' id='word_1_802' title='bbox 3123 3607 3303 3664; x_wconf 89' lang='lat' dir='ltr'>sentit</span> <span class='ocrx_word' id='word_1_803' title='bbox 3332 3608 3713 3685; x_wconf 86' lang='lat' dir='ltr'>interrogare,</span> 
     </span>
    </p>
   </div>
   <div class='ocr_carea' id='block_1_99' title="bbox 2067 3695 3718 3774">
    <p class='ocr_par' dir='ltr' id='par_1_99' title="bbox 2067 3695 3718 3774">
     <span class='ocr_line' id='line_1_101' title="bbox 2067 3695 3718 3774; baseline 0.005 -24"><span class='ocrx_word' id='word_1_804' title='bbox 2067 3696 2310 3768; x_wconf 88' lang='lat' dir='ltr'>quinam</span> <span class='ocrx_word' id='word_1_805' title='bbox 2342 3695 2416 3750; x_wconf 90' lang='lat' dir='ltr'>sit</span> <span class='ocrx_word' id='word_1_806' title='bbox 2437 3695 2779 3766; x_wconf 81' lang='lat' dir='ltr'>hujusmodi</span> <span class='ocrx_word' id='word_1_807' title='bbox 2812 3695 3177 3771; x_wconf 85' lang='lat' dir='ltr'>dilatationis</span> <span class='ocrx_word' id='word_1_808' title='bbox 3209 3697 3468 3771; x_wconf 71' lang='lat' dir='ltr'>effectus,</span> <span class='ocrx_word' id='word_1_809' title='bbox 3501 3701 3586 3756; x_wconf 92' lang='lat' dir='ltr'>vel</span> <span class='ocrx_word' id='word_1_810' title='bbox 3619 3719 3718 3774; x_wconf 84' lang='lat' dir='ltr'>po-</span> 
     </span>
    </p>
   </div>
   <div class='ocr_carea' id='block_1_100' title="bbox 2066 3783 3715 3857">
    <p class='ocr_par' dir='ltr' id='par_1_100' title="bbox 2066 3783 3715 3857">
     <span class='ocr_line' id='line_1_102' title="bbox 2066 3783 3715 3857; baseline 0.004 -17"><span class='ocrx_word' id='word_1_811' title='bbox 2066 3785 2185 3841; x_wconf 91' lang='lat' dir='ltr'>tius</span> <span class='ocrx_word' id='word_1_812' title='bbox 2213 3784 2365 3856; x_wconf 87' lang='lat' dir='ltr'>(ipsa</span> <span class='ocrx_word' id='word_1_813' title='bbox 2389 3783 2568 3839; x_wconf 88' lang='lat' dir='ltr'>veluti</span> <span class='ocrx_word' id='word_1_814' title='bbox 2598 3799 2794 3839; x_wconf 88' lang='lat' dir='ltr'>coram</span> <span class='ocrx_word' id='word_1_815' title='bbox 2828 3785 3110 3857; x_wconf 89' lang='lat' dir='ltr'>veritate),</span> <span class='ocrx_word' id='word_1_816' title='bbox 3141 3802 3272 3842; x_wconf 90' lang='lat' dir='ltr'>cum</span> <span class='ocrx_word' id='word_1_817' title='bbox 3305 3789 3544 3846; x_wconf 90' lang='lat' dir='ltr'>omnino</span> <span class='ocrx_word' id='word_1_818' title='bbox 3565 3791 3715 3846; x_wconf 87' lang='lat' dir='ltr'>dila-</span> 
     </span>
    </p>
   </div>
   <div class='ocr_carea' id='block_1_101' title="bbox 2067 3872 3715 3950">
    <p class='ocr_par' dir='ltr' id='par_1_101' title="bbox 2067 3872 3715 3950">
     <span class='ocr_line' id='line_1_103' title="bbox 2067 3872 3715 3950; baseline 0.004 -20"><span class='ocrx_word' id='word_1_819' title='bbox 2067 3880 2187 3931; x_wconf 88' lang='lat' dir='ltr'>tata</span> <span class='ocrx_word' id='word_1_820' title='bbox 2219 3873 2422 3929; x_wconf 83' lang='lat' dir='ltr'>Unitas</span> <span class='ocrx_word' id='word_1_821' title='bbox 2453 3873 2530 3929; x_wconf 91' lang='lat' dir='ltr'>sit</span> <span class='ocrx_word' id='word_1_822' title='bbox 2557 3872 2584 3928; x_wconf 88' lang='lat'><strong>?</strong></span> <span class='ocrx_word' id='word_1_823' title='bbox 2631 3873 2794 3938; x_wconf 89' lang='lat' dir='ltr'>Quod</span> <span class='ocrx_word' id='word_1_824' title='bbox 2836 3874 2991 3930; x_wconf 88' lang='lat' dir='ltr'>enim</span> <span class='ocrx_word' id='word_1_825' title='bbox 3036 3891 3151 3930; x_wconf 89' lang='lat' dir='ltr'>non</span> <span class='ocrx_word' id='word_1_826' title='bbox 3176 3876 3332 3932; x_wconf 90' lang='lat' dir='ltr'>idem</span> <span class='ocrx_word' id='word_1_827' title='bbox 3366 3883 3581 3950; x_wconf 88' lang='lat' dir='ltr'>manet,</span> <span class='ocrx_word' id='word_1_828' title='bbox 3614 3881 3715 3936; x_wconf 89' lang='lat' dir='ltr'>sed</span> 
     </span>
    </p>
   </div>
   <div class='ocr_carea' id='block_1_102' title="bbox 2067 3962 3718 4041">
    <p class='ocr_par' dir='ltr' id='par_1_102' title="bbox 2067 3962 3718 4041">
     <span class='ocr_line' id='line_1_104' title="bbox 2067 3962 3718 4041; baseline 0.002 -20"><span class='ocrx_word' id='word_1_829' title='bbox 2067 3969 2268 4038; x_wconf 87' lang='lat' dir='ltr'>postea</span> <span class='ocrx_word' id='word_1_830' title='bbox 2297 3962 2604 4031; x_wconf 85' lang='lat' dir='ltr'>dilatatur,</span> <span class='ocrx_word' id='word_1_831' title='bbox 2652 3979 2892 4020; x_wconf 86' lang='lat' dir='ltr'>causam</span> <span class='ocrx_word' id='word_1_832' title='bbox 2952 3963 3167 4021; x_wconf 88' lang='lat' dir='ltr'>habeat</span> <span class='ocrx_word' id='word_1_833' title='bbox 3213 3981 3452 4022; x_wconf 88' lang='lat' dir='ltr'>necesse</span> <span class='ocrx_word' id='word_1_834' title='bbox 3495 3973 3584 4023; x_wconf 82' lang='lat' dir='ltr'>est</span> <span class='ocrx_word' id='word_1_835' title='bbox 3615 3985 3718 4041; x_wconf 90' lang='lat' dir='ltr'>per</span> 
     </span>
    </p>
   </div>
   <div class='ocr_carea' id='block_1_103' title="bbox 2142 4212 3720 4292">
    <p class='ocr_par' dir='ltr' id='par_1_103' title="bbox 2142 4212 3720 4292">
     <span class='ocr_line' id='line_1_105' title="bbox 2142 4212 3720 4292; baseline 0.003 -23"><span class='ocrx_word' id='word_1_836' title='bbox 2142 4216 2253 4287; x_wconf 82' lang='lat'>(82)</span> <span class='ocrx_word' id='word_1_837' title='bbox 2284 4212 2378 4292; x_wconf 88' lang='lat' dir='ltr'>Sic</span> <span class='ocrx_word' id='word_1_838' title='bbox 2407 4217 2645 4292; x_wconf 23' lang='lat' dir='ltr'>mssast</span> <span class='ocrx_word' id='word_1_839' title='bbox 2673 4213 2852 4292; x_wconf 88' lang='lat' dir='ltr'>editio</span> <span class='ocrx_word' id='word_1_840' title='bbox 2891 4214 3377 4292; x_wconf 82' lang='lat' dir='ltr'>Commeliniana_</span> <span class='ocrx_word' id='word_1_841' title='bbox 3409 4221 3474 4273; x_wconf 94' lang='lat' dir='ltr'>ut</span> <span class='ocrx_word' id='word_1_842' title='bbox 3525 4218 3720 4292; x_wconf 85' lang='lat' dir='ltr'>Scrip-</span> 
     </span>
    </p>
   </div>
   <div class='ocr_carea' id='block_1_104' title="bbox 2069 4286 3720 4362">
    <p class='ocr_par' dir='ltr' id='par_1_104' title="bbox 2069 4286 3720 4362">
     <span class='ocr_line' id='line_1_106' title="bbox 2069 4286 3720 4362; baseline 0.002 -20"><span class='ocrx_word' id='word_1_843' title='bbox 2069 4291 2211 4362; x_wconf 71' lang='lat' dir='ltr'>tura:</span> <span class='ocrx_word' id='word_1_844' title='bbox 2243 4286 2686 4362; x_wconf 30' lang='lat' dir='ltr'>tlextusLEditio</span> <span class='ocrx_word' id='word_1_845' title='bbox 2719 4291 2914 4362; x_wconf 83' lang='lat' dir='ltr'>autem</span> <span class='ocrx_word' id='word_1_846' title='bbox 2937 4287 3110 4362; x_wconf 64' lang='lat' dir='ltr'>Paris</span> <span class='ocrx_word' id='word_1_847' title='bbox 3154 4293 3241 4362; x_wconf 80' lang='lat' dir='ltr'>et</span> <span class='ocrx_word' id='word_1_848' title='bbox 3286 4288 3528 4362; x_wconf 12' lang='lat' dir='ltr'>Colon.,g</span> <span class='ocrx_word' id='word_1_849' title='bbox 3568 4286 3720 4362; x_wconf 72' lang='grc' dir='ltr'>ὑμῶν</span> 
     </span>
    </p>
   </div>
   <div class='ocr_carea' id='block_1_105' title="bbox 2070 4354 3718 4436">
    <p class='ocr_par' dir='ltr' id='par_1_105' title="bbox 2070 4354 3718 4436">
     <span class='ocr_line' id='line_1_107' title="bbox 2070 4354 3718 4436; baseline 0.002 -24"><span class='ocrx_word' id='word_1_850' title='bbox 2070 4354 2413 4436; x_wconf 50' lang='grc' dir='ltr'>ἐπλατύνθη.</span> <span class='ocrx_word' id='word_1_851' title='bbox 2436 4357 2568 4436; x_wconf 71' lang='lat' dir='ltr'>l\_i_ox</span> <span class='ocrx_word' id='word_1_852' title='bbox 2599 4356 2816 4436; x_wconf 71' lang='lat' dir='ltr'>Regius</span> <span class='ocrx_word' id='word_1_853' title='bbox 2845 4363 2902 4412; x_wconf 91' lang='lat' dir='ltr'>et</span> <span class='ocrx_word' id='word_1_854' title='bbox 2931 4358 3344 4436; x_wconf 75' lang='lat' dir='ltr'>Seguerianus,</span> <span class='ocrx_word' id='word_1_855' title='bbox 3387 4354 3718 4436; x_wconf 71' lang='grc' dir='ltr'>τῷ”1άὶρεθ,</span> 
     </span>
    </p>
   </div>
   <div class='ocr_carea' id='block_1_106' title="bbox 2067 4427 3720 4505">
    <p class='ocr_par' dir='ltr' id='par_1_106' title="bbox 2067 4427 3720 4505">
     <span class='ocr_line' id='line_1_108' title="bbox 2067 4427 3720 4505; baseline 0.003 -19"><span class='ocrx_word' id='word_1_856' title='bbox 2067 4436 2134 4486; x_wconf 87' lang='lat' dir='ltr'>ut</span> <span class='ocrx_word' id='word_1_857' title='bbox 2161 4435 2219 4486; x_wconf 87' lang='lat' dir='ltr'>et</span> <span class='ocrx_word' id='word_1_858' title='bbox 2249 4428 2423 4483; x_wconf 89' lang='lat' dir='ltr'>habet</span> <span class='ocrx_word' id='word_1_859' title='bbox 2452 4427 2654 4484; x_wconf 89' lang='lat' dir='ltr'>Versio</span> <span class='ocrx_word' id='word_1_860' title='bbox 2687 4427 3071 4505; x_wconf 85' lang='lat' dir='ltr'>Septuaginta</span> <span class='ocrx_word' id='word_1_861' title='bbox 3101 4427 3584 4505; x_wconf 80' lang='lat' dir='ltr'>Interpretjuxta</span> <span class='ocrx_word' id='word_1_862' title='bbox 3606 4427 3720 4492; x_wconf 56' lang='lat' dir='ltr'>He;</span> 
     </span>
    </p>
   </div>
   <div class='ocr_carea' id='block_1_107' title="bbox 2068 4503 3716 4582">
    <p class='ocr_par' dir='ltr' id='par_1_107' title="bbox 2068 4503 3716 4582">
     <span class='ocr_line' id='line_1_109' title="bbox 2068 4503 3716 4582; baseline 0.002 -6"><span class='ocrx_word' id='word_1_863' title='bbox 2068 4519 2288 4574; x_wconf 67' lang='lat' dir='ltr'>braaum</span> <span class='ocrx_word' id='word_1_864' title='bbox 2321 4520 2568 4582; x_wconf 77' lang='lat' dir='ltr'>textum,</span> <span class='ocrx_word' id='word_1_865' title='bbox 2590 4503 2736 4580; x_wconf 63' lang='lat' dir='ltr'>r1575</span> <span class='ocrx_word' id='word_1_866' title='bbox 2778 4503 2970 4578; x_wconf 67' lang='lat' dir='ltr'>Dm&#39;m</span> <span class='ocrx_word' id='word_1_867' title='bbox 3010 4529 3140 4582; x_wconf 56' lang='lat' dir='ltr'>n53.</span> <span class='ocrx_word' id='word_1_868' title='bbox 3178 4503 3373 4576; x_wconf 66' lang='lat' dir='ltr'>Castori</span> <span class='ocrx_word' id='word_1_869' title='bbox 3405 4503 3538 4578; x_wconf 79' lang='lat' dir='ltr'>vero</span> <span class='ocrx_word' id='word_1_870' title='bbox 3572 4540 3716 4580; x_wconf 91' lang='lat' dir='ltr'>mss.</span> 
     </span>
    </p>
   </div>
   <div class='ocr_carea' id='block_1_108' title="bbox 2068 4561 3718 4672">
    <p class='ocr_par' dir='ltr' id='par_1_108' title="bbox 2068 4561 3718 4672">
     <span class='ocr_line' id='line_1_110' title="bbox 2068 4561 3718 4672; baseline 0.003 -26"><span class='ocrx_word' id='word_1_871' title='bbox 2068 4595 2125 4672; x_wconf 79' lang='lat' dir='ltr'>et</span> <span class='ocrx_word' id='word_1_872' title='bbox 2171 4587 2486 4672; x_wconf 46' lang='lat' dir='ltr'>editi,‘_1:6v</span> <span class='ocrx_word' id='word_1_873' title='bbox 2524 4561 2750 4672; x_wconf 47' lang='lat' dir='ltr'>fugai,</span> <span class='ocrx_word' id='word_1_874' title='bbox 2799 4561 3718 4672; x_wconf 41' lang='lat' dir='ltr'>Ver/umucur&#39;n‘iidemuiii‘dxuli’;</span> 
     </span>
    </p>
   </div>
   <div class='ocr_carea' id='block_1_109' title="bbox 2071 4655 3717 4738">
    <p class='ocr_par' dir='ltr' id='par_1_109' title="bbox 2071 4655 3717 4738">
     <span class='ocr_line' id='line_1_111' title="bbox 2071 4655 3717 4738; baseline 0.005 -25"><span class='ocrx_word' id='word_1_875' title='bbox 2071 4663 2263 4738; x_wconf 73' lang='lat' dir='ltr'>beant,</span> <span class='ocrx_word' id='word_1_876' title='bbox 2295 4655 2582 4738; x_wconf 36' lang='grc' dir='ltr'>ἄλλοιςιᾶν</span> <span class='ocrx_word' id='word_1_877' title='bbox 2597 4655 2928 4738; x_wconf 60' lang='grc' dir='ltr'>⁸ἐῖτιλιιὶτυνιεν,</span> <span class='ocrx_word' id='word_1_878' title='bbox 2966 4679 3104 4730; x_wconf 86' lang='lat' dir='ltr'>non,</span> <span class='ocrx_word' id='word_1_879' title='bbox 3135 4659 3360 4726; x_wconf 73' lang='grc' dir='ltr'>ἄλλους’</span> <span class='ocrx_word' id='word_1_880' title='bbox 3403 4665 3717 4738; x_wconf 82' lang='lat' dir='ltr'>legendum</span> 
     </span>
    </p>
   </div>
   <div class='ocr_carea' id='block_1_110' title="bbox 2068 4731 3718 4806">
    <p class='ocr_par' dir='ltr' id='par_1_110' title="bbox 2068 4731 3718 4806">
     <span class='ocr_line' id='line_1_112' title="bbox 2068 4731 3718 4806; baseline 0.002 -16"><span class='ocrx_word' id='word_1_881' title='bbox 2068 4735 2284 4790; x_wconf 92' lang='lat' dir='ltr'>idcirco</span> <span class='ocrx_word' id='word_1_882' title='bbox 2313 4734 2415 4806; x_wconf 45' lang='lat' dir='ltr'>rip</span> <span class='ocrx_word' id='word_1_883' title='bbox 2445 4731 2642 4804; x_wconf 78' lang='grc' dir='ltr'>Ίάφεθ.</span> <span class='ocrx_word' id='word_1_884' title='bbox 2671 4736 2860 4806; x_wconf 86' lang='lat' dir='ltr'>Recte</span> <span class='ocrx_word' id='word_1_885' title='bbox 2911 4741 3106 4790; x_wconf 87' lang='lat' dir='ltr'>tamen</span> <span class='ocrx_word' id='word_1_886' title='bbox 3166 4752 3268 4806; x_wconf 90' lang='lat' dir='ltr'>per</span> <span class='ocrx_word' id='word_1_887' title='bbox 3316 4731 3718 4793; x_wconf 73' lang='lat' dir='ltr'>accusativum</span> 
     </span>
    </p>
   </div>
   <div class='ocr_carea' id='block_1_111' title="bbox 2067 4803 3716 4878">
    <p class='ocr_par' dir='ltr' id='par_1_111' title="bbox 2067 4803 3716 4878">
     <span class='ocr_line' id='line_1_113' title="bbox 2067 4803 3716 4878; baseline -0.001 -17"><span class='ocrx_word' id='word_1_888' title='bbox 2067 4807 2366 4862; x_wconf 89' lang='lat' dir='ltr'>redditur:</span> <span class='ocrx_word' id='word_1_889' title='bbox 2404 4803 2561 4878; x_wconf 83' lang='lat' dir='ltr'>hunc</span> <span class='ocrx_word' id='word_1_890' title='bbox 2590 4804 2746 4878; x_wconf 73' lang='lat' dir='ltr'>enim</span> <span class='ocrx_word' id='word_1_891' title='bbox 2780 4821 2980 4878; x_wconf 86' lang='lat' dir='ltr'>casum</span> <span class='ocrx_word' id='word_1_892' title='bbox 3010 4803 3413 4878; x_wconf 71' lang='lat' dir='ltr'>regitverbum</span> <span class='ocrx_word' id='word_1_893' title='bbox 3434 4806 3716 4878; x_wconf 86' lang='grc' dir='ltr'>πλατύνω,</span> 
     </span>
    </p>
   </div>
   <div class='ocr_carea' id='block_1_112' title="bbox 2068 4875 3712 4950">
    <p class='ocr_par' dir='ltr' id='par_1_112' title="bbox 2068 4875 3712 4950">
     <span class='ocr_line' id='line_1_114' title="bbox 2068 4875 3712 4950; baseline 0 -16"><span class='ocrx_word' id='word_1_894' title='bbox 2068 4884 2146 4950; x_wconf 90' lang='lat' dir='ltr'>et,</span> <span class='ocrx_word' id='word_1_895' title='bbox 2179 4878 2371 4950; x_wconf 47' lang='lat' dir='ltr'>dilato,</span> <span class='ocrx_word' id='word_1_896' title='bbox 2403 4875 2623 4950; x_wconf 81' lang='lat' dir='ltr'>Ibidem</span> <span class='ocrx_word' id='word_1_897' title='bbox 2661 4875 3427 4950; x_wconf 9' lang='lat' dir='ltr'>RegirusretSe—guerianus,</span> <span class='ocrx_word' id='word_1_898' title='bbox 3486 4880 3520 4948; x_wconf 77' lang='grc' dir='ltr'><strong>ἡ</strong></span> <span class='ocrx_word' id='word_1_899' title='bbox 3573 4875 3712 4949; x_wconf 79' lang='grc' dir='ltr'>αὐτῆ</span> 
     </span>
    </p>
   </div>
   <div class='ocr_carea' id='block_1_113' title="bbox 2068 4944 3479 5090">
    <p class='ocr_par' dir='ltr' id='par_1_113' title="bbox 2068 4944 3479 5090">
     <span class='ocr_line' id='line_1_115' title="bbox 2068 4944 3479 5024; baseline 0.001 -21"><span class='ocrx_word' id='word_1_900' title='bbox 2068 4949 2171 5024; x_wconf 75' lang='grc' dir='ltr'>γὰρ</span> <span class='ocrx_word' id='word_1_901' title='bbox 2203 4944 2395 5021; x_wconf 84' lang='grc' dir='ltr'>καρδία</span> <span class='ocrx_word' id='word_1_902' title='bbox 2447 4947 2557 5002; x_wconf 89' lang='lat' dir='ltr'>Alii</span> <span class='ocrx_word' id='word_1_903' title='bbox 2588 4954 2643 5000; x_wconf 88' lang='lat' dir='ltr'>et</span> <span class='ocrx_word' id='word_1_904' title='bbox 2671 4944 2832 5020; x_wconf 79' lang='lat' dir='ltr'>editi,</span> <span class='ocrx_word' id='word_1_905' title='bbox 2867 4949 2900 5015; x_wconf 83' lang='grc' dir='ltr'><strong>ἡ</strong></span> <span class='ocrx_word' id='word_1_906' title='bbox 2936 4944 3238 5024; x_wconf 56' lang='grc' dir='ltr'>αύτοῖγὰρ</span> <span class='ocrx_word' id='word_1_907' title='bbox 3267 4944 3479 5023; x_wconf 81' lang='grc' dir='ltr'>καρδία.</span> 
     </span>
     <span class='ocr_line' id='line_1_116' title="bbox 2141 5017 3290 5090; baseline -0.003 -15"><span class='ocrx_word' id='word_1_908' title='bbox 2141 5022 2250 5090; x_wconf 88' lang='grc'>(83)</span> <span class='ocrx_word' id='word_1_909' title='bbox 2283 5021 2431 5090; x_wconf 88' lang='lat' dir='ltr'>Lege</span> <span class='ocrx_word' id='word_1_910' title='bbox 2460 5017 2649 5071; x_wconf 80' lang='grc' dir='ltr'>αὐτοῦ.</span> <span class='ocrx_word' id='word_1_911' title='bbox 2882 5088 2916 5090; x_wconf 22' lang='grc' dir='ltr'><strong>μ</strong></span> <span class='ocrx_word' id='word_1_912' title='bbox 3202 5087 3211 5090; x_wconf 24' lang='grc' dir='ltr'><strong>Α</strong></span> <span class='ocrx_word' id='word_1_913' title='bbox 3255 5086 3290 5090; x_wconf 14' lang='grc' dir='ltr'>,Α</span> 
     </span>
    </p>
   </div>
   <div class='ocr_carea' id='block_1_114' title="bbox 2327 5035 2649 5074">
    <p class='ocr_par' dir='ltr' id='par_1_114' title="bbox 2327 5035 2649 5074">
     <span class='ocr_line' id='line_1_117' title="bbox 2327 5035 2649 5074; baseline -0.009 0"><span class='ocrx_word' id='word_1_914' title='bbox 2327 5035 2431 5074; x_wconf 71' lang='lat'>828</span> <span class='ocrx_word' id='word_1_915' title='bbox 2460 5037 2649 5071; x_wconf 89' lang='grc' dir='ltr'>αυτου.</span> 
     </span>
    </p>
   </div>
   <div class='ocr_carea' id='block_1_115' title="bbox 2162 5036 3718 5163">
    <p class='ocr_par' dir='ltr' id='par_1_115' title="bbox 2162 5036 3718 5163">
     <span class='ocr_line' id='line_1_118' title="bbox 2162 5036 2649 5090; baseline -0.004 -17"><span class='ocrx_word' id='word_1_916' title='bbox 2162 5036 2250 5090; x_wconf 69' lang='grc' dir='ltr'>δδ)</span> <span class='ocrx_word' id='word_1_917' title='bbox 2283 5036 2431 5090; x_wconf 72' lang='lat' dir='ltr'>Lege</span> <span class='ocrx_word' id='word_1_918' title='bbox 2460 5037 2649 5071; x_wconf 86' lang='grc' dir='ltr'>αυτου.</span> 
     </span>
     <span class='ocr_line' id='line_1_119' title="bbox 2162 5086 3718 5163; baseline 0.002 -18"><span class='ocrx_word' id='word_1_919' title='bbox 2162 5093 2253 5163; x_wconf 81' lang='grc'>84)</span> <span class='ocrx_word' id='word_1_920' title='bbox 2289 5089 2633 5163; x_wconf 84' lang='lat' dir='ltr'>Basiliensis</span> <span class='ocrx_word' id='word_1_921' title='bbox 2664 5093 2721 5143; x_wconf 91' lang='lat' dir='ltr'>et</span> <span class='ocrx_word' id='word_1_922' title='bbox 2751 5088 3130 5163; x_wconf 77' lang='lat' dir='ltr'>Anglicanus,</span> <span class='ocrx_word' id='word_1_923' title='bbox 3171 5087 3216 5143; x_wconf 90' lang='grc' dir='ltr'>εἰ</span> <span class='ocrx_word' id='word_1_924' title='bbox 3250 5086 3307 5142; x_wconf 80' lang='grc' dir='ltr'>δὲ</span> <span class='ocrx_word' id='word_1_925' title='bbox 3330 5090 3456 5163; x_wconf 68' lang='grc' dir='ltr'>τήν.</span> <span class='ocrx_word' id='word_1_926' title='bbox 3513 5093 3718 5148; x_wconf 69' lang='lat' dir='ltr'>Caeteri</span> 
     </span>
    </p>
   </div>
   <div class='ocr_carea' id='block_1_116' title="bbox 2071 5160 3719 5232">
    <p class='ocr_par' dir='ltr' id='par_1_116' title="bbox 2071 5160 3719 5232">
     <span class='ocr_line' id='line_1_120' title="bbox 2071 5160 3719 5232; baseline -0.001 -13"><span class='ocrx_word' id='word_1_927' title='bbox 2071 5160 2216 5219; x_wconf 74' lang='lat' dir='ltr'>mss.</span> <span class='ocrx_word' id='word_1_928' title='bbox 2237 5160 2306 5218; x_wconf 86' lang='lat' dir='ltr'>et</span> <span class='ocrx_word' id='word_1_929' title='bbox 2336 5161 2514 5217; x_wconf 90' lang='lat' dir='ltr'>editio</span> <span class='ocrx_word' id='word_1_930' title='bbox 2544 5160 3008 5232; x_wconf 81' lang='lat' dir='ltr'>Commeliniana</span> <span class='ocrx_word' id='word_1_931' title='bbox 3042 5162 3255 5217; x_wconf 88' lang='lat' dir='ltr'>habent</span> <span class='ocrx_word' id='word_1_932' title='bbox 3282 5161 3442 5232; x_wconf 80' lang='grc' dir='ltr'>αὐτή.</span> <span class='ocrx_word' id='word_1_933' title='bbox 3485 5166 3594 5220; x_wconf 85' lang='lat' dir='ltr'>Sed</span> <span class='ocrx_word' id='word_1_934' title='bbox 3626 5164 3719 5218; x_wconf 83' lang='grc' dir='ltr'>αὐ-</span> 
     </span>
    </p>
   </div>
   <div class='ocr_carea' id='block_1_117' title="bbox 2068 5231 3717 5311">
    <p class='ocr_par' dir='ltr' id='par_1_117' title="bbox 2068 5231 3717 5311">
     <span class='ocr_line' id='line_1_121' title="bbox 2068 5231 3717 5311; baseline 0.002 -22"><span class='ocrx_word' id='word_1_935' title='bbox 2068 5233 2151 5311; x_wconf 28' lang='grc' dir='ltr'>τῇ-</span> <span class='ocrx_word' id='word_1_936' title='bbox 2168 5235 2504 5311; x_wconf 75' lang='lat' dir='ltr'>legendum,</span> <span class='ocrx_word' id='word_1_937' title='bbox 2541 5239 2604 5311; x_wconf 82' lang='lat' dir='ltr'>ut</span> <span class='ocrx_word' id='word_1_938' title='bbox 2632 5237 2805 5311; x_wconf 79' lang='lat' dir='ltr'>antea</span> <span class='ocrx_word' id='word_1_939' title='bbox 2837 5231 3156 5311; x_wconf 39' lang='lat' dir='ltr'>legitur‘tip</span> <span class='ocrx_word' id='word_1_940' title='bbox 3187 5233 3380 5311; x_wconf 50' lang='grc' dir='ltr'>ἐάᾳς),</span> <span class='ocrx_word' id='word_1_941' title='bbox 3411 5231 3472 5291; x_wconf 87' lang='lat' dir='ltr'>et</span> <span class='ocrx_word' id='word_1_942' title='bbox 3502 5233 3717 5311; x_wconf 75' lang='grc' dir='ltr'>ἄλλοις.</span> 
     </span>
    </p>
   </div>
   <div class='ocr_carea' id='block_1_118' title="bbox 2073 5301 3720 5375">
    <p class='ocr_par' dir='ltr' id='par_1_118' title="bbox 2073 5301 3720 5375">
     <span class='ocr_line' id='line_1_122' title="bbox 2073 5301 3720 5375; baseline 0.001 -13"><span class='ocrx_word' id='word_1_943' title='bbox 2073 5301 2292 5363; x_wconf 71' lang='grc' dir='ltr'>Ιθὶάεῖη</span> <span class='ocrx_word' id='word_1_944' title='bbox 2329 5304 2504 5359; x_wconf 87' lang='lat' dir='ltr'>Basil.</span> <span class='ocrx_word' id='word_1_945' title='bbox 2537 5301 2999 5375; x_wconf 11' lang='lat' dir='ltr'>etgAnglican’us,</span> <span class='ocrx_word' id='word_1_946' title='bbox 3031 5301 3164 5374; x_wconf 70' lang='grc' dir='ltr'>αὕτη</span> <span class='ocrx_word' id='word_1_947' title='bbox 3201 5301 3397 5375; x_wconf 61' lang='grc' dir='ltr'>ἂνεῖη.</span> <span class='ocrx_word' id='word_1_948' title='bbox 3432 5312 3597 5363; x_wconf 85' lang='lat' dir='ltr'>Forte</span> <span class='ocrx_word' id='word_1_949' title='bbox 3614 5309 3720 5363; x_wconf 89' lang='lat' dir='ltr'>ali-</span> 
     </span>
    </p>
   </div>
   <div class='ocr_carea' id='block_1_119' title="bbox 2072 5373 3722 5448">
    <p class='ocr_par' dir='ltr' id='par_1_119' title="bbox 2072 5373 3722 5448">
     <span class='ocr_line' id='line_1_123' title="bbox 2072 5373 3722 5448; baseline 0 -14"><span class='ocrx_word' id='word_1_950' title='bbox 2072 5387 2158 5434; x_wconf 88' lang='lat' dir='ltr'>ter</span> <span class='ocrx_word' id='word_1_951' title='bbox 2189 5379 2345 5448; x_wconf 87' lang='lat' dir='ltr'>hune</span> <span class='ocrx_word' id='word_1_952' title='bbox 2375 5376 2569 5430; x_wconf 91' lang='lat' dir='ltr'>locum</span> <span class='ocrx_word' id='word_1_953' title='bbox 2602 5373 2742 5446; x_wconf 83' lang='lat' dir='ltr'>legit</span> <span class='ocrx_word' id='word_1_954' title='bbox 2772 5374 3057 5448; x_wconf 86' lang='lat' dir='ltr'>Nannius,</span> <span class='ocrx_word' id='word_1_955' title='bbox 3084 5380 3251 5448; x_wconf 82' lang='lat' dir='ltr'>cujus</span> <span class='ocrx_word' id='word_1_956' title='bbox 3275 5373 3396 5434; x_wconf 67' lang='lat' dir='ltr'>haec</span> <span class='ocrx_word' id='word_1_957' title='bbox 3418 5385 3506 5435; x_wconf 89' lang='lat' dir='ltr'>est</span> <span class='ocrx_word' id='word_1_958' title='bbox 3533 5380 3722 5435; x_wconf 89' lang='lat' dir='ltr'>versio</span> 
     </span>
    </p>
   </div>
   <div class='ocr_carea' id='block_1_120' title="bbox 2074 5447 3720 5522">
    <p class='ocr_par' dir='ltr' id='par_1_120' title="bbox 2074 5447 3720 5522">
     <span class='ocr_line' id='line_1_124' title="bbox 2074 5447 3720 5522; baseline 0.001 -17"><span class='ocrx_word' id='word_1_959' title='bbox 2074 5455 2206 5522; x_wconf 85' lang='lat' dir='ltr'>post</span> <span class='ocrx_word' id='word_1_960' title='bbox 2236 5447 2288 5501; x_wconf 83' lang='grc' dir='ltr'>ἐν</span> <span class='ocrx_word' id='word_1_961' title='bbox 2319 5450 2398 5515; x_wconf 80' lang='grc' dir='ltr'>τῷ</span> <span class='ocrx_word' id='word_1_962' title='bbox 2428 5448 2735 5522; x_wconf 63' lang='grc' dir='ltr'>πατυσμῷ</span> <span class='ocrx_word' id='word_1_963' title='bbox 2762 5462 2775 5500; x_wconf 90' lang='lat'><strong>:</strong></span> <span class='ocrx_word' id='word_1_964' title='bbox 2810 5447 2948 5515; x_wconf 85' lang='lat' dir='ltr'>Ergo</span> <span class='ocrx_word' id='word_1_965' title='bbox 2975 5451 3024 5501; x_wconf 79' lang='lat' dir='ltr'>si</span> <span class='ocrx_word' id='word_1_966' title='bbox 3087 5447 3278 5522; x_wconf 78' lang='lat' dir='ltr'>Unitas</span> <span class='ocrx_word' id='word_1_967' title='bbox 3335 5466 3392 5505; x_wconf 78' lang='lat' dir='ltr'>se</span> <span class='ocrx_word' id='word_1_968' title='bbox 3443 5449 3720 5518; x_wconf 76' lang='lat' dir='ltr'>dilatavit,</span> 
     </span>
    </p>
   </div>
   <div class='ocr_carea' id='block_1_121' title="bbox 2073 5517 3720 5594">
    <p class='ocr_par' dir='ltr' id='par_1_121' title="bbox 2073 5517 3720 5594">
     <span class='ocr_line' id='line_1_125' title="bbox 2073 5517 3720 5594; baseline 0.001 -17"><span class='ocrx_word' id='word_1_969' title='bbox 2073 5517 2260 5578; x_wconf 71' lang='lat' dir='ltr'>eadem</span> <span class='ocrx_word' id='word_1_970' title='bbox 2289 5520 2459 5588; x_wconf 68' lang='lat' dir='ltr'>fuerit</span> <span class='ocrx_word' id='word_1_971' title='bbox 2475 5519 2589 5582; x_wconf 80' lang='lat' dir='ltr'>iam</span> <span class='ocrx_word' id='word_1_972' title='bbox 2613 5517 3000 5590; x_wconf 74' lang='lat' dir='ltr'>dilatata,quaz</span> <span class='ocrx_word' id='word_1_973' title='bbox 3032 5530 3159 5576; x_wconf 76' lang='lat' dir='ltr'>ante</span> <span class='ocrx_word' id='word_1_974' title='bbox 3187 5521 3572 5576; x_wconf 77' lang='lat' dir='ltr'>dilatationem</span> <span class='ocrx_word' id='word_1_975' title='bbox 3597 5525 3720 5594; x_wconf 84' lang='lat' dir='ltr'>fue-</span> 
     </span>
    </p>
   </div>
   <div class='ocr_carea' id='block_1_122' title="bbox 2073 5597 2180 5649">
    <p class='ocr_par' dir='ltr' id='par_1_122' title="bbox 2073 5597 2180 5649">
     <span class='ocr_line' id='line_1_126' title="bbox 2073 5597 2180 5649; baseline -0.028 0"><span class='ocrx_word' id='word_1_976' title='bbox 2073 5597 2180 5649; x_wconf 87' lang='lat' dir='ltr'>rat.</span> 
     </span>
    </p>
   </div>
   <div class='ocr_carea' id='block_1_123' title="bbox 2145 5656 3723 5736">
    <p class='ocr_par' dir='ltr' id='par_1_123' title="bbox 2145 5656 3723 5736">
     <span class='ocr_line' id='line_1_127' title="bbox 2145 5656 3723 5736; baseline -0.006 -18"><span class='ocrx_word' id='word_1_977' title='bbox 2145 5663 2259 5736; x_wconf 64' lang='lat' dir='ltr'>(S5)</span> <span class='ocrx_word' id='word_1_978' title='bbox 2292 5660 2386 5736; x_wconf 85' lang='lat' dir='ltr'>Sic</span> <span class='ocrx_word' id='word_1_979' title='bbox 2415 5663 2558 5736; x_wconf 72' lang='lat' dir='ltr'>Reg,</span> <span class='ocrx_word' id='word_1_980' title='bbox 2599 5663 2658 5714; x_wconf 91' lang='lat' dir='ltr'>et</span> <span class='ocrx_word' id='word_1_981' title='bbox 2685 5661 2812 5736; x_wconf 77' lang='lat' dir='ltr'>Seg.</span> <span class='ocrx_word' id='word_1_982' title='bbox 2849 5663 2923 5716; x_wconf 83' lang='lat' dir='ltr'>At</span> <span class='ocrx_word' id='word_1_983' title='bbox 2952 5659 3052 5716; x_wconf 87' lang='lat' dir='ltr'>alii</span> <span class='ocrx_word' id='word_1_984' title='bbox 3084 5664 3141 5716; x_wconf 93' lang='lat' dir='ltr'>et</span> <span class='ocrx_word' id='word_1_985' title='bbox 3172 5661 3332 5732; x_wconf 87' lang='lat' dir='ltr'>editi,</span> <span class='ocrx_word' id='word_1_986' title='bbox 3367 5656 3598 5736; x_wconf 81' lang='grc' dir='ltr'>ἔρεσθαι.</span> <span class='ocrx_word' id='word_1_987' title='bbox 3633 5663 3723 5722; x_wconf 88' lang='lat' dir='ltr'>In-</span> 
     </span>
    </p>
   </div>
   <div class='ocr_carea' id='block_1_124' title="bbox 2076 5726 2796 5807">
    <p class='ocr_par' dir='ltr' id='par_1_124' title="bbox 2076 5726 2796 5807">
     <span class='ocr_line' id='line_1_128' title="bbox 2076 5726 2796 5807; baseline -0.014 -9"><span class='ocrx_word' id='word_1_988' title='bbox 2076 5726 2166 5798; x_wconf 52' lang='lat' dir='ltr'>fre;</span> <span class='ocrx_word' id='word_1_989' title='bbox 2195 5726 2430 5807; x_wconf 66' lang='lat' dir='ltr'>Regius,</span> <span class='ocrx_word' id='word_1_990' title='bbox 2463 5726 2668 5807; x_wconf 70' lang='grc' dir='ltr'>ἀνάγκη</span> <span class='ocrx_word' id='word_1_991' title='bbox 2695 5726 2796 5789; x_wconf 74' lang='grc' dir='ltr'>δεῖ.</span> 
     </span>
    </p>
   </div>
  </div>
