4076 6380
413 422 536 484 487

972 425 1039 486 S.
1083 425 1509 486 ATHANASII
1554 425 1726 487 OPP.
1776 419 1977 484 PARS
2020 417 2070 478 Ι.
2102 448 2180 462 -—
2209 415 2629 478 HISTORIGA
2673 417 2776 478 ET
2818 416 3297 483 DOGMATICA.

3714 426 3832 491 488

426 572 604 628 quam
638 555 930 612 dilatetur.
963 557 1018 612 Si
1054 562 1116 611 ut
1146 557 1398 612 Verbuir
1436 562 1492 612 et
1533 557 1790 628 Spiritus
1813 571 1945 610 cum
1970 553 2042 608 ίΙίι

2182 548 2244 602 τὸ
2287 546 2437 617 αὐτὸ,
2499 545 2627 601 ἀλλ’
2685 545 2902 624 ὕστερον
2951 549 3380 624 πλατυνόμενον,
3430 552 3576 629 ἕγειν
3627 557 3828 634 ἀνάγκη

419 649 598 715 esset,
630 650 1050 718 praposterum
1098 650 1188 702 est
1233 646 1425 701 dicere
1460 646 1790 702 Unitatem:
1839 643 2071 712 deinde,

2182 633 2264 690 δεῖ
2293 637 2390 704 τήν
2424 635 2620 705 αἰτίαν,
2648 633 2718 689 δι’
2760 638 2820 704 ἣν
2871 639 2960 692 καὶ
3005 638 3338 711 ἐπλατύνθη.
3392 642 3457 699 Εἰ
3492 644 3588 716 μὲν
3617 644 3711 700 οὖν
3737 633 3828 703 θίνα

418 732 726 790 dilatatam
760 749 908 790 esse.
942 733 1057 788 Nec
1106 733 1261 788 enim
1298 734 1590 804 posterius
1620 738 1708 790 est
1729 732 1985 789 Verbum
2017 747 2042 787 e

2180 723 2354 798 Λόγος
2411 724 2500 778 καὶ
2561 728 2777 798 Πνεῦμα
2825 729 2958 800 συνῇ
3007 726 3176 802 αὐτῷ,
3224 730 3473 806 περιττὸν
3515 733 3580 788 τὸ
3625 733 3828 810 λέγειν,

417 822 692 895 Spiritus,
725 822 826 878 sed
860 838 1114 894 semper,
1148 839 1219 877 ne
1247 821 1515 878 videlicet
1543 823 1697 878 Deus
1729 821 1854 876 sine
1885 820 2070 876 Verbo

415 928 519 968 seu
551 911 776 967 ratione
806 927 934 966 esse
966 914 1225 983 putetur,
1258 911 1342 965 uti
1375 911 1639 966 sentiunt
1670 909 1891 966 Ariani.
1917 909 2068 972 Quo-

413 1000 586 1068 circa,
619 999 668 1056 si
702 1016 935 1072 semper
966 999 1076 1055 fuit
1120 1000 1371 1056 Verbum
1423 1004 1479 1055 et
1533 999 1805 1071 Spiritus,
1838 1012 2070 1069 semper

414 1105 648 1162 quoque
679 1088 924 1145 dilatata
956 1088 1086 1156 fuit,
1120 1105 1233 1144 non
1265 1092 1463 1144 autem
1501 1088 1759 1160 primum
1793 1087 1904 1142 fuit
1935 1085 2070 1141 Uni-

409 1181 522 1235 tas.
557 1178 722 1242 Quod
754 1177 800 1234 si
837 1177 1132 1249 posterius
1154 1177 1398 1233 dilatata
1425 1182 1536 1245 est,
1563 1175 1850 1250 posterius
1882 1175 2069 1247 igitur

412 1272 503 1324 est
527 1266 808 1323 Verbum.
842 1267 897 1321 Si
947 1282 1080 1322 vero
1131 1269 1369 1339 propter
1415 1265 1687 1322 humanae
1719 1268 1939 1321 natura;
1972 1280 2064 1320 as-

411 1355 810 1429 sumptionem
844 1354 1088 1410 dilatata
1117 1357 1224 1422 est,
1273 1359 1532 1426 tuncque
1577 1354 1730 1410 facta
1757 1357 1846 1410 est
1874 1352 2064 1408 Trini-

410 1450 548 1501 tas:
599 1443 781 1516 igitur
829 1447 961 1499 ante
1008 1447 1278 1499 naturam
1316 1443 1638 1500 humanam
1695 1447 2063 1514 assumptam

410 1534 674 1591 nondum
704 1536 827 1588 erat
855 1531 1130 1589 Trinitas.
1167 1533 1304 1589 Inde
1333 1532 1472 1589 item
1506 1538 1782 1606 sequetur
1811 1537 1875 1588 ut
1894 1535 2066 1588 Pater

410 1638 544 1678 caro
575 1621 766 1678 factus
815 1621 914 1687 sit,
966 1637 1174 1693 nempe
1224 1621 1373 1693 ipse,
1405 1622 1504 1694 qui
1538 1623 1747 1678 Unitas
1777 1625 1920 1688 erat,
1957 1621 2063 1676 bo-

413 1710 631 1768 minem
665 1710 1019 1767 assumenda
1050 1710 1330 1767 dilatatus
1362 1715 1452 1766 est
1478 1727 1490 1766 :
1539 1711 1639 1783 qui
1671 1719 1724 1767 et
1754 1710 1909 1766 idem
1941 1710 2062 1765 for-

405 1801 584 1858 tassis
615 1799 821 1856 Unitas
852 1804 1054 1872 postea
1088 1800 1217 1870 erit,
1251 1804 1310 1856 et
1340 1816 1496 1869 caro,
1529 1805 1606 1871 et,
1639 1800 1793 1872 quod
1818 1798 2060 1855 tertium

2181 814 2366 874 Μονάς
2397 814 2529 887 (86)·
2564 814 2695 902 εἶτα,
2756 812 3088 902 ἐπλατυνθη.
3123 818 3195 873 Οὐ
3227 819 3331 894 γὰρ
3383 819 3602 898 ὕστερον
3649 824 3824 902 Λόγος

2177 902 2267 956 καὶ
2318 905 2558 974 Πνεῦμα,
2605 900 2733 958 ἀλλ’
2779 902 2882 965 ἀεὶ,
2935 901 3027 959 ’ίνα
3101 907 3176 979 μή
3212 908 3411 984 ἄλογος
3444 911 3472 965 6
3500 913 3629 975 Θεὸς
3697 900 3831 970 κατά

2171 989 2302 1052 τοὺς
2335 989 2667 1064 Ἀρειανούς.
2697 992 2873 1062 Ὥστε,
2903 991 2947 1046 εί
2979 994 3059 1048 ἀεὶ
3092 994 3159 1063 ἦν
3204 997 3380 1072 Λόγος
3434 1000 3525 1054 καὶ
3585 1005 3824 1076 Πνεῦμα,

2179 1080 2259 1134 αεὶ
2289 1078 2542 1149 πλατεῖα,
2600 1079 2689 1134 καὶ
2738 1081 2802 1134 οὗ
2850 1085 3068 1156 πρῶτον
3119 1085 3325 1147 Μονάς.
3381 1086 3444 1143 Εἰ
3495 1085 3553 1143 δὶ
3601 1088 3820 1167 ὕστερον

2177 1167 2510 1239 ὲπλατύνθη,
2570 1166 2788 1244 ὕστερον
2838 1168 2928 1223 καὶ
2975 1170 3167 1248 Λόγος.
3228 1173 3292 1230 Εἰ
3333 1172 3390 1230 δὲ
3421 1172 3511 1231 διὰ
3541 1179 3641 1248 τὴν
3676 1166 3822 1236 ἐναν-

2177 1257 2472 1346 θρώπησιν
2529 1256 2878 1328 ἐπλατύνθη,
2929 1260 3032 1346 καὶ,
3078 1260 3263 1338 γέγονε
3311 1263 3436 1320 τότε
3475 1265 3663 1340 Τριᾶς·
3718 1267 3820 1346 ἄρα

2173 1346 2278 1420 πρὸ
2307 1353 2409 1416 τῆς
2459 1345 2918 1422 ἐνανθρωπήσεως
2969 1344 3124 1404 οῦπω
3174 1350 3241 1420 ἦν
3286 1354 3467 1426 Τριάς.
3512 1344 3818 1427 Φανήσεται

2174 1432 2231 1489 δὲ
2263 1437 2291 1490 ὁ
2322 1436 2508 1509 Πατὴρ
2569 1437 2680 1509 (87)
2730 1437 2820 1489 καὶ
2865 1438 3100 1513 γεγονὼς
3134 1441 3282 1515 σὰρξ,
3317 1438 3427 1518 εἰίίε
3455 1445 3641 1512 αὐτὸς,
3701 1453 3817 1502 Μο-

2172 1524 2264 1586 νὰς
2295 1523 2392 1593 ὣν,
2427 1523 2478 1578 ἐν
2511 1528 2589 1596 τῷ
2619 1523 2892 1600 ἀνθρώπῳ
2932 1525 3261 1599 ἐπλατύνθη·
3291 1530 3382 1585 καὶ
3427 1531 3574 1608 τάχα
3621 1533 3816 1591 λοιπὸν

2171 1613 2351 1675 Μονὰς
2401 1609 2546 1668 ἔσται
2598 1611 2685 1668 καί
2737 1613 2886 1688 σὰρξ,
2940 1613 3050 1686 καί,
3101 1617 3164 1672 τὸ
3200 1618 3407 1692 τρίτον,
3441 1626 3680 1696 Πνεῦμαο
3711 1621 3820 1700 εἷ’γε

2171 1703 2332 1764 αὐτὸς
2364 1701 2696 1773 ἐπλατύνθη·
2728 1696 2873 1757 ἔσται
2905 1701 2962 1758 δὲ
3001 1705 3090 1759 καὶ
3136 1706 3363 1780 ὀνόματι
3418 1711 3582 1783 μόνον
3631 1696 3816 1788 Τριάς.

2169 1791 2235 1849 Εἰ
2268 1789 2324 1846 δὲ
2357 1789 2446 1846 διὰ
2474 1792 2536 1846 τὸ
2583 1791 2760 1846 κτίσαι
2810 1790 3144 1867 ἐπλατύνθη,
3187 1793 3410 1857 ἄτοπον.
3444 1803 3676 1858 Δυνατὸν
3709 1803 3812 1879 γὰρ

403 1894 515 1960 est,
545 1887 822 1961 Spiritus,
855 1888 905 1945 si
937 1905 1146 1960 nempe
1192 1888 1322 1961 ipse
1367 1894 1458 1945 est
1488 1889 1589 1960 qui
1619 1888 1902 1945 dilatatus
1931 1891 2021 1944 est

2168 1879 2254 1950 ἦν,
2287 1879 2374 1935 καὶ
2405 1877 2628 1936 Μονάδα
2678 1879 2940 1953 μένουσαν
2993 1881 3159 1952 αὐτὴν
3389 1889 3564 1944 πάντα
3614 1877 3812 1946 ποιεῖν’

2207 1968 2220 1986 9
2302 1970 2316 1986 \
2392 1969 2407 1986 τ
2452 1965 2476 1986 ᾗ
2519 1970 2533 1986 ι
2605 1968 2633 1986 Ὗ
2760 1969 2781 1986 κ
2842 1985 2846 1986 ,
3015 1975 3040 1986 η-
3102 1973 3116 1986 ι
3178 1979 3226 1986 --
3305 1976 3318 1986 ‘
3471 1974 3540 1986 ια.
3595 1979 3608 1986 -
3759 1981 3769 1986 -

403 1979 473 2036 ad
509 1977 753 2052 proinde
784 1976 908 2034 solo
949 1977 1186 2034 nomine
1215 1977 1472 2034 Trinitas
1513 1978 1710 2034 futura
1740 1981 1848 2034 est.
1893 1977 2058 2044 Quod

401 2067 451 2123 si
483 2067 554 2123 ad
588 2067 908 2122 creandum
939 2067 1187 2123 dilatata
1209 2067 1460 2136 dicatur,
1494 2066 1549 2122 id
1587 2083 1816 2138 quoque
1845 2067 2057 2122 absur-

401 2156 542 2211 dum
569 2156 680 2211 est.
711 2154 858 2210 Fieri
881 2153 1038 2210 enim
1064 2159 1292 2227 poterat
1315 2161 1377 2210 ut
1401 2155 1532 2228 ipsa
1556 2171 1802 2211 manens
1825 2154 2056 2224 Unitas,

401 2244 598 2300 omnia
612 2243 885 2298 efﬁceret.
917 2242 1202 2299 Necenim
1234 2243 1574 2298 dilatatione
1595 2241 1895 2315 indigebat
1913 2242 2055 2297 Uni-

399 2337 512 2402 tas,
540 2348 645 2388 nec
678 2331 914 2386 inﬁrma
960 2335 1085 2387 erat
1129 2332 1476 2404 priusquam
1509 2330 1871 2386 dilataretur.
1905 2331 2054 2386 Nam

403 2420 722 2476 absurdum
742 2426 799 2475 et
826 2418 1075 2490 impium
1089 2424 1178 2474 est
1208 2419 1261 2473 id
1290 2419 1360 2474 de
1383 2419 1498 2475 Deo
1531 2418 1747 2474 sentire
1769 2419 2052 2474 etdicere.

397 2507 568 2565 Aliud
601 2508 843 2580 insuper
873 2508 1196 2563 absurdum
1225 2507 1360 2562 inde
1391 2512 1801 2579 consequetur.
1824 2507 2052 2563 Sienim

393 2613 588 2653 rerum
642 2599 970 2652 creatarum
1021 2595 1209 2668 gratia
1263 2595 1505 2651 dilatata
1528 2602 1656 2663 est;
1709 2595 1755 2652 si
1793 2596 2051 2668 quandiu

2167 1968 2228 2023 οὗ
2257 1970 2357 2044 γὰρ
2389 1965 2574 2038 ἐνδεὴς
2600 1968 2665 2037 ἦν
2716 1969 3043 2044 πλατυσμοῦ
3088 1973 3122 2042 ἠ
3175 1976 3376 2048 Μονὰς,
3427 1974 3555 2033 οὐδὲ
3583 1979 3813 2051 ἀσθενής

2166 2059 2230 2142 ἦν
2262 2057 2370 2132 πρὸ
2403 2059 2513 2131 (89)
2563 2061 2659 2111 τοῦ
2707 2055 3098 2129 πλατυνθῆναι.
3149 2064 3385 2119 Ἄτοπον
3430 2067 3530 2142 γὰρ
3561 2068 3651 2122 καὶ
3685 2069 3812 2126 ἀσε-

2165 2141 2254 2208 ϐὲς
2284 2147 2445 2201 τοῦτό
2491 2167 2553 2221 γε
2603 2145 2689 2201 ἐπὶ
2739 2152 2873 2202 Θεοῦ
2922 2155 3062 2204 νοεῖν
3103 2151 3192 2206 καὶ
3228 2141 3808 2231 λέγειν.ν²Ακολουθή-

2165 2257 2242 2290 σει
2272 2233 2329 2290 δὲ
2353 2234 2443 2290 καὶ
2492 2233 2634 2290 ἄλλο
2685 2236 2908 2292 ἄτοπον.
2959 2238 3021 2295 El
3076 2239 3179 2316 γὰρ
3237 2244 3350 2315 (90)
3383 2240 3473 2298 διὰ
3500 2246 3600 2314 τήν
3631 2247 3805 2304 κτίσιν

2163 2322 2490 2394 ἐπλατύνθη,
2524 2323 2626 2386 ἕως
2656 2321 2713 2379 δὶ
2743 2327 2917 2388 Μονὰς
2946 2327 3036 2399 ἦν,
3069 2327 3169 2384 οὐκ
3198 2331 3264 2399 ἦν
3311 2333 3345 2402 ἡ
3397 2332 3590 2398 κτίσις·
3641 2335 3806 2394 πάλιν

2163 2409 2220 2467 δὲ
2253 2417 2358 2484 (91)
2391 2411 2537 2468 ἔσται
2573 2413 2705 2486 μετὰ
2734 2415 2834 2483 τήν
2865 2416 3170 2472 συντέλειαν
3205 2421 3384 2484 Μονὰς
3413 2422 3518 2478 ἀπὸ
3565 2423 3810 2482 πλατυσ-

2165 2507 2294 2574 μοῦσ
2328 2502 2731 2577 ἀναιρεθήσεται
2787 2505 2876 2558 καὶ
2928 2507 2961 2574 ἡ
3003 2505 3199 2570 κτίσις.
3253 2516 3451 2585 ’Ὠσπερ
3495 2512 3596 2588 γὰρ
3629 2511 3717 2569 διὰ
3745 2517 3808 2570 τὸ

2160 2590 2335 2646 κτίσαι
2369 2590 2698 2660 ἐπλατύνθη,
2734 2590 2896 2646 οὕτω·
2942 2598 3258 2668 παυομένου
3309 2603 3404 2654 τοῦ
3459 2600 3804 2676 πλατυσμοῦ,

398 2688 524 2740 erat
552 2683 778 2748 Unitas,
814 2682 989 2740 nullae
1018 2689 1184 2740 erant
1214 2700 1305 2740 res
1337 2688 1540 2739 creatas
1575 2701 1588 2739 :
1632 2700 1766 2739 cum
1791 2689 1922 2756 post
1944 2683 2042 2738 ab-

2161 2679 2418 2735 παύσεται
2447 2681 2536 2734 καὶ
2568 2683 2602 2751 ἡ
2635 2680 2828 2742 κτίσις.

391 2771 644 2829 solutam
675 2772 1049 2841 creationem,
1082 2789 1287 2828 rursus
1329 2789 1360 2828 e
1405 2772 1648 2828 dilatata
1682 2772 1802 2828 ﬁeri
1861 2773 2072 2829 debeat
2116 2771 2324 2826 Unitas
2357 2788 2371 2839 ;
2408 2773 2608 2842 utique
2663 2771 3017 2827 delebuntur
3067 2790 3298 2846 quoque
3349 2793 3443 2835 res
3472 2786 3698 2838 creatae.
3735 2787 3808 2840 Ut

391 2861 548 2918 enim
581 2861 814 2918 creandi
845 2879 1026 2917 causa
1055 2861 1296 2918 dilatata
1323 2867 1450 2930 est;
1485 2862 1564 2918 ita
1596 2878 1729 2919 cum
1762 2861 2008 2918 dilatata
2049 2875 2178 2917 esse
2208 2860 2456 2926 desinet,
2487 2860 2764 2916 exsistere
2794 2860 3066 2916 similiter
3095 2863 3362 2920 desinent
3387 2883 3478 2923 res
3509 2875 3731 2927 creatae.

465 2951 551 3008 15.
585 2951 715 3008 Hac
749 2950 944 3022 itaque
975 2951 1232 3007 absurda
1251 2967 1318 3007 ex
1339 2952 1440 3008 illa
1469 2953 1730 3009 orientur
1750 2952 2042 3024 opinione,

2228 2949 2315 3005 45.
2351 2950 2588 3004 Τοιαῦτα
2622 2949 2715 3022 μὲν
2749 2948 2839 3004 οὖν
2865 2951 3036 3006 ἄτοπα
3067 2953 3126 3008 ἐκ
3155 2955 3249 3007 τοῦ
3291 2951 3652 3012 πλατύνεσθαι
3710 2957 3804 3015 λέ-

393 3058 511 3114 qua
537 3040 742 3096 Unitas
772 3039 832 3095 in
866 3039 1214 3097 Trinitatem
1264 3040 1496 3098 dilatari
1541 3042 1775 3098 dicitur.
1802 3041 2042 3108 Quando

2161 3057 2268 3112 γειν
2322 3036 2399 3099 εἷς
2431 3034 2640 3112 Τριάδα
2681 3040 2779 3108 τήν
2834 3038 3060 3097 Μονάδα
3108 3042 3420 3113 ἀπαντήσει.
3469 3043 3691 3117 Ἐπειδή
3745 3045 3803 3104 δὲ

391 3145 530 3186 vero
561 3129 661 3201 qui
709 3129 794 3184 ita
841 3129 1125 3197 sentiunt,
1158 3130 1417 3186 Verbum
1461 3137 1518 3186 et
1551 3131 1757 3186 Filium
1790 3130 2042 3186 dividere

2161 3127 2206 3181 οἱ
2234 3129 2346 3199 (92)
2375 3131 2534 3182 τοῦτο
2595 3125 2842 3202 λέγοντες
2895 3128 3145 3202 τολμῶσι
3198 3128 3422 3206 διαιρεῖν
3484 3133 3658 3208 Λόγον
3708 3138 3799 3192 καὶ

393 3217 632 3284 audent,
668 3217 1144 3288 contenduntque
1168 3216 1327 3273 aliud
1346 3234 1474 3274 esse
1497 3220 1839 3288 Verbum,et
1859 3217 2041 3274 alium

2161 3214 2300 3287 Γὶὸν,
2330 3215 2420 3270 καὶ
2452 3213 2626 3291 λέγειν
2687 3214 2856 3270 ἄλλον
2913 3219 3008 3290 μὲν
3063 3218 3195 3274 εἶναι
3245 3219 3335 3274 τὸν
3384 3219 3580 3296 Λόγον,
3612 3223 3796 3301 ἓτερον

392 3279 629 3374 Filium,
655 3305 818 3378 prius
847 3279 1104 3362 Verbum
1155 3323 1304 3377 esse,
1365 3308 1574 3363 deinde
1631 3279 1840 3363 Filium
1868 3325 1881 3363 :
1912 3322 2037 3378 age,

2161 3301 2210 3358 δὲ
2240 3279 2328 3358 τόν
2363 3305 2504 3372 Υὶὸν,
2527 3279 2628 3359 ’καὶ
2657 3279 2923 3380 πρότερον
2957 3309 3049 3380 μὲν
3101 3309 3232 3362 εἶναι
3284 3309 3374 3364 τὸν
3431 3279 3627 3387 Λόγοῑν,
3685 3279 3799 3370 εἶτα

388 3397 506 3454 ista
534 3412 791 3468 quoque,
843 3396 893 3453 si
926 3397 1135 3468 placet.
1169 3399 1626 3469 perpendamus.
1663 3397 1824 3454 Varia
1845 3403 2041 3454 autem

2161 3393 2239 3447 τὸν
2273 3393 2393 3448 Υἱόν
2444 3395 2578 3468 (93)·
2629 3395 2775 3472 φερε,
2826 3395 2915 3450 καὶ
2970 3397 3093 3473 περὶ
3137 3396 3344 3452 τούτων
3383 3395 3607 3472 ἴδωμεν,
3642 3408 3792 3460 Ἐστι

387 3483 623 3540 illorum
650 3491 740 3541 est
787 3484 1116 3541 temeritas.
1166 3485 1277 3540 Alii
1307 3485 1464 3541 enim
1501 3486 1823 3557 hominem,
1865 3502 2040 3558 quem

2161 3479 2207 3536 5‘s
2235 3481 2440 3536 τούτων
2476 3479 2732 3567 διάφορος
2763 3485 2797 3553 ἠ
2848 3483 3049 3557 τόλμα.
3084 3487 3150 3543 Oi
3186 3487 3280 3559 μὶν
3327 3485 3430 3563 γὰρ
3460 3489 3552 3542 τὸν
3585 3487 3797 3567 ἅνθρω-

383 3573 644 3630 Salvator
663 3574 1225 3646 assumpsit,Filium
1259 3591 1387 3630 esse
1417 3575 1656 3631 volunt:
1689 3575 1787 3631 alii
1816 3580 2041 3631 utrum-

2161 3591 2271 3638 ιτον,
2316 3573 2372 3624 ὅν
2406 3566 2657 3626 ἀνέλαϐεν
2690 3574 2717 3626 ὁ
2760 3574 2978 3647 Σωτὴρ,
3035 3573 3192 3629 αὐτὸν
3245 3574 3377 3630 εἶναι
3404 3577 3494 3632 τὸν
3529 3578 3653 3634 Υἱὸν
3689 3566 3794 3635 7λᾶ-

385 3677 521 3734 que,
553 3679 765 3734 nempe
795 3663 1094 3720 hominem
1127 3669 1184 3719 et
1212 3663 1492 3730 Verbum,
1523 3670 1665 3720 tunc
1694 3664 1899 3721 Filium
1953 3665 2040 3720 fa-

2161 3678 2346 3735 (ουσιψ
2383 3660 2434 3714 οἳ
2467 3657 2524 3713 δὲ
2571 3661 2631 3714 τὸ
2678 3661 3096 3739 συναμφότερον,
3146 3663 3239 3718 τόν
3294 3685 3352 3718 τε
3383 3663 3665 3740 ἄνθρωπον
3701 3670 3795 3723 καὶ

384 3756 547 3807 ctum
609 3751 792 3807 fuisse
852 3757 1084 3824 putant,
1133 3768 1269 3808 cum
1320 3753 1468 3808 inler
1498 3769 1559 3808 se
1588 3753 1840 3824 copulati
1875 3757 2033 3809 sunt.

378 3837 491 3895 Alii
524 3843 714 3895 autem
747 3840 1107 3896 arbitrantur
1131 3840 1328 3912 ipsum
1361 3841 1615 3896 Verbum
1649 3845 1788 3896 tunc
1825 3841 2034 3897 Filium

381 3929 597 3985 factum
632 3945 782 3998 esse,
816 3946 950 3984 cum
1007 3928 1181 3985 homo
1235 3930 1420 3985 factus
1453 3938 1578 3986 est:
1635 3930 1937 4002 Siquidem
1965 3946 2033 3987 ex

380 4018 583 4089 Verbo,
611 4019 908 4090 inquiunt,
941 4019 1128 4074 factus
1185 4023 1274 4074 est
1330 4018 1533 4086 Filius,
1568 4018 1669 4090 qui
1712 4025 1884 4074 antea
1916 4036 2030 4075 non

379 4107 586 4176 Filius,
619 4109 720 4164 sed
777 4109 1060 4163 duntaxat
1095 4107 1349 4162 Verbum
1383 4113 1531 4162 erat.
1576 4111 1753 4163 Porro
1785 4112 2032 4181 uterque

376 4210 538 4252 error
566 4196 893 4253 Stoicorum
929 4201 1040 4264 est,
1073 4213 1189 4268 quo
1243 4201 1300 4251 et
1345 4197 1494 4251 Deus
1524 4197 1758 4251 dilatari
1792 4196 2026 4265 dicitur,

376 4289 434 4341 et
464 4284 642 4342 Filius
675 4285 828 4342 498
862 4290 1131 4358 negatur.
1157 4284 1337 4340 Valde
1360 4289 1560 4341 autem
1593 4284 1735 4340 illud
1762 4285 2028 4358 ineptum

374 4379 465 4428 est
493 4375 676 4445 quod,
709 4390 842 4430 cum
899 4374 1156 4430 Verbum
1218 4380 1541 4446 agnoscant
1595 4378 1652 4430 et
1700 4375 2028 4447 nominent,

375 4459 574 4533 ipsum
611 4461 820 4518 Filium
849 4479 977 4518 esse
997 4461 1342 4518 inﬁtiantur.
1378 4463 1687 4520 Enimvero
1709 4463 1758 4520 si
1775 4463 2028 4520 Verbum

373 4565 442 4604 ex
489 4552 603 4606 Deo
652 4566 768 4606 non
827 4554 1002 4621 esset,
1045 4550 1203 4606 haud
1252 4551 1547 4608 immerito
1589 4552 1782 4624 ipsum
1813 4551 2026 4610 Filium

2142 3748 2234 3802 τὸν
2270 3748 2462 3823 Λόγον,
2523 3749 2645 3804 Υἱὸν
2699 3751 2824 3805 τότε
2875 3754 3216 3826 γεγενῆσθαι,
3281 3753 3369 3810 ὅτε
3419 3757 3788 3834 συνήφθησαν.

2143 3836 2344 3892 Ἀλλοι
2381 3835 2436 3892 δὲ
2468 3837 2599 3892 εἰσιν
2631 3840 2682 3892 οἱ
2716 3837 2981 3914 λέγοντες,
3014 3840 3172 3896 αὐτὸν
3199 3844 3289 3897 τὸν
3324 3842 3494 3920 Λόγον
3525 3844 3644 3900 τότε
3663 3847 3788 3902 Υἱὸν

2142 3927 2489 4000 γεγενῆσθαι,
2521 3928 2609 3982 ὅτε
2641 3925 3076 4003 ἐνηνθρώπησεν.
3113 3929 3246 3984 ’Λπὸ
3277 3932 3377 4006 γὰρ
3411 3931 3608 4008 Λόγου,
3635 3936 3786 4011 φασὶ,

2138 4014 2347 4088 γὲγονεν
2382 4014 2522 4081 Υἱὸς,
2557 4013 2656 4068 οὐκ
2686 4011 2760 4068 ὤν
2791 4014 3053 4089 πρότερον
3088 4017 3231 4085 Υἱὸς,
3282 4017 3428 4073 ἀλλὰ
3476 4019 3649 4096 Λόγος
3683 4024 3787 4095 μό-

2139 4123 2247 4158 νον.
2283 4105 2499 4157 Στωϊκά
2553 4104 2648 4176 μὲν
2708 4105 2797 4157 οὖν
2856 4103 3156 4182 ἀμφότερα,
3204 4105 3266 4160 τό
3313 4127 3372 4161 τε
3420 4105 3783 4175 πλατύνεσθαι

2139 4189 2311 4267 λέγειν
2342 4192 2434 4247 τὸν
2487 4192 2638 4262 Θεὸν,
2692 4193 2780 4247 καὶ
2814 4193 3092 4268 ἀρνεεσθαι
3122 4195 3214 4249 τὸν
3245 4194 3390 4252 Υἱόν.
3421 4198 3571 4253 Κατᾶ
3598 4219 3786 4275 περιτ-

2135 4282 2228 4335 τὸν
2273 4278 2329 4336 δὲ
2385 4280 2617 4351 ἀνόητον
2650 4326 2667 4354 ,
2713 4281 2794 4336 ὅτι
2836 4281 3193 4356 ὀνομάζοντες
3251 4283 3443 4359 Λόγον,
3499 4285 3788 4361 ἀρνοῦνται

2136 4369 2294 4426 αὐτὸν
2327 4370 2449 4425 Υἱὸν
2483 4371 2639 4426 εἶναι.
2691 4369 2754 4424 Εἰ
2813 4371 2906 4444 μὶν
2957 4370 3057 4448 γὰρ
3113 4371 3211 4426 οὐκ
3240 4367 3378 4428 ἔστιν
3412 4373 3474 4428 ἐκ
3503 4379 3600 4431 τοῦ
3652 4380 3793 4432 Θεοῦ

2136 4459 2164 4513 6
2197 4459 2394 4536 Λόγος,
2416 4459 2639 4522 εἰκότως
2692 4457 2750 4513 ἂν
2806 4459 2962 4515 αὐτὸν
2999 4461 3249 4536 ἀρνοῖντο
3281 4463 3412 4518 εἶναι
3446 4463 3599 4537 Υζόν·
3635 4462 3680 4520 εἴ
3730 4463 3792 4522 δὲ

2137 4549 2196 4605 ἐκ
2222 4552 2318 4604 τοῦ
2349 4553 2483 4605 Θεοῦ
2514 4547 2646 4620 ἐστι,
2677 4546 2768 4604 διὰ
2792 4549 2845 4604 τί
2880 4551 2956 4623 μὴ
2991 4555 3315 4627 συνορῶσιν,
3349 4553 3432 4608 ὅτι
3460 4553 3522 4608 τὸ
3545 4551 3603 4609 ἔκ
3629 4575 3788 4620 τινος

371 4654 503 4696 esse
528 4642 830 4710 negarent.
863 4640 935 4694 At
961 4639 1009 4694 si
1043 4655 1111 4694 ex
1143 4639 1258 4695 Deo
1289 4644 1511 4705 est,cur
1528 4655 1642 4695 non
1666 4639 2032 4712 perspiciunt

2161 4638 2384 4715 ιπάρχον
2435 4640 2554 4700 υἱός
2606 4637 2746 4694 ἐστιν
2783 4637 3012 4710 ἐκείνου,
3056 4639 3108 4712 ἐξ
3163 4642 3224 4695 οὗ
3272 4641 3362 4696 καὶ
3417 4636 3598 4713 iis-rw;
3652 4643 3788 4699 Εἶτα

375 4727 456 4798 id,
489 4728 646 4801 quod
678 4744 746 4784 ex
774 4727 974 4800 aliquo
1000 4727 1248 4794 exsistit,
1283 4728 1472 4784 ﬁlium
1502 4729 1632 4800 ejus
1663 4745 1792 4786 esse
1818 4746 1886 4786 ex
1913 4746 2030 4802 quo

377 4816 516 4874 est?
544 4815 782 4888 Deinde,
816 4817 867 4874 si
917 4817 1086 4874 Verbi
1116 4815 1271 4874 Deus
1307 4820 1480 4874 Pater
1508 4823 1617 4886 est,
1649 4817 1855 4891 quidni
1883 4818 2029 4876 Ver-

448 5112 561 5185 (86)
591 5111 803 5185 Regius
860 5109 1381 5185 etSegueriauus,
1442 5107 1648 5185 Μονάς*
1681 5107 1840 5185 εἶτα,
1891 5113 2027 5185 etc.,

370 5183 588 5257 puncto
605 5183 771 5257 inter
799 5183 983 5245 Μονάς
1014 5183 1071 5240 et
1101 5183 1213 5238 εἶτα
1274 5183 1646 5257 interposito.
1664 5183 1774 5237 Alii
1819 5189 1876 5239 et
1901 5183 2028 5257 edi;

372 5253 438 5322 ti,
474 5254 657 5314 Μονὰς
701 5255 830 5319 εἶτα,
881 5261 1016 5320 etc.,
1069 5253 1455 5323 conjunctim‘.
1511 5253 1689 5309 Paulo
1733 5260 1864 5326 post
1895 5256 2026 5324 Reg.

371 5332 502 5400 Seg.
535 5333 593 5400 et
621 5329 786 5400 Gobl.
823 5325 1023 5400 αλογος
1055 5328 1082 5380 ὁ
1117 5328 1268 5400 Sed:
1301 5328 1411 5400 Alii
1452 5337 1510 5381 et
1571 5325 1750 5400 editi;
1774 5325 1800 5378 6
1861 5327 2030 5400 omit-

371 5395 523 5470 tunt.
550 5398 696 5470 Ibid.
731 5398 868 5470 Reg.
902 5395 1029 5470 Seg.
1063 5400 1228 5456 Gobl.
1261 5397 1438 5470 Basil.
1476 5400 1532 5453 et
1582 5395 1912 5469 Anglican.,
1958 5397 2024 5466 ἦν

371 5468 897 5543 Λόγοςηαωῑῖθτὶ-βι
924 5468 1084 5541 editi,
1118 5471 1184 5539 ἦν
1213 5471 1240 5525 ὁ
1277 5468 1480 5543 Λόγος..
1685 5468 1696 5543 ί
1945 5491 1947 5493 ‘

440 5539 554 5624 (87)
583 5542 678 5597 Sic
711 5542 928 5668 Regsius
961 5539 1137 5599 codex
1168 5548 1224 5600 et
1245 5539 1737 5614 Seguerianus.At
1759 5539 1856 5595 alii
1891 5556 2025 5597 cum

449 5618 569 5668 Itis.
599 5611 689 5667 καὶ
722 5609 779 5667 δὲ
874 5614 1085 5668 Πατήρ.

369 5609 569 5686 editis,
593 5611 689 5686 καὶ
722 5609 779 5667 δὲ
874 5614 1085 5686 Πατήρ.

442 5680 562 5756 (88)
583 5685 677 5757 Sic
697 5680 1113 5757 Basiliensis'et
1135 5683 1492 5757 Anglicanus
1511 5680 1800 5757 atque‘ita
1822 5699 2024 5757 emen-

373 5753 578 5813 datum
608 5755 670 5812 in
702 5755 983 5830 Regio.At
1013 5757 1113 5814 alii
1142 5761 1200 5812 et
1228 5753 1405 5812 editio
1429 5753 2020 5828 Commeliniana,pev

2141 4725 2195 4782 εἶ’
2214 4731 2312 4783 τοῦ
2343 4729 2522 4804 Λόγου
2555 4730 2741 4804 Πατήρ
2773 4727 2913 4785 ἐστιν
2948 4729 2976 4783 6
3009 4729 3164 4799 Θεὸς,
3223 4729 3312 4785 διὰ
3365 4729 3419 4786 τί
3481 4732 3556 4805 μὴ
3615 4733 3705 4787 καὶ
3756 4733 3787 4788 6

2139 4815 2311 4894 Λόγος
2341 4817 2464 4882 Υἱὸς
2513 4815 2572 4872 ἂν
2626 4815 2710 4889 εἴη
2756 4821 2855 4873 τοῦ
2899 4819 3088 4874 ἑαυτοῦ
3139 4818 3385 4895 Πατρός;
3440 4822 3625 4897 Πατήρ
3682 4822 3787 4898 γὰρ

2140 5130 2323 5260 (ἴυῗὲὄῇ
2353 5182 2448 5238 Sic
2479 5197 2624 5237 mss.
2659 5180 2721 5237 In
2783 5182 3038 5238 editione
3094 5190 3288 5240 autem
3352 5183 3630 5242 Commel.
3678 5184 3788 5260 πρό

2137 5255 2321 5310 deest.

2207 5327 2319 5406 (90)
2352 5321 2659 5406 I‘o'zp‘abes‘t
2693 5340 2726 5379 a
2757 5324 3455 5406 Sa_sil.met__Angli_cano;
3514 5329 3612 5399 qui
3671 5331 3790 5385 An-
3881 5403 3884 5406 γ

2135 5392 2269 5470 ειίο.
2303 5392 2441 5470 mox'
2467 5394 2664 5470 liabet,
2691 5394 2780 5448 καὶ
2813 5395 2887 5470 ᾡς
2922 5392 2980 5449 δὲ
3029 5392 3220 5460 Μονὰξ
3246 5399 3336 5468 ἦν.

2207 5467 2444 5544 (91)_S_ic
2475 5465 2693 5544 Regius
2721 5472 2777 5522 et
2806 5469 3199 5544 seguerianus
3232 5465 3450 5544 aliique
3481 5487 3624 5544 mss,
3643 5488 3794 5544 pras-

2207 5488 2316 5538 wl)
2351 5488 2444 5521 Sic
2475 5488 2693 5549 negius
2721 5488 2777 5522 et
2806 5488 3199 5552 beguerianus
3232 5488 3450 5554 aliique
3481 5488 3680 5595 mss?

2133 5545 2222 5596 tcr
2253 5539 2506 5595 Felckm.
2543 5555 2825 5610 primum.
2866 5541 2924 5596 ln
2957 5541 3088 5599 alus
3118 5549 3174 5599 et
3206 5544 3381 5598 editis
3404 5544 3569 5600 deest
3600 5538 3628 5596 δ
3667 5585 3679 5598 .

2203 5611 2316 5703 (9.2)
2351 5611 2487 5734 Reg.
2518 5611 2653 5736 Seg.
2687 5616 2744 5668 et
2772 5613 3020 5685 Anglic.,
3057 5611 3278 5684 Ἐπειδὴ
3304 5611 3362 5668 δὲ
3395 5614 3466 5672 οἱ.
3501 5613 3699 5671 Casteri
3733 5617 3798 5670 et

2207 5688 2269 5736 ιιι
2323 5685 2431 5735 Επε
2488 5677 2545 5734 δε
2575 5701 2602 5735 ο
2636 5725 2648 5736 .

2131 5677 2269 5741 editi
2301 5677 2462 5735 Ἐπεῖ
2488 5677 2545 5734 δὲ
2575 5677 2648 5738 οἷ.

2202 5754 2316 5828 (93)
2346 5753 2682 5812 Basiliensis
2703 5758 2762 5811 et
2792 5753 3173 5829 Anglicanus,
3221 5757 3332 5813 εἶτα
3360 5754 3417 5812 δὶ
3439 5756 3531 5813 τὸν
3565 5755 3710 5812 Υὶόν.
