4076 6412
283 506 401 567 489
1400 496 1694 560 ORATIO
1740 496 1819 555 ιν
1864 496 1955 557 CO

2077 495 2172 555 ΗΑ
2222 496 2589 556 ABIANDS.
3581 498 3701 559 490

280 635 367 697 τίς
422 633 533 688 ἐστι
588 631 679 687 καὶ
735 628 973 706 λέγεται,
1026 629 1089 683 οὗ
1135 626 1277 684 ἐστιν
1325 627 1353 682 6
1386 626 1524 689 υἱός·
1572 625 1664 681 καὶ
1712 625 1827 687 υἱός
1851 624 1935 687 τίς

2070 643 2215 694 )um,
2246 627 2339 684 sui
2369 626 2561 683 Patris
2592 625 2775 683 Filius
2819 625 3043 683 fuerit?
3073 626 3367 699 siquidem
3411 630 3578 700 pater
3595 624 3703 687 ille

283 724 397 780 ἐστι
427 722 517 779 καὶ
551 722 768 798 λέγεται
817 718 1049 793 ἐκείνου,
1080 740 1143 774 ου
1189 717 1331 773 ἐστιν
1364 718 1392 772 6
1418 717 1620 792 πατήρ.
1672 715 1733 772 Εἰ
1763 713 1944 770 τοίνυν

2070 719 2144 772 ast
2173 721 2229 772 et
2255 715 2470 773 dicitur
2500 716 2650 787 ejus,
2684 714 2786 787 qui
2815 731 2961 772 suus
2991 718 3081 773 est
3108 714 3269 773 ﬁlius
3298 731 3312 771 :
3344 719 3403 773 et
3428 717 3705 776 similiter

282 812 382 870 τοῦ
429 810 668 889 Χριστοῦ
717 809 817 866 οὐκ
860 807 972 865 ἔστι
1016 808 1207 883 Πατὴρ
1259 809 1286 863 6
1334 806 1483 877 Θεὸς,
1536 803 1661 860 οὐδὲ
1710 803 1738 858 6
1769 803 1945 880 Λόγος

2070 803 2213 861 ilius
2242 804 2342 861 ille
2388 808 2479 861 est
2508 809 2565 860 et
2608 803 2826 860 dicitur
2871 805 3023 877 ejus,
3055 804 3158 877 qui
3207 822 3355 864 suus
3398 812 3489 865 est
3514 811 3698 882 pater.

285 904 414 966 Υἱὸς
443 888 504 957 ἂν
533 900 601 958 εἷ’·
637 899 682 955 εί
731 897 791 956 δὲ
837 899 1028 975 Πατὴρ
1059 899 1088 953 6
1115 898 1244 960 Θεὸς
1293 897 1430 971 (94),
1481 890 1703 956 εἷ’κὸτως
1752 891 1811 948 ἂν
1857 888 1941 965 εἴη

2070 895 2419 967 Quapropter
2447 893 2498 949 si
2527 893 2682 950 Deus
2711 909 2825 950 non
2855 897 2947 951 est
2965 893 3179 951 Christi
3201 895 3389 964 Pater,
3419 911 3527 954 nec
3554 896 3703 955 Ver—

284 992 377 1048 καὶ
408 992 438 1047 6
468 988 645 1067 Λόγος
672 987 818 1051 Υἱός.
849 987 914 1043 El
945 983 1003 1041 δὲ
1047 985 1266 1063 ὕστερον
1304 985 1398 1059 μέν
1447 984 1635 1060 Ιῐατὴρ
1667 982 1758 1038 καὶ
1788 985 1944 1057 πρῶ-

284 1103 378 1138 τον
427 1080 598 1149 Θεὸς,
647 1079 942 1155 ’Λρειανῶν
997 1077 1092 1151 μὶν
1149 1077 1266 1149 (95)
1296 1075 1358 1130 τό
1413 1072 1706 1152 φρόνημα·
1761 1068 1945 1127 ἔπειτα

286 1171 493 1229 ἄτοπον
549 1164 981 1245 μεταϐάλλεσθαι
1022 1168 1115 1223 τὸν
1167 1167 1314 1222 Θεόν·
1367 1164 1676 1239 σωματικὸν
1726 1163 1852 1240 γάρ·
1896 1160 1942 1218 εί

286 1261 347 1319 δὲ
377 1262 560 1338 ὥσπερ
600 1259 688 1316 ἐπὶ
734 1265 835 1329 τῆς
879 1257 1107 1319 κτίσεως
1153 1256 1375 1331 ὕστερον
1424 1254 1686 1325 ποιητὴς,
1744 1247 1940 1338 ἴστίον,

284 1352 370 1408 ὅτι
414 1335 541 1407 τῶν.
572 1348 874 1425 γινομένων
925 1350 1037 1419 (96)
1089 1344 1307 1422 ὕστερόν
1361 1344 1502 1401 ἐστιν
1541 1344 1578 1414 ἠ
1634 1335 1940 1416 μεταϐολὴ,

287 1441 419 1517 οὐχὶ
449 1444 547 1496 τοῦ
577 1436 733 1495 Θεοῦ.

286 1534 616 1589 creatarum
648 1530 841 1586 lactus
871 1529 962 1584 est
989 1525 1201 1600 opifex,
1235 1524 1384 1583 scire
1414 1540 1601 1599 operis
1633 1521 1888 1596 pretium
1918 1522 2009 1579 est

287 1623 467 1693 ﬁunt,
499 1619 816 1707 pertinere.

364 1730 451 1785 16.
486 1725 551 1781 Εἴ
583 1725 678 1798 μὶν
730 1721 826 1778 οὖν
872 1719 1089 1794 ποίημα
1135 1721 1225 1776 καὶ
1257 1721 1285 1775 6
1316 1721 1439 1783 Υἱὸς
1490 1720 1627 1794 (97),
1671 1715 1855 1780 καλῶς
1887 1712 1946 1771 ἂν

286 1815 510 1893 ὕστερον
538 1814 731 1889 Πατὴρ
750 1812 853 1868 »καὶ
884 1810 967 1866 ἐπ’
998 1810 1180 1867 αὐτοῦ·
1219 1809 1264 1866 εἰ
1297 1807 1354 1865 δὲ
1383 1809 1446 1865 οὗ
1496 1808 1711 1883 ποίημα
1741 1808 1770 1863 6
1799 1807 1949 1875 Υἱὸς,

286 1906 372 1962 ἀεὶ
404 1903 507 1980 ἄρα
535 1904 564 1959 6
597 1903 811 1978 Πατὴρ,
842 1900 925 1956 ἀεὶ
955 1899 1045 1956 καὶ
1078 1900 1106 1955 6
1129 1898 1276 1963 Υἱός.
1311 1898 1373 1956 Εἰ
1407 1896 1464 1955 δὲ
1490 1898 1571 1954 ἀεὶ
1603 1899 1632 1954 6
1662 1898 1785 1960 Υἱὸς
1808 1897 1946 1970 (98),

289 1994 452 2057 αὐτὸς
483 1992 543 2047 ἂν
574 1988 660 2062 εἴη
688 1991 716 2046 6
756 1990 961 2065 Λόγος.
994 1989 1064 2044 Εἴ
1104 1990 1207 2065 γὰρ
1256 1989 1333 2062 μὴ
1380 1988 1504 2050 Υἱὸς
1554 1984 1638 2058 εἷή
1672 1987 1699 2041 6
1749 1986 1949 2061 Λόγος,

285 2085 381 2140 καί
411 2081 573 2138 τοῦτό
601 2101 684 2142 τις
732 2077 1065 2151 ἀποτολμῶν
1118 2075 1281 2133 εἷ’ποι·
1316 2077 1352 2146 ἢ
1382 2078 1473 2133 τὸν
1522 2075 1699 2151 Λόγον
1736 2074 1949 2149 ΙΙατέρα

291 2171 465 2247 λέγει,
493 2171 529 2240 ἢ
550 2169 646 2226 τὸν
678 2168 802 2223 Υὶὸν
849 2166 1131 2244 κρείττονα
1175 2170 1273 2221 τοῦ
1322 2165 1520 2241 Λόγου.
1551 2168 1657 2220 Τοῦ
1684 2162 1786 2242 γὰρ
1818 2162 1947 2218 Υἱοῦ

2051 983 2195 1039 bum
2222 980 2406 1039 Filius
2436 997 2565 1039 esse
2593 987 2805 1055 potest.
2833 983 2946 1039 Sed
2978 984 3030 1040 si
3066 982 3237 1041 Pater
3254 989 3346 1042 est
3363 984 3540 1058 Deus,
3569 1000 3705 1044 vere

2053 1075 2112 1128 et
2137 1071 2396 1128 Verbum
2444 1070 2625 1128 Filius
2674 1076 2783 1129 est.
2816 1072 2980 1141 Quod
3030 1073 3082 1130 si
3109 1076 3314 1147 postea
3356 1073 3529 1132 Pater
3574 1091 3703 1133 esse

2052 1160 2306 1231 dicatur,
2353 1172 2492 1219 cum
2539 1159 2801 1234 primum
2850 1161 3006 1220 Deus
3052 1165 3227 1236 esset,
3272 1163 3394 1220 haec
3440 1164 3573 1238 ipsa
3618 1168 3709 1222 est

2050 1250 2405 1307 Arianorum
2450 1250 2738 1308 doctrina.
2771 1252 2884 1310 Sed
2936 1256 3217 1327 praeterea
3263 1253 3589 1312 absurdum
3619 1256 3709 1311 est

2050 1343 2236 1399 Deum
2268 1341 2485 1400 mutari
2518 1358 2531 1399 :
2565 1359 2704 1401 nam
2736 1342 2795 1400 id
2828 1359 3172 1418 corporeum
3202 1347 3310 1403 est.
3342 1346 3406 1403 Si
3456 1360 3591 1403 vero
3617 1361 3707 1402 re-

2051 1432 2384 1504 spondeant
2403 1433 2633 1490 Patrem
2653 1432 2783 1489 Filii
2806 1434 3029 1491 factum
3052 1441 3275 1505 esse,ut
3292 1438 3493 1508 postea
3511 1451 3709 1492 rerum

2053 1521 2445 1579 mutationem
2476 1539 2591 1579 non
2619 1523 2693 1579 ad
2739 1527 2945 1592 Deum,
2977 1523 3077 1581 sed
3110 1525 3184 1581 ad
3216 1540 3305 1592 ea,
3338 1540 3466 1597 qum
3509 1528 3713 1598 postea

2132 1717 2218 1775 16.
2251 1718 2617 1792 Quapropter
2644 1718 2695 1776 si
2743 1718 2925 1777 Filius
2973 1722 3129 1778 esset
3155 1736 3335 1793 opus;
3369 1723 3523 1778 recte
3568 1736 3714 1793 quo-

2059 1824 2173 1880 que
2201 1811 2374 1865 Pater
2400 1809 2529 1880 ejus
2558 1812 2764 1881 postea
2791 1809 3141 1867 efﬁceretur.
3162 1810 3270 1866 Sed
3302 1808 3353 1867 si
3385 1809 3565 1869 Filius
3594 1827 3712 1868 non

2058 1901 2149 1954 est
2173 1914 2343 1971 opus,
2374 1914 2608 1972 semper
2635 1913 2774 1972 ergo
2804 1898 2996 1971 Pater,
3026 1915 3261 1972 semper
3288 1902 3347 1957 et
3392 1899 3571 1957 Filius
3601 1904 3709 1958 est.

2056 1986 2115 2042 Si
2139 2003 2312 2060 porro
2342 2003 2578 2061 semper
2606 1992 2696 2045 est
2724 1987 2926 2057 Filius,
2955 1988 3154 2061 ipsum
3184 2004 3326 2046 sane
3364 1989 3543 2046 fuerit
3571 1993 3712 2046 Ver-

2056 2074 2222 2133 bum.
2254 2076 2381 2133 Nisi
2410 2076 2568 2133 enim
2598 2076 2860 2134 Verbum
2912 2075 3094 2135 Filius
3125 2077 3303 2135 fuerit
3334 2093 3348 2135 :
3381 2077 3482 2151 qui
3510 2078 3571 2135 id
3603 2094 3713 2136 au-

2058 2164 2221 2221 debit
2250 2181 2484 2238 negare,
2517 2165 2685 2223 fateri
2738 2182 2873 2223 eum
2904 2182 3144 2226 necesse
3190 2170 3280 2224 est
3323 2166 3409 2224 vel
3455 2167 3715 2225 Verbum

291 2261 349 2317 ἐν
381 2259 618 2322 κόλποις
649 2255 803 2321 ὄντος
831 2261 927 2312 τοῦ
977 2254 1216 2333 ΙΙατρὸς,
1248 2253 1455 2330 ἀνάγκη
1491 2253 1525 2324 ἢ
1570 2256 1646 2329 μὴ
1679 2253 1812 2310 εἶναι
1842 2251 1949 2329 πρὸ

2070 2254 2287 2312 Patrem
2322 2270 2451 2311 esse
2477 2272 2491 2324 ;
2515 2254 2604 2311 vel
2626 2253 2839 2312 Filium
2860 2255 3053 2313 Verbo
3074 2271 3205 2313 esse
3224 2257 3713 2330 prestantiorem.

295 2351 431 2406 Υἱοῦ
460 2350 698 2424 τὸν
742 2349 935 2425 Λόγον·
982 2344 1136 2402 οὐδὲν
1184 2344 1284 2423 γάρ
1337 2345 1446 2401 ἔστι
1494 2345 1601 2420 πρὸ
1647 2348 1745 2400 τοῦ
1789 2339 1944 2406 ὄντος

292 2441 352 2497 ἒτ
373 2443 454 2511 τῷ
486 2435 679 2514 ΙΙατρί·
712 2437 747 2507 ἢ
781 2435 827 2491 εί
858 2437 886 2490 6
917 2435 1092 2513 Λόγος
1123 2432 1296 2498 ἄλλος
1337 2432 1450 2490 ἐστὶ
1492 2433 1638 2511 παρὰ
1672 2433 1765 2490 τὸν
1800 2432 1946 2506 Υἱὸν,

292 2532 323 2586 6
357 2528 533 2605 Λόγος
571 2525 631 2583 ἂν
665 2520 752 2596 εἷή
787 2527 814 2581 6
846 2526 1062 2600 Πατὴρ,
1092 2524 1149 2581 ἅτ
1180 2525 1227 2598 ᾧ
1258 2522 1398 2580 ἐστιν
1427 2525 1456 2579 6
1487 2522 1633 2587 Υἱός.
1667 2522 1731 2579 El
1764 2519 1822 2579 δὲ
1851 2523 1952 2579 οὐκ

294 2613 439 2675 ἔστιν
466 2617 494 2672 6
526 2615 700 2693 Λόγος
728 2615 944 2690 Πατὴρ,
974 2612 1120 2670 ἀλλᾶ
1149 2612 1343 2688 Λόγος,
1377 2611 1527 2675 ἐκτὸς
1558 2611 1616 2668 ἂν
1665 2608 1750 2684 εἶή
1783 2611 1812 2667 6
1843 2612 1950 2667 Λό-

293 2726 397 2782 γος
425 2709 523 2761 τοῖ’)
553 2705 792 2778 ῙΙατρὸς,
838 2698 993 2765 ὄντος
1040 2706 1137 2757 τοῦ
1186 2703 1316 2757 Υίοῦ
1349 2701 1401 2758 ιν
1447 2706 1563 2764 τοῖς
1593 2699 1824 2764 κόλποις
1853 2703 1952 2757 τοῦ

299 2794 539 2870 Πατρός.
573 2793 651 2852 Οὐ
681 2794 782 2869 γὰρ
829 2791 1132 2870 ἀμφότερα,
1164 2790 1193 2847 6'
1219 2812 1278 2846 τε
1328 2791 1506 2867 Λόγος
1537 2790 1627 2846 καὶ
1659 2791 1687 2846 ὁ
1718 2791 1866 2863 Υἱὸς,
1903 2788 1955 2845 ἐν

178 2892 181 2893 ⁷
291 2891 417 2948 τοῖς
448 2884 700 2955 κόλποις,
733 2880 861 2938 ἀλλ’
905 2879 1000 2937 ἕνα
1031 2883 1159 2938 εἶναι
1209 2879 1309 2954 δεῖ,
1339 2881 1429 2936 καὶ
1460 2886 1649 2936 τοῦτον
1681 2880 1772 2937 τὸν
1805 2882 1953 2954 Υἱὸν,

294 2974 360 3037 ὅς
390 2973 502 3030 ἐστι
536 2974 853 3050 μονογενής.
905 2971 1010 3029 Καὶ
1055 2970 1245 3044 πάλιν,
1296 2971 1340 3026 εἱ
1387 2968 1558 3032 ἄλλος
1601 2968 1741 3026 ἰστὶν
1787 2972 1815 3025 6
1848 2970 1954 3026 Λό-

299 3086 405 3140 γος
452 3066 550 3139 (1),
599 3062 692 3119 καὶ
741 3060 911 3124 ἄλλος
962 3062 990 3115 6
1038 3061 1181 3133 Υἱὸς,
1240 3058 1498 3135 κρείττων
1548 3061 1894 3137 εὑρεθήσεται
1927 3062 1956 3115 6

301 3154 434 3216 Υἱὸς
480 3157 577 3209 τοῦ
626 3151 822 3226 Λόγου·
877 3148 1057 3213 οὐδεὶς
1109 3151 1209 3227 γὰρ
1267 3150 1521 3226 γινώσκει
1570 3150 1662 3205 τὸν
1717 3151 1955 3227 Πατέρα,

302 3236 355 3297 εἳ
387 3241 461 3314 μή
495 3241 523 3295 6
555 3238 698 3311 Υἱὸς,
733 3236 842 3313 οὐχ
866 3239 894 3292 6
941 3236 1140 3313 Λόγος.
1172 3239 1242 3292 Ἢ
1269 3237 1451 3294 τοίνυν
1485 3236 1583 3293 οὐκ
1612 3234 1749 3294 οἶδεν
1784 3239 1813 3293 6
1840 3234 1957 3295 Λό-

304 3350 432 3405 γος,
463 3328 498 3398 ἢ
532 3327 577 3383 εἰ
609 3324 723 3382 οἶδε
751 3322 948 3400 ψεῦδος
979 3326 1062 3398 τὸ,
1097 3322 1289 3388 Οὐδεὶς
1317 3325 1592 3403 γινώσκει.
1623 3326 1695 3381 Τὸ
1723 3325 1853 3383 αὖτὸ
1900 3322 1959 3382 δὲ

303 3418 399 3475 καὶ
450 3417 539 3473 ἐπὶ
578 3420 698 3486 τοῦ,
747 3417 811 3473 Ὀ
859 3415 1113 3492 ἑωρακὼς
1164 3414 1282 3490 ἐμὲ,
1331 3415 1537 3492 ἑώρακε
1582 3417 1672 3472 τὸν
1723 3414 1958 3494 Πατέρα,

301 3508 420 3577 καὶ,
454 3507 593 3584 Ἐγὼ
641 3503 729 3575 καὶ
762 3505 790 3561 6
820 3505 1010 3579 Πατὴρ
1057 3500 1111 3559 ’ἐν
1161 3504 1341 3578 ἐσμεν·
1392 3505 1522 3560 Υἱοῢ
1568 3506 1669 3581 γάρ
1719 3505 1819 3561 εἰσι
1852 3527 1960 3581 φω-

302 3596 411 3669 ναὶ,
445 3595 534 3650 καὶ
582 3594 644 3649 οὐ
696 3593 875 3670 Λόγου
921 3592 1043 3648 κακ’
1089 3592 1306 3656 αὐτούς·
1354 3590 1522 3664 δῆλον
1573 3591 1645 3687 ᾳδὲ
1696 3593 1802 3651 ἀπὸ
1847 3599 1953 3650 τῶν
1990 3618 2034 3687 C

303 3682 674 3762 Εὐαγγελίων.
708 3681 853 3738 Κατὰ
880 3682 984 3759 γὰρ
1013 3682 1105 3737 τὸν
1140 3680 1395 3754 Ἰωάννην
1447 3687 1543 3756 (2),
1573 3678 1831 3760 λέγοντος
1860 3694 1958 3745 τοῦ

302 3771 527 3847 Κυρίου,
590 3771 729 3846 Ἐγὼ
784 3768 874 3825 καὶ
942 3770 971 3825 6
1030 3771 1217 3844 Πατὴρ
1285 3766 1338 3826 ’έν
1400 3769 1600 3845 ἐσμεν,
1657 3766 1952 3831 ἐϐάστασαν

298 3859 493 3927 λίθους
550 3861 601 3917 o't
660 3857 959 3931 Ἰουδαῖοι,
1014 3856 1107 3914 ’ίνα
1179 3857 1474 3915 λιθάσωσιν
1547 3858 1728 3919 αὐτόν.
1792 3863 1954 3920 Ἀπε-

299 3950 459 4027 κρίθη
508 3949 695 4012 αότοῖς
753 3950 781 4003 6
832 3948 1044 4018 Ἰησοῦς
1078 3966 1090 3980 ·
1153 3945 1350 4005 Πολλὰ
1408 3947 1537 4026 ἔργα
1611 3949 1755 4007 καλὰ
1812 3947 1956 4008 ἔδει-

300 4041 364 4111 ξα
421 4040 548 4113 ὑμῖν
607 4037 666 4093 ἐκ
693 4042 790 4093 τοῦ
844 4035 1078 4111 Πατρός·
1114 4034 1205 4092 διὰ
1258 4042 1424 4093 ποῖον
1484 4038 1659 4095 αὐτῶν
1690 4041 1768 4113 (3)
1798 4039 1952 4119 ἔργον

300 4130 403 4204 ἐμὲ
450 4128 697 4198 λιθάζετε
750 4146 763 4196 ;
827 4124 1221 4203 Ἀπεκρίθησαν
1298 4126 1443 4200 αὐτῷ
1517 4128 1570 4183 οἱ
1646 4126 1950 4186 Ἰουδαῖοι·

300 4218 439 4294 ΙΙερὶ
496 4215 670 4273 καλοῦ
747 4213 911 4292 ἔργου
968 4215 1031 4270 οὐ
1108 4214 1403 4289 λιθάζομέν
1485 4237 1571 4291 σε,
1630 4216 1779 4275 ἀλλὰ
1831 4218 1956 4296 περὶ

307 4305 686 4385 βλασφημίας,
742 4305 833 4361 καὶ
890 4306 969 4376 (4)
1024 4302 1107 4359 ὅτι
1166 4304 1251 4375 σὺ,
1311 4306 1596 4381 ἄνθρωπος
1655 4305 1752 4378 ὣν,
1782 4314 1958 4372 ποιεῖς

302 4397 526 4452 σεαυτὸν
583 4393 710 4451 Θεόν
747 4436 760 4450 .
820 4392 1117 4470 Ἀπεκρίθη
1190 4392 1375 4457 αὐτοῖς
1450 4396 1479 4450 6
1536 4396 1745 4467 Ἰησοῦς
1771 4414 1785 4430 ·
1844 4398 1960 4456 Οὐκ

302 4481 419 4542 ἔστι
474 4482 851 4563 γεγραμμένον
881 4481 933 4537 ἐν
964 4486 1044 4556 τῷ
1100 4481 1254 4557 νόμῳ
1313 4483 1487 4557 ὑμῶν,
1538 4482 1620 4541 ὅτι
1680 4485 1791 4562 ἑγὼ
1815 4487 1958 4556 εἶπα,

307 4576 435 4633 Θεοί
493 4574 611 4630 ἐστε
660 4593 675 4644 ;
720 4572 785 4628 Εἰ
842 4570 1079 4635 ἐκείνους
1139 4572 1254 4628 εἶπε
1327 4572 1531 4647 θεοὺς,
1587 4575 1724 4652 πρὸς
1782 4574 1875 4642 οὓς
1930 4577 1960 4633 6

301 4664 487 4741 Λόγος
534 4666 632 4719 τοῦ
687 4665 823 4719 Θεοῦ
879 4659 1127 4737 ἐγένετο,
1184 4660 1275 4717 καὶ
1328 4661 1391 4717 οὔ
1449 4659 1668 4720 δύναται
1729 4663 1958 4737 λυθῆναι

296 4758 335 4827 ἡ
399 4754 606 4831 Γραφη·
658 4750 718 4808 ὂν
777 4751 805 4806 6
865 4750 1055 4827 Πατὴρ
1114 4749 1306 4828 ἡγίασε
1360 4751 1450 4808 καὶ
1508 4753 1820 4812 ἀπέστειλεν
1885 4754 1962 4819 εἷς

2055 2341 2202 2399 Nam
2236 2358 2372 2399 cum
2421 2341 2601 2401 Filius
2631 2342 2710 2400 sit
2756 2343 2817 2400 in
2849 2344 2986 2401 sinu
3035 2345 3221 2403 Patris
3250 2345 3316 2416 ⁵⁸,
3351 2362 3590 2405 necesse
3627 2350 3719 2405 est

2056 2432 2145 2488 vel
2175 2430 2428 2490 Verbum
2458 2436 2592 2490 ante
2640 2433 2853 2490 Filium
2884 2451 3003 2491 non
3033 2449 3201 2503 esse;
3236 2435 3385 2492 nihil
3437 2437 3598 2495 enim
3628 2442 3720 2495 est

2059 2525 2194 2578 ante
2227 2538 2362 2578 eum
2394 2521 2497 2594 qui
2525 2522 2586 2578 in
2615 2522 2785 2580 Patre
2816 2526 2933 2581 est:
2953 2522 3042 2581 vel
3074 2523 3123 2581 si
3154 2525 3414 2582 Verbum
3445 2524 3605 2583 aliud
3628 2529 3719 2583 est

2061 2614 2270 2684 praeter
2312 2609 2547 2680 Filium,
2579 2610 2849 2683 sequitur
2896 2615 2961 2668 ut
2990 2612 3248 2671 Verbum
3281 2614 3360 2671 sit
3393 2614 3521 2689 ipse
3549 2615 3721 2673 Pater

2061 2700 2122 2755 in
2152 2715 2268 2773 quo
2299 2703 2388 2756 est
2417 2699 2620 2758 Filius.
2656 2701 2819 2766 Quod
2869 2701 2919 2757 si
2949 2702 3209 2759 Verbum
3242 2720 3358 2760 non
3408 2708 3499 2763 est
3524 2706 3716 2773 Pater,

2062 2790 2162 2846 sed
2208 2789 2467 2846 Verbum
2513 2805 2528 2845 :
2581 2789 2765 2863 igitur
2809 2790 3065 2849 Verbum
3115 2797 3205 2850 est
3249 2797 3414 2851 extra
3457 2798 3717 2865 Patrem,

2064 2878 2281 2951 quippe
2332 2895 2465 2935 cum
2511 2878 2694 2935 Filius
2738 2880 2797 2936 in
2843 2880 2977 2937 sinu
3026 2882 3214 2940 Patris
3264 2883 3360 2940 sit.
3393 2884 3510 2940 Nec
3557 2885 3716 2941 enim

2065 2966 2261 3034 ambo,
2285 2983 2497 3040 nempe
2511 2967 2769 3025 Verbum
2790 2973 2849 3026 et
2877 2969 3059 3029 Filius
3082 2971 3141 3026 in
3163 2970 3300 3028 sinu
3330 2972 3523 3030 Patris
3554 2977 3721 3046 sunt,

2065 3056 2166 3112 sed
2207 3073 2392 3112 unum
2437 3073 2565 3113 esse
2611 3061 2862 3131 oportet,
2894 3075 3149 3133 eumque
3198 3061 3430 3134 Filium,
3484 3062 3584 3134 qui
3632 3066 3724 3121 est

2066 3144 2434 3218 Unigenitus.
2468 3146 2718 3217 Rursus,
2749 3147 2800 3204 si
2835 3148 2997 3205 aliud
3045 3154 3136 3206 est
3159 3149 3419 3208 Verbum
3465 3154 3523 3208 et
3569 3151 3722 3209 alius

2070 3233 2269 3308 Filius,
2305 3234 2483 3292 Filius
2512 3235 2701 3293 Verbo
2749 3238 3119 3309 praestantior
3162 3238 3292 3296 erit.
3333 3239 3513 3298 Nemo
3560 3242 3721 3298 enim

2069 3325 2296 3381 Patrem
2317 3325 2620 3398 cognoscit
2646 3324 2764 3392 nisi
2785 3326 2964 3384 Filius
2987 3327 3051 3398 ⁵⁸,
3084 3345 3203 3385 non
3224 3332 3422 3386 autem
3441 3330 3720 3388 Verbum.

2068 3412 2173 3469 Vel
2203 3413 2385 3487 igitur
2414 3413 2645 3471 Patrem
2676 3432 2793 3472 non
2825 3415 2985 3473 novit
3011 3417 3271 3475 Verbum
3296 3442 3311 3486 ;
3340 3418 3431 3475 vel
3460 3418 3511 3475 si
3540 3420 3723 3492 novit,

2069 3500 2216 3559 false
2246 3502 2652 3570 dicitur,Nemo
2682 3506 2855 3562 novit.
2892 3505 3056 3572 Quod
3085 3505 3243 3564 idem
3270 3507 3602 3580 urgendum
3633 3511 3725 3563 est

2070 3592 2142 3648 de
2174 3592 2331 3649 hisce
2358 3592 2574 3664 verbis,
2608 3594 2715 3662 Qui
2760 3594 2902 3650 vidit
2947 3611 3053 3663 me,
3102 3595 3241 3652 vidit
3287 3601 3516 3653 Patrem
3542 3598 3608 3666 ⁵ο,
3643 3600 3720 3668 et,

2072 3685 2257 3751 Egoet
2286 3683 2456 3738 Pater
2486 3698 2661 3738 unum
2689 3699 2884 3739 sumus
2903 3684 2971 3740 ⁸1.
3005 3684 3268 3756 Namque
3283 3685 3371 3742 ha
3390 3703 3562 3743 voces
3595 3684 3722 3742 Filii

2064 3775 2225 3839 sunt,
2257 3787 2375 3827 non
2405 3770 2602 3842 Verbi,
2634 3774 2700 3826 ut
2721 3776 2933 3844 putant
2951 3771 3060 3840 illi,
3084 3773 3265 3846 idque
3294 3791 3363 3831 ex
3392 3774 3720 3848 Evangeliis

2064 3858 2392 3915 dilucidum
2442 3863 2549 3917 est.
2583 3859 2730 3916 Nam
2776 3861 3046 3933 Domino,
3080 3866 3145 3918 ut
3191 3868 3392 3919 narrat
3434 3864 3717 3933 Joannes,

2066 3949 2315 4014 dicente,
2347 3949 2455 4021 Ego
2483 3952 2537 4004 et
2562 3950 2731 4005 Pater
2749 3966 2927 4006 unum
2959 3967 3169 4019 sumus,
3202 3953 3544 4009 sustulerunt
3574 3953 3716 4025 lapi-

2065 4038 2154 4095 des
2175 4037 2390 4106 Judaei,
2421 4039 2480 4093 ut
2508 4037 2827 4110 lapidarent
2879 4055 3026 4096 eum.
3059 4041 3350 4113 Respondit
3393 4043 3472 4098 eis
3513 4044 3671 4099 Jesus
3702 4060 3722 4099 .-

2064 4128 2236 4185 Hulta
2280 4143 2446 4200 opera
2494 4127 2633 4185 bona
2682 4129 2899 4185 ostendi
2946 4129 3098 4186 vobis
3143 4146 3218 4186 ea:
3263 4132 3448 4202 Patre,
3495 4135 3723 4204 propter

2067 4217 2212 4289 quod
2259 4217 2459 4273 bonum
2504 4232 2639 4289 opus
2688 4233 2776 4273 me
2823 4218 3092 4290 lapidatis
3115 4222 3143 4273 .9
3196 4219 3617 4291 Responderunt
3671 4224 3726 4278 ei

2065 4306 2242 4364 Judaei
2282 4322 2301 4361 :
2349 4307 2427 4362 De
2472 4305 2606 4363 bono
2655 4322 2817 4379 opere
2861 4323 2974 4364 non
3022 4307 3332 4380 lapidamus
3378 4314 3451 4381 te,
3510 4309 3606 4367 sed
3652 4310 3727 4369 de

2069 4395 2429 4468 blasphemia,
2458 4402 2510 4451 et
2539 4396 2671 4467 quia
2699 4403 2761 4453 tu
2812 4395 2970 4453 homo
3017 4413 3142 4453 cum
3170 4397 3269 4468 sis,
3299 4399 3439 4471 facis
3485 4400 3727 4469 teipsum

2069 4489 2259 4545 Deum.
2296 4487 2586 4560 Respondit
2631 4489 2711 4544 eis
2759 4489 2914 4545 Iesus
2942 4506 2962 4546 :
2991 4490 3182 4548 Nonne
3221 4492 3496 4563 scriptum
3540 4495 3620 4550 est
3663 4495 3725 4550 in

2071 4578 2189 4648 lege
2221 4583 2418 4647 vestra,
2450 4576 2585 4649 quia
2630 4591 2728 4647 ego
2777 4576 2920 4649 dixi,
2969 4578 3062 4636 Dii
3109 4580 3283 4636 estis?
3310 4580 3373 4638 Si
3415 4582 3542 4639 illos
3581 4582 3729 4640 dixit

2070 4667 2196 4725 deos
2224 4666 2295 4723 ad
2323 4681 2456 4739 quos
2488 4665 2732 4723 Verbum
2774 4669 2885 4724 Dei
2912 4666 3127 4741 factum
3175 4672 3273 4739 est,
3306 4677 3362 4727 et
3400 4686 3513 4729 non
3552 4677 3729 4744 potest

2070 4757 2211 4816 solvi
2238 4755 2527 4829 Scriptum
2556 4773 2576 4813 :
2606 4772 2769 4829 quem
2796 4758 2969 4816 Pater
2994 4760 3359 4831 sanetiﬁcavit
3403 4765 3457 4819 et
3481 4762 3641 4821 misit
3666 4764 3729 4820 in

378 4901 423 4937 ⁸³
454 4899 623 4957 Joan.
652 4914 696 4971 ι,
729 4897 820 4954 18.
894 4897 940 4934 ⁸⁸
969 4896 1174 4954 Matth.
1205 4913 1285 4969 χι,
1314 4898 1406 4955 27.
1483 4900 1530 4937 ⁸ο
1557 4901 1727 4960 Joan.
1759 4917 1874 4973 xxv,
1898 4903 1955 4961 9.

2070 4912 2074 4940 ι
2103 4902 2271 4961 Joan.
2303 4919 2361 4975 ι,
2393 4901 2483 4959 30.

530 5045 771 5121 Regius,
803 5039 848 5121 εί
881 5038 1212 5121 δὶῄὁλΠατῂρ
1245 5042 1272 5098 6
1303 5041 1453 5121 Θεός.

387 5115 501 5192 (95)
536 5115 962 5192 Basiliensisiet
987 5115 1370 5192 anglic'anus,
1395 5115 1669 5192 Ἀρειανὸν
1706 5118 1824 5192 μιν,
1856 5123 1970 5192 etc,

385 5185 501 5264 (96)
533 5188 840 5265 Reg._Seg.
874 5185 1054 5265 Basil.
1088 5185 1147 5244 et
1189 5188 1420 5263 Anglic.
1461 5185 1821 5265 ’γινομένὼνί
1862 5190 1974 5250 Alii

385 5204 501 5264 (νο)
533 5204 673 5316 mag.
707 5204 840 5260 aeg.
874 5204 1054 5244 uasu.
1088 5204 1147 5244 et
1189 5204 1420 5263 angue.
1477 5210 1525 5264 γι

310 5265 595 5345 vemens
638 5261 731 5345 lii.
760 5257 1114 5345 τεξομένυξνλ
1162 5329 1214 5345 ..
1342 5336 1354 5345 .
1487 5333 1525 5345 ..

384 5334 501 5408 (97)
532 5332 630 5389 Sic
653 5329 793 5405 Reg.
826 5329 956 5405 Seg.
992 5336 1051 5388 et
1077 5329 1305 5387 Gobler.
1338 5336 1403 5389 ln
1453 5333 1584 5391 aliis
1634 5338 1693 5393 et
1739 5334 1914 5393 editis
1946 5331 1975 5388 ὁ

312 5409 504 5551 ᾶθῶἓ).
531 5473 847 5551 Regiuset
875 5472 1272 5547 Seguerianus
1316 5471 1397 5528 ἀεὶ
1453 5474 1598 5538 Υἱός.
1664 5477 1866 5536 Ceteri
1923 5480 1981 5535 et

312 5542 494 5619 editi,
525 5542 843 5619 ἀεινίηιιιάςτ

392 5613 523 5694 (99)
538 5616 883 5694 Basiliensis
913 5618 972 5673 et
994 5613 1383 5694 Anglicanus,
1416 5616 1648 5694 1:96:06
1680 5620 1832 5694 nos,
1862 5640 1889 5694 A'

327 5766 339 5779 ο
387 5687 716 5819 (niteﬁius
743 5694 801 5747 et
827 5687 1226 5780 Segueria’nu‘s
1256 5687 1396 5775 ἐστίν
1431 5687 1733 5751 omittunt,
1793 5692 1981 5750 [idem

327 5766 556 5823 ibidem
632 5761 745 5820 asil
775 5765 833 5818 et
861 5758 1082 5832 Anglic.
1115 5779 1213 5832 και
1237 5758 1407 5825 ἀλλος
1439 5762 1589 5826 Υἱός.

325 5779 556 5823 ibidem
584 5779 745 5820 nasu
775 5779 833 5818 et
861 5779 1082 5826 Anglic.
1115 5779 1206 5814 και
1237 5779 1407 5825 αΛΛος
1443 5779 1589 5826 ιἰος.

401 5839 478 5911 (2)
510 5840 652 5909 Reg.
701 5837 833 5906 Seg.
864 5831 1043 5891 Basil.
1073 5831 1378 5905 Anglican.
1427 5835 1659 5896 addunt
1710 5835 1856 5893 Κατὰ
1882 5832 1982 5912 γὰρ

617 5961 883 6025 ΡΑι-ιιοι..
915 5960 1029 6023 Gs.
1070 5957 1283 6026 XXVI.
1382 6028 1408 6053 .

2001 5051 2048 5117 Ι)
2078 5046 2170 5101 τὸν
2205 5044 2487 5117 Ἰωάννην,

2080 5047 2170 5101 τὸν
2205 5047 2487 5117 Ἰωάννην,
2536 5060 2675 5173 quae
2732 5047 2951 5131 absunt
2998 5048 3072 5105 ab
3122 5048 3253 5107 aliis
3299 5053 3357 5109 et
3399 5052 3576 5112 editis
3600 5054 3733 5116 Mox

2080 5123 2221 5202 Reg:
2254 5119 2382 5202 _Seg.
2416 5122 2551 5175 Basi
2583 5158 2596 5173 .
2626 5117 2855 5202 ‘An‘glic.
2886 5110 3179 5176 ἐϐάστασαν
3204 5117 3412 5187 λίθους.
3443 5128 3643 5187 (lateri
3675 5134 3734 5187 et

2082 5186 2227 5266 edi'ti
2252 5186 2548 5266 ἰράστασαν
2580 5189 2683 5266 γὰρ
2709 5186 2922 5266 λίθους.

2155 5263 2234 5345 (3)
2265 5262 2360 5345 Sic
2384 5262 2603 5345 Segius
2621 5262 2985 5345 code§,_Seg.
3037 5263 3219 5325 Basil.
3277 5270 3335 5325 et
3382 5271 3607 5343 Anglic.
3666 5274 3731 5331 In

2087 5332 2225 5392 aliis
2250 5339 2307 5391 et
2334 5332 2506 5391 editis
2532 5336 2696 5391 deest
2725 5332 2921 5388 αὐτῶν.

2157 5406 2234 5531 (4)
2264 5407 2357 5462 Sic
2385 5406 2603 5480 Regius
2648 5412 2723 5492 et.
2761 5406 3177 5491 Seguerianus.
3227 5411 3301 5468 At
3356 5411 3457 5495 alii
3480 5417 3538 5471 et
3562 5415 3730 5491 editi,

2209 5482 2512 5531 omittunt.
2545 5479 2679 5531 Oum
2708 5477 2927 5531 lbidem
2959 5485 3309 5531 sequuntur.
3364 5488 3446 5531 ita
3503 5491 3730 5531 aratum

2086 5477 2679 5552 nal‘omittuntLQua;
2708 5477 2927 5535 ibidem
2955 5485 3309 5552 sequuntur,
3364 5484 3447 5540 ita
3503 5477 3738 5545 exstant

2088 5548 2160 5627 in
2183 5546 2322 5627 Reg.
2343 5550 2491 5627 Sag.
2524 5550 2701 5627 Basil.
2735 5554 2793 5627 et
2821 5546 3062 5627 {\nglic."
3083 5554 3184 5627 sed
3217 5546 3594 5627 in'Anglic.et
3622 5560 3737 5617 Ba-

2092 5618 2166 5694 sil
2197 5618 2361 5694 abest
2389 5618 2472 5694 8ft
2500 5626 2633 5694 ante
2663 5618 2768 5694 ἐγώ
2801 5618 2947 5694 εἶ’παῖ
2975 5624 3175 5679 Castori
3222 5629 3280 5680 et
3308 5618 3450 5683 editi
3497 5629 3583 5688 sic
3631 5631 3736 5690 ha-

2090 5692 2257 5787 ξομ,
2289 5690 2489 5787 61:35:,
2522 5686 2928 5787 ἄνθρέρῖιτοςηῶνὶ
2963 5697 3401 5787 ποιεῖς’-’σεαυτὸν
3435 5686 3738 5787 ΘεόνήοιΚαὶ

2093 5759 2363 5892 ὁῖἸησοῦς
2391 5759 2557 5841 λέγει·
2622 5759 2710 5823 Ἐν
2761 5768 2843 5838 τῷ
2870 5761 3028 5841 νόμῳ
3062 5767 3216 5842 ὑμῶν
3244 5765 3567 5850 γέγραπται,
3599 5774 3739 5854 Ἐγὼ

2094 5853 2120 5891 s
2140 5854 2238 5892 πα.

2140 5854 2238 5894 πα.

3384 5975 3463 6037 16
