4076 6346
410 409 523 468 491

954 406 1019 466 S.
1064 404 1492 466 ATHANASII
1537 400 1708 466 OPP.
1756 399 1953 466 PARS
2000 402 2046 464 Ι.
2083 438 2155 448 -
2206 398 2616 467 HlS'l‘OlllCA
2662 400 2760 466 ET
2805 402 3286 467 DOGMATICA.

3706 404 3824 470 492

410 540 701 610 mundum,
754 556 850 596 vos
896 539 1081 595 dicitis
1123 540 1255 610 quia
1303 538 1677 609 Blasphemas,
1727 539 1861 609 quia
1912 538 2052 609 dixi,

2170 535 2262 591 τὸν
2321 535 2527 608 κόσμον
2563 580 2578 606 ,
2642 538 2797 611 ὑμεῖς
2859 535 3085 613 λέγετε,
3144 536 3228 593 δτι
3292 536 3637 615 βλασφημεῖς
3664 581 3679 609 ,
3738 537 3823 593 ὅτι

410 632 586 687 Filius
630 631 728 686 Dei
770 632 947 686 sunt?
973 629 1035 684 Si
1078 644 1186 684 non
1228 630 1373 697 facio
1420 643 1591 699 opera
1639 629 1846 695 Patris,
1896 628 2068 683 nolite

411 719 630 776 credere
668 718 827 773 mihi.
860 718 959 772 Sin
991 719 1173 772 autem
1204 718 1374 785 facio,
1404 719 1455 770 et
1483 732 1532 770 si
1572 716 1715 770 mihi
1760 731 1874 769 non
1903 715 2068 771 vultis

412 809 651 874 credere,
697 806 957 873 operibus
1004 807 1228 875 credite,
1277 807 1338 859 ut
1383 805 1571 860 sciatis
1627 807 1679 859 et
1733 803 2069 874 cognoscatis

414 899 554 970 quia
580 898 752 953 Pater
780 897 842 951 in
868 910 954 949 me
982 898 1083 962 est,
1117 897 1167 949 et
1197 909 1293 963 ego
1323 895 1384 949 in
1412 895 1583 949 Patre
1610 894 2069 965 “.Atqui,prout

414 990 630 1043 sonant
660 985 790 1056 ipsa
816 984 1013 1051 verba,
1047 999 1160 1038 non
1188 982 1525 1051 dixit,Deus
1552 998 1710 1053 sum,
1740 982 1849 1052 vel,
1886 981 2065 1037 Filius

413 1074 516 1130 Dei
547 1090 705 1142 sum,
738 1074 863 1139 sed,
896 1073 1007 1141 Ego
1036 1080 1088 1127 et
1116 1074 1284 1128 Pater
1311 1088 1485 1127 unum
1514 1086 1726 1127 sumus.

485 1253 638 1310 499
673 1253 759 1307 17.
788 1249 975 1308 ,Ιυάεεί
1006 1250 1246 1322 quidem
1276 1249 1386 1306 hac
1417 1249 1693 1319 dictione,
1712 1266 1907 1316 unum,
1929 1265 2065 1305 eum

414 1360 478 1400 se
506 1358 635 1400 esse
664 1342 894 1397 Patrem
924 1339 1142 1396 dixisse
1190 1339 1648 1405 arbitrabantur,
1682 1339 2063 1410 quemadmo-

413 1432 556 1488 dum
587 1430 768 1488 sentit
789 1428 1079 1485 Sabelliue
1105 1446 1117 1483 :
1160 1431 1220 1483 at
1241 1426 1505 1484 Salvator
1535 1432 1735 1483 noster
1760 1434 2064 1500 peccatum

410 1520 649 1575 illorum
672 1518 938 1590 coarguit
958 1517 1301 1587 hujuemodi
1343 1515 1646 1572 ratiocinio
1672 1532 1684 1572 :
1709 1516 1949 1572 Etiamsi
1972 1532 2066 1572 me

416 1611 596 1665 Deum
613 1608 1026 1674 dixissem,vos
1036 1609 1233 1662 tamen
1247 1604 1532 1677 scriptum
1548 1604 1891 1660 meminisse
1902 1620 2066 1676 opor-

413 1697 711 1767 tebatzEgo
730 1695 973 1761 ἀίει,υῆ
990 1696 1137 1751 estis.
1166 1694 1385 1750 Deinde
1399 1692 1519 1750 hinc
1531 1695 1726 1759 verba,
1745 1695 1853 1765 Ego
1872 1700 1926 1749 et
1947 1700 2061 1749 Pa-

414 1795 495 1843 ter
514 1802 692 1842 unum
709 1800 921 1851 sumus,
950 1784 1295 1855 explanans,
1328 1785 1597 1839 mutuam
1637 1781 1764 1838 Filii
1787 1787 1845 1838 et
1874 1781 2063 1838 Patris

415 1876 702 1934 unitatem
735 1873 958 1930 eisdem
989 1871 1237 1929 indicari
1268 1873 1597 1942 docet,cum
1629 1872 1896 1943 ait,()uia
1917 1872 2058 1941 dixi,
2092 1907 2141 1973 Β

412 1966 588 2020 Filius
603 1964 702 2019 Dei
722 1961 1017 2019 sum.Nam
1039 1961 1277 2017 tametsi
1299 1960 1491 2016 verbis
1518 1960 1575 2015 id
1608 1976 1722 2016 non
1753 1959 2061 2032 expressit,

407 2057 606 2109 tamen
628 2051 783 2123 quod
805 2050 897 2106 his
918 2048 1357 2117 vocibus,unum
1376 2048 2064 2120 sumus,eigniﬁcatur,ad

408 2141 608 2214 ipsum
631 2139 831 2195 retulit
850 2136 1248 2193 Filium.Nihil
1273 2153 1457 2192 unum
1479 2142 1569 2193 est
1595 2154 1730 2192 cum
1759 2136 2065 2204 Patre,niei

410 2230 566 2301 quod
592 2244 661 2285 ex
682 2227 811 2299 ipso
824 2227 992 2282 Patre
1004 2225 1267 2291 est.0uid
1284 2243 1453 2297 porro
1475 2242 1544 2281 ex
1566 2226 1579 2280 i
1590 2242 1693 2298 pso
1710 2229 1873 2281 Patre
1889 2224 2063 2281 fuerit

409 2322 618 2390 praeter
661 2315 873 2371 Filium
907 2314 934 2368 ?
992 2316 1196 2386 Itaque
1244 2314 1566 2383 concludit,
1618 2316 1683 2371 Ut
1728 2317 2061 2386 cognoscatis

407 2408 545 2480 quia
575 2421 669 2476 ego
695 2407 755 2459 in
788 2406 1033 2470 Patre,et
1058 2405 1229 2459 Pater
1260 2406 1319 2459 in
1347 2420 1434 2457 me
1460 2408 1561 2459 est.
1580 2404 1695 2459 Nec
1726 2404 1883 2459 enim
1916 2404 2058 2475 quid

407 2511 585 2551 unum
613 2493 772 2549 istud
806 2498 963 2549 esset
1008 2492 1329 2563 explicans,
1362 2491 1508 2547 dixit
1538 2492 1597 2547 in
1646 2509 1712 2548 eo
1742 2508 1871 2547 esse
1901 2493 2058 2563 quod

409 2585 564 2640 idem
597 2583 742 2638 illud
790 2581 866 2638 sit
897 2598 1150 2653 quocum
1185 2597 1369 2637 unum
1402 2586 1492 2637 est
1524 2598 1537 2636 ε
1573 2582 1673 2637 sed
1719 2581 1778 2636 in
1808 2597 1876 2636 eo
1906 2582 2057 2651 quod

408 2674 535 2746 ipse
564 2672 646 2729 sit
695 2672 754 2727 in
803 2671 988 2740 Patre,
1023 2676 1079 2726 et
1128 2672 1301 2727 Pater
1328 2670 1388 2725 in
1438 2669 1598 2739 Filio,
1631 2686 1744 2742 qua
1790 2669 2059 2726 videlicet

408 2762 633 2819 ratione
662 2760 816 2817 inter
865 2775 927 2815 se
959 2763 1100 2815 sunt
1146 2759 1464 2829 conjuncti,
1498 2775 1602 2815 nec
1633 2775 1668 2814 a
1696 2775 1760 2814 se
1797 2759 2056 2831 separari

406 2854 925 2924 queunt.Namque
951 2848 1148 2921 ipsum
1176 2864 1409 2920 quoque
1440 2847 1678 2904 Sabellii
1700 2848 1809 2904 hoc
1837 2848 1898 2903 in
1931 2850 2056 2904 loco

405 2940 613 2997 evertit
666 2954 944 3003 errorem,
978 2937 1197 3009 quippe
1226 2938 1328 3009 qui
1359 2953 1476 2993 non
1510 2937 1738 3005 dixerit,
1775 2937 1890 3010 Ego
1921 2953 2055 2993 sum

404 3030 593 3101 Pater,
625 3029 751 3094 sed,
783 3026 965 3083 Filius
995 3029 1095 3082 Dei
1122 3042 1264 3082 sum.
1301 3027 1504 3081 Arium
1536 3026 1752 3097 pariter
1790 3026 2058 3099 profligat

406 3134 540 3173 cum
570 3117 677 3184 ait,
706 3118 884 3174 Unum
911 3131 1121 3171 sumus.
1156 3115 1438 3181 Quocirca
1466 3114 1516 3169 si
1547 3113 1706 3170 aliud
1738 3120 1827 3171 est
1854 3114 2052 3182 Filius,

405 3210 464 3262 et
495 3205 655 3261 aliud
687 3209 776 3261 est
822 3202 1099 3271 Verbum,
1131 3219 1246 3258 non
1290 3201 1546 3258 Verbum
1578 3219 1764 3257 unum
1796 3206 1887 3258 est
1916 3219 2051 3258 cum
2081 3222 2123 3287 ρ

406 3295 597 3359 Patre,
642 3293 745 3349 sed
794 3290 973 3347 Filius
1006 3308 1020 3347 :
1055 3306 1245 3362 neque
1293 3290 1395 3361 qui
1427 3290 1683 3346 Verbum
1712 3289 1877 3361 vidit,
1908 3290 2054 3348 vidit

408 3382 659 3452 Patrem,
693 3382 793 3437 sed
827 3380 927 3451 qui
959 3379 1167 3435 Filium
1216 3379 1383 3434 vidit.
1420 3379 1722 3451 Praterea,
1755 3380 1841 3435 vel
1871 3380 2053 3436 Filius

410 3472 597 3543 major
641 3474 731 3527 est
760 3468 970 3539 Verbo,
1001 3468 1091 3525 vel
1115 3467 1370 3524 Verbum
1403 3468 1550 3523 nihil
1594 3468 1845 3539 amplius
1875 3469 2054 3526 habet

409 3577 587 3633 quam
624 3559 821 3614 Filius.
844 3557 1061 3629 Ecquid
1084 3556 1240 3612 enim
1264 3559 1457 3627 majus
1478 3556 1566 3613 vel
1590 3558 1902 3629 pertectius
1923 3575 2053 3616 esse

408 3649 617 3722 possit,
650 3663 830 3720 quam
859 3648 1015 3719 quod
1046 3646 1412 3719 signiﬁcatur
1458 3646 1619 3702 hisce
1671 3646 2049 3719 dictionibus,

402 3738 580 3794 Unum
607 3737 672 3801 ⁸³,
707 3736 811 3807 Ego
846 3737 901 3791 in
933 3736 1127 3800 Patre,
1160 3738 1211 3790 et
1258 3736 1424 3790 Pater
1455 3739 1513 3789 in
1540 3751 1630 3789 me
1676 3743 1756 3791 est
1783 3753 1802 3790 .·
1833 3735 1940 3804 Qui
1968 3738 2050 3791 vi-

394 3827 478 3883 dit
505 3843 613 3897 me,
644 3826 786 3882 vidit
830 3825 1045 3879 Patrem
1076 3821 1168 3877 3‘?
1198 3823 1294 3878 Bas
1324 3821 1480 3878 enim
1529 3838 1698 3878 voces
1730 3821 1856 3878 Filii
1889 3827 2046 3879 sunt.

392 3913 487 3969 Ait
516 3927 652 3985 ergo
674 3911 840 3967 idem
870 3912 1123 3967 Joannes
1147 3927 1161 3965 :
1193 3912 1304 3980 Qui
1332 3909 1469 3965 vidit
1492 3926 1601 3981 me,
1631 3912 1773 3965 vidit
1800 3927 1924 3966 eum
1953 3913 2051 3983 qui

394 4003 545 4058 misit
571 4018 663 4057 me
689 4002 752 4056 ⁸⁵.
786 4001 878 4067 Et,
912 4000 1019 4068 Qui
1046 4016 1132 4055 me
1174 4002 1391 4070 recipit,
1423 4001 1619 4071 recipit
1662 4015 1789 4055 eum
1817 4002 1915 4071 qui
1942 4002 2047 4056 mi-

388 4094 463 4147 sit
491 4108 579 4148 me
602 4092 670 4147 5‘.
704 4091 792 4155 Et,
827 4091 934 4161 Ego
965 4090 1067 4144 tum
1092 4091 1150 4143 in
1177 4088 1444 4145 mundum
1472 4088 1620 4155 veni,
1654 4097 1714 4144 ut
1743 4088 1920 4144 omnis
1951 4091 2050 4161 qui

388 4181 558 4237 credit
590 4183 649 4236 in
678 4194 785 4248 me,
818 4179 879 4234 in
910 4179 1145 4235 tenebris
1174 4193 1288 4233 non
1314 4180 1554 4233 maneat.
1580 4177 1669 4245 Et,
1701 4178 1764 4233 Si
1791 4181 1917 4248 quis
1944 4194 2047 4233 au-

385 4270 556 4324 dierit
604 4269 768 4324 verba
797 4283 943 4333 mea,
973 4275 1026 4321 et
1054 4282 1166 4322 non
1211 4266 1549 4334 custodierit,
1580 4282 1680 4336 ego
1724 4281 1835 4322 non
1855 4267 2047 4339 judico

388 4373 533 4413 eum.
567 4357 682 4412 Non
731 4360 882 4411 enim
926 4357 1051 4411 veni
1096 4359 1157 4410 ut
1197 4355 1446 4427 judicem
1496 4355 1797 4425 mundum,
1846 4356 1939 4411 sed
1982 4366 2046 4412 ut

393 4444 621 4502 salvum
647 4446 861 4515 faciam
892 4444 1162 4499 mundum
1181 4461 1200 4498 :
1231 4443 1325 4499 sed
1352 4459 1537 4499 sermo
1565 4459 1720 4515 quem
1749 4445 2046 4514 audit,itle

374 4534 653 4606 judicabit
682 4548 808 4589 eum
837 4535 898 4588 in
925 4533 1220 4587 novissimo
1245 4533 1338 4587 die
1373 4550 1391 4586 :
1423 4534 1557 4602 quia
1597 4547 1693 4601 ego
1724 4532 1794 4587 ad
1822 4534 2043 4590 Patrem

380 4624 524 4682 vado
552 4623 616 4676 ⁸⁷.
649 4622 819 4690 Eum,
853 4620 949 4692 qui
984 4620 1325 4676 mandatum
1363 4636 1477 4675 non
1519 4620 1854 4688 servaverit,
1888 4637 2037 4693 prm-

382 4712 673 4772 dicatione
696 4710 1091 4784 judicandum
1123 4724 1253 4765 esse
1282 4708 1553 4765 declarat.
1580 4709 1703 4764 Nisi
1732 4711 1911 4779 enim,
1946 4710 2034 4767 in-

2176 626 2350 697 εἷπον,
2380 626 2503 688 Υἱὸς
2549 630 2647 681 τοῦ
2695 630 2829 681 Θεοῦ
2860 626 2973 698 εἷ’μι
3008 646 3021 695 ;
3049 625 3115 682 Ei
3164 626 3227 681 οὐ
3256 631 3428 682 ποιῶν
3459 625 3525 682 τὰ
3567 624 3699 704 ἔργα
3725 631 3824 683 τοῦ

2173 714 2409 788 ΙΙατρὸς,
2448 714 2524 787 μὴ
2556 716 2635 788 (5)
2664 713 2939 769 πιστεύετέ
2972 734 3085 788 μοι’
3148 714 3195 770 εὶ
3254 712 3311 770 δὶ
3367 719 3534 784 ποιῶ,
3570 714 3665 771 κᾶν
3697 715 3825 791 ἐμοὶ

2178 804 2255 875 μή
2307 802 2598 875 πιστεύητε
2628 851 2643 877 ,
2694 808 2812 867 τοῖς
2870 802 3047 880 ἔργοις
3118 803 3459 876 πιστεύσατε,
3509 802 3599 860 ’ίνα
3653 811 3828 883 γνῶτε

2173 892 2265 947 καὶ
2321 892 2649 966 γινώσκητε,
2704 892 2787 947 ὅτι
2845 892 2897 946 έν
2956 892 3081 966 ἐμοὶ
3135 895 3163 948 6
3226 895 3437 970 Πατὴρ,
3480 895 3634 970 κάγὼ
3664 894 3715 949 έν
3745 899 3827 967 τῷ

2173 980 2367 1056 Ιῐατρί.
2398 981 2605 1053 Καίτοι,
2639 981 2762 1036 ὅσον
2815 980 2874 1037 ἐκ
2902 985 2998 1037 τοῦ
3048 986 3357 1060 προφανοῦς
3392 979 3476 1038 δεῖ
3515 989 3676 1056 νοεῖν,
3711 981 3827 1038 οὔθ’

2174 1070 2256 1124 δτι
2290 1069 2420 1132 Θεός
2452 1070 2588 1145 εἶμι,
2638 1068 2752 1125 οὐδ’
2801 1070 2883 1126 ὅτι
2931 1072 3056 1134 Υἱὸς
3106 1075 3241 1127 Θεοῦ
3291 1070 3430 1146 εἶμι,
3477 1073 3644 1145 εἶπεν,
3677 1070 3825 1139 ἀλλ’,

2176 1158 2320 1234 Ἐγὼ
2349 1159 2438 1214 καὶ
2469 1159 2498 1213 6
2531 1161 2721 1237 Πατὴρ
2750 1156 2809 1215 ἓν
2840 1159 3019 1234 έσμεν.

2246 1250 2334 1305 17.
2366 1250 2436 1306 Οἱ
2468 1250 2563 1321 μὲν
2596 1247 2687 1304 οὖν
2720 1245 2977 1306 Ἰουδαῖοι
3009 1248 3060 1304 ἐν
3088 1254 3167 1322 τῷ
3196 1250 3444 1322 ἀκοῦσαι,
3464 1248 3545 1321 ἓν,
3569 1250 3823 1324 ἐνόμιζον

2172 1336 2309 1391 κατὰ
2356 1332 2661 1394 Σαϐέλλιον
2714 1337 2872 1393 αὐτὸν
2925 1336 3194 1413 εἰρηκέναι
3226 1340 3364 1393 εἶναι
3401 1340 3492 1394 τὸν
3526 1340 3768 1416 Πατέρα·
3794 1340 3823 1394 6

2176 1422 2234 1480 δὲ
2261 1446 2320 1500 γε
2352 1428 2548 1501 Σωτὴρ
2581 1429 2743 1499 ἡμῶν
2774 1424 3159 1501 συλλογίζεται
3191 1428 3286 1501 μὶν
3318 1427 3492 1483 αὐτῶν
3522 1441 3623 1498 την
3645 1430 3822 1504 ἆμαρ-

2172 1512 2288 1568 τίαν
2322 1512 2424 1569 ὅτι·
2460 1515 2523 1573 Εἰ
2581 1515 2669 1571 καὶ
2728 1516 2860 1570 Θεὸν
2921 1517 3095 1584 εἷπον,
3155 1511 3261 1571 ἔδει
3323 1517 3463 1590 ὑμᾶς
3518 1514 3713 1572 εἰδέναι
3759 1517 3824 1573 τὸ

2173 1602 2573 1679 γεγραμμένον,
2629 1604 2769 1680 Ἐγὼ
2827 1605 2953 1660 εἶπα
3008 1607 3107 1679 (6),
3163 1603 3285 1661 Θεοί
3343 1604 3461 1661 ἐστε
3493 1624 3505 1638 ·
3565 1607 3679 1662 εἶτα
3732 1607 3820 1681 τὸ,

2174 1693 2312 1766 Ἐγὼ
2342 1694 2428 1749 καὶ
2463 1695 2492 1748 6
2527 1695 2713 1767 Πατὴρ
2759 1690 2814 1749 ἓν
2860 1692 3041 1768 ἐσμεν,
3093 1694 3425 1773 σαφηνίζων,
3475 1694 3529 1750 έν
3579 1698 3660 1768 τῷ
3710 1696 3823 1769 Υἱῷ

2169 1782 2270 1849 τήν
2300 1783 2437 1857 πρὸς
2466 1783 2556 1837 τὸν
2593 1781 2806 1857 Πατέρα
2849 1782 3078 1853 ἑνότητα
3123 1779 3438 1839 ἀποδέδωκε
3470 1782 3665 1860 λέγων,
3694 1784 3822 1842 ’Ότι

2171 1872 2343 1925 εἷπον·
2379 1870 2502 1933 Υὶός
2550 1870 2665 1943 εἶμι
2700 1875 2798 1926 τοῦ
2846 1875 2980 1926 Θεοῦ
3032 1873 3132 1945 (7).
3175 1870 3241 1926 Ei
3283 1872 3387 1947 γὰρ
3432 1874 3503 1944 τῇ
3551 1871 3691 1945 λέξει
3721 1872 3824 1930 οὐκ

2173 1961 2343 2030 εἶπεν,
2390 1957 2537 2015 ἀλλὰ
2581 1961 2681 2029 την
2727 1957 2969 2015 διάνοιαν
3024 1965 3144 2031 τοῦ,
3189 1959 3244 2015 ἓν
3294 1960 3477 2033 έσμεν,
3508 1958 3822 2019 ἀποδέδωκε

2169 2044 2250 2119 τῷ
2278 2047 2391 2120 Υἱῷ
2551 2045 2713 2103 Οὐδὶν
2745 2050 2847 2124 γὰρ
2876 2047 2929 2103 ἓν
2981 2050 3116 2125 πρὸς
3161 2050 3253 2104 τὸν
3290 2050 3523 2124 Πατέρα,
3554 2050 3600 2105 εὶ
3649 2053 3725 2124 μή
3758 2052 3821 2107 τὸ

2171 2133 2222 2206 ἐξ
2254 2135 2444 2194 αὐτοῦ,
2478 2136 2547 2195 Τί
2579 2134 2625 2191 δ’
2656 2136 2715 2192 ἂν
2748 2135 2830 2208 ε’ίη
2864 2138 2927 2192 τὸ
2970 2137 3022 2209 ιε
3072 2136 3236 2193 αὐτοῦ
3265 2140 3300 2208 ἢ
3334 2139 3363 2193 6
3396 2139 3519 2201 Υἱός
3555 2160 3568 2208 ;
3601 2141 3821 2217 Ἐπιφέ-

2173 2244 2254 2301 ρει
2305 2228 2457 2300 γοῦν,
2515 2228 2631 2281 Ἵνα
2684 2226 3008 2301 γινώσκητε,
3069 2226 3153 2282 ὅτι
3207 2226 3313 2303 ἐγὼ
3374 2226 3425 2283 έν
3483 2227 3563 2301 τῷ
3623 2229 3819 2305 ῙΙατρὶ,

2168 2313 2257 2368 καὶ
2290 2314 2319 2368 6
2352 2314 2541 2387 Ιιατήρ
2602 2314 2653 2369 έν
2716 2314 2859 2387 ἆμοί.
2893 2316 2963 2370 T6
3006 2316 3105 2392 γὰρ
3139 2314 3195 2370 ἓν
3236 2313 3685 2393 ἐπεξηγούμενος,
3718 2319 3823 2373 οὐκ

2168 2401 2219 2457 έν
2249 2407 2330 2474 τῷ
2361 2402 2492 2458 αὐτὸ
2517 2406 2651 2457 εἶναι
2685 2406 2761 2477 (9)
2794 2402 2967 2459 έκεῖνο
2995 2405 3133 2480 πρὸς
3164 2405 3192 2459 ὃ
3221 2401 3274 2459 ἓν
3310 2406 3450 2460 έστιν
3493 2407 3659 2477 εἶπεν,
3694 2405 3821 2461 ἀλλ’

2169 2489 2221 2545 ἐν
2251 2488 2331 2563 τῷ
2361 2489 2524 2545 αὐτὸν
2554 2490 2605 2545 δν
2638 2496 2717 2564 τῷ
2749 2492 2944 2566 Ιῐατρὶ,
2976 2492 3065 2546 καὶ
3110 2493 3199 2547 τὸν
3248 2494 3463 2570 Πατέρα
3493 2495 3544 2549 ὲν
3574 2499 3654 2566 τῷ
3686 2497 3815 2565 Υὶῴ,

2165 2581 2264 2648 τὴν
2299 2580 2606 2654 συνάφειαν,
2638 2580 2728 2635 καὶ
2777 2580 2841 2636 τὸ
2891 2581 3223 2657 ἀχώριστον.
3268 2583 3367 2637 Καὶ
3415 2584 3518 2659 γὰρ
3567 2584 3657 2638 καὶ
3707 2591 3815 2639 Σα-

2166 2663 2391 2723 ϐέλλιον
2420 2668 2472 2722 ὶν
2505 2667 2682 2740 τούτῳ
2721 2668 3024 2741 ἀνατρέπει,
3058 2669 3111 2725 ἓν
3148 2675 3226 2741 τῷ
3256 2669 3422 2726 εἲπεῖν
3456 2672 3583 2749 οὐχ,
3615 2674 3671 2727 Ὀ
3703 2676 3813 2731 Ila-

2163 2758 2268 2832 τήρ
2313 2756 2449 2829 εἶμι,
2510 2756 2676 2828 ἀλλὰ,
2734 2758 2791 2813 '0
2838 2759 2966 2821 Υἱὸς
3019 2763 3117 2814 τοῦ
3163 2765 3318 2815 Θεοῦ⁸
3368 2774 3458 2817 και
3507 2763 3726 2837 Ἀρειον
3759 2763 3812 2819 ἓν

2163 2850 2243 2917 τῷ
2273 2844 2466 2913 εἶπεῖν,
2498 2848 2595 2903 Ἕν
2641 2846 2822 2919 δσμεν.
2861 2846 2919 2904 Εἰ
2966 2847 3150 2903 τοίνυν
3201 2850 3229 2904 6
3277 2849 3402 2913 Υἱὸς
3446 2849 3609 2920 ἄλλο,
3665 2852 3754 2907 καὶ
3784 2854 3814 2908 6

2164 2933 2337 3010 Λόγος
2372 2932 2535 3004 ἄλλο,
2559 2934 2666 3011 οὐχ
2687 2936 2715 2990 6
2748 2935 2920 3012 Δόγος
2942 2933 2996 2992 ἓν
3021 2937 3131 2992 ἔστι
3152 2938 3288 3014 πρὸς
3316 2938 3411 2993 τὸν
3444 2940 3813 3015 ΙΙατέρα,ἇλλ“

2165 3022 2194 3077 6
2226 3021 2371 3085 Υὶός·
2403 3020 2529 3078 οὐδὲ
2558 3024 2586 3078 6
2633 3025 2723 3078 τὸν
2772 3023 2948 3099 Λόγον
3000 3025 3257 3099 ἑωρακὼς
3307 3027 3512 3102 ἑώρακε
3557 3028 3652 3083 τὸν
3700 3032 3811 3086 Πα-

2161 3112 2311 3186 τέρα,
2341 3109 2468 3167 ἀλλ’
2494 3113 2522 3167 6
2551 3113 2643 3167 τὸν
2672 3112 2811 3170 Υὶόν.
2845 3112 3062 3169 Τούτων
3096 3112 3154 3169 δέ
3202 3112 3584 3188 δεικνυμένων,
3619 3117 3653 3187 ἢ
3690 3117 3813 3191 μεί-

2166 3205 2269 3271 ζων
2302 3202 2330 3256 6
2362 3202 2485 3263 Υἱὸς
2528 3206 2625 3256 τοῦ
2680 3201 2883 3278 Λόγου,
2934 3202 2969 3272 ἢ
3019 3208 3209 3259 πλεῖον
3261 3201 3416 3260 οὐδὲν
3450 3207 3479 3261 6
3511 3206 3690 3282 Λόγος
3719 3213 3817 3263 τοῦ

2162 3288 2290 3344 Υὶοῦ
2321 3283 2458 3365 ἔχει.
2491 3289 2549 3344 Τί
2576 3290 2679 3367 γὰρ
2734 3296 2916 3364 μεῖζον
2944 3291 2980 3361 ἢ
3009 3290 3342 3368 τελειότερον
3393 3298 3512 3363 τοῦ,
3549 3297 3642 3351 Ἳν
3677 3298 3814 3369 (10),

2159 3378 2398 3447 καὶτοῦ,
2430 3378 2571 3455 Ἐγὼ
2630 3378 2683 3433 έν
2738 3384 2819 3452 τῷ
2879 3381 3074 3457 ΙνΙατρὶ,
3124 3381 3215 3436 καὶ
3275 3382 3303 3437 6
3357 3384 3549 3459 Πατὴρ
3582 3383 3633 3438 ἐν
3663 3384 3813 3459 ὶμοὶ,

2159 3468 2392 3538 καὶτοῦ,
2424 3468 2486 3525 Ὀ
2538 3468 2792 3540 δωρακὼς
2838 3467 2957 3543 έμὶ,
3007 3470 3214 3544 ἑώρακε
3261 3471 3354 3527 τὸν
3387 3471 3649 3549 Ματέρας
3710 3474 3810 3530 Καὶ

2159 3557 2265 3633 γὰρ
2289 3556 2379 3611 καὶ
2410 3559 2525 3628 (11)
2554 3554 2709 3613 αῦται
2739 3559 2793 3613 αὶ
2825 3559 2998 3636 φωναὶ
3042 3563 3140 3614 τοῦ
3189 3560 3317 3615 Υἳοῦ
3351 3560 3474 3617 είσι.
3508 3562 3652 3632 Φησὶ
3677 3568 3807 3637 γοῦν

2160 3646 2189 3700 6
2218 3645 2382 3708 αὐτὸς
2413 3646 2686 3717 Ἰωάννης·
2719 3647 2780 3704 Ὁ
2811 3646 3067 3723 ἑωρακὼς
3123 3646 3241 3722 ἐμὲ,
3299 3648 3503 3724 ἑώρακε
3531 3652 3624 3706 τὸν
3670 3653 3811 3726 πέμ-

2158 3733 2331 3808 ψεντά
2381 3753 2465 3807 με·
2516 3733 2627 3805 καὶ,
2658 3736 2719 3792 Ὁ
2769 3734 2867 3809 έμὶ
2914 3733 3239 3813 δεχόμενος,
3291 3735 3509 3814 δέχεται
3550 3741 3640 3795 τὸν
3674 3742 3813 3796 ἀπο-

2159 3819 2444 3877 στείλαντά
2511 3841 2621 3895 με’
2681 3823 2822 3893 καὶ,
2879 3825 3024 3899 Ἐγὼ
3099 3828 3216 3903 φῶς
3294 3825 3370 3889 εἷς
3443 3829 3535 3882 τὸν
3602 3828 3815 3902 κόσμον

2157 3908 2423 3981 ἐλήλυθα,
2476 3908 2569 3965 ’ίνα
2618 3916 2725 3974 πᾶς
2781 3912 2810 3966 ὁ
2869 3912 3134 3968 πιστεύων
3170 3913 3247 3977 είς
3304 3913 3402 3988 ἐμὲ
3460 3916 3510 3970 ὲν
3564 3921 3633 3982 τῇ
3681 3939 3810 3973 σκοο

2155 3998 2244 4071 τίᾳ
2303 4000 2381 4072 μὴ
2447 3998 2630 4074 μείτῃο
2687 4001 2799 4070 καὶ,
2857 4002 2976 4056 Ἐάν
3031 4003 3112 4066 τίς
3174 4024 3279 4076 μου
3337 4004 3541 4073 ἀκούσῃ
3569 4011 3676 4061 τῶν
3718 4006 3815 4063 λό-

2154 4109 2286 4164 γων,
2342 4087 2430 4143 καὶ
2493 4090 2568 4160 μὴ
2624 4088 2853 4166 φυλάξῃ,
2913 4091 3023 4165 ἱγὼ
3055 4090 3117 4147 οὐ
3173 4091 3343 4167 κρίνω
3393 4093 3576 4149 αὐτόν·
3611 4095 3809 4173 οὐγὰρ

2154 4174 2323 4247 ἦλθον
2379 4174 2471 4232 ’ίνα
2525 4177 2695 4252 κρίνω
2751 4179 2843 4233 τὸν
2897 4179 3128 4253 κόσμον,
3181 4178 3310 4235 ἀλλ’
3363 4180 3454 4236 ’ίνα
3502 4184 3662 4239 σώσω
3715 4185 3807 4241 τὸν

2155 4264 2382 4338 κόσμον.
2416 4266 2478 4323 Ὀ
2536 4264 2704 4341 λόγος
2761 4264 2819 4322 δὲ
2850 4268 2909 4324 ὃν
2969 4267 3150 4325 ἀκούει
3208 4272 3342 4345 (12),
3391 4270 3594 4335 ἐκεῖνος
3637 4280 3813 4349 κρινεῖ

2155 4352 2313 4409 αὐτὸν
2368 4354 2420 4409 έν
2463 4358 2533 4429 τῇ
2587 4356 2792 4431 ὶσχάτῃ
2846 4357 3178 4433 ἡμέρῳότι
3230 4359 3336 4434 εγὼ
3384 4360 3523 4436 πρὸς
3559 4362 3650 4417 τὸν
3688 4366 3806 4419 Πα-

2149 4444 2280 4519 τέρα
2336 4443 2663 4518 πορεύομαι.
2721 4446 2792 4500 Τὸ
2847 4448 3104 4523 κήρυγμα
3162 4445 3219 4503 δέ
3270 4469 3402 4527 φησι
3456 4450 3653 4526 κρίνειν
3711 4453 3805 4508 τὸν

2155 4533 2231 4605 μὴ
2267 4530 2573 4609 φυλάξαντα
2613 4535 2713 4603 τήν
2757 4533 3008 4607 ὶντολήν.
3043 4535 3108 4593 Ei
3145 4536 3246 4614 γάρ
3293 4559 3448 4616 φησι,
3495 4540 3573 4611 μή
3613 4538 3806 4617 ἦλθον,

2145 4621 2234 4677 καὶ
2293 4619 2538 4693 ἐλάλησα
2601 4622 2785 4686 αὐτοῖς
2811 4668 2826 4695 ,
2880 4624 3147 4700 ἁμαρτίαν
3196 4625 3302 4681 οὐκ
3357 4629 3532 4703 εἶχον⁸
3606 4633 3693 4683 νῦν
3748 4627 3807 4685 δὲ

2144 4711 2413 4788 πρόφασιν
2481 4710 2589 4787 οὐχ
2647 4708 2876 4785 ἕξουσιν,
2938 4714 3114 4791 φησὶ,
3170 4715 3466 4787 ἀκηκοότες
3508 4737 3613 4790 μου
3668 4722 3802 4791 τῶν,

450 4834 497 4869 ⁸³
526 4832 694 4889 Joan.
726 4848 783 4896 x,
811 4830 1007 4904 730-38.
1101 4828 1147 4864 ⁸⁸
1176 4827 1320 4884 ibid.
1353 4828 1444 4882 30.
1542 4827 1588 4862 “
1615 4826 1785 4884 Joan.
1816 4846 1933 4896 xiv,
1962 4830 2019 4896 9,

2233 4830 2278 4865 ⁸⁸
2305 4830 2476 4887 Joan.
2508 4848 2609 4902 xu,
2655 4833 2746 4889 45.
2839 4833 2885 4870 ⁸⁸
2914 4832 3117 4890 Matth.
3154 4852 3211 4904 ι,
3244 4836 3330 4891 40.
3426 4836 3471 4872 ⁸⁷
3499 4836 3670 4893 Joan.
3716 4855 3799 4895 xu

382 4906 550 4961 46-48
575 4923 588 4973 ;
618 4921 735 4974 11v,
771 4903 855 4958 12.

451 5024 528 5096 (5)
574 5021 913 5096 Basiliensis
968 5023 1025 5076 et
1076 5017 1435 5096 Anglicanus
1467 5018 1579 5096 _1:oi3
1608 5018 1839 5096 Harpe:
1882 5038 2029 5096 μου,

380 5089 603 5167 Ibidem
634 5094 938 5167 Regiue_et
970 5090 1364 5167 Seguerianus
1394 5089 1514 5167 __bi_c
1566 5094 1623 5167 et
1666 5089 1911 5167 mortui
1936 5110 2030 5145 πι-

378 5163 611 5240 στεύετε,
659 5160 1071 5240 οῖ’γινώσκετεῖ
1114 5162 1223 5217 Alii
1256 5166 1313 5217 et
1344 5161 1483 5217 editi
1518 5161 1594 5233 μὴ
1627 5160 1939 5230 πιστεύητε,
1974 5167 2031 5219 et

377 5237 707 5312 γινῴσκητε.

445 5310 522 5392 (β)
552 5302 643 5392 Sf'ic
674 5312 814 5392 lies:
847 5307 1087 5392 S'eguer.
1122 5305 1298 5392 I'Basil.
1332 5302 1665 5392 et‘Aiig‘lic.r
1706 5308 1781 5359 At
1815 5302 1924 5392 alii
1972 5308 2029 5362 et

371 5374 533 5449 editi,
568 5377 650 5434 ὅτι
678 5374 821 5449 Ἐγῖὶ)
854 5374 999 5441 εἶπα,
1030 5376 1153 5430 Θεοί
1184 5376 1300 5431 ἐστε
1329 5374 1413 5429 καὶ
1451 5374 1586 5449 υἱοὶ,
1616 5375 1751 5445 εἶτα,
1778 5379 1889 5430 etc.

440 5447 539 5526 (7):
556 5457 694 5526 Reg.
728 5447 1043 5526 seguerjan
1057 5490 1081 5526 ,γ
1105 5450 1389 5526 Basil.__e_t_
1406 5447 1707 5526 Angﬂcan.
1741 5448 2022 5526 τοῦ-Θεοῦ.

2139 5238 2200 5288 et
2228 5238 2301 5287 Co

2214 5020 2289 5096 (_9)
2325 5022 2538 5096 Regius
2564 5026 2623 5096 _et
2650 5024 3062 5096 Seguerianus.
3095 5022 3150 5079 ἐν
3180 5027 3257 5096 τῷ
3280 5022 3410 5080 αὐτὸ
3462 5025 3620 5083 εἶναι.
3680 5033 3795 5085 Ca3-

2142 5090 2257 5166 teri
2282 5097 2339 5146 et
2367 5094 2527 5166 editi,
2559 5090 2611 5145 έν
2643 5090 2898 5166 rip—auiti}:
2928 5096 3082 5152 εἶναι.

2212 5162 2325 5288 (10)
2349 5164 2439 5218 sic
2473 5180 2616 5219 mss.
2649 5162 2706 5219 et
2734 5162 2911 5223 editio
2959 5167 3444 5226 Commeliniana.
3492 5171 3565 5225 At
3611 5172 3795 5231 editio

2228 5238 2301 5287 Co
2330 5252 2425 5289 on.
2457 5231 2511 5288 ’ἐν
2546 5234 2728 5289 ἐσμεν.

2239 5253 2425 5290 ιλοιοη.
2460 5254 2511 5288 εν
2546 5253 2728 5305 εσμεν.

2239 5306 2321 5380 11)
2354 5308 2447 5360 Sic
2468 5309 2690 5380 ﬁegius
2720 5313 2775 5361 et
2805 5312 3219 5380 Seguerianns.
3272 5312 3332 5366 In
3367 5311 3498 5368 aliis
3526 5317 3584 5367 et
3614 5315 3794 5373 editis

2209 5303 2321 5427 (11)
2354 5308 2447 5360 Sic
2481 5303 2690 5388 Regius
2720 5313 2775 5361 et
2805 5312 3219 5380 Seguerianns.
3272 5312 3332 5392 ln
3367 5311 3498 5368 aliis
3526 5317 3584 5367 et
3614 5315 3789 5395 editis

2135 5392 2204 5454 κα
2250 5377 2428 5454 deest.
2466 5378 2688 5454 ibidem
2716 5380 3119 5454 R_eg.ASeguer.
3154 5383 3332 5440 Basil.
3375 5391 3434 5439 et
3481 5386 3789 5454 Anglican.

2136 5445 2284 5527 φησὶ
2313 5449 2503 5527 γοῦνρ
2544 5449 2708 5527 αυτὸς
2758 5445 3036 5527 Ἰξῴᾴννῆς,
3083 5471 3187 5527 pro

3279 5471 3353 5509 uo
3398 5454 3495 5511 alii
3544 5462 3602 5511 et
3646 5459 3790 5515 editi

373 5515 600 5609 Inlaliis
635 5515 692 5580 ξι
720 5515 896 5580 editis
926 5522 1092 5577 deest
1119 5524 1235 5577 τοῦ.
1267 5515 1772 5591 Ιὺίἀοω’ῐὶεεὶυε,
1832 5515 1891 5571 Ei
1920 5516 2023 5593 γὰρ

2168 5515 2361 5609 tabent
2397 5519 2486 5609 ne}
2541 5518 2731 5609 πάλιν.
2785 5515 3201 5609 [ῥίάςιὶιξροει
3247 5515 3474 5609 impune,
3506 5528 3787 5609 editi_ud-

370 5613 807 5750 iaiéinéicﬁeg.
840 5669 970 5750 ξος.
997 5663 1201 5750 ~B_asil.
1244 5667 1303 5750 et
1318 5660 1553 5750 ﬁnglic.
1585 5664 1662 5720 At
1688 5642 1787 5719 alii
1816 5662 1873 5717 et
1905 5659 2025 5718 edl-

369 5736 438 5806 ti,
469 5732 785 5797 ἀποδέδωκῖ
812 5738 891 5810 τῷ
916 5732 1039 5808 Θεῷ
1055 5732 1180 5806 ἤτοι
1208 5738 1287 5808 τῷ
1318 5732 1450 5807 Υὶῷ.

2131 5588 2400 5671 du‘ut‘tév
2434 5592 2664 5671 ῌατέρα,
2697 5596 2851 5671 quod
2884 5588 3112 5671 abest'a
3143 5588 3333 5670 Regio
3349 5603 3407 5655 et
3433 5588 3776 5671 Seguerian.

2201 5662 2314 5735 (12)
2347 5662 2516 5721 Basil.
2547 5662 2606 5722 et
2633 5662 2857 5738 Anglic.
2898 5667 3131 5731 ἀκούεις.
