4076 6384
267 459 376 520 493

1369 454 1662 519 ORATIO
1706 453 1785 516 ιν
1829 452 2142 516 CONTRA
2185 454 2552 516 ARIANOS.

3551 455 3669 515 494

270 590 530 668 ρημάτων,
584 586 655 643 δι’
711 585 784 643 ὦν
847 588 1118 663 σωτηρίαν
1177 588 1530 664 καρπίζονται
1586 587 1636 641 0i
1694 585 1883 664 φυλάσ-

2018 588 2166 659 quit,
2197 590 2464 644 venissem
2491 591 2542 643 et
2571 587 2780 642 locutus
2806 585 3034 654 fuissem
3079 587 3177 651 eis,
3229 588 3511 655 peccatum
3561 602 3671 642 non

269 701 460 742 σοντες.

2016 676 2298 732 haberent.
2349 679 2505 732 Nunc
2553 680 2742 732 autem
2784 675 3198 730 excusationem
3240 673 3459 730 nullam
3506 675 3668 731 habe-

272 776 394 828 bunt
419 771 483 839 ⁸³,
515 786 648 825 cum
678 770 854 826 verba
882 785 1013 825 mea
1044 770 1382 835 audierunt,
1417 768 1636 840 quibus
1665 767 1915 824 salutem
1948 766 2282 838 percipiunt
2311 766 2410 838 qui
2444 782 2512 820 ea
2543 763 2906 820 custodiunt.

332 860 412 915 18.
446 859 601 918 Ἴσως
651 857 744 928 μὲν
795 854 885 910 οὖν
936 854 997 910 ἂν
1055 852 1254 910 εἷ’ποιεν
1314 852 1569 924 ἀναιδῶς,
1622 855 1699 926 μὴ
1748 853 1897 920 1‘i06,

266 946 400 1002 ἀλλὰ
447 945 628 1020 Αόγου
681 947 816 1000 εἶναι
872 945 971 1013 τὴν
1031 946 1210 1023 φωνήν
1263 941 1668 1014 ταύτην.Ἀλλ’
1699 943 1753 998 ἐν
1781 946 1900 1004 τοῖς

263 1037 500 1107 ἀνωτέρω
532 1033 776 1109 λεχθεῖσι
823 1031 991 1102 δῆλον
1043 1032 1254 1107 ἐγένετο
1289 1035 1419 1105 (18),
1471 1033 1555 1087 ὅτι
1603 1031 1726 1094 Υἱός
1758 1029 1897 1086 ἐστιν

261 1126 507 1200 όλὲγων.
539 1124 595 1176 Ὀ
651 1123 755 1197 γὰρ
799 1120 976 1196 λέγων
1032 1122 1278 1188 ἐνταῦθα,
1327 1121 1441 1178 Οὐκ
1497 1120 1669 1189 ἦλθον
1718 1124 1898 1194 κρῖναι

255 1217 337 1270 τὸν
367 1213 591 1285 κόσμον,
646 1209 793 1266 ἀλλὰ
844 1215 1035 1282 σῶσαι,
1086 1208 1354 1265 δείκνυται
1407 1209 1510 1264 οὐκ
1555 1207 1729 1272 ἄλλος
1759 1211 1899 1264 εἶναι

256 1302 288 1371 ἢ
316 1303 341 1356 6
375 1301 669 1376 μονογενὴς
699 1299 824 1362 Υἱὸς
872 1304 968 1353 106
1013 1304 1168 1358 Θεοῦ.
1223 1297 1367 1368 Φησὶ
1417 1301 1531 1371 (14)
1561 1298 1664 1372 γὰρ
1696 1297 1748 1351 ἐν
1779 1302 1898 1360 τοῖς

253 1389 545 1466 ἔμπροσθεν
609 1390 636 1443 6
691 1388 851 1450 αὐτὸς
904 1390 1018 1462 (15)
1075 1389 1352 1457 Ἰωάννης·
1409 1386 1563 1441 Οὕτω
1613 1387 1714 1463 γὰρ
1760 1389 1897 1461 ἠγά-

253 1501 410 1550 πησεν
469 1481 497 1533 6
561 1478 688 1540 Θεὸς
747 1479 839 1532 τὸν
900 1477 1104 1550 κόσμον
1137 1519 1151 1544 ,
1206 1474 1343 1532 ὥστε
1399 1477 1490 1530 τὸν
1550 1477 1673 1530 Υἱὸν
1731 1475 1896 1530 αὐτοῦ

252 1570 336 1624 τὸν
390 1574 660 1642 μονογενῆ
715 1564 935 1640 ἔδωκεν,
974 1563 1068 1621 ’ἱνα
1119 1571 1222 1627 πᾶς
1283 1567 1310 1619 6
1341 1564 1607 1619 πιστεύων
1670 1564 1752 1619 ἐπ’
1800 1564 1895 1619 αὐ-

252 1657 335 1713 τόν
370 1659 443 1730 μή
499 1655 800 1727 ἀπόληται,
852 1654 978 1711 ἀλλ’
1031 1650 1135 1731 ἔχῃ
1191 1656 1332 1724 ζωὴν
1385 1654 1621 1710 αἰώνιον.
1669 1652 1746 1711 Οὔ
1793 1652 1892 1728 γὰρ

254 1745 555 1803 ἀπέστειλεν
617 1746 645 1799 6
694 1746 822 1807 Θεὸς
875 1744 967 1799 τὸν
1024 1745 1148 1798 Υ¹ιὸν
1210 1743 1286 1805 εἰς
1339 1744 1429 1797 τὸν
1494 1742 1701 1815 κόσμον
1738 1785 1752 1812 ,
1806 1739 1896 1796 ’ίνα

251 1836 398 1911 κρίνῃ
455 1836 552 1890 τὸν
609 1835 817 1907 κόσμον
853 1877 868 1902 ,
927 1831 1055 1889 ἀλλ’
1104 1830 1196 1887 ἵνα
1267 1835 1417 1906 σωθῇ
1474 1834 1502 1886 6
1559 1831 1765 1904 κόσμος
1823 1829 1894 1886 δι’

2078 853 2168 926 58.
2211 855 2421 910 Verum
2470 853 2740 911 fortassis
2789 869 2855 908 eo
2905 851 3287 924 impudentia)
3339 852 3671 922 devenient,

2009 948 2075 998 ut
2120 944 2476 1000 contendant
2523 943 2632 998 has
2664 958 2832 999 voces
2865 959 2980 997 non
3010 940 3138 996 Filii
3169 941 3271 997 sed
3304 941 3474 998 Verbi
3506 959 3661 999 esse.

2006 1035 2080 1088 At
2095 1048 2165 1088 ex
2185 1033 2542 1105 supradictis
2568 1032 2948 1104 perspicuum
2973 1036 3150 1088 estea
3174 1031 3301 1086 Filii
3324 1048 3454 1088 esse
3477 1033 3672 1089 verba.

2009 1123 2117 1187 Qui
2145 1123 2303 1177 enim
2333 1121 2428 1177 hic
2461 1121 2624 1187 dicit,
2655 1122 2772 1177 Non
2805 1123 2932 1177 veni
2961 1125 3021 1176 ut
3041 1121 3307 1192 judicem,
3341 1121 3437 1177 sed
3467 1125 3526 1177 ut
3555 1122 3675 1178 sal-

2006 1227 2136 1265 vum
2158 1212 2365 1281 faciam
2393 1211 2688 1278 mundum,
2741 1209 2893 1266 alius
2950 1214 3103 1265 certe
3162 1225 3280 1266 non
3337 1213 3426 1266 est
3484 1227 3665 1282 quam

2008 1300 2352 1372 unigenitus
2378 1301 2478 1356 Dei
2507 1299 2714 1356 Filius.
2740 1299 2834 1356 Sic
2856 1299 3012 1355 enim
3037 1302 3210 1355 antea
3229 1297 3494 1372 loquitur
3516 1300 3671 1356 idem

2002 1389 2260 1444 Joannes
2295 1406 2306 1444 :
2349 1389 2436 1444 Sic
2465 1391 2615 1444 enim
2645 1394 2796 1444 Deus
2821 1389 3015 1445 dilexit
3044 1389 3333 1457 mundum,
3356 1394 3417 1445 ut
3446 1387 3670 1447 Filium

2003 1495 2166 1533 suum
2185 1481 2539 1548 unigenitum
2565 1480 2868 1544 dederit,ut
2897 1480 3076 1534 omnis
3104 1481 3201 1549 qui
3227 1479 3395 1534 credit
3424 1481 3485 1534 in
3514 1495 3667 1561 eum,

2001 1584 2109 1624 non
2136 1576 2350 1639 pereat,
2382 1568 2478 1624 sed
2508 1569 2703 1624 habent
2763 1569 2929 1624 vitam
2984 1573 3277 1625 aeternam.
3337 1568 3453 1626 Non
3511 1570 3665 1624 enim

2001 1659 2157 1713 misit
2204 1659 2341 1713 Deus
2382 1658 2592 1714 Filium
2634 1659 2696 1712 in
2727 1658 3021 1728 mundum,
3051 1661 3112 1712 ut
3130 1658 3350 1730 judicet
3371 1657 3662 1728 mundum,

2000 1746 2093 1801 sed
2117 1751 2178 1802 ut
2205 1748 2447 1802 salvetur
2475 1747 2711 1802 mundus
2736 1763 2837 1818 per
2867 1748 3067 1819 ipsum.
3090 1747 3196 1815 Qui
3222 1747 3401 1802 credit
3429 1748 3489 1802 in
3517 1763 3663 1818 eum,

2001 1852 2110 1891 non
2131 1835 2417 1908 judicatur
2449 1853 2462 1891 :
2498 1837 2595 1907 qui
2620 1841 2810 1892 autem
2839 1851 2945 1891 non
2977 1835 3172 1904 credit,
3217 1837 3335 1908 jam
3395 1836 3668 1906 judicatus

253 1924 424 1983 αὐτοῦ.
477 1925 544 1981 Ὀ
599 1922 867 1978 πιστεύων
931 1923 1008 1984 εἰς
1082 1921 1240 1977 αὐτὸν
1297 1920 1357 1976 ού
1412 1920 1693 1997 κρίνεται·
1755 1922 1783 1975 6
1839 1917 1883 1976 δί

2001 1929 2098 1995 est,
2150 1925 2279 1997 quia
2329 1941 2440 1982 non
2469 1924 2716 1981 credidit
2747 1927 2806 1982 in
2837 1940 3034 1981 nomen
3065 1925 3346 1996 unigeniti
3377 1926 3518 1982 Filii
3547 1927 3661 1981 Dei.

253 2016 322 2086 μὴ
351 2013 619 2069 πιστεύων
675 2009 785 2082 ⁴ἤδη
833 2011 1097 2084 κέκριται,
1150 2012 1231 2066 ὅτι
1287 2012 1360 2083 μὴ
1412 2009 1760 2066 πεπίστευκεν
1812 2009 1890 2073 είς

247 2104 302 2157 τὸ
351 2099 529 2175 ὄνομα
586 2105 684 2156 106
737 2104 1059 2176 μονογενοῦς
1120 2101 1247 2155 Υἱοῦ
1299 2103 1393 2154 106
1450 2104 1604 2157 Θεοῦ.
1650 2098 1799 2170 Αὕτη
1833 2097 1892 2156 66

248 2191 374 2246 ἐστιν
399 2194 434 2262 ἡ
465 2190 668 2267 κρίσις,
729 2188 811 2244 ὅτι
839 2191 901 2244 τὸ
945 2193 1060 2268 φῶς
1113 2186 1380 2259 ἐλήλυθεν
1412 2187 1487 2250 εἷς
1533 2189 1623 2244 τὸν
1656 2188 1887 2262 κόσμον,

249 2281 331 2336 καὶ
375 2282 668 2357 ἠγάπησαν
724 2280 776 2333 οἱ
842 2279 1119 2352 ἄνθρωποι
1197 2276 1408 2350 μᾶλλον
1485 2277 1549 2332 τὸ
1603 2277 1794 2341 σκότος
1852 2278 1888 2348 ἢ

246 2370 300 2424 τὸ
330 2375 460 2447 φῶς·
494 2372 565 2438 ἦν
599 2367 702 2444 γὰρ
739 2366 914 2422 αὐτῶν
947 2365 1160 2442 πονηρὰ
1214 2365 1282 2420 τὰ
1338 2361 1488 2442 ἔργα.
1534 2365 1597 2423 Εἰ
1629 2367 1656 2420 6
1689 2366 1886 2442 λέγων,

246 2459 314 2514 Οὐ
365 2459 463 2533 γὰρ
530 2460 643 2531 (16)
699 2455 894 2525 ἦλθον,
946 2454 1038 2510 ’ἱνα
1093 2453 1263 2528 κρίνω
1322 2455 1413 2508 τὸν
1473 2454 1699 2528 κόσμον,
1760 2452 1887 2510 ἀλλ’

239 2543 321 2601 ἵνα
364 2549 532 2601 σώσω
594 2545 779 2616 αὐτὸν,
832 2543 991 2606 αὐτός
1051 2544 1191 2598 ἐστιν
1252 2545 1279 2598 6
1323 2543 1523 2618 λέγων,
1573 2545 1633 2602 Ὁ
1666 2548 1885 2618 θεωρῶν

245 2636 352 2707 ἒμὶ,
412 2640 614 2711 θεωρεῖ
684 2635 772 2688 τὸν
828 2633 1117 2707 πέμψαντά
1177 2653 1288 2706 με·
1351 2635 1378 2686 6
1438 2630 1496 2687 δὲ
1553 2630 1723 2688 ἐλθὼν
1775 2634 1885 2707 (17)

241 2725 396 2779 σῶσαι
427 2725 524 2780 τὸν
557 2723 787 2796 κόσμον,
821 2723 909 2777 καὶ
963 2723 1038 2795 μή
1087 2727 1262 2797 κρῖναι
1312 2721 1493 2789 αὐτὸν,
1528 2723 1556 2776 6
1591 2724 1886 2796 μονογενής

241 2814 369 2868 ἔστιν
421 2814 554 2874 Υἱὸς
591 2815 690 2866 τοῦ
740 2815 892 2866 Θεοῦ’
946 2808 1114 2880 δῆλον
1167 2811 1249 2865 ὅτι
1281 2811 1308 2863 6
1339 2809 1499 2872 αὐτὸς
1529 2810 1653 2872 Υἱὸς
1683 2809 1821 2866 ἐστιν
1856 2811 1884 2864 6

240 2899 428 2978 λέγων,
486 2903 554 2959 Ὃ
613 2904 834 2978 θεωρῶν
894 2900 1010 2973 ἒμὶ,
1069 2901 1263 2974 θεωρεῖ
1317 2901 1405 2954 τὸν
1447 2898 1734 2972 πέμψαντά
1793 2915 1878 2973 με.

236 2992 326 3046 Καὶ
357 2993 457 3068 γὰρ
489 2995 524 3046 ὁ
557 2990 753 3066 λέγων,
804 2992 866 3047 Ὁ
914 2988 1179 3044 πιστεύων
1234 2989 1310 3051 εἷς
1359 2989 1476 3062 ἐμὲ,
1509 2989 1618 3062 καὶ,
1648 2988 1768 3045 Ἐάν
1800 2989 1884 3054 τίς

236 3101 334 3153 μου
388 3079 599 3153 ἀκούσῃ
660 3082 773 3152 (18)
830 3083 936 3133 τῶν
989 3078 1273 3154 ῥημάτων,
1325 3079 1429 3154 ἑγὼ
1484 3077 1545 3133 ού
1587 3077 1755 3155 κρίνω
1788 3078 1881 3133 αύ-

231 3172 339 3241 τὸν,
383 3167 550 3230 αὐτός
601 3167 742 3222 ἔστιν
793 3169 820 3221 6
871 3167 1016 3235 Υἱὸς,
1061 3167 1184 3243 περὶ
1231 3165 1292 3222 o6
1337 3167 1505 3222 ταῦτά
1548 3188 1708 3245 φησιν
1742 3169 1878 3243 (19),

232 3257 284 3310 Ὀ
337 3256 610 3312 πιστεύων
672 3255 748 3318 εἷς
799 3254 956 3310 αὐτὸν
1017 3256 1080 3310 οὐ
1137 3255 1395 3331 κρίνεται’
1458 3257 1486 3310 6
1547 3253 1606 3310 δὲ
1655 3255 1731 3328 μὴ
1780 3275 1876 3311 πι-

235 3345 425 3401 στεύων
483 3343 600 3415 ἤδη
659 3344 935 3421 κέκριται,
995 3346 1078 3399 ὅτι
1141 3345 1216 3418 μή
1276 3344 1621 3400 πεπίστευκεν
1681 3345 1756 3407 εἰς
1812 3347 1876 3400 τὸ

234 3431 399 3508 ὄνομα
447 3438 553 3490 106
616 3431 940 3510 μονογενοῦς
992 3435 1119 3488 Υἱοῢ
1174 3439 1270 3488 τοῦ
1327 3438 1482 3490 Θεοῦ.
1533 3435 1631 3488 Καὶ
1688 3433 1877 3506 πάλιν,

234 3524 324 3578 Καὶ
349 3524 483 3594 αὕτη
551 3525 663 3596 (20)
721 3522 861 3577 ἐστὶν
917 3525 951 3591 ἡ
1011 3520 1186 3596 κρίσις
1242 3525 1338 3576 106
1399 3523 1476 3595 μὴ
1530 3522 1876 3584 πιστεύοντος

235 3611 306 3675 εἰς
358 3614 450 3667 τὸν
513 3611 662 3680 Υἱὺν,
724 3612 806 3666 ὅτι
835 3611 898 3666 τὸ
945 3615 1059 3685 φῶς
1107 3608 1370 3681 ἐλήλυθεν
1406 3611 1484 3673 εἷς
1523 3611 1613 3666 τὸν
1646 3610 1871 3684 κόσμον.

222 3702 306 3755 καὶ
359 3701 459 3756 ούκ
525 3700 837 3755 ἐπίστευσαν
897 3699 1063 3771 αὐτῷ,
1127 3697 1383 3770 δηλονότι
1442 3705 1522 3772 τῷ
1581 3701 1694 3772 Υἱῶ
1741 3701 1873 3775 (21).

228 3790 387 3853 Αὐτὸς
416 3791 530 3866 γὰρ
573 3788 632 3842 ἂν
684 3785 769 3859 εἷή
827 3790 889 3843 τὸ
930 3793 1045 3863 φῶς
1075 3789 1138 3843 τὸ
1189 3789 1424 3862 φωτίζον
1472 3792 1645 3844 πάντα
1670 3786 1875 3863 ἅνθρω-

219 3899 312 3932 πον
363 3881 456 3934 τὸν
527 3877 822 3952 ἐρχόμενον
875 3878 950 3939 εἰς
1008 3878 1099 3932 τὸν
1159 3878 1392 3950 κόσμον·
1441 3879 1530 3932 καὶ
1583 3879 1705 3932 ὅσον
1739 3878 1875 3955 χρό-

1999 2016 2105 2070 Ηοε
2132 2021 2210 2070 est
2241 2018 2423 2070 autem
2442 2014 2748 2086 judicium,
2777 2016 2909 2087 quia
2941 2015 3044 2070 lux
3077 2017 3225 2070 venit
3255 2015 3314 2069 in
3367 2015 3662 2083 mundum,

1999 2111 2051 2160 et
2079 2102 2398 2159 dilexerunt
2429 2103 2678 2159 homines
2706 2104 2892 2174 magis
2921 2103 3173 2159 tenebras
3209 2119 3383 2174 quam
3436 2103 3610 2159 lucem
3639 2121 3661 2158 .-

1997 2201 2158 2250 erant
2200 2194 2352 2249 enim
2399 2208 2588 2249 eorum
2637 2192 2789 2248 mala
2815 2207 2982 2256 opera
3011 2192 3075 2245 ⁸⁸.
3112 2192 3315 2264 Itaque
3347 2190 3397 2248 si
3423 2190 3523 2247 ille
3555 2191 3660 2265 qui

1999 2283 2160 2353 dicit,
2190 2283 2308 2338 Non
2337 2284 2488 2339 enim
2538 2283 2667 2338 veni
2707 2283 2767 2336 ut
2811 2280 3052 2354 jadiccm
3106 2282 3404 2350 mundum,
3461 2281 3558 2337 sed
3597 2286 3659 2337 ut

1997 2371 2212 2426 salvum
2266 2372 2472 2440 faciam
2531 2386 2688 2438 eum,
2742 2369 2869 2442 ipse
2897 2373 2986 2426 est
3013 2369 3116 2442 qui
3146 2369 3320 2426 etiam
3353 2368 3515 2436 dicit,
3550 2370 3654 2440 Qui

1997 2460 2144 2516 videt
2169 2477 2281 2526 me,
2312 2462 2460 2516 videt
2485 2477 2612 2515 eum
2643 2460 2738 2530 qui
2757 2458 2912 2514 misit
2940 2475 3030 2514 me
3058 2476 3076 2514 :
3109 2459 3158 2514 si
3187 2459 3328 2516 item
3376 2458 3496 2526 ille,
3550 2460 3653 2531 qui

1996 2549 2151 2605 venit
2182 2555 2244 2604 ut
2276 2551 2564 2606 mundum
2598 2548 2828 2606 salvum
2863 2548 3016 2605 500
3044 2548 3377 2617 faciat,non
3403 2549 3654 2621 judicet,

1997 2637 2344 2709 Unigonitus
2376 2641 2466 2694 est
2495 2637 2598 2694 Dei
2629 2637 2843 2707 Filius;
2881 2637 3082 2711 utique
3130 2638 3512 2694 manifestum
3563 2643 3655 2694 est

1993 2727 2192 2798 ipsum
2218 2743 2346 2783 esse
2377 2726 2587 2782 Filium
2617 2727 2716 2800 qui
2747 2727 3024 2796 dicit,Qui
3046 2727 3193 2784 videt
3218 2743 3324 2794 me,
3347 2728 3502 2783 videt
3529 2744 3656 2784 eum

1993 2818 2088 2886 qui
2114 2817 2267 2872 misit
2298 2815 2639 2873 me.Etenim
2669 2815 2717 2872 is
2747 2816 2846 2887 qui
2875 2816 3150 2887 dicit,Qui
3173 2817 3349 2872 credit
3378 2817 3438 2872 in
3461 2823 3650 2886 me,et,

1993 2904 2054 2959 Si
2083 2906 2208 2975 quis
2231 2904 2472 2960 audierit
2501 2905 2668 2961 verba
2698 2921 2842 2976 mea,
2873 2920 2970 2976 ego
3000 2921 3106 2961 non
3136 2906 3329 2976 judico
3359 2921 3502 2973 eum,
3526 2906 3651 2977 ipse

1990 2998 2081 3049 est
2113 2991 2294 3049 Filius
2325 2994 2396 3050 de
2426 3011 2542 3066 quo
2573 2993 2698 3050 haec
2730 2994 2894 3062 dicit,
2930 2994 3035 3062 Qui
3063 2995 3245 3050 credit
3273 2995 3335 3049 in
3360 3011 3648 3064 eum,non

1979 3082 2272 3152 Judioatur
2300 3101 2318 3137 :
2349 3084 2446 3153 qui
2473 3087 2662 3139 autem
2691 3099 2803 3140 non
2833 3082 3082 3148 credidit,
3108 3085 3230 3155 jam
3241 3083 3523 3154 judicatus
3545 3091 3643 3155 est,

1988 3173 2119 3242 quia
2147 3187 2256 3227 non
2286 3171 2515 3227 credidit
2545 3173 2608 3227 in
2650 3188 2848 3228 nomen
2897 3173 3176 3243 unigeniti
3219 3171 3362 3228 Filii
3409 3173 3507 3227 Dei
3521 3189 3542 3234 ;
3588 3176 3648 3228 et

1990 3277 2216 3328 rursus,
2277 3262 2383 3317 Hoc
2431 3269 2506 3317 est
2525 3260 2806 3332 judicium
2834 3264 2958 3333 ejus
2987 3262 3085 3332 qui
3112 3276 3226 3317 non
3255 3261 3434 3317 credit
3461 3263 3522 3316 in
3551 3261 3644 3317 Fi-

1988 3351 2146 3421 lium,
2178 3352 2308 3422 quia
2339 3350 2438 3405 tua:
2483 3351 2632 3406 venit
2680 3351 2742 3405 in
2792 3349 3081 3421 mundum,
3139 3366 3238 3407 nec
3290 3349 3640 3406 crediderunt

1987 3440 2040 3494 ei
2093 3439 2157 3508 ⁷ο,
2209 3455 2417 3510 nempe
2475 3438 2641 3495 Filio.
2695 3443 2817 3494 Lux
2845 3439 3001 3494 enim
3033 3442 3187 3494 certe
3217 3438 3342 3510 ipse
3373 3443 3481 3508 est,
3514 3453 3639 3510 qua

1987 3527 2278 3584 illuminat
2297 3543 2511 3583 omnem
2536 3528 2812 3584 hominem
2840 3531 3144 3584 venientem
3173 3529 3238 3583 in
3264 3527 3534 3583 mundum
3554 3528 3640 3598 τίς

1989 3616 2088 3686 qui
2119 3616 2357 3687 quidem
2391 3616 2653 3688 quandiu
2674 3617 2999 3672 secundum
3020 3616 3344 3671 humanum
3364 3620 3641 3673 naturam

1989 3703 2048 3758 in
2107 3704 2279 3760 terris
2338 3704 2575 3774 mansit,
2605 3703 2706 3760 lux
2738 3709 2863 3760 erat
2894 3703 2952 3760 in
2989 3705 3230 3776 mundo,
3264 3707 3330 3759 ut
3359 3705 3485 3778 ipse
3515 3705 3597 3760 ait
3624 3720 3639 3759 :

1985 3794 2126 3848 Dum
2160 3792 2338 3850 lucem
2365 3793 2594 3861 habetis,
2628 3794 2835 3849 credite
2863 3795 2924 3848 in
2970 3793 3166 3865 lucem,
3225 3800 3286 3848 ut
3340 3794 3451 3864 ﬁlii
3508 3795 3644 3849 lucis

1984 3883 2129 3938 sitis.
2169 3913 2239 3924 --
2267 3886 2378 3953 Ego
2407 3885 2558 3938 enim
2588 3883 2706 3952 lux,
2739 3882 2954 3954 inquit,
2986 3883 3048 3937 in
3080 3882 3346 3938 mundum
3373 3884 3503 3938 veni
3524 3882 3590 3938 τ’.

128 3959 131 3962 ’
219 3987 302 4022 νον
361 3969 447 4023 ἐπὶ
508 3973 614 4041 γῆς
640 3969 752 4040 (22)
785 3967 1002 4042 ὑπῆρχε
1027 3968 1160 4021 κατὰ
1212 3968 1312 4036 τὴν
1371 3968 1798 4041 ὲνανθρώπησιν,
1831 3971 1944 4046 φῶς
1978 3968 2054 4030 είς
2084 3968 2176 4022 τὸν
2205 3968 2410 4042 κόσμον
2442 3970 2532 4039 ἦν,
2579 3968 2653 4031 ὡς
2699 3963 2799 4046 ἔφη
2851 3968 3029 4030 αὐτός·
3064 3971 3212 4031 Ἕως
3260 3971 3322 4023 τὸ
3373 3974 3487 4048 φῶς
3518 3964 3638 4045 ἔχε-

217 4075 290 4125 τε,
340 4055 628 4113 πιστεύετε
685 4055 762 4118 εἰς
814 4055 875 4111 10‘
931 4060 1065 4134 φῶς,
1127 4054 1213 4110 ἶνα
1269 4057 1377 4111 υἱοὶ
1409 4057 1587 4135 φωτὸς
1641 4058 1870 4132 γένησθε
1901 4101 1913 4113 .

220 4150 371 4213 λυθα.

317 4174 371 4213 α.

286 4165 370 4300 :9.
405 4243 514 4299 Καὶ
559 4241 755 4297 τούτου
804 4241 981 4298 τοίνυν
1025 4241 1362 4318 δειχθέντος,
1397 4239 1564 4312 δῆλον
1617 4244 1702 4298 ὅτι
1741 4241 1865 4306 Υἱός

217 4329 352 4386 ἔστιν
385 4333 414 4386 ὁ
448 4333 654 4407 Λόγος.
686 4330 755 4388 Εἴ
793 4329 850 4386 δὲ
899 4333 926 4386 6
961 4332 1084 4394 Υἰός
1141 4333 1251 4387 ἑστι
1294 4333 1357 4387 τὸ
1405 4337 1519 4411 φῶς
1563 4335 1627 4389 τὸ
1668 4332 1746 4396 εἷς
1773 4333 1865 4388 τὸν

218 4422 416 4493 κόσμον
452 4419 750 4490 ὲληλυθὸς,
781 4419 1182 4497 ἀναντιῤῥήτως
1215 4417 1305 4476 διὰ
1325 4425 1422 4476 106
1446 4423 1572 4477 Υἱοῦ
1604 4423 1632 4477 6
1664 4421 1868 4495 κόσμος

1970 4056 2114 4132 Ἐγὼ
2168 4057 2270 4133 γὰρ
2327 4062 2464 4136 φῶς,
2521 4058 2682 4136 φησὶν
2739 4059 2875 4131 (23),
2935 4057 3010 4120 εἷς
3066 4059 3158 4113 τὸν
3213 4057 3418 4132 κόσμον
3479 4056 3579 4130 ὲλή
3611 4087 3636 4102 -

2051 4246 2138 4301 19.
2172 4246 2397 4310 Quibus
2428 4245 2510 4301 ita
2538 4243 2798 4318 probatis
2829 4245 3207 4317 perspicuum
3239 4262 3378 4304 sane
3409 4251 3500 4302 est
3537 4247 3629 4303 Fi-

1978 4333 2127 4390 lium
2159 4350 2288 4391 esse
2320 4335 2515 4406 ipsum
2546 4333 2824 4390 Verbum.
2857 4334 3032 4390 Porro
3064 4333 3114 4391 si
3145 4333 3326 4392 Filius
3375 4335 3472 4391 lux
3521 4341 3630 4407 est,

1979 4439 2105 4495 quae
2138 4422 2296 4480 venit
2325 4423 2384 4478 in
2415 4423 2744 4492 mundum;
2778 4423 2906 4479 sine
2941 4421 3062 4480 ulla
3092 4426 3489 4483 controversia
3539 4443 3630 4483 se-

282 4568 325 4603 “
353 4568 528 4624 Joan.
561 4584 653 4640 xv,
682 4568 772 4623 22.
848 4569 894 4604 ‘9
918 4568 1088 4626 Joan.
1120 4586 1207 4638 ιιι,
1243 4569 1432 4626 16-19.
1509 4571 1554 4608 ⁷ο
1582 4568 1726 4626 ibid.
1761 4569 1847 4626 19.

2000 4568 2168 4626 Joan.
2202 4584 2244 4636 ι,
2274 4568 2328 4624 9.
2403 4570 2449 4605 ἠ
2475 4569 2648 4626 Joan.
2679 4584 2782 4637 xu,
2814 4569 2906 4641 36,
2938 4569 3027 4626 46.

284 4705 570 4787 (ιη-ι).βᾶ
603 4710 733 4782 Seg.
767 4710 944 4767 Basil.
977 4716 1037 4768 et
1063 4711 1294 4785 Anglic.
1323 4713 1630 4787 γενήσεται.
1663 4711 1867 4769 Castori
1901 4714 1947 4779 Ι)

220 4784 275 4836 et
293 4777 448 4836 editi
481 4777 711 4837 ἰᾶἐνετοῖ

220 4916 242 4937 κ
281 4853 396 4923 (14)
425 4852 522 4909 Sic
551 4853 767 4927 Regius
798 4857 854 4909 et
883 4854 1423 4927 Seguerianus,Alii
1455 4870 1591 4912 vero
1621 4858 1679 4911 et
1709 4854 1871 4922 editi,

219 4941 652 5081 εφῗίὸῌξθεὶιιιε
681 4997 1072 5081 Seguerianus
1112 4972 1554 5081 Basiliensi‘s'et
1599 4995 1868 5081 Anglica-

221 5081 330 5140 nus
360 5065 594 5140 addunt
621 5066 648 5118 6
682 5065 863 5140 αὐτός,
895 5069 1046 5140 quod
1084 5070 1251 5124 abest
1274 5069 1349 5124 ab
1381 5069 1512 5126 aliis
1566 5072 1622 5124 et
1668 5065 1868 5124 editis.

289 5138 405 5212 (l6)
435 5137 533 5212 _Sic
564 5137 776 5212 Regius
834 5137 927 5196 et'
951 5141 1359 5212 Seguerianus.
1418 5143 1491 5196 At
1549 5141 1610 5196 in
1652 5140 1784 5196 aliis
1814 5143 1872 5196 et

219 5208 394 5283 editis
421 5209 589 5264 deest
615 5208 736 5283 γάρ.

288 5277 788 5353 (17)-Ηωονὸιέδει,
824 5281 851 5334 6
884 5278 940 5334 δὲ
966 5278 1163 5351 ἐλθών,
1195 5286 1332 5348 etc.,
1364 5283 1436 5338 ad
1481 5277 1770 5353 πέμψαντά
1805 5298 1871 5353 με

220 5349 526 5424 incluSive,
556 5352 771 5424 desunt
800 5353 857 5407 in
887 5354 1050 5410 Gobl.
1084 5349 1420 5410 et’Felckm.
1451 5353 1508 5424 4.
1534 5349 1680 5410 Ibid.
1713 5349 1816 5424 pro
1840 5350 1868 5404 ὁ

225 5422 524 5496 μονογενής
553 5420 715 5489 ἔστιν,
747 5424 923 5496 Basil.
959 5424 1254 5496 Anglican.
1291 5429 1349 5481 et
1375 5423 1553 5481 editio
1602 5420 1870 5496 Comme-

220 5493 442 5617 lsiniang
475 5495 712 5565 habent,
747 5495 1019 5570 ὁμογενής
1048 5493 1224 5552 ἳστιν.
1278 5497 1410 5553 Mox
1456 5495 1868 5568 Seguerianus,

254 5583 285 5617 η
333 5583 391 5617 ον
431 5584 508 5617 τι.

333 5583 508 5618 ονοτι.

254 5583 556 5716 Ὃᾘᾘθέ,
589 5641 714 5709 Sag.
749 5638 925 5696 Basil.
959 5643 1016 5695 et
1042 5639 1294 5712 Anglic.,
1321 5635 1548 5711 ἀκούσῃ.
1582 5636 1782 5694 Ceteri
1813 5638 1872 5693 et

228 5707 394 5780 cpiti,
421 5706 742 5780 δικᾱύσηται.

292 5777 743 5855 (19)Reg.Seg.
780 5781 951 5839 Basil.
1007 5788 1064 5841 et
1109 5781 1417 5857 Anglican.
1461 5779 1630 5836 ταῦτά
1684 5797 1870 5857 φησιν.

1979 4709 2102 4786 Alii
2121 4714 2179 4786 et
2207 4710 2372 4786 editi,
2402 4712 2573 4764 ταῦτα
2596 4704 2721 4786 ἔφη.

2195 4781 2289 4865 Sic
2317 4781 2463 4865 Beg.‘
2488 4781 2834 4865 S'egz'B'asil...
2862 4785 2918 4838 et
2937 4782 3249 4865 Anglican.
3282 4783 3344 4840 In
3391 4781 3521 4839 aliis
3572 4793 3632 4840 et

1985 4850 2160 4909 editis
2188 4850 2278 4906 καί
2307 4850 2473 4910 ᾶθθέι
2503 4850 2649 4910 Ibid.
2681 4853 2858 4910 Basil.
2893 4850 3051 4923 αὐτήξ

2058 4925 2169 4997 (21)
2195 4929 2334 4996 Reg.
2387 4925 2521 4997 Seg.
2547 4925 2752 4997 _B_asil.
2779 4928 2864 4997 ﬂet
2906 4922 3129 4996 Anglic.
3163 4922 3369 4997 «iride.
3403 4923 3625 4997 ibidem

1982 4991 2163 5076 Basil;
2195 4991 2508 5076 etlnglié.
2544 4991 2738 5076 δῆλον,
2772 4991 3036 5076 fiet-1M0;
3081 4993 3301 5076 Regius
3323 4995 3623 5076 et_Segue-

1981 5067 2188 5141 rianus
2215 5066 2318 5141 16v_
2333 5063 2658 5141 _€§xduev0v.
2693 5063 2755 5122 In
2787 5067 2919 5141 aliis
2957 5071 3013 5122 et
3042 5063 3212 5141 editis
3240 5063 3332 5118 τόν
3363 5063 3548 5141 deest.

2052 5139 2164 5213 (22)
2197 5134 2534 5213 Basiliefns'is
2565 5137 3014 5213 et‘Anglicanus
3063 5134 3150 5213 ἐπὶ
3180 5141 3279 5205 τῆς
3323 5139 3445 5213 γῆς.
3470 5142 3625 5213 _Mox

1979 5204 2159 5284 iidem
2185 5216 2244 5265 et
2273 5204 2489 5284 Regius
2521 5226 2586 5284 ac
2615 5204 3028 5284 Segu'erianus,
3052 5204 3358 5284 dicspncw;
3383 5204 3623 5284 ‘Ibidem

1981 5279 2286 5356 Regiuset
2317 5275 2745 5356 Seguet'ianus'L
2778 5279 2861 5356 ibi
2892 5279 2954 5334 τὸ
2987 5275 3101 5356 φῶς
3336 5281 3478 5337 Item
3513 5281 3626 5356 ibi-

1979 5349 2324 5424 derhriidem
2358 5349 2498 5424 Reg.
2533 5349 2887 5424 SeguBasil.
2931 5349 3010 5424 _et'
3062 5349 3301 5424 Anglic.
3350 5350 3626 5407 πιστεύετε

1979 5421 2056 5483 εἷς
2087 5423 2146 5476 τὸ
2177 5425 2314 5492 φῶς.
2337 5419 2488 5477 Editi
2519 5428 2576 5477 et
2606 5419 2725 5492 alii,
2758 5419 3034 5477 πιστεύετε
3065 5419 3324 5485 εἷς-αὐτό·

2190 5492 2422 5574 ‘Regius
2443 5493 2918 5574 eLSeguerianus
2949 5492 3113 5574 φησίν
3143 5495 3368 5574 addunt
3391 5493 3541 5574 §_a1ii
3571 5495 3629 5548 et

1979 5560 2120 5639 editi
2148 5560 2466 5639 ὀῐιιὶ-ξιιιιιί.Δ
2486 5560 2665 5639 Paulo
2698 5569 2828 5639 post
2850 5560 3243 5639 Seguerianus
3273 5563 3452 5620 Basil.
3510 5560 3624 5639 δει-

1979 5632 2227 5708 χθέντος,
2249 5632 2345 5710 ⁸ὅτι
2377 5633 2500 5696 Υἱός
2539 5633 2678 5691 ἐστιν
2698 5632 2736 5690 ⁷6
2764 5632 2964 5710 λέγωηῖ.
3014 5637 3376 5709 Anglicanus
3407 5635 3627 5694 omittit

1981 5703 2216 5780 quoque
2246 5703 2439 5772 δῆλον.
