4076 6342
461 434 579 491 495

1010 433 1072 492 S.
1123 431 1544 492 ATHANASII
1593 431 1765 490 OPP.
1817 429 2012 489 PARS
2058 430 2100 488 1.
2138 463 2213 471 -
2249 427 2667 491 HISTORICA
2713 431 2813 494 ET
2855 432 3332 496 DOGMATICA.

3761 433 3882 495 496

461 566 663 639 quitur
691 568 756 620 ut
783 580 886 637 per
917 563 1128 619 Filium
1189 564 1377 620 factus
1439 564 1616 619 fuerit
1672 565 1954 619 mundus.
2014 561 2108 618 Sic

2237 557 2465 634 ὶγένετο.
2503 563 2589 618 Ἐν
2637 566 2739 640 γὰρ
2787 564 2857 638 τῇ
2911 564 3058 640 ἀρχῇ
3103 569 3200 620 106
3243 562 3587 640 Εὐαγγελίου
3615 567 3740 640 περὶ
3787 571 3886 621 106

459 655 618 711 enim
651 652 1012 725 evangelista
1042 651 1207 708 initio
1231 652 1524 726 Evangelii
1552 651 1629 709 ita
1651 653 1721 708 de
1756 653 1981 708 Joanne
2009 655 2115 706 Ba-

459 743 638 814 ptista
664 741 928 812 loquitur
960 758 972 795 :
1007 743 1125 798 Non
1155 746 1279 798 erat
1311 743 1406 797 ille
1436 743 1556 807 lux,
1613 742 1716 798 sed
1769 748 1829 796 ut
1883 742 2120 796 testimo-

457 836 612 888 nium
638 830 952 903 perhiberet
981 830 1054 886 de
1085 832 1297 886 lumine
1325 832 1390 886 ⁷³.
1412 830 1652 903 Nempe,
1676 835 1741 886 ut
1768 832 1938 885 antea
1964 828 2118 884 dixi-

459 937 614 990 mus,
647 920 772 992 ipse
820 918 1087 975 Christus
1140 920 1240 975 lux
1292 936 1424 976 vera
1482 924 1592 989 est,
1650 934 1773 992 quae
1829 919 2120 975 illuminat

457 1025 672 1067 omnem
701 1009 977 1065 hominem
1005 1011 1310 1066 venientem
1339 1011 1398 1066 in
1417 1008 1692 1065 mundum
1711 1009 2048 1081 “Namque
2065 1008 2116 1065 si

456 1097 516 1154 in
539 1096 762 1154 mundo
792 1097 922 1170 ipse
951 1102 1160 1165 erat,et
1181 1101 1439 1155 mundus
1468 1115 1572 1171 per
1599 1115 1734 1154 eum
1767 1099 1957 1154 factus
1988 1101 2077 1154 est
2101 1114 2114 1152 :

457 1203 696 1244 necesse
717 1186 902 1259 igitur
923 1190 1012 1242 est
1036 1187 1232 1260 ipsum
1260 1187 1362 1244 Dei
1381 1188 1638 1244 Verbum
1665 1205 1814 1256 esse,
1837 1203 1942 1260 per
1960 1189 2116 1259 quod

456 1276 654 1333 omnia
684 1277 838 1332 facta
870 1276 1054 1332 fuisse
1094 1276 1246 1331 idem
1291 1280 1564 1332 testatur.
1617 1276 1715 1332 Vel
1765 1275 1919 1332 enim
1969 1277 2118 1331 duos

454 1367 711 1422 mundos
737 1365 1071 1421 ’admittere
1118 1370 1418 1438 cogentur,
1469 1369 1533 1422 ut
1564 1382 1719 1421 unus
1748 1382 1850 1438 per
1878 1363 2116 1431 Filium,

455 1460 512 1512 et
545 1455 697 1511 alius
729 1471 833 1527 per
860 1455 1110 1511 Verbum
1140 1455 1328 1512 factus
1360 1457 1438 1512 sit
1491 1471 1504 1511 :
1561 1455 1649 1511 vel
1709 1455 1755 1511 si
1818 1471 1973 1510 unus
2030 1458 2118 1510 est

456 1545 740 1610 mundus,
770 1545 830 1599 et
857 1560 975 1600 una
1003 1548 1200 1600 creata
1226 1548 1456 1612 natura,
1509 1543 1779 1617 sequitur
1823 1547 1882 1600 et
1930 1559 2114 1598 unum

453 1638 510 1689 et
539 1633 813 1688 eumdem
836 1632 1049 1689 Filium
1072 1649 1137 1688 ac
1161 1633 1414 1690 Verbum
1439 1638 1576 1689 ante
1602 1648 1838 1689 omnem
1861 1635 2116 1688 creatam

455 1727 727 1779 naturam
759 1721 1070 1790 exstitisse,
1117 1723 1334 1796 quippe
1382 1739 1512 1794 quas
1565 1739 1666 1796 per
1716 1724 1912 1795 ipsum
1967 1724 2117 1777 facta

453 1810 648 1868 fuerit.
667 1811 1038 1880 Quocirca,si
1067 1812 1570 1882 quemadmodum
1604 1827 1706 1884 per
1731 1809 2116 1878 Verbum,ita

456 1903 515 1958 et
544 1917 648 1973 per
680 1899 894 1956 Filium
928 1900 1130 1956 omnia
1155 1900 1309 1957 facta
1336 1905 1496 1970 sunt,
1551 1899 1701 1956 nihil
1753 1900 2112 1956 contrarium

456 2007 584 2047 esse
617 1989 1054 2062 apparebit,sed
1092 1989 1286 2062 potius
1318 1990 1473 2046 idem
1506 1990 1747 2046 omnino
1768 1989 1880 2046 erit
1900 1989 2112 2060 dicere,

455 2085 519 2136 In
562 2080 835 2152 principio
882 2083 1001 2135 erat
1062 2079 1324 2148 Verbum,
1378 2084 1458 2147 et,
1516 2079 1580 2135 In
1635 2079 1921 2150 principio
1991 2081 2117 2133 erat

457 2169 656 2226 Filius.
715 2169 828 2224 Sed
889 2167 960 2239 si,
1021 2185 1088 2224 eo
1145 2170 1298 2240 quod
1351 2185 1466 2224 non
1499 2167 1709 2223 dixerit
1737 2168 2013 2238 Joannes,
2050 2167 2112 2222 In

454 2257 740 2330 principio
768 2261 890 2313 erat
913 2257 1116 2324 Filius,
1163 2261 1381 2328 negant
1431 2255 1575 2312 Filio
1626 2256 1935 2312 convenire
1986 2271 2114 2328 quae

452 2346 623 2402 Verbi
656 2346 890 2418 prOpria
920 2351 1076 2416 sunt,
1101 2345 1376 2402 similiter
1405 2345 1589 2417 igitur
1617 2346 1805 2400 Verbo
1839 2360 1953 2399 non
1975 2361 2112 2400 con-

451 2436 694 2492 veniunt
718 2452 844 2506 quas
869 2436 1103 2507 propria
1127 2438 1264 2492 sunt
1288 2435 1618 2506 Filii.Atqui
1642 2436 2112 2490 demonstratum

450 2529 540 2581 est
570 2525 640 2580 ad
673 2524 885 2579 Filium
921 2525 1041 2580 haec
1074 2525 1365 2596 pertinere
1412 2523 1608 2593 verba,
1670 2524 1786 2596 Ego
1842 2531 1895 2579 et
1953 2527 2115 2578 Pater

449 2632 624 2669 unum
651 2629 839 2669 sumus
869 2614 932 2684 ⁷⁵,
966 2613 1281 2686 ipsumque
1314 2629 1463 2682 esse,
1497 2615 1595 2685 qui
1622 2620 1702 2668 est
1730 2613 1787 2667 in
1834 2614 1964 2668 sinu
2011 2617 2113 2667 Pa-

446 2705 549 2758 tris
578 2703 658 2772 7°;
692 2701 800 2758 has
833 2702 1109 2758 similiter
1137 2719 1310 2758 voces
1341 2703 1470 2772 ejus
1500 2718 1649 2769 esse,
1681 2703 1779 2774 qui
1810 2703 1956 2757 videt
2001 2716 2108 2771 me,

448 2792 728 2847 videleum
740 2793 997 2863 quimisit
1012 2807 1097 2846 me
1109 2792 1148 2824 ⁷⁷
1177 2808 1190 2846 :
1215 2790 1553 2846 Verboitem
1568 2795 1623 2847 et
1637 2789 1776 2845 Filio
1799 2805 2112 2846 commune

447 2898 576 2937 esse
594 2882 750 2953 quod
769 2880 1308 2948 dicitur,mundum
1328 2896 1539 2952 nempe
1558 2896 1659 2950 per
1675 2880 1872 2952 ipsum
1892 2880 2110 2935 factum

449 2987 577 3026 esse
610 2987 624 3025 :
656 2987 726 3026 ex
755 2969 972 3042 quibus
1005 2970 1246 3026 evidens
1278 2969 1357 3026 sit
1385 2969 1597 3025 Filium
1629 2975 1765 3025 ante
1821 2969 2110 3024 mundum

449 3059 764 3127 exstitisse,
788 3058 1083 3130 siquidem
1111 3073 1350 3116 necesse
1372 3063 1461 3116 est
1483 3059 1752 3131 opificem
1775 3063 1908 3114 ante
1938 3074 2114 3130 opera

449 3164 596 3204 esse.
617 3147 836 3203 Deinde
866 3163 935 3202 ex
969 3146 1206 3203 illorum
1243 3147 1535 3204 sententia
1565 3147 1832 3220 sequitur
1869 3147 1926 3202 id
1960 3147 2113 3219 quod

445 3236 516 3291 ad
567 3235 901 3307 Philippum
934 3235 1157 3291 dictum
1187 3241 1296 3303 est,
1326 3252 1442 3291 non
1473 3237 1542 3291 ad
1577 3235 1858 3304 Verbum,
1900 3237 2004 3292 sed
2037 3237 2109 3292 ad

2143 1945 2192 2011 B

2228 655 2530 706 Βαπτιστοῢ
2559 651 2730 728 λέγων
2764 655 3016 710 Ἰωάννου
3044 656 3159 728 (24)
3191 657 3218 709 6
3251 652 3659 730 Εύαγγελιστής
3692 673 3880 732 φησιν’

2226 737 2343 794 Οὐκ
2389 741 2455 809 ἧν
2509 740 2713 805 ἐκεῖνος
2761 743 2823 798 τὸ
2875 748 3027 821 φῶς,
3075 741 3204 799 ἀλλ’
3245 741 3338 798 ’ίνα
3392 745 3710 820 μαρτυρήσῃ
3757 743 3883 820 περὶ

2223 832 2321 883 106
2371 830 2568 908 φωτός.
2628 833 2728 886 Ἦν
2783 833 2909 908 γὰρ,
2959 833 3034 894 ὡς
3081 833 3421 910 προέφημεν,
3471 833 3534 888 τὸ
3578 837 3692 912 φῶς
3721 832 3883 896 αὐτὸς

2227 918 2254 972 6
2303 920 2532 993 Χριστὸς
2577 923 2640 976 τὸ
2691 921 2976 992 ἀληθινὸν,
3035 923 3097 976 τὸ
3149 921 3382 1001 φωτίζον
3434 923 3611 978 πάντα
3668 921 3885 998 ἄνθρω-

2225 1027 2325 1062 πον
2382 1009 2474 1064 τὸν
2531 1009 2827 1086 ἐρχόμενον
2890 1011 2968 1074 εἰς
3022 1011 3112 1066 τὸν
3170 1010 3540 1085 κόσμον
3573 1011 3636 1069 Εἰ
3689 1013 3794 1088 γὰρ
3829 1011 3886 1067 ἐν

2225 1101 2304 1169 τῷ
2333 1098 2525 1172 κόσμῳ
2554 1100 2645 1173 ἦν,
2677 1100 2766 1155 καὶ
2799 1103 2827 1156 6
2857 1100 3061 1174 κόσμος
3092 1098 3162 1156 δι’
3200 1101 3363 1156 αὐτοῦ
3394 1099 3622 1177 ἰγὲνετο,
3673 1102 3881 1178 ἀνάγκη

2227 1185 2318 1242 06v
2351 1187 2508 1243 αὑτὸν
2543 1187 2675 1244 εἶναι
2703 1189 2796 1245 τὸν
2829 1191 3001 1264 Λόγον
3032 1193 3129 1244 τοῦ
3161 1194 3316 1259 Θεοῦ,
3347 1189 3471 1266 περὶ
3504 1189 3567 1244 οὗ
3597 1188 3688 1245 καὶ
3741 1190 3885 1244 πάν-

2224 1297 2289 1332 τα
2317 1274 2385 1331 δι’
2416 1277 2580 1334 αὐτοῦ
2607 1286 2923 1356 γεγενῆσθαι
2976 1276 3188 1357 ἔφησεν.
3223 1280 3293 1336 ἸΙ
3342 1278 3442 1354 γὰρ
3495 1275 3590 1333 δύο
3637 1277 3883 1352 κόσμους

2226 1366 2722 1441 ἀναγκασθήσονται
2769 1367 2972 1444 λέγειν,
2999 1367 3074 1421 'iv’
3123 1370 3151 1422 6
3206 1368 3298 1441 μὲν
3336 1364 3406 1422 δι’
3438 1369 3588 1438 Υἱοῦ,
3622 1369 3650 1422 6
3700 1365 3758 1423 δὲ
3787 1365 3880 1423 διὰ

2224 1459 2319 1510 106
2350 1455 2530 1532 Λόγου
2560 1456 2643 1527 εἴη
2695 1459 2956 1534 γεγονώς’
2990 1457 3048 1526 ἦ,
3083 1456 3128 1512 εί
3175 1459 3251 1519 εἷς
3302 1455 3444 1512 ἐστιν
3477 1457 3505 1511 6
3534 1457 3743 1530 κόσμος
3791 1458 3884 1512 καὶ

2229 1543 2326 1618 μία
2357 1547 2392 1616 ἡ
2442 1545 2636 1614 κτίσις,
2690 1545 2988 1602 ἀκόλουθον
3037 1545 3127 1601 καὶ
3339 1542 3436 1601 ἕνα
3465 1548 3555 1601 καὶ
3585 1547 3675 1601 τὸν
3721 1547 3882 1602 αὐτὸν

2224 1635 2347 1689 Υἱὸν
2399 1635 2489 1690 καὶ
2546 1637 2716 1710 Λόγον
2774 1636 2880 1711 πρὸ
2923 1637 3102 1706 πάσης
3155 1635 3405 1698 κτίσεως·
3461 1632 3530 1690 δι’
3580 1635 3746 1692 αὐτοῦ
3776 1636 3881 1712 γὰρ

2223 1722 2457 1799 γέγονεν.
2490 1722 2693 1779 Οὐκοῦν
2728 1723 2773 1779 εί
2824 1725 2897 1785 ὡς
2948 1727 3062 1797 (27)
3111 1720 3200 1778 διὰ
3226 1728 3324 1779 τοῦ
3371 1723 3576 1799 Λόγου,
3610 1724 3754 1780 οὕτω
3785 1725 3880 1780 καὶ

2226 1809 2314 1867 διὰ
2344 1813 2471 1868 Υἱοῦ
2499 1813 2566 1868 τὰ
2594 1813 2766 1869 πάντα
2807 1813 3048 1888 γέγονεν,
3082 1810 3234 1867 οὐδὶν
3269 1811 3505 1868 ἐναντίον
3553 1815 3876 1888 φανήσεται,

2223 1901 2368 1957 ἀλλᾶ
2419 1903 2510 1958 καὶ
2557 1902 2749 1958 ταύτὸν
2794 1900 2877 1972 εἴη
2927 1902 2986 1956 ἂν
3037 1901 3230 1970 είπεῖν,
3279 1900 3380 1975 ὠς,
3430 1903 3514 1959 Ἐν
3565 1901 3714 1978 ἀρχῇ
3753 1903 3822 1972 ἦν
3851 1903 3881 1958 6

2225 1990 2421 2066 Λόγος,
2457 1992 2542 2046 Ἐν
2577 1993 2722 2068 ἀρχῇ
2754 1991 2822 2060 ἦν
2854 1991 2882 2046 6
2913 1990 3058 2052 Υἱός.
3089 1991 3155 2046 Ei’
3187 1987 3267 2064 δὲ,
3299 1991 3383 2046 6'1:
3411 1992 3487 2065 μή
3522 1990 3666 2047 εἶπεν
3698 1992 3726 2046 6
3755 1997 3882 2047 Ἰω-

2223 2078 2404 2149 άννης,
2457 2082 2543 2138 Ἐν
2598 2083 2743 2156 ἀρχῇ
2792 2081 2857 2148 ἦν
2907 2081 2935 2134 6
2990 2080 3132 2150 Υἱὸς,
3185 2079 3293 2156 οὐχ
3333 2079 3593 2156 ἁρμόζειν
3643 2082 3880 2158 φήσουσι

2220 2171 2300 2239 τῷ
2331 2168 2441 2224 1⁸ῒῶ
2485 2169 2552 2223 τὰ
2595 2173 2694 2223 106
2744 2168 2940 2242 Λόγου,
2977 2163 3092 2243 ὥρα
3142 2168 3232 2223 καὶ
3264 2168 3330 2223 τὰ
3357 2173 3455 2223 τοῦ
3503 2169 3632 2223 Υἱοῦ
3668 2170 3744 2242 μὴ
3777 2170 3873 2243 ἁρ-

2226 2255 2407 2328 μόζειν
2435 2260 2514 2328 τῷ
2547 2255 2726 2332 Λόγῳ.
2773 2261 2878 2310 T06
2930 2254 2988 2311 δὲ
3031 2257 3161 2311 Υἱοῦ
3209 2254 3431 2333 ἐδείχθη
3483 2257 3570 2327 τὸ,
3603 2257 3744 2333 Ἐγὼ
3787 2257 3880 2312 καὶ

2223 2343 2250 2397 6
2282 2345 2466 2418 Πατὴρ
2495 2341 2552 2399 ἓν
2604 2344 2799 2417 ἐσμεν,
2852 2346 2944 2398 καὶ
2994 2345 3053 2399 τὸ
3101 2347 3235 2417 (28),
3285 2347 3313 2399 6
3363 2342 3436 2400 ὣν
3479 2344 3531 2400 ἐν
3585 2351 3700 2408 τοῖς
3747 2344 3881 2401 κόλ-

2221 2453 2346 2494 ποις
2402 2437 2499 2487 106
2557 2435 2786 2507 Πατρὸς,
2818 2434 3082 2509 ὑπάρχειν
3143 2433 3323 2488 αὐτόν·
3376 2434 3466 2489 καὶ
3514 2433 3598 2504 16,
3648 2435 3705 2488 Ὀ
3747 2437 3881 2489 θεω-

2221 2518 2328 2594 ρῶν
2380 2520 2498 2593 ἐμὲ,
2556 2524 2748 2596 θεωρεῖ
2800 2523 2892 2576 τὸν
2949 2521 3237 2596 πέμψαντά
3295 2543 3394 2595 με·
3445 2523 3626 2578 κοινὸν
3690 2521 3876 2595 μέντοι

2221 2611 2355 2684 πρός
2386 2631 2444 2665 τε
2469 2612 2559 2665 τὸν
2595 2611 2766 2686 Λόγον
2817 2611 2905 2665 καὶ
2955 2611 3046 2665 τὸν
3097 2612 3220 2666 Υἱὸν
3271 2612 3364 2666 τὸν
3418 2611 3623 2686 κόσμον
3677 2609 3746 2666 δι’
3777 2612 3872 2667 αὐ-

2219 2704 2316 2754 τοῦ
2364 2703 2701 2777 γεγενῆσθαιο
2755 2701 2830 2762 ὡς
2889 2699 2948 2755 ἐκ
3001 2699 3198 2756 τούτου
3255 2699 3557 2756 δείκνυσθαι
3614 2701 3720 2778 πρὸ
3775 2706 3871 2756 τοῦ

2219 2789 2428 2862 κόσμου
2479 2790 2611 2846 εἶναι
2654 2791 2746 2844 τὸν
2796 2789 2940 2845 Υἱόν.
2976 2791 3206 2866 Ἀνάγκη
3258 2790 3358 2866 γὰρ
3387 2792 3478 2846 τὸν
3532 2788 3868 2868 δημιουργὸν

2219 2879 2325 2952 πρὸ
2349 2877 2456 2934 τῶν
2483 2881 2784 2955 γινομένων
2814 2881 2929 2951 (29)
2962 2881 3118 2935 εἶναι.
3167 2879 3267 2936 Καὶ
3311 2881 3374 2934 τὸ
3418 2881 3554 2955 πρὸς
3586 2880 3864 2936 Φίλιππον

2221 2964 2278 3023 δὲ
2305 2966 2596 3043 λεγόμενον
2631 2969 2694 3023 οὑ
2722 2973 2818 3023 106
2878 2969 3057 3042 Λόγου
3102 2969 3219 3024 κατ’
3266 2967 3462 3031 αὐτοὺς
3512 2969 3571 3023 ἂν
3606 2966 3689 3040 εἴη
3725 2968 3870 3025 ἀλλὰ

2217 3062 2314 3112 106
2345 3058 2492 3114 1‘106.
2542 3060 2679 3115 Εἷπε
2725 3058 2851 3134 γὰρ,
2907 3058 3093 3132 φησὶν,
3141 3059 3168 3112 6
3221 3059 3427 3127 Ἰησοῦς
3478 3060 3613 3132 (30)·
3665 3063 3867 3114 Τοσοῦ-

2217 3167 2309 3201 τον
2355 3145 2558 3222 χρόνον
2624 3148 2737 3220 μεθ’
2797 3147 2949 3220 ὑμῶν
3014 3147 3160 3220 εἷ’μι,
3209 3148 3296 3202 καὶ
3349 3148 3448 3202 οὒκ
3478 3145 3716 3224 ἔγνωκάς
3779 3155 3867 3221 με,

2221 3233 2465 3291 Φίλιππε
2495 3253 2509 3306 ;
2542 3237 2605 3292 ἹΙ
2637 3235 2890 3312 ἑωρακὼς
2940 3234 3058 3308 έμὶ,
3109 3235 3314 3312 ἑώρακε
3360 3236 3453 3291 τὸν
3505 3235 3732 3312 Πατέρα.
3769 3236 3865 3291 Καὶ

446 3323 659 3381 Filium
690 3323 1002 3396 pertinere.
1037 3324 1207 3392 Nam,
1243 3329 1307 3380 ut
1337 3328 1533 3380 narrat
1557 3324 1936 3397 evangelista,
1961 3325 2107 3382 dixit

2221 3327 2330 3384 πῶς
2388 3321 2449 3378 σὺ
2510 3322 2705 3400 λέγεις,
2765 3323 2943 3394 Δεῖξον
2999 3325 3134 3396 ἡμῖν
3189 3324 3281 3378 τὸν
3331 3325 3543 3400 Πατέρα
3597 3327 3705 3396 (31)
3743 3343 3754 3392 ;
3791 3325 3866 3380 Οὐ

441 3413 616 3470 Jesus
651 3429 663 3468 :
706 3416 878 3470 Tanto
910 3420 1146 3486 tempore
1175 3413 1454 3470 vobiscum
1482 3430 1628 3480 sum,
1661 3429 1759 3470 nec
1813 3415 2110 3486 cognovisti

444 3518 551 3570 me,
584 3501 882 3574 Philippe?
910 3503 1017 3571 Qui
1047 3502 1186 3558 vidit
1210 3519 1318 3571 me,
1367 3502 1504 3558 vidit
1553 3508 1802 3559 Patrem.
1855 3505 1920 3559 Et
1975 3519 2107 3576 quo-

447 3591 606 3646 modo
659 3594 721 3646 tu
778 3590 934 3660 dicis,
996 3590 1230 3647 Ostende
1271 3591 1428 3648 nobis
1457 3597 1683 3647 Patrem
1705 3595 1730 3645 ν
1755 3593 1875 3648 Νοη
1903 3594 2107 3664 credis,

451 3679 583 3752 quia
609 3693 708 3752 ego
735 3680 801 3736 in
829 3683 998 3735 Patre
1025 3684 1078 3736 et
1107 3684 1276 3736 Pater
1306 3681 1365 3735 in
1412 3696 1498 3736 me
1553 3680 1674 3737 est?
1737 3681 1922 3752 Verba,
1985 3697 2112 3754 quae

453 3785 550 3840 ego
581 3771 774 3841 loquor
795 3769 968 3838 vobis,
997 3785 1032 3824 a
1060 3784 1146 3825 me
1177 3771 1296 3842 ipso
1327 3786 1437 3826 non
1469 3771 1658 3841 loquor
1689 3787 1708 3828 :
1741 3772 1908 3827 Pater
1928 3775 2110 3828 autem

457 3861 556 3932 qui
583 3860 644 3915 in
674 3874 762 3914 me
792 3867 995 3930 manet,
1028 3859 1175 3916 ειη
1215 3861 1329 3931 ipse
1355 3860 1495 3930 facit
1525 3875 1706 3932 opera.
1736 3859 1944 3916 Credite
1969 3861 2112 3917 mihi

461 3948 605 4020 quod
633 3963 727 4020 ego
757 3950 818 4004 in
866 3950 1044 4004 Patre
1088 3965 1234 4015 sum,
1284 3955 1336 4004 el
1376 3950 1540 4005 Pater
1586 3949 1644 4004 in
1693 3965 1796 4005 me.
1849 3950 2110 4020 Alioquin

427 4031 677 4110 propter
731 4054 894 4110 opera
948 4039 1070 4108 ipsa
1124 4038 1330 4094 credite
1379 4038 1542 4094 mihi.
1576 4040 1767 4108 Amen,
1798 4055 1961 4094 amen
1989 4040 2108 4096 dico

455 4129 622 4198 vobis,
656 4127 752 4199 qui
779 4128 951 4183 credit
982 4130 1040 4184 in
1069 4144 1176 4196 me,
1205 4143 1378 4199 opera
1408 4143 1527 4200 qua:
1557 4143 1651 4198 ego
1701 4129 1846 4198 facio
1894 4131 1945 4184 et
1991 4129 2110 4200 ipse

449 4218 697 4288 faciet,et
720 4217 940 4288 majora
969 4218 1057 4274 his
1083 4218 1419 4290 faciel,quia
1445 4233 1543 4287 ego
1574 4216 1644 4271 ad
1675 4217 1901 4272 Patrem
1949 4217 2104 4274 vado.

450 4306 514 4360 El
557 4306 911 4378 quodcunque
933 4309 1212 4378 petieritis
1240 4309 1300 4362 in
1329 4308 1551 4364 nomine
1577 4321 1720 4376 meo,
1752 4306 1850 4360 hoc
1871 4306 2104 4374 faciam,

449 4397 513 4448 ut
541 4395 882 4465 gloriﬁcetur
909 4397 1078 4451 Pater
1106 4398 1166 4450 in
1197 4397 1338 4452 Filio
1369 4393 1432 4452 ⁷⁸.
1481 4396 1682 4466 Itaque
1733 4393 1784 4448 si
1835 4393 2002 4448 Pater
2045 4391 2103 4447 in

448 4482 594 4538 Filio
627 4482 1010 4555 gloriﬁcatur,
1047 4485 1230 4541 Filius
1259 4485 1387 4540 sine
1418 4484 1596 4540 dubio
1631 4483 1808 4538 fuerit
1838 4483 1939 4553 qui
1975 4481 2054 4538 ait
2088 4497 2102 4537 :

442 4572 555 4642 Ego
585 4573 644 4628 in
673 4573 859 4643 Patre,
891 4580 946 4629 et
975 4574 1144 4629 Pater
1172 4575 1229 4628 in
1260 4589 1348 4628 me
1373 4578 1472 4640 est,
1528 4575 1604 4638 et,
1658 4572 1764 4640 Qui
1811 4586 1898 4626 me
1945 4570 2103 4638 vidit,

2216 3411 2508 3481 πιστεύεις,
2567 3411 2649 3467 6'1:
2705 3411 2810 3490 ἐγὼ
2869 3410 2921 3467 έν
2978 3417 3057 3484 τῷ
3115 3412 3306 3486 Πατρὶ,
3365 3411 3455 3468 καὶ
3517 3413 3544 3468 6
3596 3415 3783 3488 Πατὴρ
3815 3412 3866 3468 ἐν

2216 3500 2340 3574 ἐμοί
2370 3500 2481 3558 ἐστι
2513 3519 2528 3572 ;
2555 3501 2630 3556 Τὰ
2661 3501 2899 3578 ῥήματα,
2931 3500 2965 3555 ’ὰ
2994 3500 3099 3576 ἐγὼ
3152 3498 3311 3557 λαλῶ
3370 3501 3521 3575 ύμῖν,
3573 3501 3663 3558 ἀπ’
3700 3502 3868 3575 ἐμαυ-

2217 3588 2314 3646 106
2371 3589 2434 3646 οὐ
2492 3589 2668 3646 λαλῶ·
2731 3590 2758 3644 6
2817 3587 2874 3644 δὶ
2932 3591 3156 3666 ’Πατὴρ,
3215 3591 3243 3646 6
3300 3588 3352 3646 ἰν
3386 3589 3510 3664 ἐμοὶ
3548 3590 3865 3664 μένων,αὗ-

2217 3680 2312 3742 τὸς
2368 3683 2482 3753 (32)
2540 3684 2688 3734 ποιεῖ
2729 3680 2796 3733 τὰ
2843 3675 2990 3755 ἔργα.
3053 3677 3335 3734 Πιστεύετέ
3387 3701 3503 3752 μοι,
3536 3678 3618 3734 6'1:
3671 3678 3781 3754 ἐγὼ
3811 3679 3863 3735 ἂν

2217 3772 2298 3840 τῷ
2328 3768 2520 3843 Πατρὶ,
2572 3767 2662 3822 καὶ
2712 3768 2739 3822 6
2789 3768 2976 3844 Πατὴρ
3025 3767 3077 3822 ἐν
3128 3767 3274 3842 ἐμοί.
3321 3767 3386 3826 Et
3437 3764 3496 3823 δὲ
3549 3769 3647 3842 μὴ,
3683 3765 3770 3823 διὸ
3799 3769 3866 3824 τὰ

2219 3851 2352 3933 ἔργα
2395 3855 2528 3911 αὐτὰ
2574 3855 2850 3911 πιστεύετέ
2903 3877 3018 3929 μοι.
3075 3856 3273 3930 Ἀμὴν,
3323 3857 3466 3929 ἀμὴν
3517 3854 3662 3932 λέγω
3711 3857 3861 3931 ὑμῖν,

2219 3946 2542 4001 ὀπιπεύων
2592 3944 2667 4007 είς
2723 3943 2838 4018 ἐμὲ,
2897 3946 2964 3999 15:
3021 3941 3168 4021 ἔργα,
3224 3944 3257 3998 ἃ
3313 3944 3420 4021 ἐγὼ
3479 3949 3644 4014 ποιῶ,
3679 3945 3861 4001 κάκεῖ-

2216 4055 2309 4098 νος
2366 4037 2608 4106 ποιήσει,
2663 4035 2752 4088 καὶ
2807 4033 3028 4106 μείζονα
3083 4032 3290 4088 τούτων
3344 4036 3584 4105 ποιήσει,
3643 4033 3726 4089 6'1:
3758 4034 3862 4111 ἐγὼ

2216 4124 2352 4200 πρὸς
2383 4122 2475 4180 τόν
2537 4124 2746 4199 Πατέρα
2793 4121 3118 4198 πορεύομαι.
3174 4121 3277 4178 Καὶ
3327 4122 3357 4178 6'
3403 4143 3456 4177 τι
3506 4123 3565 4178 ἂν
3605 4123 3863 4195 αἰτήσητε

2217 4210 2269 4266 ἐν
2322 4216 2403 4283 τῷ
2456 4209 2684 4284 ὀνόματί
2735 4231 2838 4282 μου
2869 4255 2887 4281 ,
2937 4215 3098 4265 10610
3152 4211 3369 4281 ποιήσω
3401 4257 3416 4283 ,
3467 4207 3559 4265 ’ίνα
3630 4210 3861 4286 δοξασθῇ

2217 4301 2244 4355 ὁ
2277 4301 2462 4376 Πατὴρ
2495 4299 2546 4355 ἐν
2598 4305 2678 4372 τῷ
2727 4301 2858 4372 Υἱῷ.
2890 4299 3102 4358 Οὑκοῦν
3135 4297 3184 4353 εἷ’
3211 4299 3240 4354 6
3270 4300 3455 4376 Πατὴρ
3488 4297 3761 4373 δοξάζεται
3810 4301 3860 4355 ἐν

2214 4394 2293 4463 τῷ
2324 4390 2456 4462 Υἱῷ,
2501 4390 2530 4443 6
2577 4387 2699 4451 Υίὸς
2755 4385 2815 4442 ἃν
2866 4386 2950 4458 εἷή
3005 4389 3033 4444 6
3082 4387 3282 4464 λέγων·
3315 4389 3454 4465 Ἐγὼ
3486 4387 3536 4444 έν
3585 4395 3667 4462 τῷ
3696 4390 3862 4465 Πατρὶ

2213 4480 2303 4534 καὶ
2363 4478 2390 4532 ὀ
2446 4480 2632 4552 Πατήρ
2691 4475 2742 4532 ἐν
2801 4477 2944 4551 ἐμοί·
2997 4476 3155 4540 αὐτὸς
3209 4477 3296 4532 καὶ
3347 4479 3431 4548 τὸ,
3464 4479 3520 4533 Ὀ
3563 4478 3660 4552 ἐμὲ
3691 4479 3859 4554 ἑώρα-

2213 4568 2346 4639 κὼς,
2393 4566 2597 4642 ἑώρακε
2637 4567 2728 4622 16v
2779 4564 3011 4642 Πατέρα.
3043 4565 3215 4630 Αὐτὸς
3259 4567 3359 4644 γὰρ
3411 4565 3439 4623 ὁ
3483 4571 3650 4623 ταῦτα
3681 4567 3856 4644 λέγων

512 4727 557 4762 ⁷⁸
584 4725 754 4784 Joan.
785 4743 825 4797 ι,
855 4727 911 4782 8.
987 4727 1034 4762 ⁷⁴
1065 4724 1206 4783 ibid.
1237 4726 1292 4781 9.
1369 4726 1413 4761 ⁷³
1441 4725 1607 4781 Joan.
1640 4741 1697 4787 ι,
1728 4723 1817 4782 30.
1892 4724 1936 4759 ⁷⁸
1969 4725 2109 4780 Joan

2243 4724 2331 4779 18.
2407 4721 2448 4757 ⁷⁷
2479 4721 2648 4779 Joan.
2678 4737 2779 4791 ιιι,
2811 4721 2902 4779 45.
2977 4721 3022 4758 ⁷⁸
3053 4720 3223 4780 Joan.
3255 4739 3376 4796 xxv,
3400 4722 3556 4780 9-13.

505 4899 739 4972 (Ἁλεῖς)
769 4899 1177 4972 Reg._Seguer.
1222 4895 1408 4972 _Basil.
1465 4899 1522 4972 et
1545 4968 1554 4972 _
1579 4894 1882 4972 Anglican.
1915 4913 1929 4972 ;
1989 4896 2092 4972 sed
2124 4898 2171 4963 D
2211 4966 2244 4972 Α
2275 4895 2387 4967 (29)
2419 4897 2555 4972 Reg.
2587 4895 2718 4968 Seg.
2752 4901 2810 4952 et
2838 4893 3010 4952 Gobl.
3036 4892 3362 4966 γινομένων.
3414 4897 3614 4954 Ceteri
3645 4901 3701 4954 et
3731 4894 3852 4954 edi-

439 4967 558 5026 duo
592 4967 785 5026 ultimi
808 4967 1062 5036 'Imdvvﬂc
1089 4985 1192 5041 pro
1207 4967 1699 5041 jlwiwohabent.
1723 4971 1793 5022 At
1824 4967 2092 5041 casta-[et

438 5046 497 5097 et
528 5041 691 5110 editi,
723 5041 796 5102 ὡς
827 5041 855 5094 6
915 5035 1167 5110 Ἰωάννής
1205 5035 1304 5117 ἔφη
1337 5037 1459 5115 περῖ
1493 5038 1959 5094 Βαπτιστοῦοούκ
1995 5036 2088 5106 ἦν,

437 5118 548 5168 etc.

507 5183 619 5254 (25)
646 5182 741 5240 Sic
773 5182 986 5254 Regius
1020 5185 1076 5238 et
1104 5182 1514 5254 Seguerianus.
1552 5187 1615 5254 In
1663 5181 1800 5237 aliis
1833 5186 1889 5236 et
1918 5181 2090 5254 editis

432 5251 526 5326 τόν
558 5255 724 5311 deest
754 5251 1143 5326 IbidemLReg.
1179 5251 1418 5326 Seguer.
1451 5253 1636 5326 iBasil.
1673 5257 1731 5308 et
1779 5253 2084 5326 Anglican.

431 5323 783 5400 κόσμονηΈν
805 5323 906 5400 γὰρ
935 5322 1015 5397 τῷ
1048 5322 1407 5397 κόσμῳξθιο.
1441 5325 1536 5381 Sic
1568 5325 1708 5380 item
1761 5324 1928 5379 Gobl.
1984 5325 2086 5381 sed

431 5397 548 5474 γάρζ
569 5397 810 5474 omnisse

503 5465 618 5542 '(26)
651 5469 819 5542 Gobl.
851 5472 911 5524 et
939 5467 1209 5542 Felckm._
1225 5468 1254 5542 _1
1289 5465 1378 5520 καί
1410 5467 1709 5523 omittunt.

501 5537 614 5612 (⁷27)
643 5542 734 5603 Ὠς
768 5541 934 5598 abest
963 5541 1036 5595 ab
1066 5537 1407 5612 Anglicano,

498 5609 610 5682 (28)
639 5613 708 5666 Τό
740 5614 904 5670 abest
933 5612 1006 5668 ab
1057 5609 1400 5682 Anglicano.
1455 5611 1583 5665 Mox
1630 5613 1770 5681 Reg.
1833 5609 1967 5680 Seg.
2028 5611 2085 5665 et

428 5679 606 5757 Basil.
640 5685 865 5743 addunt
920 5679 1188 5757 ὑπάρχειν
1217 5679 1315 5736 αὐτ

429 5755 730 5813 omittunt.

2233 4965 2629 5020 ἰζγενομένων.

2203 4971 2245 5021 ti
2337 4985 2422 5019 ενο
2475 4971 2629 5020 ένων.

2203 4986 2386 5119 η’(ξο)
2416 4987 2691 5119 gicuReg:
2726 5038 3047 5119 seg._Bas_il_
3077 5040 3425 5119 et-Anglith
3461 5041 3567 5119 sed
3611 5039 3846 5119 d_uo_u_l_-

2197 5108 2482 5183 timi,'pro
2515 5108 2748 5183 Ἰησιξᾷς,
2782 5110 3001 5183 habent
3035 5108 3312 5183 Ἰωάννης.
3365 5111 3569 5168 Ceteri
3603 5117 3660 5167 et
3689 5111 3848 5182 editi,

2195 5175 2618 5256 Τοεοῦἓονχδξρ,
2641 5175 2776 5256 ἔφη,
2808 5180 3034 5256 χρένρνο

2269 5253 2383 5324 (31)
2413 5251 3104 5328 Editio_96mmeliniana
3128 5260 3187 5312 et
3218 5255 3445 5328 aliquot
3465 5252 3705 5310 mss.16v
3737 5257 3849 5307 Πα-

2195 5321 2565 5396 τέραίκαὶτὰ
2596 5321 2861 5396 ἐξῆςχΕί
2897 5323 2992 5395 μὲν
3054 5325 3145 5380 οὗν
3202 5321 3654 5396 τὸν’ἄνθρωπον,
3713 5330 3848 5395 eto.,

2197 5395 2436 5450 omissis
2467 5395 2834 5451 intermediis
2867 5413 2993 5467 quae
3024 5398 3082 5456 in
3118 5399 3258 5472 Reg.
3288 5399 3420 5470 Seg.
3445 5395 3622 5455 Basil.
3642 5395 3711 5453 et
3731 5399 3846 5453 An-

2235 5481 2590 5560 lic_ex_st_ant_.
2625 5483 2734 5538 Sed
2767 5483 2824 5539 in
2851 5485 2982 5557 Seg.
3015 5491 3150 5559 post
3196 5483 3290 5540 'tva
3332 5483 3566 5560 δοξασθῇ
3599 5485 3846 5560 ὁ-Πατῄρ

2221 5543 2246 5642 ξ
2277 5555 2357 5642 τῆς
2388 5553 2520 5642 ξὶᾣ,
2548 5555 2758 5612 desunt
2787 5543 3280 5632 quavsequuntur
3327 5543 3464 5616 ante
3493 5543 3566 5613 El.
3599 5557 3694 5631 μὶν
3755 5543 3848 5611 οὖν

2191 5633 2284 5697 τὸν
2299 5633 2624 5697 Αᾶνθρωπον.

2265 5695 2380 5779 (32)
2411 5695 2579 5779 lissi].
2613 5700 2672 5779 et
2701 5696 2922 5779 Anglic.
2956 5699 2985 5753 ὁ
3016 5703 3074 5758 et
3118 5698 3298 5776 αὐτός,
3352 5702 3635 5760 omittunt
3677 5703 3740 5757 ut
3788 5705 3846 5756 et

2195 5763 2330 5824 αὐτά
2359 5763 2513 5828 intra
2541 5764 2675 5844 post
2700 5767 2769 5823 τὰ
2793 5763 2946 5844 ἰργα.
