4076 6332
273 441 395 500 497

1405 438 1694 499 ORATIO
1737 439 1819 500 IV
1863 440 2172 500 CONTRA
2216 443 2580 504 ARIANOS.

3572 445 3693 504 498

274 570 400 628 Υἱὸν
461 569 652 625 ἑαυτὸν
711 565 974 625 δείκνυσιν
1031 567 1265 644 ἐπάγων,
1303 566 1396 624 ἰνα
1453 565 1683 644 δοξασθῇ
1743 571 1772 624 6
1820 576 1917 626 Πα-

2041 573 2180 628 vidit
2207 575 2562 640 Palrem.Qui
2583 576 2740 632 enim
2763 575 2882 630 haec
2915 571 3461 646 loquitur,seipsum
3479 573 3690 630 Filium

271 662 380 737 τὴρ
411 659 464 715 έν
497 663 578 732 τῷ
607 660 742 731 Υἱῷ.

347 754 438 808 20.
468 749 535 804 Ei
595 749 689 823 μὲν
740 745 828 803 06v
881 748 971 803 16v
1023 743 1330 824 ἄνθρωπον,
1364 746 1420 804 ὅν
1463 747 1709 826 έφόρεσεν
1753 749 1780 802 6
1821 747 1929 804 Λό-

274 861 398 915 γος,
432 838 592 894 αὐτὸν
624 838 757 894 ιῖναι
791 836 1008 914 λέγουσι
1037 837 1128 892 τὸν
1175 838 1298 892 Υἱὸν
1347 842 1443 892 τοῦ
1495 842 1626 892 Θεοῦ
1675 837 1763 892 τὸν
1826 859 1929 912 μο-

272 936 493 1005 νογενῆ,
526 927 616 982 καὶ
652 927 728 1001 μή
773 927 863 982 τὸν
913 926 1088 1003 Λόγον
1139 926 1284 982 Υἱόψ
1320 928 1347 982 6
1398 928 1678 1002 ἅνθρωπος
1728 926 1788 981 ἂν
1841 923 1926 998 εἷή

275 1016 596 1082 ἀκολούθως
630 1017 658 1072 ὁ
700 1015 753 1072 ἐν
780 1020 860 1088 τῷ
891 1015 1084 1090 Πατρὶ,
1113 1015 1164 1071 ἔν
1202 1018 1248 1089 ᾧ
1285 1015 1375 1072 καὶ
1425 1017 1452 1071 6
1503 1017 1688 1090 Πατὴρ
1724 1017 1775 1071 ἐν
1835 1015 1929 1071 αὖ·

270 1111 353 1180 τῷ
383 1108 525 1181 (33)⁶
551 1105 645 1161 καὶ
699 1108 727 1160 6
781 1102 1062 1180 ἅνθρωπος
1104 1102 1164 1160 ἂν
1195 1105 1306 1176 εἴη,
1341 1107 1368 1160 6
1398 1104 1463 1170 ἓν,
1485 1105 1560 1159 ὣν
1591 1105 1749 1167 αὐτὸς
1780 1105 1870 1161 καὶ
1901 1106 1928 1159 6

273 1197 486 1271 Πατὴρ,
515 1195 607 1249 καὶ
665 1196 693 1250 6
756 1192 808 1249 ἐν
864 1198 981 1256 τοῖς
1040 1193 1274 1257 κόλποις
1334 1199 1431 1250 106
1489 1195 1718 1270 Ματρὸς,
1749 1193 1839 1249 καὶ
1864 1195 1927 1248 τὸ

272 1289 395 1362 φῶς
424 1284 485 1339 16
531 1282 810 1355 ἀληθινόν.
846 1285 1377 1358 ’Δναγκασθήσονται
1423 1282 1480 1339 δὲ
1522 1284 1611 1338 καὶ
1662 1283 1730 1338 δι’
1761 1284 1926 1338 αὐτοῦ

271 1379 372 1430 τοῦ
438 1374 731 1449 ἀνθρώπου
797 1373 966 1428 εἰπεῖν
1023 1374 1115 1428 τὸν
1183 1373 1388 1447 κόσμον
1448 1375 1785 1449 γεγενῆσθαι,
1835 1371 1926 1428 καὶ

271 1467 366 1521 τὸν
421 1467 704 1540 ἄνθρωπον
764 1464 896 1520 εἶναι
955 1465 1044 1520 τὸν
1097 1463 1325 1520 ἐλθόντα
1359 1466 1434 1538 μή
1465 1470 1641 1537 κρῖναι
1690 1465 1781 1520 τὸν
1830 1463 1925 1520 κό-

271 1574 440 1626 σμον,
486 1551 632 1608 ἀλλὰ
690 1556 859 1608 σῶσαι
918 1551 1102 1608 αὐτόν’
1133 1552 1292 1607 αὐτὸν
1351 1550 1409 1607 δὲ
1464 1554 1594 1606 εἶναι
1652 1553 1742 1607 καὶ
1797 1551 1923 1628 πρὶν

269 1637 530 1718 ’Λϐραᾶμ
581 1642 847 1717 γενέσθαι.
909 1639 1116 1712 Ἰησοῦς
1185 1641 1311 1717 γὰρ,
1365 1639 1526 1718 φησὶν
1587 1643 1720 1714 (34),
1781 1641 1923 1696 εἶπεν

272 1731 484 1795 αὐτοῖς·
520 1733 722 1804 ’Λμήν,
783 1731 929 1804 ἀμὴν
980 1729 1128 1806 λέγω
1179 1732 1328 1803 ὑμῖν,
1362 1731 1489 1806 πρὶν
1541 1726 1793 1806 Ἀϐραὰμ
1837 1751 1925 1807 γε·

271 1822 482 1890 νέσθαι,
524 1819 631 1896 ἐγώ
681 1819 818 1893 εἰμι.
849 1819 955 1876 Καὶ
1001 1824 1119 1882 πῶς
1171 1819 1270 1874 οὐκ
1313 1818 1511 1875 ἄτοπον
1569 1821 1686 1875 κατ’
1733 1818 1927 1883 αὐτοὺς

271 1913 367 1968 τὸν
415 1911 474 1967 ἐκ
517 1911 827 1986 σπέρματος
875 1905 1127 1987 ’Λϐραᾶμ
1189 1910 1323 1985 μετᾶ
1371 1908 1467 1965 δύο
1520 1910 1608 1966 καὶ
1666 1909 1923 1986 τεσσαρά-
1954 1944 2003 2012 Β

274 2021 444 2056 κοντα
497 1999 680 2077 γενιᾶς
737 1999 1031 2077 γενόμενον
1075 2003 1189 2072 (35)
1242 2000 1439 2078 λέγειν,
1489 2000 1614 2076 πρὶν
1675 1995 1926 2078 Ἀϐραὰμ

273 2091 542 2166 γενέσθαι,
587 2091 850 2166 ὑπάρχειν
878 2108 892 2160 ;
920 2092 1046 2152 Πῶς
1104 2088 1161 2145 δὶ
1208 2092 1311 2145 οὐκ
1357 2088 1582 2162 ἄτοπον,
1631 2090 1676 2146 εἰ
1727 2093 1760 2160 ἡ
1812 2091 1930 2165 (36)

273 2180 428 2256 σὰρξ.
461 2181 522 2250 ἣν
555 2179 801 2258 ἐφόρεσεν
835 2179 864 2235 6
889 2180 1087 2256 Λόγος,
1120 2179 1253 2251 αὕτη
1298 2179 1436 2234 ἐστὶν
1489 2181 1516 2234 ὁ
1567 2181 1710 2251 Υἱὸς,
1745 2179 1921 2254 λέγειν

269 2271 372 2339 τὴν
429 2268 487 2324 ἐκ
531 2268 741 2344 Μαρίας
793 2267 964 2344 σάρκα
991 2268 1192 2340 ταύτην
1248 2271 1401 2335 εἶναι,
1437 2267 1506 2325 δι’
1535 2273 1599 2339 ἧς
1643 2271 1671 2324 ὁ
1716 2269 1923 2342 κόσμος

271 2357 522 2434 ἐγένετο;
558 2364 680 2421 Πῶς
719 2356 778 2414 δὲ
803 2361 1037 2436 φήσουσι
1068 2358 1156 2414 καὶ
1202 2359 1285 2430 τὸ,
1322 2361 1408 2414 Ἐν
1453 2363 1530 2431 τῷ
1574 2358 1768 2432 κόσμῳ
1819 2359 1920 2431 ἧνς

271 2449 344 2502 Τὸ
375 2450 481 2524 γὰρ
511 2449 618 2525 πρὸ
646 2455 747 2518 τῆς
777 2449 913 2504 κατὰ
956 2447 1126 2524 σάρκα
1170 2449 1426 2523 γενέσεως
1476 2453 1572 2503 106
1630 2449 1759 2503 Υἱοῦ
1819 2471 1922 2518 ση-

273 2536 485 2608 μαίνων
517 2537 545 2590 6
593 2533 1011 2613 εὐαγγελισλὴς,
1043 2535 1288 2611 ἐπήγαγε
1333 2536 1528 2610 τέγων,
1558 2541 1645 2590 Ἐν
1693 2533 1772 2608 τῷ
1826 2529 1921 2590 κό-

265 2646 398 2698 σμῳ
453 2626 543 2695 ἦν.
578 2629 703 2688 Πῶς
736 2623 794 2680 δὲ
843 2625 889 2680 εἰ
949 2625 1024 2698 μὴ
1068 2627 1096 2679 6
1140 2624 1315 2700 Λόγος
1365 2625 1488 2687 Υἱός
1543 2621 1860 2693 έστιν,-ἀλλ’
1892 2625 1921 2680 6

265 2714 554 2788 ἄνθρωπος
613 2715 760 2784 Υἱὸς,
809 2711 1029 2769 δύναται
1076 2720 1166 2768 τὸν
1216 2713 1421 2786 κόσμον
1467 2719 1656 2783 σῶσαι,
1710 2715 1786 2775 εἷς
1844 2713 1916 2767 ὣν

263 2803 356 2859 καὶ
390 2803 550 2866 αὐτὸς
579 2807 676 2858 τοῦ
714 2805 962 2878 κόσμου;
996 2802 1058 2857 Εἰ
1111 2800 1167 2858 ’δὲ
1206 2802 1610 2878 ἀναισχυντοῖεν
1660 2802 1746 2857 ἐπὶ
1793 2802 1920 2857 τού-

261 2914 406 2959 τοις,
440 2897 545 2948 1106
575 2891 723 2948 ἔσται
769 2893 796 2947 6
846 2894 1044 2969 Λόγος,
1075 2896 1172 2947 106
1212 2891 1496 2967 ἀνθρώπου
1544 2888 1697 2953 ὄντος
1745 2891 1796 2946 ἐν
1837 2897 1918 2965 τῷ

265 2980 443 3058 Πατρί
470 2999 483 3050 ;
511 2980 714 3044 Πόστος
746 2983 854 3054 (37)
889 2978 947 3036 δὲ
991 2976 1134 3036 ἔσται
1184 2982 1212 3035 6
1262 2981 1440 3056 Λόγος
1491 2981 1627 3055 πρὸς
1676 2981 1766 3035 τὸν
1814 2986 1922 3036 Πα-

266 3069 423 3146 τέρα,
456 3067 551 3123 106
583 3069 871 3145 ἀνθρώπου
899 3067 989 3124 καί
1019 3073 1121 3124 106
1153 3069 1364 3145 Πατρὸς
1394 3069 1447 3124 ’ἐν
1496 3065 1664 3124 ὄντων
1691 3089 1704 3138 ;
1738 3067 1806 3123 Ei’
1861 3067 1920 3124 δὲ

266 3161 298 3214 ὁ
328 3159 615 3231 ἄνθρωπος
651 3160 949 3234 μονογενής
997 3157 1130 3227 ἐστι,
1160 3158 1360 3220 πόστος
1417 3155 1561 3214 ἔσται
1621 3159 1648 3213 6
1709 3159 1916 3233 Λόγοςς

2036 678 2166 720 esse
2195 665 2566 735 probat,cum
2597 664 2848 735 addit,ut
2877 665 3222 736 glorificetur
3249 664 3416 720 Pater
3447 664 3506 719 in
3525 663 3688 722 Filio.

2105 753 2196 807 20.
2232 753 2294 808 Si
2323 753 2504 826 igitur
2531 754 2897 810 contendunt
2925 752 3248 824 hominem,
3282 769 3455 824 quem
3489 757 3688 827 gesta-

2036 840 2118 896 vit
2147 842 2428 910 Verbum,
2467 842 2675 898 Filium
2709 842 2809 898 Dei
2841 840 3215 915 unigenitum
3247 858 3398 911 esse,
3431 860 3548 900 non
3581 861 3690 900 au-

2037 932 2156 986 tem
2188 930 2446 986 Verbum
2480 948 2492 985 :
2527 933 2796 1003 sequitur
2824 936 2888 986 ut
2913 931 3088 987 homo
3125 931 3203 987 sit
3233 931 3332 988 ille
3364 933 3470 1004 qui
3497 933 3558 988 in
3588 937 3689 989 Pa-

2038 1022 2124 1074 tre
2153 1023 2262 1089 est,
2297 1024 2356 1075 et
2386 1019 2445 1074 in
2478 1036 2594 1092 quo
2626 1021 2794 1076 Pater
2824 1024 2912 1076 est
2945 1038 2958 1076 :
2992 1020 3168 1076 homo
3203 1020 3342 1076 item
3383 1020 3481 1077 ille
3512 1022 3689 1079 fuerit

2037 1108 2136 1179 qui
2167 1124 2350 1163 unum
2380 1107 2507 1180 ipse
2535 1113 2592 1164 et
2623 1110 2794 1165 Pater
2821 1109 3158 1181 est,quique
3188 1110 3250 1164 in
3293 1110 3427 1166 sinu
3459 1115 3548 1166 est
3577 1111 3685 1168 Pa-

2036 1195 2165 1267 tris,
2199 1202 2256 1252 et
2277 1195 2377 1251 lux
2398 1213 2534 1253 vera
2562 1201 2670 1253 est.
2704 1197 2850 1253 Hinc
2875 1199 3048 1254 fateri
3078 1202 3364 1270 cogentur
3394 1201 3686 1256 mundum

2035 1300 2140 1358 per
2168 1285 2476 1343 hominum
2506 1286 2728 1342 factum
2760 1301 2911 1358 esse,
2943 1291 3000 1342 et
3029 1287 3332 1343 hominem
3381 1305 3516 1344 eum
3559 1305 3687 1346 esse

2035 1375 2134 1448 qui
2165 1373 2324 1430 venit
2348 1391 2464 1431 non
2495 1379 2561 1430 ut
2582 1375 3007 1446 judicaret,sed
3039 1380 3104 1432 ut
3133 1377 3424 1432 mundum
3454 1378 3686 1435 salvum

2033 1463 2249 1520 faceret
2279 1480 2294 1520 :
2323 1465 2520 1536 ipsum
2551 1465 2804 1538 denique
2827 1481 2955 1522 esse
2984 1467 3147 1537 prius
3179 1483 3358 1538 quam
3389 1467 3685 1524 Abraham

2035 1554 2216 1610 ﬁeret.
2248 1556 2400 1611 Iesus
2430 1555 2611 1626 enim,
2645 1554 2861 1628 inquit,
2895 1555 3053 1611 dixit
3083 1557 3200 1611 illis
3230 1576 3249 1612 :
3283 1556 3480 1626 Amen,
3526 1573 3689 1613 amen

2033 1642 2152 1699 dico
2181 1644 2350 1710 vobis,
2380 1648 2682 1716 antequam
2735 1643 3020 1700 Abraham
3059 1646 3235 1716 ﬁeret,
3291 1660 3388 1716 ego
3442 1663 3563 1702 sum
3617 1648 3682 1703 ⁷ο.

2034 1733 2122 1788 An
2146 1749 2261 1788 non
2293 1748 2430 1788 vero
2457 1733 2886 1804 perabsurdum
2918 1733 3076 1789 dictu
3107 1738 3197 1790 est
3224 1751 3359 1790 eum
3383 1736 3682 1806 exsistere,

2033 1816 2352 1893 antequam
2375 1821 2540 1877 ﬁeret
2558 1821 3061 1894 Abraham,quem
3085 1839 3154 1878 ex
3179 1824 3404 1880 semine
3433 1825 3682 1880 Abrahae

2033 1915 2166 1984 post
2196 1911 2585 1984 quadraginta
2613 1912 2761 1966 duas
2792 1915 2993 1970 aetates
3025 1916 3230 1968 natum
3262 1929 3392 1970 esse
3420 1914 3682 1970 volunt?

2032 1999 2093 2056 Si
2123 2000 2264 2056 item
2295 2017 2450 2069 caro,
2475 2016 2654 2073 quam
2682 2001 2942 2056 Verbum
2973 2002 3244 2073 gestavit,
3301 2002 3482 2058 Filius
3539 2007 3628 2058 est
3662 2019 3674 2058 :

2032 2107 2106 2146 an
2130 2106 2245 2145 non
2266 2089 2638 2146 vehementer
2657 2094 2946 2164 repugnat
2963 2091 3308 2148 contendere
3322 2091 3673 2164 bancipsam

2032 2194 2286 2248 carnem,
2321 2195 2498 2250 quam
2531 2195 2600 2235 ex
2651 2179 2830 2236 Maria
2868 2180 3111 2253 accepit,
3152 2197 3280 2236 esse
3337 2197 3440 2252 per
3496 2197 3676 2252 quam

2033 2268 2294 2324 mundus
2324 2267 2514 2324 factus
2536 2268 2672 2324 est?
2702 2267 2849 2332 Quid
2873 2285 3004 2324 vero
3023 2269 3094 2325 de
3138 2269 3231 2325 his
3247 2269 3441 2325 verbis
3459 2269 3677 2325 dicturi

2032 2359 2261 2425 sunt,ln
2288 2357 2499 2413 mundo
2528 2366 2652 2413 erat
2675 2358 2704 2413 ?
2733 2357 2999 2430 Namque
3029 2357 3478 2430 evangelista,ut
3494 2358 3680 2432 signi-

2031 2447 2232 2502 ficaret
2261 2446 2555 2502 exstitisse
2581 2446 3177 2519 Filium,priusquam
3210 2448 3537 2503 secundum
3562 2465 3683 2503 car-

2032 2552 2169 2591 nem
2201 2535 2688 2603 nasceretur,baac
2719 2535 2970 2607 subjecit
2995 2537 3259 2605 verba,ln
3283 2537 3681 2594 mundoeral“.

2030 2628 2207 2680 Porro
2238 2625 2288 2680 si
2322 2642 2439 2680 non
2469 2625 2724 2680 Verbum
2757 2629 2847 2680 est
2877 2625 3083 2691 Filius,
3126 2627 3224 2680 sed
3266 2626 3442 2682 homo
3474 2631 3564 2683 est
3590 2627 3681 2682 Fi-

2028 2714 2166 2785 lius,
2201 2713 2495 2785 quomodo
2527 2714 2818 2769 mundum
2849 2713 3037 2786 possit
3066 2730 3316 2783 servare,
3369 2731 3504 2771 cum
3556 2716 3683 2788 ipse

2029 2819 2263 2874 quoque
2297 2802 2375 2858 sit
2406 2820 2474 2858 ex
2506 2803 2729 2858 mundo
2760 2802 2783 2856 Ρ
2809 2803 2973 2867 Quod
2993 2804 3043 2858 si
3076 2820 3180 2859 nec
3203 2804 3298 2859 bis
3329 2803 3679 2876 rationibus,

2029 2907 2231 2948 eorum
2261 2891 2684 2962 comprimetur
2711 2891 3099 2962 impudentia,
3134 2893 3527 2962 respondeant
3556 2892 3682 2947 ubi-

2029 2997 2166 3036 nam
2197 2981 2464 3036 futurum
2497 2980 2575 3036 sit
2607 2979 2882 3050 Verbum,
2917 2980 2968 3036 si
2997 2980 3173 3037 homo
3219 2984 3311 3036 est
3340 2981 3400 3036 in
3457 2981 3626 3038 Patre
3652 2981 3681 3038 ?

2029 3071 2283 3136 Quotum
2314 3073 2510 3125 autem
2540 3068 2797 3125 Verbum
2829 3069 2940 3126 erit
2970 3087 3102 3126 cum
3134 3074 3466 3136 Patre,cum
3499 3071 3676 3127 homo

2027 3164 2083 3216 et
2113 3164 2281 3215 Pater
2304 3175 2490 3214 unum
2523 3159 2683 3215 sint?
2713 3160 2874 3224 Quod
2906 3159 2955 3215 si
2985 3159 3162 3215 homo
3194 3159 3534 3232 unigenitus
3557 3165 3675 3228 est;

263 3250 336 3304 Ἢ
367 3249 468 3323 γὰό
493 3245 738 3324 δεύτερον
772 3249 906 3304 εἶναι
932 3247 1091 3304 αὐτὸν
1143 3247 1312 3318 λέξειέ
1360 3266 1460 3310 τις·
1493 3249 1528 3318 ἢ
1562 3247 1607 3303 εἰ
1638 3250 1749 3322 (38)
1785 3248 1914 3322 ὑπὲρ

2034 3252 2294 3322 quotum,
2328 3265 2544 3320 quasso,
2579 3248 2688 3304 erit
2714 3247 3018 3305 Verbum?
3047 3248 3149 3304 Vel
3166 3249 3322 3305 enim
3346 3250 3675 3305 secundum

258 3337 328 3393 16
360 3316 662 3412 Μονογενές
693 3336 856 3406 ἐστιν,
890 3336 1049 3400 αὐτὸς
1082 3334 1144 3391 ἂν
1177 3316 1260 3408 sin
1297 3337 1324 3392 6
1355 3316 1778 3413 Πατήρ.”Ωσπέρ
1811 3316 1914 3413 γὰρ

2034 3316 2158 3394 esse
2190 3316 2566 3410 respondebit
2595 3337 2810 3410 aliquis
2845 3355 2858 3393 :
2891 3337 2981 3394 vel
3012 3337 3062 3393 si
3083 3355 3266 3411 supra
3298 3337 3676 3410 Unigenitum

263 3429 344 3488 εἷς
394 3425 534 3481 ἐστιν
586 3427 614 3480 6
658 3427 868 3503 Πατὴρ,
901 3425 1074 3489 οὕτως
1123 3426 1177 3481 ’ὲν
1223 3426 1314 3482 καὶ
1362 3427 1423 3481 τὸ
1473 3426 1522 3496 ἐξ
1555 3427 1718 3482 αὐτοῦ
1745 3431 1919 3482 Μονο-

261 3516 440 3593 γενές.
468 3515 526 3570 Τί
581 3513 638 3570 ὂὶ
684 3515 777 3570 καὶ
825 3514 991 3570 πλέον
1025 3517 1053 3570 6
1085 3516 1259 3592 Λόγος
1312 3514 1429 3590 ἔχει
1477 3520 1573 3571 τοῦ
1604 3516 1916 3590 ἀνθρώπου,

261 3601 320 3660 εἷ’
358 3625 420 3678 γε
473 3603 580 3679 οὐχ
628 3605 656 3659 6
703 3602 878 3679 Δόγος
923 3605 1046 3666 Υἱός
1078 3603 1228 3674 ian;
1262 3605 1359 3659 Διά
1393 3605 1484 3678 μὲν
1519 3604 1620 3680 γὰρ
1653 3605 1780 3658 Υἳοῦ
1824 3605 1915 3660 καί

260 3697 363 3749 106
395 3692 573 3769 Λόγου
608 3693 636 3748 6
681 3695 890 3766 κόσμος
940 3695 1258 3770 γεγενῆσθαι
1316 3692 1753 3770 γέγραπται,καί
1797 3714 1915 3748 κοι-

258 3781 352 3838 νόν
387 3783 496 3838 ἐστι
527 3787 608 3855 τῷ
636 3804 694 3838 τε
721 3782 888 3857 Λόγῳ
921 3783 1012 3838 καὶ
1040 3784 1120 3856 τῷ
1152 3785 1262 3856 Υἱῷ
1308 3785 1368 3838 16
1421 3781 1774 3859 δημιουργεῖν
1820 3783 1911 3838 τὸν

260 3873 492 3944 κόσμον·
523 3872 586 3926 τὸ
619 3869 677 3926 δὲ
707 3873 836 3946 ὁρᾷν
861 3872 952 3926 τὸν
1005 3873 1214 3948 Πατέρα
1261 3873 1363 3927 οὐκ
1412 3869 1486 3927 ἔτι
1529 3871 1578 3926 έν
1627 3876 1706 3944 τῷ
1750 3867 1914 3948 Λόγῳ

260 3963 588 4036 γέγραπται,
620 3959 747 4016 ἀλλ’
777 3961 829 4014 ἐν
869 3965 948 4032 νῷ
995 3961 1146 4033 Υἱῷο
1193 3962 1282 4016 καὶ
1340 3964 1402 4015 τὸ
1456 3963 1644 4030 σώζειν
1687 3962 1778 4016 τὸν
1827 3961 1917 4016 κό-

259 4071 401 4123 σμον
435 4049 616 4106 οὐκέτι
650 4047 740 4105 διὰ
766 4053 864 4105 τοῦ
894 4048 1077 4124 Λόγου
1109 4049 1339 4126 ἐλέχθη,
1371 4050 1517 4106 ἀλλᾶ
1546 4048 1634 4104 διὰ
1664 4053 1761 4104 106
1814 4072 1912 4124 μο-

257 4143 518 4214 νογενοῦς
577 4140 726 4195 Υἶοῦ.
761 4140 895 4195 Eine
951 4139 1074 4215 γὰρ,
1125 4139 1306 4216 φησὶν,
1357 4141 1384 4194 ὁ
1444 4140 1673 4209 Ἰησοῦς·
1707 4142 1910 4197 Τοσοῦ-

254 4249 354 4284 τον
405 4227 606 4304 χρόνον
668 4229 784 4301 μεθ’
835 4227 987 4301 ὑμῶν
1039 4227 1176 4300 εἶμι,
1226 4229 1315 4282 καὶ
1384 4227 1482 4282 οὐκ
1529 4225 1763 4303 ἔγνωκάς
1821 4249 1906 4302 με,

258 4316 548 4386 Φίλιππες
608 4316 665 4370 '0
733 4316 987 4390 ἑωρακὼς
1055 4314 1174 4390 ἐμὲ,
1230 4317 1435 4390 ἑώρακε
1506 4317 1596 4371 τὸν
1675 4317 1906 4393 Πατέρα.

259 4405 364 4464 Καὶ
395 4405 486 4460 τὸν
517 4406 728 4481 Πατέρα
758 4402 817 4460 δὲ
851 4405 964 4481 οὐχ
985 4404 1012 4459 6
1043 4406 1221 4480 Λόγος
1253 4404 1552 4480 γέγραπται
1601 4405 1910 4480 γινώσκειν,

253 4492 388 4551 ἀλλ’
420 4495 450 4548 6
499 4489 640 4556 Υἱός·
699 4494 825 4569 ὁρᾷν
876 4495 991 4567 (39)
1027 4490 1084 4548 δὲ
1131 4494 1220 4548 τὸν
1268 4494 1482 4570 Πατέρα
1512 4493 1620 4570 οὐχ
1663 4495 1690 4548 6
1729 4493 1908 4569 Λόγος

258 4578 496 4659 εἷ’ρηται,
531 4580 660 4638 ἀλλ’
687 4583 716 4637 6
752 4587 1054 4659 μονογενὴς
1087 4582 1209 4644 Υἱὸς
1240 4583 1268 4638 6
1312 4582 1384 4637 ὢν
1436 4583 1511 4646 εἷς
1557 4584 1649 4639 τὸν
1701 4583 1908 4640 κόλπον

254 4676 360 4729 106
390 4671 620 4748 Πατρός.

327 4763 418 4818 21.
450 4759 509 4814 Τί
543 4758 601 4815 δὲ
629 4758 798 4816 πλέον
827 4759 904 4822 εἷς
936 4759 1206 4836 σωτηρίαν
1245 4764 1406 4834 ἡμῶν
1459 4761 1486 4816 6
1535 4762 1714 4838 Λόγος
1762 4783 1906 4835 συμ-

255 4845 522 4906 ϐάλλεται
565 4847 781 4924 μᾶλλον
825 4853 924 4905 106
955 4850 1103 4918 Υἱοῢ,
1139 4846 1194 4905 εἷ’
1238 4872 1297 4927 γε
1343 4852 1458 4906 κατ’
1490 4851 1684 4914 αὐτοὺς
1733 4850 1905 4915 ἄλλος

255 4938 402 4996 ἐστὶν
433 4938 462 4994 6
484 4939 629 5008 Υἱὸς,
662 4939 752 4996 καὶ
783 4937 955 5001 ἄλλος
985 4938 1013 4994 6
1039 4934 1255 5016 Λόγος;
1289 4941 1562 4998 Πιστεύειν
1596 4942 1699 5015 γὰρ
1757 4943 1904 5014 ἡμᾶς

255 5028 357 5084 οὐκ
387 5027 466 5091 εἰς
493 5029 584 5083 τὸν
618 5029 818 5104 Λόγον,
851 5026 978 5084 ἀλλ’
1006 5027 1084 5092 εἰς
1121 5029 1214 5084 τὸν
1265 5030 1387 5084 Υἱὸν
1433 5029 1721 5107 πρόσταξις
1773 5029 1902 5087 ἐστι.

323 5184 371 5219 7'
397 5186 565 5241 Joan.
597 5199 719 5255 vm,
750 5183 847 5240 58.
917 5183 964 5219 ⁸ο
991 5184 1156 5242 Joan.
1195 5201 1235 5251 1,
1270 5185 1356 5242 10.
1434 5185 1478 5222 ⁸1
1510 5186 1678 5242 Joan.
1710 5201 1828 5257 xxv,
1859 5185 1914 5240 9.

325 5347 440 5419 (33)
469 5347 561 5404 Sic
589 5363 734 5404 mss.
768 5363 1001 5419 omnes,
1029 5347 1220 5419 Editio
1251 5347 1736 5419 Commeliniana,
1770 5347 1798 5401 6
1853 5345 1904 5400 ἐν

249 5417 340 5491 τῷ
360 5417 555 5493 Πατρὶ,
589 5419 675 5472 καὶ
709 5418 736 5472 6
768 5419 953 5492 Πατὴρ
987 5417 1235 5493 ένῌαύτῷ.

322 5490 557 5578 'Siic
577 5495 726 5578 \Reg:
757 5495 886 5578 Sag.
918 5490 1096 5578 Basil.
1130 5497 1188 5575 et
1232 5490 1540 5578 Anglican.
1573 5496 1648 5548 At
1695 5491 1797 5549 alii
1847 5494 1906 5547 et

249 5561 424 5628 editi,
450 5561 786 5636 ’Δμήνίγάμ
818 5561 921 5636 ἔφη
957 5563 984 5615 6
1013 5562 1245 5636 Ἰησοῦς,
1276 5561 1458 5636 λέγω,
1478 5569 1586 5619 etc.

325 5636 440 5707 (35)
469 5633 812 5708 Basiliensis
842 5633 1308 5708 e't_Anglicanqus,
1339 5633 1650 5708 γενόμενον.
1685 5634 1902 5707 Regius

251 5711 311 5762 et
332 5700 758 5837 'nguetrianus,
789 5700 1111 5782 λεγόμενον.
1147 5706 1250 5763 Alii
1282 5700 1538 5778 editique
1583 5700 1902 5780 utrum'que

253 5795 375 5836 om:
433 5795 514 5836 un
546 5821 560 5835 .
1381 5803 1389 5812 υ

253 5795 560 5836 οωιιιιιιιι.
1381 5803 1389 5812 ⁸

2027 3431 2137 3497 est,
2169 3428 2295 3501 ipse
2325 3431 2477 3483 certe
2507 3427 2681 3483 Pater
2708 3427 2901 3482 fuerit.
2955 3427 3464 3491 Quemadmodum
3518 3427 3676 3484 enim

2027 3533 2184 3573 unus
2203 3521 2293 3572 est
2322 3517 2511 3585 Pater,
2544 3517 2627 3572 ita
2657 3516 3002 3589 Unigenitus
3034 3533 3102 3573 ex
3131 3533 3196 3572 eo
3258 3520 3455 3586 natus,
3517 3534 3674 3574 unus

2026 3609 2134 3662 est.
2169 3606 2318 3670 Quid
2351 3609 2630 3678 praeterea
2649 3605 2905 3661 Verbum
2926 3605 3167 3664 homine
3193 3606 3452 3678 amplius
3473 3605 3672 3675 habet,

2026 3695 2077 3751 si
2104 3695 2362 3750 Verbum
2385 3694 2566 3750 Filius
2595 3711 2708 3750 non
2741 3694 2860 3751 sit?
2889 3695 3171 3750 Mundum
3193 3696 3433 3766 quidem
3457 3711 3562 3767 per
3583 3697 3674 3750 Fi-

2023 3784 2170 3840 lium
2201 3787 2259 3840 et
2287 3783 2545 3840 Verbum
2577 3783 2794 3839 factum
2828 3800 2958 3841 esse
3007 3784 3292 3856 scriptum
3345 3788 3454 3850 est,
3513 3801 3670 3839 com-

2023 3887 2317 3944 muneque
2348 3876 2436 3928 est
2482 3873 2672 3928 Verbo
2715 3877 2772 3928 et
2800 3873 2944 3928 Filio
2995 3873 3286 3930 mundum
3336 3888 3531 3928 creare
3565 3889 3578 3926 :
3614 3877 3673 3928 at

2026 3963 2253 4018 Patrem
2284 3977 2402 4016 non
2459 3961 2708 4016 aVerbo
2764 3963 2864 4016 sed
2898 3979 2932 4017 a
2974 3961 3116 4016 Filio
3172 3961 3354 4016 videri
3411 3959 3672 4016 declarat

2023 4051 2326 4123 Scriptura
2352 4069 2366 4120 ;
2398 4067 2502 4106 nec
2532 4051 2673 4106 item
2705 4051 2964 4106 mundus
2993 4067 3095 4122 per
3119 4050 3399 4116 Verbum,
3434 4050 3536 4106 ed
3568 4066 3672 4122 per

2022 4140 2394 4212 unigenitum
2426 4140 2637 4195 Filium
2672 4137 2868 4196 salvus
2910 4139 3032 4194 ﬁeri
3093 4139 3324 4194 dicitur.
3383 4139 3673 4210 Namque,

2020 4229 2232 4300 inquit,
2267 4231 2419 4286 Dixit
2453 4235 2614 4288 Jesus
2636 4249 2654 4284 :
2687 4230 2850 4285 Tanto
2881 4237 3126 4300 tempore
3153 4228 3432 4284 vobiscum
3451 4244 3596 4296 sum,
3624 4231 3674 4285 et

2019 4334 2130 4375 non
2157 4319 2459 4388 cognovisti
2485 4333 2591 4387 me,
2623 4319 2879 4389 Philippe
2899 4317 2926 4372 ‘i
2957 4319 3062 4386 Qui
3083 4317 3224 4373 vidit
3247 4333 3353 4386 me,
3398 4316 3535 4373 vidit
3563 4319 3672 4373 Pa-

2017 4412 2162 4463 trem
2193 4408 2259 4464 εί,
2295 4411 2410 4463 Nec
2441 4407 2615 4462 etiam
2648 4425 2681 4462 ει
2709 4407 3039 4478 Verbo,sed
3070 4424 3103 4462 ει
3137 4405 3280 4463 Filio
3312 4407 3544 4462 Patrem
3577 4424 3671 4462 co-

2018 4496 2222 4570 gnosci
2251 4496 2503 4568 legimus
2537 4513 2550 4552 :
2586 4496 2671 4551 uti
2716 4513 2819 4552 nec
2874 4497 3132 4553 Verbum
3193 4497 3387 4554 videre
3443 4497 3671 4554 Patrem

2017 4586 2257 4653 dicitur,
2305 4586 2407 4642 sed
2464 4585 2812 4659 Unigenitus
2871 4585 3056 4643 Filius
3114 4587 3215 4659 qui
3271 4589 3362 4644 est
3413 4586 3474 4642 in
3531 4587 3669 4642 sinu

1933 4685 1980 4750 D
2011 4675 2224 4732 Patris.

2086 4765 2176 4820 21.
2211 4765 2432 4836 Ecquid
2463 4781 2636 4837 porro
2667 4765 2923 4822 Verbum
2955 4765 3028 4820 ad
3089 4768 3352 4821 nostram
3412 4763 3663 4818 salutem

2016 4853 2274 4925 amplius
2307 4854 2492 4927 possit
2548 4855 2810 4911 conferre
2841 4870 3020 4927 quam
3051 4852 3256 4921 Filius,
3281 4853 3330 4907 si
3363 4855 3666 4922 nempe,ut

2018 4944 2399 5014 arbitrantur,
2432 4944 2583 5000 alius
2617 4949 2704 5000 est
2731 4943 2997 5010 Filius,et
3028 4941 3186 4998 aliud
3213 4941 3472 4998 Verbum
3503 4941 3530 4995 ?
3549 4940 3664 4999 Nos

2017 5031 2175 5088 enim
2207 5049 2323 5089 non
2352 5033 2411 5088 in
2441 5033 2724 5105 Verbum,
2761 5033 2863 5089 sed
2893 5032 2952 5087 in
2985 5030 3202 5088 Filium
3234 5030 3469 5087 credere
3491 5029 3665 5104 jube-

2090 5348 2203 5419 (36)
2235 5349 2327 5404 Sic
2358 5347 2574 5420 Regius
2606 5351 2664 5420 et
2691 5347 3189 5420 Seguerianus,ut
3218 5351 3275 5404 et
3305 5346 3572 5404 Nannius
3594 5347 3672 5406 le-

2011 5414 2111 5492 git.
2149 5414 2259 5475 Alii
2294 5414 2543 5492 eted‘iti,
2577 5414 3020 5492 si’mm'endose.

2107 5492 2196 5562 37)
2227 5491 2614 5547 Goblerianus
2648 5488 2740 5547 hic
2771 5494 2828 5546 et
2857 5507 3012 5558 mox,
3047 5488 3236 5551 πόσος.

2107 5565 2196 5635 38)
2229 5565 2322 5618 Sic
2357 5565 2491 5636 Reg.
2522 5564 2650 5634 Seg.
2685 5563 2858 5619 Basil.
2889 5567 2947 5620 et
2973 5562 3199 5636 Anglic.
3236 5564 3306 5618 At
3353 5561 3414 5618 in
3446 5561 3577 5620 aliis
3607 5566 3666 5621 et

2013 5635 2187 5692 editis
2214 5637 2378 5692 deest
2403 5635 2474 5692 εἰ.

2085 5709 2196 5781 (39)
2232 5707 2570 5766 Basiliensis
2601 5712 2659 5766 et
2685 5707 3065 5781 Anglicanus,
3095 5704 3185 5762 καὶ
3212 5707 3362 5782 ὁρᾷν.
3405 5783 3407 5786 ι
