4076 6344
325 7 356 16 δ·-
365 5 644 16 -ῌ-ι--ι-σηρ
651 0 718 16 ιζ’--
725 0 798 16 ...τ-.-

379 464 500 524 499

391 684 617 754 Filium,
652 683 811 738 habet
838 684 1012 737 vitam
1041 689 1310 738 aeternam
1341 699 1359 736 :
1390 684 1488 752 qui
1524 692 1712 738 autem
1761 683 1902 737 Filio
1930 698 2040 738 non

390 773 587 838 credit,
619 788 729 827 non
757 771 963 826 videbit
991 773 1159 827 vitam
1188 771 1253 824 ⁸².
1313 771 1562 842 Insuper
1605 775 1875 828 sanctum
1938 771 2041 826 ba-

391 863 608 935 ptisma
634 861 693 915 in
728 877 844 933 quo
874 859 1058 915 totius
1102 865 1316 916 1108th
1366 859 1500 914 ﬁdei
1544 859 1736 931 posita
1784 863 1872 914 est
1903 876 2040 914 con-

391 950 644 1021 stitutio,
681 967 794 1005 non
827 950 886 1004 in
920 950 1204 1015 Verbum,
1238 949 1338 1004 sed
1372 950 1430 1004 in
1464 953 1693 1004 Patrem
1725 953 1781 1004 et
1829 947 2041 1006 Filium

391 1046 448 1096 et
491 1045 760 1096 sanctum
811 1037 1094 1111 Spiritum
1147 1039 1340 1093 datur.
1392 1040 1755 1110 Quapropter
1783 1038 1937 1094 502
1994 1037 2044 1093 si

391 1129 721 1186 secundum
755 1128 888 1184 illos
920 1127 1077 1183 aliud
1110 1132 1199 1183 est
1229 1127 1509 1196 Verbum,
1541 1131 1597 1182 et
1629 1126 1781 1182 alius
1839 1125 2042 1192 Filius,

391 1236 496 1275 nec
525 1219 783 1274 Verbum
816 1222 906 1273 est
936 1216 1120 1274 Filius
1145 1216 1344 1292 :pnihil
1375 1232 1516 1272 sane
1549 1217 1618 1270 ad
1651 1215 1910 1271 Verbum
1947 1217 2046 1272 ba-

392 1309 610 1381 ptisma
641 1307 1216 1378 pertinet.Quomodo
1235 1307 1415 1378 igitur
1438 1306 1696 1361 Verbum
1722 1306 2044 1364 secundum

400 1398 534 1454 illos
565 1413 684 1452 una
711 1401 799 1451 est
823 1412 955 1450 cum
992 1384 1316 1461 Patre,cum
1350 1393 1408 1448 in
1425 1393 1702 1466 baptismi
1734 1394 2050 1450 donatione

397 1504 516 1542 una
547 1501 680 1540 cum
703 1501 770 1538 eo
801 1501 917 1539 non
941 1484 1064 1540 sit?
1094 1489 1168 1538 At
1190 1484 1337 1540 forte
1367 1482 1704 1554 responsuri
1737 1487 1877 1538 sunt
1905 1482 2048 1538 Ver-

400 1579 542 1631 bum
575 1573 635 1629 in
667 1573 858 1629 Patris
890 1573 1130 1628 nomine
1190 1571 1493 1628 contineri.
1531 1571 1744 1636 Quidni
1801 1587 1937 1643 ergo
1994 1577 2052 1627 et

400 1663 694 1737 Spiritus?
726 1665 803 1718 An
836 1679 970 1718 vero
1000 1666 1161 1718 extra
1207 1663 1432 1718 Patrem
1467 1661 1697 1718 exsistit
1749 1661 2052 1733 Spiritus?

403 1753 638 1814 Deinde.
669 1751 720 1807 si
749 1751 1005 1808 Verbum
1039 1768 1153 1816 non
1185 1756 1275 1807 est
1307 1750 1695 1817 Filius,bomo
1715 1750 1897 1822 igitur
1919 1754 2054 1822 pot

401 1842 628 1897 Patrem
661 1841 1057 1897 nominandus
1083 1840 1276 1911 erit,et
1297 1839 1552 1912 Spiritus
1584 1844 1718 1912 post
1749 1839 2047 1895 hominem

967 460 1033 520 S.
1081 461 1511 522 ATHANASII
1557 459 1729 522 OPP.
1776 460 1978 522 PARS
2023 460 2073 521 l.
2113 493 2191 505 -
2221 461 2640 525 HISTORICA
2683 465 2782 525 E'l‘
2827 463 3300 526 DOGMATICA.

385 612 539 665 mur,
574 597 640 649 ut
669 593 926 650 Joannes
956 592 1050 648 bis
1079 591 1272 648 verbis
1303 592 1560 648 declarat
1593 611 1605 648 :
1637 595 1750 663 Qui
1777 593 1951 649 credi!
1979 595 2038 649 in

2163 592 2294 659 Φησὶ
2367 593 2469 670 γὰρ
2527 595 2554 648 6
2607 595 2861 666 Ἰωάννης
2919 597 3053 668 (40)·
3114 596 3172 649 Ὀ
3226 593 3492 651 πιστεύων

3685 462 3806 526 500

3574 595 3652 659 εἰς
3707 597 3801 652 τὸν

2147 682 2269 736 Υἱὸν
2327 681 2442 758 ἔχει
2507 685 2648 752 ζωὴν
2711 683 2949 738 αἲώνιονο
2983 685 3011 738 6
3045 681 3103 739 δὶ
3132 683 3363 739 ἀπειθῶν
3415 689 3495 756 τῷ
3524 685 3634 758 Υἱῷ
3694 687 3804 741 οὐκ

2151 765 2335 844 ὄψεται
2422 775 2587 842 ζωήν.
2649 773 2745 826 Καὶ
2823 773 2886 827 τὸ
2947 775 3099 847 ἅγιον
3162 771 3220 828 δὶ
3281 773 3580 849 βάπτισμα,
3640 773 3693 829 ἐν
3757 777 3804 848 ᾧ

2149 859 2327 927 πάσης
2358 863 2591 922 πίστεως
2619 864 2779 934 ἡμῶν
2830 864 2864 930 ἡ
2914 862 3165 924 σύστασις
3212 864 3396 938 ὁρμεῖ,
3425 861 3522 917 οὐκ
3571 863 3646 927 εἷς
3693 863 3801 920 Λό-

2151 970 2271 1024 γον,
2333 949 2458 1004 ἀλλ’
2507 951 2584 1012 εἷς
2642 952 2852 1024 Πατέρα
2899 951 2989 1004 καὶ
3049 951 3171 1005 Υἱὸν
3229 951 3319 1006 καὶ
3377 953 3527 1027 ἅγιον
3583 949 3803 1025 Ιῐνεῦμα

2154 1035 2382 1095 δίδοται.
2419 1036 2584 1112 Εἴπερ
2619 1038 2708 1094 οὖν
2740 1040 2857 1095 κατ’
2887 1037 3083 1101 αὐτοὺς
3115 1037 3286 1102 ἄλλος
3338 1040 3478 1096 ἐστὶν
3526 1042 3553 1095 6
3597 1041 3800 1116 Λόγος,

2154 1127 2243 1182 καὶ
2277 1125 2450 1190 ἄλλος
2482 1130 2509 1182 6
2544 1129 2687 1197 Υἱὸς,
2719 1130 2809 1184 καὶ
2849 1128 2950 1183 οὐκ
2993 1125 3131 1183 ἔστιν
3163 1130 3286 1191 Υἱὸς
3330 1131 3358 1184 6
3410 1131 3606 1205 Λόγος,
3647 1129 3800 1185 οὐδὲν

2154 1218 2290 1290 πρὸς
2338 1216 2428 1272 τὸν
2492 1220 2656 1294 Λόγον
2716 1219 2777 1272 τὸ
2837 1217 3136 1294 βάπτισμα.
3173 1221 3296 1276 Πῶς
3355 1217 3446 1273 οὖν
3498 1220 3737 1274 σύνεστιν
3773 1222 3802 1274 6

2155 1307 2328 1380 Λόγος
2360 1307 2476 1360 κατ’
2507 1308 2704 1368 αὐτοὺς
2756 1311 2834 1377 τῷ
2885 1306 3075 1382 Πατρί,
3108 1308 3172 1362 οὐ
3220 1307 3392 1361 συνὼν
3443 1309 3592 1378 αὐτῷ
3637 1307 3686 1362 ἐν
3732 1313 3802 1382 τῇ

2154 1399 2252 1450 τοῦ
2317 1396 2687 1470 βαπτίσματος
2747 1393 2889 1450 δόσει
2921 1415 2934 1464 ;
2968 1393 3122 1452 Ἀλλ’
3155 1393 3288 1458 ἴσως
3343 1395 3404 1450 ἂν
3448 1393 3673 1454 εἴποιεν.
3715 1399 3804 1454 Ἐν

2155 1488 2236 1556 τῷ
2264 1489 2359 1538 τοῦ
2392 1487 2601 1559 Πατρὸς
2631 1484 2854 1558 ὀνόματι
2905 1486 3216 1560 περιέχεται
3261 1485 3351 1540 καὶ
3410 1487 3438 1539 6
3485 1486 3678 1562 Λόγος.
3712 1488 3811 1542 Διὰ

2155 1574 2208 1627 τί
2244 1576 2352 1644 (Η)
2387 1573 2477 1627 οὖν
2512 1573 2642 1648 οὐχὶ
2674 1573 2762 1628 καὶ
2793 1574 2856 1628 τὸ
2886 1578 3142 1647 Πνεῦμα;
3175 1575 3241 1628 Ἣ
3275 1573 3427 1636 ἐκτὸς
3458 1579 3555 1629 τοῦ
3597 1577 3807 1650 Πατρὸς

2156 1661 2220 1716 τὸ
2253 1667 2508 1736 Πνεῦμα;
2547 1664 2640 1717 Καὶ
2676 1662 2958 1738 ἅνθρωπος
3005 1665 3121 1736 μὲν,
3155 1659 3307 1738 εἷ’περ
3357 1665 3460 1718 οὐκ
3503 1659 3642 1718 ἔστιν
3683 1665 3808 1727 Υἱὸς

2160 1753 2188 1806 6
2218 1752 2414 1828 Λόγος,
2451 1753 2583 1825 μετᾶ
2606 1752 2697 1806 τὸν
2742 1752 2950 1828 Πατέρα
2995 1751 3340 1825 ὀνομάζεται,
3371 1752 3434 1806 τὸ
3485 1750 3542 1808 δὲ
3590 1756 3809 1826 Πνεῦμα

2164 1842 2298 1914 μετὰ
2326 1842 2419 1895 τὸν
2452 1843 2758 1914 ἄνθρωπονο
2793 1843 2896 1896 οὐκ
2925 1839 3001 1895 ἔτι
3049 1838 3106 1896 δὲ
3147 1839 3272 1896 οὐδὲ
3317 1841 3394 1902 εἷς
3443 1839 3634 1918 τριάδα
3688 1845 3810 1898 κατ’

400 1947 505 1987 nec
528 1932 654 2003 jam
687 1929 884 1985 unitas
911 1945 980 1984 ex
1009 1928 1247 1984 illorum
1282 1929 1574 1986 sententia
1619 1929 1678 1984 in
1725 1929 2048 1984 trinitatem

2163 1929 2357 1991 αὐτοὺς
2406 1931 2440 1999 ἡ
2497 1932 2664 2003 μονὰς
2718 1928 3068 1997 πλατύνεται,
3111 1929 3235 1986 ἀλλ’
3280 1930 3354 1992 εἰς
3395 1927 3643 2002 τετράδα,
3694 1937 3804 1985 Πα-

397 2020 865 2090 dilatabitur,sed
900 2019 958 2073 in
984 2019 1683 2090 quaternitatem,nempe
1706 2019 1762 2073 in
1793 2019 2046 2083 Patrem,

393 2109 669 2177 Verbum,
700 2107 933 2175 Filium,
962 2115 1011 2163 et
1037 2108 1314 2180 Spiritum
1350 2112 1646 2163 sanctum.
1691 2107 1904 2163 Verum
1956 2107 2050 2162 hic

393 2214 492 2255 eos
525 2198 713 2269 pudor
741 2197 801 2251 in
835 2196 993 2252 aliud
1028 2197 1183 2269 cogit
1231 2197 1546 2269 confugere
1600 2196 2046 2252 deverticulum.

391 2287 578 2343 Alunt
604 2287 788 2360 igitur
817 2303 932 2341 non
950 2286 1252 2341 hominem
1281 2302 1569 2350 seorsum,
1588 2301 1761 2357 quem
1797 2287 2051 2357 gestavit

392 2375 700 2445 Dominus,
723 2375 824 2431 sed
859 2379 1197 2446 utrumque,
1232 2375 1488 2431 Verbum
1522 2374 1744 2430 scilicet
1773 2379 1829 2430 et
1861 2375 2048 2430 homi-

394 2481 552 2534 nem,
585 2481 716 2520 esse
748 2463 958 2519 Filium
996 2482 1008 2518 :
1043 2465 1218 2519 ambo
1249 2465 1403 2518 enim
1439 2463 1612 2517 simul
1648 2464 2050 2533 conjuncti,ut

396 2553 888 2627 inquiunt,Filius
919 2553 1314 2625 appellantur.
1337 2553 1478 2618 Quis
1508 2553 1690 2625 igitur
1715 2554 2046 2620 amborum,

398 2660 578 2700 causa
608 2641 847 2698 alterius
877 2648 965 2697 est
985 2643 1012 2696 ?
1047 2641 1180 2696 Uter
1209 2646 1406 2696 utrum
1441 2641 1852 2696 effecitFilium
1875 2641 1903 2695 ?
1923 2640 2046 2710 Vel,

404 2737 467 2790 ut
498 2731 731 2806 planius
757 2731 984 2803 loquar,
1019 2747 1161 2786 num
1192 2730 1446 2786 Verbum
1484 2728 1664 2786 Filius
1693 2733 1782 2785 est
1814 2734 2048 2802 propter

400 2839 634 2878 carnem
655 2822 684 2876 ?
715 2839 785 2877 an
817 2838 952 2877 vero
980 2836 1112 2876 caro
1144 2825 1378 2893 propter
1406 2820 1663 2875 Verbum
1701 2818 1881 2874 Filius
1898 2819 2045 2874 dici-

399 2917 498 2968 tur
517 2911 545 2966 ?
574 2917 739 2968 Anne
762 2911 959 2984 potius
985 2914 1257 2966 neutrum
1293 2909 1457 2964 alteri
1491 2926 1669 2965 causa
1697 2914 1788 2964 est
1817 2926 1922 2964 cur
1954 2908 2042 2963 Fi-

396 3001 513 3056 lius
545 3000 892 3072 appelletur,
925 3000 1025 3055 sed
1060 2998 1220 3055 solus
1279 2999 1588 3054 amborum
1641 3014 1990 3070 congressus
2018 2997 2046 3052 ?

399 3091 563 3155 Quod
598 3090 647 3144 si
672 3089 929 3144 Verbum
963 3094 1201 3161 propter
1231 3104 1492 3158 carnem,
1545 3087 1758 3144 Filium
1805 3103 1934 3142 esse
1963 3103 2047 3142 re-

399 3177 765 3250 sponderint,
796 3182 948 3233 certe
978 3193 1238 3244 carnem,
1261 3177 1473 3232 Filium
1505 3193 1634 3232 esse
1665 3193 1902 3232 necesse
1933 3180 2039 3232 est:

2158 2018 2308 2095 τὲρα,
2339 2019 2428 2073 καὶ
2485 2019 2656 2094 Λόγον
2711 2021 2845 2092 (42),
2875 2035 2963 2073 και
3017 2017 3162 2091 Υἱὸν,
3211 2020 3298 2074 καὶ
3360 2024 3575 2092 Πνεῦμα
3623 2021 3801 2096 ἅγιον.

2157 2114 2241 2163 Ἐν
2301 2107 2519 2170 τούτοις
2578 2106 2644 2177 δὴ
2700 2104 3110 2184 αἰσχυνόμενοι,
3162 2108 3238 2171 εἷς
3294 2106 3477 2184 ἓτερον
3537 2110 3802 2184 καταφεῦ-

2158 2218 2336 2272 γουσι,
2369 2198 2457 2252 καί
2515 2219 2642 2275 φασι
2700 2199 2775 2272 μὴ
2834 2199 2924 2253 τὸν
2985 2198 3264 2275 ἄνθρωπον
3325 2199 3443 2263 καθ’
3491 2199 3700 2269 ἑαυτὸν,
3747 2201 3806 2254 ὅν

2159 2286 2408 2362 ἐφόρεσιν
2463 2289 2490 2341 6
2550 2288 2767 2363 Κύριος,
2801 2285 2945 2343 ἀλλὰ
2999 2289 3061 2342 τὸ
3121 2287 3548 2366 συναμφότερον,
3600 2290 3692 2343 τόν
3747 2310 3807 2344 τε

2157 2371 2334 2451 Λὸγον
2365 2375 2455 2430 καὶ
2483 2377 2574 2431 τὸν
2636 2374 2937 2452 ἄνθρωπον,
2970 2377 3101 2431 εἶναι
3154 2376 3297 2431 Υἱόνο
3331 2378 3650 2449 συνημμένα
3705 2378 3805 2452 γὰρ

2157 2464 2439 2542 ἀμφότερα
2478 2467 2624 2532 Υἰὸς,
2668 2466 2745 2526 ὡς
2793 2466 2950 2521 αὐτοὶ
3006 2465 3280 2540 λέγουσιν,
3339 2467 3686 2539 ὀνομάζεται.
3745 2467 3809 2520 Τί

2154 2554 2334 2609 τοίνυν
2365 2555 2509 2616 τίνος
2561 2552 2868 2626 αἴτιον,καῖ
2913 2555 3143 2629 πότερος
3203 2556 3432 2631 πότερον
3495 2557 3618 2610 Υἱὸν
3676 2577 3805 2610 κατ-

2158 2642 2472 2710 εσκεύασενς
2522 2649 2611 2714 Ἢ,
2659 2642 2752 2698 ’ἱνα
2829 2641 3150 2719 λευκότερον
3224 2643 3476 2718 εἴποιμι,
3535 2643 3635 2719 ἄρα
3689 2647 3808 2718 (43)

2157 2729 2245 2788 διὰ
2303 2734 2400 2800 τὴν
2463 2734 2632 2808 σάρκα
2689 2735 2716 2788 ὁ
2772 2732 2948 2808 Λόγος
3000 2734 3162 2802 Υἱός;
3195 2734 3230 2802 ἢ
3263 2731 3353 2788 διὰ
3397 2733 3490 2788 τὸν
3543 2735 3712 2810 Λόγον
3769 2735 3804 2804 ἡ

2153 2822 2280 2893 σὰρξ
2321 2822 2443 2882 Υἱὸς
2505 2821 2756 2895 λέγεται;
2809 2823 2878 2877 ’Ἡ
2929 2819 3042 2877 οὐδ’
3086 2821 3344 2898 ὁπότερον
3395 2822 3624 2890 τούτων,
3680 2821 3810 2878 ἀλλ’

2153 2911 2188 2979 ἡ
2223 2913 2334 2983 (44)
2363 2911 2563 2988 ἀμφοῖν
2599 2908 2861 2980 σόνοδοςς
2895 2911 2958 2966 Ei
2995 2912 3088 2984 μὲν
3135 2910 3225 2966 οὖν
3273 2913 3301 2966 6
3347 2912 3521 2988 Λόγος
3569 2910 3658 2966 διὰ
3703 2914 3801 2981 τὴν

2154 2999 2344 3075 σάρκα,
2379 2999 2578 3073 ἀνάγκη
2637 3001 2736 3068 τὴν
2788 3001 2958 3076 σάρκα
3008 3002 3140 3055 εἶναι
3198 2999 3342 3069 Υἱόν,
3371 3002 3459 3055 καὶ
3509 2999 3804 3056 ἀκολουθεῖ

2149 3089 2218 3143 τὰ
2249 3086 2440 3158 ἄτοπα,
2475 3090 2572 3142 ὅσα
2604 3089 2923 3164 προείρηται
2971 3088 3030 3144 ἐκ
3071 3093 3169 3144 τοῦ
3219 3088 3391 3166 λέγειν
3445 3091 3536 3144 τὸν
3587 3088 3796 3164 ἅνθρω-

2151 3198 2252 3232 πον
2281 3177 2425 3231 Υἱόν·
2461 3176 2504 3231 εἶ
2533 3174 2588 3231 δὲ
2621 3175 2709 3231 ’διά
2737 3178 2827 3231 τὸν
2865 3172 3032 3252 Λόγον
3087 3181 3120 3248 ἡ
3183 3179 3310 3249 σὰρξ
3371 3180 3494 3241 Υἱὸς
3555 3177 3798 3256 λέγεται,

392 3283 509 3338 quo
541 3283 605 3321 ex
639 3281 920 3337 responso
951 3265 1150 3321 omnia
1179 3265 1281 3320 illa
1325 3266 1582 3321 absurda
1610 3269 2044 3336 consequentur

2163 3267 2245 3320 καὶ
2301 3267 2407 3342 πρὸ
2457 3273 2558 3335 τῆς
2615 3266 2810 3342 σαρκὸς
2869 3265 3077 3322 πάντων
3111 3268 3342 3344 ὁΛόγος
3394 3267 3468 3322 ὣν
3526 3269 3652 3332 Υἱὸς
3709 3270 3804 3338 ἦν.

396 3373 522 3427 quae
555 3371 624 3410 ex
652 3353 889 3410 illorum
915 3354 1190 3426 superius
1211 3353 1430 3409 dictum
1464 3358 1552 3410 est
1573 3353 1707 3408 oriri
1734 3355 2044 3423 sententia,

2163 3359 2283 3417 Πῶς
2311 3325 2410 3431 γαρ
2445 3357 2556 3409 οἷόν
2587 3376 2645 3411 τε
2676 3325 2944 3411 υἱοποιεῖν
2974 3378 3095 3411 τινα
3127 3325 3364 3433 ἓτὲρόυς,
3404 3359 3479 3430 μὴ
3531 3354 3658 3413 ὄντα
3707 3360 3806 3414 αὐ-

398 3445 497 3515 qui
534 3441 830 3498 hominem
865 3443 1077 3499 Filium
1110 3459 1238 3499 esse
1283 3443 1599 3498 afﬁrmant.
1636 3442 1692 3498 Si
1753 3459 1887 3498 vero
1918 3459 2049 3514 pro-

402 3537 530 3604 pter
562 3532 812 3588 Verbum
848 3549 982 3587 caro
1016 3531 1199 3588 Filius
1266 3531 1501 3600 dicitur,
1560 3531 1743 3604 igitur
1799 3532 2049 3588 Verbum

405 3621 578 3676 etiam
616 3625 750 3677 ante
779 3636 1014 3677 carnem
1036 3619 1217 3676 Filius
1247 3620 1544 3678 erat.Nam
1577 3621 1678 3692 qui
1711 3619 1833 3676 ﬁeri
1866 3625 2055 3692 potest

403 3713 470 3764 ut
501 3709 647 3765 alios
679 3708 776 3766 ille
809 3709 959 3766 ﬁlios
993 3710 1217 3778 reddat,
1253 3709 1351 3781 qui
1403 3709 1528 3780 ipse
1574 3708 1734 3764 ﬁlius
1781 3725 1897 3764 non
1944 3713 2051 3779 est,

2159 3444 2250 3497 τὸν
2311 3445 2450 3511 υἳὸν,
2483 3439 2638 3505 ὄντος
2697 3442 2935 3516 μάλιστα
2982 3445 3184 3519 πατρός
3215 3466 3228 3512 ;
3260 3445 3324 3501 Εἰ
3380 3447 3472 3519 μὶν
3506 3445 3599 3500 οὖν
3633 3447 3808 3519 ἑαυτῷ

2163 3533 2417 3604 υἱοποιεῖ,
2471 3533 2654 3606 Πατὴρ
2733 3534 2894 3595 αὐτὸς
2966 3534 3024 3588 ἂν
3082 3533 3205 3604 εἴη·
3266 3535 3310 3589 εἰ
3369 3532 3426 3589 δὲ
3479 3539 3558 3606 τῷ
3616 3537 3809 3611 Ιῐατρὶ,

2167 3621 2366 3698 ἀνάγκη
2405 3621 2563 3676 αὐτὸν
2593 3621 2725 3676 εἶναι
2757 3623 2900 3693 Υἱὸν,
2938 3621 3153 3696 μᾶλλον
3204 3620 3260 3678 δὲ
3314 3624 3474 3678 αὐτὸν
3532 3623 3663 3678 εἶναι
3717 3626 3808 3679 τὸν

2167 3711 2290 3764 Υἱὸν
2322 3713 2456 3783 (45),
2491 3708 2560 3764 δι’
2590 3711 2648 3765 ὃν
2685 3712 2772 3766 καὶ
2805 3713 2857 3766 οἱ
2890 3710 3054 3766 ἄλλοι
3085 3712 3480 3768 υἱοποιοῦνται.

394 3799 716 3871 praesertim
748 3803 912 3871 patre
941 3798 1253 3854 exsistente
1283 3797 1311 3852 ?
1342 3799 1624 3864 Profecto,
1657 3799 1702 3854 si
1753 3798 1864 3854 sibi
1917 3800 2042 3870 ipse
2087 3799 2239 3856 ﬁlios
2290 3802 2486 3869 efﬁcit,
2549 3806 2717 3857 Pater
2773 3803 3058 3859 dicendus
3088 3809 3176 3859 est
3205 3820 3218 3858 :
3253 3803 3302 3858 si
3336 3803 3513 3874 Patri,
3573 3803 3700 3876 ipse
3732 3802 3814 3858 sit

396 3905 629 3962 quoque
663 3889 864 3959 Filius,
898 3888 984 3946 vel
1011 3889 1208 3962 potius
1237 3889 1363 3961 ipse
1391 3904 1560 3944 verus
1593 3888 1670 3944 sit
1695 3887 1877 3945 Filius
1907 3905 2146 3947 necesse
2173 3891 2412 3947 omnino
2451 3897 2562 3960 est,
2597 3897 2831 3965 propter
2877 3909 3052 3964 quem
3111 3892 3335 3949 scilicet
3365 3893 3467 3950 alii
3527 3893 3630 3948 ﬁlii
3688 3893 3812 3949 efﬁ-

399 3979 488 4035 ciu
498 3983 653 4035 ntur.

468 4069 558 4123 22.
590 4067 975 4140 Caeteroquin,
1010 4067 1057 4124 si
1087 4067 1187 4122 ille
1217 4083 1332 4123 non
1365 4067 1445 4124 sit
1475 4066 1690 4132 Filius,
1723 4070 1780 4122 et
1809 4081 1916 4122 nos
1947 4067 2051 4122 ﬁlii

401 4158 874 4230 sumus,utrique
906 4174 1018 4213 non
1040 4156 1199 4212 illius
1221 4157 1319 4212 sed
1341 4156 1528 4212 nostri
1555 4160 1724 4212 Pater
1751 4156 1860 4212 erit
1882 4161 2052 4214 Deus.

399 4247 506 4311 Qui
537 4262 675 4320 ergo
704 4247 764 4302 id
797 4247 910 4302 sibi
945 4252 1227 4319 tanquam
1263 4245 1566 4318 proprium
1591 4245 1686 4300 bis
1717 4245 1911 4301 verbis
1932 4247 2056 4300 vin-

401 4337 580 4401 dicat,
614 4338 782 4391 Pater
809 4353 963 4394 mou:
992 4338 1058 4404 ⁸⁸,
1090 4341 1147 4392 et
1174 4339 1282 4407 Ego
1330 4351 1401 4391 ex
1454 4340 1623 4392 Patre
1650 4337 1694 4369 ⁸⁴
1718 4335 1746 4388 ‘I
1775 4335 1833 4391 Si
1895 4337 2052 4392 enim

401 4424 735 4480 communis
768 4425 1035 4480 omnium
1067 4426 1233 4481 Pater
1272 4429 1384 4494 est,
1439 4441 1552 4481 non
1594 4425 1722 4495 ejus
1755 4423 1940 4479 solius
1969 4429 2058 4480 est

403 4513 592 4580 Pater,
622 4528 810 4584 neque
839 4513 1004 4570 solus
1035 4513 1133 4570 ille
1179 4531 1247 4570 ex
1281 4515 1446 4570 Patre
1497 4512 1692 4569 exivit.
1753 4513 2055 4570 interdum

401 4605 598 4657 autem
632 4609 902 4657 nostrum
934 4602 1110 4658 etiam
1141 4604 1371 4659 Patrem
1403 4602 1517 4657 dici
1559 4602 1750 4668 docet,
1782 4602 1855 4658 ob
1887 4620 2052 4658 suam

403 4689 631 4747 scilicet
650 4706 786 4748 eum
814 4695 1015 4747 nostra
1043 4707 1215 4747 carne
1237 4690 1876 4746 communionem.ldeo
1898 4690 2054 4746 enim

401 4781 660 4835 Verbum
693 4796 827 4835 caro
863 4781 1084 4836 factum
1117 4784 1224 4852 est,
1259 4783 1346 4846 ut,
1380 4779 1654 4851 quoniam
1689 4779 1947 4834 Verbum
1967 4785 2058 4834 est

398 4869 598 4937 Filius,
632 4874 872 4943 propter
902 4867 1127 4926 Filium
1156 4870 1217 4925 in
1247 4869 1418 4926 nobis
1450 4868 1811 4925 habitantem
1861 4874 2057 4925 noster

2235 4071 2324 4126 22.
2358 4068 2504 4126 Ἐπεὶ
2565 4069 2632 4140 εἰ,
2687 4069 2764 4142 μή
2823 4065 2978 4132 ὄντος
3043 4071 3210 4125 αὐτοῦ
3266 4071 3415 4140 Υἱοὶ),
3475 4072 3640 4143 ἡμεῖς
3698 4070 3808 4124 υἱοὶ

2165 4157 2345 4229 ἐσμεν,
2381 4160 2540 4230 ἡμῶν
2602 4161 2660 4212 ἂν
2720 4157 2805 4229 εἴη
2842 4160 2870 4213 6
2901 4160 3031 4221 Θεὸς
3083 4160 3288 4234 Πατὴρ,
3321 4157 3409 4213 καὶ
3459 4159 3562 4214 οὐκ
3620 4160 3807 4214 αὐτοῦ.

2164 4247 2289 4307 ΙΙῶς
2320 4244 2410 4300 οὖν
2447 4243 2792 4301 ἰδιοποιεῖται
2847 4245 3060 4327 μᾶλλον
3095 4247 3292 4321 λέγων,
3323 4249 3385 4304 Ὁ
3441 4250 3626 4320 Πατήρ
3683 4269 3812 4320 μου,

2163 4335 2273 4404 καὶ,
2310 4335 2448 4410 Ἐγὼ
2505 4334 2563 4388 ἐκ
2621 4333 2715 4388 τοῦ
2775 4336 3027 4409 ῙΙατρός;
3090 4335 3152 4390 Ei
3206 4336 3306 4410 γὰρ
3365 4337 3546 4396 κοινὸς
3599 4337 3815 4391 πάντων

2166 4424 2372 4498 Πατὴρ,
2407 4424 2470 4478 οὐ
2529 4424 2697 4496 μόνου
2757 4425 2922 4478 αὐτοῦ
2977 4425 3186 4500 Πατὴρ,
3236 4422 3364 4479 οὐδὲ
3422 4426 3588 4497 μόνος
3652 4426 3816 4488 αὐτὸς

2167 4509 2388 4582 ἐξῆλθεν
2421 4511 2478 4566 ἐκ
2505 4516 2602 4567 τοῦ
2637 4514 2867 4588 Πατρός.
2904 4513 3054 4588 Λέγει
3087 4509 3144 4568 δέ
3177 4534 3307 4568 ποτε
3360 4515 3447 4568 καὶ
3503 4516 3662 4587 ἡμῶν
3717 4514 3816 4568 αὐ-

2164 4601 2255 4654 τὸν
2313 4600 2564 4675 λέγεσθαι
2620 4601 2849 4676 Πατέρα,
2895 4599 2983 4656 διὰ
3027 4603 3089 4656 τὸ
3146 4602 3306 4656 αὐτὸν
3361 4602 3814 4673 κεκοινωνηκέναι

2166 4694 2233 4762 τῇ
2288 4691 2527 4765 ἡμετέρᾳ
2578 4690 2753 4766 σαρκί.
2791 4692 2888 4745 Διὰ
2936 4695 3096 4746 τοῦτο
3151 4697 3253 4768 γάρ
3306 4692 3527 4766 γὲγονεν
3582 4693 3609 4746 6
3642 4692 3816 4766 Λόγος

2169 4778 2316 4852 σὰρξ,
2345 4778 2438 4849 'iv',
2475 4777 2663 4848 ἐπειδὴ
2720 4781 2747 4834 ὁ
2805 4779 2981 4855 Λόγος
3035 4778 3172 4834 ἐστὶν
3209 4781 3353 4848 Υἱὸς,
3387 4777 3474 4834 διὰ
3525 4781 3617 4834 τὸν
3669 4779 3813 4834 ἐνοι-

2167 4871 2365 4922 κοῦντα
2397 4867 2448 4922 ἐν
2482 4871 2618 4941 ἡμῖν
2656 4870 2778 4923 Υἳὸν
2839 4869 3068 4943 Λὲγηται
3097 4871 3204 4942 (46)
3239 4868 3328 4923 καὶ
3381 4871 3541 4940 ἡμῶν
3599 4871 3809 4946 Πατήρ.

399 4937 837 5031 quoque-Pater
867 4959 1283 5032 appellaretur.
1312 4963 1484 5026 Nam,
1515 4958 1729 5032 inquit,
1761 4959 1911 5014 misit
1931 4958 2049 5023 Spi-

2171 4954 2484 5013 ’Λπὲστειλε
2530 4937 2670 5032 -γὰρ,
2727 4958 2882 5035 φησὶ,
2917 4937 2995 5012 ’τὸ
3076 4937 3292 5032 [ivstitia
3365 4937 3461 5012 toi}
3526 4959 3654 5012 Υὶοῦ
3711 4937 3810 5013 αό-

468 5121 516 5156 ”
545 5121 714 5177 Joan.
748 5137 832 5192 ιιι,
865 5122 956 5176 36.
1031 5121 1077 5157 ⁸³
1103 5121 1276 5177 Joan.
1306 5138 1359 5191 ν,
1395 5121 1482 5175 17.
1556 5120 1603 5154 ⁸⁸
1629 5118 1798 5176 Joau.
1831 5136 1948 5185 xw,
1977 5120 2069 5175 28.

474 5284 585 5368 (ἦρ)
614 5283 706 5368 Sic
731 5288 870 5358 Reg.
905 5288 1030 5356 Seg.
1068 5289 1124 5341 et
1155 5282 1331 5342 Basil.
1364 5283 1468 5339 Alii
1502 5287 1697 5339 autem
1748 5285 1805 5338 et
1854 5282 1996 5340 editi
2027 5282 2055 5337 ὁ

405 5360 719 5512 έέξὶξίξλὲἶὸ
750 5431 888 5512 ιιθε.
924 5429 1051 5512 Seg.
1087 5427 1267 5512 sasil.
1300 5426 1524 5499 Anglic.
1559 5429 1613 5481 et
1641 5424 1806 5482 Gobl.
1835 5428 1903 5481 At
1933 5426 2054 5482 edi-

409 5499 492 5558 tio
519 5499 1002 5560 COmmeliniana.
1024 5499 1192 5552 Διότι.

479 5574 586 5642 (42)
619 5573 852 5644 Regius,
878 5572 1294 5644 Seguerianus,
1331 5569 1666 5644 Basiliensis
1698 5568 2055 5644 etAnglica-

409 5641 518 5699 nus
545 5641 1069 5701 recte'addunt'za‘:
1111 5641 1466 5715 .\«$yov,quod
1501 5641 1595 5697 alii
1630 5646 1687 5696 et
1717 5641 1858 5696 editi
1885 5642 2053 5696 omit-

409 5720 586 5857 “JF/:3.)
620 5784 958 5842 Basiliensis
1009 5791 1067 5840 et
1111 5785 1516 5854 Goblerianus,
1575 5781 1694 5853 ἆρα.
1753 5782 1952 5840 Ceteri
1995 5787 2054 5838 et

2161 5567 2257 5622 τὸν
2290 5567 2421 5620 εἶναι
2458 5567 2548 5621 τὸν
2584 5567 2728 5629 Υἱόν,

2168 5282 2348 5339 editio
2381 5281 2866 5356 Cpmmeliniana,
2901 5279 3020 5356 ἄρα.

2163 5427 2198 5494 ἡ
2233 5355 2349 5481 (144)
2379 5354 2474 5480 ῗὶο
2505 5355 2722 5426 Regius
2754 5359 2811 5410 et
2841 5353 3253 5424 Seguerianus.
3290 5356 3352 5410 In
3392 5355 3524 5412 alii
3555 5360 3613 5412 et
3643 5355 3817 5412 editis

2274 5442 2369 5481 ees
2407 5468 2419 5481 .

2274 5431 2419 5481 eest.

2238 5498 2352 5569 (45)
2383 5497 2597 5569 Regius
2628 5500 2687 5569 et
2708 5496 3100 5569 Seguerianus
3123 5497 3369 5567 addunt,
3387 5493 3601 5568 μᾶλλον
3635 5493 3692 5550 δὲ
3721 5495 3813 5551 αὖ·

2763 5587 2890 5640 quae
2919 5570 3109 5624 caeteri
3141 5575 3197 5623 et
3231 5570 3369 5624 editi
3403 5570 3704 5625 omittunt.

2237 5641 2471 5713 (-56)‘S_ic
2505 5640 2642 5710 Reg.
2677 5646 2800 5712 Seg.
2833 5640 3004 5698 Basil.
3034 5646 3093 5697 et
3137 5640 3440 5713 Anglican.
3475 5646 3548 5697 At
3601 5641 3700 5697 alii
3755 5647 3814 5698 et

2165 5708 2338 5781 editi,
2363 5708 2598 5785 λέγεται.
