4076 6324
327 417 447 479 501

1452 421 1744 482 ORATIO
1787 421 1866 481 IV
1909 422 2221 483 CONTRA
2274 424 2639 485 AltlANOS.

3628 429 3748 488 502

327 548 429 606 τοῦ
460 550 536 612 εἷς
586 548 703 613 τὰς’
743 547 965 627 καρδίας
1023 552 1208 624 ἡμῶν,
1267 558 1487 628 κρᾶζον,
1528 548 1725 625 Ἀϐϐἆ,
1785 556 1813 608 ὁ
1871 560 1952 610 Πα

2095 557 2264 612 ritum
2298 558 2439 614 Filii
2465 561 2557 615 sui
2586 561 2643 614 in
2703 559 2873 616 corda
2919 569 3107 615 nostra
3164 562 3525 627 clamantem,
3585 562 3751 633 Abba,

326 641 457 715 τήρ.
490 638 700 696 Οὐκοῦν
734 639 763 693 6
815 638 866 693 ἂν
915 641 1051 713 ἡμῖν
1101 640 1249 710 Υἱὸς,
1300 642 1393 697 τὸν
1426 639 1563 697 ἴδιον
1623 642 1838 718 Πατίρα
1866 644 1984 699 ἐπι-

326 726 694 801 καλούμενος,
726 728 814 783 καὶ
846 730 1007 801 ἡμῶν
1040 727 1213 783 αὐτῶν
1247 736 1394 785 ποιεί
1447 731 1658 807 Πατέρα
1702 731 1979 808 λέγεσθαι.

329 815 657 891 ’Δμέλειῶν
691 817 791 873 οὐκ
834 815 975 873 ἔστιν
1024 818 1099 883 εἷς
1144 818 1239 881 τὰς
1289 818 1514 896 καρδίας
1572 822 1599 876 6
1657 823 1800 891 Υἱὸς,
1855 823 1981 878 τού-

286 909 434 963 ¹των
465 904 591 962 οὐδὲ
650 908 834 983 Ιῐατήρ
892 908 920 962 6
976 908 1104 969 Θεὸς
1163 907 1223 963 ἂν
1275 908 1525 985 λεχθείη,
1575 909 1741 985 Ε’ίπερ
1773 913 1864 966 οὗν
1898 910 1986 967 διὰ

321 998 415 1052 τὸν
461 997 635 1071 Λόγον
682 997 710 1050 6
760 993 1048 1071 ἄνθρωπος
1108 996 1318 1073 )ἑγεται
1365 998 1512 1067 Υἱὸς,
1559 999 1763 1075 ἀνάγκη
1815 1007 1980 1069 πᾶσα,

323 1084 639 1159 λεγομένων
669 1084 759 1139 καὶ
790 1085 897 1161 πρὸ
944 1092 1046 1155 τῆς
1089 1085 1553 1161 ἐνανθρωπήσεως
1576 1088 1977 1148 τῶνπαλαιῶν

320 1176 477 1244 υἱῶν,
510 1178 643 1230 εἶναι
700 1173 791 1229 καὶ
838 1175 943 1250 πρὸ
991 1181 1092 1244 τῆς
1140 1173 1437 1249 ἐπιδημίας
1478 1177 1569 1232 τὸν
1600 1174 1770 1252 Λόγον
1834 1173 1978 1235 Υἱόν.

319 1263 483 1325 Υἳους
539 1264 680 1339 γὰρ,
761 1262 922 1335 φησὶν
1000 1265 1112 1337 (Π)
1182 1263 1460 1340 ἐγέννησω
1540 1265 1630 1320 καὶ
1692 1266 1778 1320 ἰπὶ
1829 1268 1974 1322 Νῶεο

318 1350 551 1414 ’ἰδόντες
583 1353 635 1407 οἱ
680 1351 789 1407 υἱοὶ
838 1356 937 1407 τοῖ’)
986 1356 1141 1408 Θεοῦ’
1194 1355 1284 1409 καὶ
1332 1352 1384 1408 ἐν
1429 1357 1496 1429 τῇ
1539 1352 1691 1433 ’ῼὸᾔ“
1723 1355 1837 1411 Οὐκ
1889 1354 1979 1410 αὖ·

314 1444 410 1504 τὸς
469 1440 627 1506 οὗτός
683 1462 779 1496 σου
835 1444 1059 1519 Πατήρς
1120 1442 1329 1499 Οὐκοῦν
1388 1443 1454 1512 ἧν
1514 1444 1601 1498 καὶ
1661 1445 1688 1498 6
1745 1442 1972 1513 ἀληθῶς

317 1532 466 1599 Υἱὸς,
500 1528 569 1586 δι’
599 1533 656 1585 δν
687 1532 929 1586 κάκεῖνοι
961 1530 1091 1588 υἱοί.
1128 1533 1190 1586 Ei
1222 1529 1280 1587 δὲ
1334 1533 1451 1587 κατ’
1512 1532 1751 1593 ἐκείνους
1808 1532 1972 1588 πάλιν

311 1618 437 1677 οὐδ’
470 1620 729 1695 ὁπότερον
782 1619 989 1676 τούτων
1045 1620 1189 1688 Υἱὸς,
1224 1619 1371 1677 ἀλλά
1429 1618 1517 1676 διὰ
1579 1623 1679 1690 τήν
1736 1623 1970 1699 ἀμφονῒν

312 1708 570 1778 σύνοδον,
628 1709 831 1785 ἀνάγκη
886 1707 1015 1783 μηδ’
1061 1710 1320 1787 ὁπότερον
1372 1712 1500 1767 εῖναι
1535 1712 1658 1766 Υἱόν
1691 1712 1836 1789 φημὶ
1881 1710 1970 1784 δὴ,

315 1800 462 1873 μήτε
514 1799 607 1854 τὸν
664 1798 862 1876 Λόγον,
925 1801 1065 1874 μήτε
1122 1801 1214 1854 τὸν
1267 1797 1548 1875 ἄνθρωπον
1582 1844 1594 1868 ,
1655 1800 1802 1856 ἀλλά
1851 1822 1973 1856 τινα

310 1888 530 1963 αἰτίαν,
582 1885 655 1942 δι’
710 1889 775 1957 ἢν
824 1887 912 1944 καὶ
973 1890 1342 1967 συνήιρθησαν·
1401 1892 1491 1944 καὶ
1550 1887 1694 1944 οὕτω
1752 1886 1809 1945 δὶ
1858 1892 1969 1962 (48)

307 1980 687 2054 προηγήσεται
738 1979 774 2049 ἡ
823 1976 970 2033 αῗτία
1010 1980 1109 2047 τῆς
1159 1979 1438 2052 συνάψεως
1487 1978 1610 2049 ἥτις
1638 1980 1762 2034 Υἱὸν
1795 1984 1967 2034 ποιεῖ.

315 2066 532 2125 Οὐκοῦν
593 2066 683 2122 καὶ
740 2066 876 2123 κατὰ
926 2069 1038 2141 (49)
1086 2071 1247 2122 τοῦτο
1296 2068 1403 2144 πρὸ
1433 2075 1534 2139 τῆς
1568 2068 1762 2143 σαρκὸς
1792 2075 1967 2143 προῆν

317 2157 348 2211 6
380 2154 523 2217 Υἱός.
572 2156 788 2211 Τούτων
848 2154 915 2226 δὴ
966 2155 1301 2232 λεγομὲνων,
1352 2157 1429 2219 είς
1471 2154 1658 2232 ἕτερον
1705 2157 1966 2235 καταφεύ-

315 2246 519 2317 ξονται,
552 2243 802 2321 λέγοντες
832 2246 909 2319 μὴ
939 2245 1031 2300 τὸν
1065 2246 1347 2319 ἄνθρωπον
1382 2248 1518 2300 εἶναι
1552 2247 1697 2311 Υἱὸν,
1733 2244 1874 2319 μηδὲ
1904 2247 1963 2301 τὸ

312 2332 743 2411 συναμφότερον,
803 2332 950 2389 ἀλλὰ
1004 2335 1094 2388 τὸν
1152 2335 1325 2410 Λόγον
1385 2333 1436 2389 ἐν
1494 2334 1642 2410 ἀρχῇ
1700 2335 1795 2408 μὲν
1828 2338 1965 2390 εἶναι

310 2420 489 2497 Λόγον
533 2421 742 2484 enim
795 2420 884 2478 ὅτι
935 2420 992 2477 δὶ
1040 2421 1443 2498 ἐνηνθρώπησε,
1475 2425 1598 2479 τότε
1645 2422 1963 2497 ὠνομάσθαι

309 2510 458 2566 Υἱόν.
517 2511 623 2586 πρὸ
678 2511 781 2588 γὰρ
836 2515 936 2577 τῆς
994 2510 1303 2590 ἐπιφανείας
1349 2514 1424 2586 μὴ
1478 2514 1781 2583 εἶναιΥἱὸν,
1817 2511 1963 2569 ἀλλά

308 2599 485 2676 Λόγον
536 2599 720 2673 μόνον,
774 2602 861 2655 καὶ
915 2595 1098 2677 ὥσπερ
1151 2602 1179 2655 6
1228 2600 1409 2677 Λόγος
1440 2603 1565 2676 σὰρξ
1598 2601 1826 2676 ἐγένετο,
1861 2602 1960 2657 οὐκ

307 2684 385 2743 ὧν
418 2687 683 2765 πρότερον
731 2688 881 2763 σὰρξ,
931 2688 1107 2751 οὕτως
1151 2690 1180 2744 6
1229 2689 1402 2766 Λόγος
1434 2691 1553 2752 Υἱὸς
1586 2691 1824 2766 γέγονεν,
1859 2690 1959 2747 οὐκ

306 2772 383 2831 ὤν
418 2777 681 2854 πρότερον
709 2777 851 2839 Υἱός.
881 2782 1057 2834 Ταῦτα
1091 2778 1185 2850 μὲν
1219 2777 1435 2833 ἐκείνων
1466 2779 1534 2833 τὰ
1563 2777 1778 2853 φλυαρή
1792 2798 1952 2851 ματα’

305 2861 428 2943 ἔχει
460 2864 518 2922 δὶ
544 2867 636 2922 τὸν
671 2863 899 2943 ἔλεγχον
927 2866 1121 2943 ἐναργῆ

2097 647 2266 703 Pater
2295 645 2357 703 ⁸⁸.
2392 648 2597 721 Itaque
2630 648 2840 715 Filius,
2868 648 2969 721 qui
2999 649 3058 704 in
3094 650 3265 706 nobis
3297 654 3388 706 est
3444 651 3749 723 proprium

2098 752 2272 792 suum
2308 736 2532 793 Patrem
2565 737 2865 808 invocans,
2912 743 3181 793 nostrum
3226 740 3404 794 etiam
3455 739 3685 796 Patrem
3719 756 3754 795 a

2096 824 2269 882 nobis
2301 824 2583 897 appellari
2617 826 2905 882 concedit.
2939 826 3357 883 Verumtamen
3390 829 3451 883 in
3499 845 3747 901 quorum

2094 914 2374 970 cordibus
2407 914 2591 970 Filius
2622 931 2736 970 non
2769 919 2878 985 est,
2938 931 3045 971 nec
3101 916 3279 972 etiam
3340 920 3491 973 Deus
3545 933 3747 974 eorum

2092 1006 2267 1058 Pater
2296 1003 2410 1058 dici
2444 1008 2656 1073 potest.
2692 1004 2892 1075 Igitur,
2926 1005 2974 1059 si
3007 1005 3181 1061 homo
3223 1010 3460 1077 propter
3488 1006 3747 1063 Verbum

2094 1090 2281 1146 Filius
2313 1090 2547 1159 dicitur,
2580 1108 2712 1147 cum
2743 1098 2989 1157 veteres,
3014 1098 3324 1164 antequam
3352 1093 3609 1150 Verbum
3632 1094 3746 1150 hu-

2092 1195 2330 1235 manam
2362 1181 2785 1252 assumpsisset
2815 1186 3113 1246 naturam,
3144 1182 3251 1236 filii
3283 1183 3407 1237 sint
3434 1182 3737 1254 appellati,

2089 1270 2333 1327 omnino
2364 1286 2604 1326 necesse
2634 1275 2724 1325 est
2753 1271 3009 1325 Verbum
3043 1271 3217 1326 etiam
3250 1275 3385 1326 ante
3427 1287 3602 1327 suum
3637 1272 3742 1328 ad-

2086 1362 2329 1415 ventum
2366 1358 2579 1415 Filium
2614 1358 2815 1416 fuisse.
2851 1358 2996 1414 Hinc
3034 1359 3133 1413 iila
3182 1358 3495 1429 Scripturas
3545 1360 3743 1428 verba,

2086 1449 2254 1504 Filio:
2282 1450 2453 1521 genui
2479 1448 2524 1484 ⁸⁸
2555 1465 2568 1514 ;
2600 1453 2659 1504 et
2688 1449 2749 1504 in
2801 1448 3050 1503 historia
3100 1448 3220 1503 Noe
3251 1464 3264 1502 :
3303 1447 3550 1505 Videntes
3607 1450 3741 1504 Filii

2086 1538 2361 1607 Dei";et
2410 1538 2467 1592 in
2527 1538 2806 1594 cantico:
2838 1537 3097 1608 Nunquid
3142 1554 3259 1593 non
3287 1539 3403 1609 ipsa
3459 1546 3536 1593 est
3579 1543 3746 1594 Pater

2082 1631 2210 1682 tuus
2238 1626 2314 1681 ενι
2344 1626 2481 1681 Erat
2508 1641 2645 1698 ergo
2676 1631 2733 1682 et
2760 1642 2934 1682 verus
2973 1625 3175 1697 Filius,
3197 1630 3434 1699 propter
3460 1642 3631 1699 quem
3658 1627 3742 1682 illi

2085 1715 2187 1770 ﬂlii
2234 1714 2533 1770 dicuntur.
2582 1715 2745 1779 Quod
2798 1715 2847 1771 si
2898 1717 3224 1771 secundum
3272 1714 3406 1772 illos
3456 1721 3731 1772 neutrum

2083 1805 2291 1861 horum
2319 1808 2411 1859 est
2448 1803 2649 1870 Filius,
2682 1804 2784 1860 sed
2817 1805 3125 1860 amborum
3168 1820 3486 1878 congressu
3519 1806 3736 1860 c‘onsti-

2080 1895 2287 1961 tuitur,
2316 1908 2555 1949 necesse
2584 1892 2827 1948 omnino
2854 1896 2945 1949 est
2973 1897 3257 1949 neutrum
3311 1909 3441 1949 esse
3482 1893 3693 1949 Filium
3720 1918 3736 1962 ς

2079 1982 2138 2038 id
2164 1985 2272 2046 est,
2305 1997 2411 2037 nec
2432 1981 2694 2037 Verbum
2726 1996 2831 2037 nec
2856 1981 3166 2038 hominem
3200 1981 3412 2037 Filium
3447 1995 3596 2048 esse,
3630 1981 3731 2038 sed

2080 2070 2399 2144 quamdam
2433 2085 2669 2125 causam
2704 2073 2939 2141 propter
2967 2086 3142 2141 quam
3173 2069 3429 2140 copulati
3463 2074 3639 2125 sunt:
3665 2086 3731 2125 ac

2078 2158 2322 2231 proinde
2353 2176 2531 2217 causa
2562 2158 2665 2215 illa
2695 2175 2823 2230 quea
2863 2159 3075 2214 Filium
3105 2159 3303 2225 efﬁcit,
3363 2158 3733 2231 cepulatione

2077 2246 2238 2320 prior
2264 2248 2390 2304 erit.
2427 2252 2575 2320 Ergo
2598 2264 2666 2303 ex
2695 2248 2806 2304 hoc
2836 2248 2977 2303 item
3008 2263 3289 2319 responso
3320 2247 3587 2318 sequitur
3635 2248 3729 2303 Fi-

2076 2334 2222 2392 lium
2254 2341 2390 2392 ante
2422 2338 2574 2394 508
2624 2353 2859 2393 carnem
2910 2335 3223 2392 exstitisse.
3270 2340 3490 2392 Verum
3526 2336 3614 2392 his
3644 2336 3727 2392 ita

2075 2426 2518 2492 demonstratis,
2573 2425 2727 2481 aliud
2791 2430 3063 2497 quaerunt
3112 2426 3394 2498 effugium
3451 2441 3465 2485 :
3518 2441 3733 2498 nempe

2072 2516 2239 2572 aiunt
2268 2532 2383 2571 non
2415 2515 2718 2572 hominem
2754 2514 2968 2571 Filium
2998 2530 3150 2585 esse,
3192 2530 3383 2585 neque
3412 2518 3732 2587 utrumque

2070 2603 2269 2671 simul,
2303 2604 2406 2661 sed
2437 2602 2718 2674 Verbum,
2752 2604 2905 2674 quod
2941 2602 3179 2677 quidem
3213 2605 3270 2658 ln
3308 2602 3593 2674 principio
3617 2603 3729 2659 fuit

2070 2694 2359 2750 duntaxat
2385 2693 2683 2760 Verbum;
2716 2708 2850 2748 cum
2900 2697 3098 2747 autem
3150 2691 3326 2747 homo
3375 2692 3566 2748 factus
3611 2696 3722 2759 est,

2064 2786 2206 2838 tunc
2241 2781 2421 2838 Filius
2452 2785 2543 2838 est
2576 2780 2938 2837 nominatus.
2989 2780 3130 2839 Nam
3181 2784 3499 2851 antequam
3549 2780 3723 2837 adve-

2060 2872 2262 2938 nisset,
2299 2871 2595 2943 inquiunt,
2630 2887 2746 2926 non
2779 2874 2902 2925 erat
2941 2869 3149 2933 Filius,
3182 2869 3283 2925 sed
3308 2869 3720 2926 tantummodo

306 2957 562 3013 Verbum
597 2974 610 3011 :
644 2974 710 3011 ac
742 2958 985 3031 proinde
1015 2963 1080 3013 ut
1111 2958 1358 3014 Verbum
1387 2974 1520 3013 caro
1552 2958 1767 3014 factum
1788 2963 1897 3023 est,
1919 2975 2055 3016 cum
2081 2964 2254 3017 antea
2275 2976 2409 3016 caro
2432 2976 2547 3016 non
2579 2958 2844 3027 esset,ita
2871 2958 3127 3014 Verbum
3150 2957 3333 3013 Filius
3362 2958 3581 3013 factum
3605 2962 3717 3028 est,

303 3061 444 3100 cum
478 3045 641 3117 prius
667 3043 847 3102 Filius
878 3062 991 3101 non
1024 3050 1199 3102 esset.
1230 3050 1328 3100 Hae
1356 3044 1593 3101 illorum
1624 3051 1765 3101 sunt
1793 3046 2205 3121 inepti:e,quas
2233 3048 2487 3103 refutare
2511 3048 2667 3102 haud
2699 3050 2788 3103 est
2816 3046 3074 3102 difficile.

376 3134 469 3188 23.
522 3132 583 3188 Ei
631 3132 733 3209 γὰρ
783 3130 929 3195 ὅλως
980 3131 1396 3208 ἔνανθρωπήσας
1448 3132 1666 3209 γέγονεν
1719 3134 1865 3201 Υἱὸς,
1916 3136 1950 3204 ἡ

2131 3138 2219 3193 23.
2255 3141 2401 3192 Nam
2433 3136 2483 3192 si
2519 3134 2802 3202 Verbum,
2861 3135 3124 3191 humana
3182 3138 3423 3207 accepta
3479 3139 3712 3201 natura,

300 3219 711 3296 ἐνανθρώπησις
760 3221 924 3277 αἰτία.
976 3221 1075 3277 Καὶ
1121 3220 1167 3277 εἷ
1214 3224 1243 3277 6
1292 3222 1576 3299 ἄνθρωπος
1622 3223 1797 3285 αἴτιος
1851 3228 1948 3279 τοῦ

300 3311 438 3364 εἶναι
492 3308 649 3364 αὐτὸν
710 3310 854 3384 Υὶϐν,
911 3310 947 3380 ἢ
996 3311 1059 3366 τὸ
1109 3311 1535 3390 συναμφότερον,
1586 3311 1674 3366 καὶ
1726 3313 1835 3381 (54)
1882 3313 1948 3366 τὰ

298 3398 438 3454 αὗτᾶ
466 3399 639 3454 ἄτοπα
698 3401 1019 3472 ἀπαντήσει.
1077 3402 1324 3468 Ἔπειτα,
1377 3400 1422 3455 εί
1479 3405 1695 3474 πρῶτον
1750 3400 1945 3475 Λόγος,

232 3474 243 3487 ⁶
295 3486 390 3543 καί
449 3486 667 3566 ὕστερον
726 3490 886 3559 Υἱὸς,
942 3492 1233 3568 φανήσεται
1286 3490 1504 3564 ὕστερον
1556 3488 1810 3565 ἐγνωκὼς
1844 3474 1944 3544 (τὸν

298 3577 533 3652 Πατέρα,
564 3579 652 3633 καὶ
709 3579 770 3634 οὗ
802 3578 1085 3653 πρότερον.
1120 3579 1198 3637 Οὐ
1243 3579 1347 3655 γὰρ
1479 3581 1590 3652 (52)
1642 3579 1809 3655 Λόγος
1856 3600 1941 3653 γι-

293 3666 516 3734 νώσκει,
590 3665 719 3722 ἀλλ’
774 3667 811 3743 ᾖ
867 3668 1015 3730 Υἱός.
1098 3665 1290 3730 Οὐδεὶς
1343 3668 1446 3744 γὰρ
1523 3668 1780 3742 γινώσκει
1850 3668 1943 3723 τὸν

296 3753 533 3829 Ηατέρα,
594 3756 643 3811 εἴ
706 3757 781 3830 μὴ
844 3758 872 3812 6
916 3756 1059 3819 Υἱός.
1118 3758 1442 3829 Ἀπαντήσει
1501 3754 1558 3812 δὲ
1612 3756 1701 3812 καὶ
1756 3761 1941 3829 τοῦτο,

295 3842 381 3898 ὅτι
414 3843 634 3921 ὕστερον
680 3844 732 3900 ἐν
779 3845 1010 3909 κόλποις
1060 3850 1159 3903 τοῦ
1190 3848 1398 3924 Πατρὸς
1431 3847 1639 3923 γέγονε,
1669 3847 1758 3900 καὶ
1791 3846 1939 3903 ὕστε-

295 3953 391 4009 ρον
419 3932 578 3995 αὐτὸς
606 3935 697 3989 καὶ
730 3936 758 3989 ὁ
808 3937 994 4011 Πατὴρ
1046 3932 1102 3991 ἓν
1133 3936 1405 4013 γεγόνασι,
1465 3935 1555 3991 καὶ
1586 3936 1823 4010 ὕστερον,
1856 3936 1939 4005 τὸ,

291 4023 357 4080 Ὀ
413 4022 668 4099 ἑωρακὼς
717 4023 835 4099 ἐμὲ,
895 4023 1101 4101 ἑώρακε
1153 4026 1245 4081 τὸν
1304 4027 1553 4099 Πατέρα.
1611 4028 1789 4081 Ταῦτα
1838 4025 1938 4099 γὰρ

290 4110 438 4167 πάτα
470 4110 555 4166 ἐπὶ
604 4113 733 4167 Υἱοὒ
789 4113 1015 4190 ἐλέχθη.
1053 4116 1152 4170 Ἐκ
1204 4112 1270 4185 δὴ
1331 4114 1536 4169 τούτων
1599 4114 1939 4189 ἀναγκασθή-

290 4222 477 4257 σονται
511 4200 701 4257 εἰπεῖν’
737 4200 903 4261 Οὐδὲν
937 4203 1003 4273 ἦν
1046 4204 1073 4258 6
1109 4203 1297 4281 Λόγος,
1346 4202 1474 4260 ἀλλ’
1517 4202 1692 4277 ὄνομα
1749 4203 1935 4277 μόνον,

289 4286 433 4349 Οὔτε
461 4290 561 4365 γὰρ
595 4291 647 4346 ἰν
670 4294 808 4363 ἡμῖν
843 4293 979 4365 μετὰ
1006 4296 1102 4347 τοῦ
1134 4293 1368 4367 Πατρὸς,
1423 4290 1547 4347 οὕτε
1596 4293 1624 4347 ὁ
1676 4294 1785 4365 (53)
1844 4294 1936 4346 τὸν

288 4379 464 4453 Λόγον
495 4379 753 4456 ἑωρακὼς
811 4376 1008 4436 ἔϐλεπε
1048 4382 1139 4437 τὸν
1191 4382 1422 4457 Ιῐατὲρα,
1467 4378 1591 4436 οὔτε
1638 4380 1784 4443 ὅλως
1831 4380 1935 4435 τινὶ

289 4467 538 4544 ἐγνώσθη
573 4470 602 4524 6
651 4472 856 4546 Πατήρ·
919 4468 1009 4525 διὰ
1055 4471 1154 4547 γὰρ
1200 4472 1327 4525 Υἱοῦ
1374 4472 1695 4545 γινώσκεται
1748 4470 1776 4523 6
1828 4474 1935 4523 Πα-

286 4558 422 4634 τήρ·
485 4557 629 4614 οὕτω
684 4559 789 4635 γὰρ
836 4560 925 4615 καὶ
974 4558 1290 4637 γέγραπται,
1339 4560 1435 4616 Καὶ
1503 4560 1549 4631 ᾧ
1604 4557 1663 4613 ἂν
1724 4560 1753 4612 6
1812 4559 1932 4612 Υἱὸς

286 4645 646 4723 ἀποκαλύψῃ.
716 4650 898 4719 Μήπω
957 4645 1015 4704 δὲ
1056 4644 1210 4712 ὄντος
1257 4652 1355 4704 τοῦ
1418 4648 1591 4723 Λόγου
1646 4647 1792 4715 Υίοῦ,
1846 4647 1934 4702 οὐ·

288 4732 438 4791 δίπω
466 4757 547 4798 τις
578 4736 839 4812 ἐγίνωσκε
867 4739 958 4793 τὸν
992 4739 1225 4814 Πατέρα,
1258 4742 1382 4799 Πῶς
1417 4738 1509 4791 οὖν
1556 4741 1761 4804 Μωσεῖ,
1812 4739 1932 4797 πῶς

282 4830 405 4887 τοῖς
434 4825 694 4901 πατράσιν
753 4827 950 4904 ὣφθη;
1013 4827 1183 4890 Αὐτὸς
1239 4829 1339 4904 γὰρ
1371 4825 1424 4880 ἐν
1478 4831 1596 4890 ταῖς
1626 4823 1931 4888 Βασιλείαις

282 4913 469 4993 φησίν.
550 4915 979 4995 Ἀποιαλυιρθιὶς
1057 4915 1443 4994 ἀπεκαλύφθην
1523 4915 1658 4991 πρὸς
1727 4915 1929 4977 πάντας

277 5002 412 5066 τοὺς
459 5007 696 5080 πατίρας
756 5006 927 5080 ὑμῶν.
986 5005 1051 5061 Ei
1101 5004 1159 5062 δὲ
1205 5004 1558 5082 ἀπεκαλύφθη
1618 5005 1767 5068 Θεὸς,
1829 5000 1928 5073 δῆ-

2062 3225 2246 3283 Filius
2276 3230 2367 3282 est
2399 3226 2591 3281 factus
2625 3243 2637 3280 :
2662 3224 2839 3293 igitur
2854 3228 3074 3279 naturae
3091 3223 3361 3280 humana:
3384 3223 3713 3295 assumptio

2058 3331 2238 3371 causa
2268 3315 2397 3386 ejus
2429 3315 2510 3369 rei
2556 3319 2664 3370 est.
2708 3315 3073 3385 Quapropter
3104 3313 3151 3369 si
3185 3312 3362 3368 homo
3410 3327 3591 3368 causa
3620 3315 3711 3367 est

2056 3420 2163 3460 our
2189 3403 2445 3459 Verbum
2480 3403 2558 3459 sit
2589 3402 2794 3463 Filius,
2845 3402 2931 3457 vel
2963 3405 3282 3473 utrumque
3315 3401 3425 3471 (54)
3459 3418 3471 3456 :
3506 3402 3708 3455 eadem

2056 3496 2208 3549 certe
2241 3492 2502 3548 absurda
2533 3496 2828 3547 occurent.
2862 3491 3104 3559 Deinde,
3137 3491 3185 3547 si
3231 3490 3398 3562 prius
3448 3488 3705 3545 Verbum

2054 3585 2165 3651 est,
2201 3585 2258 3638 et
2287 3580 2580 3653 posterius
2615 3580 2825 3647 Filius,
2855 3580 3127 3651 sequitur
3154 3584 3220 3634 ut
3249 3577 3476 3633 Patrem
3511 3581 3709 3650 poste-

2052 3668 2202 3737 rius,
2235 3688 2351 3726 non
2383 3671 2549 3741 prius
2581 3669 2936 3741 cognoverit.
2985 3668 3103 3725 Nec
3134 3668 3289 3723 enim
3351 3683 3484 3722 eum
3544 3667 3709 3722 novit

2049 3764 2339 3831 quatenus
2365 3759 2623 3814 Verbum
2655 3765 2765 3823 est,
2800 3759 2899 3813 sed
2934 3763 3229 3829 quatenus
3282 3755 3485 3811 Filius.
3538 3756 3703 3811 Nemo

2052 3849 2210 3905 enim
2242 3851 2392 3904 novit
2423 3849 2783 3915 Patrem,nisi
2809 3848 2993 3904 Filius
3021 3846 3370 3916 ".Sequitur
3389 3845 3528 3899 item
3556 3860 3700 3898 non-

2053 3938 2167 3994 nisi
2199 3937 2493 4010 posterius
2521 3935 2838 4007 contigisse
2877 3939 2943 3990 ut
2992 3935 3052 3990 in
3098 3934 3230 3989 sinu
3282 3932 3471 3987 Patris
3503 3932 3701 4002 fuerit,

2049 4027 2294 4100 ipseque
2325 4030 2381 4083 et
2420 4026 2590 4082 Pater
2619 4042 2805 4081 unum
2836 4023 2972 4079 facti
3032 4023 3171 4087 sint,
3220 4021 3594 4092 eveneritqus
3642 4020 3699 4075 id

2049 4116 2204 4188 quod
2237 4116 2383 4171 dixit
2416 4133 2428 4170 :
2463 4115 2570 4183 Qui
2596 4114 2735 4169 vidit
2761 4129 2868 4182 me,
2900 4112 3039 4167 vidit
3069 4112 3288 4165 Patrem
3318 4110 3382 4163 9°.
3409 4108 3554 4165 Nam
3578 4107 3700 4162 htPO

2048 4205 2248 4262 omnia
2274 4206 2347 4260 de
2379 4203 2523 4259 Filio
2550 4203 2705 4259 dicta
2727 4204 2886 4257 sunt.
2922 4202 3169 4271 Insuper
3197 4214 3265 4253 ex
3295 4196 3389 4253 his
3419 4203 3699 4266 cogentur

2047 4294 2209 4350 fateri
2244 4294 2492 4351 Verbum
2526 4291 2670 4347 nihil
2704 4292 2888 4346 fuisse
2927 4291 3136 4361 praeter
3179 4301 3406 4341 merum
3457 4300 3695 4341 nomen.

2045 4383 2244 4455 Neque
2274 4383 2431 4438 enim
2463 4382 2520 4438 in
2554 4380 2725 4436 nobis
2758 4395 2892 4435 cum
2924 4378 3091 4433 Patre
3122 4380 3267 4442 erat,
3300 4392 3408 4430 nec
3430 4375 3527 4446 qui
3552 4375 3695 4431 Ver-

2044 4472 2185 4527 bum
2217 4471 2472 4541 videbat,
2506 4471 2733 4525 Patrem
2757 4468 3128 4535 videbat,nec
3158 4464 3436 4537 cuiquam
3455 4466 3695 4520 omnino

2044 4566 2220 4618 notus
2253 4564 2378 4616 erat
2396 4564 2569 4615 Pater
2601 4577 2613 4615 :
2649 4558 2867 4631 quippe
2884 4557 2985 4630 qui
3008 4572 3110 4627 per
3132 4553 3348 4611 Filium
3378 4570 3693 4627 cognosca-

2040 4652 2139 4706 tur
2170 4668 2182 4705 :
2216 4649 2302 4706 sic
2330 4649 2490 4706 enim
2518 4648 2806 4721 scriptum
2836 4651 2949 4714 est,
2981 4646 3047 4702 Et
3071 4647 3165 4702 cui
3193 4645 3367 4702 Filius
3413 4644 3693 4700 revelave-

2038 4741 2118 4795 rit
2146 4740 2212 4792 ⁸¹.
2243 4738 2407 4794 Unde
2449 4753 2584 4793 cum
2643 4738 2899 4794 Verbum
2955 4735 3219 4791 nondum
3271 4739 3425 4788 esset
3482 4730 3690 4796 Filius,

2040 4829 2303 4884 nondum
2336 4844 2569 4900 quoque
2615 4828 2788 4883 Pater
2844 4823 3326 4897 cognoscebatur.
3386 4820 3689 4883 Quomodo

2035 4916 2220 4989 igitur
2248 4916 2427 4988 Moysi
2460 4920 2518 4971 et
2542 4915 2811 4988 patribus
2840 4910 3162 4986 apparuit?
3196 4909 3326 4981 Ipse
3354 4907 3510 4963 enim
3531 4907 3593 4961 in
3615 4906 3689 4962 li-

2038 5006 2163 5062 bris
2195 5006 2527 5079 Regnorum
2559 5006 2641 5060 ita
2670 5003 2957 5073 loquitur:
2983 4999 3264 5056 Revelatus
3282 5012 3405 5053 sum
3434 4997 3690 5054 omnibus

349 5122 393 5158 ³⁵
423 5122 609 5179 Galat.
632 5141 712 5193 ιν,
741 5125 797 5181 6.
872 5124 917 5162 '°
946 5123 1058 5181 Isa.
1092 5142 1135 5193 ι,
1161 5122 1217 5179 2.
1292 5123 1338 5159 ⁸⁷
1386 5124 1528 5181 Gen.
1576 5141 1653 5190 vx,
1683 5123 1740 5178 2.
1818 5122 1864 5159 ⁸⁸
1910 5123 1953 5180 D

2067 5139 2143 5181 er.
2188 5140 2364 5196 mu,
2404 5124 2459 5179 6.
2534 5123 2580 5157 ⁸⁸
2635 5119 2843 5178 Matth.
2882 5134 2962 5189 xx,
3015 5116 3105 5171 27.
3182 5112 3420 5173 "Joan.
3479 5130 3594 5185 ιιν,
3625 5114 3684 5171 9.

272 5214 312 5249 ⁹¹
346 5212 549 5269 Matth.
580 5230 659 5285 ιι,
686 5214 777 5269 27.

490 5325 667 5409 diri-civ
716 5327 882 5409 abest
931 5345 965 5384 a
1014 5328 1211 5385 codice
1254 5327 1428 5400 Regio
1468 5333 1524 5384 et
1552 5326 1924 5398 Segueriano,

273 5397 587 5472 Basiliensi
612 5403 675 5472 et
708 5399 1044 5472 Anglicano.

344 5470 701 5553 (Qiftegius
731 5466 1209 5553 etiSsguerianus
1243 5466 1299 5524 δὲ
1330 5472 1575 5540 addunt,
1611 5470 1765 5543 quod
1826 5469 1925 5526 alii

271 5549 331 5599 et
360 5543 503 5598 editi
536 5543 837 5599 omittunt.

494 5614 712 5700 Regius
742 5619 799 5700 et
828 5615 1245 5688 Seguerianus,
1278 5614 1367 5668 καὶ
1399 5615 1552 5670 κατά.
1596 5620 1655 5670 In
1707 5613 1839 5671 aliis
1870 5616 1927 5669 et

274 5683 450 5743 editis
477 5683 566 5739 καί
583 5683 783 5743 Βοοεῑ.

352 5756 466 5831 (50)
497 5758 879 5831 Anglicanus,
912 5754 963 5812 ἐν
994 5755 1167 5833 ἀρχῇ.

2108 5329 2221 5400 (51)
2252 5326 2586 5384 Basiliensis
2611 5330 2668 5380 et
2700 5322 3046 5400 Anglicanus
3074 5319 3161 5375 καί
3202 5320 3504 5400 omittunt.

2108 5388 2222 5470 (52⁷)
2255 5400 2469 5471 Regius
2494 5388 2813 5471 otiseguer'.
2843 5396 3024 5471 hicet
3053 5411 3207 5471 mox,
3310 5391 3499 5471 pro‘ﬁ.

2105 5461 2220 5542 (53)
2250 5461 2515 5541 δὶοἮος.
2546 5461 2780 5540 Seguer.
2816 5466 2989 5524 Basil.
3024 5471 3080 5522 et
3108 5461 3339 5522 Gobler.
3371 5466 3442 5520 At
3498 5461 3597 5519 alii
3626 5466 3686 5520 et

2033 5542 2170 5597 editi
2206 5542 2233 5595 6
2266 5543 2564 5597 omittunt.

2109 5614 2222 5697 (54)
2257 5615 2459 5697 licet,
2489 5612 2575 5667 vel
2629 5613 2678 5697 si
2727 5612 2980 5694 Verbum
3034 5612 3091 5665 et
3136 5609 3332 5697 homo,
3364 5607 3491 5697 sive
3537 5621 3680 5697 ‘con:

2026 5679 2256 5815 junctio
2287 5686 2461 5741 Verbi
2496 5701 2628 5741 cum
2662 5683 2921 5756 homine,
2955 5698 3135 5738 causa
3163 5685 3253 5738 est
3279 5697 3387 5736 cur
3422 5679 3680 5738 Verbum

2033 5758 2113 5817 sit
2139 5758 2201 5816 Fi
2226 5758 2339 5817 ius.

2033 5775 2113 5817 Βιι
2139 5775 2339 5818 mnus.
