4076 6350
342 383 460 445 503

913 389 978 447 S.
1029 389 1453 448 ATHANASII
1499 389 1674 449 OPP.
1725 389 1920 449 PARS
1965 387 2012 446 Ι.
2040 420 2116 430 -
2147 388 2562 448 HISTORICA
2607 391 2705 452 ET
2747 391 3229 452 DOGMATICA.

3639 396 3760 458 504

340 517 593 591 patribus
623 519 820 575 vestris
850 519 917 574 θ’,
953 518 1201 574 Proinde
1233 521 1284 576 ei
1324 519 1616 576 revelatus
1673 524 1764 576 est
1819 524 1994 586 Deus,

2122 515 2208 570 λον
2260 515 2344 571 ὅτι
2517 520 2582 588 ἦν
2616 521 2644 573 6
2679 518 3076 576 ἀποκαλύπτων
3105 521 3252 589 Υἱὸς,
3285 522 3358 584 ὡς
3406 523 3569 586 αὐτός
3599 547 3757 603 φησι,

346 613 500 665 certe
532 605 713 663 Filius
745 607 1034 677 revelavit,
1055 613 1121 663 ut
1149 608 1274 680 ipse
1306 613 1575 678 testatur,
1609 610 1675 665 Et
1702 609 1795 664 cui
1817 610 1998 665 Filius

348 698 699 754 revelaverit.
747 699 948 769 Itaque
995 696 1246 768 impium
1295 701 1352 754 et
1399 698 1647 753 stultum
1698 697 1855 753 dictu
1888 702 1996 767 est,

347 787 508 844 aliud
540 802 668 842 esse
697 785 952 841 Verbum
985 791 1042 841 et
1073 785 1255 842 alium
1287 804 1416 843 esse
1450 787 1685 842 Filium.
1719 787 1834 842 Nec
1863 803 1998 842 vero

350 879 456 935 abs
487 892 546 932 re
564 875 673 932 erit
692 875 987 948 inquirere
1011 877 1305 932 undenam
1331 876 1673 949 hujusmodi
1693 876 2001 932 hauserint

350 966 708 1039 opinionem.
743 965 924 1020 Aiunt
953 965 1296 1038 igitur,cum
1318 965 1378 1021 in
1401 965 1591 1021 Veteri
1623 967 2000 1022 Testamento

352 1055 520 1113 nulla
550 1054 678 1109 Filii
713 1056 813 1111 sed
847 1053 1030 1110 solius
1061 1054 1237 1110 Vorbi
1281 1055 1380 1110 ﬁat
1410 1055 1654 1124 mentio,
1690 1055 1907 1111 idcirco
1939 1071 2002 1111 se

351 1143 580 1218 opinari
613 1142 823 1199 Filium
855 1144 1045 1199 Verbo
1067 1143 1368 1215 juniorem
1400 1160 1551 1210 esse,
1594 1145 1808 1217 quippe
1865 1160 2000 1200 cum

353 1233 500 1290 nihil
530 1235 600 1288 de
631 1233 760 1306 ipso
791 1231 1014 1288 dictum
1048 1233 1125 1288 sit
1153 1233 1214 1287 in
1243 1234 1436 1288 Veteri
1471 1235 1866 1303 Testamento,
1900 1234 2000 1290 sed

352 1329 584 1381 tantum
613 1323 673 1377 in
705 1321 882 1378 Novo.
917 1321 1046 1377 Haec
1079 1330 1215 1377 sunt
1247 1339 1372 1394 quas
1409 1321 1493 1378 illi
1542 1323 1866 1395 proferunt,
1899 1323 2002 1379 sed

355 1413 559 1485 impie.
610 1411 758 1467 Nam
809 1411 1000 1482 primo
1049 1411 1428 1468 Testamenta
1471 1412 1750 1479 dividere,
1810 1413 1894 1469 ita
1941 1417 2005 1469 ut

355 1517 544 1558 unum
579 1516 714 1556 cum
740 1500 854 1555 alio
886 1516 1003 1555 non
1030 1499 1333 1570 cohaereat,
1351 1501 1802 1557 Manichaeorum
1833 1506 2008 1573 atque

352 1591 695 1648 Judaaorum
746 1593 854 1657 est,
890 1605 1145 1661 quorum
1175 1589 1459 1646 nimirum
1504 1589 1603 1646 alii
1634 1590 1851 1660 Veteri,
1907 1589 2007 1647 alii

357 1680 516 1738 Novo
545 1682 912 1734 Testamento
945 1679 1348 1736 adversantur.
1363 1679 1580 1736 Deinde
1611 1679 1765 1748 si,ut
1796 1683 2009 1752 putant

359 1785 428 1826 ea
459 1785 584 1841 qua
615 1769 674 1823 in
704 1767 895 1823 Veteri
927 1771 1158 1824 exstant
1187 1769 1586 1838 Testamento,
1619 1773 1880 1842 tempore
1905 1786 2007 1825 an-

2108 605 2205 659 Kui
2239 606 2284 677 ᾤ
2317 605 2404 660 ἐὰν
2460 608 2488 661 6
2541 609 2660 670 Υἱὸς
2715 607 3061 683 ἀποκαλύψῃ.
3113 604 3330 672 Ἀσεϐὶς
3383 612 3477 682 μὲν
3529 613 3618 668 οὖν
3666 616 3754 670 xui

2107 691 2341 765 ἀνόητον
2374 696 2436 750 τὸ
2469 695 2644 772 λέγειν
2680 696 2854 752 ἄλλον
2888 698 3020 752 εἶναι
3071 699 3161 752 τὸν
3197 698 3386 774 Λόγον,
3439 700 3526 756 καὶ
3582 701 3753 758 ἄλλον

2109 785 2243 837 εἶναι
2280 787 2390 857 (56)
2419 786 2508 839 τὸν
2544 785 2687 844 Υἱόν.
2722 787 2887 840 Πόθεν
2923 783 2981 840 δέ
3026 785 3128 862 ἄρα
3175 789 3274 856 τὴν
3315 790 3573 861 τοιαύτην
3626 791 3761 848 ὐπο-

2108 892 2254 926 νοιαν
2291 871 2608 948 ἐσχήκασιν,
2663 874 2867 948 ἐρέσθαι
2926 874 3114 932 καλόν.
3168 879 3308 930 Φασὶ
3341 875 3430 949 δὴ,
3467 877 3554 934 διά
3582 882 3644 936 τὸ
3678 883 3756 955 μὴ

2113 959 2353 1036 ιῖρῆσθαι
2383 959 2433 1015 ἐν
2465 967 2532 1035 τῇ
2567 962 2780 1034 ῐΙαλαιᾷ
2810 965 2933 1039 περὶ
2983 965 3130 1034 Υἱςῦ,
3184 964 3326 1020 ἀλλὸ
3374 969 3496 1042 περὶ
3553 970 3756 1047 Λόγου,

2109 1049 2198 1104 καὶ
2232 1053 2343 1124 (57)
2377 1048 2464 1105 διὰ
2493 1057 2652 1107 τοῦτο
2683 1052 2943 1128 νεώτερον
3004 1055 3249 1109 ὑπονοεῖν
3300 1061 3396 1112 τοῦ
3443 1057 3616 1135 Λόγου
3665 1060 3756 1115 τὸν

2110 1138 2233 1194 Υἱὸν
2266 1135 2724 1214 διαϐεϐαιοῦνται,
2775 1142 2857 1196 ὅτι
2917 1144 2991 1216 μή
3054 1142 3105 1198 έν
3165 1148 3232 1219 τῇ
3281 1144 3516 1218 Παλαιᾷ,
3549 1146 3676 1204 ἀλλ’
3708 1149 3760 1205 ἐν

2109 1231 2178 1302 τῇ
2207 1233 2382 1303 Καινῇ
2419 1229 2557 1304 μόνῃ
2607 1231 2732 1303 περὶ
2788 1231 2951 1286 αὐτοῦ
3163 1232 3387 1310 ἐλέχθη.
3440 1239 3596 1291 Tu51'
3629 1237 3763 1293 ἐκεῖ·

2112 1337 2196 1371 νοι
2225 1313 2431 1380 ἀσεϐῶς
2462 1321 2802 1396 φθέγγονται.
2837 1326 3062 1395 Πρῶτον
3117 1324 3210 1394 μὲν
3243 1324 3344 1398 γὰρ
3383 1322 3610 1400 διαιρεῖν
3663 1329 3759 1389 τὰς

2114 1409 2378 1477 Διαθῆκας
2409 1410 2497 1463 καὶ
2532 1411 2606 1482 μή
2638 1413 2734 1480 τὴν
2769 1409 2947 1485 ἑτέραν
2977 1418 3074 1481 τῆς
3116 1412 3299 1486 ἑτέρας
3350 1409 3568 1489 ἔχεσθαι
3627 1419 3764 1490 (59),

2114 1498 2435 1572 Μανιχαίων
2468 1498 2556 1552 xui
2588 1496 2865 1554 Ἰουδαίων
2897 1501 2958 1554 τὸ
2985 1498 3342 1574 ἐπιτήδευμα,
3391 1508 3496 1557 τῶν
3549 1505 3642 1577 μὲν
3692 1511 3761 1578 τῇ

2117 1584 2351 1656 Ηαλαιᾷ,
2383 1591 2489 1641 τῶν
2524 1585 2581 1642 δὲ
2637 1593 2704 1662 τῇ
2761 1589 2873 1660 Νέᾳ
2930 1589 3348 1665 ἆντιλεγὸντων⁶
3406 1587 3588 1648 ἔπειτα
3641 1599 3758 1651 κατ’

2115 1673 2329 1742 αὐτοὺς,
2393 1675 2437 1729 εἰ
2495 1677 2560 1732 τὰ
2627 1677 2678 1730 ἐν
2722 1681 2790 1751 τῇ
2853 1677 3065 1749 Παλαιᾷ
3122 1679 3343 1752 κείμενα
3396 1684 3628 1757 προάγει
3685 1691 3766 1758 τῷ

2118 1763 2326 1840 χρόνῳ,
2357 1765 2424 1820 τὰ
2454 1762 2510 1820 δὲ
2541 1764 2592 1820 ἐν
2649 1769 2717 1839 τῇ
2771 1765 2876 1838 Νέᾳ
2927 1769 3163 1842 νεώτερά
3221 1768 3354 1838 ἐστι,
3412 1770 3502 1825 καὶ
3557 1771 3607 1826 ἐν
3657 1779 3764 1828 τῶν

360 1859 660 1925 tecedunt,
694 1872 764 1912 ea
784 1861 1003 1927 autem,
1036 1874 1162 1931 qua;
1191 1858 1253 1913 in
1288 1859 1444 1916 Novo
1474 1862 1848 1915 Testamento
1870 1875 2007 1915 con-

2122 1853 2458 1929 γραμμάτων
2493 1856 2545 1908 οἱ
2577 1853 2769 1930 χρόνοι
2800 1855 3099 1930 κρίνονταιο
3147 1855 3344 1933 ἀνάγκη
3397 1856 3563 1914 πάλιν
3622 1863 3762 1916 νεώ-

363 1948 645 2015 tinentur,
679 1946 1003 2004 recentiora
1033 1951 1194 2017 sunt,
1227 1947 1524 2021 velintque
1553 1965 1621 2003 ex
1651 1947 1866 2004 divinis
1889 1947 2015 2003 Lit-

359 2036 502 2093 teris
531 2039 797 2108 tempora
828 2035 1132 2103 aestimari,
1164 2053 1404 2092 necesse
1429 2053 1571 2094 sane
1601 2041 1691 2093 est
1722 2037 1836 2092 ista
1879 2053 2008 2093 esse

359 2124 703 2194 recentiora,
740 2139 972 2196 nempe,
1017 2125 1124 2196 Ego
1173 2134 1227 2182 et
1277 2132 1454 2182 Pater
1500 2143 1674 2181 unum
1719 2142 1908 2182 sumus
1942 2127 2004 2192 9³,

359 2213 685 2285 Unigenitus
717 2213 784 2284 σε,
833 2213 938 2281 Qui
980 2213 1121 2269 vid-it
1166 2231 1276 2282 me,
1325 2215 1463 2271 vidit
1506 2214 1727 2272 Patrem
1785 2216 1846 2270 π.
1880 2219 2008 2272 Non

354 2301 512 2357 enim
539 2317 608 2357 ex
636 2299 833 2356 Veteri
864 2301 1382 2372 '.l‘estamento,sed
1413 2318 1482 2358 ex
1512 2302 1668 2358 Novo
1699 2302 1820 2358 haec
1843 2301 2007 2358 testi-

351 2389 552 2446 monia
581 2390 978 2462 proferuntur.
1071 2397 1080 2405 '

419 2479 511 2534 24.
543 2477 717 2550 Atqui
751 2494 865 2534 non
897 2478 980 2534 ita
1009 2482 1096 2535 est
1129 2479 1230 2535 sed
1265 2479 1441 2534 etiam
1477 2495 1675 2535 revera
1704 2480 1763 2534 in
1815 2481 2008 2536 Veteri

346 2568 724 2625 Testamento
757 2566 943 2622 multa
973 2568 1046 2622 de
1064 2567 1211 2624 Filio
1235 2573 1574 2634 occurrunt,
1602 2574 1664 2624 ut
1692 2569 1751 2624 in
1779 2569 2007 2642 psalmo

352 2657 612 2714 secundo
647 2672 659 2711 :
694 2657 869 2712 Filius
897 2674 1054 2712 meus
1081 2673 1136 2714 es
1166 2663 1251 2728 tu,
1282 2673 1376 2729 ego
1407 2658 1567 2714 hodie
1595 2661 1764 2730 genui
1795 2668 1844 2714 te
1875 2660 2010 2727 θῆαι

355 2747 415 2802 in
473 2763 627 2802 nono
684 2745 1014 2819 inscriptio,
1069 2748 1133 2803 In
1179 2748 1349 2818 ﬁnem
1400 2765 1502 2819 pro
1560 2747 1790 2805 occultis
1841 2749 2006 2818 Filii,

352 2834 606 2909 psalmus
633 2835 808 2892 David
837 2837 880 2870 ⁸⁷
914 2852 926 2891 :
960 2839 1018 2892 et
1047 2835 1106 2890 in
1137 2835 1592 2908 quadragesimo
1652 2841 1881 2909 quarto,
1941 2842 2007 2893 In

357 2927 523 2998 ﬁnem
549 2941 650 2998 pro
683 2927 763 2982 iis
790 2927 887 2997 qui
909 2925 1430 2994 commutabantur,
1462 2925 1603 2996 ﬁliis
1635 2926 1788 2994 Core,
1815 2925 1884 2982 ad
1916 2929 2007 2982 in-

358 3014 662 3086 tellectum,
696 3015 976 3072 canticum
1006 3031 1102 3085 pro
1134 3015 1342 3072 Dilecto
1373 3016 1415 3050 θ’
1449 3031 1462 3070 :
1498 3020 1555 3071 et
1585 3016 1738 3088 apud
1771 3015 2005 3084 Isaiam,

360 3103 597 3160 Cantabo
626 3103 821 3159 dilecto
875 3105 1157 3160 canticum
1209 3104 1408 3160 Dilecti
1445 3106 1622 3163 vinem
1666 3119 1819 3160 meae.
1852 3105 2008 3161 504

2119 1961 2245 2018 τερα
2280 1942 2526 2010 εἶναιτὸ,
2576 1942 2716 2020 Ἐγὼ
2764 1943 2852 1999 καὶ
2901 1946 2928 1999 6
2984 1947 3168 2021 Πατὴρ
3221 1943 3274 2000 ἕν
3332 1946 3511 2021 ἐσμενθ
3563 1949 3624 2004 τό
3681 1973 3762 2023 τε,

2113 2032 2448 2106 Μονογενήςο
2481 2031 2569 2086 καὶ
2602 2035 2684 2104 τὸ,
2717 2034 2773 2087 Ὀ
2800 2033 3055 2109 ἑωρακὼς
3088 2033 3204 2108 ἐμὲ,
3239 2036 3442 2112 ἑώρακε
3475 2038 3562 2092 τὸν
3596 2041 3764 2096 Πατέ-

2118 2138 2203 2195 ρα·
2238 2119 2299 2174 οὐ
2328 2120 2426 2194 γὰρ
2460 2120 2519 2176 ἐκ
2545 2126 2643 2188 τῆς
2676 2120 2942 2194 ιΙαλαιᾶς,
2974 2122 3101 2179 ἀλλ’
3127 2124 3186 2179 ἐκ
3232 2132 3331 2196 τῆς
3367 2129 3566 2194 Καινῆς
3596 2134 3765 2186 ταῦτα

2121 2214 2493 2285 μαρτυρεῖται.

2187 2480 2276 2534 24.
2312 2478 2389 2536 Οὐ
2426 2479 2531 2552 μὴν
2567 2477 2645 2552 δέ,
2680 2478 2803 2535 ἀλλ’
2838 2480 3060 2548 ἀληθῶς
3109 2484 3198 2537 καὶ
3248 2482 3299 2539 ἐν
3357 2489 3424 2559 τῇ
3485 2487 3598 2559 (60)
3655 2493 3768 2544 Ilu-

2118 2565 2246 2638 λαίᾷ
2276 2568 2398 2642 περὶ
2431 2569 2554 2623 1⁸ἱοῦ
2607 2568 2792 2625 πολλὰ
2849 2569 3084 2646 λέγεται·
3148 2576 3263 2628 οἷον
3317 2573 3369 2628 ἐν
3419 2581 3498 2649 τῷ
3530 2574 3767 2653 δευτέρῳ

2117 2657 2326 2730 ψαλμῷ
2370 2658 2453 2730 τὸ,
2487 2657 2608 2720 Υἱός
2671 2681 2774 2731 μου
2829 2661 2877 2714 εἴ
2928 2659 2991 2714 σὺ
3049 2663 3184 2735 (61),
3244 2662 3362 2738 ἐμὼ
3411 2667 3648 2739 σήμερον
3683 2687 3768 2740 γε·
3837 2661 3849 2692 ί

2117 2746 2351 2819 γέννηκά
2409 2765 2501 2800 σε’
2560 2746 2646 2801 xui
2704 2747 2754 2800 ἐν
2813 2753 2893 2820 τῷ
2950 2747 3151 2823 ἐννάτῳ
3203 2753 3237 2820 ἡ
3303 2751 3572 2828 ἐπιγραφὴ
3605 2799 3618 2822 ,
3679 2756 3767 2816 Εἷς

2116 2833 2178 2888 τὸ
2233 2833 2388 2895 τέλος
2464 2835 2596 2910 ὑπὲρ
2678 2840 2786 2890 τῶν
2861 2838 3101 2916 κρυφίων
3181 2838 3276 2894 105
3336 2842 3481 2912 I‘i05,
3543 2841 3765 2916 ψαλμὸς

2116 2927 2196 2994 τῷ
2246 2920 2442 2977 Δαυίδο
2503 2925 2590 2978 xui
2651 2925 2702 2980 ἐν
2745 2929 2824 2997 τῷ
2877 2934 3291 3003 τεσσαρακοστῷ
3345 2930 3609 3004 τετάρτῳ,
3669 2932 3763 2994 Εἰς

2115 3011 2178 3064 τὸ
2233 3008 2390 3073 τέλος
2450 3011 2580 3086 ὑπὲρ
2639 3017 2743 3066 τῶν
2806 3011 3390 3089 ἀλλοιωθησομένων,
3445 3023 3562 3080 τοῖς
3621 3021 3763 3082 υἱοῖς

2119 3099 2275 3174 Κορὲ,
2335 3099 2410 3162 είς
2469 3100 2692 3169 σύνεσιν,
2934 3102 3066 3178 ὑπὲρ
3113 3108 3208 3158 105
3267 3106 3615 3180 Ἀγαπητοῦ·
3673 3109 3763 3163 καὶ

365 3193 535 3248 Vinea
563 3196 717 3263 [acta
743 3201 824 3248 est
859 3193 1062 3249 Dilecto
1089 3193 1153 3246 θ’.
1190 3193 1332 3256 Quis
1362 3196 1557 3248 autem
1617 3192 1876 3249 Dilectus
1921 3197 2007 3249 est

2122 3187 2170 3244 ἐν
2203 3194 2281 3261 τῷ
2312 3191 2324 3207 ⁸
2357 3187 2552 3260 Ησαίᾳ,
2609 3192 2758 3262 "Aous
2817 3189 2883 3260 δὴ
2939 3197 3018 3264 τῷ
3067 3193 3409 3270 ἠγαπημένῳ
3463 3196 3610 3270 ᾆσμα
3666 3202 3764 3252 τοῦ

358 3285 568 3352 praeter
598 3279 811 3336 Filium
843 3279 1248 3353 unigenitum?
1265 3285 1332 3336 ut
1364 3281 1423 3336 in
1441 3279 1668 3353 psalmo
1687 3281 2006 3338 centesimo

2122 3281 2424 3352 Ἀγαπητοῦ
2484 3283 2562 3350 τῷ
2633 3278 2921 3352 ἀμπελῶνί
2988 3303 3114 3354 μου.
3187 3283 3478 3357 Ἀμπελὼν
3533 3284 3759 3360 ἐγενήθη

358 3385 512 3426 nono
543 3368 902 3437 habetur,E:c
929 3373 1083 3425 utero
1105 3377 1233 3424 ante
1253 3371 1551 3441 luciferum
1579 3371 1778 3440 genuit
1803 3373 1857 3426 te
1882 3371 2008 3438 ‘,de

359 3474 473 3530 quo
518 3461 722 3530 postea
770 3457 1001 3512 dicendi
1058 3457 1224 3514 locus
1255 3458 1405 3526 erit;
1461 3462 1519 3514 et
1570 3458 1628 3515 in
1663 3459 2006 3529 Proverbiis,

360 3550 497 3604 Ante
518 3562 701 3604 omnes
727 3548 892 3603 colles
937 3549 1124 3617 gignit
1177 3549 1298 3604 me”
1333 3562 1348 3604 :
1380 3551 1439 3604 et
1489 3549 1641 3620 apud
1686 3547 2006 3618 Danielem,

361 3642 429 3692 Et
455 3638 659 3708 species
689 3639 897 3708 quarti,
931 3637 1133 3692 similis
1158 3637 1300 3694 Filio
1331 3637 1430 3694 Dei
1451 3638 1494 3709 ⁸,
1526 3636 1812 3710 pluraque
1871 3637 2006 3694 alia.

361 3725 416 3780 Si
465 3741 600 3797 ergo
631 3741 700 3782 ex
724 3725 917 3782 Veteri
947 3727 1324 3783 Testamento
1383 3727 1607 3799 petitur
1663 3727 2006 3798 antiquitas,

360 3815 663 3870 fatendum
695 3815 900 3888 utique
949 3820 1040 3872 est
1087 3817 1397 3889 antiquum
1447 3815 1658 3872 Filium
1690 3833 1838 3885 esse,
1873 3832 2007 3872 cum

361 3905 566 3960 multis
595 3904 655 3960 in
685 3903 830 3962 locis
851 3905 1078 3963 Veteris
1104 3905 1463 3963 Testamenti
1489 3911 2004 3962 commemoretur.

359 3993 445 4050 Ita
474 3997 582 4063 est,
616 3994 917 4067 inquiunt,
949 3996 1052 4052 sed
1101 3995 1214 4052 ista
1270 3995 1608 4068 prophetice
1637 3995 1791 4052 dicta
1822 3999 1962 4051 sunt
1991 4012 2004 4049 ε

358 4098 498 4156 ergo
527 4087 584 4139 et
614 4083 715 4140 illa
745 4083 963 4155 pariter
991 4085 1062 4140 de
1093 4085 1281 4140 Verbo
1313 4084 1650 4156 prophetice
1681 4087 2008 4140 memorata

357 4175 517 4228 sunt.
551 4173 667 4229 Nec
696 4173 855 4229 enim
887 4190 1074 4230 unum
1103 4173 1442 4246 prophetice
1471 4177 1562 4230 est
1591 4171 2004 4240 dictum,aliud

356 4278 486 4318 vero
518 4278 634 4318 non
667 4262 1182 4334 prophetice.Nam
1215 4261 1265 4319 si
1296 4262 1420 4320 htec
1443 4263 1642 4330 verba,
1663 4264 1837 4318 Filius
1853 4277 2006 4318 meus

351 4367 407 4407 es
439 4354 518 4418 tu,
549 4351 814 4407 futurum
846 4351 1071 4425 aliquid
1103 4351 1478 4425 significent,
1511 4351 1668 4408 idem
1699 4351 1875 4408 etiam
1934 4352 2006 4407 de

353 4439 473 4496 illis
501 4439 698 4496 verbis
727 4440 1044 4498 dicendum
1077 4441 1360 4508 est,Verbo
1391 4442 1614 4498 Domini
1642 4443 1770 4498 σαειί
1797 4442 2010 4513 ﬁrmati

433 4583 479 4618 ¹²
513 4581 706 4654 ΙΒθε.
729 4599 854 4649 vm,
881 4583 974 4638 27.
1051 4584 1096 4618 '3
1123 4583 1294 4640 Joan.
1349 4601 1406 4651 χ,
1439 4584 1528 4639 30.
1606 4585 1652 4620 ⁰⁴
1680 4583 1848 4640 Joan.
1898 4601 1936 4652 ι,
1990 4584 2007 4637 1

2153 4583 2196 4617 π
2226 4583 2396 4637 Joan.
2449 4598 2562 4648 xw,
2595 4582 2650 4635 9.

2115 3371 2194 3438 τῷ
2223 3367 2584 3442 ἠγαπημένῳ.
2617 3369 2686 3423 Τὸ
2718 3365 2778 3424 δὲ
2806 3372 3122 3445 Ἀγαπητὸς
3171 3371 3251 3434 τίς
3302 3373 3363 3427 ἃν
3411 3371 3496 3444 εἷή
3641 3375 3765 3438 Υἱὸς

2123 3459 2466 3532 μονογενήςς
2526 3458 2598 3518 ὡς
2654 3457 2744 3512 xui
2804 3458 2854 3512 ἐν
2915 3464 2993 3531 τῷ
3053 3459 3328 3533 ἑκατοστῷ
3386 3461 3622 3534 έννάτῳ,
3669 3467 3768 3520 Ἐκ

2117 3547 2348 3620 γαστρὸς
2426 3548 2530 3620 πρὸ
2612 3546 2892 3624 ἓωσφόρου
2973 3547 3228 3623 έγέννησά
3315 3572 3411 3620 σε,
3490 3552 3613 3628 περὶ
3701 3554 3763 3608 o5

2119 3632 2335 3710 ὕστερον
2370 3634 2714 3711 λεχθήσεται·
2767 3638 2853 3691 xui
2912 3635 2962 3690 ἐν
2998 3641 3328 3712 Παροιμίαις
3358 3637 3415 3695 δὲ
3465 3643 3596 3716 (62),
3652 3643 3764 3716 Πρὸ

2119 3720 2176 3778 δὶ
2223 3727 2434 3778 πάντων
2483 3729 2591 3779 τῶν
2645 3727 2851 3799 βουνῶν
2911 3732 3066 3802 γεννᾷ
3127 3748 3212 3800 με’
3274 3730 3362 3783 καὶ
3423 3729 3476 3785 ἐν
3523 3735 3602 3802 τῷ
3661 3738 3764 3786 Au-

2117 3813 2268 3884 νιὴλ,
2322 3812 2422 3870 Καὶ
2483 3817 2592 3886 (63)
2651 3815 2686 3882 ἡ
2747 3813 2934 3888 ὅρασις
2971 3819 3068 3868 τοῦ
3114 3816 3372 3892 τετάρτου
3429 3818 3596 3890 ὁμοία
3654 3821 3768 3892 Γιῷ

2118 3907 2275 3971 Θεοῦ,
2305 3903 2392 3956 καὶ
2426 3901 2570 3956 ἄλλα
2621 3900 2864 3960 πλείονα.
2919 3903 2982 3958 Ei
3020 3905 3204 3959 τοίνυν
3238 3905 3295 3961 ἐκ
3323 3914 3421 3976 τῆς
3454 3906 3695 3971 Παλαιᾶς
3726 3911 3762 3979 ἡ

2119 3989 2442 4066 ἀρχαιότης,
2502 3991 2728 4066 ἀρχαῖος
2780 3990 2840 4045 ἂν
2887 3991 2968 4062 είή
3021 3992 3110 4047 καὶ
3155 3995 3182 4048 6
3233 3996 3378 4067 Υἱὸς,
3411 3994 3442 4049 6'
3473 3994 3524 4050 ἐν
3555 4001 3624 4071 τῇ
3658 4003 3766 4052 Πα-

2118 4077 2246 4150 λαίᾷ
2314 4083 2426 4153 (64)
2505 4079 2554 4134 ἐν
2616 4077 2856 4142 πολλοῖς
2904 4081 3357 4159 σαφηνιζόμενος.
3420 4082 3598 4140 Ἀλλὰ
3653 4087 3762 4155 ναὶ,

2117 4168 2264 4246 φασὶ,
2297 4174 2470 4223 κεῖται
2533 4167 2650 4240 μέν,
2709 4174 3065 4246 προφητικῶς
3127 4169 3184 4225 δὶ
3240 4167 3402 4228 ἔστω·
3434 4171 3627 4228 οὐκοῦν
3679 4176 3768 4229 καὶ

2116 4259 2239 4330 περὶ
2290 4262 2387 4312 105
2445 4253 2621 4332 Λόγου
2679 4263 3035 4335 προφητικῶς
3093 4259 3336 4336 εἰρῆσθαι
3391 4261 3617 4338 λεχθείη
3679 4261 3766 4320 ἂν.

2116 4347 2191 4403 Οὐ
2223 4347 2320 4421 γὰρ
2351 4347 2412 4401 τὸ
2448 4347 2565 4419 μὲν,
2599 4347 2658 4402 τὸ
2691 4343 2745 4401 δέ
2803 4350 2935 4418 (65).
2989 4347 3055 4403 Ei
3109 4351 3210 4425 γάρ
3268 4351 3354 4422 τὸ,
3413 4351 3536 4414 Υἱός
3589 4373 3695 4426 μου
3727 4354 3778 4408 εί

2119 4436 2202 4506 σὺ,
2235 4434 2321 4491 ἐπὶ
2353 4435 2682 4507 μέλλοντος,
2717 4433 2888 4506 δῆλον
2922 4435 3003 4491 ὅτι
3035 4438 3124 4492 καὶ
3167 4439 3252 4512 τὸ,
3299 4443 3393 4512 Τῷ
3442 4439 3604 4516 Λόγῳ
3654 4443 3767 4498 Κυ-

2756 4582 2800 4618 ⁹⁶
2845 4581 3004 4655 Psal.
3058 4599 3120 4654 ιι,
3169 4583 3226 4638 7.
3303 4585 3348 4620 ⁸⁷
3399 4585 3556 4641 Psal.
3607 4602 3685 4655 xx,
3737 4586 3762 4642 4

356 4653 401 4690 ⁸⁸
434 4653 588 4723 Psal,
618 4653 770 4724 xilv,
803 4655 854 4712 1.
931 4655 975 4691 9’
1007 4655 1118 4711 Isa.
1151 4672 1206 4722 ν,
1240 4656 1289 4710 1.
1369 4657 1386 4690 ¹
1421 4654 1576 4712 Psal.
1611 4671 1722 4724 cxx,
1750 4657 1805 4711 3.
1881 4657 1902 4690 ²
1934 4656 2006 4712 Pr

2131 4671 2252 4723 vm,
2281 4655 2374 4708 25.
2452 4657 2472 4691 ³
2505 4660 2647 4709 Dan.
2681 4670 2766 4724 ιιι,
2797 4654 2888 4708 92.

578 4798 938 4871 Goblerian.,
975 4794 1256 4869 δηλονότι.
1287 4799 1419 4856 Mox
1447 4799 1750 4871 Anglican.
1783 4799 1829 4870 ᾧ
1861 4794 1920 4852 ἂν
1981 4798 2009 4852 6
2041 4799 2088 4864 D

358 4869 506 4932 Υἱός.

429 4944 542 5016 (56)
574 4943 712 5016 Reg.
735 4947 798 5016 et
825 4943 1060 5016 Seguer.
1093 4942 1322 4998 addunt
1351 4942 1507 5013 εἶναι,
1539 4943 1694 5016 quod
1741 4942 1906 4999 abest
1935 4942 2006 5016 ab

358 5013 580 5088 aliisiet
605 5015 800 5088 editis.
829 5013 961 5070 MOx
1001 5014 1143 5087 Reg.
1175 5021 1229 5071 et
1275 5018 1511 5088 Seguer.
1542 5013 1773 5088 ῑρὲσθαι.
1807 5013 2008 5071 Castori

359 5090 416 5141 et
444 5087 624 5161 egiti,‘
641 5083 873 5161 ἔρεσθαι.

428 5151 539 5238 (57)
571 5151 847 5238 ξὶοᾟεεη
871 5158 1133 5229 Seguer.,
1168 5157 1344 5214 Basil.
1376 5161 1434 5214 et
1460 5157 1683 5229 Anglic.
1705 5156 1766 5213 In
1798 5156 1927 5213 aliis
1949 5160 2008 5212 et

357 5228 535 5284 editis
565 5230 729 5285 deest
756 5228 867 5285 xui.

433 5301 543 5374 (58)
577 5300 672 5374 Sic
703 5305 842 5374 Reg.
874 5303 1121 5374 Seguer._
1143 5300 1336 5374 Βαεὶμ
1355 5304 1412 5356 et
1441 5299 1670 5374 Anglic.
1704 5301 1776 5374 A_t
1819 5299 1917 5355 alii
1949 5302 2008 5374 et

357 5371 501 5445 editi
527 5369 534 5374 ⁷
558 5369 841 5430 omittunt
896 5369 1019 5445 περὶ
1064 5369 1248 5445 αὐτρῦ.
1285 5372 1418 5427 Mox
1457 5369 1700 5445 _Goi)ler.
1727 5369 1920 5425 ἐκεῖνοι
1953 5370 2003 5425 οἱ

361 5437 593 5508 ἀσεϐεῖς.
625 5445 850 5516 Anglic.
883 5437 1123 5509 ibidem,
1159 5439 1382 5515 διαιρεῖν
1411 5443 1509 5511 τήν
1539 5444 1830 5516 Διαθήκην.

430 5518 540 5587 (59)
572 5517 664 5574 Sic
695 5513 753 5574 in
782 5517 958 5588 Regio
989 5513 1364 5588 emendatum
1413 5521 1520 5572 est.
1553 5515 1668 5572 Alii
1695 5513 1698 5514 ⁷
1727 5513 1783 5572 et
1840 5513 2000 5583 editi,

361 5580 638 5661 δέχεσθαι,
671 5596 736 5646 ut
765 5595 822 5646 et
853 5580 1015 5661 prius
1046 5587 1310 5661 exstabat
1338 5587 1397 5643 in
1432 5589 1629 5660 Regio.

429 5657 1095 5742 (ὂψ-βίᾳ,Ιξεξεεςειξιξυθιξζ
1132 5658 1363 5742 Gobler.
1397 5664 1452 5717 et
1485 5657 1674 5718 Fslck.
1711 5661 1756 5714 1.
1801 5663 1874 5712 At
1906 5657 2002 5714 alii

359 5727 604 5802 et'editi,
637 5727 1016 5799 ἀλλ’ἶληθῶς
1050 5728 1106 5782 δὲ
1137 5727 1190 5782 έν

2194 4797 2302 4868 (61)
2338 4797 2471 4867 Reg.
2506 4801 2574 4868 et
2618 4800 2852 4868 Seguer.
2913 4795 2997 4865 τὸ,
3049 4795 3169 4854 Υἱός
3227 4816 3352 4866 μου.
3407 4800 3470 4854 In
3529 4797 3662 4854 aliis
3713 4802 3771 4855 et

2122 4867 2296 4941 editis
2328 4869 2491 4941 deest
2517 4867 2600 4923 τό.
2637 4867 2766 4941 Mox
2794 4868 2930 4938 Reg.
2966 4869 3201 4941 Seguer.
3237 4870 3413 4925 Basil.
3447 4873 3502 4926 et
3539 4870 3762 4941 Anglic.

2117 4938 2207 4993 xui
2243 4937 2293 4993 ἐν
2327 4943 2404 5011 τῷ
2435 4937 2636 5010 ἐννάτῳ
2667 4941 2700 5008 ἡ
2734 4937 3264 5016 ἐπιγραφή.“(]ωῐθι·ἱ
3313 4948 3370 4998 et
3417 4941 3578 5008 editi,
3608 4937 3695 4995 καὶ
3730 4943 3765 5012 ἡ

2117 5009 2389 5063 ἐπιγοαωῆ
2420 5015 2519 5063 105
2551 5011 2769 5063 ἐννάτου
2802 5007 3050 5063 ὼαλιιοῦ.

2142 5013 2389 5141 πιέραφὴ
2420 5015 2519 5065 105
2551 5013 2769 5065 ἐννάτου
2802 5013 3050 5083 ψαλμοῦ.

2185 5086 2202 5157 (
2244 5089 2298 5156 2)
2327 5091 2462 5155 Reg.
2491 5089 2739 5157 Seguer.
2769 5082 2943 5157 Basil.
2998 5087 3053 5137 et
3085 5083 3330 5157 _A_nglic.
3375 5083 3601 5139 addunt
3653 5082 3764 5150 καί,

2116 5009 2139 5065 ἐ

2114 5149 2371 5228 ςιιοάιιι)
2404 5149 2622 5228 aliis-iet
2651 5154 2826 5210 editis
2869 5155 3053 5228 abest.
3082 5149 3229 5228 Ibid:
3263 5159 3401 5226 Reg.
3437 5162 3492 5211 et
3521 5149 3760 5228 Seguer.

2116 5224 2174 5281 δέ
2207 5233 2519 5294 omittunt,
2550 5227 2904 5299 habentque,
2937 5225 3153 5280 πάντων
3179 5224 3420 5299 βουνῶν.

2185 5302 2295 5408 (63)
2324 5301 2416 5356 Sic
2448 5298 2658 5368 Regius
2691 5302 2747 5353 et
2775 5299 3010 5369 Seguer.
3044 5299 3106 5352 In
3141 5298 3272 5356 aliis
3301 5305 3358 5354 et
3403 5299 3578 5356 editis
3604 5299 3770 5355 deest

2115 5390 2304 5513 και(64)
2335 5441 2550 5512 Regius
2581 5446 2637 5496 et
2665 5444 2901 5513 Seguer.
2937 5438 2966 5513 ὁ
2997 5439 3140 5513 Υἱὸς,
3176 5439 3227 5493 ἐν
3259 5438 3345 5513 τῇ.

2184 5507 2295 5582 (65)
2328 5507 2599 5584 Ου”ροει
2648 5511 2708 5564 τὸ
2741 5507 2825 5584 ’δέ
2881 5507 3460 5584 subintelligendum.
3519 5512 3574 5568 Id
3629 5515 3763 5566 est:

2112 5587 2219 5642 Nec
2265 5587 2411 5640 enim
2471 5583 2614 5639 istud
2660 5583 2971 5656 praphetice
3017 5590 3092 5640 est
3121 5583 3368 5647 (tioium;
3398 5587 3540 5640 illud
3577 5591 3763 5640 autem

2113 5673 2220 5713 non
2253 5658 2587 5728 prophetice.
2613 5661 2755 5714 Nam
2783 5658 2854 5726 si,
2885 5659 2993 5711 etc.
