4076 6360
243 436 367 497 505

249 567 368 644 ρίου
446 569 501 622 οἱ
587 568 808 641 οὐρανοὶ

247 654 517 733 ιγένοντο,
575 655 721 727 οὐδὲ,
780 656 1052 730 ἐποίησεν.
1113 662 1233 715 Ὅτι
1294 658 1350 717 δὲ
1415 662 1501 731 τὸ,
1559 659 1899 737 ἐστερέωσεν,

249 744 341 801 ἐπὶ
385 744 714 820 μέλλοντος,
763 746 949 826 φησίν·
998 750 1055 804 '0
1097 749 1301 827 Κύριος
1352 746 1712 807 ἐϐασίλευσεν·
1761 754 1896 806 εἷταο

249 834 351 889 Καὶ
399 835 499 911 γὰρ
560 834 850 911 ἐστερέωσε
903 838 1003 907 τήν
1083 838 1448 913 οἷκουμὲνην,
1506 841 1630 909 ἥτις
1687 839 1748 895 οὗ
1808 860 1903 895 σα-

253 922 597 995 λευθήσεται.
659 926 757 980 Καὶ
818 926 863 982 εἰ
918 929 981 983 τὸ
1042 931 1151 1001 (66)
1208 929 1261 984 ἐν
1336 934 1417 1003 τῷ
1487 933 1902 1004 τεσσαρακοστῷ

247 1011 515 1087 τετάρτῳ.
545 1014 705 1090 Ὑπὲρ
736 1019 837 1069 τοῦ
896 1016 1237 1092 Ἀγαπητοῦ,
1286 1017 1375 1074 ἐπὶ
1437 1018 1761 1093 μέλλοντος,
1804 1015 1902 1089 δῆ-

252 1099 349 1155 λον
413 1099 497 1155 ὅτι
574 1102 663 1157 καὶ
731 1105 794 1159 τὸ
858 1103 1247 1184 ἐπιφερόμενον
1313 1109 1375 1163 τὸ
1452 1107 1807 1183 Ἐξηρεύξατο
1864 1108 1900 1177 ἡ

258 1187 455 1266 καρδία
486 1212 593 1263 μου
641 1193 809 1269 Λόγον
871 1194 1086 1269 ἀγαθόν.
1152 1195 1252 1251 Καὶ
1299 1196 1346 1252 εἴ
1395 1199 1479 1270 τὸ,
1530 1198 1625 1252 Ἐκ
1650 1198 1901 1273 γαστρὸς,

251 1275 342 1331 ἐπὶ
400 1275 709 1351 ἄνθρώπου,
770 1281 873 1355 ἄρα
918 1283 1007 1336 καὶ
1055 1284 1139 1353 τὸ,
1191 1283 1250 1339 ἐκ
1294 1282 1542 1360 καρδίας.
1592 1284 1656 1339 Εἰ
1717 1285 1823 1362 γὰρ
1866 1287 1902 1356 ἡ

249 1366 456 1441 γαστὴρ
507 1367 862 1443 ἀνθρώπινον,
907 1372 998 1425 καὶ
1054 1372 1089 1441 ἡ
1153 1369 1351 1448 καρδία
1404 1376 1517 1447 (67)
1566 1374 1903 1448 σωματικόν,

250 1453 324 1512 Εἴ
377 1452 435 1510 δὲ
486 1457 550 1511 τὸ
608 1456 666 1512 ἑκ
712 1456 960 1533 καρδίας,
1004 1458 1205 1533 ἀΐδιον,
1262 1461 1352 1517 καὶ
1407 1463 1471 1518 τὸ
1528 1461 1587 1518 ix
1642 1463 1900 1539 γαστρὸς,

252 1541 455 1599 ἀίδιον
487 1544 576 1600 καὶ
609 1546 655 1601 εἰ
686 1549 715 1602 6
746 1550 1060 1626 Μονογενὴς
1103 1548 1155 1606 ἐν
1200 1549 1455 1625 κόλποις,
1516 1550 1606 1607 καὶ
1657 1552 1684 1606 6
1734 1555 1902 1628 ’Δγα-

166 1636 428 1732 Γπηιτὸς
458 1632 794 1732 ἒν-κόλποις.
827 1629 1025 1732 Ταύβὸν
1055 1638 1155 1717 γάρ
1209 1638 1322 1696 ἐστι
1364 1642 1427 1732 τό
1483 1662 1542 1696 τε
1600 1642 1904 1718 Μονογενὲς

249 1725 435 1782 καὶτὸ
493 1727 828 1803 Ἀγαπητὸν,
892 1725 967 1793 ὥς
1028 1732 1111 1796 τὸ,
1163 1733 1338 1794 Οὗτός
1398 1731 1539 1788 ἐστιν
1572 1734 1600 1788 6
1638 1734 1762 1796 Υἱός
1799 1754 1903 1807 μου

252 1817 282 1873 6
314 1815 618 1891 ἀγαπητός.
650 1817 724 1873 Οὐ
754 1818 857 1895 γὰρ
917 1816 984 1890 δὴ
1038 1821 1137 1889 τὴν
1191 1821 1267 1885 εἷς
1319 1820 1481 1877 αὐτὸν
1692 1821 1903 1897 ἀγάπην

257 1908 500 1977 σημᾶναι
531 1901 729 1976 θέλων,
764 1908 880 1963 εἷπε
906 1909 991 1978 τὸ,
1055 1910 1389 1985 Ἀγαπητὸς,
1414 1907 1508 1965 ’ίνα
1540 1912 1615 1984 μὴ
1648 1909 1774 1973 τοὺς
1803 1907 1904 1967 ἄλ·-
1938 1951 1988 2018 Β

257 1993 391 2018 Ἱ-..-
456 2001 577 2018 ..μθ
635 1994 722 2018 δ’»
768 2017 774 2018 ,
824 1997 951 2018 ,\\\
1028 2000 1138 2018 κιρ
1340 2001 1354 2018 \
1442 1997 1560 2018 9%0‘
1707 1998 1734 2018 η
1885 2002 1900 2018 \

256 1993 393 2057 λους
428 2001 603 2069 μισεῖν
632 1994 778 2072 δόξῃ*
812 1997 960 2054 ἀλλὰ
986 2000 1050 2054 τὸ
1082 2001 1393 2077 Μονογενὰς
1438 1997 1662 2072 ἐδήλου,
1707 1998 1801 2056 ’ίνα
1846 2002 1909 2056 τὸ

266 2088 432 2159 μόνον
461 2086 511 2160 ἐξ
542 2088 707 2143 αὑτοῦ
751 2089 888 2144 εἶναι
929 2087 1088 2145 αὐτὸν
1137 2086 1303 2164 δείξῃ.
1366 2091 1465 2163 Καὶ
1522 2095 1603 2163 τῷ
1661 2085 1911 2168 Ἀϐραὰμ

261 2182 397 2256 γοῦν
431 2178 542 2252 (69)
572 2183 811 2251 σημᾶναι
841 2177 1014 2236 θέλων
1043 2180 1072 2234 6
1099 2180 1276 2255 Λόγος
1302 2181 1365 2236 τὸ
1413 2181 1719 2258 μονογενὲς,
1753 2178 1908 2259 φησί·

258 2266 593 2343 Προσὲνεγκε
663 2267 757 2322 τὸν
833 2264 950 2321 υἱόν
1020 2288 1117 2322 σου
1190 2268 1282 2322 τὸν
1366 2269 1668 2343 ἆγαπητόν.
1739 2268 1910 2326 Παντὶ

262 2353 323 2412 δὶ
361 2350 533 2424 δῆλον
591 2351 651 2409 ἐκ
703 2358 803 2423 τῆς
860 2351 1071 2431 Σάρῥας
1131 2355 1297 2427 μόνον
1358 2355 1491 2409 εἶναι
1550 2356 1644 2411 τὸν
1708 2353 1907 2411 Ἰσαάκ.

260 2447 445 2504 Ἔστιν
478 2444 583 2520 ἄρα
611 2444 640 2498 6
670 2444 842 2519 Δόγος
872 2442 1020 2512 Υἱὸς,
1055 2442 1154 2499 οὐκ
1183 2440 1304 2520 ἄρτι
1351 2445 1586 2520 γεγονὼς
1618 2443 1654 2514 ἢ
1705 2443 1910 2518 ὄνομα·

262 2535 407 2596 σθείς
438 2533 587 2601 Υἱὸς,
619 2531 748 2589 ἀλλ’
797 2531 878 2587 ἀεὶ
910 2533 1059 2596 Υἱός.
1091 2530 1162 2590 Εἴ
1184 2532 1287 2607 γὰρ
1322 2534 1397 2607 μή
1445 2534 1594 2604 Υἱὸς,
1641 2532 1766 2589 οὐδὲ
1808 2536 1911 2593 Δό-

259 2643 380 2700 γος·
411 2623 503 2678 καὶ
537 2620 586 2676 εἷ’
621 2623 697 2696 μή
731 2622 932 2697 Λόγος,
968 2619 1093 2677 οὐδὲ
1120 2623 1267 2684 Υἱός.
1299 2623 1369 2677 Τὸ
1424 2624 1524 2698 γὰρ
1556 2621 1613 2679 ἐκ
1660 2626 1759 2679 τοῦ
1798 2628 1912 2681 Ιῐα-

258 2716 390 2791 τρὸς
427 2712 551 2775 Υἱός
584 2712 717 2770 ἐστι.
751 2711 818 2769 Τί
850 2709 907 2766 δὲ
938 2709 1078 2767 ἐστιν
1114 2709 1174 2766 ἐκ
1202 2714 1305 2766 τοῦ
1334 2713 1548 2788 Ιῐαιτρὸς
1579 2712 1624 2766 εἰ
1678 2713 1754 2785 μὴ
1806 2714 1909 2772 Λό-

258 2828 362 2884 γος
398 2808 508 2880 (70)
538 2806 567 2860 6
599 2803 659 2860 ἐκ
687 2801 911 2880 καρδίας
960 2803 1244 2881 προελθὼν
1293 2804 1384 2860 καὶ
1431 2804 1491 2860 ἐκ
1527 2805 1758 2882 γαστρὸς
1788 2825 1912 2881 γεν-

258 2895 485 2968 νηθείς;
518 2893 595 2951 Οὐ
625 2893 726 2970 γὰρ
761 2894 789 2948 ὁ
821 2894 1010 2967 Πατὴρ
1042 2895 1217 2971 Λόγος
1261 2892 1424 2949 ἐστιν’
1476 2891 1602 2949 οὐδὲ
1651 2894 1680 2948 6
1736 2884 1912 2969 Λόγος

260 2988 460 3061 Πατήρ
491 2982 653 3039 ἐστιν·
689 2981 818 3038 ἀλλ’
851 2984 879 3038 6
913 2983 1008 3057 μὲν
1037 2984 1256 3060 Πατὴρ,
1289 2983 1317 3038 6
1359 2981 1417 3038 δὲ
1446 2984 1593 3047 Υἱός·
1626 2982 1718 3040 καὶ
1751 2981 1779 3036 6
1814 2983 1911 3057 μὲν

257 3079 444 3153 γεννᾷ,
477 3075 505 3128 6
537 3071 594 3130 δὲ
625 3079 897 3149 γεννᾶται.

1361 443 1655 506 ORATIO
1696 444 1780 506 IV
1825 443 2136 506 CONTRA
2179 443 2544 505 ARIANOS.

893 568 1315 645 ἐστερεώθησαν.
1399 572 1477 630 Οὔ
1547 573 1651 650 γὰρ
1730 573 1897 644 εἶπεν,

2026 581 2145 633 sunt
2175 575 2216 630 ι.
2250 573 2367 631 Nec
2396 573 2553 631 enim
2586 573 2754 641 dixit,
2782 575 2927 645 facti
2957 576 3109 643 sunt,
3162 572 3253 631 vel
3298 576 3451 648 fecit.
3499 576 3663 641 Quod

3545 446 3677 511 506.

2011 666 2208 719 autem
2230 663 2599 733 vocabulum,
2618 663 2883 736 ﬁrmavit,
2903 664 2973 719 de
2995 664 3191 720 futuro
3214 663 3664 738 intelligendum

2010 750 2407 824 sit,conjicere
2425 751 2561 810 licet
2589 769 2659 809 ex
2687 752 2782 810 his
2811 752 3001 810 verbis
3035 772 3054 808 :
3083 754 3347 810 Dominus
3375 756 3662 824 regnavit;

2011 840 2244 910 deinde,
2279 844 2496 898 Etenim
2520 844 2766 913 ﬁrmavit
2794 842 2976 899 orbem
3005 845 3189 910 terrm,
3220 844 3319 916 qui
3350 858 3464 900 non
3510 859 3664 902 com-

2009 931 2316 987 movebitur
2368 931 2407 987 “.
2456 932 2516 1000 Si
2541 930 2681 989 item
2713 947 2799 1003 ea,
2830 948 2957 1003 quas
2986 930 3047 987 in
3077 930 3307 1005 psalmo
3336 932 3663 1005 quadrage-

2012 1019 2163 1076 simo
2194 1024 2402 1093 quarto
2430 1036 2529 1093 pro
2578 1021 2784 1077 Dilecto
2830 1020 2853 1055 °
2902 1024 3240 1091 narrantur,
3277 1021 3347 1078 ad
3396 1021 3664 1078 futurum

2011 1110 2245 1181 tempus
2296 1109 2628 1181 pertinent;
2660 1109 2817 1165 idem
2850 1126 3083 1183 quoque
3107 1108 3219 1166 erit
3248 1109 3559 1167 dicendum
3593 1110 3665 1167 de

2012 1197 2107 1254 bis
2165 1213 2291 1269 quae
2349 1201 2696 1271 sequuntur,
2738 1199 3019 1256 Eructavit
3063 1214 3158 1256 cor
3200 1215 3386 1256 meum
3438 1200 3667 1257 Verbum

2014 1287 2213 1344 bonum
2241 1289 2279 1344 ⁷.
2315 1286 2617 1354 Similiter,
2650 1287 2699 1344 si
2730 1287 2853 1345 haec
2883 1289 3080 1354 verba,
3108 1289 3191 1345 Ea:
3215 1292 3372 1345 utero
3396 1289 3437 1356 ⁸,
3470 1288 3664 1345 homi-

2012 1391 2148 1433 nem
2179 1376 2500 1447 denotant;
2531 1393 2669 1451 ergo
2699 1381 2756 1434 et
2788 1378 2945 1450 quod
2975 1392 3044 1434 ex
3072 1378 3246 1435 corde
3275 1378 3527 1434 eructari
3574 1378 3664 1434 di-

2011 1465 2184 1523 citur.
2229 1466 2496 1539 Namque
2544 1467 2595 1523 si
2645 1471 2846 1524 uterus
2892 1466 3221 1524 humanum
3253 1466 3395 1540 quid
3426 1471 3535 1535 est,
3566 1484 3670 1524 cor

2013 1555 2189 1612 etiam
2221 1571 2501 1629 corporea
2528 1571 2622 1614 res
2653 1561 2765 1615 est.
2794 1557 2906 1614 Sed
2925 1555 2977 1612 si
3006 1556 3164 1629 quod
3194 1573 3265 1613 ex
3312 1557 3486 1614 corde
3532 1572 3667 1629 pro-

2014 1645 2303 1715 funditur,
2334 1649 2619 1703 aternum
2657 1650 2766 1715 est,
2799 1645 2945 1702 illud
2977 1646 3154 1702 etiam
3185 1646 3342 1719 quod
3385 1660 3455 1702 ex
3500 1649 3667 1703 utero

2014 1734 2295 1804 nascitur,
2326 1739 2610 1792 mternum
2640 1750 2767 1793 esse
2797 1733 3249 1808 intelligendum
3274 1734 3671 1792 est.Similiter

2015 1823 2066 1880 si
2093 1823 2443 1897 Unigenitus
2472 1829 2561 1880 est
2587 1824 2647 1881 in
2671 1824 2832 1893 sinu,
2856 1824 3120 1881 Dilectus
3149 1841 3386 1898 quoque
3414 1825 3477 1881 in
3529 1824 3668 1882 sinu

2016 1916 2126 1970 est.
2162 1913 2323 1969 Idem
2352 1913 2511 1970 enim
2542 1918 2633 1971 est
2663 1913 3012 1988 Unigenitus
3062 1916 3120 1970 et
3164 1912 3445 1983 Dilectus,
3487 1917 3556 1969 ut
3601 1929 3670 1970 ex

2019 2001 2114 2059 his
2172 2000 2354 2074 liquet
2408 2002 2621 2074 verbis,
2680 2004 2790 2059 Hic
2841 2010 2924 2060 est
2967 2001 3142 2059 Filius
3184 2018 3340 2059 meus
3367 2001 3596 2059 dilectus
3625 2003 3667 2059 °.

2018 2091 2137 2149 Nec
2165 2090 2321 2148 enim
2354 2096 2417 2150 ut
2445 2109 2617 2150 suam
2646 2092 2709 2150 in
2737 2107 2870 2149 eum
2900 2090 3248 2148 cbaritatem
3290 2091 3668 2166 signiﬁcaret,

2017 2178 2308 2238 Dilectum
2354 2181 2552 2255 ipsum
2598 2180 2933 2255 appellavit,
2983 2197 3057 2237 ne
3103 2179 3248 2238 alios
3292 2180 3425 2238 odio
3454 2179 3671 2239 habere

2018 2267 2283 2325 videatur
2308 2285 2322 2324 :
2347 2270 2450 2327 sed
2476 2269 2854 2344 Unigenitum
2883 2268 3184 2327 Indicabat
3209 2286 3362 2339 esse,
3383 2271 3448 2327 ut
3476 2267 3671 2326 solum

2019 2373 2157 2414 eum
2187 2374 2256 2415 ex
2276 2357 2470 2432 seipse
2493 2375 2625 2418 esse
2656 2360 2909 2416 doceret.
2943 2359 3090 2416 Hinc
3141 2358 3401 2417 Verbum
3447 2358 3668 2431 ipsum,

2020 2463 2155 2505 cum
2211 2448 2582 2522 unigenitum
2640 2450 2880 2507 Abrahae
2922 2448 3108 2506 lilium
3138 2448 3312 2505 vellet
3339 2448 3672 2523 designare,

2021 2537 2105 2594 ait
2134 2554 2148 2594 :
2185 2538 2333 2612 Uﬂer
2358 2539 2545 2611 ﬁlium
2564 2542 2726 2596 tuum
2747 2540 3012 2597 dilectum
3053 2540 3130 2617 ἕο.
3187 2537 3420 2595 Nemini
3477 2543 3671 2596 autem

2020 2627 2268 2683 dubium
2288 2632 2378 2686 est
2399 2628 2594 2686 solum
2617 2631 2778 2686 Isaac
2799 2647 2867 2686 ex
2887 2628 3031 2686 Sara
3060 2627 3325 2702 genitum
3359 2627 3453 2685 hic
3500 2627 3674 2685 intel-

2018 2715 2143 2787 ligi.
2203 2715 2408 2789 Itaque
2462 2717 2725 2775 Verbum
2754 2723 2844 2775 est
2873 2717 3075 2788 Filius,
3108 2735 3224 2774 non
3254 2733 3459 2775 recens
3488 2717 3677 2774 factus

2017 2804 2109 2861 vel
2139 2805 2478 2864 nominatus
2510 2806 2714 2879 Filius,
2746 2808 2848 2864 sed
2891 2823 3125 2880 semper
3168 2807 3373 2863 Filius.
3426 2806 3571 2865 Nam
3624 2805 3675 2863 si

2021 2893 2203 2950 Filius
2234 2911 2352 2952 non
2383 2900 2604 2963 est,nec
2635 2896 2887 2954 Verbum
2919 2913 3049 2953 esse
3077 2896 3366 2969 potest.Et
3384 2894 3670 2963 vicissim,

2020 2982 2070 3037 si
2105 2984 2362 3040 Verbum
2394 3001 2509 3041 non
2541 2990 2651 3052 est,
2686 3002 2791 3042 nec
2819 2984 2998 3041 Filius
3044 2988 3241 3057 potest
3285 3001 3435 3043 esse.
3484 2983 3676 3056 Siqui-

2020 3070 2154 3128 dem
2212 3075 2370 3145 quod
2427 3089 2497 3130 ex
2551 3077 2724 3130 Patre
2783 3078 2892 3146 est,
2936 3072 3121 3130 Filius
3152 3074 3355 3146 utique
3380 3076 3489 3130 est.
3522 3071 3673 3140 Quid

261 3182 439 3239 porro
464 3170 555 3223 est
583 3182 652 3222 ex
684 3166 869 3237 Patre,
903 3166 1018 3223 nisi
1045 3166 1320 3238 Verbum,
1351 3165 1508 3240 quod
1539 3181 1609 3222 ex
1638 3161 1813 3219 corde
1842 3174 2221 3233 progressum
2251 3166 2360 3233 est,
2392 3167 2449 3219 et
2476 3179 2544 3220 ex
2576 3167 2743 3220 utero
2775 3163 3086 3236 genitum?
3110 3162 3249 3235 [Nec
3299 3162 3458 3219 enim
3506 3162 3679 3219 Pater

257 3256 523 3312 Verbum
553 3260 661 3327 est,
694 3260 795 3313 aut
824 3257 1082 3313 Verbum
1110 3257 1277 3313 Pater
1305 3262 1397 3314 est
1425 3273 1440 3313 :
1473 3256 1571 3313 sed
1609 3253 1725 3321 ille,
1755 3255 1960 3318 Pater;
1993 3249 2109 3317 hic,
2141 3251 2324 3309 Filius
2355 3257 2442 3310 est
2473 3271 2487 3310 :
2519 3252 2620 3309 ille
2649 3253 2858 3327 gignit,
2890 3253 2986 3309 hic
3016 3251 3295 3327 gignitur.

332 3346 424 3401 25.
459 3342 721 3401 Μαίνεται
781 3345 874 3420 μὲν
926 3341 1018 3400 οῦν
1063 3349 1278 3420 ’Ἄρειος
1325 3345 1378 3418 ἐξ
1425 3345 1525 3402 οὐκ
1569 3338 1736 3400 ὄντων
1777 3341 1910 3396 εἶναι

2095 3341 2185 3397 25.
2209 3342 2492 3407 Quocirca
2518 3342 2740 3400 insanit
2769 3342 3024 3415 profecto
3053 3342 3250 3413 Arius,
3274 3357 3409 3400 cum
3432 3341 3515 3398 ait
3543 3341 3679 3399 Ver-

266 3430 447 3508 λὲγων
480 3435 574 3488 τὸν
623 3435 770 3502 Υἱὸν,
824 3437 913 3492 καὶ
960 3436 1026 3507 ἦν
1068 3459 1221 3509 ποτε,
1256 3439 1345 3494 ὅτε
1375 3435 1473 3492 οὐκ
1501 3436 1593 3508 ἦν,
1651 3432 1911 3490 Μαίνιται

263 3519 324 3577 δὲ
353 3520 447 3576 καὶ
479 3515 786 3588 Σαϐἑλλιος
817 3523 989 3602 λέγων
1039 3527 1129 3583 τὸν
1175 3527 1396 3601 ΙΙατέρα
1441 3526 1575 3580 εἶναι
1621 3522 1774 3590 Υῖὸν,
1820 3520 1913 3575 καὶ

262 3604 508 3683 ἔμπαλιν
540 3612 635 3667 τὸν
665 3613 788 3668 Υιὸν
840 3615 975 3670 εἶναι
1034 3615 1272 3691 ΙΙατὲρα,
1338 3610 1622 3669 ὑποστάσει
1684 3611 1779 3684 μὲν
1836 3605 1915 3678 ἓν,

265 3701 497 3774 ὀνόματι
548 3698 606 3757 δὲ
632 3699 750 3758 δόοο
814 3704 1061 3778 μαίνεται
1105 3702 1162 3760 δὲ
1208 3704 1297 3761 καὶ
1374 3705 1490 3779 (71)
1546 3697 1914 3776 παραδείματι

266 3790 559 3865 χρώμενος
590 3796 659 3859 τῆ
689 3798 786 3850 τοῦ
817 3794 1131 3869 ΙΙνεόματος
1175 3796 1383 3871 χάριτι·
1436 3792 1571 3871 φησὶ
1616 3792 1717 3869 γὰρ
1778 3792 1914 3864 (72),

266 3882 474 3957 ’Ὠσπερ
537 3878 824 3959 διαιρέσεις
877 3885 1232 3961 χαρισμάτων
1311 3883 1436 3952 εἰσὶ,
1513 3886 1575 3940 τὸ
1654 3881 1711 3939 δὶ
1783 3882 1915 3940 αὐτὸ

269 3973 520 4043 Πνεῦμα·
554 3971 697 4027 οὕτω
726 3973 871 4030 καὶὸ
913 3975 1104 4050 Πατὴρ
1151 3976 1180 4030 6
1229 3974 1390 4037 αὐτὸς
1441 3976 1534 4049 μὶν
1586 3972 1720 4042 ἔστι,
1773 3986 1917 4028 πλα-

266 4058 484 4114 τύνεται
518 4057 577 4116 δὲ
629 4061 704 4124 εἰς
736 4064 858 4118 Υἱὸν
890 4064 980 4119 καὶ
1011 4066 1246 4138 Πνεῦμα.
1292 4071 1444 4120 ’Ἐστι
1505 4061 1563 4120 δὲ
1616 4068 1779 4119 τοῦτο
1828 4083 1918 4136 με.-

266 4149 397 4222 ρτὸν
431 4150 677 4214 ἀτοπίας.
712 4151 775 4206 Εἰ
826 4152 927 4229 γὰρ
970 4153 1046 4216 ὡς
1095 4153 1185 4209 ἐπὶ
1231 4158 1330 4209 τοῦ
1377 4160 1724 4233 ΙΙνεὺματος,
1773 4151 1917 4207 οὕτω

264 4237 360 4293 καὶ
398 4236 486 4294 ἐπὶ
516 4244 612 4295 τοῦ
644 4244 779 4297 Θεοῦ
810 4244 919 4317 (63)
950 4241 1114 4298 ἐστιν’
1144 4238 1291 4300 ἔσται
1340 4244 1369 4299 6
1401 4245 1590 4318 Πατὴρ
1624 4244 1799 4318 Δόγος
1826 4239 1918 4297 καὶ

268 4329 500 4401 Πνεῦμα
531 4326 704 4407 ἅγιον,
737 4331 784 4403 ᾧ
811 4331 905 4403 μὲν
936 4332 1224 4408 γινόμενος
1255 4333 1370 4407 (74)
1400 4333 1592 4408 Πατὴρ
1630 4333 1678 4405 ᾧ
1707 4329 1766 4389 δὲ
1811 4334 1919 4390 Λό-

262 4436 383 4492 γος,
411 4417 458 4489 ᾧ
490 4414 549 4472 δὲ
579 4422 803 4492 Πνεῦμα
829 4419 966 4495 πρὸς
1010 4420 1110 4490 τὴν
1161 4419 1350 4498 χρείαν
1400 4420 1625 4476 ἑκάστου
1680 4421 1918 4496 ἁρμοζό-

270 4523 454 4578 μενος’
492 4506 584 4562 καὶ
619 4506 849 4582 ὀνόματι
885 4509 979 4582 μὶν
1012 4510 1138 4574 Υἱὸς
1164 4508 1254 4565 καὶ
1286 4511 1530 4585 Πνεῦμα,
1587 4514 1668 4583 τῷ
1699 4507 1756 4565 δὲ
1802 4506 1917 4566 ὄντι

269 4597 468 4672 Πατὴρ
522 4597 713 4670 μόνον·
769 4598 947 4674 ἀρχὴν
1005 4599 1102 4673 μὲν
1171 4595 1318 4675 ἔχων
1349 4600 1414 4655 τὸ
1469 4599 1712 4676 γίνεσθαι
1770 4601 1916 4671 Υἱὸς,

266 4683 582 4778 παυόμενος
618 4681 799 4778 ἰδὲ-τοῦ
830 4684 1075 4778 λέγεσθαι
1107 4688 1319 4778 ματήρθ
1351 4686 1601 4778 καὶμ(75)
1647 4686 1917 4778 ενανθρω-
1951 4711 2001 4778 D

265 4773 452 4842 πήσας
480 4774 573 4847 μὲν
609 4772 861 4848 ὀνόματι,
894 4778 961 4850 τῇ
993 4772 1052 4831 δὲ
1098 4773 1331 4849 ἀληθείᾳ
1362 4772 1504 4851 μηδὲ
1549 4774 1707 4849 ἱπιδη
1721 4779 1920 4853 μήσας·

2022 3432 2166 3489 bum
2195 3448 2267 3490 ex
2293 3432 2479 3489 nihilo
2508 3447 2662 3502 esse,
2692 3431 2995 3505 fuisseque
3019 3430 3334 3505 aliquando
3376 3446 3512 3488 cum
3561 3446 3679 3487 non

2022 3524 2192 3578 esset.
2218 3521 2443 3578 Insanit
2470 3520 2688 3593 pariter
2715 3519 3007 3589 Sabelius,
3040 3536 3175 3578 cum
3207 3520 3438 3577 Patrem
3467 3519 3677 3576 Filium

2023 3628 2173 3683 esse,
2207 3614 2265 3667 et
2292 3610 2502 3669 Filium
2534 3610 2763 3667 Patrem
2789 3624 2920 3667 esse
2950 3610 3150 3678 'docet,
3204 3625 3391 3666 unum
3439 3608 3679 3682 quidem

2023 3699 2348 3776 hypostasi,
2378 3700 2481 3757 sed
2512 3699 2747 3756 nomine
2777 3700 2965 3768 duos;
2998 3715 3154 3768 cum,
3198 3701 3265 3754 ut
3319 3714 3496 3755 suum
3545 3714 3683 3755 con-

2026 3790 2221 3847 ﬁrmet
2249 3789 2840 3861 errorem,dementer
2863 3790 2921 3845 et
2941 3802 3246 3861 perperam
3269 3786 3538 3861 exemplo
3554 3804 3679 3860 gra-

2026 3879 2119 3935 tias
2149 3878 2407 3952 Spiritus
2437 3877 2749 3934 utitur.Ait
2772 3877 2930 3934 enim
2956 3891 2971 3933 :
2996 3876 3507 3945 Quemadmodum
3537 3875 3682 3932 divi-

2024 3971 2204 4026 siones
2258 3976 2388 4025 sunt
2439 3969 2782 4040 gratiarum,
2814 3965 2962 4023 idem
2990 3969 3180 4022 autem
3207 3964 3450 4038 Spiritu:
3481 3963 3522 4000 ¹ί
3554 3979 3568 4018 :
3603 3963 3686 4020 ita

2026 4062 2083 4115 et
2110 4060 2284 4115 Pater
2312 4058 2470 4114 idem
2501 4055 2742 4130 quidem
2771 4063 2882 4125 est,
2915 4055 3018 4111 sed
3049 4053 3111 4110 in
3131 4052 3342 4111 Filium
3396 4057 3456 4111 et
3502 4052 3685 4124 Spiri-

2026 4152 2155 4205 tum
2186 4146 2483 4204 dilatatur.
2515 4148 2665 4203 Sane
2694 4145 2753 4201 id
2785 4142 3217 4216 perabsurdum
3247 4143 3354 4199 est.
3410 4141 3473 4199 Si
3521 4141 3681 4199 enim

2026 4237 2231 4296 eadem
2252 4240 2343 4294 est
2363 4235 2511 4292 ratio
2536 4234 2633 4292 Dei
2667 4238 2726 4291 et
2760 4232 3019 4306 Spiritus
3053 4249 3069 4290 :
3100 4229 3372 4304 sequitur
3398 4233 3465 4288 ut
3492 4230 3680 4301 Pater,

2025 4326 2284 4384 Verbum
2306 4326 2385 4383 sit
2403 4329 2463 4381 et
2481 4324 2732 4397 Spiritus
2753 4321 3108 4391 sanctus;ita
3136 4324 3201 4378 ut
3229 4335 3358 4378 sese
3386 4321 3461 4378 ad
3483 4320 3684 4393 cujus-

2027 4433 2141 4490 que
2162 4414 2567 4473 necessitatem
2589 4411 3066 4479 accommodans,
3085 4411 3258 4468 modo
3280 4410 3684 4468 sitPatermo-

2028 4509 2103 4564 do
2157 4506 2438 4577 Verbum,
2494 4504 2669 4560 modo
2725 4501 2980 4576 Spiritus
3012 4519 3026 4558 :
3059 4505 3236 4574 atque
3267 4501 3412 4558 adeo
3444 4501 3682 4558 nomine

2025 4601 2200 4653 tenus
2228 4594 2409 4651 Filius
2435 4592 2549 4650 erit
2574 4596 2634 4650 et
2661 4590 3010 4665 Spiritus,re
3039 4594 3240 4647 autem
3273 4605 3412 4647 vera
3430 4592 3687 4647 tantum-

2032 4687 2205 4745 modo
2236 4691 2419 4754 Paler,
2455 4682 2579 4756 qui,
2610 4687 2904 4755 quatenus
2933 4684 3025 4740 est
3069 4679 3275 4747 Filius,
3325 4678 3685 4753 principium

2032 4777 2266 4848 habeat,
2293 4791 2360 4833 ac
2387 4772 2556 4830 Pater
2577 4768 2861 4844 appellari
2886 4768 3120 4826 desinat
3152 4784 3167 4824 :
3198 4767 3350 4825 505
3406 4764 3509 4839 qui
3556 4764 3682 4822 solo

339 4918 363 4952 ⁶
384 4917 544 4975 Psal.
576 4934 756 4985 xxxn,
785 4920 841 4974 6.
918 4920 941 4955 ⁵
968 4918 1123 4977 Psal.
1145 4936 1284 4990 xcn,
1315 4922 1366 4977 1.
1441 4921 1463 4958 ⁸
1495 4921 1644 4978 Psal.
1674 4939 1823 4982 xm.
1859 4924 1910 4979 1.

2037 4921 2181 4979 ibid.
2212 4919 2269 4977 2.
2344 4918 2366 4954 ⁸
2397 4914 2548 4974 Psal.
2581 4929 2693 4984 cxx,
2725 4913 2782 4969 3.
2858 4913 2880 4950 ⁹
2906 4910 3109 4969 Matth.
3156 4925 3242 4981 ιιι,
3284 4908 3372 4964 17.
3451 4908 3495 4945 ίο
3536 4906 3680 4965 Gen.

267 5006 414 5056 xxu,
445 4990 501 5045 2.
582 4990 624 5027 ³1
658 4990 683 5047 Ι
711 4992 841 5049 Cor.
872 5007 976 5064 xu,
1006 4993 1060 5049 4.

340 5134 458 5205 (66)
492 5135 727 5207 Regius,
759 5132 805 5189 ei
834 5132 888 5188 ἐν
916 5138 1016 5192 τ’.
1047 5140 1176 5193 Mox
1220 5136 1376 5194 idem
1425 5140 1484 5193 et
1538 5141 1609 5193 Se
1651 5154 1774 5196 uer.
1808 5138 1917 5197 Ba-

299 5205 364 5261 il.
397 5211 456 5261 et
484 5206 793 5261 Anclican.
844 5206 909 5261 τὸ
951 5156 1354 5261 ιἴπιιοερόυενον
1411 5208 1496 5261 τὸ-
1542 5152 1916 5261 Ἐἕηοεόέατα

265 5205 459 5290 sii_._et
484 5205 806 5290 Αρείὶοεξι..
844 5206 909 5261 τὸ
965 5205 1354 5290 ἐπιφερόμενον
1411 5208 1496 5290 τρι.
1542 5205 1917 5285 Ἐἷηρεόξατο.

265 5277 470 5357 Aliiuet
486 5276 662 5357 editi,
688 5278 757 5357 τὸ
789 5276 1207 5357 ἐπιφερόμενον,
1237 5278 1612 5357 Ἐξηρεύξατυ.

2024 5122 2027 5125 ’
2096 5138 2378 5212 (γολειθε.
2403 5126 2864 5212 emensae},
2893 5129 2952 5183 et
2987 5125 3208 5198 Anglic.
3242 5119 3293 5179 εἷ’
3340 5122 3418 5197 μὴ
3480 5122 3677 5198 Λόγος.

2031 5196 2231 5267 usitati
2265 5196 2696 5278 efeditijeyM
2731 5200 2760 5254 ὁ
2789 5196 2987 5278 ᾼόγος.
3048 5196 3105 5278 _'_
3204 5273 3214 5278 _
3346 5196 3359 5278 ὲ

2102 5265 2216 5354 (71)
2245 5278 2457 5354 Regius
2486 5265 2546 5354 ét
2574 5265 2968 5354 Seguerian'us
2996 5270 3223 5327 addunt
3267 5265 3379 5338 καί,
3412 5267 3569 5342 quod
3617 5266 3682 5324 in

338 5349 626 5434 (67)MRegn.
680 5348 925 5434 Seguer'.
950 5348 1208 5434 "g'pbler.
1259 5348 1437 5434 Begu.
1471 5348 1537 5434 et
1566 5352 1923 5434 Anglicani
2032 5348 2669 5434 aliisnetneditiideest.

266 5421 302 5488 ἡ
335 5416 788 5500 καρ’δία.”οωῐθῐῖῖ
818 5428 875 5480 et
902 5419 1064 5495 editi,
1096 5422 1185 5479 καὶ
1234 5420 1450 5500 καρδία.
1498 5425 1642 5481 Ibid.
1663 5416 1920 5482 "Gobler.

266 5493 584 5565 σωματική.
1049 5493 1057 5495 “
1307 5493 1316 5500 ’

296 5634 310 5642 _
339 5564 457 5642 (68)
486 5567 906 5642 Beg.__8_eguer_.
944 5566 1121 5642 _Basil.
1152 5567 1383 5642 Anglic.
1416 5571 1474 5625 et
1530 5566 1761 5626 Gobler.
1820 5566 1920 5636 τὴν

268 5634 360 5710 είςί
380 5634 707 5710 αῦτόνῘΔΙὶἱ
733 5634 789 5695 ἐι
817 5638 983 5707 editi,
1015 5642 1093 5710 τῷ
1123 5637 1200 5700 sic;
1229 5634 1415 5694 α’ὖτόν.

341 5708 458 5783 (69)
489 5710 624 5788 Reg2
644 5708 1160 5788 .Seguer._Anglic.
1187 5711 1425 5788 goblner.
1456 5714 1535 5788 et,
1560 5709 1733 5788 Basil.
1767 5708 1920 5788 φησί,

271 5784 331 5836 et
349 5778 518 5850 'mox,
552 5778 784 5857 saetas.
817 5778 1106 5839 Caeteri'et
1136 5784 1301 5852 editi,
1329 5778 1457 5861 ἔφη,
1488 5786 1545 5840 et
1576 5782 1775 5854 Σάρας.

2102 5405 2700 5497 (ἦῖῖῐὶεςίηὸθευειςτ.
2734 5413 2911 5497 ξαείι.
2943 5413 3192 5497 Anglic.
3256 5410 3486 5471 Gobler.
3545 5405 3679 5486 φησὶ

2031 5482 2301 5571 γάρᾈᾷῐρ.
2327 5482 2447 5571 illi
2478 5482 2546 5571 et?
2563 5486 2725 5571 editi,
2758 5482 2859 5571 ἔφη
2890 5485 3014 5571 γάρ.
3053 5482 3081 5571 ἐ

2102 5557 2217 5637 (73)
2250 5565 2464 5637 Regius
2486 5566 2543 5618 et
2568 5557 2809 5637 Seguerl
2833 5557 2920 5613 ἐπὶ
2951 5557 3106 5613 Θεοῦ.

2102 5629 2970 5710 (74)Αοέιὶοαβυενῖίενόμενοξ·
3023 5701 3056 5710 ..
3153 5703 3163 5710 ,
3233 5702 3243 5710 .
3344 5696 3384 5710 ..
3490 5697 3539 5710 ..

2102 5695 2217 5783 (75)
2238 5695 2872 5783 Δ8ἱίίί1ἱθςῖυεξεξὲᾱειιὲικ
2906 5701 3081 5762 Basil.
3114 5703 3172 5758 et
3216 5696 3442 5772 Anglic.
3475 5697 3548 5754 At
3576 5695 3671 5754 alii

2032 5787 2090 5838 et
2110 5778 2254 5840 editi
2282 5778 2374 5837 καί
2400 5778 2699 5838 omittunt.
