4076 6366
298 499 418 562 509

1428 497 1721 560 ORATIO
1763 492 1843 559 ιν
1889 498 2200 558 CONTRA
2243 499 2608 566 ARIANOS.

3598 498 3719 563 510

297 633 401 700 τὴν
458 630 622 707 χεῖρά
678 652 772 685 σου
828 630 918 685 καὶ
973 630 1072 698 τὴν
1135 626 1307 701 δεξιάν
1362 648 1457 682 σου
1514 628 1574 682 ἐκ
1634 627 1800 700 μέσου
1855 631 1952 682 τοῦ

2069 628 2248 687 Filius
2277 632 2552 691 similiter
2581 636 2660 693 sit
2687 635 2746 692 in
2780 635 2950 703 sinu;
2981 635 3110 708 ipse
3157 635 3339 708 igitur
3392 633 3576 690 Filius
3629 638 3721 688 est

298 717 517 778 κόλπου
579 742 675 776 σου
704 747 717 787 ;
749 719 956 778 Οὐκοῦν
1008 719 1055 774 εί
1103 721 1138 788 ἡ
1189 719 1310 793 χεὶρ
1345 717 1395 772 ἰν
1427 722 1506 790 τῷ
1535 717 1749 790 κόλπῳ,
1778 716 1868 771 καὶ
1926 717 1953 770 6

307 810 434 874 Υἱὸς
486 809 538 866 έν
587 809 798 882 κόλπῳ,
835 811 862 864 6
915 810 1037 870 Υἱὸς
1087 806 1147 862 ἂν
1201 805 1283 876 είή
1316 809 1350 876 ἡ
1383 806 1530 881 χεὶρ,
1557 807 1646 860 καὶ
1679 807 1706 860 6
1737 804 1862 882 χεὶρ
1894 802 1952 860 ἂν

306 898 395 970 εἴη
446 902 473 954 6
526 900 668 966 Υἱὸς,
700 896 767 953 δι’
817 899 878 952 οὗ
937 897 1161 967 ἰποίησε
1208 899 1276 951 τὰ
1329 896 1502 950 πάντα
1557 897 1584 950 6
1642 896 1849 969 Πατήρ.
1895 895 1956 949 Ἥ

306 989 433 1066 χείρ
492 1010 588 1042 σου
645 988 769 1062 γὰρ,
835 986 1022 1065 φησὶν,
1083 985 1306 1056 ἐποίησε
1349 989 1517 1040 ταῦτα
1591 985 1784 1051 πάντα,
1841 981 1954 1051 xui,

307 1083 378 1152 τῇ
432 1078 580 1153 χειρὶ
641 1077 862 1152 έξήγαγε
1084 1075 1176 1130 τὸν
1236 1075 1366 1130 λαὸν
1445 1071 1638 1128 οὐκοῦν
1712 1070 1800 1127 διὰ
1860 1076 1958 1126 τοῦ

302 1169 456 1224 Υἱοῦ.
491 1167 555 1223 Εἰ
597 1164 654 1220 δὶ
709 1164 796 1219 καί
855 1166 989 1236 αὕτη
1047 1167 1081 1233 ἡ
1114 1167 1225 1238 (86)
1277 1163 1576 1224 ἀλλοίωσις
1625 1169 1724 1231 τῆς
1785 1159 1957 1231 δεξιᾶς

297 1261 397 1313 τοῦ
451 1256 720 1329 Ὑψίστου·
771 1255 861 1308 καὶ
920 1253 1108 1323 πάλιν,
1171 1252 1246 1315 εἷς
1296 1253 1358 1307 τὸ
1418 1252 1600 1320 τέλος,
1665 1251 1797 1325 ὑπὲρ
1848 1255 1954 1305 τῶν

299 1343 861 1416 ἀλλοιωθησομένων,
947 1341 1064 1415 ᾠδὴ
1145 1343 1277 1418 ὑπὲρ
1349 1347 1446 1396 τοῦ
1513 1343 1865 1414 Ἀγαπητοῦο
1928 1341 1956 1393 6

299 1435 612 1510 Ἀγαπητὸς
667 1431 769 1510 ἄρα
818 1432 960 1488 ἐστὶν
1013 1435 1047 1502 ἡ
1099 1431 1225 1508 χεὶρ
1279 1431 1670 1502 ἀλλοιωθεῖσα,
1713 1428 1836 1504 περὶ
1894 1429 1956 1482 06

2064 727 2361 792 manus,et
2386 740 2599 780 manus
2630 725 2891 782 vicissim
2923 728 3013 781 est
3044 725 3248 792 Filius,
3280 741 3384 797 per
3411 740 3582 795 quem
3615 722 3719 778 Pa-

2064 812 2155 865 ter
2185 812 2383 866 omnia
2415 814 2569 870 fecit.
2604 815 2751 870 Nam
2782 831 2983 870 manus
3011 817 3129 881 tua,
3162 813 3376 884 inquit,
3431 814 3562 883 fecit
3605 813 3722 869 haec

2066 899 2258 954 omnia
2307 900 2371 969 ³⁸,
2425 906 2482 957 οῖ
2530 919 2701 958 manu
2747 904 2937 958 eduxit
2979 903 3248 974 populum
3279 903 3342 970 ι’,
3377 918 3590 972 nempe
3618 916 3724 972 per

2064 985 2301 1043 Filium.
2332 993 2559 1047 Rursus
2590 991 2639 1047 si
2671 993 2789 1049 haec
2812 994 3049 1047 mutatio
3096 990 3337 1047 dexterae
3383 991 3603 1046 Excolat
3653 990 3720 1054 ³ο,

2065 1079 2142 1143 οῖ,
2193 1078 2250 1131 in
2298 1077 2467 1146 ﬁnem
2510 1096 2612 1152 pro
2662 1082 2731 1136 iis
2779 1083 2879 1154 qui
2904 1081 3410 1145 commutabunlur,
3441 1080 3723 1134 canticum

2061 1180 2164 1236 pro
2192 1167 2399 1223 Dilecto
2429 1168 2472 1203 ²¹
2511 1184 2525 1224 :
2557 1185 2687 1226 vere
2721 1186 2857 1241 ergo
2887 1170 3014 1240 ipse
3040 1169 3324 1239 Dilectus,
3362 1184 3576 1224 manus
3632 1171 3724 1223 est

2067 1269 2195 1324 quae
2226 1260 2454 1313 mutata
2486 1263 2596 1325 est,
2632 1259 2702 1314 de
2735 1276 2850 1331 quo
2883 1259 3084 1314 divina
3113 1274 3348 1329 quoque
3377 1274 3490 1313 vox
3518 1256 3725 1313 aitzﬂic

2064 1345 2144 1396 est
2171 1343 2345 1399 Filius
2374 1362 2529 1402 meus
2559 1347 2790 1404 dilectus
2820 1349 2888 1402 ²².
2937 1348 3094 1404 Idem
3139 1346 3320 1419 igitur
3367 1350 3478 1415 est,
3525 1363 3725 1402 manu:

2063 1447 2208 1498 mea,
2240 1437 2319 1505 et,
2351 1435 2450 1490 Hic
2476 1441 2554 1492 est
2582 1437 2757 1492 Filius
2782 1453 2955 1494 moue.

299 1533 392 1588 xui
454 1530 598 1606 λέγει
650 1534 685 1600 ἡ
733 1531 847 1594 θεία
895 1533 1044 1609 φωνή
1077 1549 1089 1561 '
1147 1528 1319 1591 Οὗτός
1369 1528 1510 1584 ἐστιν
1562 1528 1590 1583 6
1638 1529 1761 1588 Υἱός
1815 1547 1919 1599 μου
1967 1526 1996 1579 ὁ
2048 1527 2349 1601 ἀγαπητός.
2405 1533 2545 1587 Ἴσον
2610 1533 2714 1609 ἄρα
2788 1531 2956 1604 ἐστὶν,
3010 1531 3143 1603 αὕτη
3199 1534 3235 1602 ἡ
3281 1531 3406 1607 χείρ
3460 1551 3585 1604 μου,
3641 1535 3720 1604 τῷ

299 1623 476 1684 Οὗτος
512 1624 624 1695 (87)
655 1623 683 1676 6
714 1621 840 1682 Υἱός
876 1641 1002 1692 μου.

371 1713 462 1765 27.
497 1707 718 1778 Ἐπειδή
763 1707 820 1764 δέ
866 1729 1006 1771 τινες
1057 1709 1164 1763 τῶν
1214 1705 1576 1773 ἀπαιδεύτων,
1608 1707 1947 1782 ἀναιροῦντες

2125 1708 2215 1762 27.
2249 1709 2426 1767 Porro
2457 1713 2596 1782 quia
2637 1712 2887 1769 nonnull
2921 1711 3180 1785 imperiti
3209 1711 3422 1769 Filium
3453 1726 3582 1767 esse
3613 1726 3718 1767 ne-

297 1800 362 1854 16
391 1800 525 1854 εἴναι
556 1799 702 1865 Υίὸν,
735 1797 1068 1867 εὐτελίζουσι
1122 1798 1207 1860 τὸ,
1241 1798 1335 1852 Ἐκ
1384 1796 1614 1873 γαστρὸς
1665 1795 1770 1869 πρὸ
1825 1794 1954 1848 ἑωσ-

301 1887 475 1963 φόρου
529 1887 783 1964 ἰγέννησά
852 1909 929 1959 σε,
993 1887 1068 1949 ὡς
1117 1885 1176 1941 ἂν
1233 1885 1322 1941 ἰπὶ
1370 1889 1470 1951 τῆς
1523 1885 1729 1959 Μαρίας
1778 1882 1951 1958 ἁρμό-

303 1976 493 2046 ζοντος
538 1977 761 2048 τούτου,
803 1977 1096 2054 φάσκοντες
1148 1975 1254 2052 πρὸ
1305 1979 1403 2029 τοῦ
1453 1976 1679 2038 ἑωθινοῦ
1731 1973 1951 2047 ἀστέρος

301 2072 660 2140 γεγεννῆσθαι
693 2067 798 2138 (88)
845 2064 1006 2119 αὐτὸν
1056 2064 1161 2119 ἀπὸ
1210 2062 1441 2137 Μαρίας·
1481 2063 1556 2135 μὴ
1605 2063 1704 2138 γὰρ
1750 2062 1809 2116 ἂν
1865 2057 1952 2115 ἑπί

306 2159 443 2210 Θεοῦ
474 2154 732 2228 ἁρμόζειν
773 2153 1002 2228 γαστέρα
1052 2151 1249 2226 λέγειν·
1287 2150 1454 2227 ὀλίγα
1501 2151 1670 2206 εἰπεῖν
1721 2151 1950 2224 ἀνάγκη.

304 2242 370 2298 Ei
403 2243 498 2314 μὲν
528 2241 642 2314 οὗν,
677 2243 798 2319 δτιὴ
849 2241 1054 2317 γαστὴρ
1104 2240 1441 2314 ἀνθρώπινόν
1495 2239 1626 2307 έστι,
1661 2236 1750 2294 διὰ
1791 2243 1951 2293 τοῦτο

301 2329 600 2407 ἀλλότριον
633 2335 787 2386 Θεοῦ’
818 2328 989 2400 δῆλον
1025 2328 1107 2384 ὅτι
1139 2333 1250 2403 (89)
1281 2330 1369 2384 xui
1423 2333 1458 2399 ἡ
1503 2327 1696 2405 καρδία
1748 2329 1953 2401 ἀνθρώ-

300 2442 459 2475 πινον
521 2419 635 2496 ἔχει
683 2421 746 2475 τὸ
807 2419 1232 2493 σημαινόμενον.
1293 2415 1612 2475 Ἀκολουθεῖ
1692 2418 1796 2492 γὰρ
1863 2416 1954 2470 τὸν

305 2507 531 2586 καρδίαν
565 2507 763 2584 ἔχοντα
792 2511 903 2582 (90)
953 2507 1100 2583 ἔχειν
1152 2509 1242 2562 καὶ
1291 2505 1544 2583 γαστέρα.
1595 2503 1949 2584 Ἀμφοτέρων

304 2597 374 2667 δὴ
426 2597 781 2674 ἀνθρωπίνων
841 2593 1032 2662 ὄντων,
1063 2597 1098 2666 ἢ
1150 2598 1383 2672 ἀναιρεῖν
1441 2597 1688 2670 ἑκάτερον
1722 2594 1948 2668 ἀνάγκη,

302 2687 341 2756 ἢ
394 2686 714 2765 ἀμφοτέρων
763 2688 861 2756 τήν
915 2685 1152 2741 διάνοιαν
1207 2691 1384 2756 ζητεῖν
1433 2687 1569 2761 χρή.
1601 2686 1688 2746 Ὦς
1735 2685 1838 2759 γὰρ
1894 2682 1953 2737 ἐκ

300 2775 533 2851 καρδίας
592 2777 790 2851 Λόγος,
850 2775 1025 2838 οὕτως
1102 2775 1162 2830 ἐκ
1235 2776 1464 2852 γαστρὸς
1529 2776 1795 2849 γέννημα.
1852 2772 1951 2827 Καὶ

257 2866 512 2941 ’ὥσπερ,
568 2863 792 2942 καρδίας
867 2869 1000 2920 Θεοῦ
1074 2863 1402 2940 λεγομένης,
1459 2862 1556 2918 06x
1606 2860 1950 2937 ἀνθρωπίνην

301 2960 540 3028 νοοῦμεν
583 2955 772 3025 αὐτήν·
827 2955 1000 3015 οὕτως
1045 2953 1245 3025 1ἃν,έκ
1299 2953 1530 3028 γαστρὸς
1561 2953 1596 3021 ἡ
1639 2951 1824 3027 Γραφὴ
1869 2949 1952 3005 λέ-

2063 1806 2290 1867 ganles,
2318 1802 2749 1872 parvipendunt
2773 1803 2886 1858 ista
2910 1802 3107 1867 verba,
3137 1803 3222 1856 Ea:
3241 1805 3394 1858 utero
3423 1804 3551 1856 ante
3579 1801 3721 1855 luci-

2061 1887 2243 1952 ferum
2270 1891 2443 1958 genui
2469 1899 2680 1962 te,qum
2709 1891 2991 1946 nimirum
3025 1892 3096 1946 de
3127 1889 3308 1946 Maria
3336 1889 3539 1945 volunt
3563 1889 3717 1946 506

2062 1973 2333 2048 intelligi,
2368 1977 2651 2050 aiuntque
2681 1996 2815 2036 eum
2849 1995 2918 2034 ex
2947 1979 3127 2036 Maria
3173 1983 3306 2034 ante
3355 1978 3717 2034 matutinum

2062 2063 2229 2120 sidus
2258 2080 2388 2121 esse
2417 2067 2700 2137 genitum,
2729 2084 2834 2124 nec
2853 2068 2970 2123 Deo
2991 2068 3228 2124 attribui
3253 2084 3423 2139 posse
3449 2073 3714 2136 uterum;

2061 2168 2250 2224 pauca
2279 2156 2350 2210 de
2380 2155 2473 2212 his
2503 2155 2696 2212 dicere
2724 2157 2912 2212 visum
2947 2163 3038 2213 est
3068 2160 3486 2213 necessarium.
3513 2156 3717 2227 Itaque

2062 2241 2134 2310 si,
2166 2258 2233 2298 eo
2283 2245 2440 2315 quod
2491 2251 2694 2302 uterus
2743 2247 3068 2302 humanum
3119 2246 3401 2316 quiddam
3449 2250 3559 2310 est,
3609 2244 3715 2300 Dei

2063 2330 2321 2388 alienum
2353 2349 2482 2390 esse
2510 2334 2716 2390 volunt
2748 2352 2760 2390 :
2796 2335 2950 2390 haud
2984 2335 3160 2391 dubie
3190 2350 3290 2390 cor
3317 2334 3456 2389 item
3489 2333 3715 2404 aliquid

2062 2418 2394 2477 humanum
2425 2423 2738 2496 significat.
2771 2424 2880 2489 Qui
2910 2423 3066 2479 enim
3099 2441 3199 2480 cor
3241 2423 3437 2490 habet,
3478 2426 3713 2478 uterum

2062 2526 2297 2582 quoque
2327 2513 2447 2568 sive
2476 2518 2738 2569 ventrem
2770 2513 2985 2569 habeat
3013 2529 3252 2569 necesse
3281 2517 3388 2569 est.
3422 2514 3556 2578 Quas
3597 2512 3714 2567 duo

2061 2598 2263 2670 utique
2310 2600 2619 2657 hominum
2668 2603 2936 2658 membra
2989 2607 3129 2658 sunt
3178 2617 3191 2656 :
3241 2618 3307 2658 ac
3355 2601 3596 2673 proinde
3627 2599 3714 2656 vel

2062 2693 2380 2761 utrumque
2412 2694 2502 2746 est
2533 2689 2882 2758 tollendum,
2914 2690 3000 2746 vel
3021 2692 3266 2762 quinam
3298 2690 3376 2745 sit
3407 2689 3714 2760 utriusque

2061 2793 2274 2833 sensus
2293 2778 2769 2850 investigandum
2793 2784 2898 2835 est.
2937 2779 3008 2834 Ut
3029 2781 3183 2834 enim
3208 2796 3277 2835 ex
3321 2779 3493 2833 corde
3520 2778 3716 2850 prodit

2059 2865 2337 2936 Verbum,
2362 2867 2442 2922 ita
2458 2884 2526 2922 ex
2545 2874 2706 2924 utero
2726 2869 2878 2924 fetus
2902 2869 3108 2926 oritur.
3130 2871 3492 2939 Quapropter
3513 2882 3716 2936 quem-

2062 2956 2382 3010 admodum
2407 2973 2541 3012 cum
2564 2973 2664 3012 cor
2683 2957 2799 3012 Deo
2823 2957 3185 3022 attribuitur,
3207 2955 3350 3010 nihil
3385 2955 3710 3010 humanum

298 3067 373 3122 γῃ
403 3047 538 3117 (91),
566 3044 628 3099 οὐ
675 3044 990 3116 σωματικὴν
1048 3040 1130 3098 δεῖ
1172 3041 1371 3113 ταύτην
1428 3039 1762 3116 ἐκδέχεσθαι.
1791 3041 1950 3102 Ἕθος

2068 3044 2426 3115 cogitamus;
2481 3045 2564 3101 ita
2589 3045 2637 3100 si
2666 3043 2968 3117 Scriptura
2995 3045 3102 3100 hac
3133 3044 3408 3113 dictione,
3440 3059 3509 3100 ex
3539 3051 3711 3106 utero,

302 3134 409 3210 γὰρ
443 3137 510 3206 τῇ
567 3131 685 3204 θείᾳ
735 3136 920 3210 Γραφῇ
968 3132 1322 3208 ἀνθρωπίνως
1376 3131 1444 3186 τὰ
1488 3130 1617 3204 ὑπὲρ
1668 3128 1952 3204 ἄνθρωπον

2068 3134 2271 3202 utitur,
2293 3133 2440 3189 nihil
2463 3135 2557 3190 hic
2579 3151 2922 3206 corporeum
2943 3133 3392 3205 intelligendum
3414 3137 3522 3188 est.
3541 3131 3716 3188 Nem-

305 3220 500 3276 λαλεῖν
536 3221 662 3275 -καὶ
739 3221 1041 3293 σημαίνειν.
1100 3219 1321 3294 Ἀμέλει
1391 3219 1516 3294 περὶ
1572 3226 1672 3289 τῆς
1727 3217 1952 3280 κτίσεως

2068 3238 2134 3294 pe
2167 3239 2294 3278 mos
2327 3228 2417 3279 est
2445 3223 2656 3279 divina;
2687 3223 2999 3294 Scriptum
3031 3239 3120 3289 ea,
3152 3239 3280 3294 quis
3311 3237 3493 3292 supra
3521 3220 3714 3276 homi-

309 3307 678 3385 διηγούμενός
752 3329 935 3388 φησιν·
999 3311 1070 3366 Αἱ
1130 3311 1312 3385 χεῖρές
1389 3331 1484 3364 σου
1552 3307 1810 3377 ἐποίησάν
1865 3329 1952 3380 με,

2068 3327 2200 3366 nem
2231 3312 2656 3380 sunt,humano
2688 3329 2849 3368 more
2875 3311 3078 3367 efferre
3108 3317 3166 3367 et
3195 3310 3547 3382 signiﬁcare.
3571 3309 3720 3364 Hinc

302 3400 395 3454 xui
455 3394 690 3455 ἕπλασάν
756 3419 841 3472 με·
892 3400 1002 3468 καὶ,
1053 3405 1114 3454 Ἡ
1164 3398 1286 3474 χείρ
1351 3419 1454 3471 μου
1511 3397 1732 3467 ἐποίησε
1786 3400 1952 3451 ταῦτα

2068 3401 2134 3455 de
2167 3400 2457 3456 creatione
2488 3400 2570 3456 sic
2601 3399 2864 3472 loquitur
2895 3418 2908 3457 :
2941 3401 3130 3456 Manus
3162 3409 3268 3456 tuae
3319 3403 3577 3469 fecerunt
3633 3413 3721 3452 me

299 3490 518 3544 πάντα·
595 3488 725 3560 xui,
787 3488 953 3550 Αὐτὸς
1023 3487 1368 3560 ἐνετείλατο,
1425 3488 1514 3541 καὶ
1592 3484 1949 3555 ἰκτίσθησαν.

297 3577 680 3653 Ἀρμοζόντως
747 3579 850 3653 ἄρα
915 3578 1040 3653 περὶ
1111 3576 1336 3632 ἑκάστου
1390 3575 1664 3648 σημαίνει,
1710 3579 1807 3630 τοῦ
1861 3575 1954 3647 μὲν

295 3669 433 3722 Υίοῦ
461 3668 523 3721 τὸ
553 3664 690 3722 ἴδιον
721 3667 810 3721 καὶ
837 3667 899 3720 τὸ
930 3669 1180 3741 γνήσιον,
1215 3669 1314 3734 τῆς
1347 3663 1403 3720 δὲ
1442 3666 1667 3726 κτίσεως
1707 3664 1806 3732 τὴν
1858 3663 1951 3737 ἀρ-

300 3759 414 3831 χὴν
445 3761 542 3810 τοῦ
575 3757 726 3811 εἶναι.
761 3756 836 3810 Τὰ
889 3756 984 3828 μὶν
1040 3757 1146 3830 γὰρ
1191 3761 1339 3809 ποιεῖ
1387 3754 1475 3808 καὶ
1525 3753 1714 3823 κτίζει,
1747 3752 1837 3806 τὸν
1897 3748 1955 3806 Si

298 3850 460 3920 γεννᾷ
521 3846 572 3915 ἐξ
639 3846 829 3900 ἑαυτοῦ
903 3844 1099 3920 Λόγον,
1151 3843 1362 3922 σοφίαν.
1419 3843 1630 3919 Γαστήρ
1704 3842 1807 3917 γὰρ
1862 3842 1952 3895 καὶ

296 3932 496 4009 καρδία
545 3936 609 3989 τὸ
658 3931 795 3988 ἴδιον
851 3934 939 3988 καὶ
981 3935 1206 4009 γνήσιον
1260 3930 1512 4003 δηλοῦσι.
1558 3933 1652 3986 Καὶ
1709 3931 1809 4007 γὰρ
1861 3929 1952 3984 καὶ

299 4026 470 4095 ἡμεῖς
498 4023 560 4077 τὸ
598 4025 690 4096 μὲν
721 4025 942 4099 γνήσιον
975 4022 1033 4077 ἐκ
1059 4022 1286 4098 γαστρὸς
1340 4018 1564 4097 ἔχομεν,
1595 4022 1664 4076 τὰ
1711 4018 1770 4076 δὲ
1824 4015 1952 4096 ἔργα

303 4111 396 4167 διὰ
425 4113 613 4188 χειρὸς
645 4117 932 4185 ποιοῦμεν.

373 4294 464 4348 28.
496 4293 555 4345 Τί
612 4289 726 4359 οὖν,
759 4291 910 4369 φασὶ,
942 4291 1034 4345 καὶ
1082 4291 1166 4362 τὸ,
1200 4291 1306 4366 πρὸ
1339 4291 1450 4362 (92)
1478 4293 1575 4342 τοῦ
1628 4287 1947 4364 έωσφόρου;

300 4381 450 4454 Ἐγὼ
483 4378 530 4435 δ’
561 4379 620 4434 ἂν
658 4380 893 4452 εἴποιμι,
927 4379 972 4435 εί
1019 4379 1081 4434 τὸ
1129 4379 1235 4454 πρὸ
1283 4383 1379 4433 τοῦ
1430 4377 1710 4454 ὲωσφόρου
1753 4377 1948 4433 τούτου

301 4471 617 4541 θαυμαστὴν
652 4467 887 4524 δείκνυσι
923 4470 1022 4538 τὴν
1070 4467 1130 4523 ἐκ
1177 4467 1383 4542 Μαρίας
1438 4466 1714 4542 γέννησιν,
1744 4464 1949 4522 πολλοὶ
1981 4439 2028 4503 D

299 4561 390 4614 xui
436 4557 600 4614 ἄλλοι
645 4560 750 4632 πρὸ
796 4566 897 4628 τῆς
932 4561 1038 4630 (93)
1069 4561 1166 4612 τοῦ
1214 4557 1438 4630 ἀστέρος
1485 4554 1754 4620 ἀνατολῆς
1808 4554 1952 4631 ἐγεν-

300 4651 565 4718 νήθησαν.
599 4650 665 4705 Τί
712 4646 803 4704 06v
852 4647 1157 4719 θαυμαστὸν
1204 4645 1291 4701 ἰπὶ
1338 4645 1533 4700 τούτου
1589 4644 1824 4720 εἴρηται,
1867 4644 1948 4700 ὅτι

301 4737 377 4797 ὡς
433 4734 702 4811 ἐξαιρέτου
753 4735 899 4796 τινὸς
954 4734 1116 4789 αὐτοῦ
1173 4733 1528 4807 μνημονεύει,
1558 4737 1743 4788 κοινοῦ
1797 4728 1951 4796 ὄντος

300 4824 392 4880 xui
436 4825 523 4879 ἐπὶ
572 4823 798 4880 πολλῶν
831 4844 844 4892 ;
877 4828 1104 4879 Ἔπειτα
1152 4820 1392 4900 διαφέρει
1439 4821 1502 4877 τὸ
1545 4828 1796 4897 γεννῆσαι
1853 4826 1950 4877 τοῦ

302 4914 596 4989 ἐξαγαγεῖν.
652 4913 722 4968 T6
785 4913 879 4986 μὶν
935 4913 1038 4988 γὰρ
1081 4919 1333 4989 γεννῆσαι
1384 4911 1563 4988 ἀρχὴν
1618 4909 1735 4986 ἔχει
1790 4932 1951 4966 κατα-

304 4999 522 5072 ϐολῆς·
578 5004 640 5058 τὸ
700 4999 756 5058 δὲ
822 5001 1100 5078 ἐξαγαγεῖν
1163 4999 1317 5056 οὐδὲν
1377 4997 1557 5077 ἕτερόν
1612 4999 1752 5056 ἐστιν
1801 5002 1837 5070 ἢ
1888 5003 1948 5057 τὸ

307 5091 554 5166 ὑπάρχον
611 5097 957 5168 προαγαγεῖν.
1019 5091 1080 5148 Εἰ
1135 5091 1316 5147 τοίνυν
1379 5089 1466 5145 ἐπὶ
1542 5094 1639 5145 τοῦ
1697 5091 1946 5164 σώματος

376 5210 420 5244 ⁸⁸
449 5209 563 5266 Isa.
598 5226 746 5278 LXVI,
775 5209 830 5266 2.
945 5209 988 5244 ιθ
1022 5209 1185 5264 Deut.
1214 5224 1314 5274 v11,
1345 5208 1398 5262 8.

299 5298 498 5348 cxvm,
526 5281 618 5337 73.
697 5282 744 5315 ²⁴
774 5282 884 5337 Isa.
919 5296 1063 5348 vax,
1094 5281 1148 5334 2.
1226 5279 1271 5314 ³³
1300 5278 1454 5336 Psal.
1492 5295 1720 5350 cxnvln,
1750 5280 1804 5336 5.

371 5398 487 5472 (85)
516 5399 609 5454 Sic
668 5399 883 5470 Regius
941 5403 998 5454 et
1053 5398 1295 5470 Seguer.
1330 5403 1407 5452 At
1447 5396 1546 5453 alii
1588 5403 1647 5453 et
1674 5397 1839 5465 editi,
1872 5394 1954 5466 ἐξ·

298 5473 526 5546 ἤγαγες-

371 5545 489 5616 (86)
518 5542 582 5616 '_H
612 5542 780 5616 abest
810 5540 882 5616 ab
916 5540 1223 5616 anglican.

374 5611 490 5686 (97)
519 5613 758 5686 Regius,
788 5611 872 5677 16,
907 5611 1101 5686 Οῦτος.

379 5682 702 5770 (Βᾷμίιῇι.
743 5689 800 5740 οῖ
848 5684 1071 5770 ᾼιιςιίο.
1116 5683 1427 5770 γεχνῆσθαι,
1489 5683 1786 5739 mendose.
1840 5682 1960 5738 Alii

306 5764 368 5814 et
388 5755 575 5813 editio
606 5755 888 5814 Commel.
923 5755 1291 5829 feyevvﬁeﬁut.

381 5829 499 5900 (89)
528 5832 668 5902 Reg.
700 5822 946 5900 Seguer
972 5822 1030 5885 et
1059 5827 1288 5886 Gobler.
1324 5822 1604 5896 δηλονότι.

1512 5207 1558 5242 ³ο
1583 5206 1738 5263 Psal.
1771 5225 1960 5279 LXXVI,
1994 5211 2080 5266 11.

2060 3494 2114 3545 et
2136 3491 2521 3560 formaverunt
2539 3506 2626 3546 me
2646 3490 2990 3556 ";et,l!anu.s
3010 3507 3141 3545 mea
3159 3491 3289 3560 fecit
3307 3495 3422 3544 hmo
3449 3489 3636 3544 omnia
3652 3487 3717 3554 ²⁴;

2062 3583 2140 3644 et,
2162 3581 2254 3651 Ipe
2276 3580 2582 3645 mandavit,
2605 3589 2656 3636 et
2683 3585 2871 3635 creata
2897 3589 3024 3634 sunt
3053 3580 3116 3634 ³⁵.
3151 3577 3384 3634 Scilicet
3413 3575 3721 3649 aptissime

2062 3668 2296 3736 singula
2353 3669 2611 3736 denotat,
2647 3685 2778 3724 cum
2811 3673 2867 3723 et
2897 3667 2954 3722 id
2988 3669 3141 3738 quod
3174 3666 3302 3722 Filii
3328 3665 3633 3737 proprium
3666 3670 3722 3718 et

2062 3772 2409 3829 germanum
2437 3763 2529 3813 est
2558 3757 2853 3829 exprimit,
2879 3763 2936 3812 et
2964 3773 3058 3812 res
3087 3762 3312 3812 creatas
3342 3755 3565 3811 indicat
3594 3771 3724 3810 esse

2062 3845 2390 3916 inccepisse.
2424 3846 2572 3900 Nam
2597 3847 2705 3901 has
2735 3845 2968 3916 quidem
3002 3845 3141 3900 facit
3169 3850 3228 3900 et
3265 3849 3458 3910 creat;
3509 3843 3720 3898 Filium

2062 3939 2259 3990 autem
2284 3951 2352 3990 ex
2371 3934 2566 4006 seipso
2591 3935 2844 3989 Verbum
2868 3939 2925 3989 et
2945 3933 3306 4004 Sapientiam
3347 3933 3555 4004 gignit.
3593 3931 3720 3987 Ute-

2063 4040 2166 4079 rus
2197 4008 2363 4079 enim.
2387 4029 2445 4078 et
2465 4039 2566 4079 cor
2596 4023 2900 4096 proprium
2933 4027 2991 4078 et
3018 4038 3221 4078 verum
3254 4022 3436 4075 fetum
3489 4019 3721 4089 signifi-

2060 4117 2214 4168 cant.
2273 4113 2578 4185 Siquidem
2638 4129 2743 4168 nos
2774 4128 2973 4167 verum
3013 4111 3200 4167 fetum
3234 4108 3620 4181 producimus
3651 4125 3722 4164 ex

2060 4205 2225 4256 utero
2260 4219 2274 4256 :
2307 4217 2486 4273 opera
2516 4205 2712 4256 autem
2744 4217 2922 4256 manu
2957 4201 3268 4254 efﬁcimus.

2129 4290 2220 4346 28.
2253 4291 2402 4356 Quid
2431 4289 2614 4345 velint
2642 4290 2842 4360 igitur,
2876 4288 3175 4359 inquiunt,
3208 4287 3558 4358 hujusmodi
3587 4301 3719 4342 ver-

2004 4371 2020 4449 ξ
2060 4379 2152 4448 ba,
2185 4383 2316 4435 ante
2345 4380 2679 4447 luciferum?
2707 4378 2934 4444 Quibus
2969 4393 3074 4449 ego
3105 4375 3344 4447 quidem
3403 4377 3719 4446 responde-

2061 4469 2194 4534 rim,
2216 4469 2266 4524 si
2297 4468 2458 4525 hisce
2488 4468 2704 4532 verbis,
2728 4476 2854 4523 ante
2883 4467 3360 4539 luciferum,-‘ejus
3393 4465 3720 4521 mirabilem

2059 4575 2127 4614 ex
2155 4557 2336 4614 Maria
2362 4562 2558 4613 ortum
2590 4556 2908 4630 signiﬁcari
2935 4561 3162 4629 putent,
3196 4555 3530 4627 complures
3573 4553 3723 4610 alios

2059 4654 2196 4703 ante
2225 4646 2437 4702 sideris
2466 4651 2656 4702 ortum
2694 4645 2876 4701 fuisse
2913 4645 3162 4719 genitos.
3195 4643 3343 4708 Quid
3394 4643 3576 4716 igitur
3624 4642 3720 4697 hic

2060 4735 2449 4792 admiratione
2481 4735 2729 4805 dignum
2760 4733 3142 4802 occurrit,ubi
3173 4737 3371 4788 tamen
3403 4731 3581 4784 veluti
3603 4731 3717 4785 sin-

2059 4825 2283 4898 gularis
2314 4830 2372 4880 et
2397 4823 2650 4896 insignis
2681 4822 2935 4894 alicujus
2968 4823 3050 4878 rei
3083 4823 3148 4876 ﬁt
3192 4820 3434 4886 mentio,
3484 4834 3618 4874 cum
3659 4819 3716 4873 id

2058 4913 2332 4988 plurimis
2363 4913 2438 4968 sit
2471 4910 2829 4968 commune?
2859 4912 3098 4978 Deinde,
3133 4909 3289 4964 aliud
3325 4911 3413 4962 est
3463 4905 3720 4978 gignere,

2058 5005 2218 5060 aliud
2277 5004 2544 5059 educere.
2606 5007 2748 5057 Nam
2806 5001 3046 5074 gignere
3087 4999 3343 5071 incipere
3370 5000 3462 5052 est
3492 4993 3716 5066 aliquid

2059 5108 2408 5167 procreare:
2442 5093 2691 5148 educere
2751 5095 2947 5146 autem
2981 5087 3132 5143 nihil
3183 5086 3341 5144 aliud
3399 5089 3489 5142 est
3543 5101 3722 5157 quam

2193 5211 2233 5245 ’ί
2267 5207 2419 5266 Psal.
2451 5224 2600 5278 χειν,
2631 5206 2683 5263 1.
2795 5205 2842 5240 ¹²
2882 5203 3086 5260 Matth.
3137 5220 3221 5272 ιιι,
3273 5203 3359 5259 17.
3473 5201 3518 5237 ²⁸
3562 5199 3718 5258 Psal.

2280 5398 2418 5485 Pteg.
2453 5399 2794 5486 etNSeg'uer.
2825 5393 2915 5448 16v
2966 5389 3188 5469 καρδίαν
3242 5386 3459 5466 ἔχοντα.
3506 5389 3617 5445 Alii
3663 5394 3721 5444 et

2069 5463 2207 5526 editi
2221 5463 2242 5536 ,⁷
2267 5463 2618 5541 τήν-καρδίαν
2636 5463 2874 5541 ῗχοντα.

2141 5532 2254 5612 (8t)
2284 5532 2378 5597 Sic
2435 5532 2598 5612 Reg._
2636 5532 2873 5611 Se'guer.
2930 5536 3105 5593 Basil.
3159 5540 3218 5590 et
3268 5533 3487 5605 Anglic.
3518 5532 3720 5589 Castori

2070 5607 2266 5669 autem
2298 5615 2357 5668 et
2381 5607 2551 5686 editi,
2585 5607 2754 5686 λέγεῐ.

2144 5685 2250 5768 (2?!
2281 5680 2590 5768 ῐὲράξιοθει
2616 5676 2822 5768 93168-
2855 5676 3393 5768 S°SPeE-..B§‘i_';,?i
3421 5676 3643 5768 Αηεεὲίοε

2143 5749 2256 5824 (93)
2284 5749 2376 5810 Sic
2407 5758 2545 5828 Reg.
2577 5760 2634 5812 et
2657 5749 2996 5828 Segﬁer._At
3012 5751 3123 5828 alii
3155 5755 3212 5807 et
3240 5749 3403 5828 editi,
3435 5749 3555 5825 περὶ
3596 5754 3716 5816 τῆς.

2074 5821 2204 5888 Μόι
2236 5821 2375 5902 Reg.
2405 5833 2466 5885 et
2489 5821 2826 5901 ἒοΒιιΘΓῘΤί
2857 5822 2947 5881 οῦν
2977 5821 3040 5880 τὸ
3072 5821 3397 5897 θαυμαστόν.
