4076 6346
391 373 510 434 515

945 374 1009 437 S.
1056 376 1484 440 ATHANASII
1527 380 1698 440 OPP.
1747 375 1944 439 PARS
1989 375 2035 434 Ι.
2074 402 2151 420 -
2180 369 2592 434 HlS'l‘ORlCA
2642 372 2743 436 ET
2786 375 3263 440 DOGMATICA.

3686 385 3805 446 516

394 506 526 560 dem
560 511 711 563 recte
742 507 980 579 protulit
1011 513 1237 575 Petrus,
1273 511 1370 564 sed
1407 527 1674 582 perverse
1706 511 1817 582 ipsi
1862 511 2028 561 inter

2153 500 2262 562 λῶς
2299 503 2393 573 μὲν
2427 503 2455 554 ὁ
2488 503 2684 576 ,Πέτρος
2734 504 2900 573 εἶπεν,
2954 507 3104 561 αὐτοῖ
3153 505 3207 562 δὲ
3237 515 3414 571 κακῶς
3466 509 3800 588 ἐκδέχονται.

394 599 736 666 pretantur;
784 601 923 652 sunt
952 601 1147 651 autem
1196 597 1542 668 hujusmodi
1575 615 1588 653 :
1636 598 1864 655 Verbum
1891 597 2045 650 misit

393 685 534 738 Deus
561 683 702 753 ﬁliis
731 684 922 755 Israel,
953 688 1300 741 annuntians
1339 702 1529 756 pacem
1556 703 1655 759 per
1679 689 1864 744 Iesum
1885 683 2042 739 Chri-

389 777 555 828 stum.
608 773 704 828 Hic
750 781 831 829 est
881 777 1134 829 omnium
1186 776 1448 831 Dominus
1498 775 1566 833 ⁸³.
1613 777 1833 846 Nempe
1879 773 2045 829 aiunt

391 863 646 916 Verbum
699 861 784 916 ita
832 877 937 934 per
978 861 1275 918 Christum
1327 864 1592 920 locutum
1641 880 1794 931 esse,
1835 879 1902 918 ac
1940 877 2044 933 per

391 950 705 1022 prophetas
736 950 980 1019 aientes,
1012 953 1137 1008 Haec
1162 954 1300 1009 dicit
1326 955 1590 1010 Dominus
1611 971 1630 1009 :
1661 953 1843 1008 alium
1882 950 2041 1007 enim

387 1039 572 1095 fuisse
601 1039 969 1112 prophetam,
1003 1045 1062 1096 et
1109 1041 1292 1098 alium
1348 1041 1685 1098 Dominum.
1722 1046 1938 1096 Verum
1970 1039 2041 1096 ad

386 1128 445 1184 id
478 1144 793 1201 possumus
841 1145 1121 1201 reponere
1165 1131 1288 1186 haec
1330 1131 1507 1186 verba
1538 1132 1739 1202 prima:
1771 1127 2041 1202 Epistolas

388 1219 460 1273 ad
501 1217 870 1274 Corinthios:
932 1220 1319 1289 Exspectantes
1377 1221 1771 1275 reuelationem
1817 1219 2044 1274 Domini

387 1309 563 1362 nostri
591 1307 718 1362 Jesu
746 1306 977 1375 Christi,
1009 1309 1105 1378 qui
1151 1313 1207 1363 et
1251 1309 1600 1378 confirmabit
1647 1324 1736 1364 vos
1785 1323 1953 1379 usque
1983 1308 2042 1362 in

387 1398 553 1466 ﬁnem
580 1397 699 1450 sine
728 1397 985 1459 crimine.
1019 1398 1078 1451 in
1121 1398 1217 1452 die
1262 1399 1494 1453 Domini
1530 1400 1708 1454 nostri
1735 1399 1860 1453 Jesu
1880 1397 2040 1451 Chri-

384 1487 462 1540 sti
489 1485 555 1540 ⁸³.
589 1488 665 1538 Ut
693 1485 850 1540 enim
903 1501 1017 1540 non
1048 1486 1199 1541 alius
1247 1485 1518 1542 Christus
1558 1485 1799 1542 alterius
1829 1485 2041 1542 Christi

387 1573 540 1628 diem
575 1573 904 1642 confirmat,
946 1575 1046 1630 sed
1097 1575 1224 1646 ipse
1277 1576 1336 1630 in
1370 1577 1461 1630 sui
1493 1576 1683 1646 ipsius
1713 1576 1808 1632 die
1837 1591 2039 1648 exspe-

387 1665 614 1718 ctantes
644 1662 990 1720 confirmat:
1026 1665 1107 1719 ita
1132 1667 1303 1720 Pater
1333 1665 1496 1719 misit
1525 1664 1778 1720 Verbum
1802 1680 2037 1720 carnem

385 1751 626 1820 factum,
660 1757 726 1808 ut
770 1752 946 1808 homo
999 1751 1190 1808 factus
1235 1769 1340 1825 per
1385 1752 1645 1821 seipsum
1679 1753 2037 1825 pradicaret.

385 1840 529 1897 Hinc
559 1845 712 1896 recte
744 1840 963 1911 subdit,
998 1843 1094 1897 llic
1142 1845 1219 1897 est
1269 1843 1516 1897 omnium
1543 1841 1842 1896 Dominus:
1875 1840 2037 1913 atqui

384 1928 651 1986 omnium
688 1929 970 1986 Dominus
1003 1929 1249 1987 Verbum
1281 1935 1391 1987 est.

455 2215 544 2271 31.
576 2215 640 2269 Et
669 2213 814 2270 dixit
844 2216 1054 2286 Moyses
1103 2213 1172 2269 ad
1217 2215 1436 2270 Aaron:
1482 2214 1684 2270 Accede
1737 2214 1807 2269 ad
1835 2214 2032 2283 altare,

381 2313 434 2362 et
461 2307 560 2376 fac
609 2304 945 2374 sacriﬁcium
993 2319 1092 2373 pro
1130 2312 1348 2375 peccato
1377 2307 1488 2372 tuo,
1521 2307 1573 2360 et
1610 2305 1745 2376 oﬂer
1774 2303 2033 2360 holocau-

379 2404 528 2450 stum
559 2403 732 2457 tuum,
772 2401 822 2447 et
879 2391 1174 2463 deprecare
1217 2409 1320 2464 pro
1351 2402 1402 2448 te
1447 2402 1498 2448 et
1525 2409 1621 2464 pro
1651 2393 1805 2448 domo
1836 2401 1950 2461 tua,
1981 2402 2035 2448 et

375 2484 469 2553 [ac
496 2482 638 2538 dona
666 2482 881 2554 pepuli,
931 2486 981 2538 et
1013 2482 1307 2553 deprecare
1347 2497 1445 2553 pro
1478 2483 1612 2549 illis,
1664 2485 1806 2537 sicut
1830 2497 2033 2550 praece-

375 2573 462 2644 pit
493 2573 757 2627 Dominus
787 2571 958 2642 Moysi
987 2571 1050 2624 ³³.
1103 2572 1243 2625 Ecce
1301 2570 1396 2625 hic
1455 2570 1724 2642 quamvis
1772 2588 1927 2625 unus
1957 2571 2035 2626 sit

379 2666 624 2731 Moyses,
654 2665 849 2715 tamen
883 2659 1009 2731 ipse
1039 2663 1263 2732 Moyses
1297 2659 1451 2714 velut
1486 2661 1555 2714 de
1587 2659 1700 2714 alio
1733 2663 1924 2732 Moyse
1949 2661 2032 2714 di-

377 2751 478 2819 cit,
513 2751 666 2806 Sicut
692 2752 951 2822 prmcepit
984 2751 1248 2805 Dominus
1272 2752 1475 2824 Moysi.
1509 2751 1604 2806 Sic
1640 2765 1777 2822 ergo
1800 2749 2030 2806 etiamsi

379 2841 584 2896 beatus
617 2841 822 2896 Petrus
854 2839 1116 2894 divinum
1149 2839 1405 2896 Verbum
1441 2839 1582 2895 filiis
1617 2839 1792 2896 Israel
1825 2839 2031 2912 perJe-

378 2946 510 2987 sum
539 2929 836 2985 Christum
874 2929 1121 2985 missum
1152 2946 1283 2985 esse
1314 2929 1492 3000 dicat,
1525 2946 1640 2985 non
1673 2930 1888 2984 idcirco
1909 2930 2030 2986 exi-

377 3019 740 3075 stimandum
771 3023 860 3074 est
906 3019 1066 3074 aliud
1118 3034 1246 3075 esse
1296 3018 1553 3074 Verbum
1601 3023 1655 3073 et
1687 3018 1866 3074 alium
1899 3034 2028 3075 esse

376 3107 695 3178 Christum,
745 3107 845 3162 sed
899 3123 1082 3162 unum
1133 3108 1524 3179 eumdemque
1581 3122 1732 3174 esse,
1792 3111 2029 3180 propter

378 3212 548 3253 suam
582 3211 791 3266 nempe
838 3211 972 3250 cum
1025 3195 1288 3251 humana
1343 3201 1572 3265 natura,
1623 3211 1797 3268 quam
1830 3195 2028 3253 divina

378 3284 549 3358 plane
580 3283 942 3356 benignitate
972 3289 1029 3339 et
1079 3284 1390 3340 clementia
1421 3286 1746 3356 assumpsit
1775 3286 2024 3356 conjun-

377 3375 629 3430 ctionem
657 3389 670 3430 :
707 3373 808 3444 qui
841 3372 890 3428 si
945 3373 1121 3428 etiam
1155 3372 1466 3444 dupliciter
1495 3373 1874 3446 intelligatur,
1906 3390 2022 3430 non

375 3463 459 3519 ita
489 3466 683 3518 tamen
718 3466 781 3516 ut
812 3462 1064 3517 Verbum
1094 3467 1428 3532 separatum
1451 3461 2024 3533 concipiatur,sicuti

373 3552 541 3607 docet
571 3550 805 3606 divinus
835 3550 1092 3607 Joannes
1124 3567 1255 3605 cum
1290 3551 1389 3618 ait,
1424 3554 1500 3606 Et
1529 3552 1751 3606 verbum
1779 3567 1904 3607 caro
1931 3555 2022 3624 fa-

369 3648 516 3698 ctum
545 3644 642 3705 est,
674 3644 723 3695 et
753 3639 1023 3696 habitavit
1055 3643 1112 3696 in
1142 3641 1298 3696 nobis
1330 3641 1393 3695 ³⁸.
1430 3641 1626 3713 Itaque
1655 3641 2023 3714 quandoqui-

371 3731 505 3786 dem
536 3729 616 3796 id,
649 3729 800 3801 quod
835 3730 1108 3801 praeclare
1139 3746 1206 3785 ac
1257 3734 1412 3786 recte
1452 3746 1485 3786 a
1517 3730 1686 3786 beato
1741 3731 1904 3786 Petro
1933 3731 2022 3786 di-

368 3823 527 3876 ctum
550 3824 657 3889 est,
685 3818 836 3874 male
858 3835 924 3874 ac
946 3835 1214 3891 perverse
1235 3819 2021 3891 intelliguntSamosatensis

368 3907 663 3981 discipuli,
700 3912 855 3980 patet
888 3907 1018 3964 illos
1055 3909 1111 3963 in
1147 3908 1389 3964 veritate
1423 3925 1536 3964 non
1572 3913 1725 3965 stare
1747 3909 1807 3963 ³⁸.
1844 3909 2020 3965 Nam-

368 4013 480 4071 que
510 3997 776 4054 Christus
809 3998 867 4052 in
898 3998 1196 4070 Scriptura
1229 4014 1398 4054 sacra
1431 4003 1749 4070 utrumque
1780 4015 1909 4054 esse
1939 3999 2020 4054 si-

365 4087 696 4160 gniﬁcatur,
732 4091 794 4143 ut
842 4104 977 4142 cum
1023 4087 1256 4157 dicitur,
1312 4087 1560 4142 Christus
1608 4089 1711 4143 Dei
1759 4090 1934 4142 virtus
1963 4096 2020 4144 et

365 4177 464 4232 Dei
489 4177 771 4248 sapientia
799 4176 863 4231 ³⁵.
915 4177 1198 4240 Quocirca
1242 4193 1376 4232 cum
1413 4181 1615 4232 Petrus
1647 4175 1727 4231 ait
1760 4177 2016 4232 Verbum

362 4281 466 4337 per
493 4265 697 4322 Jesum
728 4264 1027 4320 Christum
1061 4265 1314 4322 missum
1359 4281 1488 4321 esse
1519 4265 1592 4321 ad
1628 4263 1779 4320 filios
1815 4264 2017 4336 Israel,

362 4353 472 4410 hoc
500 4352 756 4409 indicare
808 4353 1193 4426 intelligatur,
1245 4371 1454 4427 nempe
1487 4354 1744 4410 Verbum
1780 4369 2015 4410 carnem

361 4443 580 4499 factum
614 4441 750 4497 filiis
785 4442 962 4498 Israel
994 4443 1360 4515 apparuisse,
1395 4448 1461 4498 ut
1487 4443 1698 4499 Joanni
1735 4447 2017 4499 consonet

359 4530 601 4599 dicenti,
633 4531 697 4586 Et
721 4531 946 4586 Verbum
977 4547 1106 4587 caro
1125 4533 1343 4602 factum
1372 4540 1450 4588 est
1464 4532 1528 4584 ³⁷.
1553 4531 1613 4588 Si
1635 4547 1767 4587 vero
1789 4532 2014 4588 dictum

2150 592 2301 646 Ἔστι
2360 589 2416 645 δὲ
2469 596 2672 646 τοῦτο·
2730 594 2839 649 Τὸν
2916 596 3087 672 Λόγον
3161 598 3442 654 ἀπέστειλε
3491 607 3607 663 τοῖς
3665 603 3804 666 υἱοῖς

2149 679 2367 755 Ἰσραὴλ
2417 726 2434 752 ,
2517 681 3003 756 εὐαγγελιζόμενος
3102 685 3321 762 εἰρήνην
3425 685 3514 743 διὰ

2152 774 2385 858 Χριστοῦ
2419 813 2433 826 .
2490 771 2664 858 Οὗτός
2723 773 2832 826 ἐστι
2893 775 3105 828 πάντων
3166 775 3390 850 Κύριος.
3451 779 3589 834 Φασὶ
3646 781 3747 858 γὰρ
3782 829 3799 855 ,

2151 857 2226 919 ὡς
2256 863 2354 913 τοῦ
2385 859 2565 934 Λόγου
2616 857 2705 914 διὰ
2755 867 2988 936 Χριστοῦ
3037 862 3402 935 λαλήσαντος,
3434 867 3507 930 ὡς
3561 871 3649 923 καὶ
3710 869 3799 926 ἐπὶ

2149 951 2255 1000 τῶν
2289 946 2780 1026 προφητῶν,Τάδε
2831 949 2974 1025 λέγει
3032 953 3254 1026 Κύριος·
3308 954 3477 1017 ὀιλλος
3525 959 3619 1029 μὶν
3670 962 3734 1028 ἦν
3769 960 3798 1015 6

2149 1039 2462 1113 προφήτης,
2521 1036 2692 1100 ἄλλος
2750 1035 2807 1092 δὲ
2859 1041 2887 1092 ὁ
2945 1040 3168 1116 Κύριος.
3233 1042 3404 1098 Ἀλλά
3449 1046 3587 1120 πρὸς
3635 1053 3797 1104 τοῦτο

2151 1123 2342 1197 ὅμοιόν
2395 1125 2536 1180 ἐστιν
2587 1127 2905 1190 ἀντιτιθέναι
2954 1132 3068 1202 (12.)
3117 1131 3178 1185 τὸ
3227 1130 3278 1186 ἐν
3310 1137 3378 1206 τῇ
3428 1134 3619 1210 πρώτῃ
3663 1138 3799 1212 πρὸς

2151 1215 2468 1288 Κορινθίους
2503 1234 2516 1248 ⁸
2561 1215 3068 1292 ’Δπεκδεχομένους
3127 1222 3238 1293 (13)
3312 1223 3410 1290 τήν
3489 1222 3737 1281 ἀποκάλυ
3772 1261 3795 1270 -

2149 1305 2238 1376 ψιν
2297 1309 2398 1358 τοῦ
2473 1304 2675 1380 Κυρίου
2745 1309 2905 1378 ἡμῶν
2973 1309 3161 1378 -Ίησοῦ
3227 1311 3509 1383 Χριστοῦ“
3573 1314 3630 1376 ὃς
3705 1315 3798 1370 καὶ

2153 1387 2440 1467 βεϐαιώσει
2511 1394 2646 1465 ὑμᾶς
2721 1392 2826 1456 ἓως
2903 1393 3094 1458 τέλους
3168 1397 3533 1473 ἀνεγκλήτους
3599 1401 3650 1457 έν
3726 1409 3795 1479 τῇ

2148 1482 2330 1556 ἡμέρᾳ
2381 1486 2478 1536 τοῦ
2540 1482 2738 1557 Κυρίου
2799 1485 2957 1555 ἡμῶν
3022 1486 3200 1555 Ἰησοῦ
3249 1489 3508 1562 Χριστοῦ.
3557 1491 3642 1553 Ὡς
3693 1492 3795 1568 γὰρ

2149 1569 2248 1657 οὐκ
2286 1568 2457 1630 ἄλλος
2503 1571 2732 1644 Χριστὸς
2785 1570 2968 1647 ἑτέρου
3017 1575 3254 1647 Χριστοῦ
3300 1577 3401 1645 τήν
3445 1580 3652 1654 ἡμέραν
3707 1582 3798 1657 βε-

3620 692 3802 762 Ἰησοῦ

2101 1659 2104 1662 ’
2149 1652 2318 1725 Getici,
2368 1657 2494 1713 ἀλλ’
2542 1657 2702 1720 αὐτὸς
2752 1662 2863 1731 (14)
2913 1658 2965 1714 έν
3009 1660 3078 1736 τῇ
3127 1662 3319 1718 ἑαυτοῦ
3361 1652 3799 1743 ἡμέρᾳ-βεϐαιοῖ

2144 1745 2271 1809 τοὺς
2330 1743 2801 1822 ἀπεκδεχομένους
2836 1767 2848 1780 °
2906 1749 3047 1804 οὕτω
3098 1753 3191 1806 τὸν
3248 1753 3425 1829 Λόγον
3479 1755 3792 1814 ἀπέστειλαν

2147 1835 2175 1888 6
2233 1837 2426 1923 Πατὴρ.
2467 1833 2637 1909 σάρκα
2684 1837 2996 1910 γενόμενον,
3041 1837 3133 1893 ’ίνα
3184 1837 3256 1894 δι’
3313 1843 3507 1898 ἑαυτοῦ
3565 1843 3795 1923 ἄνθρω-

2148 1944 2248 1985 πος
2303 1920 2886 2012 γενὸμενοςκηρύξῃ.
2947 1926 3162 1991 Εὐθέως
3217 1934 3348 2003 γοῦν
3409 1935 3524 2006 (15)
3581 1920 3794 2012 ἐπάγει·

2147 2012 2315 2074 Οὗτός
2377 2012 2486 2068 ἐστι
2552 2011 2764 2067 πάντων
2825 2014 3057 2091 Κύριος·
3118 2016 3319 2092 Κύριος
3380 2017 3438 2075 δὶ
3495 2011 3708 2080 πάντων
3767 2026 3798 2080 6

2148 2102 2320 2179 Λόγος
2353 2101 2485 2158 ἐστί.

2215 2212 2304 2266 31.
2366 2209 2464 2262 Καὶ
2525 2210 2638 2264 εἶπε
2700 2211 2909 2280 Μωσῆς
2982 2213 3117 2287 πρὸς
3194 2215 3407 2288 Ἀαρών
3447 2234 3460 2249 ⁸
3522 2218 3798 2291 Πρόσελθε

2144 2299 2280 2373 πρὸς
2335 2298 2397 2352 τὸ
2477 2299 2855 2374 θυσιαστήριον
2893 2345 2906 2369 ,
2965 2302 3056 2355 καὶ
3107 2302 3336 2375 ποίησον
3393 2306 3456 2360 τὸ
3512 2308 3635 2382 περὶ
3691 2317 3794 2381 τῆς

2142 2385 2408 2462 ἁμαρτίας
2480 2407 2594 2455 σου,
2668 2388 2755 2441 καὶ
2812 2390 2873 2442 τὸ
2953 2389 3319 2465 ὁλοκαύτωμά
3377 2415 3488 2462 σον,
3543 2397 3629 2451 καὶ
3688 2399 3791 2469 έξί-

2144 2475 2301 2531 λασαι
2359 2479 2474 2547 (16)
2527 2475 2649 2550 περὶ
2710 2482 2933 2531 σεαυτοῦ
3001 2479 3089 2532 καὶ
3147 2486 3244 2534 τοῦ
3306 2481 3458 2537 θ’ἰκου
3516 2506 3642 2557 σου,
3700 2489 3790 2542 καὶ

2140 2566 2369 2634 ποίησον
2416 2566 2482 2619 τὰ
2534 2562 2684 2641 δῶρα
2731 2571 2827 2619 τοῦ
2873 2565 3027 2635 λαοῦ,
3076 2570 3163 2623 καὶ
3225 2570 3464 2642 ἐξιλασαι
3515 2577 3626 2644 (17)
3665 2577 3789 2652 περὶ

2140 2655 2340 2723 αὐτῶν,
2415 2654 2654 2729 καθάπερ
2736 2653 3040 2710 ἐνετείλατο
3131 2658 3324 2732 Κύριος
3412 2666 3494 2733 τῷ
3580 2670 3786 2722 Μωσεῖ.

2140 2741 2283 2801 Ἰδοὺ
2358 2744 2536 2798 τοίνυν
2585 2743 2824 2811 ἐνταῦθα,
2873 2744 3066 2821 καίπερ
3116 2748 3230 2809 ἑνὸς
3290 2746 3445 2812 ὄντος
3511 2749 3608 2806 τοῦ
3656 2759 3787 2810 Μω-

2140 2832 2298 2899 σέως,
2347 2833 2423 2894 ὡς
2473 2831 2594 2907 περὶ
2643 2832 2827 2906 ἑτέρου
2877 2835 3113 2897 Μωσέως
3157 2836 3316 2899 αὑτὸς
3365 2842 3565 2910 Μωσῆς
3615 2843 3788 2917 λέγων

2140 2920 2269 2989 ἐστὶ,
2369 2921 2613 2995 Καθάπερ
2703 2921 3010 2977 ένετείλυτο
3099 2923 3297 2998 Κύριος
3396 2932 3476 2999 τῷ
3570 2931 3782 2990 Μωσεῖ.

2138 3009 2290 3064 Οὒτω
2343 3010 2521 3064 τοίνυν
2579 3010 2667 3064 καὶ
2720 3010 2842 3084 περί
2889 3015 2986 3066 τοῦ
3043 3011 3190 3067 θείου
3242 3014 3442 3090 Λόγου,
3494 3015 3580 3071 ἐὰν
3647 3019 3777 3096 λέγῃ

2138 3101 2166 3153 6
2227 3099 2486 3174 μακάριος
2543 3100 2652 3171 (18)
2711 3099 2932 3174 Πέτρος,
3007 3101 3374 3165 ἀποταλέντος
3449 3111 3569 3168 τοῖς
3627 3109 3768 3172 υἱοῖς

2140 3187 2354 3261 Ἰσραὴλ
2387 3185 2474 3242 διὰ
2506 3189 2686 3257 Ἰησοῦ
2716 3189 2967 3262 Χριστοῦ,
3002 3189 3063 3243 οὐ
3090 3189 3386 3266 ’χρήὲτερον
3422 3193 3518 3265 μὲν
3549 3196 3640 3250 τὸν
3669 3198 3779 3252 Λό-

2134 3299 2249 3352 γον,
2305 3274 2484 3352 ἓτερον
2539 3273 2597 3330 δὲ
2639 3278 2868 3352 Χριστὸν
2920 3284 3080 3347 νοεῖν,
3133 3279 3258 3335 ἀλλ’
3305 3277 3398 3335 ἕνα
3436 3283 3525 3337 καὶ
3556 3285 3648 3338 τὸν
3679 3284 3775 3339 αὐ-

2131 3368 2219 3422 τὸν
2255 3363 2343 3420 διὰ
2389 3368 2489 3436 τήν
2537 3363 2727 3420 ἕνωσιν
2745 3369 2844 3436 τήν
2889 3369 3059 3441 προὸς
3101 3370 3228 3436 τνήν
3281 3370 3427 3425 θείαν
3476 3371 3638 3427 αὐτοῦ
3684 3373 3775 3429 καὶ

2132 3452 2516 3533 φιλάνθρωπον
2585 3449 2972 3530 συγκατάϐασίν
3039 3477 3095 3510 τε
3172 3457 3262 3512 καὶ
3340 3457 3770 3534 ένανθρώπησιν.

2131 3544 2194 3601 Εἰ
2228 3542 2402 3599 δὲκαὶ
2451 3549 2634 3598 νοοῖτο
2683 3541 2878 3618 διχῶς,
2927 3543 3052 3600 ἀλλ’
3095 3545 3202 3621 οὐχ
3249 3547 3326 3608 ὡς
3354 3553 3450 3602 τοῦ
3483 3549 3658 3626 Λόγου
3685 3572 3771 3606 κε-

2131 3633 2500 3709 χωρισμένου,
2559 3633 2696 3686 κατὰ
2763 3634 2853 3686 τὸν
2927 3633 3207 3689 Θεσπέσιον
3279 3637 3553 3711 Ἰωάννην,
3604 3639 3699 3692 Καὶ
3750 3641 3778 3694 6

2131 3723 2302 3798 Λόγος
2388 3722 2513 3796 σὰρξ
2599 3719 2834 3794 ἐγένετο.
2918 3721 3197 3796 εἰρηκότα,
3285 3725 3372 3778 καὶ
3472 3726 3775 3796 ἐσκήνωσεν

2131 3809 2184 3864 έν
2243 3812 2402 3882 ἡμῖν.
2451 3809 2522 3862 Τὸ
2578 3809 2679 3884 ἄρα
2719 3809 2904 3872 καλῶς
2954 3810 3043 3864 καὶ
3095 3811 3269 3887 ὀρθῶς
3308 3811 3594 3888 εἰρημένον
3639 3817 3777 3890 πρὸς

2127 3904 2224 3954 τοῦ
2258 3898 2522 3973 μακαρίου
2557 3899 2782 3971 Πέτρου,
2829 3903 3006 3960 κακῶς
3055 3900 3144 3954 καὶ
3192 3900 3478 3976 στρεόλῶς
3530 3909 3778 3968 νοοῦντες

2130 3990 2180 4042 οἱ
2236 3993 2332 4043 τοῦ
2387 3989 2768 4060 Σαμοσατέως,
2820 3987 2871 4042 ἐν
2903 3991 2972 4060 τῇ
3031 3989 3262 4061 ἀληθείᾳ
3319 3990 3427 4066 οὐχ
3502 3994 3773 4050 ’ίστανται.

2132 4078 2363 4153 Χριστὸς
2395 4077 2495 4151 γὰρ
2543 4077 2605 4130 τὸ
2658 4078 3060 4154 συναμφότερον
3103 4084 3306 4134 νοεῖται
3354 4081 3500 4156 παρὰ
3545 4087 3611 4156 τῇ
3663 4083 3778 4154 θείᾳ

2129 4166 2312 4243 Γραφῇ
2363 4168 2496 4238 (19),
2549 4165 2622 4226 ὡς
2670 4167 2796 4220 ’ὁταν
2848 4165 3004 4240 λέγη,
3059 4169 3290 4242 Χριστὸς
3337 4174 3470 4223 Θεοῦ
3521 4167 3774 4244 δύναμις,

2127 4256 2217 4310 καὶ
2269 4260 2402 4312 Θεοῦ
2462 4255 2642 4332 σοφία.
2696 4255 2759 4312 Ei
2807 4255 2984 4311 τοίνυν
3039 4254 3188 4331 λέγει
3239 4259 3266 4312 ό
3299 4259 3502 4334 Πέτρος
3541 4262 3655 4334 (20)
3683 4262 3776 4316 τὸν

2129 4349 2301 4424 Λόγον
2366 4345 2455 4402 διὰ
2511 4349 2693 4418 Ἰησοῦ
2764 4349 3002 4424 Χριστοῦ
3070 4348 3397 4414 ἀπεστάλθαι
3464 4357 3577 4416 τοῖς
3638 4354 3778 4417 υἱοῖς

2127 4435 2370 4514 Ἰσραὴλ,
2398 4440 2560 4491 τοῦτο
2609 4435 2892 4508 σημαίνων
2947 4435 3195 4510 νοείσθω,
3236 4440 3328 4493 τὸν
3364 4439 3534 4515 Λόγον
3569 4461 3778 4516 σαρκω-

2129 4526 2284 4582 θέντα
2340 4531 2456 4588 τοῖς
2517 4527 2660 4588 υἱοῖς
2731 4528 2914 4601 Ἰσραὴ
2974 4529 3406 4605 πεφανερῶσθαι,
3459 4531 3512 4583 ’ἰν
3652 4552 3776 4586 συν-

359 4618 506 4676 illud
536 4618 706 4676 aliter
727 4625 1040 4693 exponant,
1073 4620 1449 4693 Vcrbumque
1485 4619 1748 4676 divinum
1771 4621 2012 4689 esse,uti

2143 4613 2266 4687 ᾅδων
2297 4621 2402 4688 τῷ,
2444 4615 2545 4672 Καὶ
2589 4617 2617 4670 6
2668 4611 2846 4692 Λόγος
2897 4616 3026 4692 σὰρξ
3079 4616 3307 4692 ἐγένετο.
3360 4620 3422 4676 Εἰ
3472 4616 3529 4673 δὲ
3577 4620 3772 4696 ἑτέρως

429 4771 473 4808 ³¹
501 4771 626 4826 Act.
659 4786 716 4837 χ,
756 4771 848 4825 36.
988 4770 1034 4805 ³³
1067 4775 1089 4824 ι
1118 4773 1244 4828 Cor.
1279 4787 1320 4838 ι,
1352 4771 1406 4838 7,
1437 4771 1488 4825 8.

359 4859 400 4908 ι,
431 4843 521 4899 24.
596 4842 640 4878 ³⁷
669 4842 838 4898 Joan.
874 4858 916 4911 ι,
951 4843 1036 4898 14.

431 4987 544 5055 (12)
576 4987 668 5041 Sic
703 5004 847 5042 mss.
884 4991 954 5042 At
984 4987 1144 5055 editi,
1173 4986 1459 5054 ἀντιθεναι,
1494 4989 1794 5044 mendose.

429 5060 544 5128 (13)
581 5060 666 5115 Ita
699 5059 836 5128 Regi

429 5075 544 5128 (ιδ)
581 5075 666 5115 ita
699 5075 938 5184 negius,
973 5075 1096 5131 δεδι

359 5135 416 5186 et
445 5129 779 5205 editi,_o’t1tex
818 5129 1096 5205 exopivm.

433 5201 552 5274 (14),
609 5201 1144 5274 Ηθςὶιιε,“8εεεζιιοιι.
1207 5201 1380 5258 Basil.
1425 5206 1486 5274 et
1543 5202 1764 5273 Anglic.
1826 5201 2006 5264 αὐτός.

360 5273 648 5348 Creteriet
677 5273 1087 5348 editi,_abto73c.
1144 5275 1363 5348 Ibidem
1422 5273 1637 5348 Regius
1687 5280 1743 5329 et
1772 5276 2009 5348 Seguer.

358 5342 409 5398 έν
445 5347 511 5417 τῇ
555 5342 769 5417 ἑαυτοῦ,
808 5344 914 5399 Alii
949 5363 1080 5402 cum
1114 5347 1308 5412 editis,
1343 5343 1396 5398 έν
1424 5347 1492 5417 τῇ
1509 5342 1713 5400 ἀύτοῦ.

429 5401 541 5489 (15)
574 5417 666 5472 Sic
701 5416 927 5490 Regius,
957 5401 1160 5487 codex,
1211 5401 1446 5488 Seguer.
1469 5401 1668 5473 "Basil.
1703 5421 1761 5474 et
1790 5417 2010 5490 Agelic.

359 5487 991 5572 Αιζξιέἓίεξθάἑιῖ»
1169 5560 1206 5572 ,κ
1294 5487 1329 5572 ς.

430 5561 541 5685 (16)
576 5560 676 5615 Hic
703 5561 774 5615 ad
808 5561 1133 5630 marginem
1168 5559 1352 5650 Regii,
1404 5559 1922 5645 Seguer.-Gobler.
1955 5566 2014 5617 et

357 5633 429 5686 Fe
456 5631 545 5704 ek.
581 5632 634 5699 1,
667 5631 790 5704 hac
820 5632 1116 5704 leguntur,
1149 5631 1424 5704 ἀποοειεις
1449 5629 1564 5704 άπὸ
1592 5651 1690 5704 του
1722 5635 2010 5704 Λευιτικοῦ

357 5701 484 5776 περὶ
537 5696 638 5772 τῆς
695 5698 776 5778 ἐφ’
835 5696 913 5759 ἒ.νῖ
967 5696 1243 5778 πράγματι
1298 5696 1564 5780 διαφόρου
1589 5696 1908 5777 ὅνομασίας.
1941 5704 2008 5761 Id

1625 4771 1670 4807 ³⁸
1701 4771 1880 4828 Levit.
1914 4788 1994 4843 xx,
2019 4773 2076 4827 7.

3485 4772 3529 4807 ³⁸
3579 4771 3600 4828 Ι
3648 4777 3776 4828 Cor.

2208 4771 2258 4807 “
2284 4771 2448 4826 Joan.
2484 4786 2524 4838 ι,
2559 4770 2647 4824 14.
2775 4770 2820 4808 ³⁸
2863 4771 3028 4826 Joan.
3089 4786 3211 4836 vui,
3263 4771 3352 4826 44.

2120 4993 2230 5053 est,
2264 4989 2542 5044 Probatur
2567 5003 2636 5043 ex
2661 4986 2919 5062 Leuitico
2970 5004 3090 5062 rem
3138 4989 3389 5062 eamdem
3418 4988 3633 5046 diverse
3677 5007 3776 5062 ap;

851 5077 938 5134 us,
973 5062 1210 5131 Seguer.
1249 5068 1307 5116 et
1337 5061 1778 5132 Scriptura.Alii
1812 5066 2010 5116 autem
2116 5063 2324 5134 pellari
2347 5078 2366 5114 :
2394 5077 2526 5134 quae
2560 5060 2731 5114 verba
2762 5064 2820 5114 in
2854 5059 3038 5134 _Basil.
3100 5065 3158 5116 et
3212 5060 3436 5132 Anglic.
3498 5066 3630 5117 ante
3684 5059 3774 5114 καὶ

2123 5131 2258 5202 εἷπε,
2293 5132 2353 5185 in
2389 5133 2516 5202 ipso
2548 5136 2816 5185 contextu
2854 5131 3164 5186 habentur.

2192 5199 2311 5274 (f7)
2345 5199 2560 5273 Regius
2593 5202 2770 5275 codex
2801 5207 2857 5258 et
2884 5207 3121 5275 Seguer.
3157 5202 3252 5259 hic
3283 5208 3340 5258 et
3389 5219 3543 5271 mox,
3594 5199 3775 5271 ἐξίλα-

2121 5272 2231 5339 σαι,
2272 5272 2334 5329 ut
2362 5272 2552 5329 exstat
2591 5272 2769 5328 Levit.
2806 5289 2882 5341 Ix,
2915 5272 2970 5329 7L

2194 5347 2309 5417 (18)
2340 5345 2573 5417 Gobler.
2607 5350 2664 5400 et
2680 5344 2848 5417 iFelk.
2887 5347 2908 5417 1
2945 5344 3227 5400 omittunt
3259 5345 3287 5397 6
3323 5345 3607 5417 μακάριος.

2196 5413 2309 5492 (19)
2339 5415 2554 5492 Regius
2583 5422 2640 5492 et
2669 5416 3062 5492 Seguerianus
3096 5413 3332 5492 addunt
3381 5413 3525 5492 παρᾶ
3556 5418 3622 5490 τῇ
3657 5413 3777 5488 Θείᾳ

2122 5489 2528 5564 Γραφῇ-(ιυοά
2561 5490 2726 5564 abest
2755 5489 2826 5543 ab
2859 5489 2990 5564 aliis
3023 5493 3081 5544 et
3111 5489 3302 5564 editis.

2165 5558 2306 5632 '(2'0')
2343 5558 2557 5632 Regius
2581 5563 2638 5616 et
2687 5560 3098 5631 Seguerianus,
3143 5561 3172 5614 6
3205 5559 3428 5634 Πέτρος.
3463 5561 3525 5615 In
3557 5558 3689 5616 aliis
3719 5563 3778 5616 et

2157 5631 2302 5687 ditis
2332 5631 2360 5684 6
2391 5631 2572 5687 deest.

2124 5633 2302 5690 editis
2332 5633 2360 5684 6
2391 5633 2572 5688 deest.
