4076 6388
270 434 308 491 δ
323 433 342 487 t
357 433 389 487 ‘l
1371 428 1661 492 ORATIO
1703 426 1785 490 IV
1827 428 1958 489 COI‘

2075 429 2134 486 ;A
2186 428 2543 490 AlllANOS.
3568 435 3689 493 ΜΘ

274 560 450 618 έκεῖνο
480 566 685 633 νοοῦσι,
743 558 832 617 καὶ
888 561 980 617 τὸν
1036 558 1213 637 Λόγον
1272 563 1390 635 μὲν,
1431 563 1610 624 καθὼς
1639 562 1729 616 καὶ
1792 556 1958 629 ἔστι,

2075 544 2242 618 οιῖετθ.
2263 566 2373 632 est,
2406 564 2774 632 confitentes,
2826 568 3201 638 assumptum
3232 565 3304 622 ab
3335 565 3464 639 ipso
3495 565 3685 623 homi-

277 654 423 726 θεῖον
472 648 900 726 ὁμολογοῦντες,
945 650 1038 707 τὸν
1107 651 1244 726 πρὸς
1318 649 1483 705 αὐτοῦ
1533 650 1831 727 ληφθέντα,
1887 649 1934 721 ᾧ

2075 666 2200 720 lem,
2233 652 2327 707 cui
2374 653 2759 724 conjunctum
2801 669 2931 711 esse
2986 655 3267 726 creditur,
3299 655 3371 713 ab
3413 672 3480 712 eo
3509 655 3694 713 velint

279 741 371 796 καὶ
405 743 645 810 ἡνῶσθαι
694 738 1026 813 πιστεύεται,
1073 738 1357 816 ἄνθρωπον
1405 738 1496 794 ἀπ’
1546 739 1714 794 αὑτοῦ
1763 738 1936 814 χωρίο

286 836 460 900 ζουσι,
514 828 765 904 λέγοντες
816 826 905 884 διά
953 830 1133 900 Ἰησοῦ
1180 830 1414 903 Χριστοῦ
1463 829 1626 884 αὐτὸν
1679 830 1790 903 (21)
1833 827 1936 882 ἀπ-

284 922 562 989 εστάλθαι,
620 921 832 985 ἑαυτοῖς
885 920 1100 976 ἐναντία
1168 920 1534 1000 φθεγγόμενοι
1585 920 1647 976 οὐ
1695 924 1933 977 νοοῦσιν

289 1012 353 1066 Οἱ
383 1010 488 1086 γὰρ
535 1011 648 1084 (22)
699 1008 922 1065 ἐνταῦθα
948 1010 1280 1087 χωρίζοντες
1310 1013 1411 1075 τῆς
1442 1009 1585 1072 θείας
1619 1009 1939 1084 σαρκώσεως

290 1105 436 1166 θεῖον
467 1104 674 1167 νοοῦσι,
707 1099 1092 1174 σμικρόνουσιν
1128 1096 1229 1174 ἄρα
1258 1098 1547 1161 ἀκούοντες
1578 1098 1735 1154 αὐτὸν
1770 1097 1941 1173 σάρκα

289 1196 632 1266 γεγενῆσθαι,
664 1190 839 1245 καὶτὰ
862 1187 1145 1260 Ἑλλήνων
1178 1193 1485 1266 φρονοῦσιν,
1518 1186 1699 1265 ὥσπερ
1727 1188 1817 1244 οὗν
1851 1185 1941 1243 καὶ

291 1283 573 1358 φρονοῦσι,
604 1280 813 1354 τροπὴν
853 1275 949 1333 τοῦ
979 1276 1158 1353 Λόγου
1187 1278 1285 1348 τὴν
1335 1277 1601 1354 σάρκωσιν
1646 1279 1747 1349 τὴν
1798 1276 1939 1342 θείαν

293 1363 793 1444 ὑπολαμϐάνοντες.

364 1462 456 1517 32.
484 1456 643 1514 Ἀλλ’
675 1458 774 1514 οὐκ
833 1456 942 1514 ἐστι
998 1462 1183 1528 τοῦτο,
1234 1459 1309 1531 μή
1372 1458 1620 1534 γένοιτοί
1667 1460 1765 1517 "Ov
1816 1456 1943 1532 τρό-

293 1563 401 1605 πον
448 1547 548 1624 γάρ
602 1547 828 1611 ἐνταῦθα
878 1549 978 1618 τὴν
1031 1546 1394 1625 άνέκφραστον
1454 1544 1645 1603 ἕνωσιν
1707 1548 1735 1602 6
1768 1544 1946 1605 Ἰωάν-

295 1659 396 1709 νης
620 1636 925 1711 κηρύσσει,
984 1637 1385 1699 καταποθέντος
1439 1641 1535 1692 τοῦ
1592 1635 1791 1708 θνητοῦ
1840 1636 1945 1693 ὐπὸ

294 1731 396 1800 τῆς
433 1728 600 1798 ζωῆς,
634 1727 720 1782 καὶ
755 1724 1040 1796 αὖτοζωῆς
1072 1722 1252 1799 ὅττος,
1284 1725 1417 1782 κανὰ
1458 1727 1594 1803 πρὸς
1643 1728 1742 1797 τὴν
1791 1726 1948 1804 Μάρ-

296 1822 393 1875 θαν
455 1820 484 1873 6
536 1817 731 1891 Κύριος
782 1813 907 1895 ἔφη,
955 1818 1095 1892 Ἐγώ
1145 1816 1258 1891 εἰμι
1303 1820 1339 1887 ἡ
1374 1819 1487 1890 ζωή
1521 1820 1650 1893 (24)·
1685 1818 1828 1874 οὕτω
1857 1818 1948 1876 καὶ

2045 757 2338 813 separare,
2370 741 2567 814 ipsum
2599 742 2823 800 aientes
2851 759 2955 816 per
2981 747 3184 801 Jesum
3215 744 3514 802 Christum
3547 745 3688 801 mis-

2047 846 2179 886 sum
2212 846 2360 899 esse,
2394 847 2535 887 sane
2566 848 2629 888 se
2658 832 2986 904 pugnantia
3015 832 3176 906 loqui
3207 850 3321 890 non
3356 835 3687 891 attendunt.

2047 919 2155 984 Qui
2187 919 2346 975 enim
2376 920 2484 977 hoc
2517 922 2575 976 in
2607 920 2732 978 loco
2763 921 3029 978 divinum
3052 922 3304 980 Verbum
3336 924 3589 981 adivina
3611 924 3696 980 in-

2048 1009 2385 1066 carnatione
2415 1011 2498 1082 sej
2509 1016 2757 1084 ungunt,
2780 1010 2936 1067 idem
2960 1012 3155 1084 ipsum
3176 1012 3560 1070 imminutum
3585 1030 3693 1086 pu-

2047 1102 2177 1155 tant
2208 1115 2342 1155 cum
2373 1099 2626 1155 audiunt
2646 1116 2882 1157 carnem
2904 1101 3124 1158 factum
3148 1119 3277 1159 esse
3296 1120 3312 1172 ;
3331 1102 3696 1176 proindeque

2051 1188 2205 1244 idem
2265 1189 2504 1245 omnino
2552 1190 2811 1246 sentiunt
2841 1206 2907 1246 ac
2954 1191 3225 1264 gentiles,
3279 1193 3365 1250 uti
3393 1208 3533 1249 sane
3562 1208 3695 1250 sen-

2049 1276 2230 1343 tiunt,
2289 1293 2424 1334 cum
2477 1278 2738 1335 divinam
2792 1280 3260 1338 incarnationem
3308 1282 3695 1339 mutationem

2052 1367 2228 1422 Verbi
2258 1383 2387 1424 esse
2414 1367 2816 1440 suspicantur.

2125 1456 2212 1512 42.
2246 1460 2465 1513 Verum
2507 1474 2622 1514 non
2657 1457 2739 1514 ita
2792 1463 2915 1515 est:
2970 1458 3125 1515 absit
3152 1460 3163 1516 l
3194 1460 3699 1524 Quemadmodum

2054 1545 2212 1601 enim
2231 1544 2702 1619 inexplicabilem
2722 1546 2996 1605 unionem
3012 1547 3106 1604 hic
3132 1548 3406 1621 praedicat
3419 1552 3701 1621 Joannes,
3727 1590 3732 1595 -

2056 1635 2332 1707 absorpto
2362 1635 2631 1692 videlicet
2687 1637 2925 1694 mortali
2978 1655 3013 1694 a
3066 1637 3182 1694 vita
3222 1638 3372 1695 509
3406 1643 3464 1696 et
3513 1639 3587 1697 ab
3636 1656 3703 1697 eo

2058 1723 2158 1797 qui
2188 1724 2319 1796 ipsa
2357 1740 2459 1796 per
2489 1742 2551 1781 se
2590 1728 2679 1781 est
2730 1726 2869 1797 vita,
2907 1731 2970 1782 ut
2999 1726 3126 1799 ipse
3155 1727 3227 1783 ad
3276 1727 3564 1784 Martham
3599 1728 3704 1797 ait,

2058 1815 2176 1885 Ego
2204 1829 2329 1869 eum
2357 1813 2551 1870 vita”:
2594 1813 2678 1870 ita
2728 1830 2864 1871 cum
2914 1816 3122 1872 beatus
3182 1815 3386 1873 Petrus
3442 1817 3701 1874 Verbum

298 1911 427 1964 ὅταν
460 1908 592 1983 λέγῃ
622 1907 651 1961 6
685 1907 949 1981 μακάριος
979 1905 1183 1981 Πέτρος
1212 1907 1293 1976 τὸ,
1347 1904 1437 2003 διά
1485 1909 1664 1979 Ἰησοῦ
1713 1910 1949 1985 Χριστοῦ

2075 1916 2163 1973 per
2190 1904 2392 1958 Jesum
2425 1902 2725 1960 Christum
2779 1904 3030 1961 missum
3085 1920 3215 1962 esse
3243 1904 3411 1977 dixit,
3443 1905 3703 1963 divinam

298 1994 634 2053 ἀπεστάλθαι
678 1995 767 2050 τὸν
820 1994 1015 2071 Λόγον,
1065 1997 1163 2065 τήν
1215 1995 1358 2060 θείαν
1407 1992 1601 2052 ἕνωσιν
1674 1998 1948 2071 σημαίνει·

297 2092 387 2150 Ὠς
444 2087 546 2163 γὰρ
594 2084 806 2140 ἀκούων
859 2105 942 2141 τις
1000 2084 1085 2152 τὸ,
1135 2085 1196 2142 Ὁ
1273 2086 1451 2160 Λόγος
1528 2086 1655 2161 σάρξ
1715 2084 1951 2163 ἐγένετο,

299 2176 407 2232 οὐκ
445 2172 504 2229 ἂν
550 2172 769 2247 νομίσοι
995 2174 1189 2246 μηκέτι
1241 2174 1331 2228 οὗν
1383 2175 1515 2229 εἶναι
1565 2174 1767 2250 Λόγον,
1817 2174 1951 2252 ὅπερ

299 2266 504 2320 ἄτοπον
535 2305 552 2331 ,
613 2263 687 2324 ὡς
744 2260 1103 2336 προείρηται*
1164 2260 1309 2316 οὕτω
1364 2262 1452 2316 καὶ
1509 2261 1680 2338 Λόγον
1740 2262 1951 2319 ἀκοόων

297 2355 394 2409 τὸν
448 2349 777 2429 συναφθέντα
820 2354 890 2423 τῇ
950 2350 1130 2427 σαρκὶ,
1185 2350 1249 2406 τὸ
1296 2352 1437 2406 θεῖον
1495 2347 1551 2405 έν
1604 2353 1691 2407 καὶ
1746 2351 1956 2409 ἁπλοῦν

301 2445 495 2499 νοείτω
544 2442 654 2515 (26)
705 2441 1024 2513 μυστήριον.
1088 2440 1419 2518 Σαφέστερον
1482 2438 1539 2495 δὲ
1585 2441 1676 2496 καὶ
1717 2443 1954 2520 ἀναμφιο

302 2529 580 2603 σόήτητον
632 2528 830 2591 παντὸς
882 2533 1155 2604 Αογισμοῦ
1202 2529 1266 2584 τὸ
1314 2530 1448 2604 πρὸς
1498 2529 1664 2600 αὐτὴν
1694 2533 1794 2600 τὴν
1824 2539 1954 2588 Θεο-

303 2623 468 2678 τόκον
495 2622 606 2692 (27)
656 2618 794 2693 πρὸς
840 2622 938 2672 τοῦ
987 2617 1331 2695 ἀρχαγγέλου
1376 2618 1536 2695 ῥηθὶν
1581 2622 1680 2689 τὴν
1728 2620 1958 2692 δνότητα

305 2716 406 2766 τοῦ
466 2709 610 2774 θείου
670 2706 843 2783 Λόγου
891 2707 982 2761 καὶ
1030 2706 1319 2782 ἀνθρώπου
1370 2706 1580 2780 δείξειε.
1642 2710 1786 2781 Φησὶ
1844 2713 1957 2785 (28)

305 2802 436 2877 γάρ’
499 2800 722 2870 Πνεῦμα
797 2797 949 2871 ἅγιον
1011 2795 1354 2853 έπελεύσεται
1414 2795 1501 2852 ἐπὶ
1580 2799 1661 2869 σὶ,
1715 2800 1803 2855 καὶ
1860 2796 1957 2854 δό-

305 2909 474 2962 ναμις
544 2885 791 2959 Ὑψίστου
862 2883 1159 2940 ἐπισκιάσει
1221 2906 1325 2940 σοι·
1407 2883 1492 2942 διὸ
1560 2886 1650 2943 καὶ
1707 2888 1769 2943 τὸ
1833 2909 1956 2963 γεν-

305 2979 555 3051 νώμενον
775 2973 923 3051 ἅγιον
974 2972 1309 3045 κληθήσεται
1360 2975 1482 3038 Υἱὸς
1541 2980 1696 3035 Θεοῦ.
1754 2978 1956 3055 Ἀφρό-

302 3087 417 3127 νως
466 3065 555 3119 οὖν
599 3063 654 3116 οἱ
706 3065 803 3116 τοῦ
855 3063 1217 3135 Σαμοσιτέως
1274 3063 1364 3117 τὸν
1425 3064 1601 3139 Λόγον
1633 3066 1955 3142 χωρίζουσι,

303 3158 491 3232 σαφῶς
525 3149 919 3226 ἀποδειχθέντα
960 3152 1205 3222 ἡνῶσθαι
1253 3156 1333 3225 τῷ
1377 3150 1437 3207 ix
1483 3155 1696 3227 Μαριας
1745 3155 1955 3232 ἀνθρώ-

308 3267 421 3318 πῳ.
455 3241 567 3299 Οὐκ
600 3238 701 3316 ἄρα
758 3239 1035 3312 ἀπεστάλη
1087 3238 1157 3296 δι’
1203 3241 1387 3297 αὐτοῦ·
1423 3242 1724 3300 ἀπέστελλε
1753 3246 1864 3320 (30)
1898 3241 1956 3301 δὶ

312 3335 370 3390 ὲν
413 3331 578 3403 αὐτῷ,
632 3330 831 3405 λέγων’
885 3331 1238 3406 Πορευθέντες
1284 3332 1648 3405 μαθητεύσατε
1697 3332 1868 3391 πάντα
1890 3336 1960 3392 τὰ

312 3420 465 3492 ἔθνη.

390 3515 482 3569 33.
542 3513 705 3574 ’Έθος
782 3506 840 3564 δὲ
892 3513 1054 3565 τοῦτο
1110 3512 1179 3584 τῇ
1240 3514 1428 3588 Γραφῇ
1487 3512 1821 3590 ἀπεριέργως
1873 3513 1964 3570 καὶ

317 3600 513 3664 ἁπλῶς
565 3600 661 3663 τὰς
708 3598 877 3670 λέξεις
921 3596 1223 3677 ἐκφράζειν.
1276 3598 1435 3657 Οὕτω
1477 3602 1583 3677 γὰρ
1631 3602 1723 3659 καὶ
1763 3602 1814 3661 έν
1846 3610 1965 3670 τοῖς

315 3691 604 3767 ’Λριθμοῖς
649 3709 732 3750 τις
783 3689 1021 3763 εὑρήσει.
1075 3691 1210 3744 Εἴπε
1242 3690 1368 3765 γάρ,
1422 3690 1576 3769 φησὶ,
1623 3694 1832 3764 Μωσῆς
1888 3699 1968 3769 τῷ

311 3779 594 3853 Ῥαγουήλ
650 3781 731 3849 τῷ
780 3774 1080 3851 Μαδιὰνίτῃ
1113 3821 1127 3848 ,
1180 3773 1414 3855 γαμϐρῷ
1462 3782 1638 3851 Μωσῆ
1697 3783 1831 3857 (31).
1888 3784 1967 3842 Οὐ

314 3869 421 3943 γὰρ
458 3865 627 3928 ἄλλος
658 3869 858 3935 Μωσῆς
884 3866 912 3921 6
944 3865 1142 3943 λέγων,
1182 3867 1271 3923 καὶ
1304 3866 1476 3934 ἄλλος
1506 3870 1568 3924 οὗ
1617 3870 1684 3940 ἦν
1718 3867 1968 3948 γαμϐρὸς

314 3955 658 4033 ὁῬαγουήλ,
719 3953 864 4011 ἀλλά
914 3957 991 4018 εἷς
1048 3959 1113 4025 ἦν
1174 3958 1202 4011 ὁ
1261 3964 1463 4027 Μωσῆς
1519 3960 1652 4033 (32)·
1713 3960 1780 4018 Et
1805 3962 1967 4039 γὸ,ρὸ

311 4046 491 4119 Λόγος
545 4044 641 4099 τοῦ
691 4049 825 4100 Θεοῦ
883 4045 973 4099 καὶ
1025 4045 1189 4124 σοφία
1238 4048 1457 4121 ὁμοίως
1502 4051 1837 4125 χρηματίζει
1876 4053 1968 4109 καὶ

312 4132 564 4205 δύναμις,
624 4132 716 4188 καὶ
767 4129 933 4204 δεξιὰ,
984 4133 1075 4188 καὶ
1133 4134 1408 4211 βραχίων,
1456 4135 1547 4191 καὶ
1594 4136 1694 4192 ὅσα
1720 4144 1964 4196 τοιαῦτα·

318 4222 530 4292 ἥνωται
586 4224 699 4295 (33)
745 4218 803 4276 δὲ
848 4221 1252 4300 φιλανθρώπως
1301 4227 1462 4298 ἡμῖν,
1537 4227 1638 4296 τήν
1708 4227 1966 4306 ἀπαρχὴν

313 4314 482 4384 ἡμῶν
530 4309 904 4386 περιθέμενος,
950 4311 1039 4367 καὶ
1086 4312 1252 4387 ταύτῃ
1315 4311 1667 4389 άνακραθείς·
1725 4314 1829 4392 ἄρα
1870 4319 1970 4374 αὖ·

307 4402 403 4462 τὸς
432 4401 460 4454 6
491 4399 666 4475 Λόγος
696 4399 784 4454 καὶ
816 4401 881 4454 τὰ
916 4397 1087 4455 λοιπά
1139 4400 1362 4464 εἰκότως
1413 4400 1639 4480 ε’ίληχεν
1704 4404 1965 4479 ὀνόματα.

307 4489 382 4543 Τὸ
436 4487 538 4563 γὰρ
599 4486 867 4563 εἰρηκέναι
916 4489 1006 4543 τὸν
1059 4488 1314 4561 Ἰωάννην
1377 4493 1488 4564 (34)
1546 4491 1599 4547 έν
1656 4491 1806 4569 ἀρχῇ
1871 4494 1966 4569 μὲν

2059 1991 2188 2062 ejus
2212 1990 2569 2063 signiﬁcavit
2585 1993 2887 2049 unionem.
2910 1997 3058 2049 Nam
3082 1997 3146 2049 ut
3166 1993 3216 2048 is
3238 1994 3337 2065 qui
3364 1995 3551 2062 audit,
3580 1995 3703 2050 Ver-

2061 2079 2194 2136 bum
2220 2096 2347 2138 caro
2374 2085 2585 2153 factum
2612 2086 2711 2154 est,
2735 2098 2853 2138 non
2879 2082 3063 2139 idcico
3096 2083 3418 2139 arbitratur
3445 2084 3707 2141 Verbum

2060 2169 2316 2241 amplius
2348 2187 2463 2227 non
2492 2187 2643 2243 esse,
2666 2172 2821 2243 quod
2853 2176 3009 2229 certe
3041 2172 3474 2245 perabsurdum
3499 2176 3607 2245 est,
3642 2175 3709 2229 ut

2062 2259 2321 2315 diximus
2348 2277 2361 2316 :
2394 2259 2476 2317 ita
2507 2260 2605 2331 qui
2648 2261 2905 2317 Verbum
2936 2277 3072 2317 cum
3106 2277 3279 2318 carne
3325 2261 3709 2333 conjunctum

2063 2364 2190 2405 esse
2222 2349 2406 2413 audit,
2440 2348 2706 2406 divinum
2766 2365 2950 2405 unum
3008 2349 3376 2423 simplexque
3421 2349 3713 2423 intelligat

2064 2437 2432 2510 mysterium.
2456 2442 2673 2495 Verum
2733 2438 3091 2495 luculentius
3123 2439 3456 2511 certiusque
3506 2438 3711 2511 quovis

2065 2527 2370 2583 ratiocinio
2402 2545 2488 2595 ea,
2523 2545 2652 2601 quas
2682 2529 2754 2584 ab
2778 2528 3130 2600 archangelo
3162 2530 3233 2585 ad
3264 2530 3452 2601 ipsam
3497 2529 3708 2601 Deipa-

2064 2634 2191 2673 ram
2223 2617 2378 2674 dicta
2407 2622 2566 2689 sunt,
2599 2618 2780 2673 divini
2816 2617 2987 2673 Verbi
3041 2623 3097 2674 et
3132 2618 3390 2674 hominis
3423 2617 3705 2674 unitatem

2066 2706 2789 2780 deinonstraverintzejus
2848 2706 2969 2763 hinc
3027 2711 3167 2764 sunt
3220 2708 3431 2764 verba:
3466 2707 3712 2780 Spiritu:

2063 2804 2282 2852 sanctus
2306 2798 2650 2868 superveniet
2678 2799 2738 2852 in
2769 2800 2841 2867 te,
2886 2800 2935 2852 et
2982 2796 3158 2852 virtu:
3188 2794 3465 2853 Altissimi
3514 2796 3709 2853 obum~

2068 2884 2246 2941 brabit
2275 2885 2392 2950 tibi,
2421 2884 2654 2958 ideoque
2681 2884 2890 2958 etquod
2918 2888 3172 2942 nascetur
3196 2888 3468 2953 sanctum,
3490 2883 3716 2957 vocati-

2064 2981 2155 3030 tur
2181 2974 2359 3031 Filius
2382 2975 2548 3031 Det".
2570 2973 2754 3031 Stulte
2777 2974 2956 3047 igitur
2976 2978 3416 3031 Samosatenses
3454 2974 3713 3030 Verbum

2064 3061 2354 3134 dividunt,
2386 3079 2519 3119 cum
2551 3062 2645 3119 his
2674 3080 2745 3119 ex
2771 3062 2965 3119 verbis
2994 3062 3222 3119 clarum
3256 3062 3334 3120 sit
3353 3062 3551 3135 ipsum
3582 3060 3713 3118 uni-

2066 3159 2189 3207 tum
2220 3151 2404 3208 fuisse
2451 3150 2677 3208 homini
2724 3168 2793 3208 ex
2828 3152 3010 3209 Maria
3047 3157 3374 3225 assumpto.
3407 3155 3534 3208 Non
3576 3166 3713 3223 ergo

2070 3240 2329 3297 Verbum
2359 3258 2463 3315 per
2491 3241 2788 3298 Christum
2815 3246 2906 3298 est
2935 3242 3210 3309 missum,
3269 3242 3371 3299 sed
3429 3239 3628 3314 potius
3657 3239 3714 3296 in

2071 3331 2303 3390 Christo
2334 3332 2519 3402 misit,
2551 3332 2653 3403 ait,
2681 3334 2779 3400 Ite,
2811 3332 2994 3390 docete
3020 3348 3206 3391 omne:
3235 3332 3487 3405 gentes”.

2144 3515 2232 3571 33.
2266 3511 2499 3572 Scilicet
2536 3512 2586 3569 is
2614 3516 2705 3569 est
2759 3529 2889 3569 mos
2925 3512 3239 3585 Scriptura
3288 3511 3638 3586 simpliciter
3665 3516 3723 3568 et

2076 3603 2202 3660 sine
2249 3603 2626 3660 exornatione
2664 3602 2841 3659 verba
2878 3600 3100 3658 efferre.
3131 3602 3225 3659 Sic
3255 3602 3506 3675 exempli
3535 3602 3723 3675 gratia

2062 3686 2136 3749 'in
2174 3692 2324 3749 libro
2353 3697 2746 3747 Numerorum
2804 3690 2923 3747 hac
2971 3690 3226 3764 legimus
3265 3708 3279 3749 :
3313 3692 3470 3748 Dixit
3517 3692 3721 3763 Moyses

2076 3782 2310 3852 Βαριωιὶ
2337 3780 2654 3837 Madium‘tae
2681 3796 2883 3849 genero
2921 3781 3118 3852 Moysi:
3133 3784 3199 3837 “.
3232 3785 3350 3837 Nec
3380 3779 3539 3837 enim
3571 3778 3724 3835 alius

2076 3875 2201 3928 erat
2228 3874 2454 3942 Moyses
2484 3869 2585 3941 qui
2613 3868 2981 3942 loquebatur,
3011 3873 3070 3926 et
3122 3870 3294 3935 alius,
3346 3869 3517 3940 cujus
3546 3884 3725 3941 gener

2077 3966 2201 4018 erat
2229 3958 2449 4032 Raguel
2474 3975 2488 4014 :
2523 3958 2624 4015 sed
2657 3974 2814 4015 unus
2844 3962 2969 4015 erat
2998 3962 3247 4032 Moyses.
3280 3960 3647 4030 Quapropter
3675 3958 3725 4012 si

2080 4052 2299 4124 pariter
2317 4050 2574 4105 Verbum
2598 4046 2719 4111 Dei,
2751 4047 3062 4120 sapientia,
3082 4048 3291 4116 virtus,
3320 4047 3576 4114 dextera,
3600 4047 3729 4101 bra-

2079 4141 2299 4209 chium,
2358 4137 2696 4210 similiaque
2727 4136 3094 4209 appellatur;
3136 4138 3187 4192 si
3219 4136 3360 4192 item
3399 4150 3529 4192 sese
3558 4135 3728 4191 nobis

2077 4229 2395 4287 clementer
2422 4225 2747 4296 conjunxit,
2781 4230 3133 4298 nostrasque
3162 4224 3358 4281 induit
3405 4223 3725 4297 primitias,

2078 4317 2437 4391 quibuscum
2471 4314 3016 4371 sesecommiscuit:
3051 4330 3190 4387 ergo
3209 4313 3390 4370 etiam
3406 4314 3563 4370 idem
3583 4316 3726 4370 Ver-

2078 4409 2221 4464 bum
2254 4410 2463 4461 caatera
2495 4403 2738 4460 nomina
2761 4405 2898 4474 jure
2919 4404 3126 4460 merito
3156 4404 3433 4461 sortitum
3465 4407 3576 4477 est.
3602 4403 3730 4459 Haec

2078 4496 2236 4554 enim
2256 4493 2503 4552 Joannis
2532 4492 2709 4550 verba
2736 4493 2951 4564 quibus
3005 4494 3264 4550 Verbum
3319 4494 3380 4550 in
3438 4492 3727 4567 principio

382 4624 428 4659 ³³
454 4627 623 4679 Joan.
656 4641 735 4692 xi,
765 4627 855 4681 25.
886 4626 935 4662 ”
965 4630 1100 4682 Luc.
1134 4644 1175 4695 ι,
1206 4628 1297 4683 35.
1328 4629 1373 4664 ιθ
1401 4628 1604 4684 Matth.
1632 4646 1834 4699 xxvm,
1868 4630 1956 4688 19.

2075 4637 2245 4689 Num.
2279 4647 2336 4700 x,
2366 4628 2461 4685 29.

381 4757 496 4835 (21)
525 4757 629 4835 llic
660 4758 891 4835 Regius
910 4763 966 4814 et
986 4759 1243 4835 Seguer:
1271 4764 1342 4817 At
1371 4760 1470 4818 alii
1500 4765 1557 4817 et
1603 4762 1743 4835 editi
1793 4763 1965 4835 omit-
1992 4769 2040 4835 Ι)

2142 4763 2255 4836 (28)
2284 4762 2379 4836 Sic
2408 4759 2646 4836 Regius,
2678 4762 2917 4836 Seguer.
2963 4761 3142 4821 Basil.
3174 4766 3232 4820 et
3261 4761 3488 4834 Anglic.
3519 4764 3596 4817 At
3623 4760 3724 4817 alii
3817 4716 3825 4727 ι

309 4827 452 4913 me
480 4827 663 4917 αὖτέγ·
699 4827 826 4917 Μδκ
861 4827 1103 4917 missi
1125 4837 1182 4889 οι
1201 4832 1485 4917 ,δθξριπυι
1508 4833 1869 4917 multa?“
1900 4832 1958 4917 ιδ

2077 4827 2434 4917 ουξῃςράέῐὶε.
2448 4827 2550 4910 ἔφη
2561 4874 2575 4888 .

309 4904 548 4977 νοοῦσιν.
577 4900 643 4977 Οἱ
674 4903 800 4977 γάρ,
833 4900 971 4958 οἰοῖ
996 4904 1106 4959 Alii
1163 4909 1221 4977 et
1248 4900 1389 4977 editi
1429 4900 1493 4977 οῦ
1521 4900 1807 4962 omittunt
1836 4912 1971 4964 ante

312 4974 556 5049 νοοῦσιν.
588 4974 1049 5049 Gobler._autem
1079 4976 1357 5049 et_Felck.
1396 4978 1422 5031 1
1475 4976 1697 5049 habent
1728 4978 1967 5049 ibidem,

313 5045 384 5128 Ol
415 5042 546 5128 γάρ,
574 5052 683 5128 etc:
720 5045 985 5128 Basil._et
1014 5046 1264 5119 Anglic,
1299 5049 1395 5100 “Ov
1440 5045 1562 5123 γάρ,
1612 5054 1724 5107 etc.
1771 5042 1969 5109 Cateri

315 5123 377 5173 et
398 5114 581 5191 editi,
604 5114 681 5172 Οὐ
712 5115 837 5191 γάρ,
868 5124 977 5191 etc.

390 5187 509 5263 es)
545 5187 709 5263 item
816 5185 939 5263 γάρ.

388 5258 506 5333 (23)
536 5258 626 5313 Sic
655 5258 868 5333 Regius
890 5258 952 5316 et
1000 5264 1257 5333 Seguer.
1305 5264 1377 5333 At
1434 5261 1532 5317 alii
1561 5265 1619 5317 et
1647 5262 1810 5330 editi,
1866 5264 1967 5333 τὴν

318 5328 687 5405 ἀνέκφρα-στον
718 5331 961 5405 γέννησιν
995 5328 1220 5396 ἐνταῦθα
1250 5330 1524 5405 Ἰωάννης.

391 5401 755 5479 (2:5).Regiu's
780 5411 836 5479 et
864 5410 1128 5479 Seguer.,
1181 5403 1317 5479 πρὸς
1362 5401 1465 5472 τήν
1520 5404 1740 5479 Μάρθαν
1789 5401 1968 5470 αὐτός.

317 5470 677 5550 Ἐγώῌζεῖμιῖὴ
713 5474 847 5543 ζωὴ.
882 5470 1075 5550 λέγων.

392 5494 465 5546 {eo
497 5494 611 5600 ειει
643 5494 677 5541 η
713 5494 847 5543 gum.
882 5494 1075 5550 Λεγων.

392 5545 507 5623 (35)
589 5546 768 5601 obler.
817 5546 1037 5621 νομίσῃ.
1090 5546 1219 5623 Mox
1265 5550 1501 5619 Seguer.
1533 5540 1714 5623 ὥσπερ
1747 5548 1969 5607 ἄτοπον.

392 5618 511 5684 (26)
542 5624 674 5682 86;.
705 5625 762 5673 et
789 5616 1025 5684 Seguer.
1057 5616 1307 5682 νοείσθω.

392 5637 511 5684 (ιο)
542 5637 674 5682 53;.
705 5637 762 5673 et
789 5637 858 5673 be
882 5637 1025 5674 'uer.
1057 5637 1307 5682 νοεισθω.

390 5688 509 5765 (27)
542 5688 758 5761 Regius
788 5637 971 5765 cogex
998 5697 1057 5747 ct
1085 5690 1427 5765 Seguerian.
1479 5688 1762 5750 Θεοτόκον.
1794 5692 1969 5765 Editi,

322 5757 949 5830 etordxoofmendose.

2151 4908 2263 4979 (29)
2297 4903 2515 4979 Regius
2543 4903 2861 4979 γενόμενοντ

2150 4972 2435 5050 (301mg.
2466 4972 3008 5050 δοέυοιίηΒᾳεῇΙίεη.
3042 4974 3346 5050 Anglican.
3379 4978 3436 5031 et
3491 4972 3725 5032 Gobler.
3828 5012 3846 5024 .

2081 5043 2411 5105 ἀπέστελλεῖ
2435 5043 2569 5104 Alii
2585 5053 2641 5104 et
2668 5048 2809 5104 editi
2840 5043 3143 5103 ἀπέστειλεξ

2151 5123 2263 5191 (31)
2292 5126 2419 5192 Seg.
2473 5121 2679 5178 Μωσεῑ.
2713 5119 2825 5175 Alii
2877 5124 2934 5175 et
2981 5119 3121 5175 editi
3167 5121 3364 5187 Μωσῆ.
3399 5117 3724 5191 Scriptura,

2080 5198 2309 5247 Μωϋσῆ.

2151 5213 2754 5336 ἴῖἓσῖὶίῖθείυε-οοάσκ,
2805 5265 3038 5336 Seguer.
3078 5260 3470 5336 etBasiliens.
3500 5261 3729 5336 addunt

2080 5334 2108 5389 ὁ
2138 5331 2363 5402 Μωσῆς,
2388 5331 2548 5404 quod
2580 5334 2864 5406 omittunt
2888 5331 2994 5388 alii
3023 5333 3303 5406 cditique.
3331 5333 3487 5406 _Mox
3515 5331 3727 5406 Regius

2081 5412 2139 5463 et
2167 5402 2643 5479 εθμυθιεὶᾇῃηχρη
2655 5402 3095 5479 ματίζοιεμεεῐετί
3129 5402 3485 5479 σιἐᾶὶιὶ,χρη
3497 5403 3725 5475 ματίζει.

2152 5474 2264 5545 (33)
2295 5474 2637 5532 Basiliensis
2658 5474 2721 5531 et
2747 5474 2970 5546 Anglic.
3002 5474 3199 5545 ἦνωτε.

2152 5543 2393 5620 (34)»Sic
2422 5548 2634 5620 Regius
2664 5553 2722 5604 et
2748 5543 2977 5620 Seguer.
3028 5543 3113 5620 At
3143 5546 3241 5604 alii
3272 5549 3326 5602 et
3358 5543 3497 5620 editi
3552 5545 3731 5620 omit»-

2081 5615 2217 5745 tpnt
2242 5615 2333 5705 τὸν
2364 5615 2641 5690 Ἰωάννην.
2674 5615 2898 5677 Ibidem
2931 5618 3114 5677 Busil.
3166 5622 3223 5677 et
3268 5616 3490 5690 Anglic.
3553 5615 3647 5690 μὲν
3673 5615 3728 5672 ἓν

2082 5711 2106 5745 ε
2130 5711 2240 5745 ναι.

2082 5711 2240 5748 ειναι.
