4076 6346
405 417 526 483 519

961 417 1026 476 S.
1072 409 1496 474 ATHANASII
1543 413 1716 476 OPP.
1765 410 1964 474 PARS
2007 408 2056 472 ῐ.

2193 409 2614 472 HISTORICA
2659 413 2758 472 ET
2807 413 3275 476 DOGMATICA.

3703 415 3825 475 520

407 551 612 616 fuisse,
643 553 701 605 et
729 547 887 620 apud
923 547 1098 603 Deum
1129 561 1196 600 ac
1258 551 1438 601 Deum
1490 545 1692 615 fuisse,
1741 543 2057 615 omniaque

2181 541 2299 595 εἶναι
2326 541 2417 596 τὸν
2447 540 2642 617 Λόγον,
2701 542 2789 596 καί
2848 547 3038 599 τοῦτον
3097 545 3234 618 πρὸς
3283 545 3371 599 τὸν
3408 546 3558 615 Θεὸν,
3598 545 3688 600 καὶ
3721 547 3820 602 αὖ·

408 656 514 714 per
540 639 737 712 ipsum
759 639 914 695 facta
931 649 1080 705 esse,
1106 631 1372 706 nihilque
1393 633 1520 690 sine
1539 633 1668 707 ipso
1681 647 1812 690 esse
1832 631 2055 688 factum

410 727 628 784 dicitur
645 725 712 795 ⁸³,
745 727 944 798 aperte
967 723 1224 797 profecto
1252 723 1575 778 ostendunt
1594 723 1790 795 ipsum
1822 735 2058 794 quoque

408 816 707 874 hominem
741 813 842 870 Dei
870 811 1044 869 Verbi
1065 826 1214 884 opus
1234 825 1382 868 esse.
1415 813 1618 884 Itaque
1641 811 1690 867 si
1713 826 1874 881 eum,
1895 813 2058 882 post-

408 922 584 980 quam
616 906 930 975 corruptus
960 905 1072 968 est,
1105 901 1165 956 in
1197 915 1260 958 se
1287 899 1571 973 suscepit,
1605 903 1673 956 ut
1713 900 1908 972 ipsum
1937 902 2058 956 sta-

406 993 510 1051 bili
528 998 588 1050 et
605 993 774 1049 ﬁrma
793 990 887 1048 sui
901 989 1280 1047 renovatione
1297 995 1580 1062 perpetuo
1597 1003 2058 1063 permansurum

403 1082 692 1152 reﬁceret,
721 1095 902 1154 quam
933 1078 1174 1153 quidem
1213 1078 1287 1135 ob
1317 1093 1556 1135 causam
1589 1078 1781 1134 eidem
1813 1093 1876 1135 se
1922 1093 2063 1134 con-

399 1171 621 1246 junxit,
653 1174 721 1227 ut
753 1168 923 1226 illum
953 1168 1014 1224 in
1047 1171 1266 1226 sortem
1297 1166 1768 1224 conditionemve
1811 1165 2061 1223 divinio-

407 1277 532 1318 rem
574 1258 947 1334 proveheret:
981 1258 1082 1330 qui
1141 1255 1267 1313 ﬁeri
1297 1260 1487 1330 potest
1535 1259 1600 1312 ut
1654 1255 1914 1312 Verbum
1959 1271 2063 1328 per

409 1348 712 1406 hominem
745 1346 848 1420 qui
875 1362 946 1403 ex
964 1345 1147 1402 Maria
1171 1349 1516 1419 assumptus
1537 1344 1636 1415 sit,
1657 1344 1908 1401 missum
1934 1359 2064 1402 esse

409 1438 664 1504 dicatur,
693 1436 938 1510 ipseque
969 1434 1371 1508 apostolorum
1405 1431 1686 1491 Dominus
1716 1432 1870 1490 inter
1894 1437 2061 1490 cate-

417 1543 516 1584 ros
548 1523 871 1598 apostolos,
913 1540 1124 1597 nempe
1153 1523 1492 1598 prophetas,
1525 1523 1598 1580 ab
1621 1522 1825 1581 eodem
1846 1523 2062 1580 missos

409 1612 790 1673 numeretur?
818 1615 905 1670 An
961 1629 1098 1670 vero
1153 1629 1337 1686 purus
1395 1613 1568 1670 homo
1626 1612 1815 1686 possit
1869 1611 2062 1669 vocari

411 1703 723 1762 Christus?
777 1703 1019 1760 Minime
1065 1707 1250 1760 certe:
1310 1707 1371 1759 at
1425 1702 1618 1759 Verbo
1687 1703 2060 1775 conjunctus,

408 1795 539 1866 iure
570 1793 778 1850 merito
807 1791 1079 1850 Christus
1107 1795 1166 1848 et
1195 1790 1378 1848 Filius
1404 1791 1506 1848 Dei
1532 1793 1726 1864 potest
1754 1790 2062 1864 appellari,

407 1887 560 1942 teste
591 1880 877 1956 propheta
905 1880 1149 1954 quijam
1172 1879 1310 1937 olim
1336 1886 1644 1954 paternam
1664 1877 2061 1936 substantiam

410 1972 720 2029 manifeste
748 1969 835 2026 illi
867 1970 1155 2041 attribuit,
1206 1985 1343 2026 cum
1377 1969 1484 2038 ait,
1517 1971 1582 2026 Et
1609 1971 1834 2026 mittam
1852 1967 2067 2024 Filium

408 2077 592 2119 meum
620 2061 922 2120 Christum.
957 2060 1127 2133 Apud
1157 2060 1481 2116 Jordanem
1522 2057 1726 2115 audita
1771 2059 1914 2114 item
1943 2057 2067 2114 hinc

409 2167 520 2207 vox
539 2152 650 2217 est,
703 2151 802 2206 Hic
829 2151 907 2205 est
965 2148 1146 2204 Filius
1203 2163 1354 2204 meus
1410 2147 1713 2204 dilectus”.
1761 2145 2066 2219 Siquidem

411 2237 676 2312 impletis
706 2235 1040 2310 promissis,
1063 2239 1218 2293 recte
1246 2237 1340 2292 his
1368 2236 1566 2293 verbis
1585 2235 1871 2292 indicavit
1895 2234 2066 2292 illum

413 2341 544 2384 esse
571 2342 749 2398 quem
780 2342 844 2382 se
875 2325 1110 2382 misisse
1143 2325 1388 2382 dixerat.

484 2415 578 2472 34.
612 2417 946 2486 Utrumque
971 2429 1110 2486 ergo
1138 2412 1438 2470 Christum
1469 2429 1598 2470 esse
1638 2411 2065 2486 intelligamus,

415 2503 670 2561 Verbum
703 2502 924 2560 scilicet
952 2501 1242 2573 divinum,
1274 2501 1501 2559 homini
1531 2519 1601 2559 ex
1635 2502 1816 2560 Maria
1837 2517 2068 2586 assum:

417 2598 518 2666 pte
539 2592 600 2648 in
631 2591 814 2648 Maria
841 2592 1245 2664 coniunctum.
1277 2591 1534 2649 Verbum
1569 2592 1726 2648 enim
1786 2591 1900 2649 sibi
1951 2591 2067 2664 ipe1

418 2683 664 2738 domum
692 2681 752 2736 in
784 2682 914 2754 ejus
952 2685 1120 2738 utero
1180 2681 1504 2749 fabricavit,
1566 2681 2067 2754 quemadmodum

419 2769 562 2827 olim
606 2769 893 2826 Adamum
925 2784 994 2825 ex
1023 2771 1178 2824 terra
1209 2767 1581 2837 formaverat,
1635 2767 1755 2826 imo
1784 2767 2070 2826 diviniora

417 2863 576 2917 certo
607 2858 804 2926 modo,
836 2871 948 2929 quo
978 2857 1050 2914 de
1079 2855 1379 2928 Salomon,
1413 2856 1514 2930 qui
1562 2858 1817 2914 Verbum
1851 2857 2070 2930 optime

417 2951 658 3005 noverat
671 2947 1025 3020 sapientiam
1044 2946 1348 3020 appellari,
1376 2946 1700 3020 sicloquitu
1710 2965 1754 3004 r.
1776 2948 2069 3020 Sapientia

417 3037 716 3109 aediﬁcavit
745 3037 857 3092 sibi
885 3035 1196 3093 domum“:
1257 3052 1435 3108 quam
1495 3035 1890 3108 interpretans
1919 3036 2067 3108 Apo-

421 3125 606 3183 stolus
639 3125 740 3192 ait,
772 3125 927 3196 cujus
953 3140 1052 3182 nos
1080 3124 1275 3182 domus
1299 3125 1457 3182 510
1477 3139 1674 3181 sumus
1690 3124 1756 3194 ⁴⁸,
1809 3123 2068 3196 alibique

421 3213 742 3286 templum“
771 3212 1064 3286 appellat:
1099 3218 1390 3286 quatenus
1428 3228 1638 3286 nempe
1667 3217 1782 3270 Deo
1811 3213 1978 3270 decet
2006 3213 2066 3270 in

2163 630 2253 684 τὸν
2287 631 2437 704 Θεὸν,
2471 631 2559 686 καὶ
2616 632 2791 687 πάντα
2849 629 2918 688 δι’
2949 632 3134 702 αὐτοῦ,
3193 634 3282 688 καὶ
3314 635 3490 709 χωρὶς
3521 633 3686 690 αὐτοῦ
3724 656 3814 712 γε-

2165 720 2420 792 γενῆσθαι
2451 721 2566 793 (35)
2599 717 2792 794 μηδὲν,
2825 719 3053 794 πλάσμα
3081 725 3178 778 τοῦ
3210 726 3342 776 Θεοῦ
3399 721 3578 799 Λόγου
3629 728 3816 802 σαφῶς

2165 806 2254 862 καὶ
2307 808 2400 863 τὸν
2461 807 2746 885 ἄνθρωπον
2809 808 3073 865 δείκνυσιν
3133 810 3420 888 ὑπάρχειν.
3480 811 3542 866 Ei
3609 812 3817 886 τοίνυν,

2165 899 2360 952 τοῦτον
2393 899 2732 974 σαθρωθέντα
2764 901 2875 972 (36)
2907 898 2982 962 εἷς
3031 899 3218 954 ἑαυτὸν
3269 895 3598 974 λαϐόμενος,
3645 899 3812 957 πάλιν

2169 985 2493 1056 ἀνακαινίζει
2546 983 2636 1042 διὰ
2680 993 2783 1057 τῆς
2809 983 3035 1064 βεϐαίας
3084 987 3248 1044 αὐτοῦ
3294 987 3640 1053 ἀνανεώσεως
3682 991 3820 1066 πρὸς

2169 1070 2436 1148 διαμονὴν
2469 1073 2851 1147 ἀτελεύτητον,
2880 1077 2967 1132 καὶ
3003 1073 3094 1132 διὰ
3115 1080 3276 1133 τοῦτο
3309 1077 3521 1133 ἑνοῦται
3561 1077 3637 1142 εἷς
3671 1090 3816 1144 θειο-

2166 1163 2323 1240 τέραν
2385 1163 2592 1241 ἀνάγων
2806 1165 2968 1222 αὐτὸν
3012 1163 3192 1238 λῆξιν·
3242 1170 3360 1230 πῶς
3401 1166 3513 1222 οἶόν
3551 1188 3610 1222 τε
3641 1166 3818 1244 λέγειν

2169 1246 2260 1306 διὰ
2281 1255 2377 1307 τοῦ
2425 1250 2484 1308 ἐκ
2526 1251 2733 1328 Μαρίας
2781 1253 3066 1330 ἀνθρώπου
3116 1255 3206 1310 τὸν
3252 1253 3432 1330 Λόγον
3484 1252 3825 1320 ἀπεστάλθαι

2167 1340 2257 1395 καὶ
2287 1346 2404 1404 τοῖς
2437 1347 2662 1405 Λοιποῖς
2689 1341 3043 1410 ἀποστολοις,
3074 1340 3219 1420 λέγω
3250 1340 3316 1414 δὴ
3349 1345 3464 1418 (38)
3484 1346 3812 1422 προφήταις,

2167 1428 2522 1486 ἀποσταλεῖσι
2552 1431 2680 1508 παρ’
2724 1432 2888 1488 αὐτοῦ
2908 1438 3254 1506 συναριθμεῖν
3286 1433 3378 1488 τὸν
3434 1438 3542 1488 τῶν
3576 1433 3810 1489 diros-16-

2169 1515 2284 1574 λων
2316 1516 2550 1595 Κύριον;
2585 1524 2708 1583 Πῶς
2741 1517 2800 1576 δὲ
2827 1521 2917 1576 καὶ
3092 1519 3325 1592 κληθείη
3375 1521 3604 1597 Χριστὸς
3650 1520 3818 1597 ψιλὸς

2170 1604 2490 1684 ἄνθρωποςξ
2524 1609 2832 1682 Ἡνωμένος
2863 1606 2921 1665 δὲ
2950 1613 3031 1683 τῷ
3078 1608 3266 1685 Λόγῳ,
3317 1609 3542 1673 είκότως
3591 1631 3822 1687 χρημα-

2168 1696 2308 1767 τίζοι
2337 1696 2584 1773 Χριστὸς,
2623 1697 2711 1754 καὶ
2771 1699 2892 1761 Υἱὸς
2940 1695 3095 1772 Θεοῦ,
3143 1696 3342 1755 ἄνωθεν
3386 1703 3484 1754 τοῦ
3535 1702 3648 1775 (40)
3689 1720 3824 1780 προσ

2171 1787 2347 1864 φήτου
2393 1791 2575 1862 σαφῶς
2640 1783 3005 1859 ἐπιϐοήσαντος
3053 1788 3152 1858 τήν
3201 1790 3471 1866 πατρικὴν
3528 1789 3821 1846 ὑπόστασιν

2171 1877 2291 1950 περὶ
2325 1875 2510 1943 αὐτοῦ,
2541 1875 2632 1930 καὶ
2663 1875 2928 1939 εἰπόντος⁸
2963 1877 3060 1932 Καὶ
3113 1875 3402 1933 ἀποστελῶ
3427 1875 3520 1933 τόν
3554 1877 3677 1933 Υἱόν
3714 1899 3823 1953 μου

2171 1965 2262 2021 τὸν
2297 1959 2543 2038 Χριστόν·
2575 1963 2665 2019 καὶ
2697 1963 2750 2020 tv
2779 1969 2861 2037 τῷ
2894 1961 3160 2040 Ἰορδάνῃ·
3203 1965 3379 2030 Οὗτός
3428 1965 3568 2022 ἔστιν
3619 1967 3647 2022 6
3697 1967 3822 2032 Υἱός

2178 2075 2282 2129 μου
2315 2054 2344 2108 6
2388 2053 2686 2131 ἆγάπητός.
2749 2051 3145 2129 Ἐκπληρώσας
3195 2054 3296 2132 γὰρ
3347 2056 3446 2126 τήν
3503 2056 3824 2134 ὑπόσχεσιν,

2174 2141 2398 2205 εἰκότως
2431 2139 2721 2214 ὗπέδειξεν,
2755 2143 2831 2205 ὡς
2861 2141 3018 2206 οὗτός
3050 2142 3189 2199 ἐστιν
3223 2145 3280 2199 ὃν
3315 2147 3460 2200 εἶπεν
3489 2147 3604 2220 (41)
3652 2145 3821 2202 ἀποσ·

2173 2230 2350 2287 τεῖλαι
2361 2275 2376 2290 .

2247 2411 2334 2465 34.
2405 2409 2476 2464 Τὸ
2547 2410 2730 2465 τοίνυν
2802 2410 3206 2488 συναμφότερον
3284 2415 3492 2486 νοῶμεν
3570 2413 3828 2488 Χριστὸν,

2175 2497 2350 2573 Λόγον
2381 2498 2471 2553 τὸν
2506 2503 2649 2562 θεῖον
2681 2499 2968 2574 ἡνωμένον
2997 2504 3077 2573 τῷ
3128 2499 3187 2556 ἐκ
3233 2500 3441 2576 Μαρίας
3488 2501 3538 2557 tv
3592 2506 3661 2578 τῇ
3709 2509 3829 2558 Μα-

2177 2587 2286 2664 ρίᾳ.
2348 2587 2435 2644 Ἐν
2493 2588 2596 2663 γὰρ
2644 2586 2714 2663 τῇ
2770 2589 2972 2660 ταύτης
3019 2588 3183 2658 νηδύϊ
3227 2591 3256 2644 6
3299 2589 3470 2665 Λόγος
3528 2589 3702 2664 ἑαυτῷ
3731 2591 3824 2647 τὸν

2176 2679 2325 2732 οἷκον
2359 2674 2708 2746 διεπλάσατο,
2741 2679 2799 2732 ὃν
2833 2677 3036 2752 τρόπον
3067 2677 3118 2749 ἐξ
3174 2678 3354 2755 ἀρχῆς
3401 2681 3492 2734 τὸν
3543 2676 3718 2753 ’Λδὰμ
3766 2679 3827 2737 ἐκ

2173 2773 2275 2837 τῆς
2303 2771 2424 2843 γῆς·
2462 2764 2677 2840 μᾶλλον
2710 2763 2768 2822 δὲ
2817 2768 3101 2844 θειοτέρως
3129 2769 3256 2845 περὶ
3304 2767 3366 2823 οὗ
3410 2769 3499 2824 καὶ
3550 2768 3823 2842 Σολομῶν

2176 2875 2308 2935 φησι
2342 2857 2476 2928 (42),
2497 2855 2587 2910 τὸν
2618 2855 2792 2930 Λόγον
2827 2853 2985 2920 εἰδὼς
3016 2856 3105 2912 καὶ
3138 2856 3327 2935 σοφίαν
3370 2858 3818 2934 χρηματίζουσαν

2177 2951 2439 3022 φανερῶς.
2472 2946 2537 3004 Ἦ
2569 2944 2748 3024 Σοφία
2776 2943 3132 3019 ᾠκοδόμησεν
3189 2945 3350 3021 ἑαυτῇ
3401 2946 3571 3001 οἶκον·
3626 2945 3684 3001 ὅν
3729 2947 3821 3002 καὶ

2176 3036 2204 3091 6
2236 3032 2572 3096 ’Δπόστολος
2621 3033 2932 3108 ἑρμηνεύων
2980 3033 3148 3111 λέγει,
3209 3035 3269 3090 οὗ
3321 3037 3434 3108 (43)
3477 3034 3628 3098 οἶκός
3661 3033 3821 3109 ἐσμεν

2174 3125 2358 3198 ἡμεῖς’
2415 3121 2506 3178 καὶ
2565 3119 2820 3198 ἀλλαχοῦ
2895 3120 2954 3178 δὲ
2999 3123 3123 3179 ναὸν
3166 3122 3576 3200 προσαγορεύει,
3635 3126 3823 3182 καθότι

2174 3213 2379 3288 πρέπον
2433 3214 2550 3284 Θεῷ
2593 3209 2646 3266 έν
2693 3216 2808 3285 ναῷ
2856 3217 3144 3284 κατοικεῖν,
3199 3213 3261 3268 οὗ
3305 3211 3392 3268 καί
3425 3212 3607 3269 εἰκόνα
3634 3214 3734 3284 τὴν
3767 3213 3827 3271 ἐκ

420 3301 644 3375 templo
671 3301 969 3371 habitare;
994 3301 1166 3373 cujus
1206 3302 1458 3374 ﬁguram
1489 3301 1750 3374 antiquis
1800 3301 2068 3374 patribus

2181 3301 2349 3366 Λίθων
2379 3305 2494 3362 τοῖς
2541 3299 2798 3363 παλαιοῖς
2847 3301 3042 3371 κτίζειν
3099 3299 3191 3358 διὰ
3243 3300 3612 3376 Σολομῶντος
3659 3323 3827 3380 προσ-

424 3405 529 3464 per
551 3388 920 3446 Salomonem
943 3389 1206 3459 jusserat
1223 3405 1291 3446 ex
1307 3388 1606 3462 lapidibus
1624 3390 2029 3447 aediﬁcandam
2054 3406 2069 3449 :

420 3479 580 3536 unde
607 3484 807 3535 exorta
834 3479 1101 3547 veritate,
1133 3479 1323 3550 ﬁgura
1351 3479 1606 3535 evanuit.
1640 3483 1904 3551 Namque
1935 3495 2072 3538 cum

418 3567 625 3642 perﬁdi
646 3567 834 3624 Judaei
875 3566 1122 3640 ﬁguram
1139 3567 1354 3625 vellent
1373 3569 1678 3625 veritatem
1711 3568 1900 3642 ipsam
1919 3585 2070 3640 esse,

417 3673 739 3730 verumque
767 3661 1022 3714 evertere
1045 3657 1384 3726 aadiﬁcium,
1416 3658 1572 3730 quod
1604 3673 1711 3714 nos
1733 3658 1908 3715 Verbi
1938 3675 2073 3716 cum

416 3749 629 3804 natura
655 3745 918 3803 humana
947 3747 1422 3818 conjunctionem
1453 3761 1583 3804 esse
1612 3747 1860 3805 ﬁdenter
1886 3746 2071 3805 credi-

419 3851 576 3907 mus,
607 3835 756 3892 nihil
812 3834 929 3892 illis
981 3835 1243 3892 minatus
1291 3840 1380 3892 est
1434 3835 1756 3894 Dominus:
1804 3837 1905 3894 sed
1937 3854 2072 3894 cum

421 3925 604 3996 probe
631 3923 810 3981 sciret
837 3922 1073 3980 illorum
1107 3924 1504 3981 temeritatem
1537 3926 1594 3981 in
1627 3925 1790 3999 ipsos
1819 3926 2076 3983 recidere

421 4013 546 4071 hinc
577 4015 649 4072 ad
681 4029 784 4071 eos
814 4013 989 4069 dixit:
1019 4013 1222 4070 Solvite
1249 4015 1520 4087 (emplum
1550 4015 1668 4082 hoc,
1708 4020 1761 4072 et
1806 4017 1867 4072 in
1896 4017 2078 4072 tribus

431 4103 623 4160 diebus
642 4104 892 4161 excitabo
913 4101 1129 4160 illud".
1161 4103 1387 4169 Quibus
1415 4103 1608 4160 verbis
1637 4103 1792 4161 clare
1820 4105 2078 4161 ostendit

417 4193 683 4250 Salvator
709 4197 923 4266 sponte
952 4197 1010 4250 et
1039 4209 1109 4250 ex
1147 4209 1210 4250 se
1240 4191 1484 4250 dissolvi
1536 4193 1842 4250 hominum
1874 4209 2071 4267 opera.

424 4281 549 4340 Nisi
579 4281 738 4338 enim
769 4283 1058 4340 Dominus
1087 4282 1458 4340 aediﬁcaverit
1486 4283 1752 4355 domum,
1795 4288 1853 4340 et
1875 4287 2074 4341 custo-

421 4370 595 4428 dierit
624 4371 940 4444 civitatem,
971 4372 1192 4430 frustra
1221 4371 1492 4430 laborant
1519 4373 1898 4443 aediﬁcantes,
1922 4377 1980 4429 et
1998 4373 2076 4429 vi-

422 4457 612 4531 gilant
631 4461 1031 4518 custodientes
1069 4461 1134 4518 “.
1170 4463 1372 4535 Itaque
1415 4479 1543 4535 quis
1573 4461 1812 4536 quidem
1841 4461 2077 4520 Judaeu-

423 4562 556 4604 rum
587 4552 776 4616 erant,
801 4549 1034 4622 penitus
1055 4553 1193 4607 sunt
1211 4549 1521 4620 dissoluta,
1539 4550 1760 4624 quippe
1780 4566 1914 4608 cum
1936 4566 2078 4608 non-

2179 3390 2354 3461 έταξεν
2386 3390 2521 3464 (44)·
2555 3387 2675 3444 ὅθεν
2701 3391 2800 3459 τῆς
2833 3387 3092 3461 ἀληθείσς
3139 3390 3418 3469 φανείσης,
3471 3391 3736 3448 πέπαυται
3788 3394 3825 3462 ἡ

2181 3478 2364 3537 εἰκών.
2398 3475 2722 3550 Βουληθεῖσι
2746 3479 2849 3555 γὰρ
2879 3485 2997 3542 τοῖς
3027 3479 3310 3558 άγνώμοσι
3339 3481 3436 3550 τήν
3489 3478 3670 3538 εἷκὸνα
3718 3479 3829 3537 δεῖ·

2181 3569 2264 3641 εαι
2297 3566 2580 3639 ἀλήθειαν,
2635 3569 2733 3637 τήν
2784 3564 2842 3624 δὲ
2888 3567 3075 3638 ἀληθῆ
3121 3567 3360 3641 οἴκησιν,
3405 3571 3472 3640 ἢν
3522 3570 3610 3627 καὶ
3638 3567 3832 3626 ἕνωσιν

2182 3662 2363 3736 σαφῶς
2420 3657 2786 3731 πιστεύομεν,
2833 3656 3122 3728 καθελεῖν,
3172 3656 3271 3714 οὒκ
3333 3658 3650 3731 ηπείλησενο
3702 3658 3832 3716 ἀλλ’

2182 3745 2360 3820 εἰδὼς,
2411 3746 2488 3810 ὡς
2537 3745 2688 3802 αὐτοὶ
2747 3749 2867 3802 καθ’
2917 3747 3122 3803 ἑαυτῶν
3171 3752 3456 3821 τολμῶσι,
3516 3749 3676 3828 φησὶν
3737 3747 3834 3804 αύ-

2179 3841 2299 3899 τοῖς
2357 3837 2492 3910 (45)⁶
2554 3835 2759 3891 Δύσατε
2811 3836 2906 3891 τὸν
2952 3837 3080 3891 ναὸν
3137 3840 3353 3907 τοῦτον,
3411 3838 3500 3892 καὶ
3554 3837 3606 3892 tv
3655 3838 3830 3914 τρισὶν

2181 3925 2417 4002 ἡμέραις
2466 3923 2635 4001 ἐγερῶ
2709 3925 2898 3980 αὐτόν·
2970 3929 3154 4004 σαφῶς
3215 3921 3422 3987 δεικνὺς
3479 3927 3507 3982 6
3564 3925 3834 4002 ἡμέτερος

2187 4016 2404 4088 Σωτὴρ,
2459 4013 2534 4076 ὡς
2584 4013 2652 4068 τὰ
2706 4014 2844 4089 πρὸς
2895 4014 3196 4090 ἀνθρώπων
3243 4011 3675 4088 σπουδαζόμενα,
3736 4015 3832 4070 αὐ-

2179 4101 2333 4158 τόθεν
2365 4100 2480 4178 ἔχει
2530 4102 2630 4171 τήν
2686 4099 2952 4158 διάλυσιν.
3007 4101 3127 4156 Ἐὰν
3173 4102 3275 4177 γὰρ
3325 4103 3401 4177 μὴ
3453 4102 3654 4177 Κύριος
3684 4090 3837 4157 οἰκοέ

2185 4189 2405 4266 δομήσῃ
2439 4190 2616 4260 οἶκον,
2652 4189 2742 4246 καὶ
2775 4189 2989 4268 φυλάξῃ
3039 4189 3222 4261 πόλιν,
3273 4189 3350 4254 εἷς
3403 4190 3577 4265 μάτην
3624 4189 3838 4246 ἐκοπία·

2185 4298 2278 4337 σαν
2309 4281 2361 4337 οἱ
2392 4277 2834 4354 οἰκοδομοῦντες,
2882 4279 2973 4335 καὶ
3025 4277 3380 4356 ἠγρύπνησαν
3425 4280 3476 4336 οἱ
3530 4277 3836 4360 φυλάσσον-

2183 4389 2291 4434 τις.
2322 4369 2397 4425 Τὰ
2419 4369 2601 4425 τοίνυν
2627 4373 2737 4426 τῶν
2773 4370 2885 4444 (46)
2925 4366 3210 4427 Ἰουδαίων
3267 4367 3512 4426 λέλυται·
3565 4369 3688 4426 σκιὰ
3733 4369 3836 4446 γὰρ

2185 4458 2274 4530 ἦν’
2321 4457 2391 4515 τὰ
2437 4455 2496 4514 δὲ
2540 4461 2644 4523 τῆς
2702 4453 3029 4529 Ἐκκλησίας
3086 4455 3343 4536 ἣδρασται
3370 4476 3385 4490 ο
3445 4456 3836 4533 τεθεμελίωται

2186 4549 2292 4626 γὰρ
2323 4547 2411 4604 ἐπὶ
2439 4549 2542 4619 τὴν
2572 4548 2794 4624 πέτραν,
2845 4546 2934 4603 καὶ
2981 4545 3153 4603 πύλαι
3197 4542 3330 4618 ᾅδου
3378 4547 3440 4604 ού
3469 4547 3840 4624 κατισχύσου-

425 4635 542 4694 nisi
571 4637 783 4726 umbra
810 4641 1036 4695 essent:
1069 4638 1302 4695 ﬁrmata
1332 4643 1531 4696 autem
1563 4643 1652 4696 est
1672 4638 1950 4712 Ecclesia,
1983 4644 2068 4696 ut-

2187 4659 2270 4694 σιν
2294 4636 2487 4726 αὐτῆς.
2549 4636 2797 4694 Ἐκείνων
2857 4636 2924 4706 ἦν
2972 4637 3035 4692 τὸ
3081 4635 3282 4711 λέγειν,
3334 4641 3458 4701 Πῶς
3509 4635 3596 4709 σὺ,
3629 4635 3837 4713 ἅνθρω-

424 4729 560 4800 pote
579 4741 711 4801 qusi
738 4725 800 4784 in
831 4731 997 4801 petra
1025 4726 1271 4785 fundata
1299 4733 1422 4796 est;
1465 4743 1657 4802 neque
1693 4732 1873 4801 portis
1903 4727 2068 4786 inferi

2186 4747 2291 4791 πος
2344 4721 2442 4797 ὤν,
2495 4730 2671 4790 ποιεῖς
2727 4724 2948 4782 σεαυτὸν
3021 4725 3184 4798 Θιόν;
3240 4726 3449 4783 τούτων
3507 4726 3753 4801 μαθητὴς
3808 4727 3838 4780 6

500 4842 548 4880 “
573 4847 744 4917 Joan.
807 4861 848 4916 ι,
881 4843 999 4900 1-3.
1056 4844 1103 4881 ⁸³
1131 4843 1335 4903 Matth.
1397 4859 1484 4913 iii,
1537 4844 1626 4903 17.
1687 4845 1734 4882 “
1762 4844 1927 4902 Prov.
1989 4861 2068 4914 ix,

2225 4846 2270 4883 “
2298 4845 2478 4904 Hebr.
2547 4861 2634 4914 iii,
2663 4844 2720 4900 6.
2774 4845 2818 4882 ⁸⁸
2849 4845 2873 4900 l
2903 4847 3030 4902 Cor.
3090 4861 3175 4915 ιιι,
3207 4844 3296 4901 16.
3350 4846 3395 4881 ‘7
3423 4849 3593 4902 Joan.
3656 4861 3718 4915 ii,
3752 4845 3838 4917 19,

423 4914 468 4953 ⁸⁸
499 4915 659 4973 Psal.
693 4914 884 4988 cxxvi,
911 4917 964 4972 1.

505 5031 619 5103 (35)
643 5032 879 5106 Regius,
909 5031 1249 5106 Seguerian.
1283 5031 1460 5106 Basil.
1491 5031 1719 5106 Anglic.
1752 5037 1828 5106 et,
1850 5033 2082 5092 Gobler.

433 5103 780 5235 gglgvﬁaeai.
824 5103 1027 5162 Ceteri
1077 5122 1213 5162 cum
1265 5103 1522 5162 editione
1577 5103 1856 5164 Commel.
1900 5125 2084 5184 γεγεν-

463 5193 497 5235 η
572 5192 648 5230 αμ

429 5190 648 5230 νησθαμ

487 5207 733 5330 :Ita
764 5245 998 5330 Regius,
1029 5251 1264 5330 Seguer.
1297 5247 1476 5304 Basil.
1509 5252 1566 5304 et
1595 5248 1822 5330 Anglic.
1853 5249 1920 5304 ln
1941 5246 2085 5330 aliis

430 5319 488 5396 et
512 5314 808 5396 editi_s_icu_l
837 5314 1015 5396 deest.
1053 5314 1184 5376 Mox
1211 5336 1359 5396 mss.
1393 5335 1620 5396 omnes,
1651 5314 1842 5375 τοῦτον
1873 5320 2082 5396 σαθρω·

431 5387 613 5466 Otvfgu.
640 5388 815 5466 Editi,
847 5393 1010 5466 τοῦτο
1048 5389 1387 5466 σαρκωθέντα
1414 5387 1714 5450 ωειιὰὸεο.

504 5461 620 5537 <37.)
647 5461 952 5537 Αοςιίοαρς
986 5460 1196 5537 Mm.

529 5529 620 5606 38)
649 5529 870 5606 Anglic,
899 5529 978 5588 δέ.

649 5538 870 5617 Apglic,
897 5538 978 5619 δέ.
1533 5605 1567 5622 η
1795 5606 1807 5620 .
1843 5605 1855 5618 .

434 5674 544 5730 καί.
650 5609 746 5663 Sic
775 5611 986 5680 Regius
1015 5612 1070 5664 et
1099 5607 1332 5678 Seguer.
1374 5605 1440 5663 In
1472 5606 1603 5665 aliis
1633 5611 1690 5664 et
1717 5607 1891 5665 editis
1921 5607 2086 5666 deest

504 5745 618 5823 (40)
645 5749 754 5803 Τοῦ
783 5747 950 5810 abest
975 5765 1012 5810 a
1037 5753 1178 5824 Reg.
1210 5753 1268 5809 et
1299 5750 1536 5824 Seguer.

2288 5033 2380 5105 41)
2411 5033 2622 5105 Regius
2652 5035 2710 5090 et
2735 5036 2969 5102 Seguer.
3003 5029 3060 5086 ὅν
3094 5029 3264 5105 εἷπον.

2288 5033 2351 5090 41
2411 5033 2622 5105 Regius
2652 5035 2710 5090 et
2735 5036 2969 5102 Seguer.
3003 5033 3060 5086 6'v
3094 5033 3264 5089 εἶπον.

2260 5033 2380 5178 (42)
2407 5110 2496 5161 Ita
2525 5105 2760 5178 Regius,
2784 5105 3029 5178 “Seguer.
3051 5104 3232 5178 iBasil.
3250 5109 3322 5178 get
3371 5105 3676 5178 Anglican.
3726 5103 3843 5178 Alii

2189 5170 2552 5268 autemncum
2583 5170 2755 5234 editis
2782 5170 2907 5252 ἔφη’.
2943 5175 3089 5233 ibid.
3120 5176 3426 5248 Anglican.
3467 5170 3708 5234 'omittit
3747 5173 3840 5230 καί

2193 5253 2330 5322 post
2359 5247 2541 5308 εῗδώς.
2822 5247 2833 5252 ⁷
3228 5247 3234 5248 ’

2230 5319 2379 5393 “(13)
2409 5319 2585 5393 Basil,
2615 5322 2673 5374 et
2699 5317 3001 5393 Anglican.
3034 5315 3115 5380 ὅς.
3150 5319 3328 5377 Paulo
3362 5320 3515 5393 posti
3537 5319 3683 5377 dem
3719 5321 3842 5376 An-

2191 5388 2346 5466 glic.
2361 5388 2598 5466 καθάπερ
2629 5388 2836 5466 πρέπον
2847 5432 2860 5448 .

2286 5463 2376 5556 ’23)
2403 5461 2970 5556 ἓὲείάὲιέξδθειέθν·
3001 5461 3384 5554 πρισέτεξττῑν·
3582 5538 3633 5556 ,ι

2263 5533 2376 5607 (45)
2402 5533 2541 5607 Reg.
2589 5539 2646 5591 et
2699 5533 2934 5608 Seguer.
2980 5533 3144 5609 φησὶν
3185 5533 3371 5596 αὐτοῖς
3413 5533 3531 5590 Alii
3578 5538 3637 5592 et
3676 5533 3842 5606 editi,

2190 5598 2292 5668 ἔφη
2324 5604 2534 5668 αὐτοῖς.

2191 5623 2744 5811 Ζῖζῖἕῖἓίξᾟθείυε
2798 5681 2858 5736 et
2913 5681 3152 5752 Seguer.
3195 5681 3263 5735 In
3289 5676 3422 5736 aliis
3449 5681 3508 5735 et
3534 5676 3710 5736 editis
3734 5681 3842 5734 τῶν
