  <div class='ocr_page' id='page_1' title='image "/cluster/home/n/w/nwhite01/storage/ocr_20150623/26/hvd.32044019208479/328.png"; bbox 0 0 4076 6402; ppageno 0'>
   <div class='ocr_carea' id='block_1_1' title="bbox 274 497 388 558">
    <p class='ocr_par' dir='ltr' id='par_1_1' title="bbox 274 497 388 558">
     <span class='ocr_line' id='line_1_1' title="bbox 274 497 388 558; baseline 0 -1"><span class='ocrx_word' id='word_1_1' title='bbox 274 497 388 558; x_wconf 75' lang='lat'>52!</span> 
     </span>
    </p>
   </div>
   <div class='ocr_carea' id='block_1_2' title="bbox 1385 486 2563 559">
    <p class='ocr_par' dir='ltr' id='par_1_2' title="bbox 1385 486 2563 559">
     <span class='ocr_line' id='line_1_2' title="bbox 1385 486 2563 559; baseline -0.007 -8"><span class='ocrx_word' id='word_1_2' title='bbox 1385 489 1678 559; x_wconf 69' lang='lat' dir='ltr'>ORATIO</span> <span class='ocrx_word' id='word_1_3' title='bbox 1723 488 1802 551; x_wconf 83' lang='grc' dir='ltr'>ιν</span> <span class='ocrx_word' id='word_1_4' title='bbox 1842 487 2155 550; x_wconf 82' lang='lat' dir='ltr'>CONTRA</span> <span class='ocrx_word' id='word_1_5' title='bbox 2197 486 2563 550; x_wconf 80' lang='lat' dir='ltr'>ABIANOS.</span> 
     </span>
    </p>
   </div>
   <div class='ocr_carea' id='block_1_3' title="bbox 3570 489 3687 552">
    <p class='ocr_par' dir='ltr' id='par_1_3' title="bbox 3570 489 3687 552">
     <span class='ocr_line' id='line_1_3' title="bbox 3570 489 3687 552; baseline 0.026 -3"><span class='ocrx_word' id='word_1_6' title='bbox 3570 489 3687 552; x_wconf 69' lang='lat'>523</span> 
     </span>
    </p>
   </div>
   <div class='ocr_carea' id='block_1_4' title="bbox 274 645 1935 729">
    <p class='ocr_par' dir='ltr' id='par_1_4' title="bbox 274 646 1925 729">
     <span class='ocr_line' id='line_1_4' title="bbox 274 646 1925 729; baseline -0.004 -19"><span class='ocrx_word' id='word_1_7' title='bbox 274 651 629 729; x_wconf 72' lang='grc' dir='ltr'>Σαμοσατεὺς</span> <span class='ocrx_word' id='word_1_8' title='bbox 687 651 920 728; x_wconf 62' lang='grc' dir='ltr'>ὑπάρχει</span> <span class='ocrx_word' id='word_1_9' title='bbox 956 669 970 682; x_wconf 76' lang='grc'><strong><em>⁸</em></strong></span> <span class='ocrx_word' id='word_1_10' title='bbox 1020 647 1136 706; x_wconf 73' lang='grc' dir='ltr'>ὅθεν</span> <span class='ocrx_word' id='word_1_11' title='bbox 1196 648 1424 713; x_wconf 78' lang='grc' dir='ltr'>εἳκότως</span> <span class='ocrx_word' id='word_1_12' title='bbox 1471 648 1538 704; x_wconf 73' lang='grc' dir='ltr'>τὰ</span> <span class='ocrx_word' id='word_1_13' title='bbox 1583 650 1711 725; x_wconf 85' lang='grc' dir='ltr'>παρ’</span> <span class='ocrx_word' id='word_1_14' title='bbox 1760 646 1925 703; x_wconf 81' lang='grc' dir='ltr'>αὐτοῦ</span> 
     </span>
    </p>
   </div>
   <div class='ocr_carea' id='block_1_5' title="bbox 2056 645 3688 729">
    <p class='ocr_par' dir='ltr' id='par_1_5' title="bbox 2056 645 3688 720">
     <span class='ocr_line' id='line_1_5' title="bbox 2056 645 3688 720; baseline 0.001 -15"><span class='ocrx_word' id='word_1_15' title='bbox 2056 650 2322 706; x_wconf 81' lang='lat' dir='ltr'>:dversus</span> <span class='ocrx_word' id='word_1_16' title='bbox 2342 663 2471 705; x_wconf 89' lang='lat' dir='ltr'>eam</span> <span class='ocrx_word' id='word_1_17' title='bbox 2499 646 2897 720; x_wconf 78' lang='lat' dir='ltr'>praevalebunt</span> <span class='ocrx_word' id='word_1_18' title='bbox 2918 646 2983 702; x_wconf 77' lang='lat'>“.</span> <span class='ocrx_word' id='word_1_19' title='bbox 3028 645 3269 704; x_wconf 92' lang='lat' dir='ltr'>Illorum</span> <span class='ocrx_word' id='word_1_20' title='bbox 3300 651 3427 706; x_wconf 85' lang='lat' dir='ltr'>erat</span> <span class='ocrx_word' id='word_1_21' title='bbox 3455 649 3645 707; x_wconf 82' lang='lat' dir='ltr'>dicere</span> <span class='ocrx_word' id='word_1_22' title='bbox 3672 665 3688 707; x_wconf 91' lang='lat'>:</span> 
     </span>
    </p>
   </div>
   <div class='ocr_carea' id='block_1_6' title="bbox 274 736 1931 819">
    <p class='ocr_par' dir='ltr' id='par_1_6' title="bbox 274 736 1931 819">
     <span class='ocr_line' id='line_1_6' title="bbox 274 736 1931 819; baseline -0.005 -19"><span class='ocrx_word' id='word_1_23' title='bbox 274 751 392 807; x_wconf 74' lang='grc' dir='ltr'>τοῖς</span> <span class='ocrx_word' id='word_1_24' title='bbox 442 742 606 799; x_wconf 82' lang='grc' dir='ltr'>αὐτοῦ</span> <span class='ocrx_word' id='word_1_25' title='bbox 643 739 994 819; x_wconf 86' lang='grc' dir='ltr'>ἀπαγγέλλει.</span> <span class='ocrx_word' id='word_1_26' title='bbox 1045 737 1199 799; x_wconf 85' lang='grc' dir='ltr'>Ἀλλ’</span> <span class='ocrx_word' id='word_1_27' title='bbox 1234 741 1401 815; x_wconf 80' lang='grc' dir='ltr'>ᾑμεῖς</span> <span class='ocrx_word' id='word_1_28' title='bbox 1443 738 1552 814; x_wconf 77' lang='grc' dir='ltr'>οὐχ</span> <span class='ocrx_word' id='word_1_29' title='bbox 1598 737 1767 799; x_wconf 75' lang='grc' dir='ltr'>οὕτως</span> <span class='ocrx_word' id='word_1_30' title='bbox 1800 736 1931 811; x_wconf 77' lang='grc' dir='ltr'>ἐμά-</span> 
     </span>
    </p>
   </div>
   <div class='ocr_carea' id='block_1_7' title="bbox 276 827 1932 908">
    <p class='ocr_par' dir='ltr' id='par_1_7' title="bbox 276 827 1932 908">
     <span class='ocr_line' id='line_1_7' title="bbox 276 827 1932 908; baseline -0.005 -18"><span class='ocrx_word' id='word_1_31' title='bbox 276 837 445 908; x_wconf 90' lang='grc' dir='ltr'>θομεν</span> <span class='ocrx_word' id='word_1_32' title='bbox 482 831 575 888; x_wconf 80' lang='grc' dir='ltr'>τὸν</span> <span class='ocrx_word' id='word_1_33' title='bbox 625 830 879 904; x_wconf 83' lang='grc' dir='ltr'>Χριστὸν,</span> <span class='ocrx_word' id='word_1_34' title='bbox 928 830 1039 905; x_wconf 65' lang='grc' dir='ltr'>εἴγε</span> <span class='ocrx_word' id='word_1_35' title='bbox 1087 828 1244 885; x_wconf 78' lang='grc' dir='ltr'>αὐτὸν</span> <span class='ocrx_word' id='word_1_36' title='bbox 1302 827 1636 903; x_wconf 72' lang='grc' dir='ltr'>ᾖκούσαμιν,</span> <span class='ocrx_word' id='word_1_37' title='bbox 1683 828 1775 882; x_wconf 86' lang='grc' dir='ltr'>καὶ</span> <span class='ocrx_word' id='word_1_38' title='bbox 1805 828 1932 903; x_wconf 89' lang='grc' dir='ltr'>παρ’</span> 
     </span>
    </p>
   </div>
   <div class='ocr_carea' id='block_1_8' title="bbox 277 916 1930 995">
    <p class='ocr_par' dir='ltr' id='par_1_8' title="bbox 277 916 1930 995">
     <span class='ocr_line' id='line_1_8' title="bbox 277 916 1930 995; baseline -0.006 -16"><span class='ocrx_word' id='word_1_39' title='bbox 277 923 446 979; x_wconf 69' lang='grc' dir='ltr'>αὐτοῦ</span> <span class='ocrx_word' id='word_1_40' title='bbox 506 917 873 995; x_wconf 72' lang='grc' dir='ltr'>ἐδιδάχθημεν</span> <span class='ocrx_word' id='word_1_41' title='bbox 933 917 1233 992; x_wconf 87' lang='grc' dir='ltr'>ἀποθέμνοι</span> <span class='ocrx_word' id='word_1_42' title='bbox 1294 918 1386 972; x_wconf 83' lang='grc' dir='ltr'>τὸν</span> <span class='ocrx_word' id='word_1_43' title='bbox 1444 917 1675 972; x_wconf 86' lang='grc' dir='ltr'>παλαιὸν</span> <span class='ocrx_word' id='word_1_44' title='bbox 1732 916 1930 989; x_wconf 79' lang='grc' dir='ltr'>ἂνθρω-</span> 
     </span>
    </p>
   </div>
   <div class='ocr_carea' id='block_1_9' title="bbox 277 1003 1931 1086">
    <p class='ocr_par' dir='ltr' id='par_1_9' title="bbox 277 1003 1931 1086">
     <span class='ocr_line' id='line_1_9' title="bbox 277 1003 1931 1086; baseline -0.005 -19"><span class='ocrx_word' id='word_1_45' title='bbox 277 1034 383 1067; x_wconf 91' lang='grc' dir='ltr'>πον</span> <span class='ocrx_word' id='word_1_46' title='bbox 432 1011 524 1066; x_wconf 87' lang='grc' dir='ltr'>τὸν</span> <span class='ocrx_word' id='word_1_47' title='bbox 576 1007 932 1086; x_wconf 79' lang='grc' dir='ltr'>φθειρόμενον</span> <span class='ocrx_word' id='word_1_48' title='bbox 979 1007 1116 1062; x_wconf 86' lang='grc' dir='ltr'>κατὰ</span> <span class='ocrx_word' id='word_1_49' title='bbox 1161 1006 1258 1069; x_wconf 77' lang='grc' dir='ltr'>τὰς</span> <span class='ocrx_word' id='word_1_50' title='bbox 1305 1004 1597 1079; x_wconf 69' lang='grc' dir='ltr'>ἐπιθυμίας</span> <span class='ocrx_word' id='word_1_51' title='bbox 1641 1011 1741 1074; x_wconf 82' lang='grc' dir='ltr'>τῆς</span> <span class='ocrx_word' id='word_1_52' title='bbox 1795 1003 1931 1061; x_wconf 85' lang='grc' dir='ltr'>ἀπά-</span> 
     </span>
    </p>
   </div>
   <div class='ocr_carea' id='block_1_10' title="bbox 275 1093 1931 1173">
    <p class='ocr_par' dir='ltr' id='par_1_10' title="bbox 275 1093 1931 1173">
     <span class='ocr_line' id='line_1_10' title="bbox 275 1093 1931 1173; baseline -0.005 -17"><span class='ocrx_word' id='word_1_53' title='bbox 275 1122 405 1173; x_wconf 86' lang='grc' dir='ltr'>της,</span> <span class='ocrx_word' id='word_1_54' title='bbox 439 1093 803 1160; x_wconf 77' lang='grc' dir='ltr'>ἀναλαϐόντες</span> <span class='ocrx_word' id='word_1_55' title='bbox 837 1094 894 1152; x_wconf 79' lang='grc' dir='ltr'>δὲ</span> <span class='ocrx_word' id='word_1_56' title='bbox 921 1098 1013 1152; x_wconf 87' lang='grc' dir='ltr'>τὸν</span> <span class='ocrx_word' id='word_1_57' title='bbox 1054 1097 1173 1152; x_wconf 88' lang='grc' dir='ltr'>νέον</span> <span class='ocrx_word' id='word_1_58' title='bbox 1209 1095 1300 1151; x_wconf 84' lang='grc' dir='ltr'>τὸν</span> <span class='ocrx_word' id='word_1_59' title='bbox 1328 1096 1463 1150; x_wconf 83' lang='grc' dir='ltr'>κατὰ</span> <span class='ocrx_word' id='word_1_60' title='bbox 1492 1094 1619 1150; x_wconf 86' lang='grc' dir='ltr'>Θεὸν</span> <span class='ocrx_word' id='word_1_61' title='bbox 1651 1093 1931 1149; x_wconf 73' lang='grc' dir='ltr'>κτισθέντα</span> 
     </span>
    </p>
   </div>
   <div class='ocr_carea' id='block_1_11' title="bbox 272 1182 1932 1262">
    <p class='ocr_par' dir='ltr' id='par_1_11' title="bbox 272 1182 1932 1262">
     <span class='ocr_line' id='line_1_11' title="bbox 272 1182 1932 1262; baseline -0.006 -17"><span class='ocrx_word' id='word_1_62' title='bbox 272 1189 328 1245; x_wconf 68' lang='grc' dir='ltr'>ἰν</span> <span class='ocrx_word' id='word_1_63' title='bbox 364 1189 681 1262; x_wconf 74' lang='grc' dir='ltr'>δικαιοσύνῃ</span> <span class='ocrx_word' id='word_1_64' title='bbox 720 1186 811 1242; x_wconf 84' lang='grc' dir='ltr'>καὶ</span> <span class='ocrx_word' id='word_1_65' title='bbox 857 1184 1102 1255; x_wconf 85' lang='grc' dir='ltr'>ὁσιότητι</span> <span class='ocrx_word' id='word_1_66' title='bbox 1147 1186 1249 1254; x_wconf 76' lang='grc' dir='ltr'>τῆς</span> <span class='ocrx_word' id='word_1_67' title='bbox 1294 1182 1553 1253; x_wconf 79' lang='grc' dir='ltr'>ἀληθείας</span> <span class='ocrx_word' id='word_1_68' title='bbox 1603 1184 1739 1257; x_wconf 85' lang='grc'>(47).</span> <span class='ocrx_word' id='word_1_69' title='bbox 1804 1183 1932 1258; x_wconf 90' lang='grc' dir='ltr'>Χρι-</span> 
     </span>
    </p>
   </div>
   <div class='ocr_carea' id='block_1_12' title="bbox 270 1268 1802 1354">
    <p class='ocr_par' dir='ltr' id='par_1_12' title="bbox 270 1268 1802 1354">
     <span class='ocr_line' id='line_1_12' title="bbox 270 1268 1802 1354; baseline -0.004 -20"><span class='ocrx_word' id='word_1_70' title='bbox 270 1280 399 1342; x_wconf 86' lang='grc' dir='ltr'>στὸς</span> <span class='ocrx_word' id='word_1_71' title='bbox 429 1280 719 1354; x_wconf 75' lang='grc' dir='ltr'>τοιγαροῦν</span> <span class='ocrx_word' id='word_1_72' title='bbox 750 1276 811 1331; x_wconf 85' lang='grc' dir='ltr'>τὸ</span> <span class='ocrx_word' id='word_1_73' title='bbox 842 1273 1251 1353; x_wconf 77' lang='grc' dir='ltr'>συναμφότερον</span> <span class='ocrx_word' id='word_1_74' title='bbox 1285 1268 1517 1335; x_wconf 78' lang='grc' dir='ltr'>εὐσεϐῶς</span> <span class='ocrx_word' id='word_1_75' title='bbox 1549 1271 1802 1336; x_wconf 77' lang='grc' dir='ltr'>νοείσθω.</span> 
     </span>
    </p>
   </div>
   <div class='ocr_carea' id='block_1_13' title="bbox 2044 738 3690 810">
    <p class='ocr_par' dir='ltr' id='par_1_13' title="bbox 2044 738 3690 810">
     <span class='ocr_line' id='line_1_13' title="bbox 2044 738 3690 810; baseline 0.001 -16"><span class='ocrx_word' id='word_1_76' title='bbox 2044 740 2247 808; x_wconf 74' lang='lat' dir='ltr'>Quare,</span> <span class='ocrx_word' id='word_1_77' title='bbox 2267 740 2422 797; x_wconf 81' lang='lat' dir='ltr'>homo</span> <span class='ocrx_word' id='word_1_78' title='bbox 2444 746 2503 795; x_wconf 89' lang='lat' dir='ltr'>tu</span> <span class='ocrx_word' id='word_1_79' title='bbox 2526 754 2654 794; x_wconf 85' lang='lat' dir='ltr'>cum</span> <span class='ocrx_word' id='word_1_80' title='bbox 2687 738 2782 803; x_wconf 84' lang='lat' dir='ltr'>sis,</span> <span class='ocrx_word' id='word_1_81' title='bbox 2812 738 2962 807; x_wconf 78' lang='lat' dir='ltr'>lacis</span> <span class='ocrx_word' id='word_1_82' title='bbox 3006 740 3236 810; x_wconf 83' lang='lat' dir='ltr'>teipsum</span> <span class='ocrx_word' id='word_1_83' title='bbox 3269 740 3444 795; x_wconf 85' lang='lat' dir='ltr'>Deum</span> <span class='ocrx_word' id='word_1_84' title='bbox 3465 739 3555 796; x_wconf 70' lang='grc' dir='ltr'>⁵⁰Ῠ</span> <span class='ocrx_word' id='word_1_85' title='bbox 3585 740 3690 797; x_wconf 87' lang='lat' dir='ltr'>ho-</span> 
     </span>
    </p>
   </div>
   <div class='ocr_carea' id='block_1_14' title="bbox 2040 825 3689 899">
    <p class='ocr_par' dir='ltr' id='par_1_14' title="bbox 2040 825 3689 899">
     <span class='ocr_line' id='line_1_14' title="bbox 2040 825 3689 899; baseline 0.002 -16"><span class='ocrx_word' id='word_1_86' title='bbox 2040 845 2173 884; x_wconf 91' lang='lat' dir='ltr'>rum</span> <span class='ocrx_word' id='word_1_87' title='bbox 2205 827 2536 899; x_wconf 84' lang='lat' dir='ltr'>discipulus</span> <span class='ocrx_word' id='word_1_88' title='bbox 2567 829 2656 883; x_wconf 89' lang='lat' dir='ltr'>est</span> <span class='ocrx_word' id='word_1_89' title='bbox 2684 825 3137 894; x_wconf 87' lang='lat' dir='ltr'>Samosatensis,</span> <span class='ocrx_word' id='word_1_90' title='bbox 3162 828 3315 884; x_wconf 88' lang='lat' dir='ltr'>unde</span> <span class='ocrx_word' id='word_1_91' title='bbox 3341 846 3454 885; x_wconf 91' lang='lat' dir='ltr'>non</span> <span class='ocrx_word' id='word_1_92' title='bbox 3478 828 3689 886; x_wconf 89' lang='lat' dir='ltr'>imme-</span> 
     </span>
    </p>
   </div>
   <div class='ocr_carea' id='block_1_15' title="bbox 2042 916 3691 976">
    <p class='ocr_par' dir='ltr' id='par_1_15' title="bbox 2042 916 3691 976">
     <span class='ocr_line' id='line_1_15' title="bbox 2042 916 3691 976; baseline 0.002 -3"><span class='ocrx_word' id='word_1_93' title='bbox 2042 917 2150 973; x_wconf 87' lang='lat' dir='ltr'>rito</span> <span class='ocrx_word' id='word_1_94' title='bbox 2173 935 2280 973; x_wconf 83' lang='lat' dir='ltr'>sua</span> <span class='ocrx_word' id='word_1_95' title='bbox 2303 934 2442 973; x_wconf 92' lang='lat' dir='ltr'>suos</span> <span class='ocrx_word' id='word_1_96' title='bbox 2467 917 2637 973; x_wconf 81' lang='lat' dir='ltr'>docet</span> <span class='ocrx_word' id='word_1_97' title='bbox 2661 933 2674 972; x_wconf 91' lang='lat'>:</span> <span class='ocrx_word' id='word_1_98' title='bbox 2699 933 2807 973; x_wconf 89' lang='lat' dir='ltr'>nos</span> <span class='ocrx_word' id='word_1_99' title='bbox 2829 920 3025 973; x_wconf 89' lang='lat' dir='ltr'>autem</span> <span class='ocrx_word' id='word_1_100' title='bbox 3062 933 3178 972; x_wconf 91' lang='lat' dir='ltr'>non</span> <span class='ocrx_word' id='word_1_101' title='bbox 3213 916 3328 973; x_wconf 87' lang='lat' dir='ltr'>ista</span> <span class='ocrx_word' id='word_1_102' title='bbox 3359 918 3431 974; x_wconf 88' lang='lat' dir='ltr'>de</span> <span class='ocrx_word' id='word_1_103' title='bbox 3462 917 3691 976; x_wconf 85' lang='lat' dir='ltr'>Christo</span> 
     </span>
    </p>
   </div>
   <div class='ocr_carea' id='block_1_16' title="bbox 2039 1003 3694 1079">
    <p class='ocr_par' dir='ltr' id='par_1_16' title="bbox 2039 1003 3694 1079">
     <span class='ocr_line' id='line_1_16' title="bbox 2039 1003 3694 1079; baseline 0.003 -19"><span class='ocrx_word' id='word_1_104' title='bbox 2039 1006 2377 1077; x_wconf 82' lang='lat' dir='ltr'>didicimus,</span> <span class='ocrx_word' id='word_1_105' title='bbox 2402 1006 2452 1061; x_wconf 98' lang='lat' dir='ltr'>si</span> <span class='ocrx_word' id='word_1_106' title='bbox 2476 1010 2671 1062; x_wconf 86' lang='lat' dir='ltr'>tamen</span> <span class='ocrx_word' id='word_1_107' title='bbox 2693 1021 2829 1060; x_wconf 88' lang='lat' dir='ltr'>eum</span> <span class='ocrx_word' id='word_1_108' title='bbox 2854 1003 3187 1061; x_wconf 80' lang='lat' dir='ltr'>audivimus</span> <span class='ocrx_word' id='word_1_109' title='bbox 3208 1006 3357 1061; x_wconf 89' lang='lat' dir='ltr'>etab</span> <span class='ocrx_word' id='word_1_110' title='bbox 3378 1006 3506 1079; x_wconf 91' lang='lat' dir='ltr'>ipso</span> <span class='ocrx_word' id='word_1_111' title='bbox 3550 1009 3694 1065; x_wconf 88' lang='lat' dir='ltr'>edo-</span> 
     </span>
    </p>
   </div>
   <div class='ocr_carea' id='block_1_17' title="bbox 2040 1092 3687 1167">
    <p class='ocr_par' dir='ltr' id='par_1_17' title="bbox 2040 1092 3687 1167">
     <span class='ocr_line' id='line_1_17' title="bbox 2040 1092 3687 1167; baseline 0.002 -17"><span class='ocrx_word' id='word_1_112' title='bbox 2040 1096 2115 1150; x_wconf 88' lang='lat' dir='ltr'>cti</span> <span class='ocrx_word' id='word_1_113' title='bbox 2136 1112 2367 1163; x_wconf 85' lang='lat' dir='ltr'>sumus,</span> <span class='ocrx_word' id='word_1_114' title='bbox 2400 1098 2465 1150; x_wconf 91' lang='lat' dir='ltr'>ut</span> <span class='ocrx_word' id='word_1_115' title='bbox 2498 1098 2687 1149; x_wconf 85' lang='lat' dir='ltr'>vetere</span> <span class='ocrx_word' id='word_1_116' title='bbox 2726 1092 2988 1163; x_wconf 85' lang='lat' dir='ltr'>homine,</span> <span class='ocrx_word' id='word_1_117' title='bbox 3024 1094 3125 1165; x_wconf 86' lang='lat' dir='ltr'>qui</span> <span class='ocrx_word' id='word_1_118' title='bbox 3156 1096 3555 1167; x_wconf 83' lang='lat' dir='ltr'>corrumpitur</span> <span class='ocrx_word' id='word_1_119' title='bbox 3594 1113 3687 1153; x_wconf 78' lang='lat' dir='ltr'>se—</span> 
     </span>
    </p>
   </div>
   <div class='ocr_carea' id='block_1_18' title="bbox 2040 1183 3691 1254">
    <p class='ocr_par' dir='ltr' id='par_1_18' title="bbox 2040 1183 3691 1254">
     <span class='ocr_line' id='line_1_18' title="bbox 2040 1183 3691 1254; baseline 0.002 -16"><span class='ocrx_word' id='word_1_120' title='bbox 2040 1184 2301 1239; x_wconf 88' lang='lat' dir='ltr'>cundum</span> <span class='ocrx_word' id='word_1_121' title='bbox 2334 1183 2625 1239; x_wconf 87' lang='lat' dir='ltr'>desideria</span> <span class='ocrx_word' id='word_1_122' title='bbox 2655 1184 2892 1250; x_wconf 88' lang='lat' dir='ltr'>erroris,</span> <span class='ocrx_word' id='word_1_123' title='bbox 2923 1183 3209 1254; x_wconf 89' lang='lat' dir='ltr'>deposito,</span> <span class='ocrx_word' id='word_1_124' title='bbox 3242 1184 3564 1241; x_wconf 87' lang='lat' dir='ltr'>induamus</span> <span class='ocrx_word' id='word_1_125' title='bbox 3585 1203 3691 1242; x_wconf 83' lang='lat' dir='ltr'>no-</span> 
     </span>
    </p>
   </div>
   <div class='ocr_carea' id='block_1_19' title="bbox 2039 1270 3688 1342">
    <p class='ocr_par' dir='ltr' id='par_1_19' title="bbox 2039 1270 3688 1342">
     <span class='ocr_line' id='line_1_19' title="bbox 2039 1270 3688 1342; baseline 0.002 -15"><span class='ocrx_word' id='word_1_126' title='bbox 2039 1289 2178 1327; x_wconf 90' lang='lat' dir='ltr'>vum</span> <span class='ocrx_word' id='word_1_127' title='bbox 2202 1272 2527 1339; x_wconf 85' lang='lat' dir='ltr'>hominem,</span> <span class='ocrx_word' id='word_1_128' title='bbox 2554 1271 2652 1342; x_wconf 87' lang='lat' dir='ltr'>qui</span> <span class='ocrx_word' id='word_1_129' title='bbox 2678 1271 3008 1327; x_wconf 89' lang='lat' dir='ltr'>secundum</span> <span class='ocrx_word' id='word_1_130' title='bbox 3030 1270 3213 1327; x_wconf 91' lang='lat' dir='ltr'>Deum</span> <span class='ocrx_word' id='word_1_131' title='bbox 3246 1275 3478 1329; x_wconf 86' lang='lat' dir='ltr'>creatus</span> <span class='ocrx_word' id='word_1_132' title='bbox 3508 1277 3599 1332; x_wconf 85' lang='lat' dir='ltr'>est</span> <span class='ocrx_word' id='word_1_133' title='bbox 3627 1274 3688 1331; x_wconf 91' lang='lat' dir='ltr'>in</span> 
     </span>
    </p>
   </div>
   <div class='ocr_carea' id='block_1_20' title="bbox 267 1367 2879 1451">
    <p class='ocr_par' dir='ltr' id='par_1_20' title="bbox 267 1367 2879 1451">
     <span class='ocr_line' id='line_1_20' title="bbox 267 1367 2879 1451; baseline -0.005 -17"><span class='ocrx_word' id='word_1_134' title='bbox 267 1379 517 1451; x_wconf 84' lang='lat' dir='ltr'>justitia</span> <span class='ocrx_word' id='word_1_135' title='bbox 547 1381 606 1433; x_wconf 86' lang='lat' dir='ltr'>et</span> <span class='ocrx_word' id='word_1_136' title='bbox 637 1375 947 1433; x_wconf 77' lang='lat' dir='ltr'>sanctitate</span> <span class='ocrx_word' id='word_1_137' title='bbox 978 1372 1243 1430; x_wconf 76' lang='lat' dir='ltr'>veritatis</span> <span class='ocrx_word' id='word_1_138' title='bbox 1271 1372 1338 1428; x_wconf 74' lang='grc'>⁸1.</span> <span class='ocrx_word' id='word_1_139' title='bbox 1371 1371 1641 1428; x_wconf 82' lang='lat' dir='ltr'>Christus</span> <span class='ocrx_word' id='word_1_140' title='bbox 1671 1371 1852 1445; x_wconf 80' lang='lat' dir='ltr'>igitur</span> <span class='ocrx_word' id='word_1_141' title='bbox 1882 1372 2199 1442; x_wconf 89' lang='lat' dir='ltr'>utrumque</span> <span class='ocrx_word' id='word_1_142' title='bbox 2219 1386 2347 1425; x_wconf 86' lang='lat' dir='ltr'>esse</span> <span class='ocrx_word' id='word_1_143' title='bbox 2377 1368 2470 1441; x_wconf 90' lang='lat' dir='ltr'>pie</span> <span class='ocrx_word' id='word_1_144' title='bbox 2498 1367 2879 1441; x_wconf 83' lang='lat' dir='ltr'>intelligatur.</span> 
     </span>
    </p>
   </div>
   <div class='ocr_carea' id='block_1_21' title="bbox 346 1475 1931 1553">
    <p class='ocr_par' dir='ltr' id='par_1_21' title="bbox 346 1475 1931 1553">
     <span class='ocr_line' id='line_1_21' title="bbox 346 1475 1931 1553; baseline -0.005 -12"><span class='ocrx_word' id='word_1_145' title='bbox 346 1485 436 1541; x_wconf 88' lang='grc'>35.</span> <span class='ocrx_word' id='word_1_146' title='bbox 470 1481 532 1536; x_wconf 77' lang='grc' dir='ltr'>Εἰ</span> <span class='ocrx_word' id='word_1_147' title='bbox 564 1479 622 1537; x_wconf 72' lang='grc' dir='ltr'>δὲ</span> <span class='ocrx_word' id='word_1_148' title='bbox 672 1480 762 1535; x_wconf 86' lang='grc' dir='ltr'>καὶ</span> <span class='ocrx_word' id='word_1_149' title='bbox 808 1480 871 1534; x_wconf 89' lang='grc' dir='ltr'>τὸ</span> <span class='ocrx_word' id='word_1_150' title='bbox 917 1483 1076 1552; x_wconf 82' lang='grc' dir='ltr'>σῶμα</span> <span class='ocrx_word' id='word_1_151' title='bbox 1124 1478 1287 1534; x_wconf 86' lang='grc' dir='ltr'>καλεῖ</span> <span class='ocrx_word' id='word_1_152' title='bbox 1328 1475 1624 1553; x_wconf 83' lang='grc' dir='ltr'>πολλαχοῦ</span> <span class='ocrx_word' id='word_1_153' title='bbox 1673 1476 1931 1552; x_wconf 73' lang='grc' dir='ltr'>ᾑΓραφὴ</span> 
     </span>
    </p>
   </div>
   <div class='ocr_carea' id='block_1_22' title="bbox 273 1565 1933 1647">
    <p class='ocr_par' dir='ltr' id='par_1_22' title="bbox 273 1565 1933 1647">
     <span class='ocr_line' id='line_1_22' title="bbox 273 1565 1933 1647; baseline -0.007 -18"><span class='ocrx_word' id='word_1_154' title='bbox 273 1571 538 1647; x_wconf 80' lang='grc' dir='ltr'>Χριστὸν,</span> <span class='ocrx_word' id='word_1_155' title='bbox 602 1571 677 1632; x_wconf 88' lang='grc' dir='ltr'>ὡς</span> <span class='ocrx_word' id='word_1_156' title='bbox 738 1567 861 1624; x_wconf 80' lang='grc' dir='ltr'>ὅταν</span> <span class='ocrx_word' id='word_1_157' title='bbox 923 1565 1059 1643; x_wconf 79' lang='grc' dir='ltr'>λέγῃ</span> <span class='ocrx_word' id='word_1_158' title='bbox 1115 1568 1143 1621; x_wconf 99' lang='lat'>6</span> <span class='ocrx_word' id='word_1_159' title='bbox 1206 1567 1472 1641; x_wconf 81' lang='grc' dir='ltr'>μακάριος</span> <span class='ocrx_word' id='word_1_160' title='bbox 1537 1566 1740 1641; x_wconf 87' lang='grc' dir='ltr'>Πέτρος</span> <span class='ocrx_word' id='word_1_161' title='bbox 1798 1565 1933 1639; x_wconf 88' lang='grc' dir='ltr'>πρὸς</span> 
     </span>
    </p>
   </div>
   <div class='ocr_carea' id='block_1_23' title="bbox 276 1653 1933 1734">
    <p class='ocr_par' dir='ltr' id='par_1_23' title="bbox 276 1653 1933 1734">
     <span class='ocr_line' id='line_1_23' title="bbox 276 1653 1933 1734; baseline -0.005 -18"><span class='ocrx_word' id='word_1_162' title='bbox 276 1659 588 1734; x_wconf 75' lang='grc' dir='ltr'>Κορνήλιον</span> <span class='ocrx_word' id='word_1_163' title='bbox 647 1660 782 1732; x_wconf 83' lang='grc'>(48),</span> <span class='ocrx_word' id='word_1_164' title='bbox 843 1653 1110 1713; x_wconf 80' lang='grc' dir='ltr'>διδάσκων</span> <span class='ocrx_word' id='word_1_165' title='bbox 1177 1657 1390 1727; x_wconf 77' lang='grc' dir='ltr'>Ἰησοῦν</span> <span class='ocrx_word' id='word_1_166' title='bbox 1458 1656 1549 1710; x_wconf 87' lang='grc' dir='ltr'>τὸν</span> <span class='ocrx_word' id='word_1_167' title='bbox 1601 1654 1707 1710; x_wconf 85' lang='grc' dir='ltr'>ἀπὸ</span> <span class='ocrx_word' id='word_1_168' title='bbox 1760 1659 1933 1722; x_wconf 79' lang='grc' dir='ltr'>Ναζα-</span> 
     </span>
    </p>
   </div>
   <div class='ocr_carea' id='block_1_24' title="bbox 282 1743 1933 1826">
    <p class='ocr_par' dir='ltr' id='par_1_24' title="bbox 282 1743 1933 1826">
     <span class='ocr_line' id='line_1_24' title="bbox 282 1743 1933 1826; baseline -0.005 -21"><span class='ocrx_word' id='word_1_169' title='bbox 282 1753 399 1826; x_wconf 76' lang='grc' dir='ltr'>ρὲτ,</span> <span class='ocrx_word' id='word_1_170' title='bbox 462 1750 520 1803; x_wconf 80' lang='grc' dir='ltr'>ὅν</span> <span class='ocrx_word' id='word_1_171' title='bbox 579 1747 791 1823; x_wconf 81' lang='grc' dir='ltr'>ἔχρισεν</span> <span class='ocrx_word' id='word_1_172' title='bbox 851 1747 879 1801; x_wconf 94' lang='lat'>6</span> <span class='ocrx_word' id='word_1_173' title='bbox 939 1746 1067 1808; x_wconf 80' lang='grc' dir='ltr'>Θεὸς</span> <span class='ocrx_word' id='word_1_174' title='bbox 1144 1743 1418 1818; x_wconf 83' lang='grc' dir='ltr'>ΙΙνεύματι</span> <span class='ocrx_word' id='word_1_175' title='bbox 1495 1744 1631 1819; x_wconf 85' lang='grc' dir='ltr'>ἀγίῳ</span> <span class='ocrx_word' id='word_1_176' title='bbox 1684 1743 1776 1798; x_wconf 88' lang='grc' dir='ltr'>καὶ</span> <span class='ocrx_word' id='word_1_177' title='bbox 1831 1744 1933 1797; x_wconf 78' lang='grc' dir='ltr'>πά-</span> 
     </span>
    </p>
   </div>
   <div class='ocr_carea' id='block_1_25' title="bbox 278 1832 1933 1913">
    <p class='ocr_par' dir='ltr' id='par_1_25' title="bbox 278 1832 1933 1913">
     <span class='ocr_line' id='line_1_25' title="bbox 278 1832 1933 1913; baseline -0.005 -20"><span class='ocrx_word' id='word_1_178' title='bbox 278 1837 371 1893; x_wconf 91' lang='grc' dir='ltr'>λιν</span> <span class='ocrx_word' id='word_1_179' title='bbox 429 1838 564 1913; x_wconf 88' lang='grc' dir='ltr'>πρὸς</span> <span class='ocrx_word' id='word_1_180' title='bbox 623 1832 943 1896; x_wconf 83' lang='grc' dir='ltr'>Ἰουδαίους,</span> <span class='ocrx_word' id='word_1_181' title='bbox 1032 1835 1241 1903; x_wconf 81' lang='grc' dir='ltr'>Ἰησοῦν</span> <span class='ocrx_word' id='word_1_182' title='bbox 1309 1834 1401 1887; x_wconf 86' lang='grc' dir='ltr'>τὸν</span> <span class='ocrx_word' id='word_1_183' title='bbox 1480 1833 1585 1887; x_wconf 84' lang='grc' dir='ltr'>ἀπὸ</span> <span class='ocrx_word' id='word_1_184' title='bbox 1672 1832 1933 1905; x_wconf 76' lang='grc' dir='ltr'>Ναζαρὲτ,</span> 
     </span>
    </p>
   </div>
   <div class='ocr_carea' id='block_1_26' title="bbox 278 1919 1934 2003">
    <p class='ocr_par' dir='ltr' id='par_1_26' title="bbox 278 1919 1934 2003">
     <span class='ocr_line' id='line_1_26' title="bbox 278 1919 1934 2003; baseline -0.004 -21"><span class='ocrx_word' id='word_1_185' title='bbox 278 1924 454 2003; x_wconf 80' lang='grc' dir='ltr'>ἄνδρα</span> <span class='ocrx_word' id='word_1_186' title='bbox 529 1925 635 1980; x_wconf 79' lang='grc' dir='ltr'>άπὸ</span> <span class='ocrx_word' id='word_1_187' title='bbox 708 1928 805 1979; x_wconf 90' lang='grc' dir='ltr'>τοῦ</span> <span class='ocrx_word' id='word_1_188' title='bbox 877 1927 1010 1978; x_wconf 89' lang='grc' dir='ltr'>Θεοῦ</span> <span class='ocrx_word' id='word_1_189' title='bbox 1074 1919 1529 1995; x_wconf 67' lang='grc' dir='ltr'>ἀποδεδειγμένον</span> <span class='ocrx_word' id='word_1_190' title='bbox 1596 1920 1671 1983; x_wconf 78' lang='grc' dir='ltr'>εἰς</span> <span class='ocrx_word' id='word_1_191' title='bbox 1741 1920 1878 1993; x_wconf 79' lang='grc' dir='ltr'>ὑμᾶς</span> <span class='ocrx_word' id='word_1_192' title='bbox 1920 1962 1934 1976; x_wconf 95' lang='grc'><strong>.</strong></span> 
     </span>
    </p>
   </div>
   <div class='ocr_carea' id='block_1_27' title="bbox 277 2008 1938 2089">
    <p class='ocr_par' dir='ltr' id='par_1_27' title="bbox 277 2008 1938 2089">
     <span class='ocr_line' id='line_1_27' title="bbox 277 2008 1938 2089; baseline -0.004 -19"><span class='ocrx_word' id='word_1_193' title='bbox 277 2015 373 2070; x_wconf 83' lang='grc' dir='ltr'>καὶ</span> <span class='ocrx_word' id='word_1_194' title='bbox 406 2012 572 2070; x_wconf 85' lang='grc' dir='ltr'>πάλιν</span> <span class='ocrx_word' id='word_1_195' title='bbox 606 2013 634 2067; x_wconf 94' lang='lat'>6</span> <span class='ocrx_word' id='word_1_196' title='bbox 670 2010 935 2089; x_wconf 85' lang='grc' dir='ltr'>μακάριος</span> <span class='ocrx_word' id='word_1_197' title='bbox 981 2013 1095 2084; x_wconf 83' lang='grc'>(49)</span> <span class='ocrx_word' id='word_1_198' title='bbox 1143 2009 1360 2072; x_wconf 84' lang='grc' dir='ltr'>Παῦλος</span> <span class='ocrx_word' id='word_1_199' title='bbox 1407 2009 1542 2085; x_wconf 86' lang='grc' dir='ltr'>πρὸς</span> <span class='ocrx_word' id='word_1_200' title='bbox 1593 2008 1938 2079; x_wconf 84' lang='grc' dir='ltr'>’Δθηναίους,</span> 
     </span>
    </p>
   </div>
   <div class='ocr_carea' id='block_1_28' title="bbox 2111 1475 3689 1553">
    <p class='ocr_par' dir='ltr' id='par_1_28' title="bbox 2111 1475 3689 1553">
     <span class='ocr_line' id='line_1_28' title="bbox 2111 1475 3689 1553; baseline 0.003 -21"><span class='ocrx_word' id='word_1_201' title='bbox 2111 1478 2199 1532; x_wconf 87' lang='grc'>35.</span> <span class='ocrx_word' id='word_1_202' title='bbox 2224 1476 2508 1533; x_wconf 67' lang='grc' dir='ltr'>Οωιοτιιω</span> <span class='ocrx_word' id='word_1_203' title='bbox 2533 1475 2584 1530; x_wconf 89' lang='lat' dir='ltr'>si</span> <span class='ocrx_word' id='word_1_204' title='bbox 2620 1491 2774 1547; x_wconf 64' lang='lat' dir='ltr'>sape</span> <span class='ocrx_word' id='word_1_205' title='bbox 2812 1475 3115 1549; x_wconf 87' lang='lat' dir='ltr'>Scriptura</span> <span class='ocrx_word' id='word_1_206' title='bbox 3149 1476 3449 1533; x_wconf 83' lang='lat' dir='ltr'>Christum</span> <span class='ocrx_word' id='word_1_207' title='bbox 3488 1481 3689 1553; x_wconf 88' lang='lat' dir='ltr'>appel-</span> 
     </span>
    </p>
   </div>
   <div class='ocr_carea' id='block_1_29' title="bbox 2043 1564 3693 1638">
    <p class='ocr_par' dir='ltr' id='par_1_29' title="bbox 2043 1564 3693 1638">
     <span class='ocr_line' id='line_1_29' title="bbox 2043 1564 3693 1638; baseline 0.001 -16"><span class='ocrx_word' id='word_1_208' title='bbox 2043 1564 2327 1638; x_wconf 88' lang='lat' dir='ltr'>letipsius</span> <span class='ocrx_word' id='word_1_209' title='bbox 2354 1581 2586 1637; x_wconf 88' lang='lat' dir='ltr'>corpus,</span> <span class='ocrx_word' id='word_1_210' title='bbox 2626 1568 2691 1619; x_wconf 90' lang='lat' dir='ltr'>ut</span> <span class='ocrx_word' id='word_1_211' title='bbox 2723 1580 2859 1619; x_wconf 91' lang='lat' dir='ltr'>cum</span> <span class='ocrx_word' id='word_1_212' title='bbox 2896 1564 3105 1621; x_wconf 86' lang='lat' dir='ltr'>beatus</span> <span class='ocrx_word' id='word_1_213' title='bbox 3144 1565 3345 1621; x_wconf 89' lang='lat' dir='ltr'>Petrus</span> <span class='ocrx_word' id='word_1_214' title='bbox 3374 1566 3445 1621; x_wconf 83' lang='lat' dir='ltr'>ad</span> <span class='ocrx_word' id='word_1_215' title='bbox 3474 1569 3693 1631; x_wconf 83' lang='lat' dir='ltr'>Corne-</span> 
     </span>
    </p>
   </div>
   <div class='ocr_carea' id='block_1_30' title="bbox 2040 1653 3692 1728">
    <p class='ocr_par' dir='ltr' id='par_1_30' title="bbox 2040 1653 3692 1728">
     <span class='ocr_line' id='line_1_30' title="bbox 2040 1653 3692 1728; baseline 0.001 -18"><span class='ocrx_word' id='word_1_216' title='bbox 2040 1654 2188 1710; x_wconf 90' lang='lat' dir='ltr'>lium</span> <span class='ocrx_word' id='word_1_217' title='bbox 2220 1653 2320 1724; x_wconf 86' lang='lat' dir='ltr'>ait,</span> <span class='ocrx_word' id='word_1_218' title='bbox 2342 1654 2529 1709; x_wconf 86' lang='lat' dir='ltr'>Jesum</span> <span class='ocrx_word' id='word_1_219' title='bbox 2556 1670 2592 1708; x_wconf 91' lang='lat' dir='ltr'>a</span> <span class='ocrx_word' id='word_1_220' title='bbox 2615 1653 2898 1708; x_wconf 74' lang='lat' dir='ltr'>Namreth</span> <span class='ocrx_word' id='word_1_221' title='bbox 2925 1669 3086 1725; x_wconf 86' lang='lat' dir='ltr'>quem</span> <span class='ocrx_word' id='word_1_222' title='bbox 3128 1654 3293 1710; x_wconf 71' lang='lat' dir='ltr'>unxit</span> <span class='ocrx_word' id='word_1_223' title='bbox 3320 1655 3480 1723; x_wconf 75' lang='lat' dir='ltr'>[Deus</span> <span class='ocrx_word' id='word_1_224' title='bbox 3506 1658 3692 1728; x_wconf 83' lang='lat' dir='ltr'>Spiri-</span> 
     </span>
    </p>
   </div>
   <div class='ocr_carea' id='block_1_31' title="bbox 2043 1742 3696 1814">
    <p class='ocr_par' dir='ltr' id='par_1_31' title="bbox 2043 1742 3696 1814">
     <span class='ocr_line' id='line_1_31' title="bbox 2043 1742 3696 1814; baseline 0.004 -17"><span class='ocrx_word' id='word_1_225' title='bbox 2043 1751 2105 1798; x_wconf 91' lang='lat' dir='ltr'>tu</span> <span class='ocrx_word' id='word_1_226' title='bbox 2130 1746 2318 1798; x_wconf 82' lang='lat' dir='ltr'>sancto</span> <span class='ocrx_word' id='word_1_227' title='bbox 2346 1744 2428 1811; x_wconf 71' lang='lat'>5&#39;;</span> <span class='ocrx_word' id='word_1_228' title='bbox 2460 1745 2519 1798; x_wconf 91' lang='lat' dir='ltr'>et</span> <span class='ocrx_word' id='word_1_229' title='bbox 2546 1742 2618 1798; x_wconf 88' lang='lat' dir='ltr'>ad</span> <span class='ocrx_word' id='word_1_230' title='bbox 2647 1742 2910 1808; x_wconf 65' lang='lat' dir='ltr'>Judaeos,</span> <span class='ocrx_word' id='word_1_231' title='bbox 2940 1744 3127 1798; x_wconf 84' lang='lat' dir='ltr'>Jesum</span> <span class='ocrx_word' id='word_1_232' title='bbox 3175 1743 3554 1814; x_wconf 70' lang='lat' dir='ltr'>Nazarenam,</span> <span class='ocrx_word' id='word_1_233' title='bbox 3605 1748 3696 1803; x_wconf 80' lang='lat' dir='ltr'>vi-</span> 
     </span>
    </p>
   </div>
   <div class='ocr_carea' id='block_1_32' title="bbox 2044 1831 3693 1904">
    <p class='ocr_par' dir='ltr' id='par_1_32' title="bbox 2044 1831 3693 1904">
     <span class='ocr_line' id='line_1_32' title="bbox 2044 1831 3693 1904; baseline 0.004 -18"><span class='ocrx_word' id='word_1_234' title='bbox 2044 1849 2172 1888; x_wconf 88' lang='lat' dir='ltr'>rum</span> <span class='ocrx_word' id='word_1_235' title='bbox 2189 1833 2551 1904; x_wconf 72' lang='lat' dir='ltr'>approbatum</span> <span class='ocrx_word' id='word_1_236' title='bbox 2573 1848 2606 1885; x_wconf 90' lang='lat' dir='ltr'>a</span> <span class='ocrx_word' id='word_1_237' title='bbox 2621 1832 2726 1889; x_wconf 89' lang='lat' dir='ltr'>Deo</span> <span class='ocrx_word' id='word_1_238' title='bbox 2748 1833 2807 1887; x_wconf 87' lang='lat' dir='ltr'>in</span> <span class='ocrx_word' id='word_1_239' title='bbox 2829 1831 2981 1887; x_wconf 81' lang='lat' dir='ltr'>vobis</span> <span class='ocrx_word' id='word_1_240' title='bbox 3000 1832 3045 1866; x_wconf 78' lang='grc'>⁸³</span> <span class='ocrx_word' id='word_1_241' title='bbox 3070 1849 3083 1900; x_wconf 89' lang='grc'><strong>;</strong></span> <span class='ocrx_word' id='word_1_242' title='bbox 3116 1831 3322 1889; x_wconf 79' lang='lat' dir='ltr'>beatus</span> <span class='ocrx_word' id='word_1_243' title='bbox 3359 1832 3503 1890; x_wconf 75' lang='lat' dir='ltr'>item</span> <span class='ocrx_word' id='word_1_244' title='bbox 3542 1834 3693 1892; x_wconf 83' lang='lat' dir='ltr'>Pau-</span> 
     </span>
    </p>
   </div>
   <div class='ocr_carea' id='block_1_33' title="bbox 2045 1919 3693 1995">
    <p class='ocr_par' dir='ltr' id='par_1_33' title="bbox 2045 1919 3693 1995">
     <span class='ocr_line' id='line_1_33' title="bbox 2045 1919 3693 1995; baseline 0.003 -19"><span class='ocrx_word' id='word_1_245' title='bbox 2045 1921 2140 1977; x_wconf 89' lang='lat' dir='ltr'>lus</span> <span class='ocrx_word' id='word_1_246' title='bbox 2189 1921 2311 1976; x_wconf 69' lang='lat' dir='ltr'>haac</span> <span class='ocrx_word' id='word_1_247' title='bbox 2359 1921 2433 1977; x_wconf 88' lang='lat' dir='ltr'>ad</span> <span class='ocrx_word' id='word_1_248' title='bbox 2479 1919 2867 1976; x_wconf 88' lang='lat' dir='ltr'>Athenienses</span> <span class='ocrx_word' id='word_1_249' title='bbox 2916 1919 3200 1992; x_wconf 79' lang='lat' dir='ltr'>loquitur,</span> <span class='ocrx_word' id='word_1_250' title='bbox 3245 1922 3308 1976; x_wconf 83' lang='lat' dir='ltr'>In</span> <span class='ocrx_word' id='word_1_251' title='bbox 3366 1923 3483 1979; x_wconf 86' lang='lat' dir='ltr'>viro</span> <span class='ocrx_word' id='word_1_252' title='bbox 3531 1940 3693 1995; x_wconf 87' lang='lat' dir='ltr'>quem</span> 
     </span>
    </p>
   </div>
   <div class='ocr_carea' id='block_1_34' title="bbox 2045 2009 3695 2081">
    <p class='ocr_par' dir='ltr' id='par_1_34' title="bbox 2045 2009 3695 2081">
     <span class='ocr_line' id='line_1_34' title="bbox 2045 2009 3695 2081; baseline 0.004 -16"><span class='ocrx_word' id='word_1_253' title='bbox 2045 2010 2371 2078; x_wconf 75' lang='lat' dir='ltr'>destinarat,</span> <span class='ocrx_word' id='word_1_254' title='bbox 2433 2010 2539 2081; x_wconf 81' lang='lat' dir='ltr'>ﬁde</span> <span class='ocrx_word' id='word_1_255' title='bbox 2602 2009 2859 2066; x_wconf 82' lang='lat' dir='ltr'>omnibus</span> <span class='ocrx_word' id='word_1_256' title='bbox 2920 2010 3227 2080; x_wconf 71' lang='lat' dir='ltr'>impertita,</span> <span class='ocrx_word' id='word_1_257' title='bbox 3287 2025 3348 2066; x_wconf 91' lang='lat' dir='ltr'>eo</span> <span class='ocrx_word' id='word_1_258' title='bbox 3386 2028 3421 2067; x_wconf 92' lang='lat' dir='ltr'>a</span> <span class='ocrx_word' id='word_1_259' title='bbox 3464 2016 3695 2071; x_wconf 83' lang='lat' dir='ltr'>mortuis</span> 
     </span>
    </p>
   </div>
   <div class='ocr_carea' id='block_1_35' title="bbox 280 2096 1935 2181">
    <p class='ocr_par' dir='ltr' id='par_1_35' title="bbox 280 2096 1935 2179">
     <span class='ocr_line' id='line_1_35' title="bbox 280 2096 1935 2179; baseline -0.005 -19"><span class='ocrx_word' id='word_1_260' title='bbox 280 2106 375 2162; x_wconf 83' lang='lat' dir='ltr'>&#39;Ev</span> <span class='ocrx_word' id='word_1_261' title='bbox 436 2100 615 2179; x_wconf 84' lang='grc' dir='ltr'>ἀνδρὶ,</span> <span class='ocrx_word' id='word_1_262' title='bbox 666 2103 712 2175; x_wconf 82' lang='grc' dir='ltr'>ᾧ</span> <span class='ocrx_word' id='word_1_263' title='bbox 762 2100 946 2175; x_wconf 82' lang='grc' dir='ltr'>ὥρισε,</span> <span class='ocrx_word' id='word_1_264' title='bbox 994 2099 1172 2156; x_wconf 86' lang='grc' dir='ltr'>πίστιν</span> <span class='ocrx_word' id='word_1_265' title='bbox 1227 2099 1526 2175; x_wconf 81' lang='grc' dir='ltr'>παρασχὼν</span> <span class='ocrx_word' id='word_1_266' title='bbox 1575 2103 1759 2171; x_wconf 79' lang='grc' dir='ltr'>πᾶσιν,</span> <span class='ocrx_word' id='word_1_267' title='bbox 1808 2096 1935 2153; x_wconf 84' lang='grc' dir='ltr'>ἀνα-</span> 
     </span>
    </p>
   </div>
   <div class='ocr_carea' id='block_1_36' title="bbox 2056 2096 3695 2181">
    <p class='ocr_par' dir='ltr' id='par_1_36' title="bbox 2056 2098 3695 2171">
     <span class='ocr_line' id='line_1_36' title="bbox 2056 2098 3695 2171; baseline 0.002 -15"><span class='ocrx_word' id='word_1_268' title='bbox 2056 2101 2287 2156; x_wconf 73' lang='lat' dir='ltr'>excitato</span> <span class='ocrx_word' id='word_1_269' title='bbox 2318 2100 2363 2134; x_wconf 65' lang='lat'>5‘</span> <span class='ocrx_word' id='word_1_270' title='bbox 2385 2116 2397 2153; x_wconf 89' lang='lat'>:</span> <span class='ocrx_word' id='word_1_271' title='bbox 2436 2099 2518 2154; x_wconf 85' lang='lat' dir='ltr'>ita</span> <span class='ocrx_word' id='word_1_272' title='bbox 2533 2115 2686 2171; x_wconf 82' lang='lat' dir='ltr'>saepe</span> <span class='ocrx_word' id='word_1_273' title='bbox 2707 2112 2940 2170; x_wconf 90' lang='lat' dir='ltr'>quoque</span> <span class='ocrx_word' id='word_1_274' title='bbox 2962 2098 3359 2156; x_wconf 89' lang='lat' dir='ltr'>ostensionem</span> <span class='ocrx_word' id='word_1_275' title='bbox 3382 2103 3438 2156; x_wconf 90' lang='lat' dir='ltr'>et</span> <span class='ocrx_word' id='word_1_276' title='bbox 3459 2103 3695 2160; x_wconf 85' lang='lat' dir='ltr'>missio-</span> 
     </span>
    </p>
   </div>
   <div class='ocr_carea' id='block_1_37' title="bbox 282 2184 1938 2265">
    <p class='ocr_par' dir='ltr' id='par_1_37' title="bbox 282 2184 1938 2265">
     <span class='ocr_line' id='line_1_37' title="bbox 282 2184 1938 2265; baseline -0.005 -16"><span class='ocrx_word' id='word_1_277' title='bbox 282 2195 489 2263; x_wconf 84' lang='grc' dir='ltr'>στήσας</span> <span class='ocrx_word' id='word_1_278' title='bbox 552 2191 713 2247; x_wconf 86' lang='grc' dir='ltr'>αὐτὸν</span> <span class='ocrx_word' id='word_1_279' title='bbox 768 2189 830 2246; x_wconf 77' lang='grc' dir='ltr'>ἐκ</span> <span class='ocrx_word' id='word_1_280' title='bbox 904 2193 1107 2265; x_wconf 82' lang='grc' dir='ltr'>νεκρῶν</span> <span class='ocrx_word' id='word_1_281' title='bbox 1141 2209 1153 2221; x_wconf 75' lang='grc' dir='ltr'><strong><em>ο</em></strong></span> <span class='ocrx_word' id='word_1_282' title='bbox 1228 2188 1420 2243; x_wconf 81' lang='grc' dir='ltr'>ταύτὸν</span> <span class='ocrx_word' id='word_1_283' title='bbox 1489 2184 1547 2242; x_wconf 76' lang='grc' dir='ltr'>δὲ</span> <span class='ocrx_word' id='word_1_284' title='bbox 1610 2190 1679 2261; x_wconf 76' lang='grc' dir='ltr'>τῇ</span> <span class='ocrx_word' id='word_1_285' title='bbox 1758 2186 1938 2263; x_wconf 83' lang='grc' dir='ltr'>χρίσει</span> 
     </span>
    </p>
   </div>
   <div class='ocr_carea' id='block_1_38' title="bbox 279 2275 1936 2357">
    <p class='ocr_par' dir='ltr' id='par_1_38' title="bbox 279 2275 1936 2357">
     <span class='ocr_line' id='line_1_38' title="bbox 279 2275 1936 2357; baseline -0.005 -18"><span class='ocrx_word' id='word_1_286' title='bbox 279 2280 613 2357; x_wconf 79' lang='grc' dir='ltr'>πολλαχόσε</span> <span class='ocrx_word' id='word_1_287' title='bbox 634 2281 733 2349; x_wconf 74' lang='grc' dir='ltr'>τήν</span> <span class='ocrx_word' id='word_1_288' title='bbox 764 2276 1027 2351; x_wconf 76' lang='grc' dir='ltr'>ἀνάδειξιν</span> <span class='ocrx_word' id='word_1_289' title='bbox 1075 2277 1166 2332; x_wconf 73' lang='grc' dir='ltr'>καὶ</span> <span class='ocrx_word' id='word_1_290' title='bbox 1215 2278 1313 2345; x_wconf 65' lang='grc' dir='ltr'>τὴν</span> <span class='ocrx_word' id='word_1_291' title='bbox 1365 2275 1675 2345; x_wconf 68' lang='grc' dir='ltr'>ἀποστολὴν</span> <span class='ocrx_word' id='word_1_292' title='bbox 1852 2275 1936 2331; x_wconf 82' lang='grc' dir='ltr'>εὑ-</span> 
     </span>
    </p>
   </div>
   <div class='ocr_carea' id='block_1_39' title="bbox 282 2363 1938 2446">
    <p class='ocr_par' dir='ltr' id='par_1_39' title="bbox 282 2363 1938 2446">
     <span class='ocr_line' id='line_1_39' title="bbox 282 2363 1938 2446; baseline -0.004 -22"><span class='ocrx_word' id='word_1_293' title='bbox 282 2369 566 2446; x_wconf 64' lang='grc' dir='ltr'>ρίσκομεν</span> <span class='ocrx_word' id='word_1_294' title='bbox 601 2366 651 2440; x_wconf 79' lang='grc' dir='ltr'>ἐξ</span> <span class='ocrx_word' id='word_1_295' title='bbox 701 2367 775 2421; x_wconf 85' lang='grc' dir='ltr'>ὦν</span> <span class='ocrx_word' id='word_1_296' title='bbox 833 2364 1111 2439; x_wconf 76' lang='grc' dir='ltr'>μανθάνειν</span> <span class='ocrx_word' id='word_1_297' title='bbox 1149 2363 1315 2435; x_wconf 81' lang='grc' dir='ltr'>ἔξεστι</span> <span class='ocrx_word' id='word_1_298' title='bbox 1353 2369 1433 2437; x_wconf 75' lang='grc' dir='ltr'>τῷ</span> <span class='ocrx_word' id='word_1_299' title='bbox 1484 2363 1827 2440; x_wconf 71' lang='grc' dir='ltr'>βουλομένῳ,</span> <span class='ocrx_word' id='word_1_300' title='bbox 1861 2364 1938 2426; x_wconf 83' lang='grc' dir='ltr'>ὡς</span> 
     </span>
    </p>
   </div>
   <div class='ocr_carea' id='block_1_40' title="bbox 280 2451 1941 2534">
    <p class='ocr_par' dir='ltr' id='par_1_40' title="bbox 280 2451 1941 2534">
     <span class='ocr_line' id='line_1_40' title="bbox 280 2451 1941 2534; baseline -0.004 -21"><span class='ocrx_word' id='word_1_301' title='bbox 280 2459 348 2514; x_wconf 80' lang='grc' dir='ltr'>οὐ</span> <span class='ocrx_word' id='word_1_302' title='bbox 410 2455 671 2534; x_wconf 75' lang='grc' dir='ltr'>διαφωνία</span> <span class='ocrx_word' id='word_1_303' title='bbox 729 2476 815 2518; x_wconf 89' lang='grc' dir='ltr'>τις</span> <span class='ocrx_word' id='word_1_304' title='bbox 861 2453 912 2509; x_wconf 80' lang='grc' dir='ltr'>έν</span> <span class='ocrx_word' id='word_1_305' title='bbox 956 2458 1075 2516; x_wconf 85' lang='grc' dir='ltr'>τοῖς</span> <span class='ocrx_word' id='word_1_306' title='bbox 1134 2452 1342 2529; x_wconf 69' lang='grc' dir='ltr'>ῥήμασι</span> <span class='ocrx_word' id='word_1_307' title='bbox 1402 2458 1510 2507; x_wconf 80' lang='grc' dir='ltr'>τῶν</span> <span class='ocrx_word' id='word_1_308' title='bbox 1560 2453 1750 2529; x_wconf 83' lang='grc' dir='ltr'>ἁγίων,</span> <span class='ocrx_word' id='word_1_309' title='bbox 1793 2451 1941 2509; x_wconf 84' lang='grc' dir='ltr'>ἀλλὰ</span> 
     </span>
    </p>
   </div>
   <div class='ocr_carea' id='block_1_41' title="bbox 283 2541 1939 2626">
    <p class='ocr_par' dir='ltr' id='par_1_41' title="bbox 283 2541 1939 2626">
     <span class='ocr_line' id='line_1_41' title="bbox 283 2541 1939 2626; baseline -0.002 -25"><span class='ocrx_word' id='word_1_310' title='bbox 283 2546 566 2626; x_wconf 71' lang='grc' dir='ltr'>διαφόρως</span> <span class='ocrx_word' id='word_1_311' title='bbox 623 2545 722 2614; x_wconf 74' lang='grc' dir='ltr'>τὴν</span> <span class='ocrx_word' id='word_1_312' title='bbox 781 2543 917 2620; x_wconf 86' lang='grc' dir='ltr'>πρὸς</span> <span class='ocrx_word' id='word_1_313' title='bbox 964 2543 1054 2598; x_wconf 88' lang='grc' dir='ltr'>τὸν</span> <span class='ocrx_word' id='word_1_314' title='bbox 1114 2542 1173 2597; x_wconf 81' lang='grc' dir='ltr'>ἐκ</span> <span class='ocrx_word' id='word_1_315' title='bbox 1237 2541 1444 2618; x_wconf 82' lang='grc' dir='ltr'>Μαρίας</span> <span class='ocrx_word' id='word_1_316' title='bbox 1501 2541 1785 2617; x_wconf 80' lang='grc' dir='ltr'>ἄνθρωπον</span> <span class='ocrx_word' id='word_1_317' title='bbox 1842 2546 1939 2597; x_wconf 92' lang='grc' dir='ltr'>τοῦ</span> 
     </span>
    </p>
   </div>
   <div class='ocr_carea' id='block_1_42' title="bbox 283 2629 1940 2710">
    <p class='ocr_par' dir='ltr' id='par_1_42' title="bbox 283 2629 1940 2710">
     <span class='ocr_line' id='line_1_42' title="bbox 283 2629 1940 2710; baseline -0.004 -17"><span class='ocrx_word' id='word_1_318' title='bbox 283 2641 423 2693; x_wconf 87' lang='grc' dir='ltr'>Θεοῦ</span> <span class='ocrx_word' id='word_1_319' title='bbox 454 2637 567 2710; x_wconf 83' lang='grc'>(51)</span> <span class='ocrx_word' id='word_1_320' title='bbox 600 2633 783 2709; x_wconf 84' lang='grc' dir='ltr'>Λόγου</span> <span class='ocrx_word' id='word_1_321' title='bbox 824 2629 1016 2688; x_wconf 68' lang='grc' dir='ltr'>ἕνωσιν</span> <span class='ocrx_word' id='word_1_322' title='bbox 1057 2632 1378 2709; x_wconf 73' lang='grc' dir='ltr'>γενομένην,</span> <span class='ocrx_word' id='word_1_323' title='bbox 1424 2630 1777 2704; x_wconf 75' lang='grc' dir='ltr'>ὀνομάζουσι·</span> <span class='ocrx_word' id='word_1_324' title='bbox 1807 2632 1940 2687; x_wconf 74' lang='grc' dir='ltr'>ποτὶ</span> 
     </span>
    </p>
   </div>
   <div class='ocr_carea' id='block_1_43' title="bbox 287 2717 1939 2801">
    <p class='ocr_par' dir='ltr' id='par_1_43' title="bbox 287 2717 1939 2801">
     <span class='ocr_line' id='line_1_43' title="bbox 287 2717 1939 2801; baseline -0.004 -20"><span class='ocrx_word' id='word_1_325' title='bbox 287 2728 388 2800; x_wconf 75' lang='grc' dir='ltr'>μὲν</span> <span class='ocrx_word' id='word_1_326' title='bbox 419 2723 631 2801; x_wconf 77' lang='grc' dir='ltr'>χρίσιν,</span> <span class='ocrx_word' id='word_1_327' title='bbox 661 2722 794 2778; x_wconf 76' lang='grc' dir='ltr'>ποτὲ</span> <span class='ocrx_word' id='word_1_328' title='bbox 825 2719 882 2777; x_wconf 70' lang='grc' dir='ltr'>δὲ</span> <span class='ocrx_word' id='word_1_329' title='bbox 909 2720 1249 2791; x_wconf 72' lang='grc' dir='ltr'>ἀποστολὴν,</span> <span class='ocrx_word' id='word_1_330' title='bbox 1297 2718 1500 2776; x_wconf 79' lang='grc' dir='ltr'>ἄλλοτε</span> <span class='ocrx_word' id='word_1_331' title='bbox 1547 2717 1603 2777; x_wconf 76' lang='grc' dir='ltr'>δὲ</span> <span class='ocrx_word' id='word_1_332' title='bbox 1650 2724 1765 2796; x_wconf 79' lang='grc'>(52)</span> <span class='ocrx_word' id='word_1_333' title='bbox 1813 2720 1939 2777; x_wconf 82' lang='grc' dir='ltr'>ἀνά-</span> 
     </span>
    </p>
   </div>
   <div class='ocr_carea' id='block_1_44' title="bbox 285 2809 1939 2887">
    <p class='ocr_par' dir='ltr' id='par_1_44' title="bbox 285 2809 1939 2887">
     <span class='ocr_line' id='line_1_44' title="bbox 285 2809 1939 2887; baseline -0.003 -17"><span class='ocrx_word' id='word_1_334' title='bbox 285 2814 475 2886; x_wconf 77' lang='grc' dir='ltr'>δειξιν.</span> <span class='ocrx_word' id='word_1_335' title='bbox 516 2812 592 2871; x_wconf 83' lang='lat' dir='ltr'>T6</span> <span class='ocrx_word' id='word_1_336' title='bbox 635 2811 815 2867; x_wconf 80' lang='grc' dir='ltr'>τοίνυν</span> <span class='ocrx_word' id='word_1_337' title='bbox 862 2810 1162 2886; x_wconf 83' lang='grc' dir='ltr'>λεγόμενον</span> <span class='ocrx_word' id='word_1_338' title='bbox 1216 2809 1320 2865; x_wconf 84' lang='grc' dir='ltr'>ὑπὸ</span> <span class='ocrx_word' id='word_1_339' title='bbox 1366 2815 1463 2865; x_wconf 89' lang='grc' dir='ltr'>τοῦ</span> <span class='ocrx_word' id='word_1_340' title='bbox 1516 2810 1783 2887; x_wconf 83' lang='grc' dir='ltr'>μακαρίου</span> <span class='ocrx_word' id='word_1_341' title='bbox 1836 2811 1939 2866; x_wconf 84' lang='grc' dir='ltr'>Πέ-</span> 
     </span>
    </p>
   </div>
   <div class='ocr_carea' id='block_1_45' title="bbox 282 2899 1939 2980">
    <p class='ocr_par' dir='ltr' id='par_1_45' title="bbox 282 2899 1939 2980">
     <span class='ocr_line' id='line_1_45' title="bbox 282 2899 1939 2980; baseline -0.003 -20"><span class='ocrx_word' id='word_1_342' title='bbox 282 2926 423 2980; x_wconf 75' lang='grc' dir='ltr'>τρου</span> <span class='ocrx_word' id='word_1_343' title='bbox 456 2903 612 2979; x_wconf 85' lang='grc' dir='ltr'>ὀρθὸν</span> <span class='ocrx_word' id='word_1_344' title='bbox 645 2903 760 2976; x_wconf 87' lang='grc'>(53)</span> <span class='ocrx_word' id='word_1_345' title='bbox 807 2900 897 2955; x_wconf 84' lang='grc' dir='ltr'>καὶ</span> <span class='ocrx_word' id='word_1_346' title='bbox 947 2899 1365 2980; x_wconf 68' lang='grc' dir='ltr'>εἷ’λικρινῆτήν</span> <span class='ocrx_word' id='word_1_347' title='bbox 1417 2899 1647 2969; x_wconf 85' lang='grc' dir='ltr'>θεότητα</span> <span class='ocrx_word' id='word_1_348' title='bbox 1682 2904 1779 2955; x_wconf 89' lang='grc' dir='ltr'>τοῦ</span> <span class='ocrx_word' id='word_1_349' title='bbox 1821 2906 1939 2957; x_wconf 81' lang='grc' dir='ltr'>Μο-</span> 
     </span>
    </p>
   </div>
   <div class='ocr_carea' id='block_1_46' title="bbox 285 2987 1939 3068">
    <p class='ocr_par' dir='ltr' id='par_1_46' title="bbox 285 2987 1939 3068">
     <span class='ocr_line' id='line_1_46' title="bbox 285 2987 1939 3068; baseline -0.003 -19"><span class='ocrx_word' id='word_1_350' title='bbox 285 2997 511 3068; x_wconf 85' lang='grc' dir='ltr'>νογενῦς</span> <span class='ocrx_word' id='word_1_351' title='bbox 563 2990 845 3065; x_wconf 77' lang='grc' dir='ltr'>κηρύσσει,</span> <span class='ocrx_word' id='word_1_352' title='bbox 899 2989 961 3044; x_wconf 82' lang='grc' dir='ltr'>οὐ</span> <span class='ocrx_word' id='word_1_353' title='bbox 1023 2989 1121 3058; x_wconf 81' lang='grc' dir='ltr'>τήν</span> <span class='ocrx_word' id='word_1_354' title='bbox 1187 2987 1475 3045; x_wconf 86' lang='grc' dir='ltr'>ὑπόστασιν</span> <span class='ocrx_word' id='word_1_355' title='bbox 1549 2988 1788 3065; x_wconf 88' lang='grc' dir='ltr'>χωρίζον</span> <span class='ocrx_word' id='word_1_356' title='bbox 1841 2994 1939 3046; x_wconf 89' lang='grc' dir='ltr'>τοῦ</span> 
     </span>
    </p>
   </div>
   <div class='ocr_carea' id='block_1_47' title="bbox 288 3077 1945 3157">
    <p class='ocr_par' dir='ltr' id='par_1_47' title="bbox 288 3077 1945 3157">
     <span class='ocr_line' id='line_1_47' title="bbox 288 3077 1945 3157; baseline -0.009 -18"><span class='ocrx_word' id='word_1_357' title='bbox 288 3087 432 3139; x_wconf 83' lang='grc' dir='ltr'>Θεοῦ</span> <span class='ocrx_word' id='word_1_358' title='bbox 464 3082 641 3157; x_wconf 89' lang='grc' dir='ltr'>Λόγου</span> <span class='ocrx_word' id='word_1_359' title='bbox 685 3080 790 3135; x_wconf 87' lang='grc' dir='ltr'>ἀπὸ</span> <span class='ocrx_word' id='word_1_360' title='bbox 832 3083 928 3135; x_wconf 89' lang='grc' dir='ltr'>τοῦ</span> <span class='ocrx_word' id='word_1_361' title='bbox 980 3077 1041 3134; x_wconf 80' lang='grc' dir='ltr'>ἐκ</span> <span class='ocrx_word' id='word_1_362' title='bbox 1088 3077 1295 3155; x_wconf 81' lang='grc' dir='ltr'>Μαρίας</span> <span class='ocrx_word' id='word_1_363' title='bbox 1342 3079 1630 3153; x_wconf 86' lang='grc' dir='ltr'>ἀνθρώπου</span> <span class='ocrx_word' id='word_1_364' title='bbox 1666 3099 1678 3111; x_wconf 88' lang='grc'><strong>·</strong></span> <span class='ocrx_word' id='word_1_365' title='bbox 1733 3080 1808 3153; x_wconf 81' lang='grc' dir='ltr'>μὴ</span> <span class='ocrx_word' id='word_1_366' title='bbox 1860 3079 1945 3157; x_wconf 69' lang='grc' dir='ltr'>γέ-</span> 
     </span>
    </p>
   </div>
   <div class='ocr_carea' id='block_1_48' title="bbox 280 3165 1939 3244">
    <p class='ocr_par' dir='ltr' id='par_1_48' title="bbox 280 3165 1939 3244">
     <span class='ocr_line' id='line_1_48' title="bbox 280 3165 1939 3244; baseline -0.004 -14"><span class='ocrx_word' id='word_1_367' title='bbox 280 3172 481 3230; x_wconf 68' lang='lat' dir='ltr'>vowel</span> <span class='ocrx_word' id='word_1_368' title='bbox 517 3175 639 3231; x_wconf 83' lang='grc' dir='ltr'>Πῶς</span> <span class='ocrx_word' id='word_1_369' title='bbox 683 3170 788 3244; x_wconf 85' lang='grc' dir='ltr'>γὰρ</span> <span class='ocrx_word' id='word_1_370' title='bbox 838 3168 867 3222; x_wconf 92' lang='lat'>6</span> <span class='ocrx_word' id='word_1_371' title='bbox 917 3165 1150 3230; x_wconf 87' lang='grc' dir='ltr'>ἀκούσας</span> <span class='ocrx_word' id='word_1_372' title='bbox 1200 3166 1507 3244; x_wconf 81' lang='grc' dir='ltr'>πολλαχῶς</span> <span class='ocrx_word' id='word_1_373' title='bbox 1555 3169 1639 3242; x_wconf 81' lang='grc' dir='ltr'>τὸ,</span> <span class='ocrx_word' id='word_1_374' title='bbox 1672 3169 1815 3244; x_wconf 87' lang='grc' dir='ltr'>Ἐγὼ</span> <span class='ocrx_word' id='word_1_375' title='bbox 1849 3170 1939 3224; x_wconf 87' lang='grc' dir='ltr'>καὶ</span> 
     </span>
    </p>
   </div>
   <div class='ocr_carea' id='block_1_49' title="bbox 284 3254 1941 3333">
    <p class='ocr_par' dir='ltr' id='par_1_49' title="bbox 284 3254 1941 3333">
     <span class='ocr_line' id='line_1_49' title="bbox 284 3254 1941 3333; baseline -0.002 -18"><span class='ocrx_word' id='word_1_376' title='bbox 284 3266 315 3320; x_wconf 86' lang='grc' dir='ltr'>ὁ</span> <span class='ocrx_word' id='word_1_377' title='bbox 378 3260 566 3333; x_wconf 77' lang='grc' dir='ltr'>Πατὴρ</span> <span class='ocrx_word' id='word_1_378' title='bbox 624 3254 679 3313; x_wconf 75' lang='grc' dir='ltr'>ἓν</span> <span class='ocrx_word' id='word_1_379' title='bbox 724 3257 902 3331; x_wconf 80' lang='grc' dir='ltr'>ἐσμεν,</span> <span class='ocrx_word' id='word_1_380' title='bbox 954 3255 1067 3327; x_wconf 79' lang='grc' dir='ltr'>καὶ,</span> <span class='ocrx_word' id='word_1_381' title='bbox 1116 3256 1177 3314; x_wconf 75' lang='grc' dir='ltr'><strong>Ὀ</strong></span> <span class='ocrx_word' id='word_1_382' title='bbox 1248 3256 1502 3330; x_wconf 69' lang='grc' dir='ltr'>ἑωρακὼς</span> <span class='ocrx_word' id='word_1_383' title='bbox 1566 3254 1683 3330; x_wconf 72' lang='grc' dir='ltr'>ἐμὲ,</span> <span class='ocrx_word' id='word_1_384' title='bbox 1735 3257 1941 3331; x_wconf 73' lang='grc' dir='ltr'>ἑώρακε</span> 
     </span>
    </p>
   </div>
   <div class='ocr_carea' id='block_1_50' title="bbox 278 3345 1939 3424">
    <p class='ocr_par' dir='ltr' id='par_1_50' title="bbox 278 3345 1939 3424">
     <span class='ocr_line' id='line_1_50' title="bbox 278 3345 1939 3424; baseline -0.005 -15"><span class='ocrx_word' id='word_1_385' title='bbox 278 3353 380 3410; x_wconf 80' lang='grc' dir='ltr'>τὸν</span> <span class='ocrx_word' id='word_1_386' title='bbox 443 3347 700 3424; x_wconf 86' lang='grc' dir='ltr'>Πατέρα;</span> <span class='ocrx_word' id='word_1_387' title='bbox 754 3348 834 3402; x_wconf 89' lang='grc' dir='ltr'>Δι’</span> <span class='ocrx_word' id='word_1_388' title='bbox 893 3347 956 3401; x_wconf 86' lang='grc' dir='ltr'>οῦ</span> <span class='ocrx_word' id='word_1_389' title='bbox 1009 3346 1098 3401; x_wconf 87' lang='grc' dir='ltr'>καὶ</span> <span class='ocrx_word' id='word_1_390' title='bbox 1164 3346 1297 3420; x_wconf 85' lang='grc' dir='ltr'>μετά</span> <span class='ocrx_word' id='word_1_391' title='bbox 1358 3346 1457 3415; x_wconf 80' lang='grc' dir='ltr'>τήν</span> <span class='ocrx_word' id='word_1_392' title='bbox 1514 3345 1820 3414; x_wconf 80' lang='grc' dir='ltr'>ἀνάστασιν,</span> <span class='ocrx_word' id='word_1_393' title='bbox 1875 3345 1939 3401; x_wconf 89' lang='grc' dir='ltr'>τὸ</span> 
     </span>
    </p>
   </div>
   <div class='ocr_carea' id='block_1_51' title="bbox 284 3434 1939 3512">
    <p class='ocr_par' dir='ltr' id='par_1_51' title="bbox 284 3434 1939 3512">
     <span class='ocr_line' id='line_1_51' title="bbox 284 3434 1939 3512; baseline -0.004 -15"><span class='ocrx_word' id='word_1_394' title='bbox 284 3441 447 3509; x_wconf 77' lang='grc' dir='ltr'>αὐτὸ,</span> <span class='ocrx_word' id='word_1_395' title='bbox 507 3435 908 3510; x_wconf 85' lang='grc' dir='ltr'>κεκλεισμένων</span> <span class='ocrx_word' id='word_1_396' title='bbox 953 3439 1061 3490; x_wconf 81' lang='grc' dir='ltr'>τῶν</span> <span class='ocrx_word' id='word_1_397' title='bbox 1123 3439 1325 3511; x_wconf 80' lang='grc' dir='ltr'>θυρῶν,</span> <span class='ocrx_word' id='word_1_398' title='bbox 1374 3434 1755 3512; x_wconf 76' lang='grc' dir='ltr'>εἰσερχόμενον</span> <span class='ocrx_word' id='word_1_399' title='bbox 1802 3435 1939 3511; x_wconf 85' lang='grc' dir='ltr'>πρὸς</span> 
     </span>
    </p>
   </div>
   <div class='ocr_carea' id='block_1_52' title="bbox 284 3517 1937 3598">
    <p class='ocr_par' dir='ltr' id='par_1_52' title="bbox 284 3517 1937 3598">
     <span class='ocr_line' id='line_1_52' title="bbox 284 3517 1937 3598; baseline -0.002 -14"><span class='ocrx_word' id='word_1_400' title='bbox 284 3535 462 3584; x_wconf 74' lang='grc' dir='ltr'>πᾶσαν</span> <span class='ocrx_word' id='word_1_401' title='bbox 506 3529 615 3580; x_wconf 80' lang='grc' dir='ltr'>τῶν</span> <span class='ocrx_word' id='word_1_402' title='bbox 642 3517 963 3580; x_wconf 81' lang='grc' dir='ltr'>ἀποστόλων</span> <span class='ocrx_word' id='word_1_403' title='bbox 1010 3524 1108 3593; x_wconf 77' lang='grc' dir='ltr'>τὴν</span> <span class='ocrx_word' id='word_1_404' title='bbox 1154 3520 1439 3598; x_wconf 81' lang='grc' dir='ltr'>ξυνωρίδα,</span> <span class='ocrx_word' id='word_1_405' title='bbox 1490 3522 1579 3578; x_wconf 83' lang='grc' dir='ltr'>καὶ</span> <span class='ocrx_word' id='word_1_406' title='bbox 1631 3521 1686 3578; x_wconf 76' lang='grc' dir='ltr'>εἷ’</span> <span class='ocrx_word' id='word_1_407' title='bbox 1723 3542 1775 3579; x_wconf 90' lang='grc' dir='ltr'>τι</span> <span class='ocrx_word' id='word_1_408' title='bbox 1823 3524 1937 3597; x_wconf 78' lang='grc'>(54)</span> 
     </span>
    </p>
   </div>
   <div class='ocr_carea' id='block_1_53' title="bbox 284 3608 1934 3692">
    <p class='ocr_par' dir='ltr' id='par_1_53' title="bbox 284 3608 1934 3692">
     <span class='ocr_line' id='line_1_53' title="bbox 284 3608 1934 3692; baseline -0.004 -20"><span class='ocrx_word' id='word_1_409' title='bbox 284 3619 471 3692; x_wconf 75' lang='grc' dir='ltr'>παρῆν</span> <span class='ocrx_word' id='word_1_410' title='bbox 515 3612 575 3669; x_wconf 74' lang='grc' dir='ltr'>ἐκ</span> <span class='ocrx_word' id='word_1_411' title='bbox 617 3613 814 3669; x_wconf 83' lang='grc' dir='ltr'>τούτου</span> <span class='ocrx_word' id='word_1_412' title='bbox 872 3608 1175 3683; x_wconf 76' lang='grc' dir='ltr'>δυσπειθὲς,</span> <span class='ocrx_word' id='word_1_413' title='bbox 1227 3609 1557 3667; x_wconf 80' lang='grc' dir='ltr'>διαλύσαντα</span> <span class='ocrx_word' id='word_1_414' title='bbox 1600 3616 1682 3686; x_wconf 77' lang='grc' dir='ltr'>τῷ</span> <span class='ocrx_word' id='word_1_415' title='bbox 1742 3612 1934 3681; x_wconf 83' lang='grc' dir='ltr'>εἰπεῖν,</span> 
     </span>
    </p>
   </div>
   <div class='ocr_carea' id='block_1_54' title="bbox 288 3698 1937 3782">
    <p class='ocr_par' dir='ltr' id='par_1_54' title="bbox 288 3698 1937 3782">
     <span class='ocr_line' id='line_1_54' title="bbox 288 3698 1937 3782; baseline -0.004 -19"><span class='ocrx_word' id='word_1_416' title='bbox 288 3703 674 3782; x_wconf 68' lang='grc' dir='ltr'>Ψηλαιρήσατέ</span> <span class='ocrx_word' id='word_1_417' title='bbox 735 3722 825 3775; x_wconf 87' lang='grc' dir='ltr'>με,</span> <span class='ocrx_word' id='word_1_418' title='bbox 879 3700 969 3755; x_wconf 86' lang='grc' dir='ltr'>καὶ</span> <span class='ocrx_word' id='word_1_419' title='bbox 1031 3698 1259 3776; x_wconf 76' lang='grc' dir='ltr'>βλέπετε</span> <span class='ocrx_word' id='word_1_420' title='bbox 1291 3746 1304 3772; x_wconf 92' lang='grc'>,</span> <span class='ocrx_word' id='word_1_421' title='bbox 1364 3701 1446 3755; x_wconf 83' lang='lat'>6&#39;1:</span> <span class='ocrx_word' id='word_1_422' title='bbox 1503 3704 1718 3774; x_wconf 81' lang='grc' dir='ltr'>πνεῦμα</span> <span class='ocrx_word' id='word_1_423' title='bbox 1768 3702 1937 3778; x_wconf 85' lang='grc' dir='ltr'>σάρκα</span> 
     </span>
    </p>
   </div>
   <div class='ocr_carea' id='block_1_55' title="bbox 278 3783 1937 3866">
    <p class='ocr_par' dir='ltr' id='par_1_55' title="bbox 278 3783 1937 3866">
     <span class='ocr_line' id='line_1_55' title="bbox 278 3783 1937 3866; baseline -0.003 -15"><span class='ocrx_word' id='word_1_424' title='bbox 278 3795 376 3852; x_wconf 79' lang='grc' dir='ltr'>καὶ</span> <span class='ocrx_word' id='word_1_425' title='bbox 439 3793 597 3848; x_wconf 81' lang='grc' dir='ltr'>ὀστέα</span> <span class='ocrx_word' id='word_1_426' title='bbox 863 3788 963 3844; x_wconf 77' lang='grc' dir='ltr'>οὐκ</span> <span class='ocrx_word' id='word_1_427' title='bbox 1034 3783 1173 3864; x_wconf 79' lang='grc' dir='ltr'>ἔχει,</span> <span class='ocrx_word' id='word_1_428' title='bbox 1239 3788 1419 3852; x_wconf 86' lang='grc' dir='ltr'>καθὼς</span> <span class='ocrx_word' id='word_1_429' title='bbox 1505 3788 1602 3863; x_wconf 76' lang='grc' dir='ltr'>ἐμὲ</span> <span class='ocrx_word' id='word_1_430' title='bbox 1685 3791 1937 3866; x_wconf 80' lang='grc' dir='ltr'>θεωρεῖτε</span> 
     </span>
    </p>
   </div>
   <div class='ocr_carea' id='block_1_56' title="bbox 278 3875 1930 3960">
    <p class='ocr_par' dir='ltr' id='par_1_56' title="bbox 278 3875 1930 3960">
     <span class='ocr_line' id='line_1_56' title="bbox 278 3875 1930 3960; baseline -0.001 -24"><span class='ocrx_word' id='word_1_431' title='bbox 278 3882 507 3960; x_wconf 77' lang='grc' dir='ltr'>ἔχοντα.</span> <span class='ocrx_word' id='word_1_432' title='bbox 541 3879 641 3935; x_wconf 84' lang='grc' dir='ltr'>Καὶ</span> <span class='ocrx_word' id='word_1_433' title='bbox 674 3877 773 3934; x_wconf 76' lang='grc' dir='ltr'>οὐκ</span> <span class='ocrx_word' id='word_1_434' title='bbox 802 3879 936 3948; x_wconf 74' lang='grc' dir='ltr'>εἶπε,</span> <span class='ocrx_word' id='word_1_435' title='bbox 987 3875 1179 3946; x_wconf 88' lang='grc' dir='ltr'>Τόνδε,</span> <span class='ocrx_word' id='word_1_436' title='bbox 1211 3878 1270 3947; x_wconf 77' lang='grc' dir='ltr'>ἢ,</span> <span class='ocrx_word' id='word_1_437' title='bbox 1319 3879 1409 3933; x_wconf 79' lang='grc' dir='ltr'>τὸν</span> <span class='ocrx_word' id='word_1_438' title='bbox 1456 3875 1742 3955; x_wconf 78' lang='grc' dir='ltr'>ἄνθρωπόν</span> <span class='ocrx_word' id='word_1_439' title='bbox 1805 3900 1930 3953; x_wconf 86' lang='grc' dir='ltr'>μου,</span> 
     </span>
    </p>
   </div>
   <div class='ocr_carea' id='block_1_57' title="bbox 280 3964 1931 4046">
    <p class='ocr_par' dir='ltr' id='par_1_57' title="bbox 280 3964 1931 4046">
     <span class='ocr_line' id='line_1_57' title="bbox 280 3964 1931 4046; baseline -0.003 -18"><span class='ocrx_word' id='word_1_440' title='bbox 280 3975 344 4029; x_wconf 81' lang='grc' dir='ltr'>ὅν</span> <span class='ocrx_word' id='word_1_441' title='bbox 395 3968 685 4046; x_wconf 74' lang='grc' dir='ltr'>ἀνείληφα,</span> <span class='ocrx_word' id='word_1_442' title='bbox 737 3964 864 4022; x_wconf 87' lang='grc' dir='ltr'>ἀλλ’</span> <span class='ocrx_word' id='word_1_443' title='bbox 919 3965 1035 4042; x_wconf 78' lang='grc' dir='ltr'>ἐμέ.</span> <span class='ocrx_word' id='word_1_444' title='bbox 1080 3968 1239 4025; x_wconf 86' lang='grc' dir='ltr'>Ὅθεν</span> <span class='ocrx_word' id='word_1_445' title='bbox 1291 3964 1545 4041; x_wconf 56' lang='grc' dir='ltr'>οὐδεμίαν</span> <span class='ocrx_word' id='word_1_446' title='bbox 1602 3970 1931 4046; x_wconf 85' lang='grc' dir='ltr'>συγγνώμην</span> 
     </span>
    </p>
   </div>
   <div class='ocr_carea' id='block_1_58' title="bbox 276 4055 1934 4138">
    <p class='ocr_par' dir='ltr' id='par_1_58' title="bbox 276 4055 1934 4138">
     <span class='ocr_line' id='line_1_58' title="bbox 276 4055 1934 4138; baseline -0.004 -20"><span class='ocrx_word' id='word_1_447' title='bbox 276 4062 458 4138; x_wconf 79' lang='grc' dir='ltr'>εὑρεῖν</span> <span class='ocrx_word' id='word_1_448' title='bbox 519 4055 802 4128; x_wconf 80' lang='grc' dir='ltr'>δυνήσεται</span> <span class='ocrx_word' id='word_1_449' title='bbox 861 4057 889 4111; x_wconf 92' lang='lat'>6</span> <span class='ocrx_word' id='word_1_450' title='bbox 949 4055 1333 4130; x_wconf 72' lang='grc' dir='ltr'>Σαμοσατεῦς,</span> <span class='ocrx_word' id='word_1_451' title='bbox 1394 4055 1454 4112; x_wconf 77' lang='grc' dir='ltr'>ἐκ</span> <span class='ocrx_word' id='word_1_452' title='bbox 1507 4058 1779 4113; x_wconf 78' lang='grc' dir='ltr'>τοσούτων</span> <span class='ocrx_word' id='word_1_453' title='bbox 1835 4059 1934 4127; x_wconf 78' lang='grc' dir='ltr'>τήν</span> 
     </span>
    </p>
   </div>
   <div class='ocr_carea' id='block_1_59' title="bbox 276 4144 1934 4222">
    <p class='ocr_par' dir='ltr' id='par_1_59' title="bbox 276 4144 1934 4222">
     <span class='ocr_line' id='line_1_59' title="bbox 276 4144 1934 4222; baseline -0.002 -16"><span class='ocrx_word' id='word_1_454' title='bbox 276 4150 481 4207; x_wconf 69' lang='grc' dir='ltr'>ἕνωσιν</span> <span class='ocrx_word' id='word_1_455' title='bbox 530 4150 627 4202; x_wconf 92' lang='grc' dir='ltr'>τοῦ</span> <span class='ocrx_word' id='word_1_456' title='bbox 674 4149 806 4201; x_wconf 86' lang='grc' dir='ltr'>Θενῦ</span> <span class='ocrx_word' id='word_1_457' title='bbox 855 4145 1053 4222; x_wconf 86' lang='grc' dir='ltr'>Λόγου,</span> <span class='ocrx_word' id='word_1_458' title='bbox 1101 4144 1441 4222; x_wconf 85' lang='grc' dir='ltr'>διελεγχθείς</span> <span class='ocrx_word' id='word_1_459' title='bbox 1477 4165 1490 4179; x_wconf 79' lang='grc'><strong><em>⁸</em></strong></span> <span class='ocrx_word' id='word_1_460' title='bbox 1524 4146 1613 4202; x_wconf 80' lang='grc' dir='ltr'>καὶ</span> <span class='ocrx_word' id='word_1_461' title='bbox 1645 4148 1737 4203; x_wconf 88' lang='grc' dir='ltr'>ἀπ’</span> <span class='ocrx_word' id='word_1_462' title='bbox 1765 4144 1934 4204; x_wconf 78' lang='grc' dir='ltr'>αὐτοῦ</span> 
     </span>
    </p>
   </div>
   <div class='ocr_carea' id='block_1_60' title="bbox 281 4233 1937 4312">
    <p class='ocr_par' dir='ltr' id='par_1_60' title="bbox 281 4233 1937 4312">
     <span class='ocr_line' id='line_1_60' title="bbox 281 4233 1937 4312; baseline -0.001 -17"><span class='ocrx_word' id='word_1_463' title='bbox 281 4238 345 4295; x_wconf 78' lang='grc' dir='ltr'>δὲ</span> <span class='ocrx_word' id='word_1_464' title='bbox 372 4241 474 4294; x_wconf 89' lang='grc' dir='ltr'>τοῦ</span> <span class='ocrx_word' id='word_1_465' title='bbox 501 4239 635 4292; x_wconf 81' lang='grc' dir='ltr'>Θεοῦ</span> <span class='ocrx_word' id='word_1_466' title='bbox 674 4234 876 4311; x_wconf 81' lang='grc' dir='ltr'>Λόγου,</span> <span class='ocrx_word' id='word_1_467' title='bbox 932 4233 1053 4312; x_wconf 76' lang='grc' dir='ltr'>ἄρτι</span> <span class='ocrx_word' id='word_1_468' title='bbox 1107 4235 1200 4309; x_wconf 74' lang='grc' dir='ltr'>μὲν</span> <span class='ocrx_word' id='word_1_469' title='bbox 1250 4236 1389 4312; x_wconf 80' lang='grc' dir='ltr'>πρὸς</span> <span class='ocrx_word' id='word_1_470' title='bbox 1427 4235 1624 4300; x_wconf 83' lang='grc' dir='ltr'>πάντας</span> <span class='ocrx_word' id='word_1_471' title='bbox 1663 4238 1761 4308; x_wconf 64' lang='grc' dir='ltr'>τὴν</span> <span class='ocrx_word' id='word_1_472' title='bbox 1812 4242 1937 4293; x_wconf 74' lang='grc' dir='ltr'>πεῦο</span> 
     </span>
    </p>
   </div>
   <div class='ocr_carea' id='block_1_61' title="bbox 282 4323 1936 4404">
    <p class='ocr_par' dir='ltr' id='par_1_61' title="bbox 282 4323 1936 4404">
     <span class='ocr_line' id='line_1_61' title="bbox 282 4323 1936 4404; baseline -0.001 -19"><span class='ocrx_word' id='word_1_473' title='bbox 282 4349 370 4385; x_wconf 89' lang='grc' dir='ltr'>σιν</span> <span class='ocrx_word' id='word_1_474' title='bbox 424 4326 819 4404; x_wconf 86' lang='grc' dir='ltr'>προσάγοντος,</span> <span class='ocrx_word' id='word_1_475' title='bbox 869 4323 959 4380; x_wconf 82' lang='grc' dir='ltr'>καὶ</span> <span class='ocrx_word' id='word_1_476' title='bbox 1008 4323 1376 4404; x_wconf 76' lang='grc' dir='ltr'>πληρνφορῶν</span> <span class='ocrx_word' id='word_1_477' title='bbox 1436 4326 1542 4381; x_wconf 74' lang='grc' dir='ltr'>ἀπὸ</span> <span class='ocrx_word' id='word_1_478' title='bbox 1587 4348 1645 4382; x_wconf 85' lang='grc' dir='ltr'>τε</span> <span class='ocrx_word' id='word_1_479' title='bbox 1691 4332 1787 4383; x_wconf 90' lang='grc' dir='ltr'>τοῦ</span> <span class='ocrx_word' id='word_1_480' title='bbox 1837 4349 1936 4403; x_wconf 80' lang='grc' dir='ltr'>φα-</span> 
     </span>
    </p>
   </div>
   <div class='ocr_carea' id='block_1_62' title="bbox 280 4410 1939 4495">
    <p class='ocr_par' dir='ltr' id='par_1_62' title="bbox 280 4410 1939 4495">
     <span class='ocr_line' id='line_1_62' title="bbox 280 4410 1939 4495; baseline -0.007 -24"><span class='ocrx_word' id='word_1_481' title='bbox 280 4422 398 4495; x_wconf 81' lang='grc' dir='ltr'>γεῖν</span> <span class='ocrx_word' id='word_1_482' title='bbox 452 4414 542 4470; x_wconf 86' lang='grc' dir='ltr'>καὶ</span> <span class='ocrx_word' id='word_1_483' title='bbox 587 4414 687 4483; x_wconf 65' lang='grc' dir='ltr'>τὴν</span> <span class='ocrx_word' id='word_1_484' title='bbox 739 4410 1058 4489; x_wconf 79' lang='grc' dir='ltr'>ψηλάφησιν</span> <span class='ocrx_word' id='word_1_485' title='bbox 1107 4412 1408 4490; x_wconf 81' lang='grc' dir='ltr'>ἐπιτρέψαι,</span> <span class='ocrx_word' id='word_1_486' title='bbox 1460 4414 1495 4483; x_wconf 71' lang='grc' dir='ltr'><strong>ἢ</strong></span> <span class='ocrx_word' id='word_1_487' title='bbox 1544 4412 1611 4484; x_wconf 81' lang='grc' dir='ltr'>δὴ</span> <span class='ocrx_word' id='word_1_488' title='bbox 1655 4415 1745 4470; x_wconf 79' lang='grc' dir='ltr'>καὶ</span> <span class='ocrx_word' id='word_1_489' title='bbox 1791 4416 1939 4491; x_wconf 70' lang='grc' dir='ltr'>γεγέ.</span> 
     </span>
    </p>
   </div>
   <div class='ocr_carea' id='block_1_63' title="bbox 282 4499 1938 4582">
    <p class='ocr_par' dir='ltr' id='par_1_63' title="bbox 282 4499 1938 4582">
     <span class='ocr_line' id='line_1_63' title="bbox 282 4499 1938 4582; baseline -0.005 -23"><span class='ocrx_word' id='word_1_490' title='bbox 282 4526 471 4577; x_wconf 83' lang='grc' dir='ltr'>νηται.</span> <span class='ocrx_word' id='word_1_491' title='bbox 505 4502 726 4566; x_wconf 86' lang='grc' dir='ltr'>Πάντως</span> <span class='ocrx_word' id='word_1_492' title='bbox 747 4502 849 4579; x_wconf 78' lang='grc' dir='ltr'>γὰρ</span> <span class='ocrx_word' id='word_1_493' title='bbox 881 4503 910 4556; x_wconf 87' lang='lat'>6</span> <span class='ocrx_word' id='word_1_494' title='bbox 954 4499 1141 4564; x_wconf 75' lang='grc' dir='ltr'>διδοὺς</span> <span class='ocrx_word' id='word_1_495' title='bbox 1188 4504 1292 4573; x_wconf 75' lang='grc' dir='ltr'>της</span> <span class='ocrx_word' id='word_1_496' title='bbox 1340 4505 1569 4582; x_wconf 70' lang='grc' dir='ltr'>τροφὴν²</span> <span class='ocrx_word' id='word_1_497' title='bbox 1603 4504 1638 4574; x_wconf 74' lang='grc' dir='ltr'><strong>ἢ</strong></span> <span class='ocrx_word' id='word_1_498' title='bbox 1673 4506 1726 4560; x_wconf 75' lang='grc' dir='ltr'>οἱ</span> <span class='ocrx_word' id='word_1_499' title='bbox 1760 4502 1938 4560; x_wconf 82' lang='grc' dir='ltr'>διδόν-</span> 
     </span>
    </p>
   </div>
   <div class='ocr_carea' id='block_1_64' title="bbox 283 4589 1938 4672">
    <p class='ocr_par' dir='ltr' id='par_1_64' title="bbox 283 4589 1938 4672">
     <span class='ocr_line' id='line_1_64' title="bbox 283 4589 1938 4672; baseline -0.001 -22"><span class='ocrx_word' id='word_1_500' title='bbox 283 4616 377 4655; x_wconf 86' lang='grc' dir='ltr'>τες</span> <span class='ocrx_word' id='word_1_501' title='bbox 409 4592 620 4667; x_wconf 73' lang='grc' dir='ltr'>ἥψαντο</span> <span class='ocrx_word' id='word_1_502' title='bbox 662 4594 771 4645; x_wconf 79' lang='grc' dir='ltr'>τῶν</span> <span class='ocrx_word' id='word_1_503' title='bbox 818 4594 1045 4665; x_wconf 79' lang='grc' dir='ltr'>χειρῶν.</span> <span class='ocrx_word' id='word_1_504' title='bbox 1097 4589 1407 4647; x_wconf 69' lang='grc' dir='ltr'>Ἐπέδωκαι</span> <span class='ocrx_word' id='word_1_505' title='bbox 1454 4592 1577 4669; x_wconf 75' lang='grc' dir='ltr'>γὰρ,</span> <span class='ocrx_word' id='word_1_506' title='bbox 1620 4595 1806 4672; x_wconf 73' lang='grc' dir='ltr'>φησὶν,</span> <span class='ocrx_word' id='word_1_507' title='bbox 1839 4593 1938 4648; x_wconf 81' lang='grc' dir='ltr'>αύ-</span> 
     </span>
    </p>
   </div>
   <div class='ocr_carea' id='block_1_65' title="bbox 284 4678 1944 4757">
    <p class='ocr_par' dir='ltr' id='par_1_65' title="bbox 284 4678 1944 4757">
     <span class='ocr_line' id='line_1_65' title="bbox 284 4678 1944 4757; baseline -0.001 -19"><span class='ocrx_word' id='word_1_508' title='bbox 284 4688 373 4755; x_wconf 80' lang='grc' dir='ltr'>τῷ</span> <span class='ocrx_word' id='word_1_509' title='bbox 432 4678 628 4757; x_wconf 73' lang='grc' dir='ltr'>ἰχθύος</span> <span class='ocrx_word' id='word_1_510' title='bbox 687 4678 857 4733; x_wconf 83' lang='grc' dir='ltr'>ὀπτοῦ</span> <span class='ocrx_word' id='word_1_511' title='bbox 919 4678 1106 4754; x_wconf 77' lang='grc' dir='ltr'>μέρος,</span> <span class='ocrx_word' id='word_1_512' title='bbox 1179 4678 1269 4733; x_wconf 85' lang='grc' dir='ltr'>καὶ</span> <span class='ocrx_word' id='word_1_513' title='bbox 1338 4679 1443 4734; x_wconf 80' lang='grc' dir='ltr'>ἀπὸ</span> <span class='ocrx_word' id='word_1_514' title='bbox 1504 4679 1788 4753; x_wconf 90' lang='grc' dir='ltr'>μελισσίου</span> <span class='ocrx_word' id='word_1_515' title='bbox 1841 4703 1944 4753; x_wconf 87' lang='grc' dir='ltr'>κη-</span> 
     </span>
    </p>
   </div>
   <div class='ocr_carea' id='block_1_66' title="bbox 2047 2188 3694 2262">
    <p class='ocr_par' dir='ltr' id='par_1_66' title="bbox 2047 2188 3694 2262">
     <span class='ocr_line' id='line_1_66' title="bbox 2047 2188 3694 2262; baseline 0.004 -18"><span class='ocrx_word' id='word_1_516' title='bbox 2047 2205 2180 2245; x_wconf 85' lang='lat' dir='ltr'>nem</span> <span class='ocrx_word' id='word_1_517' title='bbox 2211 2188 2367 2244; x_wconf 80' lang='lat' dir='ltr'>idem</span> <span class='ocrx_word' id='word_1_518' title='bbox 2385 2205 2514 2245; x_wconf 88' lang='lat' dir='ltr'>esse</span> <span class='ocrx_word' id='word_1_519' title='bbox 2529 2204 2595 2243; x_wconf 86' lang='lat' dir='ltr'>ac</span> <span class='ocrx_word' id='word_1_520' title='bbox 2625 2188 2964 2243; x_wconf 84' lang='lat' dir='ltr'>unctionem</span> <span class='ocrx_word' id='word_1_521' title='bbox 2996 2188 3345 2260; x_wconf 89' lang='lat' dir='ltr'>reperimus.</span> <span class='ocrx_word' id='word_1_522' title='bbox 3367 2190 3450 2246; x_wconf 89' lang='lat' dir='ltr'>Ex</span> <span class='ocrx_word' id='word_1_523' title='bbox 3478 2190 3694 2262; x_wconf 87' lang='lat' dir='ltr'>quibus</span> 
     </span>
    </p>
   </div>
   <div class='ocr_carea' id='block_1_67' title="bbox 2047 2275 3697 2340">
    <p class='ocr_par' dir='ltr' id='par_1_67' title="bbox 2047 2275 3697 2340">
     <span class='ocr_line' id='line_1_67' title="bbox 2047 2275 3697 2340; baseline 0.004 -6"><span class='ocrx_word' id='word_1_524' title='bbox 2047 2277 2230 2334; x_wconf 87' lang='lat' dir='ltr'>cuivis</span> <span class='ocrx_word' id='word_1_525' title='bbox 2251 2277 2387 2333; x_wconf 88' lang='lat' dir='ltr'>licet</span> <span class='ocrx_word' id='word_1_526' title='bbox 2424 2276 2646 2334; x_wconf 86' lang='lat' dir='ltr'>discere</span> <span class='ocrx_word' id='word_1_527' title='bbox 2677 2275 2823 2333; x_wconf 88' lang='lat' dir='ltr'>nihil</span> <span class='ocrx_word' id='word_1_528' title='bbox 2853 2276 2912 2332; x_wconf 91' lang='lat' dir='ltr'>in</span> <span class='ocrx_word' id='word_1_529' title='bbox 2944 2277 3135 2333; x_wconf 90' lang='lat' dir='ltr'>verbis</span> <span class='ocrx_word' id='word_1_530' title='bbox 3180 2282 3520 2336; x_wconf 87' lang='lat' dir='ltr'>sanctorum</span> <span class='ocrx_word' id='word_1_531' title='bbox 3566 2299 3697 2340; x_wconf 86' lang='lat' dir='ltr'>esse</span> 
     </span>
    </p>
   </div>
   <div class='ocr_carea' id='block_1_68' title="bbox 2047 2366 3699 2442">
    <p class='ocr_par' dir='ltr' id='par_1_68' title="bbox 2047 2366 3699 2442">
     <span class='ocr_line' id='line_1_68' title="bbox 2047 2366 3699 2442; baseline 0.003 -18"><span class='ocrx_word' id='word_1_532' title='bbox 2047 2367 2388 2436; x_wconf 89' lang='lat' dir='ltr'>dissonum;</span> <span class='ocrx_word' id='word_1_533' title='bbox 2411 2367 2512 2423; x_wconf 88' lang='lat' dir='ltr'>sed</span> <span class='ocrx_word' id='word_1_534' title='bbox 2534 2366 2708 2423; x_wconf 71' lang='lat' dir='ltr'>variis</span> <span class='ocrx_word' id='word_1_535' title='bbox 2733 2369 2961 2423; x_wconf 86' lang='lat' dir='ltr'>tantum</span> <span class='ocrx_word' id='word_1_536' title='bbox 2982 2367 3322 2424; x_wconf 82' lang='lat' dir='ltr'>nominibus</span> <span class='ocrx_word' id='word_1_537' title='bbox 3340 2370 3699 2442; x_wconf 86' lang='lat' dir='ltr'>conjunctio-</span> 
     </span>
    </p>
   </div>
   <div class='ocr_carea' id='block_1_69' title="bbox 2048 2454 3698 2533">
    <p class='ocr_par' dir='ltr' id='par_1_69' title="bbox 2048 2454 3698 2533">
     <span class='ocr_line' id='line_1_69' title="bbox 2048 2454 3698 2533; baseline 0.004 -20"><span class='ocrx_word' id='word_1_538' title='bbox 2048 2474 2184 2514; x_wconf 90' lang='lat' dir='ltr'>nem</span> <span class='ocrx_word' id='word_1_539' title='bbox 2207 2456 2307 2513; x_wconf 89' lang='lat' dir='ltr'>Dei</span> <span class='ocrx_word' id='word_1_540' title='bbox 2325 2454 2501 2513; x_wconf 86' lang='lat' dir='ltr'>Verbi</span> <span class='ocrx_word' id='word_1_541' title='bbox 2523 2472 2656 2512; x_wconf 89' lang='lat' dir='ltr'>cum</span> <span class='ocrx_word' id='word_1_542' title='bbox 2681 2455 2918 2512; x_wconf 84' lang='lat' dir='ltr'>homine</span> <span class='ocrx_word' id='word_1_543' title='bbox 2941 2472 3009 2512; x_wconf 88' lang='lat' dir='ltr'>ex</span> <span class='ocrx_word' id='word_1_544' title='bbox 3029 2456 3208 2512; x_wconf 80' lang='lat' dir='ltr'>Maria</span> <span class='ocrx_word' id='word_1_545' title='bbox 3229 2463 3534 2533; x_wconf 80' lang='lat' dir='ltr'>assumpto</span> <span class='ocrx_word' id='word_1_546' title='bbox 3566 2461 3698 2520; x_wconf 88' lang='lat' dir='ltr'>illos</span> 
     </span>
    </p>
   </div>
   <div class='ocr_carea' id='block_1_70' title="bbox 2049 2546 3694 2622">
    <p class='ocr_par' dir='ltr' id='par_1_70' title="bbox 2049 2546 3694 2622">
     <span class='ocr_line' id='line_1_70' title="bbox 2049 2546 3694 2622; baseline 0.003 -19"><span class='ocrx_word' id='word_1_547' title='bbox 2049 2547 2381 2619; x_wconf 84' lang='lat' dir='ltr'>designare,</span> <span class='ocrx_word' id='word_1_548' title='bbox 2425 2561 2559 2602; x_wconf 89' lang='lat' dir='ltr'>cum</span> <span class='ocrx_word' id='word_1_549' title='bbox 2600 2562 2730 2602; x_wconf 88' lang='lat' dir='ltr'>eam</span> <span class='ocrx_word' id='word_1_550' title='bbox 2773 2546 2948 2603; x_wconf 91' lang='lat' dir='ltr'>modo</span> <span class='ocrx_word' id='word_1_551' title='bbox 2991 2546 3331 2604; x_wconf 82' lang='lat' dir='ltr'>unctionem</span> <span class='ocrx_word' id='word_1_552' title='bbox 3378 2549 3694 2622; x_wconf 88' lang='lat' dir='ltr'>appellant,</span> 
     </span>
    </p>
   </div>
   <div class='ocr_carea' id='block_1_71' title="bbox 2049 2634 3700 2704">
    <p class='ocr_par' dir='ltr' id='par_1_71' title="bbox 2049 2634 3700 2704">
     <span class='ocr_line' id='line_1_71' title="bbox 2049 2634 3700 2704; baseline 0.004 -12"><span class='ocrx_word' id='word_1_553' title='bbox 2049 2637 2223 2692; x_wconf 93' lang='lat' dir='ltr'>modo</span> <span class='ocrx_word' id='word_1_554' title='bbox 2255 2634 2621 2704; x_wconf 72' lang='lat' dir='ltr'>missionem,</span> <span class='ocrx_word' id='word_1_555' title='bbox 2656 2635 2830 2691; x_wconf 89' lang='lat' dir='ltr'>modo</span> <span class='ocrx_word' id='word_1_556' title='bbox 2860 2635 3277 2692; x_wconf 88' lang='lat' dir='ltr'>ostensionem.</span> <span class='ocrx_word' id='word_1_557' title='bbox 3312 2637 3550 2695; x_wconf 80' lang='lat' dir='ltr'>Rectum</span> <span class='ocrx_word' id='word_1_558' title='bbox 3610 2645 3700 2698; x_wconf 87' lang='lat' dir='ltr'>est</span> 
     </span>
    </p>
   </div>
   <div class='ocr_carea' id='block_1_72' title="bbox 2048 2724 3697 2802">
    <p class='ocr_par' dir='ltr' id='par_1_72' title="bbox 2048 2724 3697 2802">
     <span class='ocr_line' id='line_1_72' title="bbox 2048 2724 3697 2802; baseline 0.003 -19"><span class='ocrx_word' id='word_1_559' title='bbox 2048 2725 2229 2799; x_wconf 80' lang='lat' dir='ltr'>igitur</span> <span class='ocrx_word' id='word_1_560' title='bbox 2258 2725 2412 2797; x_wconf 92' lang='lat' dir='ltr'>quod</span> <span class='ocrx_word' id='word_1_561' title='bbox 2446 2725 2530 2782; x_wconf 86' lang='lat' dir='ltr'>ait</span> <span class='ocrx_word' id='word_1_562' title='bbox 2558 2724 2763 2782; x_wconf 87' lang='lat' dir='ltr'>beatus</span> <span class='ocrx_word' id='word_1_563' title='bbox 2788 2724 3011 2793; x_wconf 85' lang='lat' dir='ltr'>Petrus,</span> <span class='ocrx_word' id='word_1_564' title='bbox 3046 2725 3147 2797; x_wconf 85' lang='lat' dir='ltr'>qui</span> <span class='ocrx_word' id='word_1_565' title='bbox 3178 2742 3374 2782; x_wconf 83' lang='lat' dir='ltr'>veram</span> <span class='ocrx_word' id='word_1_566' title='bbox 3398 2727 3697 2802; x_wconf 81' lang='lat' dir='ltr'>Unigeniti</span> 
     </span>
    </p>
   </div>
   <div class='ocr_carea' id='block_1_73' title="bbox 2048 2812 3698 2889">
    <p class='ocr_par' dir='ltr' id='par_1_73' title="bbox 2048 2812 3698 2889">
     <span class='ocr_line' id='line_1_73' title="bbox 2048 2812 3698 2889; baseline 0.004 -19"><span class='ocrx_word' id='word_1_567' title='bbox 2048 2814 2326 2887; x_wconf 67' lang='lat' dir='ltr'>praedicat</span> <span class='ocrx_word' id='word_1_568' title='bbox 2373 2812 2761 2882; x_wconf 78' lang='lat' dir='ltr'>divinitatem,</span> <span class='ocrx_word' id='word_1_569' title='bbox 2805 2828 2911 2870; x_wconf 89' lang='lat' dir='ltr'>nec</span> <span class='ocrx_word' id='word_1_570' title='bbox 2958 2813 3061 2870; x_wconf 90' lang='lat' dir='ltr'>Dei</span> <span class='ocrx_word' id='word_1_571' title='bbox 3111 2812 3284 2869; x_wconf 87' lang='lat' dir='ltr'>Verbi</span> <span class='ocrx_word' id='word_1_572' title='bbox 3334 2814 3698 2889; x_wconf 84' lang='lat' dir='ltr'>hypostasim</span> 
     </span>
    </p>
   </div>
   <div class='ocr_carea' id='block_1_74' title="bbox 2050 2902 3693 2981">
    <p class='ocr_par' dir='ltr' id='par_1_74' title="bbox 2050 2902 3693 2981">
     <span class='ocr_line' id='line_1_74' title="bbox 2050 2902 3693 2981; baseline 0.005 -22"><span class='ocrx_word' id='word_1_573' title='bbox 2050 2903 2340 2977; x_wconf 84' lang='lat' dir='ltr'>disjungit</span> <span class='ocrx_word' id='word_1_574' title='bbox 2386 2903 2459 2960; x_wconf 87' lang='lat' dir='ltr'>ab</span> <span class='ocrx_word' id='word_1_575' title='bbox 2512 2902 2752 2959; x_wconf 87' lang='lat' dir='ltr'>homine</span> <span class='ocrx_word' id='word_1_576' title='bbox 2798 2919 2867 2959; x_wconf 85' lang='lat' dir='ltr'>ex</span> <span class='ocrx_word' id='word_1_577' title='bbox 2913 2902 3095 2959; x_wconf 84' lang='lat' dir='ltr'>Maria</span> <span class='ocrx_word' id='word_1_578' title='bbox 3142 2909 3487 2978; x_wconf 87' lang='lat' dir='ltr'>assumpto:</span> <span class='ocrx_word' id='word_1_579' title='bbox 3535 2910 3693 2981; x_wconf 85' lang='lat' dir='ltr'>quod</span> 
     </span>
    </p>
   </div>
   <div class='ocr_carea' id='block_1_75' title="bbox 2048 2991 3695 3069">
    <p class='ocr_par' dir='ltr' id='par_1_75' title="bbox 2048 2991 3695 3069">
     <span class='ocr_line' id='line_1_75' title="bbox 2048 2991 3695 3069; baseline 0.004 -20"><span class='ocrx_word' id='word_1_580' title='bbox 2048 2991 2290 3049; x_wconf 91' lang='lat' dir='ltr'>omnino</span> <span class='ocrx_word' id='word_1_581' title='bbox 2307 2991 2489 3048; x_wconf 73' lang='lat' dir='ltr'>absit!</span> <span class='ocrx_word' id='word_1_582' title='bbox 2510 2991 2617 3057; x_wconf 88' lang='lat' dir='ltr'>Qui</span> <span class='ocrx_word' id='word_1_583' title='bbox 2641 2992 2799 3048; x_wconf 91' lang='lat' dir='ltr'>enim</span> <span class='ocrx_word' id='word_1_584' title='bbox 2818 2992 2876 3047; x_wconf 92' lang='lat' dir='ltr'>id</span> <span class='ocrx_word' id='word_1_585' title='bbox 2899 2991 2995 3049; x_wconf 90' lang='lat' dir='ltr'>ille</span> <span class='ocrx_word' id='word_1_586' title='bbox 3018 2992 3279 3061; x_wconf 77' lang='lat' dir='ltr'>auderet,</span> <span class='ocrx_word' id='word_1_587' title='bbox 3304 2994 3405 3065; x_wconf 90' lang='lat' dir='ltr'>qui</span> <span class='ocrx_word' id='word_1_588' title='bbox 3429 2995 3695 3069; x_wconf 83' lang='lat' dir='ltr'>frequen-</span> 
     </span>
    </p>
   </div>
   <div class='ocr_carea' id='block_1_76' title="bbox 2048 3080 3696 3159">
    <p class='ocr_par' dir='ltr' id='par_1_76' title="bbox 2048 3080 3696 3159">
     <span class='ocr_line' id='line_1_76' title="bbox 2048 3080 3696 3159; baseline -0.004 -21"><span class='ocrx_word' id='word_1_589' title='bbox 2048 3085 2139 3139; x_wconf 90' lang='lat' dir='ltr'>ter</span> <span class='ocrx_word' id='word_1_590' title='bbox 2169 3080 2376 3150; x_wconf 90' lang='lat' dir='ltr'>audiit,</span> <span class='ocrx_word' id='word_1_591' title='bbox 2411 3083 2520 3152; x_wconf 86' lang='lat' dir='ltr'>Ego</span> <span class='ocrx_word' id='word_1_592' title='bbox 2548 3089 2599 3138; x_wconf 88' lang='lat' dir='ltr'>et</span> <span class='ocrx_word' id='word_1_593' title='bbox 2626 3086 2798 3137; x_wconf 80' lang='lat' dir='ltr'>Pater</span> <span class='ocrx_word' id='word_1_594' title='bbox 2826 3098 3001 3139; x_wconf 83' lang='lat' dir='ltr'>unum</span> <span class='ocrx_word' id='word_1_595' title='bbox 3028 3098 3221 3138; x_wconf 75' lang='lat' dir='ltr'>sumus</span> <span class='ocrx_word' id='word_1_596' title='bbox 3252 3083 3318 3149; x_wconf 76' lang='grc'>⁸⁵,</span> <span class='ocrx_word' id='word_1_597' title='bbox 3349 3087 3426 3153; x_wconf 89' lang='lat' dir='ltr'>et,</span> <span class='ocrx_word' id='word_1_598' title='bbox 3462 3088 3583 3159; x_wconf 74' lang='lat' dir='ltr'>Qui</span> <span class='ocrx_word' id='word_1_599' title='bbox 3610 3089 3696 3144; x_wconf 72' lang='grc' dir='ltr'>υί.</span> 
     </span>
    </p>
   </div>
   <div class='ocr_carea' id='block_1_77' title="bbox 2049 3170 3696 3244">
    <p class='ocr_par' dir='ltr' id='par_1_77' title="bbox 2049 3170 3696 3244">
     <span class='ocr_line' id='line_1_77' title="bbox 2049 3170 3696 3244; baseline 0.004 -19"><span class='ocrx_word' id='word_1_600' title='bbox 2049 3170 2131 3226; x_wconf 85' lang='lat' dir='ltr'>dit</span> <span class='ocrx_word' id='word_1_601' title='bbox 2161 3186 2266 3241; x_wconf 89' lang='lat' dir='ltr'>me,</span> <span class='ocrx_word' id='word_1_602' title='bbox 2298 3170 2431 3225; x_wconf 79' lang='lat' dir='ltr'>vidit</span> <span class='ocrx_word' id='word_1_603' title='bbox 2477 3172 2697 3226; x_wconf 77' lang='lat' dir='ltr'>Patrem</span> <span class='ocrx_word' id='word_1_604' title='bbox 2716 3170 2804 3225; x_wconf 74' lang='grc'>⁸⁸⁸1</span> <span class='ocrx_word' id='word_1_605' title='bbox 2846 3170 2991 3226; x_wconf 90' lang='lat' dir='ltr'>Hinc</span> <span class='ocrx_word' id='word_1_606' title='bbox 3033 3170 3210 3226; x_wconf 85' lang='lat' dir='ltr'>etiam</span> <span class='ocrx_word' id='word_1_607' title='bbox 3254 3176 3385 3244; x_wconf 89' lang='lat' dir='ltr'>post</span> <span class='ocrx_word' id='word_1_608' title='bbox 3435 3189 3696 3231; x_wconf 88' lang='lat' dir='ltr'>resurre-</span> 
     </span>
    </p>
   </div>
   <div class='ocr_carea' id='block_1_78' title="bbox 2049 3259 3696 3332">
    <p class='ocr_par' dir='ltr' id='par_1_78' title="bbox 2049 3259 3696 3332">
     <span class='ocr_line' id='line_1_78' title="bbox 2049 3259 3696 3332; baseline 0.004 -17"><span class='ocrx_word' id='word_1_609' title='bbox 2049 3259 2304 3317; x_wconf 90' lang='lat' dir='ltr'>ctionem</span> <span class='ocrx_word' id='word_1_610' title='bbox 2335 3259 2488 3316; x_wconf 90' lang='lat' dir='ltr'>idem</span> <span class='ocrx_word' id='word_1_611' title='bbox 2511 3276 2746 3332; x_wconf 81' lang='lat' dir='ltr'>corpus,</span> <span class='ocrx_word' id='word_1_612' title='bbox 2766 3260 2971 3331; x_wconf 81' lang='lat' dir='ltr'>januis</span> <span class='ocrx_word' id='word_1_613' title='bbox 3000 3259 3237 3329; x_wconf 82' lang='lat' dir='ltr'>clausis,</span> <span class='ocrx_word' id='word_1_614' title='bbox 3262 3261 3333 3316; x_wconf 85' lang='lat' dir='ltr'>ad</span> <span class='ocrx_word' id='word_1_615' title='bbox 3356 3262 3696 3322; x_wconf 89' lang='lat' dir='ltr'>universum</span> 
     </span>
    </p>
   </div>
   <div class='ocr_carea' id='block_1_79' title="bbox 2051 3348 3697 3422">
    <p class='ocr_par' dir='ltr' id='par_1_79' title="bbox 2051 3348 3697 3422">
     <span class='ocr_line' id='line_1_79' title="bbox 2051 3348 3697 3422; baseline 0.005 -18"><span class='ocrx_word' id='word_1_616' title='bbox 2051 3348 2456 3422; x_wconf 89' lang='lat' dir='ltr'>apostolorum</span> <span class='ocrx_word' id='word_1_617' title='bbox 2489 3355 2702 3405; x_wconf 76' lang='lat' dir='ltr'>coetum</span> <span class='ocrx_word' id='word_1_618' title='bbox 2741 3350 3071 3422; x_wconf 86' lang='lat' dir='ltr'>ingressum</span> <span class='ocrx_word' id='word_1_619' title='bbox 3105 3353 3231 3418; x_wconf 87' lang='lat' dir='ltr'>est;</span> <span class='ocrx_word' id='word_1_620' title='bbox 3277 3352 3432 3422; x_wconf 90' lang='lat' dir='ltr'>quod</span> <span class='ocrx_word' id='word_1_621' title='bbox 3479 3368 3550 3411; x_wconf 88' lang='lat' dir='ltr'>ne</span> <span class='ocrx_word' id='word_1_622' title='bbox 3605 3355 3697 3412; x_wconf 89' lang='lat' dir='ltr'>cui</span> 
     </span>
    </p>
   </div>
   <div class='ocr_carea' id='block_1_80' title="bbox 2049 3435 3693 3516">
    <p class='ocr_par' dir='ltr' id='par_1_80' title="bbox 2049 3435 3693 3516">
     <span class='ocr_line' id='line_1_80' title="bbox 2049 3435 3693 3516; baseline 0.006 -25"><span class='ocrx_word' id='word_1_623' title='bbox 2049 3435 2392 3494; x_wconf 91' lang='lat' dir='ltr'>incredibile</span> <span class='ocrx_word' id='word_1_624' title='bbox 2438 3438 2753 3504; x_wconf 88' lang='lat' dir='ltr'>videretur,</span> <span class='ocrx_word' id='word_1_625' title='bbox 2807 3437 2934 3510; x_wconf 88' lang='lat' dir='ltr'>ipse</span> <span class='ocrx_word' id='word_1_626' title='bbox 2977 3437 3384 3496; x_wconf 80' lang='lat' dir='ltr'>difﬁcultatem</span> <span class='ocrx_word' id='word_1_627' title='bbox 3428 3444 3693 3516; x_wconf 88' lang='lat' dir='ltr'>removit,</span> 
     </span>
    </p>
   </div>
   <div class='ocr_carea' id='block_1_81' title="bbox 1970 3492 3697 3601">
    <p class='ocr_par' dir='ltr' id='par_1_81' title="bbox 1970 3492 3697 3601">
     <span class='ocr_line' id='line_1_81' title="bbox 1970 3492 3697 3601; baseline 0.006 -20"><span class='ocrx_word' id='word_1_628' title='bbox 1970 3492 2014 3559; x_wconf 64' lang='grc' dir='ltr'><strong>θ</strong></span> <span class='ocrx_word' id='word_1_629' title='bbox 2056 3542 2190 3582; x_wconf 91' lang='lat' dir='ltr'>cum</span> <span class='ocrx_word' id='word_1_630' title='bbox 2205 3526 2658 3595; x_wconf 82' lang='lat' dir='ltr'>ait,Contrectate</span> <span class='ocrx_word' id='word_1_631' title='bbox 2678 3492 3055 3595; x_wconf 41' lang='lat' dir='ltr'>me.et‘videte,</span> <span class='ocrx_word' id='word_1_632' title='bbox 3072 3530 3210 3600; x_wconf 83' lang='lat' dir='ltr'>quia</span> <span class='ocrx_word' id='word_1_633' title='bbox 3221 3531 3452 3601; x_wconf 78' lang='lat' dir='ltr'>spiritus</span> <span class='ocrx_word' id='word_1_634' title='bbox 3472 3492 3697 3591; x_wconf 63' lang='lat' dir='ltr'>carnea;</span> 
     </span>
    </p>
   </div>
   <div class='ocr_carea' id='block_1_82' title="bbox 2047 3616 3693 3684">
    <p class='ocr_par' dir='ltr' id='par_1_82' title="bbox 2047 3616 3693 3684">
     <span class='ocr_line' id='line_1_82' title="bbox 2047 3616 3693 3684; baseline 0.005 -13"><span class='ocrx_word' id='word_1_635' title='bbox 2047 3621 2102 3671; x_wconf 82' lang='lat' dir='ltr'>et</span> <span class='ocrx_word' id='word_1_636' title='bbox 2121 3631 2242 3672; x_wconf 81' lang='lat' dir='ltr'>ossa</span> <span class='ocrx_word' id='word_1_637' title='bbox 2262 3631 2375 3672; x_wconf 82' lang='lat' dir='ltr'>non</span> <span class='ocrx_word' id='word_1_638' title='bbox 2398 3616 2580 3684; x_wconf 81' lang='lat' dir='ltr'>habet,</span> <span class='ocrx_word' id='word_1_639' title='bbox 2601 3619 2746 3673; x_wconf 85' lang='lat' dir='ltr'>sicut</span> <span class='ocrx_word' id='word_1_640' title='bbox 2772 3634 2860 3673; x_wconf 87' lang='lat' dir='ltr'>me</span> <span class='ocrx_word' id='word_1_641' title='bbox 2896 3617 3094 3674; x_wconf 83' lang='lat' dir='ltr'>videtis</span> <span class='ocrx_word' id='word_1_642' title='bbox 3132 3617 3331 3675; x_wconf 80' lang='lat' dir='ltr'>habere</span> <span class='ocrx_word' id='word_1_643' title='bbox 3350 3620 3413 3673; x_wconf 76' lang='grc'>⁵⁷.</span> <span class='ocrx_word' id='word_1_644' title='bbox 3448 3620 3554 3678; x_wconf 90' lang='lat' dir='ltr'>Ubi</span> <span class='ocrx_word' id='word_1_645' title='bbox 3586 3625 3693 3679; x_wconf 86' lang='lat' dir='ltr'>ad-</span> 
     </span>
    </p>
   </div>
   <div class='ocr_carea' id='block_1_83' title="bbox 2046 3705 3694 3780">
    <p class='ocr_par' dir='ltr' id='par_1_83' title="bbox 2046 3705 3694 3780">
     <span class='ocr_line' id='line_1_83' title="bbox 2046 3705 3694 3780; baseline 0.004 -20"><span class='ocrx_word' id='word_1_646' title='bbox 2046 3705 2393 3760; x_wconf 90' lang='lat' dir='ltr'>vertendum</span> <span class='ocrx_word' id='word_1_647' title='bbox 2428 3709 2516 3762; x_wconf 89' lang='lat' dir='ltr'>est</span> <span class='ocrx_word' id='word_1_648' title='bbox 2547 3722 2681 3761; x_wconf 90' lang='lat' dir='ltr'>eum</span> <span class='ocrx_word' id='word_1_649' title='bbox 2714 3723 2829 3762; x_wconf 87' lang='lat' dir='ltr'>non</span> <span class='ocrx_word' id='word_1_650' title='bbox 2862 3706 3117 3763; x_wconf 87' lang='lat' dir='ltr'>dixisse:</span> <span class='ocrx_word' id='word_1_651' title='bbox 3149 3707 3338 3777; x_wconf 88' lang='lat' dir='ltr'>Hunc,</span> <span class='ocrx_word' id='word_1_652' title='bbox 3361 3709 3470 3780; x_wconf 87' lang='lat' dir='ltr'>vel,</span> <span class='ocrx_word' id='word_1_653' title='bbox 3503 3710 3694 3770; x_wconf 86' lang='lat' dir='ltr'>homi-</span> 
     </span>
    </p>
   </div>
   <div class='ocr_carea' id='block_1_84' title="bbox 2051 3795 3691 3870">
    <p class='ocr_par' dir='ltr' id='par_1_84' title="bbox 2051 3795 3691 3870">
     <span class='ocr_line' id='line_1_84' title="bbox 2051 3795 3691 3870; baseline 0.007 -22"><span class='ocrx_word' id='word_1_654' title='bbox 2051 3809 2184 3849; x_wconf 90' lang='lat' dir='ltr'>nem</span> <span class='ocrx_word' id='word_1_655' title='bbox 2208 3810 2428 3864; x_wconf 90' lang='lat' dir='ltr'>meum,</span> <span class='ocrx_word' id='word_1_656' title='bbox 2453 3810 2624 3865; x_wconf 91' lang='lat' dir='ltr'>quem</span> <span class='ocrx_word' id='word_1_657' title='bbox 2649 3795 2968 3867; x_wconf 84' lang='lat' dir='ltr'>assumpsi,</span> <span class='ocrx_word' id='word_1_658' title='bbox 3002 3800 3371 3869; x_wconf 82' lang='lat' dir='ltr'>contrectate,</span> <span class='ocrx_word' id='word_1_659' title='bbox 3404 3799 3530 3870; x_wconf 90' lang='lat' dir='ltr'>sed,</span> <span class='ocrx_word' id='word_1_660' title='bbox 3560 3817 3691 3858; x_wconf 86' lang='lat' dir='ltr'>con-</span> 
     </span>
    </p>
   </div>
   <div class='ocr_carea' id='block_1_85' title="bbox 2045 3883 3687 3963">
    <p class='ocr_par' dir='ltr' id='par_1_85' title="bbox 2045 3883 3687 3963">
     <span class='ocr_line' id='line_1_85' title="bbox 2045 3883 3687 3963; baseline 0.007 -26"><span class='ocrx_word' id='word_1_661' title='bbox 2045 3884 2272 3940; x_wconf 84' lang='lat' dir='ltr'>trectate</span> <span class='ocrx_word' id='word_1_662' title='bbox 2309 3900 2416 3940; x_wconf 90' lang='lat' dir='ltr'>me.</span> <span class='ocrx_word' id='word_1_663' title='bbox 2450 3883 2624 3940; x_wconf 90' lang='lat' dir='ltr'>Nulla</span> <span class='ocrx_word' id='word_1_664' title='bbox 2651 3885 2896 3956; x_wconf 86' lang='lat' dir='ltr'>proinde</span> <span class='ocrx_word' id='word_1_665' title='bbox 2924 3885 3092 3943; x_wconf 87' lang='lat' dir='ltr'>venia</span> <span class='ocrx_word' id='word_1_666' title='bbox 3122 3886 3522 3945; x_wconf 79' lang='lat' dir='ltr'>Samosatensi</span> <span class='ocrx_word' id='word_1_667' title='bbox 3554 3905 3687 3963; x_wconf 87' lang='lat' dir='ltr'>spe-</span> 
     </span>
    </p>
   </div>
   <div class='ocr_carea' id='block_1_86' title="bbox 2044 3972 3695 4049">
    <p class='ocr_par' dir='ltr' id='par_1_86' title="bbox 2044 3972 3695 4049">
     <span class='ocr_line' id='line_1_86' title="bbox 2044 3972 3695 4049; baseline 0.007 -23"><span class='ocrx_word' id='word_1_668' title='bbox 2044 3972 2229 4028; x_wconf 89' lang='lat' dir='ltr'>randa</span> <span class='ocrx_word' id='word_1_669' title='bbox 2245 3972 2811 4045; x_wconf 85' lang='lat' dir='ltr'>est,quippequi,tot</span> <span class='ocrx_word' id='word_1_670' title='bbox 2846 3974 3143 4030; x_wconf 90' lang='lat' dir='ltr'>convictus</span> <span class='ocrx_word' id='word_1_671' title='bbox 3174 3977 3562 4049; x_wconf 82' lang='lat' dir='ltr'>argumentis,</span> <span class='ocrx_word' id='word_1_672' title='bbox 3592 3996 3695 4037; x_wconf 83' lang='lat' dir='ltr'>ne-</span> 
     </span>
    </p>
   </div>
   <div class='ocr_carea' id='block_1_87' title="bbox 2043 4060 3690 4138">
    <p class='ocr_par' dir='ltr' id='par_1_87' title="bbox 2043 4060 3690 4138">
     <span class='ocr_line' id='line_1_87' title="bbox 2043 4060 3690 4138; baseline 0.005 -22"><span class='ocrx_word' id='word_1_673' title='bbox 2043 4076 2183 4133; x_wconf 81' lang='lat' dir='ltr'>gare</span> <span class='ocrx_word' id='word_1_674' title='bbox 2212 4077 2329 4117; x_wconf 91' lang='lat' dir='ltr'>non</span> <span class='ocrx_word' id='word_1_675' title='bbox 2373 4060 2561 4134; x_wconf 86' lang='lat' dir='ltr'>possit</span> <span class='ocrx_word' id='word_1_676' title='bbox 2602 4061 2773 4117; x_wconf 88' lang='lat' dir='ltr'>Verbi</span> <span class='ocrx_word' id='word_1_677' title='bbox 2813 4061 2909 4117; x_wconf 89' lang='lat' dir='ltr'>Dei</span> <span class='ocrx_word' id='word_1_678' title='bbox 2942 4062 3455 4133; x_wconf 83' lang='lat' dir='ltr'>conjunctionem:</span> <span class='ocrx_word' id='word_1_679' title='bbox 3507 4082 3690 4138; x_wconf 86' lang='lat' dir='ltr'>quam</span> 
     </span>
    </p>
   </div>
   <div class='ocr_carea' id='block_1_88' title="bbox 2047 4149 3698 4227">
    <p class='ocr_par' dir='ltr' id='par_1_88' title="bbox 2047 4149 3698 4227">
     <span class='ocr_line' id='line_1_88' title="bbox 2047 4149 3698 4227; baseline 0.005 -22"><span class='ocrx_word' id='word_1_680' title='bbox 2047 4149 2333 4205; x_wconf 89' lang='lat' dir='ltr'>nimirum</span> <span class='ocrx_word' id='word_1_681' title='bbox 2386 4149 2586 4222; x_wconf 88' lang='lat' dir='ltr'>ipsum</span> <span class='ocrx_word' id='word_1_682' title='bbox 2630 4150 2731 4206; x_wconf 91' lang='lat' dir='ltr'>Dei</span> <span class='ocrx_word' id='word_1_683' title='bbox 2774 4149 3032 4206; x_wconf 87' lang='lat' dir='ltr'>Verbum</span> <span class='ocrx_word' id='word_1_684' title='bbox 3078 4152 3352 4223; x_wconf 87' lang='lat' dir='ltr'>asseruit,</span> <span class='ocrx_word' id='word_1_685' title='bbox 3413 4170 3569 4227; x_wconf 88' lang='lat' dir='ltr'>cum,</span> <span class='ocrx_word' id='word_1_686' title='bbox 3631 4161 3698 4214; x_wconf 89' lang='lat' dir='ltr'>ut</span> 
     </span>
    </p>
   </div>
   <div class='ocr_carea' id='block_1_89' title="bbox 2050 4238 3697 4313">
    <p class='ocr_par' dir='ltr' id='par_1_89' title="bbox 2050 4238 3697 4313">
     <span class='ocr_line' id='line_1_89' title="bbox 2050 4238 3697 4313; baseline 0.004 -17"><span class='ocrx_word' id='word_1_687' title='bbox 2050 4240 2221 4296; x_wconf 91' lang='lat' dir='ltr'>modo</span> <span class='ocrx_word' id='word_1_688' title='bbox 2253 4239 2535 4311; x_wconf 85' lang='lat' dir='ltr'>vidimus,</span> <span class='ocrx_word' id='word_1_689' title='bbox 2559 4255 2764 4295; x_wconf 88' lang='lat' dir='ltr'>omnes</span> <span class='ocrx_word' id='word_1_690' title='bbox 2795 4244 2884 4295; x_wconf 88' lang='lat' dir='ltr'>est</span> <span class='ocrx_word' id='word_1_691' title='bbox 2915 4238 3258 4312; x_wconf 87' lang='lat' dir='ltr'>allocutum,</span> <span class='ocrx_word' id='word_1_692' title='bbox 3292 4241 3510 4313; x_wconf 90' lang='lat' dir='ltr'>quibus</span> <span class='ocrx_word' id='word_1_693' title='bbox 3536 4248 3596 4300; x_wconf 88' lang='lat' dir='ltr'>et</span> <span class='ocrx_word' id='word_1_694' title='bbox 3635 4262 3697 4302; x_wconf 87' lang='lat' dir='ltr'>se</span> 
     </span>
    </p>
   </div>
   <div class='ocr_carea' id='block_1_90' title="bbox 2048 4328 3700 4406">
    <p class='ocr_par' dir='ltr' id='par_1_90' title="bbox 2048 4328 3700 4406">
     <span class='ocr_line' id='line_1_90' title="bbox 2048 4328 3700 4406; baseline 0.004 -22"><span class='ocrx_word' id='word_1_695' title='bbox 2048 4328 2440 4385; x_wconf 86' lang='lat' dir='ltr'>resurrexisse</span> <span class='ocrx_word' id='word_1_696' title='bbox 2484 4329 2873 4395; x_wconf 82' lang='lat' dir='ltr'>conﬁrmavit,</span> <span class='ocrx_word' id='word_1_697' title='bbox 2923 4333 3050 4383; x_wconf 90' lang='lat' dir='ltr'>tum</span> <span class='ocrx_word' id='word_1_698' title='bbox 3093 4330 3244 4386; x_wconf 73' lang='lat'>511</span> <span class='ocrx_word' id='word_1_699' title='bbox 3316 4333 3700 4406; x_wconf 80' lang='lat' dir='ltr'>comedenda,</span> 
     </span>
    </p>
   </div>
   <div class='ocr_carea' id='block_1_91' title="bbox 2048 4417 3700 4492">
    <p class='ocr_par' dir='ltr' id='par_1_91' title="bbox 2048 4417 3700 4492">
     <span class='ocr_line' id='line_1_91' title="bbox 2048 4417 3700 4492; baseline 0.004 -19"><span class='ocrx_word' id='word_1_700' title='bbox 2048 4422 2178 4473; x_wconf 86' lang='lat' dir='ltr'>tum</span> <span class='ocrx_word' id='word_1_701' title='bbox 2210 4433 2273 4473; x_wconf 87' lang='lat' dir='ltr'>se</span> <span class='ocrx_word' id='word_1_702' title='bbox 2303 4417 2500 4489; x_wconf 87' lang='lat' dir='ltr'>ipsum</span> <span class='ocrx_word' id='word_1_703' title='bbox 2527 4418 3011 4474; x_wconf 81' lang='lat' dir='ltr'>contrectandum</span> <span class='ocrx_word' id='word_1_704' title='bbox 3044 4419 3461 4492; x_wconf 89' lang='lat' dir='ltr'>permittendo,</span> <span class='ocrx_word' id='word_1_705' title='bbox 3496 4423 3582 4479; x_wconf 85' lang='lat' dir='ltr'>uti</span> <span class='ocrx_word' id='word_1_706' title='bbox 3615 4425 3700 4481; x_wconf 86' lang='lat' dir='ltr'>fa-</span> 
     </span>
    </p>
   </div>
   <div class='ocr_carea' id='block_1_92' title="bbox 2049 4506 3701 4586">
    <p class='ocr_par' dir='ltr' id='par_1_92' title="bbox 2049 4506 3701 4586">
     <span class='ocr_line' id='line_1_92' title="bbox 2049 4506 3701 4586; baseline 0.004 -23"><span class='ocrx_word' id='word_1_707' title='bbox 2049 4511 2211 4564; x_wconf 90' lang='lat' dir='ltr'>ctum</span> <span class='ocrx_word' id='word_1_708' title='bbox 2244 4509 2353 4563; x_wconf 86' lang='lat' dir='ltr'>est.</span> <span class='ocrx_word' id='word_1_709' title='bbox 2386 4506 2533 4563; x_wconf 82' lang='lat' dir='ltr'>Nam</span> <span class='ocrx_word' id='word_1_710' title='bbox 2561 4506 2682 4563; x_wconf 85' lang='lat' dir='ltr'>sive</span> <span class='ocrx_word' id='word_1_711' title='bbox 2713 4523 2847 4563; x_wconf 87' lang='lat' dir='ltr'>cum</span> <span class='ocrx_word' id='word_1_712' title='bbox 2877 4507 3003 4580; x_wconf 90' lang='lat' dir='ltr'>ipse</span> <span class='ocrx_word' id='word_1_713' title='bbox 3035 4506 3150 4564; x_wconf 87' lang='lat' dir='ltr'>illis</span> <span class='ocrx_word' id='word_1_714' title='bbox 3181 4508 3380 4566; x_wconf 86' lang='lat' dir='ltr'>cibum</span> <span class='ocrx_word' id='word_1_715' title='bbox 3428 4512 3701 4586; x_wconf 88' lang='lat' dir='ltr'>imperti-</span> 
     </span>
    </p>
   </div>
   <div class='ocr_carea' id='block_1_93' title="bbox 2054 4595 3704 4672">
    <p class='ocr_par' dir='ltr' id='par_1_93' title="bbox 2054 4595 3704 4672">
     <span class='ocr_line' id='line_1_93' title="bbox 2054 4595 3704 4672; baseline 0.005 -20"><span class='ocrx_word' id='word_1_716' title='bbox 2054 4602 2162 4668; x_wconf 89' lang='lat' dir='ltr'>ret,</span> <span class='ocrx_word' id='word_1_717' title='bbox 2182 4595 2303 4652; x_wconf 92' lang='lat' dir='ltr'>sive</span> <span class='ocrx_word' id='word_1_718' title='bbox 2328 4595 2591 4668; x_wconf 91' lang='lat' dir='ltr'>cumilli,</span> <span class='ocrx_word' id='word_1_719' title='bbox 2614 4596 2750 4669; x_wconf 90' lang='lat' dir='ltr'>ipsi,</span> <span class='ocrx_word' id='word_1_720' title='bbox 2792 4596 3032 4652; x_wconf 88' lang='lat' dir='ltr'>omnino</span> <span class='ocrx_word' id='word_1_721' title='bbox 3076 4614 3288 4656; x_wconf 88' lang='lat' dir='ltr'>manus</span> <span class='ocrx_word' id='word_1_722' title='bbox 3323 4600 3453 4672; x_wconf 90' lang='lat' dir='ltr'>ejus</span> <span class='ocrx_word' id='word_1_723' title='bbox 3480 4607 3704 4659; x_wconf 89' lang='lat' dir='ltr'>contre-</span> 
     </span>
    </p>
   </div>
   <div class='ocr_carea' id='block_1_94' title="bbox 2057 4684 3704 4764">
    <p class='ocr_par' dir='ltr' id='par_1_94' title="bbox 2057 4684 3704 4764">
     <span class='ocr_line' id='line_1_94' title="bbox 2057 4684 3704 4764; baseline 0.004 -22"><span class='ocrx_word' id='word_1_724' title='bbox 2057 4689 2384 4742; x_wconf 87' lang='lat' dir='ltr'>ctaverunt.</span> <span class='ocrx_word' id='word_1_725' title='bbox 2408 4684 2715 4758; x_wconf 88' lang='lat' dir='ltr'>Siquidem</span> <span class='ocrx_word' id='word_1_726' title='bbox 2757 4686 2870 4754; x_wconf 83' lang='lat' dir='ltr'>Illi,</span> <span class='ocrx_word' id='word_1_727' title='bbox 2910 4685 3129 4759; x_wconf 86' lang='lat' dir='ltr'>inquit,</span> <span class='ocrx_word' id='word_1_728' title='bbox 3158 4689 3469 4747; x_wconf 81' lang='lat' dir='ltr'>obtulerunt</span> <span class='ocrx_word' id='word_1_729' title='bbox 3492 4700 3704 4764; x_wconf 81' lang='lat' dir='ltr'>partem</span> 
     </span>
    </p>
   </div>
   <div class='ocr_carea' id='block_1_95' title="bbox 289 4764 1935 4850">
    <p class='ocr_par' dir='ltr' id='par_1_95' title="bbox 289 4764 1935 4850">
     <span class='ocr_line' id='line_1_95' title="bbox 289 4764 1935 4850; baseline 0.001 -25"><span class='ocrx_word' id='word_1_730' title='bbox 289 4771 416 4850; x_wconf 86' lang='grc' dir='ltr'>ρίου</span> <span class='ocrx_word' id='word_1_731' title='bbox 474 4771 586 4844; x_wconf 87' lang='grc'>(56)</span> <span class='ocrx_word' id='word_1_732' title='bbox 641 4766 736 4823; x_wconf 73' lang='grc' dir='ltr'>καί</span> <span class='ocrx_word' id='word_1_733' title='bbox 815 4768 997 4846; x_wconf 78' lang='grc' dir='ltr'>φαγὼν</span> <span class='ocrx_word' id='word_1_734' title='bbox 1079 4766 1310 4823; x_wconf 81' lang='grc' dir='ltr'>ἐνώπιον</span> <span class='ocrx_word' id='word_1_735' title='bbox 1385 4766 1578 4838; x_wconf 80' lang='grc' dir='ltr'>αύτῶν,</span> <span class='ocrx_word' id='word_1_736' title='bbox 1641 4764 1823 4825; x_wconf 73' lang='grc' dir='ltr'>λαϐὼν</span> <span class='ocrx_word' id='word_1_737' title='bbox 1882 4772 1935 4827; x_wconf 70' lang='lat'>11‘</span> 
     </span>
    </p>
   </div>
   <div class='ocr_carea' id='block_1_96' title="bbox 2056 4764 3707 4850">
    <p class='ocr_par' dir='ltr' id='par_1_96' title="bbox 2056 4774 3707 4848">
     <span class='ocr_line' id='line_1_96' title="bbox 2056 4774 3707 4848; baseline 0.005 -18"><span class='ocrx_word' id='word_1_738' title='bbox 2056 4776 2223 4848; x_wconf 82' lang='lat' dir='ltr'>piscis</span> <span class='ocrx_word' id='word_1_739' title='bbox 2246 4776 2356 4831; x_wconf 85' lang='lat' dir='ltr'>assi</span> <span class='ocrx_word' id='word_1_740' title='bbox 2385 4782 2436 4831; x_wconf 83' lang='lat' dir='ltr'>et</span> <span class='ocrx_word' id='word_1_741' title='bbox 2455 4777 2646 4846; x_wconf 81' lang='lat' dir='ltr'>favum</span> <span class='ocrx_word' id='word_1_742' title='bbox 2675 4774 2903 4832; x_wconf 77' lang='lat' dir='ltr'>mellis:</span> <span class='ocrx_word' id='word_1_743' title='bbox 2936 4780 2988 4832; x_wconf 82' lang='lat' dir='ltr'>et</span> <span class='ocrx_word' id='word_1_744' title='bbox 3032 4794 3159 4833; x_wconf 87' lang='lat' dir='ltr'>cum</span> <span class='ocrx_word' id='word_1_745' title='bbox 3206 4779 3583 4837; x_wconf 78' lang='lat' dir='ltr'>manducasset</span> <span class='ocrx_word' id='word_1_746' title='bbox 3615 4797 3707 4838; x_wconf 84' lang='lat' dir='ltr'>co-</span> 
     </span>
    </p>
   </div>
   <div class='ocr_carea' id='block_1_97' title="bbox 366 4921 1935 5001">
    <p class='ocr_par' dir='ltr' id='par_1_97' title="bbox 366 4921 1911 4995">
     <span class='ocr_line' id='line_1_97' title="bbox 366 4921 1911 4995; baseline 0.002 -18"><span class='ocrx_word' id='word_1_747' title='bbox 366 4925 412 4959; x_wconf 70' lang='grc' dir='ltr'>δο</span> <span class='ocrx_word' id='word_1_748' title='bbox 442 4921 645 4978; x_wconf 86' lang='lat' dir='ltr'>Matth.</span> <span class='ocrx_word' id='word_1_749' title='bbox 679 4937 794 4991; x_wconf 82' lang='lat' dir='ltr'>va,</span> <span class='ocrx_word' id='word_1_750' title='bbox 824 4921 915 4977; x_wconf 83' lang='grc'>48.</span> <span class='ocrx_word' id='word_1_751' title='bbox 990 4921 1036 4957; x_wconf 77' lang='grc' dir='ltr'><strong>⁵ο</strong></span> <span class='ocrx_word' id='word_1_752' title='bbox 1063 4921 1232 4978; x_wconf 85' lang='lat' dir='ltr'>Joan.</span> <span class='ocrx_word' id='word_1_753' title='bbox 1264 4939 1322 4988; x_wconf 85' lang='lat' dir='ltr'>x,</span> <span class='ocrx_word' id='word_1_754' title='bbox 1344 4924 1434 4979; x_wconf 89' lang='lat'>33.</span> <span class='ocrx_word' id='word_1_755' title='bbox 1510 4924 1553 4960; x_wconf 70' lang='grc'>⁵³</span> <span class='ocrx_word' id='word_1_756' title='bbox 1588 4923 1799 4995; x_wconf 86' lang='lat' dir='ltr'>Ephes.</span> <span class='ocrx_word' id='word_1_757' title='bbox 1833 4936 1911 4994; x_wconf 75' lang='grc' dir='ltr'>ιν,</span> 
     </span>
    </p>
   </div>
   <div class='ocr_carea' id='block_1_98' title="bbox 2056 4921 3705 5001">
    <p class='ocr_par' dir='ltr' id='par_1_98' title="bbox 2056 4928 3705 5001">
     <span class='ocr_line' id='line_1_98' title="bbox 2056 4928 3705 5001; baseline 0.005 -19"><span class='ocrx_word' id='word_1_758' title='bbox 2056 4928 2129 4982; x_wconf 70' lang='grc' dir='ltr'>Ξ4.</span> <span class='ocrx_word' id='word_1_759' title='bbox 2206 4928 2253 4962; x_wconf 73' lang='grc'>⁵³</span> <span class='ocrx_word' id='word_1_760' title='bbox 2276 4928 2402 4984; x_wconf 86' lang='lat' dir='ltr'>Act.</span> <span class='ocrx_word' id='word_1_761' title='bbox 2434 4944 2491 4995; x_wconf 89' lang='lat' dir='ltr'>x,</span> <span class='ocrx_word' id='word_1_762' title='bbox 2522 4928 2611 4983; x_wconf 90' lang='lat'>38.</span> <span class='ocrx_word' id='word_1_763' title='bbox 2690 4929 2734 4963; x_wconf 78' lang='grc'>⁵³</span> <span class='ocrx_word' id='word_1_764' title='bbox 2765 4932 2893 4984; x_wconf 84' lang='lat' dir='ltr'>Act.</span> <span class='ocrx_word' id='word_1_765' title='bbox 2926 4946 2991 4998; x_wconf 81' lang='grc' dir='ltr'>ιι,</span> <span class='ocrx_word' id='word_1_766' title='bbox 3020 4929 3109 4984; x_wconf 80' lang='grc'>22.</span> <span class='ocrx_word' id='word_1_767' title='bbox 3186 4930 3232 4964; x_wconf 80' lang='grc'>⁶⁴</span> <span class='ocrx_word' id='word_1_768' title='bbox 3257 4932 3380 4987; x_wconf 90' lang='lat' dir='ltr'>Act.</span> <span class='ocrx_word' id='word_1_769' title='bbox 3428 4947 3566 5001; x_wconf 84' lang='lat' dir='ltr'>xvn,</span> <span class='ocrx_word' id='word_1_770' title='bbox 3614 4934 3705 4990; x_wconf 88' lang='grc'><strong>31.</strong></span> 
     </span>
    </p>
   </div>
   <div class='ocr_carea' id='block_1_99' title="bbox 288 5009 1911 5083">
    <p class='ocr_par' dir='ltr' id='par_1_99' title="bbox 288 5009 1911 5083">
     <span class='ocr_line' id='line_1_99' title="bbox 288 5009 1911 5083; baseline 0.001 -14"><span class='ocrx_word' id='word_1_771' title='bbox 288 5015 338 5051; x_wconf 73' lang='grc'>⁵⁸</span> <span class='ocrx_word' id='word_1_772' title='bbox 366 5013 542 5069; x_wconf 86' lang='lat' dir='ltr'>Joan.</span> <span class='ocrx_word' id='word_1_773' title='bbox 577 5028 637 5077; x_wconf 71' lang='grc' dir='ltr'>ι,</span> <span class='ocrx_word' id='word_1_774' title='bbox 665 5010 755 5066; x_wconf 86' lang='grc'>30.</span> <span class='ocrx_word' id='word_1_775' title='bbox 833 5011 878 5046; x_wconf 81' lang='grc'>⁶⁶</span> <span class='ocrx_word' id='word_1_776' title='bbox 905 5009 1074 5067; x_wconf 86' lang='lat' dir='ltr'>Joan.</span> <span class='ocrx_word' id='word_1_777' title='bbox 1106 5027 1221 5076; x_wconf 83' lang='lat' dir='ltr'>xw,</span> <span class='ocrx_word' id='word_1_778' title='bbox 1253 5011 1309 5067; x_wconf 87' lang='lat'>9.</span> <span class='ocrx_word' id='word_1_779' title='bbox 1384 5012 1428 5046; x_wconf 78' lang='grc'>³⁷</span> <span class='ocrx_word' id='word_1_780' title='bbox 1462 5012 1601 5067; x_wconf 89' lang='lat' dir='ltr'>Luc.</span> <span class='ocrx_word' id='word_1_781' title='bbox 1635 5030 1789 5083; x_wconf 74' lang='lat' dir='ltr'>xxxv,</span> <span class='ocrx_word' id='word_1_782' title='bbox 1821 5015 1911 5071; x_wconf 88' lang='lat'>39.</span> 
     </span>
    </p>
   </div>
   <div class='ocr_carea' id='block_1_100' title="bbox 376 5133 1951 5209">
    <p class='ocr_par' dir='ltr' id='par_1_100' title="bbox 376 5133 1951 5209">
     <span class='ocr_line' id='line_1_100' title="bbox 376 5133 1951 5209; baseline 0.001 -17"><span class='ocrx_word' id='word_1_783' title='bbox 376 5136 488 5209; x_wconf 85' lang='grc'>(47)</span> <span class='ocrx_word' id='word_1_784' title='bbox 521 5133 756 5209; x_wconf 81' lang='lat' dir='ltr'>Regius,</span> <span class='ocrx_word' id='word_1_785' title='bbox 789 5134 1022 5209; x_wconf 79' lang='lat' dir='ltr'>Seguer.</span> <span class='ocrx_word' id='word_1_786' title='bbox 1066 5138 1124 5191; x_wconf 87' lang='lat' dir='ltr'>et</span> <span class='ocrx_word' id='word_1_787' title='bbox 1168 5134 1490 5209; x_wconf 87' lang='lat' dir='ltr'>Scriptura,</span> <span class='ocrx_word' id='word_1_788' title='bbox 1520 5143 1620 5207; x_wconf 84' lang='grc' dir='ltr'>τῆς</span> <span class='ocrx_word' id='word_1_789' title='bbox 1669 5134 1951 5209; x_wconf 82' lang='grc' dir='ltr'>ἀληθείας.</span> 
     </span>
    </p>
   </div>
   <div class='ocr_carea' id='block_1_101' title="bbox 290 5206 1133 5276">
    <p class='ocr_par' dir='ltr' id='par_1_101' title="bbox 290 5206 1133 5276">
     <span class='ocr_line' id='line_1_101' title="bbox 290 5206 1133 5276; baseline -0.005 -10"><span class='ocrx_word' id='word_1_790' title='bbox 290 5206 408 5267; x_wconf 81' lang='lat' dir='ltr'>Alii</span> <span class='ocrx_word' id='word_1_791' title='bbox 440 5206 500 5264; x_wconf 80' lang='lat' dir='ltr'>et</span> <span class='ocrx_word' id='word_1_792' title='bbox 529 5207 672 5263; x_wconf 87' lang='lat' dir='ltr'>editi</span> <span class='ocrx_word' id='word_1_793' title='bbox 698 5211 798 5276; x_wconf 82' lang='grc' dir='ltr'>τῆς</span> <span class='ocrx_word' id='word_1_794' title='bbox 829 5206 1133 5262; x_wconf 89' lang='lat' dir='ltr'>omittunt.</span> 
     </span>
    </p>
   </div>
   <div class='ocr_carea' id='block_1_102' title="bbox 376 5267 1955 5351">
    <p class='ocr_par' dir='ltr' id='par_1_102' title="bbox 376 5267 1955 5351">
     <span class='ocr_line' id='line_1_102' title="bbox 376 5267 1955 5351; baseline 0.001 -16"><span class='ocrx_word' id='word_1_795' title='bbox 376 5282 492 5351; x_wconf 83' lang='grc'>(48)</span> <span class='ocrx_word' id='word_1_796' title='bbox 527 5280 612 5335; x_wconf 86' lang='lat' dir='ltr'>Ita</span> <span class='ocrx_word' id='word_1_797' title='bbox 638 5267 849 5351; x_wconf 77' lang='lat' dir='ltr'>Regius</span> <span class='ocrx_word' id='word_1_798' title='bbox 901 5278 1109 5351; x_wconf 73' lang='lat' dir='ltr'>codex,</span> <span class='ocrx_word' id='word_1_799' title='bbox 1145 5279 1386 5351; x_wconf 81' lang='lat' dir='ltr'>Seguer.</span> <span class='ocrx_word' id='word_1_800' title='bbox 1434 5280 1589 5337; x_wconf 85' lang='lat' dir='ltr'>Basil</span> <span class='ocrx_word' id='word_1_801' title='bbox 1639 5286 1697 5336; x_wconf 90' lang='lat' dir='ltr'>et</span> <span class='ocrx_word' id='word_1_802' title='bbox 1739 5267 1955 5351; x_wconf 72' lang='lat' dir='ltr'>Anglic.</span> 
     </span>
    </p>
   </div>
   <div class='ocr_carea' id='block_1_103' title="bbox 298 5347 1956 5425">
    <p class='ocr_par' dir='ltr' id='par_1_103' title="bbox 298 5347 1956 5425">
     <span class='ocr_line' id='line_1_103' title="bbox 298 5347 1956 5425; baseline 0 -16"><span class='ocrx_word' id='word_1_803' title='bbox 298 5347 656 5421; x_wconf 38' lang='lat' dir='ltr'>At&#39;uobleru</span> <span class='ocrx_word' id='word_1_804' title='bbox 682 5350 886 5425; x_wconf 73' lang='grc' dir='ltr'>Πέτρος</span> <span class='ocrx_word' id='word_1_805' title='bbox 909 5347 1369 5425; x_wconf 52' lang='grc' dir='ltr'>ΚορνηλίῳίΑΙίὶ</span> <span class='ocrx_word' id='word_1_806' title='bbox 1390 5354 1638 5409; x_wconf 87' lang='lat' dir='ltr'>eteditio</span> <span class='ocrx_word' id='word_1_807' title='bbox 1653 5347 1956 5422; x_wconf 77' lang='lat' dir='ltr'>Comme1.,</span> 
     </span>
    </p>
   </div>
   <div class='ocr_carea' id='block_1_104' title="bbox 302 5419 878 5495">
    <p class='ocr_par' dir='ltr' id='par_1_104' title="bbox 302 5419 878 5495">
     <span class='ocr_line' id='line_1_104' title="bbox 302 5419 878 5495; baseline -0.007 -15"><span class='ocrx_word' id='word_1_808' title='bbox 302 5428 516 5495; x_wconf 82' lang='grc' dir='ltr'>Πέτρος</span> <span class='ocrx_word' id='word_1_809' title='bbox 550 5419 878 5495; x_wconf 71' lang='grc' dir='ltr'>Κορνήλιον.</span> 
     </span>
    </p>
   </div>
   <div class='ocr_carea' id='block_1_105' title="bbox 375 5470 1959 5569">
    <p class='ocr_par' dir='ltr' id='par_1_105' title="bbox 375 5470 1959 5569">
     <span class='ocr_line' id='line_1_105' title="bbox 375 5470 1959 5569; baseline -0.002 -18"><span class='ocrx_word' id='word_1_810' title='bbox 866 5470 1023 5550; x_wconf 57' lang='grc' dir='ltr'>ΪδοΙο.</span> <span class='ocrx_word' id='word_1_811' title='bbox 1082 5494 1108 5548; x_wconf 91' lang='grc'><strong>1</strong></span> <span class='ocrx_word' id='word_1_812' title='bbox 1161 5470 1443 5569; x_wconf 85' lang='lat' dir='ltr'>omittunt</span> <span class='ocrx_word' id='word_1_813' title='bbox 1494 5492 1660 5569; x_wconf 70' lang='grc' dir='ltr'>πάλιν</span> <span class='ocrx_word' id='word_1_814' title='bbox 1710 5494 1738 5548; x_wconf 86' lang='grc' dir='ltr'>ὁ</span> <span class='ocrx_word' id='word_1_815' title='bbox 1792 5494 1959 5568; x_wconf 83' lang='grc' dir='ltr'>μακά-</span> 
     </span>
    </p>
   </div>
   <div class='ocr_carea' id='block_1_106' title="bbox 306 5565 1959 5643">
    <p class='ocr_par' dir='ltr' id='par_1_106' title="bbox 306 5565 1959 5643">
     <span class='ocr_line' id='line_1_106' title="bbox 306 5565 1959 5643; baseline 0.001 -22"><span class='ocrx_word' id='word_1_816' title='bbox 306 5565 447 5643; x_wconf 84' lang='grc' dir='ltr'>ριος.</span> <span class='ocrx_word' id='word_1_817' title='bbox 474 5565 654 5643; x_wconf 46' lang='grc' dir='ltr'>Ἱδίᾶ.</span> <span class='ocrx_word' id='word_1_818' title='bbox 687 5569 839 5643; x_wconf 52' lang='grc' dir='ltr'>Δξίςὲςζτ</span> <span class='ocrx_word' id='word_1_819' title='bbox 862 5641 867 5643; x_wconf 81' lang='lat'>_</span> <span class='ocrx_word' id='word_1_820' title='bbox 890 5570 949 5620; x_wconf 88' lang='lat' dir='ltr'>et</span> <span class='ocrx_word' id='word_1_821' title='bbox 1004 5565 1399 5643; x_wconf 33' lang='lat' dir='ltr'>Sneguet‘ianqh</span> <span class='ocrx_word' id='word_1_822' title='bbox 1423 5567 1562 5643; x_wconf 81' lang='grc' dir='ltr'>πρὸς</span> <span class='ocrx_word' id='word_1_823' title='bbox 1618 5565 1959 5643; x_wconf 65' lang='grc' dir='ltr'>Ἀθηναίους.</span> 
     </span>
    </p>
   </div>
   <div class='ocr_carea' id='block_1_107' title="bbox 307 5634 1961 5714">
    <p class='ocr_par' dir='ltr' id='par_1_107' title="bbox 307 5634 1961 5714">
     <span class='ocr_line' id='line_1_107' title="bbox 307 5634 1961 5714; baseline -0.002 -17"><span class='ocrx_word' id='word_1_824' title='bbox 307 5634 512 5714; x_wconf 60' lang='lat' dir='ltr'>Ceteri</span> <span class='ocrx_word' id='word_1_825' title='bbox 544 5643 602 5692; x_wconf 88' lang='lat' dir='ltr'>et</span> <span class='ocrx_word' id='word_1_826' title='bbox 631 5634 1157 5714; x_wconf 59' lang='lat' dir='ltr'>editi,&quot;A_0nvaio:q.</span> <span class='ocrx_word' id='word_1_827' title='bbox 1192 5639 1333 5694; x_wconf 92' lang='lat' dir='ltr'>ltem</span> <span class='ocrx_word' id='word_1_828' title='bbox 1365 5634 1507 5695; x_wconf 88' lang='lat' dir='ltr'>ibid.</span> <span class='ocrx_word' id='word_1_829' title='bbox 1542 5645 1675 5710; x_wconf 89' lang='lat' dir='ltr'>post</span> <span class='ocrx_word' id='word_1_830' title='bbox 1707 5634 1758 5693; x_wconf 76' lang='grc' dir='ltr'>ἑν</span> <span class='ocrx_word' id='word_1_831' title='bbox 1788 5638 1961 5714; x_wconf 84' lang='grc' dir='ltr'>ἀνδρί,</span> 
     </span>
    </p>
   </div>
   <div class='ocr_carea' id='block_1_108' title="bbox 309 5710 997 5780">
    <p class='ocr_par' dir='ltr' id='par_1_108' title="bbox 309 5710 997 5780">
     <span class='ocr_line' id='line_1_108' title="bbox 309 5710 997 5780; baseline -0.01 -11"><span class='ocrx_word' id='word_1_832' title='bbox 309 5713 511 5769; x_wconf 82' lang='lat' dir='ltr'>deﬁcit</span> <span class='ocrx_word' id='word_1_833' title='bbox 544 5710 764 5780; x_wconf 73' lang='lat' dir='ltr'>Anglic.</span> <span class='ocrx_word' id='word_1_834' title='bbox 798 5711 997 5764; x_wconf 80' lang='lat' dir='ltr'>codex.</span> 
     </span>
    </p>
   </div>
   <div class='ocr_carea' id='block_1_109' title="bbox 2139 5140 3711 5214">
    <p class='ocr_par' dir='ltr' id='par_1_109' title="bbox 2139 5140 3711 5214">
     <span class='ocr_line' id='line_1_109' title="bbox 2139 5140 3711 5214; baseline 0.004 -17"><span class='ocrx_word' id='word_1_835' title='bbox 2139 5142 2249 5214; x_wconf 88' lang='grc'>(51)</span> <span class='ocrx_word' id='word_1_836' title='bbox 2281 5140 2375 5198; x_wconf 85' lang='lat' dir='ltr'>Sic</span> <span class='ocrx_word' id='word_1_837' title='bbox 2405 5142 2539 5213; x_wconf 77' lang='lat' dir='ltr'>Reg.</span> <span class='ocrx_word' id='word_1_838' title='bbox 2565 5145 2620 5198; x_wconf 91' lang='lat' dir='ltr'>et</span> <span class='ocrx_word' id='word_1_839' title='bbox 2638 5146 2871 5214; x_wconf 84' lang='lat' dir='ltr'>Seguer.</span> <span class='ocrx_word' id='word_1_840' title='bbox 2898 5143 2961 5198; x_wconf 92' lang='lat' dir='ltr'>In</span> <span class='ocrx_word' id='word_1_841' title='bbox 2995 5142 3126 5199; x_wconf 85' lang='lat' dir='ltr'>aliis</span> <span class='ocrx_word' id='word_1_842' title='bbox 3153 5148 3209 5200; x_wconf 85' lang='lat' dir='ltr'>et</span> <span class='ocrx_word' id='word_1_843' title='bbox 3236 5145 3329 5201; x_wconf 91' lang='lat' dir='ltr'>ed.</span> <span class='ocrx_word' id='word_1_844' title='bbox 3360 5148 3494 5200; x_wconf 86' lang='grc' dir='ltr'>Θεοῦ</span> <span class='ocrx_word' id='word_1_845' title='bbox 3526 5148 3711 5205; x_wconf 87' lang='lat' dir='ltr'>deest.</span> 
     </span>
    </p>
   </div>
   <div class='ocr_carea' id='block_1_110' title="bbox 2141 5214 3714 5339">
    <p class='ocr_par' dir='ltr' id='par_1_110' title="bbox 2141 5214 3714 5339">
     <span class='ocr_line' id='line_1_110' title="bbox 2141 5214 3714 5339; baseline 0.006 -74"><span class='ocrx_word' id='word_1_846' title='bbox 2141 5216 2252 5339; x_wconf 57' lang='grc' dir='ltr'>(ῷᾶ)</span> <span class='ocrx_word' id='word_1_847' title='bbox 2285 5218 2369 5338; x_wconf 58' lang='grc' dir='ltr'>υἷι</span> <span class='ocrx_word' id='word_1_848' title='bbox 2397 5215 2613 5285; x_wconf 81' lang='lat' dir='ltr'>Regius</span> <span class='ocrx_word' id='word_1_849' title='bbox 2657 5219 2714 5269; x_wconf 91' lang='lat' dir='ltr'>et</span> <span class='ocrx_word' id='word_1_850' title='bbox 2759 5214 3093 5286; x_wconf 81' lang='lat' dir='ltr'>Seguerian.</span> <span class='ocrx_word' id='word_1_851' title='bbox 3148 5220 3218 5271; x_wconf 84' lang='lat' dir='ltr'>At</span> <span class='ocrx_word' id='word_1_852' title='bbox 3263 5216 3362 5274; x_wconf 88' lang='lat' dir='ltr'>alii</span> <span class='ocrx_word' id='word_1_853' title='bbox 3395 5224 3453 5274; x_wconf 88' lang='lat' dir='ltr'>et</span> <span class='ocrx_word' id='word_1_854' title='bbox 3481 5219 3624 5277; x_wconf 89' lang='lat' dir='ltr'>editi</span> <span class='ocrx_word' id='word_1_855' title='bbox 3656 5217 3714 5275; x_wconf 82' lang='grc' dir='ltr'>δέ</span> 
     </span>
     <span class='ocr_line' id='line_1_111' title="bbox 2141 5302 2372 5339; baseline 0.004 -1"><span class='ocrx_word' id='word_1_856' title='bbox 2141 5302 2184 5338; x_wconf 73' lang='lat'>11</span> <span class='ocrx_word' id='word_1_857' title='bbox 2246 5303 2321 5339; x_wconf 90' lang='lat' dir='ltr'>un</span> <span class='ocrx_word' id='word_1_858' title='bbox 2359 5327 2372 5339; x_wconf 94' lang='lat'>.</span> 
     </span>
    </p>
   </div>
   <div class='ocr_carea' id='block_1_111' title="bbox 2068 5302 2372 5341">
    <p class='ocr_par' dir='ltr' id='par_1_111' title="bbox 2068 5302 2372 5341">
     <span class='ocr_line' id='line_1_112' title="bbox 2068 5302 2372 5341; baseline -0.01 0"><span class='ocrx_word' id='word_1_859' title='bbox 2068 5302 2372 5341; x_wconf 70' lang='lat' dir='ltr'>omnium.</span> 
     </span>
    </p>
   </div>
   <div class='ocr_carea' id='block_1_112' title="bbox 2142 5352 3606 5433">
    <p class='ocr_par' dir='ltr' id='par_1_112' title="bbox 2142 5352 3606 5433">
     <span class='ocr_line' id='line_1_113' title="bbox 2142 5352 3606 5433; baseline 0.004 -21"><span class='ocrx_word' id='word_1_860' title='bbox 2142 5359 2250 5433; x_wconf 61' lang='lat'>)53)</span> <span class='ocrx_word' id='word_1_861' title='bbox 2283 5362 2442 5433; x_wconf 71' lang='lat' dir='ltr'>Reg.,</span> <span class='ocrx_word' id='word_1_862' title='bbox 2476 5352 2659 5429; x_wconf 78' lang='grc' dir='ltr'>ὀρθόν,</span> <span class='ocrx_word' id='word_1_863' title='bbox 2692 5360 2878 5433; x_wconf 69' lang='lat' dir='ltr'>recte._</span> <span class='ocrx_word' id='word_1_864' title='bbox 2899 5359 3098 5433; x_wconf 62' lang='lat' dir='ltr'>Qaeteri</span> <span class='ocrx_word' id='word_1_865' title='bbox 3136 5364 3199 5433; x_wconf 82' lang='lat' dir='ltr'>et</span> <span class='ocrx_word' id='word_1_866' title='bbox 3219 5360 3382 5433; x_wconf 78' lang='lat' dir='ltr'>editi,</span> <span class='ocrx_word' id='word_1_867' title='bbox 3415 5361 3606 5433; x_wconf 72' lang='grc' dir='ltr'>ὀρθήν.</span> 
     </span>
    </p>
   </div>
   <div class='ocr_carea' id='block_1_113' title="bbox 2140 5429 3714 5506">
    <p class='ocr_par' dir='ltr' id='par_1_113' title="bbox 2140 5429 3714 5506">
     <span class='ocr_line' id='line_1_114' title="bbox 2140 5429 3714 5506; baseline 0.004 -25"><span class='ocrx_word' id='word_1_868' title='bbox 2140 5429 2419 5506; x_wconf 40' lang='lat' dir='ltr'>(54)~Re5.</span> <span class='ocrx_word' id='word_1_869' title='bbox 2474 5432 2799 5506; x_wconf 81' lang='lat' dir='ltr'>Seguer._et</span> <span class='ocrx_word' id='word_1_870' title='bbox 2842 5429 3095 5506; x_wconf 79' lang='lat' dir='ltr'>Gobler_._,</span> <span class='ocrx_word' id='word_1_871' title='bbox 3143 5430 3243 5498; x_wconf 74' lang='grc' dir='ltr'>τὴν</span> <span class='ocrx_word' id='word_1_872' title='bbox 3293 5429 3714 5506; x_wconf 37' lang='lat' dir='ltr'>assuetam“:</span> 
     </span>
    </p>
   </div>
   <div class='ocr_carea' id='block_1_114' title="bbox 2072 5493 3715 5563">
    <p class='ocr_par' dir='ltr' id='par_1_114' title="bbox 2072 5493 3715 5563">
     <span class='ocr_line' id='line_1_115' title="bbox 2072 5493 3715 5563; baseline 0.006 -12"><span class='ocrx_word' id='word_1_873' title='bbox 2072 5493 2484 5555; x_wconf 45' lang='lat' dir='ltr'>ei’1:.&#39;Gobler.</span> <span class='ocrx_word' id='word_1_874' title='bbox 2521 5493 2695 5554; x_wconf 65' lang='lat' dir='ltr'>habet</span> <span class='ocrx_word' id='word_1_875' title='bbox 2725 5499 2863 5554; x_wconf 84' lang='lat' dir='ltr'>item</span> <span class='ocrx_word' id='word_1_876' title='bbox 2895 5499 2985 5552; x_wconf 86' lang='grc' dir='ltr'>καὶ</span> <span class='ocrx_word' id='word_1_877' title='bbox 3019 5493 3169 5557; x_wconf 65' lang='grc' dir='ltr'>εἴτι.</span> <span class='ocrx_word' id='word_1_878' title='bbox 3203 5493 3268 5558; x_wconf 83' lang='lat' dir='ltr'>ln</span> <span class='ocrx_word' id='word_1_879' title='bbox 3303 5493 3442 5559; x_wconf 42' lang='lat' dir='ltr'>aliis.</span> <span class='ocrx_word' id='word_1_880' title='bbox 3464 5509 3521 5559; x_wconf 89' lang='lat' dir='ltr'>et</span> <span class='ocrx_word' id='word_1_881' title='bbox 3542 5493 3715 5563; x_wconf 78' lang='lat' dir='ltr'>editis</span> 
     </span>
    </p>
   </div>
   <div class='ocr_carea' id='block_1_115' title="bbox 2071 5569 2585 5638">
    <p class='ocr_par' dir='ltr' id='par_1_115' title="bbox 2071 5569 2585 5638">
     <span class='ocr_line' id='line_1_116' title="bbox 2071 5569 2585 5638; baseline 0 -13"><span class='ocrx_word' id='word_1_882' title='bbox 2071 5571 2235 5626; x_wconf 86' lang='lat' dir='ltr'>deest</span> <span class='ocrx_word' id='word_1_883' title='bbox 2260 5570 2360 5638; x_wconf 77' lang='grc' dir='ltr'>τήν</span> <span class='ocrx_word' id='word_1_884' title='bbox 2390 5574 2446 5625; x_wconf 89' lang='lat' dir='ltr'>et</span> <span class='ocrx_word' id='word_1_885' title='bbox 2473 5569 2585 5625; x_wconf 85' lang='grc' dir='ltr'>καὶ.</span> 
     </span>
    </p>
   </div>
   <div class='ocr_carea' id='block_1_116' title="bbox 2143 5641 2990 5712">
    <p class='ocr_par' dir='ltr' id='par_1_116' title="bbox 2143 5641 2990 5712">
     <span class='ocr_line' id='line_1_117' title="bbox 2143 5641 2990 5712; baseline 0.001 -16"><span class='ocrx_word' id='word_1_886' title='bbox 2143 5642 2256 5712; x_wconf 86' lang='lat'>(55)</span> <span class='ocrx_word' id='word_1_887' title='bbox 2289 5647 2425 5710; x_wconf 72' lang='lat' dir='ltr'>Reg.</span> <span class='ocrx_word' id='word_1_888' title='bbox 2462 5645 2518 5696; x_wconf 93' lang='lat' dir='ltr'>et</span> <span class='ocrx_word' id='word_1_889' title='bbox 2547 5646 2805 5709; x_wconf 72' lang='lat' dir='ltr'>Seguer.,</span> <span class='ocrx_word' id='word_1_890' title='bbox 2840 5641 2990 5697; x_wconf 80' lang='grc' dir='ltr'>ὀστᾶ.</span> 
     </span>
    </p>
   </div>
   <div class='ocr_carea' id='block_1_117' title="bbox 2147 5712 3725 5787">
    <p class='ocr_par' dir='ltr' id='par_1_117' title="bbox 2147 5712 3725 5787">
     <span class='ocr_line' id='line_1_118' title="bbox 2147 5712 3725 5787; baseline 0.006 -19"><span class='ocrx_word' id='word_1_891' title='bbox 2147 5715 2260 5785; x_wconf 82' lang='grc'>(56)</span> <span class='ocrx_word' id='word_1_892' title='bbox 2305 5714 2515 5783; x_wconf 75' lang='lat' dir='ltr'>Regius</span> <span class='ocrx_word' id='word_1_893' title='bbox 2546 5720 2603 5769; x_wconf 89' lang='lat' dir='ltr'>et</span> <span class='ocrx_word' id='word_1_894' title='bbox 2631 5719 2893 5787; x_wconf 61' lang='lat' dir='ltr'>segnem,</span> <span class='ocrx_word' id='word_1_895' title='bbox 2917 5712 3128 5787; x_wconf 79' lang='grc' dir='ltr'>κηρίον.</span> <span class='ocrx_word' id='word_1_896' title='bbox 3165 5716 3343 5773; x_wconf 83' lang='lat' dir='ltr'>[idem</span> <span class='ocrx_word' id='word_1_897' title='bbox 3368 5717 3509 5775; x_wconf 92' lang='lat' dir='ltr'>ibid.</span> <span class='ocrx_word' id='word_1_898' title='bbox 3540 5725 3596 5777; x_wconf 86' lang='lat' dir='ltr'>et</span> <span class='ocrx_word' id='word_1_899' title='bbox 3617 5726 3725 5779; x_wconf 87' lang='lat' dir='ltr'>Ba-</span> 
     </span>
    </p>
   </div>
   <div class='ocr_carea' id='block_1_118' title="bbox 382 5778 1935 5875">
    <p class='ocr_par' dir='ltr' id='par_1_118' title="bbox 382 5778 1935 5875">
     <span class='ocr_line' id='line_1_119' title="bbox 382 5778 1935 5875; baseline 0.001 -36"><span class='ocrx_word' id='word_1_900' title='bbox 382 5778 745 5875; x_wconf 53' lang='lat' dir='ltr'>(50)nReg&#39;ius</span> <span class='ocrx_word' id='word_1_901' title='bbox 767 5783 825 5836; x_wconf 88' lang='lat' dir='ltr'>et</span> <span class='ocrx_word' id='word_1_902' title='bbox 836 5778 1203 5875; x_wconf 65' lang='lat' dir='ltr'>§eguerian.,</span> <span class='ocrx_word' id='word_1_903' title='bbox 1226 5778 1557 5851; x_wconf 71' lang='grc' dir='ltr'>ἀποστολήν.</span> <span class='ocrx_word' id='word_1_904' title='bbox 1587 5781 1700 5840; x_wconf 87' lang='lat' dir='ltr'>Alii</span> <span class='ocrx_word' id='word_1_905' title='bbox 1730 5788 1786 5841; x_wconf 89' lang='lat' dir='ltr'>et</span> <span class='ocrx_word' id='word_1_906' title='bbox 1825 5784 1935 5843; x_wconf 79' lang='lat' dir='ltr'>edit</span> 
     </span>
    </p>
   </div>
   <div class='ocr_carea' id='block_1_119' title="bbox 2056 5778 3725 5875">
    <p class='ocr_par' dir='ltr' id='par_1_119' title="bbox 2076 5778 3725 5875">
     <span class='ocr_line' id='line_1_120' title="bbox 2076 5778 3725 5875; baseline 0.005 -34"><span class='ocrx_word' id='word_1_907' title='bbox 2076 5778 2305 5875; x_wconf 33' lang='lat' dir='ltr'>Bi‘l‘ienls,</span> <span class='ocrx_word' id='word_1_908' title='bbox 2339 5778 2596 5875; x_wconf 52' lang='lat' dir='ltr'>addunt,</span> <span class='ocrx_word' id='word_1_909' title='bbox 2618 5778 2736 5839; x_wconf 38' lang='lat' dir='ltr'>xui”</span> <span class='ocrx_word' id='word_1_910' title='bbox 2756 5785 2945 5875; x_wconf 70' lang='grc' dir='ltr'>φαγὼν</span> <span class='ocrx_word' id='word_1_911' title='bbox 2976 5778 3483 5875; x_wconf 43' lang='grc' dir='ltr'>Ἶένώπιονηαύτῶν,</span> <span class='ocrx_word' id='word_1_912' title='bbox 3515 5778 3725 5848; x_wconf 79' lang='grc' dir='ltr'>λαϐὼν·</span> 
     </span>
    </p>
   </div>
   <div class='ocr_carea' id='block_1_120' title="bbox 313 5851 993 5925">
    <p class='ocr_par' dir='ltr' id='par_1_120' title="bbox 313 5851 993 5925">
     <span class='ocr_line' id='line_1_121' title="bbox 313 5851 993 5925; baseline -0.003 -16"><span class='ocrx_word' id='word_1_913' title='bbox 313 5851 659 5925; x_wconf 69' lang='grc' dir='ltr'>ἀποστόλων,</span> <span class='ocrx_word' id='word_1_914' title='bbox 695 5854 993 5909; x_wconf 82' lang='lat' dir='ltr'>mendose.</span> 
     </span>
    </p>
   </div>
   <div class='ocr_carea' id='block_1_121' title="bbox 591 5977 1286 6043">
    <p class='ocr_par' dir='ltr' id='par_1_121' title="bbox 591 5977 1286 6043">
     <span class='ocr_line' id='line_1_122' title="bbox 591 5977 1286 6043; baseline 0.001 -2"><span class='ocrx_word' id='word_1_915' title='bbox 591 5979 865 6043; x_wconf 61' lang='lat' dir='ltr'>Panos.</span> <span class='ocrx_word' id='word_1_916' title='bbox 912 5977 1025 6043; x_wconf 76' lang='lat' dir='ltr'>(is.</span> <span class='ocrx_word' id='word_1_917' title='bbox 1065 5977 1286 6042; x_wconf 85' lang='lat' dir='ltr'>XXVI.</span> 
     </span>
    </p>
   </div>
   <div class='ocr_carea' id='block_1_122' title="bbox 2076 5855 3684 5934">
    <p class='ocr_par' dir='ltr' id='par_1_122' title="bbox 2076 5855 3684 5934">
     <span class='ocr_line' id='line_1_123' title="bbox 2076 5855 3684 5934; baseline 0.006 -24"><span class='ocrx_word' id='word_1_918' title='bbox 2076 5858 2142 5910; x_wconf 72' lang='grc' dir='ltr'>τά</span> <span class='ocrx_word' id='word_1_919' title='bbox 2174 5855 2436 5912; x_wconf 78' lang='grc' dir='ltr'>ἐπίλοιπα</span> <span class='ocrx_word' id='word_1_920' title='bbox 2464 5855 2736 5913; x_wconf 79' lang='grc' dir='ltr'>ἀπέδωκεν</span> <span class='ocrx_word' id='word_1_921' title='bbox 2769 5855 2973 5925; x_wconf 74' lang='grc' dir='ltr'>αὐτοῖς,</span> <span class='ocrx_word' id='word_1_922' title='bbox 3010 5878 3137 5934; x_wconf 71' lang='lat' dir='ltr'>quae</span> <span class='ocrx_word' id='word_1_923' title='bbox 3174 5861 3272 5918; x_wconf 83' lang='lat' dir='ltr'>alii</span> <span class='ocrx_word' id='word_1_924' title='bbox 3303 5867 3358 5920; x_wconf 84' lang='lat' dir='ltr'>et</span> <span class='ocrx_word' id='word_1_925' title='bbox 3388 5855 3529 5921; x_wconf 84' lang='lat' dir='ltr'>editi</span> <span class='ocrx_word' id='word_1_926' title='bbox 3569 5883 3684 5922; x_wconf 87' lang='lat' dir='ltr'>om.</span> 
     </span>
    </p>
   </div>
   <div class='ocr_carea' id='block_1_123' title="bbox 3371 5990 3444 6051">
    <p class='ocr_par' dir='ltr' id='par_1_123' title="bbox 3371 5990 3444 6051">
     <span class='ocr_line' id='line_1_124' title="bbox 3371 5990 3444 6051; baseline 0.014 -1"><span class='ocrx_word' id='word_1_927' title='bbox 3371 5990 3444 6051; x_wconf 81' lang='grc'>17</span> 
     </span>
    </p>
   </div>
  </div>
