4076 6370
394 401 514 464 623

935 399 1000 456 S.
1049 393 1480 454 ATHANASII
1526 391 1698 452 OPP.
1744 392 1946 454 PARS
1990 392 2042 465 ι.

2181 393 2603 455 HISTORICA
2647 395 2749 454 ET
2793 393 3275 456 DOGMATIGA.

3705 397 3826 457 524

397 574 524 616 ram
548 557 648 628 eis,
677 557 927 628 acceplas
957 552 1227 624 reliquias
1255 549 1402 607 dedit
1425 552 1504 606 eis
1530 550 1595 607 ³⁸.
1627 549 1713 605 En
1743 549 1946 624 igitur,
1989 549 2041 606 si

2183 547 2434 619 πίλοιπα,
2468 547 2742 605 ἀπέδωκεν
2789 547 3000 614 αὐτοῖς.
3054 546 3196 606 Ἰδοὺ
3247 550 3452 620 τοίνυν,
3503 550 3552 608 εί
3585 551 3821 629 καὶούχ

403 664 521 705 non
551 649 618 703 ut
647 661 710 702 se
739 659 878 717 erga
907 641 1195 698 Thomam
1228 639 1432 713 gessit,
1466 642 1622 695 certe
1653 637 1768 694 alia
1826 637 2053 695 ratione

399 737 537 795 fecit
564 751 663 792 eos
695 735 767 791 de
797 732 887 789 sui
920 729 1350 788 resurrectione
1370 727 1669 794 certiores,
1693 743 1826 783 cum
1851 743 1914 783 se
1937 725 2055 783 illis

403 824 884 885 contrectandum
915 820 1186 894 praebuit.
1219 818 1381 883 Quod
1417 817 1467 874 si
1497 817 1659 889 ipsas
1686 817 1866 873 etiam
1899 815 2056 872 cica-

398 915 576 972 trices
607 911 774 986 cupis
805 926 1061 976 cernere,
1096 907 1257 965 disce
1287 925 1321 962 a
1358 906 1606 975 Thoma,
1640 905 1734 962 cui
1785 904 2058 961 videlicet

395 1004 477 1062 ait
505 1001 987 1070 Dominus,In/er
1015 1014 1245 1054 manum
1282 1004 1455 1062 tuam,
1504 999 1555 1051 et
1595 996 1758 1051 mitte
1803 995 1866 1050 in
1915 995 2058 1051 latus

393 1111 604 1161 meum,
622 1095 674 1150 et
707 1092 860 1164 infer
883 1089 1122 1158 digitum
1155 1094 1332 1158 tuum,
1361 1093 1415 1141 et
1442 1084 1565 1140 vide
1592 1101 1793 1139 manus
1812 1100 1960 1139 meas
1989 1085 2054 1137 ⁵ο.

397 1187 580 1242 Suum
611 1181 772 1239 latus
794 1195 1054 1251 suasque
1075 1192 1288 1232 manus
1317 1177 1468 1231 Deus
1489 1173 1748 1229 Verbum
1777 1173 2054 1246 appellat,

401 1289 582 1347 seque
609 1274 798 1328 totum
829 1267 1131 1324 hominem
1163 1263 1342 1322 simul
1367 1268 1426 1318 et
1455 1263 1641 1320 Deum
1685 1278 1815 1318 esse
1861 1266 2056 1318 osten-

399 1363 524 1420 dit:
558 1360 716 1434 quid
749 1357 989 1430 quidem
1023 1355 1150 1427 ipso
1181 1353 1359 1409 etiam
1396 1368 1598 1423 sensu,
1633 1355 1699 1406 ut
1728 1349 2056 1423 intelligere

397 1455 508 1522 est,
537 1448 723 1506 voluit
763 1446 1024 1502 Verbum
1080 1447 1316 1500 sanctos
1369 1440 1642 1514 experiri,
1694 1457 1828 1495 cum
1879 1456 2056 1496 suum

341 1530 349 1538 ’
398 1557 634 1612 corpus,
655 1535 867 1608 ‘januis
899 1531 1142 1601 clausis,
1188 1530 1527 1603 ingressum
1573 1533 1666 1585 est
1715 1528 1776 1584 in
1823 1529 2058 1586 cubicu-

397 1630 523 1687 lum
553 1630 621 1698 5“,
653 1642 719 1684 ac
749 1627 986 1697 repente
1017 1625 1220 1678 astans
1249 1635 1385 1676 cum
1433 1634 1694 1690 corpore,
1727 1633 1826 1675 eos
1857 1618 1926 1674 de
1971 1616 2056 1674 rei

401 1720 642 1776 veritate
671 1729 988 1789 persuasos
1030 1710 1308 1768 reddidit.
1357 1708 1487 1766 Haec
1536 1711 1734 1764 autem
1781 1705 2056 1765 ﬁdelibus

404 1808 642 1880 quidem
701 1804 774 1860 ad
829 1798 1360 1867 conﬁrmationem,
1409 1795 1749 1854 inﬁdelibus
1796 1813 1934 1854 vero
1982 1797 2055 1854 ad

402 1893 900 1959 emendationem,
933 1889 1080 1948 satis
1111 1889 1268 1946 dicta
1296 1887 1437 1945 sint.

469 1985 561 2042 26.
595 1985 781 2041 Suum
813 1982 1013 2054 itaque
1041 1994 1300 2038 errorem
1331 1976 1508 2034 etiam
1539 1975 1794 2049 corrigat
1835 1976 2052 2033 Paulus

398 2070 856 2140 Samosatensis,
889 2069 1088 2126 divina
1111 2066 1432 2124 Salvatoris
1457 2081 1594 2123 voce
1613 2065 1815 2122 audita
1853 2066 2051 2122 dicen-

395 2166 494 2238 tis,
519 2164 722 2236 Corpus
750 2176 932 2217 meum
951 2159 1017 2228 ⁶¹,
1051 2174 1165 2214 non
1200 2160 1421 2225 autem,
1452 2154 1752 2212 Christum
1781 2154 1881 2228 qui
1904 2154 2055 2211 alius

397 2257 488 2312 est.
517 2270 551 2308 a
581 2267 674 2308 me
704 2249 806 2323 qui
836 2265 970 2306 sum
999 2247 1284 2314 Verbum,
1318 2245 1420 2301 sed
1470 2244 1570 2317 qui
1617 2243 1772 2300 idem
1825 2261 2052 2301 mecum

399 2346 512 2412 est,
541 2343 598 2397 et
625 2355 732 2412 ego
763 2355 895 2395 cum
930 2353 1020 2393 eo.
1065 2335 1185 2408 Ego
1234 2333 1390 2391 enim
1438 2333 1719 2404 Verbum,
1765 2350 1898 2390 sum
1945 2351 2054 2389 un-

400 2433 727 2505 guentum:
762 2427 918 2500 quod
949 2429 1146 2482 autem
1196 2440 1230 2480 a
1277 2440 1374 2480 me
1423 2426 1666 2479 unctum
1719 2426 1828 2489 est,
1879 2421 2055 2479 homo

402 2524 495 2578 est
517 2537 532 2588 ;
557 2521 917 2590 quapropter
934 2515 1159 2572 Unctus
1189 2513 1309 2570 sive
1337 2513 1608 2570 Christus
1638 2512 1764 2569 sine
1808 2528 1902 2569 me
1945 2511 2055 2568 mi-

407 2609 568 2665 nime
585 2607 836 2675 dicatur,
869 2605 972 2661 sed
1006 2603 1108 2675 qui
1142 2619 1375 2660 mecum
1419 2606 1527 2671 est,
1573 2605 1632 2658 et
1675 2602 1735 2656 in
1792 2617 1907 2674 quo
1949 2617 2056 2674 ego

406 2714 562 2754 sum.
593 2700 798 2768 Itaque
829 2692 1032 2750 missio
1054 2691 1156 2748 illa
1186 2691 1360 2748 Verbi
1391 2690 1727 2764 signiﬁcata
1754 2691 1883 2762 ejus
1906 2690 2055 2746 indi-

406 2790 500 2845 cat
523 2783 999 2858 conjunctionem
1029 2799 1162 2838 cum
1193 2781 1335 2838 Jesu
1363 2782 1456 2852 [ex
1501 2782 1681 2837 Maria
1729 2784 2057 2852 assumpto,

409 2875 509 2948 qui
540 2874 806 2931 Salvator
828 2871 1064 2942 dicitur,
1098 2886 1215 2927 non
1248 2869 1426 2926 aliam
1458 2885 1601 2926 sane
1648 2869 1722 2924 ob
1770 2868 2056 2926 rationem

407 2980 584 3038 quam
616 2962 775 3036 quod
805 2977 940 3020 cum
971 2961 1088 3018 Deo
1121 2958 1307 3016 Verbo
1353 2958 1427 3015 sit
1474 2958 1845 3030 conjunctae.
1898 2958 2057 3014 Idem

405 3053 650 3127 proinde
680 3051 848 3108 locus
879 3049 976 3106 ille
1009 3048 1310 3122 signiﬁcat
1339 3049 1516 3119 atque
1547 3045 1668 3102 haec
1692 3046 1894 3113 verba,
1954 3040 2062 3115 Qui

401 3143 554 3198 misit
581 3156 666 3196 me
696 3141 861 3196 Pater
887 3138 934 3176 ⁶²
964 3142 1039 3208 et,
1073 3139 1115 3193 A
1145 3152 1232 3192 me
1259 3139 1378 3210 ipso
1426 3151 1539 3192 non
1569 3137 1717 3203 veni,
1746 3135 1841 3192 sed
1886 3136 2062 3191 Pater

405 3246 492 3286 me
519 3229 682 3286 misit
703 3228 768 3282 ⁸³.
790 3226 1026 3283 Scilicet
1055 3242 1225 3282 suam
1254 3241 1387 3281 cum
1420 3224 1659 3280 homine
1690 3223 2062 3295 conjunctio-

2084 1932 2133 1998 B

2165 640 2240 702 ὡς
2274 639 2302 694 6
2333 645 2558 714 Θωμᾶς,
2588 637 2718 695 ἀλλ’
2747 638 2901 713 ὅμως
2935 638 3005 694 δι’
3056 640 3238 711 ἑτέρας
3281 638 3514 715 μεθόδου
3541 642 3643 712 τὴν
3675 639 3820 714 πλη-

2165 729 2420 806 ροφορίαν
2455 728 2642 792 αὐτοῖς
2689 727 2929 805 παρέσχε
2975 719 3342 807 ψηλαφηθείς.
3375 729 3440 786 Ei
3472 725 3530 784 δὲ
3557 729 3647 785 καὶ
3676 731 3810 795 τοὺς

2168 815 2448 890 μώλωπας
2480 815 2614 872 ἰδεῖν
2667 816 2850 882 θέλοις
2898 820 3036 891 (57),
3083 818 3230 893 παρὰ
3276 823 3448 892 Θωμᾶ
3479 820 3636 892 μάθε·
3670 817 3816 896 Φέρε

2162 907 2260 982 γάρ
2312 929 2430 979 σου,
2482 907 2636 986 φησὶ,
2686 909 2786 978 τήν
2837 913 3000 985 χεῖρα
3049 907 3138 963 καὶ
3193 907 3328 984 βάλε
3377 909 3452 971 εἰς
3494 908 3594 978 τὴν
3651 909 3822 966 πλευο

2168 997 2262 1070 ράν
2317 1017 2443 1068 μου,
2502 996 2592 1051 καὶ
2649 995 2777 1074 φέρε
2832 997 2924 1052 τὸν
2989 994 3254 1053 δάκτυλόν
3315 1019 3455 1071 σου,
3504 998 3596 1054 καὶ
3644 998 3817 1074 βλέπε

2163 1085 2258 1147 τὰς
2291 1086 2480 1161 χεῖράς
2513 1106 2617 1158 μου
2659 1087 2792 1160 (58).
2839 1085 3085 1162 Πλευρᾶν
3137 1084 3275 1141 ἰδίαν
3323 1087 3414 1142 καὶ
3461 1094 3657 1164 χεῖρασ
3687 1088 3818 1144 ὀνο-

2171 1175 2353 1246 μάζων
2389 1175 2417 1229 6
2449 1175 2578 1236 Θεὸς
2606 1175 2806 1252 Λόγος,
2840 1173 2931 1229 καὶ
2961 1173 3092 1230 ὅλον
3125 1175 3285 1231 αὖτὸν
3320 1172 3603 1249 ἄνθρωπόν
3625 1197 3684 1233 τε
3707 1181 3826 1251 (59)

2165 1262 2256 1317 καὶ
2307 1263 2436 1318 Θεὸν
2487 1265 2650 1336 ὁμοῦ,
2705 1262 2824 1338 ἄρτι
2872 1264 2966 1336 μὲν
3013 1268 3112 1320 τοῦ
3159 1267 3342 1341 Λόγου
3376 1265 3467 1321 καὶ
3499 1267 3598 1336 τήν
3627 1263 3813 1340 αἴσθη-

2166 1373 2247 1406 σιν
2296 1358 2413 1414 τοῖς
2465 1352 2636 1429 ἁγίοις
2686 1350 2777 1408 διὰ
2828 1354 3105 1426 σώματος,
3161 1354 3234 1417 ὡς
3287 1348 3398 1410 ἔστι
3457 1361 3615 1425 νοεῖν,
3675 1377 3816 1433 παρ-

2167 1440 2392 1504 έχοντος
2422 1446 2504 1514 τῷ
2553 1439 2838 1514 εἰσελθεῖν,
2869 1446 2979 1498 τῶν
3015 1441 3190 1518 θυρῶν
3224 1441 3646 1516 κεκλεισμένων·
3684 1466 3821 1520 παρ-

2165 1528 2288 1594 ευθῦ
2347 1527 2405 1586 δὲ
2465 1529 2560 1587 σὺν
2618 1536 2702 1604 τῷ
2747 1529 2960 1606 σώματι
3009 1534 3313 1608 παρεστὼς,
3370 1534 3458 1589 καὶ
3509 1534 3612 1604 τήν
3671 1533 3820 1606 πλη-

2165 1618 2424 1698 ροφορίαν
2473 1621 2755 1696 παρέχων.
2806 1622 2987 1678 Ταῦτα
3032 1627 3151 1686 τοῖς
3201 1627 3415 1685 πιστοῖς
3466 1621 3542 1686 εἰς
3587 1618 3818 1699 βεϐαίω-

2165 1727 2271 1780 σιν,
2320 1709 2411 1764 καὶ
2453 1714 2571 1772 τοῖς
2623 1707 2871 1772 ἀπίστοις
2925 1709 3002 1774 είς
3056 1708 3346 1785 διόρθωσιν
3399 1709 3634 1788 εἰρήσθω
3681 1733 3818 1786 συμο

2166 1797 2403 1873 μέτρως.

2235 1977 2326 2033 36.
2387 1973 2734 2052 Διορθούσθω
2790 1979 3082 2052 τοιγαροῦν
3134 1974 3224 2031 καὶ
3291 1973 3509 2042 Ηαῦλος
3725 1986 3828 2034 Σα-

2169 2064 2456 2139 μοσατεὺς,
2505 2073 2606 2136 τῆς
2661 2063 2810 2129 θείας
2856 2067 3130 2137 κατήκοος
3186 2069 3546 2143 γεγενημένος
3605 2077 3814 2148 φωνῆς,

2163 2156 2236 2210 Τὸ
2267 2156 2428 2229 σῶμά
2479 2176 2606 2228 μου,
2658 2153 2941 2232 λέγοντος,
2983 2155 3074 2211 καὶ
3117 2154 3246 2232 οὐχὶ
3293 2154 3389 2212 τόν
3438 2158 3671 2232 Χριστὸν
3702 2157 3816 2215 ς«ἔτε-

2168 2266 2260 2323 ρον
2295 2247 2407 2320 (61)
2438 2246 2563 2320 παρ’
2597 2243 2691 2318 ἐμὲ
2740 2248 2830 2300 τὸν
2881 2247 3084 2321 Λόγον,
3139 2244 3287 2302 ἀλλὰ
3333 2246 3425 2302 σὺν
3470 2245 3594 2321 ἐμοὶ
3627 2248 3815 2318 αὐτὸν,

2163 2337 2251 2390 καὶ
2288 2333 2385 2408 ἐμὲ
2415 2333 2506 2389 σῦν
2556 2335 2724 2414 αὐτῷ.
2775 2334 2854 2392 Τὸ
2897 2336 3001 2412 γὰρ
3050 2333 3262 2411 χρίσμα
3303 2335 3408 2413 ἐγὼ
3455 2338 3483 2393 ὁ
3531 2337 3720 2412 Λόγνς,
3753 2339 3816 2394 τὸ

2167 2420 2225 2478 δὲ
2255 2421 2476 2498 χρισθέν
2523 2421 2613 2478 ὐπ’
2661 2421 2798 2496 ἐμοῦ
2847 2423 2875 2478 6
2916 2421 3224 2498 ἄνθρωπος’
3257 2422 3320 2478 οὐ
3350 2424 3526 2502 χωρὶς
3559 2424 3648 2480 οῦν
3679 2424 3816 2499 ἐμοῦ

2166 2512 2406 2588 Χριστὸς
2456 2510 2688 2582 κληθείη
2739 2510 2798 2566 ἂν
2833 2513 2968 2585 (62),
3002 2509 3148 2568 ἀλλὰ
3178 2511 3270 2567 σὺν
3299 2511 3423 2587 ἐμοὶ
3455 2511 3531 2569 ὢν
3557 2513 3646 2570 καὶ
3679 2515 3816 2588 ἐμοῦ

2168 2600 2220 2657 ἐν
2279 2602 2448 2674 αὐτῷ.
2499 2601 2570 2656 Τὸ
2623 2601 2804 2655 τοίνυν
2852 2599 3166 2671 ἀποστολὴν
3217 2606 3315 2658 τοῦ
3367 2603 3548 2679 Λόγου
3607 2603 3817 2676 σημαί-

2165 2702 2346 2754 νεσθαι
2394 2686 2586 2745 ἕνωσιν
2643 2686 2812 2760 δηλοῖ
2851 2691 2949 2760 τὴν
2999 2690 3138 2765 πρὸς
3185 2692 3275 2746 τὸν
3337 2689 3396 2747 ἐκ
3442 2690 3657 2768 Μαρίας
3705 2695 3818 2764 ’1η-

2167 2777 2318 2849 eoin,
2349 2778 2410 2841 ’ὸς
2442 2775 2798 2854 ἑρμηνεύεται
2840 2778 3062 2852 Σωτὴρ,
3104 2777 3166 2833 οὗ
3214 2775 3285 2834 δι’
3312 2775 3494 2850 ἕτερόν
3523 2801 3598 2848 τι,
3630 2778 3755 2837 ἀλλ’
3781 2779 3816 2850 ἢ

2171 2865 2260 2923 διὰ
2287 2867 2350 2924 τὸ
2377 2873 2458 2941 τῷ
2488 2869 2597 2940 (63)
2641 2872 2758 2940 Θεῷ
2805 2864 2965 2945 Λόγῳ
3011 2869 3275 2938 ἡνῶσθαι.
3328 2869 3509 2926 Ταῦτὸ
3558 2871 3819 2945 σημαίνε-

2169 2979 2256 3014 ται
2285 2957 2350 3014 τὸ
2403 2956 2567 3034 ῥητὸν
2617 2961 2778 3012 τοῦτο
2825 2961 2925 3030 τῷ,
2974 2958 3035 3015 Ὁ
3094 2959 3314 3032 πέμψας
3369 2979 3436 3031 με
3487 2959 3816 3035 Πατὴρ,καὶ

2170 3047 2293 3101 ⁹Δπ³
2378 3045 2614 3119 ἐμαυτοῦ
2689 3043 2788 3100 οὐκ
2861 3042 3127 3116 ἐλήλυθα,
3201 3043 3330 3101 ἀλλ’
3385 3047 3413 3101 6
3490 3049 3678 3122 Πατήρ
3757 3069 3824 3122 με

2171 3131 2474 3190 ἀπέστειλε.
2555 3135 2672 3204 Τὴν
2747 3135 2848 3211 γὰρ
2909 3135 3046 3210 πρὸς
3114 3135 3206 3190 τὸν
3265 3133 3546 3211 ἄνθρωπον
3605 3133 3832 3208 ἕνωσιν,

2175 3222 2266 3280 σὺν
2299 3225 2345 3295 ᾧ
2375 3229 2742 3298 γνωρισθῆναι
2792 3224 3101 3300 ἀνθρώποις
3155 3225 3221 3294 ἧν
3273 3221 3491 3280 δυνατὸν
3523 3227 3624 3296 τὴν
3656 3226 3822 3302 ἀόρα-

407 3335 564 3386 nem,
597 3332 852 3390 quocum
883 3314 1202 3371 invisibilis
1234 3317 1446 3370 natura
1477 3328 1579 3385 per
1607 3311 1901 3369 visibilem
1927 3317 2064 3369 nota

2181 3334 2268 3368 τον
2313 3312 2470 3392 φύσιν
2522 3309 2612 3368 διὰ
2659 3319 2759 3383 τῆς
2803 3314 3109 3390 ὁρωμένης,
3163 3311 3476 3384 ἀποστολὴν
3521 3315 3824 3390 ὠνὸμασεν.

409 3405 755 3468 hominibus
785 3420 914 3461 esse
944 3407 1193 3476 poterat,
1227 3401 1572 3459 missionem
1597 3400 1930 3474 appellavit.
1954 3401 2070 3458 Nec

415 3495 574 3552 enim
602 3493 732 3550 loca
757 3491 1006 3550 mutavit
1030 3491 1184 3548 Deus
1205 3490 1315 3563 (uti
1339 3507 1447 3547 nos
1469 3490 1572 3562 qui
1593 3489 1737 3546 locis
1760 3489 2072 3546 abscondi-

417 3585 574 3650 mur)
596 3599 724 3640 cum
757 3586 970 3638 nostras
1001 3579 1320 3654 pravitatis
1352 3583 1589 3651 accepta
1610 3579 1800 3650 ﬁgura
1821 3579 1879 3634 in
1899 3593 2072 3636 carne

419 3673 648 3732 exstitit
673 3676 732 3730 et
761 3671 1052 3745 apparuit.
1086 3669 1388 3736 Quomodo
1419 3668 1577 3724 enim
1630 3667 1688 3723 id
1739 3667 1826 3723 illi
1875 3671 2076 3740 posset

422 3764 684 3822 accidere
715 3761 814 3833 qui
845 3759 1056 3816 cmlum
1087 3764 1143 3815 et
1171 3763 1388 3813 terram
1416 3755 1664 3829 implet?
1693 3757 1906 3813 Verum
1923 3755 2075 3827 justi

425 3857 663 3928 propter
682 3852 810 3924 ejus
831 3849 890 3906 in
915 3864 1088 3905 carne
1111 3847 1504 3920 praesentiam,
1543 3846 1843 3903 missionis
1871 3862 2072 3903 vocem

427 3957 808 4016 usurpavere.
857 3941 985 4012 Ipse
1015 3937 1197 4011 igitur
1227 3940 1317 3992 est
1365 3936 1518 3992 Deus
1545 3935 1838 3992 Verbum:
1893 3935 2076 4008 igitur

423 4032 693 4090 Christus
715 4033 805 4087 est
824 4030 976 4086 Deus
1006 4028 1182 4084 homo
1214 4041 1282 4082 ex
1310 4025 1492 4082 Maria
1523 4028 1719 4081 natus.
1750 4025 1874 4082 Non
1901 4024 2074 4096 alius,

422 4120 687 4194 inquam,
721 4117 938 4192 aliquis
971 4120 1064 4174 est
1091 4116 1388 4184 Christus,
1413 4114 1512 4171 sed
1537 4131 1691 4171 unus
1709 4119 1766 4170 et
1788 4113 1944 4171 idem
1963 4119 2074 4184 est,

425 4210 526 4282 qui
557 4214 690 4266 ante
719 4207 933 4265 secula
971 4224 1041 4264 ex
1085 4206 1276 4274 Patre,
1311 4209 1367 4260 ot
1397 4203 1456 4260 in
1486 4203 1710 4260 ultimis
1758 4202 1968 4260 diebus
2008 4219 2078 4260 ex

420 4299 660 4370 Virgine
706 4301 942 4354 exortus
973 4301 1101 4353 est:
1135 4295 1238 4367 qui
1269 4293 1426 4350 idem
1472 4299 1649 4350 antea
1695 4291 1842 4365 ipsis
1897 4292 2076 4349 etiam

2179 3401 2252 3458 Οὐ
2299 3403 2399 3479 γὰρ
2457 3399 2524 3471 δὴ
2585 3402 2716 3465 Θεὸς
2763 3403 2964 3466 τόπους
3040 3397 3256 3476 ἀμείϐει
3309 3405 3446 3477 (64),
3507 3405 3627 3469 καθ’
3676 3405 3826 3478 ἡμᾶς

2185 3493 2315 3557 τοὺς
2371 3492 2425 3549 έν
2479 3491 2670 3555 τόποις
2717 3494 3151 3569 κρυπτομένους,
3203 3495 3284 3567 τῷ
3331 3500 3432 3564 τῆς
3494 3496 3830 3573 μικρότητος

2179 3585 2340 3656 ἡμῶν
2403 3583 2648 3658 σχήματι
2695 3583 2797 3652 τῆς
2848 3582 3122 3660 ὑπάρξεως
3155 3585 3256 3648 τῆς
3313 3581 3364 3638 ἰν
3424 3585 3581 3661 σαρκί
3625 3581 3828 3641 ἐπιδει-

2182 3670 2449 3745 κνύμενος
2477 3674 2594 3745 (65)
2629 3689 2642 3704 ⁸
2676 3675 2794 3734 πῶς
2831 3671 2930 3747 γὰρ
2985 3672 3013 3727 6
3059 3671 3153 3726 τὸν
3201 3671 3429 3745 οὐρανὸν
3477 3671 3568 3728 καὶ
3595 3674 3698 3744 τὴν
3727 3677 3828 3749 γῆν

2181 3759 2461 3832 πληρῶν;
2511 3757 2686 3816 Ἀλλᾶ
2731 3766 2832 3829 τῆς
2882 3759 2932 3814 ἐν
2986 3759 3141 3836 σαρκὶ
3186 3760 3486 3838 παρουσίας
3536 3759 3691 3817 ἕνεκα
3731 3764 3836 3832 τὴν

2187 3847 2499 3918 ἀποστολὴν
2549 3849 2599 3902 οἱ
2662 3847 2860 3904 δίκαιοι
2903 3849 3212 3922 ὠνόμασαν.
3259 3851 3391 3906 Εἶτα
3443 3849 3536 3906 οῦν
3741 3849 3833 3906 καὶ

2185 3935 2402 4002 αὐτὸςὸ
2454 3937 2582 4000 Θεὸς
2631 3937 2831 4012 Λόγος.
2881 3939 3112 4015 Χριστὸς
3167 3938 3256 3994 οὖν
3309 3941 3337 3994 6
3379 3939 3438 3995 ἐκ
3464 3938 3672 4017 Μαρίας
3705 3939 3836 4003 Θεὸς

2185 4023 2486 4100 ἅνθρωπος·
2540 4025 2650 4101 οὐχ
2693 4022 2877 4101 ἕτερός
2924 4047 3005 4090 τις
3054 4027 3306 4102 Χριστὸς,
3359 4026 3487 4084 ἀλλ’
3533 4031 3610 4090 εἷς
3663 4027 3753 4083 καὶ
3805 4029 3834 4083 6

2185 4114 2347 4176 αὐτός
2381 4135 2394 4148 ο
2452 4113 2608 4176 οὗτος
2662 4115 2768 4190 πρὸ
2828 4115 3036 4170 αἰώνων
3111 4115 3171 4172 ἐκ
3222 4117 3472 4194 Ηατρὸς,
3535 4118 3691 4179 οὗτος
3749 4116 3835 4172 ἐπ’

2187 4201 2432 4280 ἐσχάτων
2468 4202 2526 4259 ἐκ
2556 4210 2656 4274 τῆς
2707 4203 3004 4281 Παρθένου.
3057 4205 3285 4283 ἀόρατος
3331 4207 3392 4262 τὸ
3442 4208 3556 4281 (67)
3585 4206 3710 4283 πρὶν
3741 4207 3832 4262 καὶ

2184 4297 2304 4354 ταῖς
2354 4291 2404 4346 ἐν
2457 4289 2669 4368 οὐρανῷ
2719 4290 3002 4366 δυνάμεσιν
3060 4293 3260 4370 ἁγίαις,
3323 4294 3518 4372 ὁρατὸς
3570 4294 3684 4350 νυνὶ
3745 4291 3838 4350 διὰ

423 4387 644 4446 sanctis
689 4387 1005 4442 virtutibus
1053 4385 1116 4440 in
1160 4384 1322 4440 cmlis
1369 4387 1495 4441 erat
1538 4381 1876 4450 invisibilis,
1921 4399 2064 4438 nunc

2187 4383 2285 4451 τήν
2319 4381 2454 4458 πρὸς
2501 4383 2592 4438 τὸν
2642 4383 2916 4458 ὁρώμενον
2964 4382 3244 4460 ἄνθρωπον
3293 4382 3506 4442 ἕνωσινο
3555 4385 3839 4461 ὁρώμενος

429 4479 628 4533 autem
651 4476 724 4532 ob
751 4492 918 4531 suam
939 4490 1070 4530 cum
1091 4473 1308 4529 visibili
1341 4472 1583 4528 homine
1603 4472 2064 4543 conjunctionem

2191 4467 2268 4538 δὲ,
2295 4471 2462 4548 φημὶ,
2490 4471 2553 4525 οὐ
2577 4473 2645 4544 τῇ
2668 4471 2882 4546 ἀοράνῳ
2905 4471 3144 4542 θεότητι,
3177 4471 3324 4530 ἀλλὰ
3349 4477 3420 4549 τῇ
3449 4480 3550 4544 τῆς
3583 4468 3842 4544 θεότητος

423 4565 678 4624 visibilis
709 4567 798 4622 est
824 4563 1068 4620 effectus
1092 4578 1106 4630 ;
1131 4561 1402 4630 visibilis,
1437 4561 1706 4634 inquam,
1732 4577 1849 4617 non
1880 4560 2082 4617 invisi-

495 4683 539 4721 ⁸⁸
569 4683 704 4740 Luc.
736 4697 888 4749 xxiv,
919 4681 1007 4748 42,
1033 4678 1122 4735 43.
1199 4678 1243 4714 ⁵⁸
1262 4678 1432 4734 Joan.
1464 4694 1556 4748 xx,
1586 4677 1680 4732 27.
1755 4677 1802 4714 ⁸ο
1835 4676 1978 4734 ibid.
2005 4677 2094 4735 19.

495 4813 878 4889 (57)ΑΙὶθιξὶυ-ε,
927 4810 1318 4889 Seguerianus
1370 4813 1430 4866 et
1480 4808 1825 4867 Basiliensis
1865 4807 2070 4873 θέλοις.

428 4881 628 4964 Ceteri
658 4881 904 4964 statim,
937 4881 1136 4964 θέλεις.
1250 4954 1282 4964 Α
1558 4957 1568 4964 Δ
1603 4951 1643 4964 ﬁ

497 4961 618 5029 (58)
645 4959 738 5015 Sic
770 4951 984 5028 Regius
1015 4955 1214 5029 codex,
1229 4954 1484 5029 ASeguer.
1519 4957 1575 5007 et
1603 4951 1940 5029 Basilicas;
1973 4954 2077 5010 sed

429 5021 771 5102 Basiliensis
802 5021 978 5102 habet
1010 5021 1276 5102 [ﬁtque—sic
1297 5021 1488 5102 x'sipéc
1511 5042 1636 5102 pou:
1661 5023 1768 5102 alii
1798 5024 2075 5102 editique,

430 5102 519 5156 καὶ
551 5101 642 5156 τὸν
678 5099 941 5155 δάκτυλόν
977 5092 1072 5172 σου
1106 5094 1241 5172 βάλε
1281 5092 1357 5172 εἷς
1393 5092 1726 5172 ’τὰς’χεῖρ-άς
1758 5115 1884 5167 μου.
1934 5092 2080 5172 Ali/lo:

433 5173 650 5244 Regius
679 5177 736 5228 et
763 5174 1018 5244 Seguer.,
1038 5171 1066 5225 6
1089 5167 1218 5232 Θεὸς
1252 5167 1449 5243 Λόγος.
1471 5167 1692 5235 Castori,
1725 5183 1859 5224 cum
1882 5169 2077 5240 editis,

434 5246 464 5298 6
497 5243 626 5298 Θεὸς
657 5241 823 5298 λεγει.

434 5246 464 5300 6
497 5246 626 5306 Θεὸς
657 5246 823 5306 λεγει.

649 5264 908 5385 ἒίέείίθε.
941 5319 997 5370 et
1020 5318 1146 5385 Seg.
1179 5318 1245 5368 ln
1277 5310 1409 5368 aliis
1440 5315 1497 5368 et
1525 5311 1700 5385 editis
1731 5312 1898 5385 deest
1926 5331 2004 5367 τε.

527 5379 620 5459 60)
649 5379 945 5459 Regius'et
973 5379 1205 5456 Seguer.
1241 5385 1470 5442 addunt
1514 5381 1602 5437 καὶ
1644 5379 1885 5454 Παῦλος,
1919 5385 2074 5456 quod

433 5458 530 5519 alii
564 5458 622 5518 et
647 5459 785 5518 editi
809 5458 1108 5515 omittunt.

505 5533 619 5605 (61)
647 5534 736 5588 Ita
765 5530 981 5605 Regius
1008 5531 1187 5587 codex
1232 5531 1290 5584 et
1333 5531 1565 5599 Seguer.
1601 5527 1664 5584 la
1695 5525 1828 5584 aliis
1857 5541 1990 5585 vero
2021 5529 2078 5585 et

437 5600 612 5659 editis
645 5606 802 5660 deest
827 5600 1032 5676 ἕτερον.

512 5676 626 5757 (ϐξ)
659 5675 888 5757 Regius,
916 5668 1150 5757 {segnem
1175 5669 1503 5757 Goblerian.
1528 5669 1824 5757 'elt_l‘3asil‘.‘,
1847 5668 2077 5757 κληρείη

442 5739 528 5802 ἅνζ
561 5739 633 5802 Αἰ
663 5739 767 5802 alii
791 5755 845 5802 el
874 5739 1014 5803 editi
1063 5745 1122 5799 ἄν
1173 5743 1478 5800 omittunt.
1527 5741 1748 5800 Ibidem
1779 5747 1918 5816 Reg.
1947 5739 2077 5815 Seg;

2193 4560 2436 4638 ἐνεργείᾳ
2466 4559 2556 4616 διὰ
2581 4566 2679 4617 τοῦ
2713 4562 3055 4638 ἀνθρωπίνου
3101 4565 3214 4639 (68)
3265 4565 3521 4639 σώματος
3562 4562 3654 4619 καὶ
3703 4561 3841 4620 ὅλου

2193 4679 2236 4715 ⁶¹
2266 4678 2472 4736 Matth.
2503 4695 2654 4751 XXVI,
2687 4680 2777 4736 26.
2875 4681 2920 4716 ⁸³
2941 4680 3113 4738 Joan.
3143 4697 3270 4752 vm,
3306 4683 3393 4738 10.
3487 4681 3534 4718 ⁶³
3562 4680 3708 4737 ibid.
3743 4681 3836 4738 42.

2187 4815 2245 4868 et
2274 4811 2530 4882 Gobler.,
2561 4809 2650 4866 καὶ
2683 4809 2841 4884 ἐμοῦ.
2877 4813 2940 4868 In
2973 4813 3104 4872 aliis
3134 4819 3190 4870 ct
3218 4815 3396 4871 editis
3426 4811 3516 4868 καί
3547 4814 3726 4871 deest.

2261 4884 2368 4955 (63)
2408 4887 2513 4957 _T€9
2569 4885 2740 4957 abest
2783 4903 2818 4957 a
2868 4886 3068 4957 codice
3125 4885 3299 4957 Regio
3351 4891 3410 4942 et
3461 4885 3836 4954 Segueriano.

2188 4954 2371 5028 Iidem
2403 4955 2620 5012 ibidem
2651 4954 2843 5028 ταύτὸν
2877 4954 3258 5028 σημαίνεσθαι.
3294 4963 3440 5015 Item
3473 4958 3691 5014 ibidem
3721 4961 3838 5014 GO-

2185 5027 2484 5104 blerianus
2515 5035 2571 5104 et
2602 5027 2980 5104 Felckmanni
3013 5031 3066 5099 1,
3095 5029 3169 5104 τὸ⁸
3191 5028 3357 5104 ῥητᾼὸν
3389 5032 3550 5104 τοῦτο
3582 5029 3666 5084 τό.

2199 5169 2212 5188 η
2259 5099 2371 5190 (δέ)
2404 5099 2618 5173 Regius
2649 5105 2706 5156 et
2733 5094 3094 5173 Segusrianl,
3146 5094 3382 5175 ἀμείϐει.
3425 5101 3535 5159 Alii
3584 5107 3643 5160 et
3671 5099 3840 5169 editi,

2188 5190 2427 5225 αιιοιοει.

2227 5191 2748 5318 P.(()6A'I50)u(.irob_lariam._
2768 5239 3249 5318 ἐπιδεικνυμένοις.

2259 5311 2373 5396 (66)
2403 5315 2846 5396 Ηθεὶυεροάνθχ,
2880 5311 3116 5396 ξεευὸτ.
3147 5321 3206 5374 et
3226 5316 3558 5393 Basilicas,
3587 5315 3698 5372 εἶτα
3719 5311 3838 5372 οῦν.

2188 5384 2302 5441 Alii
2334 5402 2470 5442 cum
2497 5384 2693 5450 editis,
2718 5387 2830 5442 εἶτα
2859 5384 2983 5443 οῦνῖ
3544 5384 3555 5393 ’
3837 5399 3851 5412 ‘

2282 5459 2372 5528 67)
2404 5454 2482 5513 Τό
2516 5474 2550 5513 a
2580 5457 2910 5517 Goblerian.
2942 5465 3000 5518 et
3030 5461 3282 5518 Felckm.
3315 5462 3362 5518 1.

2283 5529 2376 5602 68)
2417 5529 2630 5604 Regius
2677 5533 2878 5602 codex,
2926 5533 3313 5604 Seguerianus
3361 5540 3416 5590 et
3463 5530 3838 5601 Basiliensis,

2191 5597 2547 5678 dt~IQp_(v31tsiou.
2595 5605 2805 5678 Castori
2855 5597 2913 5660 ἐι
2979 5597 3139 5671 eniti,
3187 5603 3551 5678 ἀνθρωπίνου.
3597 5597 3842 5678 Ibidem

2188 5673 2520 5732 Goblerian.
2551 5677 2610 5732 et
2637 5676 2893 5734 Felckm.
2933 5679 2955 5732 1
3011 5673 3294 5734 omittunt
3339 5676 3428 5732 καὶ
3461 5675 3596 5732 ὅλου
3627 5676 3842 5752 ἀνθρώ-

2189 5764 2316 5799 που.
