4076 6384
231 444 350 504 525
1066 439 1450 503 EPISTOLA
1492 442 1514 504 Ι
1560 442 1662 503 AD
1707 440 2236 503 SERAPIONEM.
2282 474 2362 487 —
2403 441 2797 535 MONl'ljUM.
3522 447 3642 509 526

231 603 549 682 ἆνθρώπου,
575 605 634 660 ὅν
664 600 963 658 ἀνεκαίνισε
985 603 1054 677 τῇ
1085 601 1355 657 οἰκειώσει
1383 605 1453 676 τῇ
1482 604 1622 680 πρὸς
1673 601 1841 659 ἓαυτόπ

2031 602 2104 659 dli
2151 602 2479 673 divinitate,
2517 602 2619 660 sed
2650 602 2781 676 ipsa
2829 601 3132 662 divinitate
3160 619 3264 678 per
3310 606 3641 667 humanum

231 693 392 767 Αὐτῷ
419 695 484 749 τὸ
515 688 673 756 σὲϐας
705 692 795 748 καὶ
823 695 860 763 ἠ
888 691 1279 769 προσκύνησις,
1311 692 1372 755 ὃς
1400 692 1466 762 ἦν
1517 693 1625 767 (69)
1680 692 1840 768 πρώη

2032 707 2203 765 crpus
2228 696 2534 766 totumque
2557 690 2855 749 hominem
2883 696 3298 766 agente,quem
3316 698 3506 755 totum
3537 696 3642 755 ho-

232 784 322 839 χαὶ
342 788 459 857 νῦν,
490 783 580 839 καὶ
610 782 714 856 ἀεὶ,
744 781 836 837 καὶ
868 780 944 845 εἰς
973 780 1100 844 τοὺς
1139 782 1362 844 αἰῶνας.
1398 782 1601 855 Ἀμήν.

2028 783 2212 837 minem
2241 781 2509 853 ejusdem
2530 797 2733 839 secum
2746 782 3157 853 conjunctione
3178 786 3494 844 renovavit.
3519 787 3638 861 Ipsi

235 874 425 931 honor
452 878 510 931 et
537 872 800 930 adoratio
823 872 926 945 qui
956 874 1148 945 antea,
1180 876 1238 929 et
1267 888 1423 928 nunc
1453 877 1511 928 et
1538 888 1661 928 sem
1673 889 1775 945 per
1804 874 1892 929 est
1921 871 1979 927 in
2004 870 2239 929 saecula.
2272 874 2480 928 Amen.

301 1107 421 1181 (69)
451 1104 787 1175 Basiliens.,
821 1103 897 1167 ὡς
927 1103 1015 1173 ἧν.
1046 1104 1270 1162 Ibidem
1326 1108 1582 1178 Seguer.,
1616 1104 1720 1179 πρὸ
1771 1103 1862 1172 ἦν.
1895 1107 1911 1158 ]

2030 1108 2129 1175 Lus,
2161 1107 2357 1176 προῆν.
2404 1103 2467 1160 In
2519 1103 2633 1160 fine
2671 1103 2883 1177 Regius
2928 1107 2986 1162 et
3026 1104 3363 1177 Seguerian.
3414 1106 3640 1167 addunt

234 1198 436 1270 ’Δμήη
471 1198 628 1271 quod
654 1196 822 1254 abest
849 1196 923 1254 ab
952 1194 1086 1253 aliis
1116 1199 1172 1252 et
1199 1195 1393 1253 editis.

227 1415 3642 1447 W

1659 1616 2227 1710 MONITUM

675 1845 750 1906 ΙΝ
783 1844 1247 1921 SEQUENTES
1277 1843 1554 1908 SANGTI
1594 1800 2029 1904 ATHANASII.
2072 1842 2176 1903 AD
2210 1841 2719 1906 SEBAPIONEM
2748 1843 3201 1910 EPISTOLAS.

298 2240 668 2300 512-515.
704 2239 743 2294 Ι.
779 2239 911 2308 Quae
956 2240 1264 2310 sequuntur
1291 2236 1348 2291 S.
1381 2235 1677 2293 Athanasii
1732 2234 1805 2290 ad
1852 2234 2212 2306 Serapionem
2268 2232 2657 2289 Thmuitanum
2689 2235 3005 2307 episcopum
3060 2237 3329 2311 epistolae,
3380 2240 3654 2300 invitante

227 2341 284 2388 et
307 2330 601 2403 ﬂagitante
626 2330 748 2402 ipso
776 2330 1096 2401 Serapione,
1146 2344 1181 2383 a
1205 2334 1393 2383 sancto
1427 2327 1654 2382 Doctore
1682 2327 1743 2380 in
1772 2340 1955 2381 eremo
2005 2325 2327 2396 conscriptae
2371 2328 2520 2395 sunt,
2552 2331 2612 2381 ut
2639 2339 2709 2381 ex
2734 2326 2925 2397 prima
2950 2329 3101 2398 patet
3144 2329 3398 2403 epistola,
3432 2349 3588 2390 num.
3623 2333 3652 2391 1

230 2430 284 2479 et
317 2421 411 2490 33,
441 2428 496 2476 et
519 2418 740 2493 quidem
766 2422 886 2491 post
914 2416 1216 2474 Orationes
1247 2418 1450 2472 contra
1470 2415 1739 2481 Arianos,
1762 2421 1825 2470 ut
1843 2412 2116 2486 conjicere
2156 2416 2235 2469 est
2280 2429 2355 2468 ex
2398 2412 2485 2468 his
2511 2413 2713 2484 prima
2739 2415 2989 2486 epistola:
3015 2416 3213 2487 verbis,
3245 2435 3400 2477 num.
3430 2422 3466 2477 2
3490 2439 3504 2477 :
3536 2424 3653 2477 Τῶν

236 2509 335 2584 μὲν
369 2506 463 2563 οὖν
495 2506 791 2583 Ἀρειανῶν
824 2504 924 2561 οὐκ
952 2503 1245 2581 ἀλλότριον
1298 2504 1387 2559 καὶ
1432 2506 1595 2559 τοῦτο
1642 2500 1949 2576 ἐνθύμημα.
1996 2500 2175 2571 "Anni
2221 2501 2323 2577 γὰρ
2371 2498 2697 2576 ἀρνούμενοι
2742 2502 2834 2557 τὸν
2882 2507 2977 2560 τοῦ
3016 2509 3148 2560 Θεοῦ
3202 2505 3399 2584 Λόγον,
3431 2508 3655 2574 εἰκότως

234 2601 304 2654 τὰ
332 2597 469 2653 αὐτὰ
496 2596 586 2652 καὶ
617 2596 754 2651 κατᾶ
781 2600 877 2651 τοῦ
910 2594 1219 2668 Ηνεύματος
1251 2592 1415 2648 αὐτοῦ
1462 2589 1828 2668 δυσφημοῦσι.
1863 2592 1956 2646 Διὸ
1985 2589 2075 2646 καὶ
2106 2589 2168 2646 οὐ
2216 2590 2328 2667 χρὴ
2371 2587 2538 2645 πλέον
2582 2608 2637 2645 τι
2689 2590 2826 2666 πρὸς
2876 2592 3071 2657 αὐτοὺς
3121 2594 3307 2652 εἰπεῖν·
3356 2598 3507 2675 ἀρκεῖ
3553 2601 3655 2678 γὰρ

234 2688 303 2742 τὰ
333 2686 440 2762 πρὸ
467 2683 676 2741 τοὸτων
708 2682 969 2762 εἰρημένα
998 2684 1114 2739 κατ’
1144 2682 1342 2740 αὐτῶν.
1377 2684 1581 2756 Itaque
1609 2681 1844 2739 Arianm

2044 2681 2238 2737 uidem
2258 2696 2628 2753 nequaquam
2646 2681 2838 2739 aliena
2857 2688 2946 2741 est
2976 2684 3319 2758 hujusmodi
3338 2692 3654 2750 sententia.

236 2781 561 2850 Postquam
573 2776 730 2834 enim
749 2774 929 2832 semel
943 2776 1041 2831 Dei
1062 2774 1322 2830 Verbum
1342 2790 1553 2846 negare
1574 2773 1702 2829 ausi
1723 2775 1887 2840 sunt,
1902 2772 2110 2828 merito
2129 2770 2333 2827 eadem
2351 2787 2584 2842 quoque
2600 2772 2671 2829 de
2688 2772 2817 2845 ejus
2836 2773 3054 2846 Spiritu
3079 2776 3257 2849 impie
3270 2779 3657 2839 mentiuntur.

236 2867 520 2932 Quocirca
550 2881 655 2922 nec
685 2865 857 2938 plura
884 2865 1165 2921 adversus
1186 2862 1318 2919 illos
1342 2879 1580 2919 necesse
1596 2867 1688 2919 est
1707 2861 1933 2918 dicere:
1958 2877 2094 2917 nam
2117 2860 2266 2917 satis
2286 2877 2415 2918 esse
2444 2861 2659 2918 debent
2687 2879 2816 2935 quas
2848 2867 3020 2921 antea
3050 2872 3254 2923 contra
3298 2867 3458 2941 ipsos
3502 2870 3658 2928 dicta

236 2960 401 3012 sunt.
429 2956 493 3013 In
520 2955 611 3011 his
658 2956 842 3026 itaque
872 2954 1117 3027 epistolis
1167 2961 1356 3009 contra
1405 2951 1672 3024 quosdam
1723 2951 1965 3023 disputat
2012 2951 2071 3007 S.
2104 2949 2455 3019 Athanasius,
2489 2952 2587 3024 qui
2613 2952 2680 3007 ab
2731 2954 2962 3010 Arionis
3007 2955 3228 3027 quidem
3277 2957 3656 3029 discesserant,

231 3043 667 3119 fatebantuqu
694 3043 901 3099 Filium
930 3058 1054 3099 vere
1080 3042 1251 3099 Deum
1280 3057 1416 3111 esse,
1444 3041 1537 3097 sed
1566 3040 1737 3097 iidem
1764 3040 1831 3097 de
1858 3039 2069 3113 Spiritu
2095 3044 2283 3096 sancto
2309 3040 2479 3107 impie
2506 3041 2836 3112 sentiebant,
2869 3059 3025 3115 quem
3051 3046 3324 3103 nimirum
3352 3064 3470 3106 rem
3496 3065 3657 3105 crea-

235 3143 354 3191 tam
382 3149 497 3191 esse
524 3134 744 3204 vellent,
775 3136 828 3189 et
856 3149 1031 3188 unum
1052 3148 1121 3188 ex
1147 3131 1499 3187 administris
1528 3130 1840 3201 spiritibus,
1870 3128 2100 3202 soloque
2127 3129 2307 3200 gradu
2330 3130 2404 3185 ab
2429 3130 2639 3202 angelis
2670 3131 2910 3204 differre,
2935 3137 2996 3189 ut
3014 3150 3240 3192 numero
3264 3136 3289 3192 1
3310 3138 3517 3208 primae
3542 3140 3660 3210 epi-

234 3225 400 3281 stolae
431 3223 684 3280 habetur.
721 3221 869 3280 Unde
919 3222 1120 3294 optime
1147 3222 1231 3277 ait
1258 3220 1596 3281 Athanasius
1624 3219 1810 3290 ﬁctam
1834 3217 2066 3275 illorum
2098 3234 2215 3275 esse
2245 3234 2374 3276 cum
2404 3219 2628 3276 Arianis
2651 3236 2916 3294 pugnam,
2949 3226 3009 3278 at
3056 3240 3245 3281 revera
3272 3240 3356 3281 eos
3391 3227 3504 3299 piae
3531 3227 3665 3299 ﬁdei

236 3312 546 3371 adversari.
586 3314 885 3385 Utrumque
911 3313 1059 3368 enim
1087 3326 1335 3367 errorem
1376 3309 1798 3383 propugnabant
1825 3309 2049 3376 Ariani,
2108 3311 2163 3364 et
2190 3310 2399 3365 Filium
2426 3309 2683 3367 videlicet
2719 3319 2771 3367 et
2797 3311 3069 3384 Spiritum
3099 3329 3212 3369 rem
3242 3322 3489 3373 creatam
3525 3335 3661 3393 esse,

234 3407 329 3461 uti
372 3403 533 3461 modo
559 3403 816 3469 vidimus,
846 3403 1160 3474 passimque
1189 3400 1331 3457 alibi
1353 3399 1598 3456 declarat
1625 3400 1689 3458 S.
1722 3404 1946 3467 Doctor,
1975 3397 2128 3455 verbi
2154 3399 2360 3469 gratia.
2394 3398 2668 3456 Oratione
2697 3417 2762 3455 ιιι
2793 3406 2996 3458 contra
3046 3403 3316 3476 Arianos,
3364 3422 3495 3477 pag.
3528 3408 3658 3482 447,

234 3509 398 3550 num.
436 3493 528 3547 15.
562 3490 691 3548 Inde
710 3499 901 3547 autem
926 3490 1177 3562 effectum
1203 3493 1287 3545 est
1314 3493 1378 3545 ut
1397 3489 1489 3545 illi
1516 3493 1568 3545 et
1596 3488 1664 3544 ab
1693 3490 1919 3544 Ariani:
1946 3487 2068 3545 odio
2088 3487 2265 3544 habiti
2291 3489 2424 3560 sint,
2456 3488 2595 3559 quod
2628 3490 2838 3545 Filium
2860 3492 3067 3548 nollent
3092 3509 3213 3548 rem
3248 3501 3495 3551 creatam
3523 3513 3656 3571 esse,

236 3581 698 3657 quemadmodum
723 3597 879 3636 num.
909 3580 980 3635 32
998 3578 1241 3653 ejusdem
1266 3579 1467 3651 prima;
1490 3578 1743 3651 epistolae
1762 3582 2048 3648 narratur,
2089 3593 2193 3632 nec
2220 3577 2289 3632 ab
2319 3577 2638 3634 orthodoxi:
2674 3581 2886 3651 [uerint
2916 3580 3161 3650 admissi,
3205 3584 3355 3655 quod
3391 3584 3662 3657 Spiritum

234 3681 490 3729 sanctum
515 3677 781 3742 negarent
811 3671 977 3725 Deum
1006 3685 1130 3725 vere
1158 3684 1294 3725 esse.
1327 3668 1555 3740 Tropici
1579 3684 1745 3740 porro
1775 3666 1911 3723 dicti
1938 3667 2107 3723 iidem
2134 3674 2281 3736 sunt,
2313 3667 2397 3722 uti
2413 3682 2555 3739 saepe
2583 3683 2672 3723 eos
2700 3678 2854 3724 vocat
2883 3668 2940 3725 S.
2978 3672 3346 3741 Athanasius,
3374 3676 3434 3729 ut
3462 3691 3660 3732 nume-

238 3765 329 3819 ris
358 3763 427 3818 10
452 3764 504 3818 et
521 3761 592 3816 32
605 3762 811 3832 prim
828 3759 1101 3832 epistola,
1135 3760 1277 3832 quod
1301 3773 1496 3830 nempe
1523 3772 1699 3816 sacrae
1726 3757 2033 3831 Scriptura:
2062 3757 2200 3825 loca,
2230 3757 2425 3828 quibus
2454 3758 2514 3811 in
2533 3757 2865 3814 vindicanda
2893 3761 3073 3815 sancti
3101 3759 3342 3833 Spiritus
3368 3762 3661 3825 divinitate

239 3852 550 3908 utebantur
568 3849 881 3917 orthodoxi,
912 3850 1253 3921 metaphoris
1283 3856 1334 3904 et
1364 3850 1534 3921 tropis
1561 3848 1757 3905 vellent
1784 3863 1904 3903 esse
1932 3845 2364 3918 interpretanda.
2390 3845 2654 3902 Cmterum
2692 3848 2753 3902 hi
2782 3864 2891 3904 non
2918 3849 3084 3905 iidem
3134 3850 3395 3908 videntur
3421 3869 3535 3909 esse
3561 3854 3662 3926 qui

234 3940 644 3998 Hacedoniani.
676 3939 780 3996 Illo
808 3939 958 3995 enim
984 3941 1129 3994 recte
1155 3937 1222 3993 de
1250 3937 1398 3995 Filio
1444 3939 1653 3993 sentire
1679 3952 1916 3993 numero
1947 3937 1973 3991 1
2009 3939 2062 3992 et
2109 3935 2252 3991 alibi
2278 3934 2597 3992 indicatur:
2625 3938 2683 3990 at
2735 3937 3114 3994 Μασσάοηίαηί
3158 3940 3417 3997 nolebant
3454 3943 3659 4000 Filium

233 4033 402 4088 Patri
427 4046 538 4088 esse
564 4028 1105 4100 consubstantialem,
1136 4028 1233 4084 sed
1259 4026 1512 4084 similem
1538 4028 1831 4097 duntaxat,
1865 4027 2115 4097 utre/"ert
2146 4025 2475 4082 Thodoretus
2510 4026 2919 4083 Haereticarum
2950 4028 3283 4087 fabularum
3312 4030 3407 4088 lib.
3438 4048 3517 4103 1v,
3546 4050 3661 4089 nu-

232 4136 397 4178 mero
421 4121 477 4190 5,
506 4124 561 4177 et
590 4118 856 4176 Historias
887 4116 1263 4175 ecclesiaticee
1294 4118 1392 4173 lib.
1427 4132 1491 4188 ιι,
1517 4133 1565 4175 c.
1597 4118 1651 4173 6.

309 4210 381 4267 II.
414 4208 748 4265 Perturbato
777 4206 1069 4264 admodum
1096 4210 1149 4263 et
1174 4213 1513 4278 praepostero
1551 4206 1750 4263 ordine
1796 4206 2014 4262 exstant
2056 4204 2178 4262 illm
2205 4205 2451 4278 epistolae
2480 4206 2541 4261 in
2570 4205 2731 4262 editis
2772 4210 2938 4263 antea
2968 4208 3227 4280 operibus
3256 4208 3313 4267 S.
3347 4210 3658 4270 Athanasii.

229 4300 379 4358 Nam
410 4313 536 4371 quae
561 4299 748 4371 prima
773 4313 885 4354 esse
913 4296 1092 4364 debet,
1126 4295 1364 4352 secunda
1394 4304 1472 4352 est
1492 4314 1515 4361 ;
1543 4310 1668 4368 quae
1694 4298 1888 4352 contra
1916 4294 2153 4351 secunda
2190 4293 2341 4352 debet
2363 4311 2497 4362 esse,
2522 4298 2769 4368 primum
2798 4302 3029 4368 occupat
3060 4300 3109 4354 lo
3125 4314 3278 4354 cum.
3309 4301 3428 4357 Imo
3444 4317 3662 4374 parsse-

228 4391 432 4446 cuncta:
458 4387 706 4461 epistolae
731 4388 1008 4460 posterior
1035 4387 1095 4442 in
1124 4385 1362 4442 secundo
1391 4394 1575 4441 exstat
1606 4390 1773 4454 tomo,
1805 4402 1931 4442 cum
1980 4401 2109 4455 pars
2135 4383 2378 4456 ejusdem
2412 4386 2578 4456 prior
2605 4387 2679 4440 sit
2725 4387 2784 4441 in
2810 4387 2995 4458 primo
3022 4396 3181 4444 tomo.
3229 4388 3504 4447 Similiter
3527 4409 3665 4465 pars

227 4480 460 4536 ultima:
487 4477 735 4551 epistolae
750 4478 1025 4549 posterior
1048 4477 1106 4531 in
1133 4477 1319 4546 primo
1347 4476 1614 4531 collocata
1641 4483 1721 4530 est
1749 4479 1916 4542 tomo,
1946 4490 2077 4546 pars
2107 4476 2292 4528 autem
2317 4474 2479 4544 prior
2528 4475 2589 4529 in
2619 4475 2872 4531 secundo.
2904 4476 3012 4532 Sed
3057 4468 3306 4534 codicum
3351 4485 3666 4539 manuscri-

224 4573 463 4641 ptorum
492 4584 591 4640 ope
616 4567 870 4637 singulas
899 4568 959 4623 in
984 4568 1275 4638 pr0prium
1303 4567 1648 4621 restituimus
1688 4564 1960 4631 ordinem,
1988 4567 2158 4636 prout
2185 4564 2452 4635 sequitur.
2493 4563 2690 4620 Prima
2748 4582 2944 4637 nempe
2984 4583 3050 4622 ea
3078 4577 3157 4624 est
3186 4584 3313 4641 quae
3341 4571 3562 4644 incipit,
3591 4571 3666 4628 Τὰ

233 4657 543 4733 γράμματα
570 4661 672 4725 τῆς
704 4653 823 4723 σῆς,
855 4662 981 4724 etc.,
1014 4670 1181 4727 quam
1210 4671 1334 4710 cum
1365 4655 1629 4710 nonnulli
1651 4656 1903 4727 fratrum
1930 4657 2190 4725 cuperent
2208 4653 2270 4707 in
2285 4653 2554 4724 epitomen
2574 4652 2770 4725 redigi,
2791 4656 2948 4727 petiit
2966 4656 3031 4711 ab
3052 4656 3351 4717 Athanasio
3370 4660 3662 4733 Serapion.

233 4752 300 4803 ut
328 4747 387 4802 id
407 4747 627 4817 efﬁcere
652 4761 761 4802 non
792 4753 1139 4816 gravaretur.
1174 4745 1403 4817 Haecque
1416 4760 1585 4799 causa
1602 4744 1714 4816 [uit
1731 4746 1916 4799 sancto
1937 4743 2153 4798 Doctori
2169 4740 2466 4797 secundam
2487 4742 2558 4798 ad
2580 4745 2845 4799 eumdem
2855 4745 3154 4801 scribendi
3174 4748 3484 4818 epistolam,
3510 4749 3668 4820 cujus

232 4837 498 4904 initium,
530 4832 675 4909 Ἐγώ
710 4833 805 4906 μὶν
834 4832 1105 4905 ἐνόμιζον.
1139 4839 1245 4890 etc.
1278 4834 1451 4905 Hujus
1479 4833 1538 4888 in
1568 4834 1752 4902 priori
1774 4837 1938 4905 parte
1958 4832 2200 4888 breviter
2228 4838 2418 4887 contra
2468 4831 2701 4888 Arianos
2734 4833 2889 4888 Verbi
2931 4834 3277 4891 divinitatem
3332 4839 3516 4892 tuetur
3536 4855 3555 4891 :
3608 4840 3669 4893 in

233 4926 425 4981 altera
461 4934 648 4982 autem
663 4934 847 4996 parte,
875 4940 1040 4998 quam
1062 4924 1147 4979 his
1168 4923 1346 4979 verbis
1364 4922 1676 4989 exorditur,
1699 4926 1861 4984 Ἴσως
1881 4920 2193 4994 θαυμάσεις.
2222 4924 2347 4988 etc.,
2366 4922 2611 4992 primam
2629 4923 2908 4978 contrahit
2937 4924 3242 4994 epistolam.
3271 4923 3501 4981 Videtur
3520 4928 3671 4983 enim

234 5018 469 5072 omnino
497 5031 610 5070 non
665 5014 909 5070 diversas
939 5029 1054 5069 esse
1103 5013 1383 5083 epistolas,
1433 5012 1527 5068 sed
1556 5012 1692 5068 duas
1720 5012 2002 5068 duntaxat
2030 5010 2271 5083 ejusdem
2298 5011 2545 5082 epistolae
2572 5013 2776 5083 partes,
2836 5029 2971 5084 quas
2998 5012 3340 5083 postmodum
3386 5014 3671 5073 distinctas

233 5106 421 5162 veluti
465 5104 725 5177 epistolas
754 5103 990 5161 divisere
1019 5116 1398 5159 amanuenses.
1449 5104 1557 5158 Nec
1592 5103 1743 5158 enim
1771 5103 2128 5174 posteriorem
2182 5104 2404 5171 partem
2435 5100 2594 5171 quasi
2623 5102 2794 5155 aliam
2823 5102 3111 5171 epistolam
3144 5102 3467 5159 exorditur:
3497 5105 3589 5161 sed
3616 5122 3674 5163 se

236 5197 470 5251 excusat
499 5194 663 5266 quod,
691 5201 916 5265 rogatus
945 5194 1009 5249 ut
1032 5194 1281 5265 primam
1309 5191 1376 5248 de
1403 5192 1622 5263 Spiritu
1653 5195 1837 5247 sancto
1866 5191 2159 5260 epistolam
2185 5190 2555 5259 contraheret,
2587 5191 2747 5260 prius
2769 5189 2833 5244 de
2861 5190 2998 5244 Filii
3016 5190 3306 5247 divinitate
3329 5192 3671 5252 disseruerit.

235 5287 530 5343 Praeterea
577 5283 835 5341 secundm
881 5283 1139 5355 epistolae
1189 5282 1353 5338 initio
1377 5297 1436 5338 se
1472 5283 1534 5337 in
1557 5298 1623 5337 ea
1648 5282 1983 5353 praestitisse
2013 5279 2203 5335 scribit
2232 5277 2376 5350 quod
2397 5279 2707 5349 postularat
2737 5279 3022 5350 Serapion,
3075 5283 3136 5335 ut
3162 5282 3374 5338 scilicet
3409 5285 3670 5354 primam,

236 5390 376 5447 qua?
401 5373 586 5447 paulo
612 5376 794 5446 fusior
820 5372 1128 5444 videbatur,
1175 5372 1352 5428 verbis
1378 5370 1737 5442 paucioribus
1767 5370 1926 5427 vellet
1976 5367 2465 5441 comprehendere:
2501 5367 2641 5438 quod
2669 5383 2796 5423 cum
2826 5370 3059 5425 nonnisi
3086 5372 3147 5425 in
3177 5371 3296 5443 hac,
3328 5388 3494 5445 quam
3523 5373 3676 5430 dici-

237 5480 391 5534 mus,
421 5465 662 5522 secunda
689 5467 850 5537 parte
873 5463 1222 5536 prxstiterit,
1254 5462 1468 5518 clarum
1497 5469 1576 5518 est
1604 5462 1788 5534 ipsam
1820 5476 1929 5517 non
1963 5475 2165 5515 novam
2192 5473 2304 5515 esse
2339 5457 2645 5529 epistolam,
2676 5458 2771 5512 sed
2786 5467 2998 5529 partem
3033 5463 3258 5516 tantum
3278 5461 3525 5518 secundae
3554 5464 3677 5534 epi-

234 5553 410 5611 stolae
434 5556 821 5626 posteriorem.
853 5554 992 5609 Hinc
1019 5554 1191 5608 etiam
1218 5552 1281 5607 in
1303 5551 1587 5623 plerisque
1615 5556 1666 5607 et
1694 5548 2179 5623 prxstantioribus
2206 5546 2610 5617 manuscriptis
2635 5544 2931 5614 codicibus,
2963 5548 3210 5604 secundis
3245 5550 3483 5620 epistolae
3514 5552 3678 5609 initio

242 5660 372 5700 eam
400 5647 611 5717 prima:
638 5660 753 5702 esse
778 5646 1049 5718 epitomen
1079 5644 1404 5713 adnotatur,
1436 5641 1577 5715 quod
1632 5657 1772 5700 sane
1794 5642 1912 5698 veri
1966 5646 2100 5696 esset
2129 5639 2400 5704 alienum,
2433 5638 2483 5692 si
2507 5652 2641 5708 pars
2696 5637 2814 5709 ejus
2843 5638 3020 5694 altera
3063 5639 3334 5698 distincta
3388 5650 3528 5699 esset
3554 5645 3680 5717 epi-

244 5735 415 5792 stola.

338 5824 438 5882 III.
464 5829 578 5884 Nec
606 5841 733 5883 vero
754 5826 862 5884 soli
890 5823 1144 5884 secunda
1168 5822 1369 5882 accidit
1415 5823 1657 5896 epistola:
1677 5826 1741 5879 ut
1770 5823 1827 5878 in
1857 5820 1995 5878 duas
2017 5819 2459 5893 disjungeretur,
2482 5816 2573 5875 sed
2593 5816 2736 5876 idem
2756 5833 2970 5892 quoque
2996 5820 3052 5876 in
3075 5818 3279 5879 ultima
3292 5824 3540 5895 contigit,
3561 5840 3680 5896 quae
