4076 6350
422 403 542 467 527
973 406 1039 463 S.
1087 402 1514 464 ATHANASII
1561 401 1736 464 OPP.
1785 401 1984 460 PARS
2029 400 2079 461 Ι.
2112 431 2188 446 -—
2220 399 2641 463 HISTORICA
2688 403 2790 465 ET
2834 403 3316 466 DOGMATICA.
3733 409 3850 468 528

415 563 676 622 videlicet
726 564 788 619 in
819 561 1094 620 codicibus
1126 560 1448 618 Globeriano
1477 565 1530 618 et
1558 559 1918 617 Fclckmanni
1937 561 2121 634 primo
2150 560 2211 616 in
2237 559 2379 617 duas
2401 561 2622 633 pariter
2647 562 2927 620 distracta
2973 566 3054 622 est
3081 565 3364 638 epistolas.
3408 567 3604 624 Verum
3625 568 3850 628 etiamsi

417 654 780 728 exploratum
807 653 968 710 nobis
995 649 1251 708 videatur
1277 652 1358 706 ita
1384 665 1442 706 se
1470 665 1586 707 rem
1616 649 1845 716 habere,
1901 653 2088 706 tamen
2118 665 2244 706 cum
2273 651 2331 705 in
2365 651 2644 721 omnibus,
2675 668 2805 724 quos
2833 653 3094 721 vidimus,
3135 657 3528 729 manuscriplis
3571 657 3850 719 codicibus

418 743 662 802 secunda
691 743 924 814 epistola
956 743 1017 797 in
1043 740 1182 796 duas
1211 740 1386 796 veluti
1412 741 1669 812 epistolas
1695 739 1963 796 distincta
1989 739 2086 808 sit,
2122 754 2231 795 non
2257 741 2386 796 ausi
2412 757 2604 796 sumus
2632 743 2798 798 simul
2827 743 3182 816 conjungere,
3199 745 3292 802 sed
3312 761 3432 801 eam
3453 751 3611 818 prout
3627 747 3688 802 in
3715 748 3850 820 ipsis

419 831 817 905 manuscriptis
846 830 1098 898 habetur,
1128 829 1437 885 divisimus.

492 923 584 979 IV.
615 903 1020 981 Felckmannus
1045 919 1350 976 secundam
1380 917 1690 990 epistolam,
1715 918 1827 972 sive
1852 918 2103 990 primam
2132 919 2250 991 ejus
2277 923 2524 990 partem,
2557 936 2684 992 qua,
2722 923 2796 978 de
2824 922 2972 980 Filio
2999 903 3220 979 disserit
3249 923 3384 994 (70),
3416 927 3682 998 synopsin
3735 942 3849 983 esse

416 1011 762 1072 Orationum
795 1017 1000 1068 contra
1032 1009 1280 1064 Arianos
1309 1011 1391 1064 est
1422 1007 1748 1063 arbitratus.
1781 1005 1848 1061 At
1904 1007 2034 1062 huic
2064 1007 2317 1080 opinioni
2346 1011 2707 1078 refragantur
2732 1027 2861 1067 cum
2915 1013 3282 1082 manuscripti
3329 1013 3557 1082 codices,
3587 1017 3686 1087 qui
3726 1031 3850 1070 eam

415 1104 692 1178 epilomen
721 1117 834 1158 esse
860 1101 1061 1173 prima
1090 1099 1166 1155 ad
1197 1097 1552 1170 Serapionem
1581 1095 1826 1169 epistolae
1855 1097 2166 1163 observant,
2198 1103 2318 1151 tum
2339 1114 2465 1154 vero
2496 1100 2675 1170 ipsum
2706 1101 2950 1171 ejusdem
2996 1101 3319 1169 exordium,
3349 1103 3447 1158 ubi
3498 1105 3700 1175 prima?
3727 1108 3850 1160 tan-

415 1202 536 1250 tum
565 1191 823 1248 meminit
853 1189 909 1245 S.
945 1188 1299 1256 Athanasius,
1332 1203 1496 1258 quam
1524 1201 1581 1241 se
1609 1187 1692 1240 ait
1723 1187 1784 1240 in
1840 1185 2078 1268 secunda
2107 1188 2236 1251 ista,
2268 1191 2466 1258 rogatu
2519 1188 2862 1261 Serapionis,
2893 1190 3184 1264 nullisque
3212 1191 3526 1262 optantibus
3553 1192 3848 1264 fratribus,

411 1282 779 1340 contraxisse.
811 1283 932 1337 Non
958 1277 1265 1349 difﬁtemur
1294 1279 1476 1331 tamen
1503 1275 1790 1346 pracipua
1819 1290 1940 1346 quae
1953 1275 2012 1328 in
2033 1273 2411 1331 Orationibus
2433 1280 2634 1332 contra
2659 1278 2906 1334 Arianos
2925 1280 3108 1349 fusius
3129 1287 3482 1352 exponuntur
3499 1286 3850 1358 argumenta,

419 1373 662 1428 strictim
689 1371 779 1424 hic
804 1382 1100 1442 presseque
1129 1366 1390 1421 tractari:
1424 1371 1487 1420 at
1515 1363 1892 1419 contendimus
1922 1362 2064 1417 illud
2092 1378 2244 1434 opus,
2277 1363 2416 1434 quod
2461 1365 2714 1421 secunda:
2741 1368 2992 1440 epistola
3047 1370 3351 1442 principio,
3383 1370 3472 1426 ait
3501 1385 3561 1426 se
3587 1371 3646 1425 in
3676 1377 3849 1444 epito-

412 1476 540 1518 men
568 1459 858 1530 redegisse,
889 1456 1050 1512 aliud
1077 1453 1306 1510 nullum
1333 1467 1445 1508 esse
1473 1467 1642 1523 quam
1669 1451 1963 1522 epistolam
1987 1453 2235 1524 primam
2262 1451 2332 1506 ad
2363 1451 2738 1526 Serapionem.

487 1549 555 1604 V.
593 1546 794 1606 Ultima
821 1545 1058 1617 denique
1087 1541 1327 1613 epistola
1355 1543 1438 1598 ita
1467 1540 1700 1612 orditur,
1735 1533 2024 1614 Ἐνέτυχον
2054 1538 2145 1592 καὶ
2173 1541 2265 1612 τῇ,
2291 1549 2389 1598 ect.
2423 1543 2593 1615 Hujus
2622 1546 2804 1600 autem
2829 1561 2962 1617 pars
2985 1553 3281 1619 postrema,
3313 1546 3430 1603 sive
3443 1547 3619 1604 veluti
3635 1563 3844 1620 appen-

416 1637 517 1695 dix
543 1641 624 1694 est
653 1637 921 1692 tractatus
951 1635 1008 1689 in
1040 1632 1281 1688 Matthmi
1309 1632 1495 1698 verba,
1521 1629 1869 1702 Quicunque
1899 1628 2190 1700 dixerit“,
2221 1633 2350 1702 etc.,
2379 1632 2477 1703 qui
2502 1633 2646 1688 male
2675 1634 2733 1688 in
2764 1636 3023 1690 hactenus
3051 1635 3214 1690 editis
3243 1635 3312 1690 ab
3345 1635 3446 1691 illa
3472 1639 3552 1692 est
3574 1635 3842 1692 divulsus.

414 1725 701 1800 Siquidem
727 1740 844 1779 non
873 1719 1056 1779 solum
1075 1723 1136 1776 in
1156 1719 1412 1778 omnibus
1437 1717 1829 1791 manuscriptis
1849 1717 2124 1774 codicibus
2143 1717 2287 1774 hanc
2301 1721 2496 1776 statim
2513 1723 2864 1792 subsequitur
2891 1723 3201 1793 epistolam,
3225 1723 3318 1780 sed
3339 1725 3512 1780 etiam
3533 1723 3592 1780 in
3617 1725 3844 1796 optimm

412 1818 561 1874 notae
588 1815 752 1884 Regio
779 1817 832 1869 et
845 1811 1179 1883 Segueriano
1191 1811 1334 1866 recte
1352 1823 1479 1865 cum
1493 1810 1610 1881 ipsa
1619 1807 1826 1880 absque
1836 1806 1950 1863 ullo
1961 1807 2122 1863 titulo
2141 1810 2526 1880 conjungitur,
2551 1815 2878 1883 tantumque
2913 1813 2974 1868 in
3001 1814 3255 1884 margine
3271 1814 3444 1869 verba
3463 1814 3584 1885 ipsa
3605 1812 3848 1870 lattha'i

349 1902 370 1918 '
414 1905 746 1978 afferuntur,
775 1902 862 1958 uti
885 1900 946 1972 ﬁt
972 1907 1024 1956 et
1050 1898 1180 1955 aliis
1210 1900 1271 1954 in
1302 1898 1458 1954 locis.
1487 1899 1553 1954 In
1583 1897 1908 1954 Gobleriano
1936 1900 2124 1953 autem
2151 1901 2203 1952 et
2231 1898 2596 1956 Felckmanni
2620 1901 2802 1970 primo
2844 1901 2960 1957 huc
3019 1916 3178 1959 novae
3205 1903 3365 1974 quasi
3403 1900 3660 1973 epistola:
3686 1917 3846 1976 prae-

408 1997 642 2070 ponitur
671 1991 976 2063 inscriptio,
1007 1987 1150 2063 Πρὸς
1179 1984 1274 2042 τόν
1305 1983 1463 2041 αὐτὸν
1500 1984 1838 2061 Σεραπίωνα.
1870 1985 2018 2058 Nam}

2235 2025 2239 2038 .
2267 1987 2328 2042 in
2368 1989 2558 2060 prima
2593 1989 2844 2061 epistola,
2876 1989 3032 2047 510
3061 2007 3218 2046 num.
3249 1991 3306 2062 3,
3335 1994 3389 2047 et
3418 1991 3481 2046 in
3508 1991 3619 2062 ﬁne
3660 1992 3845 2064 partis

412 2083 736 2155 posterioris
763 2079 1011 2136 secunde:
1041 2078 1161 2136 haec
1189 2077 1477 2147 Evangelii
1532 2076 1698 2133 verba
1725 2080 1914 2133 contra
1969 2075 2314 2132 adversarios
2342 2077 2656 2134 adduxisset
2713 2080 2773 2132 8.
2806 2079 3154 2142 Athanasius.
3212 2081 3395 2152 ipsum
3433 2082 3647 2152 rogavit
3673 2079 3838 2135 Sera-

412 2176 568 2250 pion,
599 2172 860 2244 ut'Jocum
892 2170 1054 2226 illum
1077 2170 1561 2240 interpretaretur,
1585 2167 2007 2240 explicaretque
2035 2181 2137 2222 cur
2155 2168 2253 2238 qui
2273 2167 2330 2222 in
2347 2166 2623 2236 Spiritum
2642 2171 2894 2223 sanctum
2916 2171 3255 2241 peccaverit,
3281 2170 3505 2241 gravius
3522 2171 3845 2243 puniendus

413 2263 486 2320 sit
513 2277 682 2334 quam
709 2261 808 2332 qui
835 2260 898 2315 in
921 2259 1165 2320 Filium.-
1192 2257 1286 2313 cui
1308 2255 1694 2330 postulationi,
1729 2255 1970 2312 multum
2029 2255 2174 2326 licet,
2225 2257 2286 2311 ut
2313 2256 2526 2324 scribit,
2561 2255 2862 2327 reluctans,
2913 2258 2976 2314 in
3006 2258 3120 2329 fine
3147 2257 3368 2315 ultima
3397 2257 3565 2331 hujus
3597 2259 3846 2331 epistola

421 2351 710 2422 satisfecit.

493 2439 584 2496 Vl.
615 2440 736 2498 Non
766 2438 1010 2494 multum
1039 2435 1464 2494 immorabimur
1493 2435 1553 2490 in
1584 2431 1884 2507 refellendo
1906 2434 2200 2506 praecipiti
2214 2437 2265 2490 et
2286 2433 2480 2506 iniquo
2501 2434 2790 2492 admodum
2817 2435 3042 2492 Erasmi
3067 2435 3132 2492 de
3157 2437 3349 2509 prima
3378 2436 3452 2494 ad
3481 2435 3841 2510 Serapionem

422 2529 652 2604 epistola
694 2527 917 2599 judicio.
950 2525 1137 2595 Salvo,
1171 2525 1348 2597 inquit
1378 2524 1496 2592 ille,
1528 2526 1587 2580 et
1607 2522 1832 2595 integro
1864 2521 2167 2578 doctorum
2193 2521 2436 2594 judicio,
2469 2539 2576 2596 ego
2607 2539 2814 2580 censeo
2845 2522 2953 2580 hoc
2985 2540 3136 2597 opus
3187 2539 3316 2581 esse
3362 2524 3621 2581 hominis
3671 2525 3844 2582 otiosi

424 2618 707 2691 nulloque
737 2615 972 2690 ingenio
998 2614 1250 2688 praediti,
1275 2613 1377 2686 qui
1409 2611 1655 2670 voluerit
1677 2609 1894 2667 imitari
1925 2609 2038 2667 divi
2071 2611 2375 2668 Athanasii
2411 2610 2640 2668 libellos
2671 2612 2740 2668 ad
2761 2613 3162 2686 Serapionem.
3212 2613 3317 2670 Hic
3343 2614 3494 2670 mira
3540 2615 3845 2688 congeries

422 2709 688 2765 locorum
718 2710 776 2763 et
806 2705 1102 2762 rationum
1133 2702 1423 2771 confusio,
1455 2700 1992 2772 molestissimaque
2021 2699 2205 2756 semel
2236 2700 2529 2757 dictorum
2558 2700 2813 2758 iteratio.
2849 2703 3036 2758 Eidem
3065 2704 3354 2759 sententiae
3385 2707 3584 2760 temere
3611 2705 3848 2759 subscri-

427 2795 560 2854 bunt
587 2796 860 2853 Scultetus
891 2794 956 2865 ζει
982 2792 1220 2864 Rivetus,
1242 2789 1424 2847 nullis
1451 2791 1583 2846 aliis
1611 2789 1861 2846 adductis
1887 2791 2250 2860 argumentis,
2281 2791 2394 2845 nisi
2449 2790 2592 2864 quod
2645 2790 2812 2846 addat
2841 2792 3061 2848 Rivetus
3090 2793 3260 2848 citari
3287 2807 3353 2848 ea
3380 2792 3607 2864 epistola
3664 2793 3842 2848 locum

422 2885 684 2953 Michzee,
717 2885 814 2956 qui
840 2899 1114 2955 nusquam
1143 2881 1443 2954 reperitur,
1475 2880 1766 2950 nimirum,
1798 2883 2013 2934 Domus
2042 2879 2222 2935 Jacob
2285 2879 2653 2936 exacerbavit
2709 2880 2991 2953 Spiritum
3041 2879 3270 2936 Domini
3327 2883 3522 2938 Verum
3560 2881 3718 2938 valde
3753 2882 3848 2938 ille

423 2973 840 3030 hallucinalur:
882 2985 1024 3028 nam
1053 2969 1102 3026 is
1131 2976 1208 3026 est
1235 2983 1421 3025 versus
1447 2968 1720 3041 septimus
1748 2967 1950 3039 capitis
1977 2965 2205 3022 secundi
2231 2966 2470 3024 Michzete
2489 2969 2661 3039 juxta
2696 2966 2916 3024 Grecam
2944 2970 3272 3025 versionem.

494 3065 619 3119 VII.
652 3063 830 3131 Quam
857 3077 1000 3116 vana
1028 3067 1082 3115 et
1109 3059 1406 3115 temeraria
1435 3058 1507 3114 sit
1539 3055 1856 3128 hujusmodi
1887 3056 2114 3112 illorum
2168 3057 2410 3129 opinatio
2441 3071 2511 3113 es:
2563 3057 2818 3113 omnibus
2849 3058 3075 3114 omnino
3127 3058 3521 3130 manuscriptis
3573 3057 3851 3114 codicibus

417 3151 781 3216 convincitur,
815 3149 874 3204 in
904 3147 1106 3220 quibus
1141 3145 1414 3213 videlicet,
1445 3159 1643 3215 magno
1671 3159 1956 3214 consensu,
2013 3143 2072 3200 S.
2117 3144 2414 3201 Athanasio
2441 3146 2792 3201 attribuitur.
2828 3151 3076 3204 Prsetera
3106 3149 3205 3218 qui
3232 3148 3290 3202 in
3312 3147 3540 3203 lectione
3569 3145 3626 3201 S.
3675 3147 3847 3202 Atha-

419 3240 569 3296 nasii
594 3239 679 3294 vel
704 3237 940 3310 paulum
984 3239 1232 3292 versatus
1259 3236 1459 3307 fuerit,
1481 3250 1546 3290 ea
1574 3235 1634 3290 in
1662 3234 1887 3306 epistola
1919 3233 2259 3305 methodum,
2292 3233 2576 3305 dictiones,
2608 3235 2888 3307 verbaque
2917 3236 3039 3305 ipsa
3094 3235 3148 3290 S.
3180 3236 3428 3291 Doctoris
3477 3235 3647 3308 facile
3675 3251 3846 3306 agno-

420 3332 549 3384 scet.
605 3327 715 3384 Nec
743 3325 894 3382 enim
923 3323 1092 3380 aliter
1119 3323 1209 3379 hic
1236 3323 1452 3380 disserit
1481 3339 1650 3396 quam
1671 3323 1800 3378 aliis
1829 3323 1890 3378 in
1915 3325 2198 3394 operibus,
2247 3324 2406 3379 verbi
2431 3325 2638 3395 gratia,
2687 3325 2748 3380 in
2797 3323 3174 3380 Orationibus
3231 3328 3434 3380 contra
3487 3323 3755 3392 Arianos,
3786 3325 3845 3379 in

427 3417 626 3490 quibus
655 3414 965 3487 Scriptura?
1019 3413 1337 3470 testimonia
1366 3410 1608 3484 undique
1635 3411 1967 3480 accumulat,
2001 3416 2063 3467 ut
2091 3412 2230 3468 Filii
2257 3412 2602 3469 divinitatem
2631 3417 2867 3470 tueatur.
2896 3415 3036 3470 Cum
3061 3415 3215 3470 enim
3242 3422 3294 3470 et
3347 3415 3546 3470 Ariani
3565 3422 3618 3470 et
3634 3413 3852 3486 Tropici

423 3506 642 3563 easdem
686 3503 1046 3562 admitterent
1076 3503 1396 3570 Scripturas
1425 3517 1490 3556 ac
1519 3499 1826 3570 orthodoxi,
1861 3499 2157 3568 undenam,
2187 3517 2397 3576 quwso,
2427 3502 2704 3558 validiora
2735 3511 2914 3576 posset
2936 3505 3191 3576 proferre
3219 3505 3554 3578 argumenta
3581 3519 3744 3575 quam
3774 3518 3850 3559 ea:

424 3594 634 3652 divinis
679 3593 764 3650 his
794 3592 994 3648 libris!
1027 3590 1134 3647 Nec
1162 3593 1330 3648 etiam
1359 3591 1609 3646 crebrius
1639 3589 1729 3646 hic
1779 3589 1974 3646 eadem
2005 3591 2206 3663 repetit
2233 3607 2398 3663 quam
2428 3591 2590 3661 alibi,
2622 3591 2764 3666 quod
2793 3591 3010 3664 quidem
3048 3592 3333 3649 molestum
3368 3592 3582 3648 nemini
3607 3605 3721 3647 esse
3746 3590 3844 3646 de-

427 3685 556 3741 bere
579 3685 693 3758 ipse
719 3682 863 3740 solet
890 3695 1250 3755 praemonere.
1281 3681 1525 3753 Denique
1553 3695 1678 3736 cum
1709 3679 1889 3736 iidem
1918 3679 2008 3735 illi
2036 3680 2289 3736 secundae
2317 3682 2556 3753 epistola:
2583 3690 2799 3753 partem
2824 3681 3206 3755 posteriorem,
3237 3695 3365 3754 qua
3391 3681 3592 3754 prima?
3618 3684 3697 3738 est
3725 3681 3844 3752 epi-

423 3782 588 3842 tome,
610 3771 900 3829 Athanasii
925 3786 1039 3827 esse
1067 3771 1433 3835 consentiant,
1461 3784 1768 3841 permzrum
1798 3784 1932 3825 sane
1958 3777 2038 3824 est
2066 3770 2210 3841 quod
2253 3773 2396 3826 hanc
2425 3769 2664 3826 audeant
2690 3771 3005 3842 repudiare.
3038 3770 3151 3826 Sed
3179 3770 3245 3829 de
3265 3771 3353 3827 his
3381 3772 3524 3832 satis
3551 3783 3847 3842 superque.

418 3867 506 3920 Ita
532 3865 682 3920 enim
709 3861 1060 3935 perspicuum
1087 3862 1167 3916 est
1193 3875 1320 3916 vere
1347 3859 1642 3915 Athanasii
1667 3873 1783 3915 esse
1797 3860 2040 3932 primam
2069 3860 2210 3915 hanc
2237 3860 2550 3934 epistolam,
2581 3871 2638 3916 ut
2659 3861 2879 3916 nemini
2895 3877 3012 3916 rem
3039 3862 3182 3916 serio
3205 3861 3562 3917 examinanti
3578 3859 3697 3916 ulla
3715 3874 3848 3932 pos-

422 3953 496 4009 sit
522 3951 736 4008 oboriri
761 3951 1003 4023 suspicio
1034 3949 1092 4004 id
1123 3951 1182 4005 in
1229 3947 1457 4005 dubium
1486 3949 1802 4004 revocandi.

492 4040 640 4097 VIII.
674 4039 994 4096 Cardinalis
1023 4039 1323 4095 Perronius
1349 4037 1447 4094 lib.
1481 4055 1520 4093 ιι
1551 4038 1631 4094 De
1663 4035 2050 4104 Eucharistia,
2101 4037 2311 4110 aliique
2340 4038 2604 4094 nonnulli
2629 4047 2960 4110 postremam
3011 4053 3226 4112 quoque
3251 4043 3473 4110 partem
3505 4038 3616 4094 sive
3645 4051 3852 4110 appen-

424 4131 601 4189 dicem
643 4129 893 4203 epistolae
919 4127 1156 4199 ultimm,
1177 4144 1376 4200 nempe
1405 4128 1713 4184 Tractatum
1745 4128 1802 4182 in
1835 4126 1998 4182 verba
2029 4127 2299 4196 Matthxi,
2332 4127 2677 4200 Quicunque
2723 4127 2955 4197 dixerit,
3010 4131 3136 4196 etc.,
3167 4131 3438 4200 negarant
3491 4142 3681 4184 verum
3735 4141 3853 4182 esse

423 4219 480 4278 S.
513 4219 812 4276 Athanasii
839 4234 996 4291 opus.
1027 4218 1092 4272 At
1118 4233 1447 4288 germanum
1474 4218 1594 4288 eius
1619 4217 1795 4288 fetum
1841 4231 1974 4283 esse,
2005 4231 2071 4272 ea
2108 4231 2233 4289 qua
2257 4217 2426 4290 paulo
2457 4221 2604 4285 ante,
2635 4233 2790 4272 num.
2853 4216 2927 4272 lli
2957 4221 3008 4272 et
3037 4220 3106 4284 V,
3137 4216 3285 4272 dicta
3315 4220 3464 4288 sunt,
3508 4216 3856 4288 apertissime

423 4308 729 4366 ostendunt.
754 4306 900 4363 Adde
932 4308 995 4362 in
1027 4305 1276 4362 Concilio
1305 4306 1639 4363 Lateraunsi
1665 4305 1765 4362 sub
1793 4305 2042 4363 Martius
2066 4305 2110 4378 l,
2138 4323 2270 4378 pag.
2305 4306 2428 4378 305,
2453 4310 2563 4363 tres
2594 4307 2735 4364 locos
2765 4322 2836 4364 ex
2863 4307 2963 4364 hoc
2991 4311 3255 4381 tractatu,
3306 4313 3566 4380 tanquam
3597 4320 3668 4362 ea:
3723 4320 3853 4362 vero

427 4397 485 4454 S.
519 4396 814 4452 Athanasii
835 4409 1013 4468 opere,
1049 4394 1269 4452 adduci.

495 4575 542 4610 “
567 4573 775 4633 Matth.
808 4590 976 4648 xvm,
1005 4574 1100 4630 32.

495 4734 610 4809 (70)
640 4734 786 4792 Vide
814 4735 956 4792 item
987 4750 1121 4809 pag.
1151 4735 1280 4805 267,
1314 4753 1374 4792 ιι.
1405 4736 1439 4792 3
