4076 6338
406 423 519 485 531

945 422 1007 482 S.
1055 423 1478 484 ATHANASI]
1525 422 1696 483 OPP.
1741 422 1947 483 PARS
1993 423 2039 481 l.
2075 453 2153 466 —
2185 421 2596 482 HISTORICA
2648 423 2744 482 ET
2788 422 3268 482 DOGMATICA.

3686 421 3810 481 532

408 581 508 638 Dei
555 585 770 643 Filium
823 583 1069 640 haeresin
1117 583 1586 656 detestantes,ab
1638 584 1756 639 illis
1806 585 2079 656 quidem,

2195 599 2253 650 οῦ
2284 601 2416 652 Θεοῦ
2452 595 2827 674 βλασφημίαν,
2863 594 3206 672 φρονούντων
3239 592 3295 649 δὲ
3325 596 3461 650 κατὰ
3503 598 3599 649 τοῦ
3648 594 3809 670 ἁγίου

409 673 877 747 discessisse,5l
892 679 938 734 κ
960 681 1060 736 sed
1079 679 1312 735 eosdem
1337 679 1406 733 dc
1428 675 1642 749 Spiritu
1662 679 1862 732 sancto
1882 691 2054 748 prave

411 765 649 836 sentire,
718 771 1182 841 contenderequc
1241 768 1406 823 illum
1467 785 1581 823 non
1641 770 1872 822 tantum
1931 781 2054 820 rem

413 858 688 924 creatam,
721 861 821 913 sed
855 860 1029 914 etiam
1062 876 1244 915 unum
1264 876 1332 915 ex
1362 857 1725 914 administris
1747 855 2058 928 spiritibus

327 949 330 952 '
414 957 542 997 esse
572 943 636 1013 65,
671 946 908 1018 soloque
939 950 1124 1022 gradu
1173 950 1244 1006 ab
1293 948 1518 1022 angelis
1557 947 1807 1003 differre.
1843 945 1909 1000 Et
1937 943 2058 1000 haec

415 1031 695 1091 simulata
727 1037 965 1108 quidem
997 1055 1195 1112 pugna
1223 1055 1355 1095 cum
1384 1038 1638 1106 Arianis,
1672 1039 1773 1094 sed
1806 1051 1942 1092 vera
1973 1036 2062 1090 est

418 1142 552 1183 cum
584 1129 681 1200 pia
705 1132 820 1189 ﬁde
851 1135 1108 1190 certatio.
1143 1135 1286 1193 Nam
1305 1138 1370 1189 ut
1399 1133 1482 1189 illi
1513 1132 1721 1188 Filium
1754 1134 2060 1204 negantes,

416 1221 634 1289 negant
681 1223 739 1276 et
782 1225 1050 1278 Patrem:
1082 1223 1165 1278 ita
1207 1227 1263 1278 et
1311 1223 1433 1292 isti,
1467 1221 1710 1294 indigna
1739 1221 1811 1275 de
1839 1218 2060 1291 Spiritu

417 1311 619 1363 sancto
650 1308 978 1382 loquentes,
1011 1313 1254 1385 indigna
1283 1328 1516 1384 quoque
1544 1312 1613 1366 de
1644 1310 1785 1366 Filio
1815 1309 2061 1381 loquan-

415 1403 514 1452 tur
543 1414 780 1456 necesse
807 1405 914 1456 est.
947 1402 1032 1458 Ita
1061 1403 1244 1458 ambae
1268 1401 1375 1458 illae
1405 1408 1570 1457 sectae
1594 1400 1812 1456 bellum
1835 1397 2063 1454 veritati

416 1489 704 1544 indictum
736 1490 1006 1562 divisere,
1041 1495 1106 1546 ut
1131 1490 1216 1546 illi
1249 1494 1453 1547 contra
1482 1489 1775 1558 Filium,et
1805 1487 1901 1545 isti
1925 1503 2064 1542 con-

416 1584 508 1634 tra
537 1578 820 1650 Spiritum
871 1585 1140 1636 sanctum
1198 1597 1469 1653 perversa
1526 1579 1865 1647 sentientes,
1908 1578 2066 1649 ejus-

419 1666 550 1722 dem
585 1667 644 1722 in
679 1674 942 1725 sanctam
974 1669 1320 1726 Trinitatem
1361 1669 1741 1741 blasphemiae
1774 1666 1952 1724 simul
1984 1665 2064 1722 rei

418 1755 556 1812 sint.
591 1756 734 1814 Cum
757 1757 937 1831 igitur
957 1759 1079 1815 hac
1098 1760 1489 1832 perspicerem
1507 1759 1812 1830 multaque
1833 1773 2066 1813 mecum

423 1845 758 1917 cogitarem,
803 1847 861 1902 in
893 1865 1126 1920 gravem
1159 1849 1337 1906 incidi
1370 1849 1616 1916 luctum,
1649 1848 1805 1920 quod
1853 1846 2067 1902 iterum

2165 687 2498 759 Πνεύματος,
2549 685 2637 739 καὶ
2707 681 2976 758 λεγόντων
3037 684 3164 739 αὐτὸ
3231 685 3307 757 μή
3363 685 3526 758 μόνον
3585 683 3809 757 κτίσμα,

2165 772 2311 830 ἀλλὰ
2339 775 2563 829 καὶτῶν
2598 771 2986 850 λειτουργικῶν
3036 777 3147 848 (75)
3202 773 3522 848 πνευμάτων
3571 771 3623 829 ἓν
3680 773 3810 828 αὐτὸ

2167 865 2411 920 εἶναικαὶ
2452 864 2645 940 βαθμῷ
2674 863 2837 938 μόνον
2871 863 3000 918 αὐτὸ
3043 861 3312 942 διαφέρειν
3363 869 3468 918 τῶν
3535 862 3808 940 ἀγγέλων.

2166 959 2334 1009 Τοῦτο
2390 951 2446 1008 δέ
2495 953 2604 1008 ἐστι
2653 955 2786 1029 πρὸς
2841 954 2938 1026 μὲν
2984 953 3111 1016 τοὺς
3164 953 3470 1030 Ἀρειανοῦς
3501 974 3812 1030 προσποιη-

2168 1045 2260 1107 τὸς
2293 1043 2690 1119 μάχη·ἀληθὴς
2723 1041 2779 1099 δὲ
2802 1043 3086 1120 ἀντιλογία
3114 1044 3249 1120 πρὸς
3272 1046 3371 1114 τήν
3396 1038 3586 1113 εὐσεϐῆ
3607 1043 3784 1098 πίστιν
3801 1089 3813 1102 .

2170 1137 2372 1209 Ὥσπερ
2404 1135 2505 1208 γὰρ
2537 1130 2752 1205 ἐκεῖνοι,
2804 1132 3128 1210 ἀρνούμενοι
3179 1135 3270 1188 τὸν
3327 1133 3473 1202 Υἱὸν,
3531 1133 3814 1206 ἀρνοῦνται

2169 1223 2257 1277 καὶ
2288 1225 2378 1277 τὸν
2405 1226 2634 1296 Πατέρα·
2697 1220 2838 1276 οὕτω
2881 1222 2970 1277 καὶ
3023 1223 3196 1294 οὗτοι,
3247 1219 3657 1301 δυσφημοῦντες
3704 1224 3816 1295 (76)

2173 1311 2248 1374 είς
2279 1312 2340 1366 τὸ
2374 1316 2589 1385 Πνεῦμα
2619 1313 2680 1366 τὸ
2715 1313 2886 1388 ἅγιον,
2921 1309 3266 1390 δοσφημοῦσι
3309 1313 3396 1366 καὶ
3434 1310 3512 1374 είς
3540 1312 3633 1366 τὸν
3669 1309 3813 1367 Υἱόν.

2172 1401 2270 1456 Καὶ
2304 1401 2582 1479 ἀμφότερα
2609 1401 2676 1456 τὰ
2728 1403 2864 1476 μέρη
2920 1398 3187 1456 διείλοντο
3233 1402 3332 1470 τὴν
3384 1401 3520 1476 πρὸς
3549 1402 3648 1470 τήν
3681 1397 3818 1469 ἀλή-

2175 1493 2319 1546 θειαν
2351 1490 2675 1562 ἀντίστασιν,
2715 1489 2786 1544 τίν’
2839 1491 2889 1545 οἱ
2949 1491 3044 1564 μὶν
3091 1492 3229 1546 κατᾶ
3274 1495 3370 1546 τοῦ
3418 1491 3616 1567 Λόγου,
3673 1490 3725 1544 οἱ
3758 1485 3815 1544 δὲ

2174 1582 2309 1636 κατὰ
2350 1585 2446 1636 τοῦ
2504 1579 2815 1653 Πνεύματος
2865 1585 3209 1654 φρονοῦντες,
3257 1580 3358 1648 τήν
3404 1579 3570 1648 αὐτὴν
3616 1576 3816 1655 ἔχωσιν

2177 1669 2253 1733 εἷς
2281 1671 2377 1738 τὴν
2410 1669 2559 1746 ἁγίαν
2591 1666 2795 1743 Τριαδα
2827 1668 3202 1743 βλασφημίαν.
3236 1670 3400 1726 Ταῦτ’
3430 1670 3524 1723 οῦν
3580 1672 3817 1743 συνορῶν

2176 1759 2264 1814 καὶ
2290 1756 2477 1813 πολλὰ
2508 1757 2888 1833 λογιζόμενος,
2923 1757 2975 1813 έν
3007 1757 3239 1830 ἀθυμίαν
3269 1757 3485 1833 γέγονα,
3539 1758 3620 1812 ὅτι
3652 1755 3817 1812 πάλιν

2178 1849 2295 1923 εὗρε
2324 1847 2532 1917 παίζειν
2585 1849 2612 1902 ὁ
2654 1842 2914 1910 διάϐολος
2957 1847 3008 1902 ἐν
3055 1852 3172 1902 τοῖς
3231 1847 3678 1922 ὑποκρινομένοις
3717 1847 3816 1916 τήν

417 1935 689 1993 diabolus
719 1935 1063 1994 ludiﬁcandi
1093 1955 1299 1995 ansam
1320 1939 1476 2011 apud
1506 1937 1638 1994 illos
1669 1940 1876 1992 nactus
1896 1938 2066 2000 esset,

2195 1939 2373 1993 λανίαν
2404 1938 2590 1992 αὐτοῦ·
2637 1936 2726 1992 καὶ
2773 1936 2960 2012 κρίνας
3000 1937 3108 2008 μὴν
3156 1943 3308 2009 ἥμην
3357 1941 3561 2006 σιωπᾷν
3610 1936 3724 2009 (77)
3768 1934 3818 1988 έν

422 2025 524 2096 qui
544 2027 672 2098 ejus
698 2027 987 2084 insaniam
1009 2032 1068 2084 et
1083 2029 1336 2084 furorem
1353 2027 1572 2083 imitari
1597 2026 1742 2082 nihil
1775 2030 2066 2082 verentur.

418 2115 568 2172 Hinc
597 2131 703 2190 ego
741 2117 852 2174 hoc
877 2118 1158 2191 temporis
1187 2118 1357 2174 silere
1396 2118 1786 2174 decreveram.
1820 2119 2068 2172 Verum-

417 2207 639 2276 tamen,
657 2223 788 2262 cum
808 2211 872 2262 ut
887 2212 1002 2264 tua:
1025 2208 1353 2264 sanctitatis
1371 2207 1758 2263 cohortationi
1781 2206 2066 2277 cederem,

423 2295 551 2349 tum
583 2298 649 2350 ut
681 2312 918 2367 pravam
969 2297 1208 2352 illorum
1259 2297 1593 2369 opinionem
1637 2301 1696 2353 et
1743 2295 2068 2352 satanicam

423 2383 728 2439 audaciam
762 2386 1189 2458 propulsarem,
1236 2386 1331 2442 vix
1379 2386 1617 2442 tandem
1668 2385 1870 2458 paucis
1918 2385 2070 2440 hanc

423 2473 590 2542 potui
621 2473 877 2530 scribere
903 2475 1232 2547 epistolam,
1267 2479 1333 2530 ut
1363 2479 1449 2543 tu,
1481 2475 1783 2530 occasione
1805 2474 1945 2530 inde
1976 2491 2068 2530 ac—

420 2566 610 2634 cepta,
642 2579 746 2635 pro
780 2567 883 2620 tua
915 2581 1030 2636 qua
1049 2563 1233 2637 polles
1260 2564 1589 2638 prudentia,
1623 2581 1690 2620 ea
1711 2580 1836 2636 qua
1858 2565 2074 2621 desunt

420 2651 722 2725 suppleas,
754 2657 930 2726 atque
961 2655 1104 2711 adeo
1136 2654 1305 2727 plene
1353 2653 1654 2712 refellatur
1681 2653 1864 2726 impia
1895 2653 2154 2710 bmresis.

430 2728 469 2741 ’θ
490 2743 545 2798 2.
579 2745 778 2815 Itaque
809 2745 1157 2800 Arianorum
1207 2745 1444 2818 quidem
1478 2761 1849 2817 nequaquam
1882 2743 2074 2800 aliena

423 2836 513 2887 est
544 2832 888 2904 hujusmodi
921 2835 1229 2891 sententia.
1252 2838 1572 2906 Postquam
1588 2834 1743 2890 enim
1769 2832 1949 2890 semel
1970 2832 2073 2890 Dei

2174 2025 2414 2100 τοιούτῳ
2443 2031 2636 2102 καιρῷ·
2673 2023 2761 2080 διὰ
2791 2024 2846 2082 δὲ
2874 2028 2973 2095 τήν
3019 2027 3336 2102 προτροπὴν
3368 2032 3466 2096 τῆς
3515 2032 3614 2095 σῆς
3670 2025 3820 2078 ὁσιό-

2175 2138 2360 2188 τητος,
2391 2113 2547 2172 ἓνεκά
2592 2137 2650 2171 τε
2694 2123 2795 2184 τῆς
2847 2112 3061 2170 ἐκείνων
3123 2112 3446 2186 ἀλλοδοξίας
3491 2113 3581 2169 καὶ
3610 2133 3821 2168 σατανι-

2178 2214 2281 2277 κῆς
2313 2204 2660 2280 προπετείας,
2727 2202 2796 2259 δι’
2845 2203 3049 2280 ὀλίγων
3101 2200 3309 2279 ἔγραψα
3352 2205 3452 2273 τὴν
3504 2199 3823 2272 ἐπιστολὴν,

2183 2295 2344 2371 μόγις
2372 2294 2462 2350 καὶ
2492 2300 2659 2350 ταῦτα
2689 2291 2959 2366 δυνηθεὶς,
2986 2293 3074 2349 ⁹ίνα
3109 2295 3269 2368 μόνον
3303 2293 3393 2348 καὶ
3426 2292 3512 2366 σὺ,
3557 2292 3827 2371 πρόφασιν

2179 2381 2238 2438 ἐκ
2265 2384 2470 2438 τούτων
2507 2377 2714 2451 λαϐὼν,
2748 2384 2883 2438 κατά
2911 2384 3010 2452 τὴν
3043 2383 3348 2458 προσοῦσάν
3377 2403 3460 2438 σοι
3507 2383 3712 2437 σύνεσιν
3764 2379 3831 2435 τὰ

2181 2470 2437 2528 λείποντα
2469 2476 2580 2544 (78)
2609 2475 2872 2550 προσθῇς,
2904 2473 2995 2528 καὶ
3025 2471 3247 2547 πλήρης
3285 2474 3314 2528 ὁ
3339 2473 3476 2528 κατὰ
3497 2479 3598 2544 τῆς
3649 2468 3833 2526 δυσσε-

2179 2558 2312 2628 ϐοῦς
2345 2563 2603 2640 αἱρέσεως
2637 2560 2873 2639 ἔλεγχος
2903 2563 3152 2637 γένηται.

2251 2745 2305 2800 2.
2334 2745 2457 2805 Τῶν
2496 2744 2590 2816 μὶν
2623 2743 2714 2796 οῦν
2748 2742 3042 2818 Ἀρειανῶν
3075 2743 3177 2798 οὐκ
3205 2739 3501 2818 ἀλλότριον
3531 2741 3620 2796 καὶ
3666 2745 3831 2797 τοῦτο

2183 2831 2491 2905 ἐνθύμημα.
2545 2831 2716 2901 Ἅπαξ
2763 2832 2863 2907 γὰρ
2904 2831 3228 2904 ἀρνούμενοι
3275 2830 3367 2886 τὸν
3415 2835 3512 2886 τοῦ
3561 2835 3696 2886 Θεοῦ
3727 2829 3834 2885 Λό-

423 2920 678 2978 Verbum
713 2939 924 2996 negare
971 2924 1098 2980 ausi
1148 2928 1306 2991 sunt,
1342 2923 1548 2980 merito
1595 2924 1798 2979 eadem
1840 2923 1912 2979 de
1944 2923 2073 2994 ejus

2195 2943 2275 2996 γον
2344 2921 2568 2982 εἰκότως
2612 2922 2679 2975 τὰ
2726 2920 2860 2975 αὐτά
2909 2924 2999 2976 καί
3047 2921 3186 2976 κατὰ
3230 2925 3326 2975 τοῦ
3374 2919 3688 2994 Πνεύματος
3736 2920 3834 2974 αὖ·

427 3009 647 3082 Spiritu
677 3013 857 3084 impie
903 3013 1290 3069 mentiuntur.
1323 3013 1603 3080 Quocirca
1635 3028 1740 3068 nec
1773 3012 1943 3085 plura
1972 3012 2072 3067 ad-

2195 3014 2278 3066 τοῦ
2310 3007 2678 3088 δυσφημοῦσι.
2714 3010 2806 3064 Διὸ
2837 3009 2927 3064 καὶ
2959 3009 3020 3065 οὐ
3067 3010 3178 3086 χρὴ
3229 3007 3396 3064 πλέον
3447 3029 3501 3064 τι
3551 3009 3688 3084 πρὸς
3739 3007 3833 3063 αὐ-

423 3115 630 3157 versus
651 3101 782 3158 illos
801 3102 992 3158 dicere
1014 3119 1250 3158 necesse
1275 3107 1380 3173 est,
1417 3103 1517 3157 sed
1541 3101 1685 3157 satis
1707 3118 1835 3158 esse
1862 3100 2074 3157 debent

2195 3100 2311 3163 τοὺς
2346 3099 2538 3154 εἰπεῖν·
2591 3099 2745 3170 ἀρκεῖ
2788 3099 2891 3174 γὰρ
2940 3099 3006 3154 τὰ
3053 3100 3159 3172 πρὸ
3189 3099 3394 3154 τούτων
3428 3096 3690 3172 εἰρημένα
3720 3099 3837 3154 κατ’

425 3204 554 3260 quae
586 3195 756 3246 antea
788 3195 990 3246 contra
1023 3191 1182 3262 ipsos
1213 3191 1369 3246 dicta
1399 3194 1557 3246 sunt.
1591 3191 1755 3256 Quod
1788 3195 1982 3246 autem
2001 3190 2073 3246 ad

2195 3189 2382 3245 αὐτῶν.
2416 3189 2562 3264 Πρὸς
2615 3185 2672 3242 δὲ
2701 3188 2824 3251 τοὸς
2873 3189 2997 3263 περὶ
3051 3193 3146 3244 τοῦ
3195 3188 3508 3263 Πνεύματος
3528 3187 3837 3260 ἀπατηθέν-

423 3276 560 3334 illos
587 3283 834 3350 spectat,
867 3278 968 3351 qui
999 3279 1147 3335 falsa
1186 3281 1256 3334 de
1304 3279 1518 3350 Spiritu
1571 3283 1774 3336 sancto
1807 3284 2070 3336 errantes

2195 3301 2294 3352 τας,
2342 3277 2531 3355 τρόπῳ
2574 3277 2698 3346 τινὶ,
2748 3278 2824 3340 ὡς
2892 3281 2947 3333 ἃν
3000 3277 3152 3333 αὐτοὶ
3207 3284 3385 3356 φαῖεν,
3435 3279 3700 3353 προσήκει
3752 3275 3838 3332 δι-

423 3366 760 3439 opinantur,
793 3367 939 3439 ipsis
971 3369 1224 3439 quodam
1261 3368 1433 3424 modo
1465 3368 1586 3424 sive
1627 3369 1738 3440 (74)
1790 3372 1978 3442 tropo,
2011 3373 2077 3424 ut

421 3454 601 3512 iidem
639 3455 984 3528 loquuntur,
1015 3457 1282 3512 convenit
1314 3458 1686 3529 respondere.
1732 3459 1879 3514 Mira
1919 3459 2076 3514 enim

425 3545 688 3615 profecto
717 3545 987 3602 videatur
1034 3545 1297 3618 ipsorum
1351 3547 1626 3615 amentia,
1662 3547 1817 3619 quod
1859 3547 2082 3604 scilicet

427 3633 471 3689 ii
503 3635 604 3706 qui
652 3634 863 3692 Filium
912 3635 1014 3693 Dei
1063 3651 1186 3692 rem
1219 3640 1473 3692 creatam
1522 3652 1651 3692 esse
1680 3635 1907 3705 nolunt,
1943 3639 2082 3711 (qua

498 3790 543 3827 ⁸⁸
574 3788 747 3848 Hebr.
780 3804 820 3858 ι,
855 3790 940 3845 14.

457 3963 574 4004 non
599 3947 829 4004 videtur
853 3945 924 4000 de
939 3943 1272 4000 Macedonio
1295 3942 1389 3998 hic
1421 3942 1534 4014 agi.
1567 3943 1793 4000 Etenim
1827 3943 1924 4000 ille
1945 3945 2098 4002 inter

451 4020 806 4077 Arianorum
841 4017 1234 4090 primipilares
1265 4017 1785 4090 annumerabatur,
1811 4022 2005 4090 atque,
2030 4022 2096 4073 ut

449 4093 701 4158 videtur,
727 4088 937 4149 Filium
959 4105 1191 4160 semper
1212 4104 1313 4160 pro
1341 4104 1401 4160 re
1423 4093 1616 4143 creata
1646 4088 1866 4144 habuit.
1888 4094 2097 4144 Contra

448 4181 583 4221 vero
615 4164 738 4234 isti,
765 4179 915 4234 quos
944 4159 1246 4234 oppugnat
1277 4159 1934 4234 Athanasius,_ll_trianns
1966 4161 2095 4232 qui-

449 4238 582 4292 dem
597 4231 1057 4308 imp'ugnabanti;
1076 4231 1276 4308 verum
1296 4248 1498 4287 sanam
1523 4232 1593 4308 de
1611 4231 1750 4308 lfilio
1772 4231 2095 4308 doctrinam

447 4304 911 4373 vindicantean
939 4305 1220 4376 Spiritum
1255 4309 1525 4359 sanctum
1557 4304 2092 4374 debacchabantur,

451 4379 609 4434 unde
630 4375 1076 4450 conjectandum
1109 4375 1463 4447 relinquitur
1483 4375 2099 4450 hancAPneumatoma-

450 4450 695 4506 chorum
710 4448 993 4504 familiam
1008 4449 1300 4521 disparem
1316 4448 2096 4521 aMacedonianaesse,quod

449 4525 655 4604 tamen.
674 4521 1016 4604 augurando
1032 4519 1248 4602 dicitur
1267 4544 1280 4586 ;
1310 4537 1445 4604 nam
1479 4519 1873 4604 lucifugarum
1887 4519 2099 4604 hujus-

2185 3373 2512 3444 ιρευνῶντας
2545 3367 2711 3422 εἰπεῖν
2757 3370 2892 3442 (79)’
2942 3367 3166 3425 Τούτων
3225 3370 3326 3445 γὰρ
3375 3367 3465 3422 καὶ
3515 3367 3838 3441 θαυμάσειεν

2187 3457 2245 3514 ἂν
2277 3481 2361 3522 τις
2388 3459 2488 3528 τήν
2521 3453 2727 3526 ἄνοιαν,
2765 3456 2847 3512 ὃτι
2879 3459 2970 3512 τὸν
3005 3458 3127 3512 Υἱὸν
3159 3461 3256 3513 τοῦ
3287 3461 3420 3512 Θεοῦ
3457 3457 3534 3530 μὴ
3587 3455 3839 3519 Θέλοντες

2188 3550 2391 3623 κτίσμα
2450 3548 2607 3614 εἶναι,
2655 3545 2744 3600 καὶ
2821 3545 3006 3610 καλῶς
3069 3568 3133 3624 γε
3192 3547 3328 3602 κατὰ
3371 3551 3531 3606 τοῦτο
3584 3551 3842 3625 φρονοῦν-

2189 3659 2277 3702 τες
2477 3639 2594 3696 πῶς
2627 3636 2692 3689 οὸ
2725 3639 2942 3710 Πνεῦμα
2969 3640 3065 3692 τοῦ
3115 3637 3242 3691 Υἱοῦ
3289 3635 3493 3710 κτίσμα
3534 3631 3629 3690 κᾶν
3675 3634 3841 3691 ἀκοῦ-

2201 3948 2430 4018 Tropici
2459 3949 2597 4006 dicti
2631 3955 2790 4007 sunt.
2822 3951 2962 4007 Vide
2991 3949 3146 4006 intra
3175 3966 3336 4008 num.
3376 3951 3461 4007 10.

2275 4022 2383 4092 (75)
2401 4021 2503 4096 _lta
2521 4023 2751 4096 __Regi_i_
2777 4024 2948 4096 ambo
2977 4023 3414 4096 Amanuscripti,
3450 4021 3846 4096 Seguerianus

2202 4091 2372 4168 item,
2401 4092 2577 4168 Basil.
2613 4091 2776 4168 οδω.
2812 4093 3154 4168 θιλιδθιοιςω.
3197 4091 3848 4168 secundusfatqueieo-

2203 4164 2336 4236 dem
2389 4167 2560 4220 modo
2619 4165 2828 4234 legitur
2879 4166 2938 4221 in
2995 4165 3254 4236 Epistola
3284 4166 3396 4222 divi
3430 4166 3593 4222 Pauli
3623 4164 3698 4224 ad
3732 4167 3844 4222 He-

2201 4235 2387 4311 braeos
2418 4251 2457 4303 l,
2494 4238 2577 4291 H.
2609 4237 2808 4311 Aliiet
2837 4238 2998 4304 editi,
3031 4235 3380 4311 λειτουργῶν.
3415 4241 3616 4310 Βαθμῷ
3670 4237 3844 4311 μόνῳ.

2202 4307 2382 4394 Peulo
2412 4313 2564 4380 post,
2595 4308 2949 4381 Anglicanus
2981 4313 3160 4366 codex
3189 4307 3372 4382 solus,
3403 4307 3843 4385 προσποιήτὸςή

2247 4397 2383 4431 αγη.

2420 4450 2522 4528 Hi0
2553 4455 2610 4506 ct
2639 4451 2793 4528 intra
2818 4456 2952 4528 post
2979 4447 3322 4528 δυσφημοῦσι
3355 4452 3640 4528 particula
3667 4453 3758 4528 καί
3784 4453 3844 4508 in

2207 4524 2607 4598 manuscripte
2639 4525 2820 4598 Regio
2846 4525 3036 4596 primo
3067 4524 3125 4598 et
3171 4524 3525 4598 Segueriano
3582 4525 3844 4582 omnium

451 4593 609 4651 modi
641 4593 810 4649 initia
841 4593 1180 4648 obscuriora
1219 4597 1376 4656 sunt,
1411 4609 1587 4664 quam
1625 4598 1688 4648 ut
1717 4593 1904 4718 possit
1925 4593 1995 4650 de
2026 4594 2098 4651 iis
2130 4595 2174 4660 D
2207 4595 2445 4666 Optimis
2476 4593 2778 4650 codicibus
2809 4593 3037 4667 legitur,
3071 4597 3132 4652 in
3164 4593 3296 4653 aliis
3327 4597 3638 4652 omittitur.
3667 4598 3845 4653 Iidem

452 4669 609 4718 certa
637 4669 695 4718 et
724 4664 1055 4718 indubitata
1084 4662 1217 4718 ferri
1246 4664 1551 4718 sententia.
1584 4665 1654 4718 Et
1684 4683 1715 4718 a
1746 4667 1941 4718 ioauin
1987 4666 2096 4718 mi-
2208 4683 2360 4718 mox.
2395 4662 2684 4718 διείλαντο.
2728 4669 2900 4718 Editi-
2933 4665 3223 4718 διείλοντο.
3258 4669 3472 4718 Ibidem
3511 4668 3845 4718 Basiliensis

452 4669 609 4723 certa
637 4669 695 4722 et
724 4664 1055 4720 indubitata
1084 4662 1217 4719 ferri
1246 4662 1551 4720 sententia.
1584 4665 1654 4719 Et
1684 4683 1715 4719 a

451 4755 582 4795 rum
616 4743 838 4810 quanta
867 4737 1117 4810 varietas
1139 4736 1563 4810 sententiarum
1589 4737 1647 4810 in
1680 4735 1966 4810 haeresum
1992 4739 2100 4794 ini-

449 4811 552 4868 tiis
581 4807 942 4876 suboriatur,
973 4808 1105 4882 aliis
1143 4807 1304 4882 aliud
1353 4808 1890 4882 aprchendentibus
1920 4815 2096 4882 atque

451 4900 520 4939 ex
549 4883 759 4939 iisdem
809 4880 1115 4954 principiis
1139 4879 1408 4954 Adiversa’
1441 4881 1874 4954 colligentibus.
1913 4879 2094 4939 Nimi-

449 4971 583 5011 rum
615 4951 876 5012 solemne
897 4951 1186 5010 haereticis
1209 4957 1400 5019 estut,
1431 4951 1649 5007 amisso
1681 4953 1863 5008 semel
1888 4955 2096 5010 verita-

450 5026 530 5098 tis
555 5029 816 5098 tramite,
851 5028 956 5083 hac
980 5027 1113 5082 illac
1131 5025 1404 5098 aberrent
1433 5041 1499 5080 ac
1521 5042 1593 5081 ne
1623 5041 1823 5080 secum
1856 5025 2095 5098 quidem

452 5097 564 5172 ipsi
592 5099 917 5172 consistere
944 5098 1192 5172 possint,
1221 5095 1447 5172 scilicet

524 5167 702 5242 Πάν-τη
741 5164 1060 5242 μαινόμενος
1087 5167 1178 5222 καὶ
1211 5166 1498 5240 ἀμήχανος
1546 5164 1956 5242 ἀμφαλάληται.

523 5241 745 5297 Ibidem
779 5245 934 5314 Regii
970 5243 1141 5298 ambo
1174 5241 1402 5314 COLilCcs
1446 5241 1850 5314 manuscripti,
1880 5249 2092 5314 Segne-

450 5311 653 5369 rianus
684 5320 739 5370 et
767 5310 1128 5380 Basiliensis,
1161 5310 1294 5366 κατά
1321 5315 1417 5364 τοῦ
1467 5311 1592 5364 Υἱοῦ
1642 5310 1760 5364 ’τοῦ⁷
1797 5310 2093 5369 ΘεοῦῘΟίρ-

447 5385 556 5458 teri
584 5390 776 5442 autem
811 5403 944 5443 cum
971 5388 1164 5444 editis.
1195 5383 1330 5437 κατὰ
1353 5385 1448 5436 τοῦ
1482 5387 1612 5458 Θεοῦ
1659 5384 1851 5458 solum
1889 5403 1901 5441 :
1936 5387 2096 5458 prior

447 5455 620 5531 lectio
650 5465 906 5531 praestat,
933 5463 996 5516 ut
1025 5476 1091 5514 ex
1124 5455 1620 5531 consequentibus
1649 5455 1955 5531 propalam
1987 5463 2091 5531 est.

447 5529 672 5606 Ibidem
707 5532 922 5606 Regius
955 5532 1183 5606 primus
1214 5530 1723 5606 etSeguerianus,
1760 5529 2089 5606 δυσφημίαν·

449 5600 572 5670 alii,
606 5619 742 5659 cum
774 5598 973 5686 evditis;
1007 5598 1377 5726 βλασφημίαν.

523 5674 630 5726 (74)
664 5677 872 5726 Tronis
904 5692 1184 5726 nimirum
1217 5691 1230 5726 1
1263 5671 1300 5726 l1
1333 5676 1377 5726 el

523 5674 630 5745 (74)
664 5677 872 5747 Trepis
904 5671 1184 5731 nimirum
1217 5671 1300 5728 illi
1333 5676 1388 5747 et
1418 5673 1776 5747 metaphoris
1809 5674 2093 5747 deprava-

450 5743 620 5800 bant'
650 5763 718 5802 ea
771 5743 948 5804 sacris
1002 5748 1312 5816 Scriptura:
1366 5743 1510 5809 loca,
1546 5743 1758 5815 quibus
1791 5743 2096 5802 orthodoxi

447 5817 733 5888 Spiritum
767 5824 1038 5874 sanctum
1073 5817 1402 5890 probabant
1431 5819 1613 5872 Deum
1647 5832 1812 5874 esse:
1842 5817 2095 5890 hincque

1767 4667 1941 4736 oquin
1987 4666 2096 4722 mi-

2208 4662 2360 4732 mox,
2395 4662 2684 4722 διείλαντο.
2728 4662 2900 4739 Εόὶῐῇ
2933 4665 3223 4723 διείλοντο.
3257 4669 3472 4739 Ibidem
3508 4668 3849 4725 Basiliensis

2208 4739 2386 4814 codex
2415 4740 2857 4814 manuscriptus
2884 4737 3074 4814 solus,
3105 4740 3241 4814 πρὸς
3271 4743 3370 4804 τῆς
3402 4737 3683 4814 ἀληθείας.

2275 4810 2388 4882 (77)
2422 4811 2487 4865 In
2518 4810 2782 4897 editiset
2807 4813 2866 4867 in
2899 4810 3253 4897 quibqsd'arn
3284 4813 3707 4897 manuecriptis
3753 4811 3848 4897 hic

2204 4898 2508 4964 perperam
2562 4882 2866 4966 legebatur
2907 4882 3150 4938 ἇιωπῶν.
3197 4884 3412 4940 Verum
3464 4882 3625 4957 Regii
3673 4883 3848 4940 ambo

2204 4955 2450 5027 codices,
2468 4957 2824 5027 Anglicanus
2847 4957 2986 5012 item
3008 4962 3065 5012 et
3081 4954 3440 5023 Basiliensis,
3460 4960 3668 5026 σιωπᾷν
3694 4960 3850 5027 recte

2204 5025 2443 5100 habent_._
2467 5025 2595 5100 Mei
2623 5027 2804 5100 aliqui
2834 5029 3062 5084 codices
3094 5045 3227 5084 cum
3258 5028 3431 5084 editis
3461 5025 3680 5084 habent
3710 5025 3853 5100 ὁσιό-

2203 5117 2389 5172 τητος,
2421 5095 2575 5172 ἕνεκα
2619 5118 2698 5156 τε.
2720 5095 2945 5172 Regius
2995 5105 3178 5156 autem
3227 5100 3475 5171 primus,
3509 5102 3633 5171 Seg.
3667 5098 3848 5172 Basil.

2204 5169 2366 5246 G0b_l_.
2403 5175 2459 5226 et
2487 5170 2740 5246 Felckm.
2784 5167 3010 5244 primus
3041 5167 3650 5246 Ιζιδὺθῐίῐᾷγνῃσιότητος
3697 5167 3853 5246 ἓνεκα

2203 5262 2284 5318 γε.
2318 5242 2582 5318 Nannius
2615 5242 2846 5318 quoque
2875 5243 3235 5318 γνησιότητος
3265 5242 3406 5317 legit
3437 5263 3450 5302 :
3486 5263 3624 5302 nam
3677 5244 3854 5301 vertit

2201 5315 2570 5382 sinceritatis;
2603 5315 2819 5372 tantilli
2852 5315 3134 5373 momenti
3169 5331 3256 5372 res
3284 5315 3394 5372 est.

2273 5387 2385 5461 (ῖξό)
2418 5386 2631 5461 llegius
2662 5389 2890 5461 primus
2919 5394 2976 5445 et
3005 5387 3417 5461 Seguerienus,
3452 5385 3770 5461 λειπόμενα.

2274 5455 2385 5534 (79)
2417 5455 2629 5534 Regius
2662 5455 2734 5534 'et
2787 5455 3202 5534 Seguerian'us,
3230 5455 3412 5534 ὀλίγί
3443 5455 3709 5534 ’ἔτρρσῆκει
3761 5455 3850 5534 δὲ’·

2205 5528 2745 5658 ερωτῐῗέταςιαύτοῦς
2773 5528 2962 5589 εἷπξῖν.
2995 5533 3216 5589 lbidem
3248 5528 3382 5590 mdx
3414 5528 3569 5596 εὐθύς
3604 5528 3736 5606 post
3788 5528 3848 5586 ἄν

2205 5620 2283 5658 τις
2315 5619 2346 5657 a
2437 5620 2512 5658 un
2549 5646 2562 5658 .

2199 5620 2283 5661 τις
2315 5608 2562 5659 addunt.

2275 5673 2400 5751 (80)_
2415 5675 2506 5731 Sic
2539 5675 2676 5747 Reg.
2710 5677 2768 5751 l,
2795 5677 2926 5751 Seg.
2958 5676 3181 5751 Anglic.
3217 5675 3382 5733 Gobl.
3415 5680 3473 5733 et
3505 5675 3758 5751 Felckm.
3793 5676 3845 5732 1.

2201 5746 2404 5818 Ceteri
2433 5764 2564 5804 vero
2593 5746 2652 5805 et
2681 5749 2823 5804 editi
2854 5746 2989 5804 δῖατά
3040 5746 3342 5808 omittunt.
3372 5752 3502 5807 Mox
3549 5748 3846 5818 0ttobon.,

2203 5816 2266 5871 τὸ
2296 5820 2518 5893 Πνεῦμα
2545 5823 2641 5874 τοῦ
2672 5821 2846 5878 Θεοῦ(
