4076 6358
340 472 459 531 543

878 473 940 534 S.
988 476 1416 540 A'l‘iiANASII
1462 480 1633 541 OPP.
1682 479 1880 540 PARS
1927 480 1971 540 Ι.

2107 477 2530 540 HISTOHICA
2575 480 2675 542 ET
2723 476 3200 540 DUGMATICA.

3630 477 3749 534 544

340 631 411 688 Et
440 631 613 702 paulo
637 637 802 703 post:
827 656 856 684 «
884 635 944 691 Si
967 640 1162 691 autem
1196 653 1302 709 ego
1342 637 1401 693 in
1434 639 1653 710 Spiritu
1686 639 1783 695 Dei
1814 639 1984 709 ejicio

2105 657 2176 709 μα
2203 641 2299 691 τοῦ
2330 638 2539 711 Πατρὸς
2592 636 2745 711 ὑμῶν
2792 637 2856 691 τὸ
2911 633 3113 690 λαλοῦν
3169 632 3221 687 ἐν
3268 633 3418 705 ὑμῖνο
3448 656 3478 684 ››
3506 632 3597 687 καὶ
3633 634 3751 706 μετ’

340 720 629 776 daemonia
658 721 838 794 igitur
888 725 1149 796 pervenit
1198 725 1256 782 in
1307 743 1410 784 vos
1455 744 1703 800 regnum
1752 728 1854 784 Dei
1882 729 1924 783 ⁵.
1958 749 1988 778 »

343 810 684 867 Universam
716 811 855 868 item
888 814 1243 886 theologiam
1274 817 1577 889 nostrique
1600 817 1990 874 initiationem

344 900 402 956 in
433 915 552 970 qua
583 900 808 957 scilicet
837 918 944 957 nos
974 903 1086 958 sibi
1118 904 1232 975 ipsi
1273 909 1330 961 et
1379 921 1483 976 per
1525 906 1786 978 seipsum
1835 906 1991 962 Patri

345 988 669 1059 conjunxit,
691 989 751 1044 in
782 991 985 1047 eodem
1007 991 1331 1064 complens,
1355 993 1663 1066 discipulis
1694 994 1816 1050 haec
1848 1011 1992 1065 prte-

344 1076 626 1149 cipiebat:
664 1100 691 1128 ‹‹
727 1078 942 1135 Euntes
974 1081 1176 1137 docete
1205 1098 1410 1138 omnes
1446 1089 1672 1155 gentes,
1699 1084 1994 1156 baptizan-

344 1172 430 1221 tes
447 1181 545 1221 eos
564 1166 624 1222 in
644 1168 885 1224 nomine
902 1169 1176 1237 Patris,et
1197 1170 1410 1243 Filii,et
1422 1171 1678 1244 Spiritus
1699 1173 1887 1229 sancti
1901 1173 1943 1226 ⁸.
1959 1191 1986 1225 s

345 1258 629 1312 Praeterea
657 1271 791 1312 cum
845 1273 908 1312 se
965 1257 1084 1314 illis
1133 1275 1269 1315 eum
1320 1261 1646 1317 missurum
1699 1261 1991 1333 promisit,

348 1364 376 1394 «
410 1344 682 1416 praecepit
711 1347 782 1400 ab
830 1345 1214 1419 Jerosolymis
1261 1364 1334 1405 ne
1383 1349 1752 1406 discederent
1780 1350 1822 1418 ⁷,
1868 1370 1895 1402 ι
1926 1367 1992 1407 ac

342 1433 549 1504 paucis
581 1432 789 1490 diebus
829 1434 1170 1506 interjectis,
1206 1460 1235 1488 α
1265 1437 1407 1493 Cum
1437 1438 1831 1510 compleretur
1868 1439 1991 1495 dies

346 1521 739 1590 Pentecostes,
762 1529 929 1579 erant
949 1541 1153 1581 omnes
1175 1527 1392 1598 pariter
1419 1528 1478 1583 in
1511 1528 1712 1584 eodem
1744 1527 1870 1584 loco
1895 1544 1907 1584 :
1934 1532 1993 1584 et

347 1611 541 1667 factus
562 1615 652 1667 est
675 1617 913 1685 repente
933 1614 1005 1669 de
1023 1614 1165 1671 coelo
1183 1632 1367 1672 sonus
1384 1622 1665 1689 tanquam
1689 1618 1995 1674 advenien-

343 1698 423 1754 tis
453 1698 697 1771 spiritus
724 1701 1110 1775 vehementis,
1142 1709 1201 1760 et
1233 1705 1478 1777 replevit
1507 1711 1689 1762 totam
1746 1707 1992 1762 domum

348 1786 449 1843 ubi
478 1793 645 1844 erant
668 1791 974 1847 sedentes:
1008 1798 1067 1848 et
1095 1801 1499 1865 apparuerunt
1530 1793 1649 1850 illis
1670 1796 1992 1868 dispertita

343 1876 560 1949 linguae
590 1883 871 1951 tanquam
903 1881 1077 1954 ignis,
1103 1883 1499 1956 sederuntquo
1519 1899 1699 1950 supra
1726 1883 1991 1956 singulos

342 1982 576 2023 eorum:
602 1972 660 2024 et
680 1969 882 2042 repleti
901 1976 1043 2026 sunt
1067 1988 1271 2029 omnes
1296 1971 1518 2044 Spiritu
1543 1979 1769 2040 sancto,
1792 1979 1849 2029 et
1876 1990 1990 2029 cce-

344 2060 559 2128 perunt
585 2055 745 2129 loqui
778 2059 954 2115 variis
984 2058 1228 2132 linguis,
1260 2066 1435 2131 prout
1464 2061 1720 2133 Spiritus
1750 2066 1992 2119 sanctus

346 2145 525 2201 dabat
553 2145 744 2219 eloqui
779 2147 898 2205 illis
917 2149 961 2204 ⁸.
987 2170 1015 2199 ››
1048 2150 1196 2205 Hinc
1226 2155 1430 2222 postea
1458 2149 1834 2223 impositione
1863 2168 1991 2207 ma-

346 2250 531 2290 nuum
563 2236 956 2307 apostolorum
989 2238 1245 2311 Spiritus
1278 2244 1521 2296 sanctus
1551 2241 1992 2298 renascentibus

346 2322 596 2379 dabatur
619 2326 660 2379 θ.
688 2325 939 2389 Quidam
971 2327 1217 2400 insuper
1246 2330 1488 2400 Agabus
1516 2329 1578 2384 in
1609 2332 1814 2386 eodem
1842 2332 1993 2386 vati-

348 2411 579 2468 cinatus
601 2421 709 2484 est,
730 2415 925 2472 aiens:
952 2437 981 2467 «
1008 2416 1140 2472 Haec
1162 2417 1305 2473 dicit
1325 2418 1584 2490 Spiritus
1606 2425 1848 2476 sanctus
1873 2421 1935 2475 1°.
1961 2440 1988 2469 η

350 2499 418 2555 Et
445 2502 699 2558 Paulus:
735 2526 763 2554 «
798 2504 862 2559 In
904 2522 1019 2576 quo
1069 2521 1167 2562 vos
1215 2506 1468 2578 Spiritus
1512 2513 1754 2564 sanctus
1797 2508 1997 2580 posuit

351 2588 679 2662 episcopos,
710 2608 908 2665 regere
939 2592 1258 2651 Ecclesiam
1290 2595 1413 2663 Dei,
1455 2612 1631 2668 quam
1682 2597 1996 2668 acquisivit

352 2680 587 2750 proprio
644 2682 934 2754 sanguine
992 2685 1059 2739 ¹¹.
1092 2705 1121 2734 ››
1182 2684 1253 2739 Et
1308 2684 1577 2741 eunucho
1659 2684 1992 2757 baptizata:

351 2789 380 2817 ‹‹
415 2767 672 2840 Spiritus
701 2770 931 2827 Domini
966 2773 1164 2845 rapuit
1217 2772 1556 2845 Philippum
1590 2774 1656 2828 η.
1691 2797 1715 2827 ι
1751 2773 1997 2845 Scripsit

348 2871 583 2929 quoque
611 2862 857 2916 Petrus:
892 2883 921 2911 ‹‹
953 2864 1338 2934 Reportantes
1369 2861 1544 2917 finem
1578 2862 1711 2919 ﬁdei
1744 2861 1993 2918 salutem

349 2945 703 3004 animarum.
737 2949 818 3004 De
850 2966 965 3021 qua
994 2951 1185 3006 salute
1214 2949 1620 3022 exquisierunt
1638 2956 1810 3022 atque
1829 2967 1995 3006 scru-

348 3035 453 3089 tati
484 3041 626 3092 sunt
657 3037 970 3109 prophetas,
1003 3038 1105 3109 qui
1154 3040 1226 3094 de
1276 3039 1473 3094 futura
1517 3039 1575 3094 in
1601 3040 1766 3095 vobis
1805 3038 1996 3111 gratia

347 3124 1199 3197 prophetaverunt,scrutantes
1220 3128 1279 3183 in
1302 3129 1457 3199 quod
1471 3128 1557 3183 vel
1573 3127 1746 3200 quale
1758 3133 1995 3200 tempus

347 3211 777 3283 significaretur
805 3215 864 3271 in
896 3216 983 3272 eis
1011 3216 1266 3287 Spiritus
1307 3215 1545 3284 Christi,
1592 3217 1993 3288 praanuntians

2022 2014 2070 2079 Β

2100 724 2285 799 ὀλίγα·
2323 747 2351 777 ‹‹
2382 724 2444 779 Et
2477 721 2536 779 δὲ
2564 723 2615 778 ἐν
2643 723 2919 795 ΙΙνεύματι
2952 727 3084 778 θεοῦ
3115 720 3221 798 ἐγὼ
3250 715 3506 775 ἐκϐάλλω
3534 721 3602 776 τὰ
3633 718 3752 776 δαι-

2104 813 2283 886 μόνια,
2342 812 2445 889 ἄρα
2499 808 2722 889 ἔφθασεν
2774 812 2856 887 ἐφ’
2907 812 3044 885 ὑμᾶς
3095 812 3206 883 (27)
3251 813 3287 880 ἡ
3341 808 3596 885 βασιλεία
3651 815 3752 865 τοῦ

2101 908 2254 960 Θεοῦ.
2290 926 2319 955 ››
2349 904 2449 959 Καὶ
2477 906 2577 973 τήν
2619 905 2713 977 μὲν
2770 907 2940 957 πᾶσαν
2994 899 3275 975 θεολογίαν
3327 899 3418 954 καὶ
3451 900 3553 968 τὴν
3584 902 3747 972 ἡμῶν

2098 988 2403 1060 τελείωσιν,
2435 989 2488 1047 ἐν
2605 995 2868 1064 συνῆπτεν
2924 993 3072 1062 ἡμᾶς
3119 989 3291 1060 ἐαυτῷ
3334 989 3421 1042 καὶ
3456 985 3525 1042 δι’
3556 988 3749 1043 ἑαυτοῦ

2098 1086 2179 1153 τῷ
2234 1081 2426 1155 Πατρὶ,
2491 1079 2544 1135 ἐν
2598 1079 2778 1153 τούτῳ
2826 1078 3188 1152 συμπληρῶν,
3244 1074 3584 1152 παρήγγειλε
3631 1082 3749 1142 τοῖς

2105 1175 2392 1242 μαθηταῖς
2452 1194 2482 1221 ‹‹
2538 1169 2894 1244 Πορευθέντες
2949 1170 3082 1240 (28),
3144 1165 3519 1239 μαθητεύσατε
3574 1166 3750 1221 πάντα

2099 1258 2165 1314 τὰ
2193 1255 2344 1333 ἔθνη,
2384 1260 2733 1335 βαπτίζοντες
2763 1256 2961 1321 αὐτοὺς
2989 1256 3067 1320 είς
3093 1256 3156 1311 τὸ
3188 1252 3363 1328 ὄνομα
3390 1259 3488 1311 τοῦ
3518 1256 3748 1328 Πατρὸς,

2099 1347 2189 1402 καὶ
2235 1352 2334 1403 τοῦ
2372 1348 2522 1417 Υίοῦ,
2569 1347 2656 1401 καὶ
2704 1351 2801 1402 τοῦ
2851 1347 3010 1420 ἁγίου
3059 1344 3394 1417 Πνεῦματος’
3426 1367 3455 1395 ››
3488 1342 3751 1418 ἐπαγγει-

2104 1434 2339 1509 λάμενος
2369 1433 2427 1491 δὲ
2471 1436 2660 1499 αὐτοῖς
2708 1436 2840 1490 αὐτὸ
2879 1436 3113 1507 πέμψειν
3150 1424 3347 1506 (29),⁷‹‹
3378 1429 3750 1507 παρήγγειλεν

2102 1525 2208 1580 ἀπὸ
2261 1522 2662 1601 Ἱεροσολύμων
2708 1525 2783 1598 μὴ
2838 1524 3195 1599 χωρίζεσθαι·
3247 1544 3275 1574 »ι
3328 1520 3418 1575 καὶ
3466 1521 3583 1594 μεθ’
3613 1520 3751 1593 ἡμέ-

2101 1632 2196 1687 ρας
2226 1610 2436 1690 ὀλίγας,
2472 1636 2500 1666 ‹‹
2547 1614 2631 1669 Ἑν
2684 1618 2766 1685 τῷ
2791 1609 3246 1685 συμπληροῦσθαι
3275 1612 3375 1679 τήν
3403 1607 3610 1684 ἡμέραν
3643 1616 3746 1678 τῆς

2102 1706 2500 1772 Πεντηκοστῆς,
2557 1702 2692 1769 ἦσαν
2744 1701 2943 1762 πάντες
2995 1700 3134 1772 ὁμοῦ
3180 1696 3267 1753 ἐπὶ
3320 1698 3383 1751 τὸ
3421 1696 3551 1751 αὐτό
3585 1698 3696 1769 (30)
3735 1715 3748 1729 ·

2100 1788 2190 1843 καὶ
2221 1787 2428 1864 ἐγένετο
2459 1785 2610 1863 ἄφνω
2641 1787 2700 1843 ἐκ
2726 1792 2824 1842 τοῦ
2873 1788 3108 1863 οὐρανοῦ
3159 1789 3321 1861 ἦχος,
3373 1783 3553 1861 ὥσπερ
3585 1804 3752 1861 φερο-

2107 1878 2271 1950 μένης
2302 1884 2474 1947 πνοῆς
2508 1876 2705 1953 βιαίας,
2738 1877 2825 1931 καὶ
2881 1874 3199 1949 ἐπλήρωσεν
3254 1872 3385 1929 ὅλον
3438 1874 3529 1927 τὸν
3577 1874 3747 1950 οἶκον⁷

2102 1964 2165 2019 οὗ
2195 1965 2659 2037 ἦσανςκαθήμιονι
2692 1982 2705 1996 ’
2759 1963 2849 2017 καὶ
2904 1962 3161 2038 ὤφθησαν
3216 1961 3400 2023 αὐτοῖς
3430 1957 3752 2036 διαμεριζό-

2105 2073 2257 2126 μεναι
2310 2050 2554 2129 γλῶσσαι
2609 2052 2735 2107 ὦσεὶ
2776 2052 2970 2127 πυρὸς,
3002 2050 3091 2106 καὶ
3124 2050 3373 2114 ἐκάθισαν
3409 2051 3519 2122 (31)
3552 2046 3632 2123 ἐφ’
3659 2043 3750 2102 ἕνα

2099 2139 2319 2199 ἕκαστον
2348 2143 2547 2198 αὐτῶνο
2603 2143 2690 2198 καὶ
2748 2140 3098 2212 ἐπλήσθησαν
3154 2141 3383 2204 ἅπαντες
3435 2137 3747 2211 Ιινεύματος

2102 2232 2279 2306 ἁγίου,
2311 2231 2400 2286 καὶ
2448 2228 2679 2303 ἤρξαντο
2735 2229 2923 2286 λαΛεῖν
2971 2229 3179 2304 ἑτέραις
3217 2228 3511 2305 γλώσσαις,
3567 2227 3750 2290 καθὼς

2099 2319 2162 2374 τὸ
2215 2322 2435 2391 Πνεῦμα
2485 2315 2668 2373 ἐδίδου
2722 2315 3147 2392 ἀποφθέγγεσθαι
3202 2317 3413 2377 αὐτοῖς.
3474 2336 3503 2366 ››
3562 2315 3745 2376 Ἔνθεν

2104 2407 2194 2462 οῦν
2217 2408 2306 2463 καὶ
2339 2405 2428 2463 διὰ
2457 2409 2552 2481 μὲν
2606 2415 2708 2477 τῆς
2762 2410 2873 2479 (32)
2934 2405 3221 2469 ἐπιθέσεως
3270 2410 3376 2460 τῶν
3403 2408 3605 2482 χειρῶν
3636 2405 3745 2457 τῶν

2103 2497 2423 2552 ἀποστόλων
2467 2494 2681 2552 ἐδίδοτο
2710 2502 2827 2560 τοῖς
2857 2496 3315 2571 ἀναγεννωμένοις
3341 2495 3404 2551 τό
3437 2497 3656 2566 Πνεῦμα
3682 2490 3746 2546 τὸ

2103 2583 2274 2661 ἅγιον
2310 2580 2552 2662 ’Ἄγαϐος
2572 2583 2629 2641 δέ
2657 2606 2741 2650 τις
2787 2587 3185 2663 προεφήτευσεν
3234 2583 3288 2641 ἐν
3340 2583 3518 2657 τούτῳ
3549 2583 3744 2660 λέγων’

2103 2698 2134 2728 ι(
2167 2671 2311 2733 Τάδε
2341 2673 2484 2750 λέγει
2534 2675 2598 2730 τὸ
2650 2679 2869 2747 Πνεῦμα
2918 2675 2980 2729 τὸ
3030 2675 3206 2749 ἅγιονο
3243 2697 3273 2726 ››
3325 2674 3353 2729 ὁ
3406 2670 3465 2729 δὶ
3510 2671 3745 2736 Παῦλος·

2104 2786 2133 2815 α
2168 2763 2255 2820 Ἐν
2283 2764 2329 2835 ᾦ
2361 2763 2500 2836 ὑμᾶς
2672 2764 2735 2818 τὸ
2787 2767 3002 2836 Πνεῦμα
3050 2763 3114 2818 τὸ
3166 2764 3318 2837 ἅγιον
3352 2759 3501 2827 ἔθετο
3531 2759 3749 2816 ἐπισκό-

2101 2872 2257 2921 πους,
2311 2852 2619 2924 ποιμαίνειν
2680 2854 2779 2921 τὴν
2836 2849 3166 2921 Ἐκκλησίαν
3204 2855 3301 2907 τοῦ
3340 2855 3474 2907 Θεοῦ
3514 2853 3648 2924 (34),
3677 2850 3747 2921 ἦν

2101 2942 2526 3016 περιεποιήσατο
2557 2938 2646 2998 διὰ
2673 2945 2770 2995 τοῦ
2821 2939 2965 2995 ἰδίου
3003 2938 3257 3014 αἵματος·
3294 2964 3323 2993 ι»
3352 2944 3449 2995 τοῦ
3476 2960 3536 2995 τε
3566 2938 3752 2995 εὐνού-

2103 3049 2209 3104 χου
2266 3030 2670 3104 βαπτισθέντος,
2728 3053 2757 3080 ‹‹
2810 3031 3050 3103 Ἣρπασε
3106 3029 3324 3101 Πνεῦμα
3375 3028 3575 3102 Κυρίου
3632 3029 3745 3101 (35)

2100 3117 2193 3172 τὸν
2228 3116 2531 3174 Ψίλιππον.
2558 3141 2585 3170 ››
2619 3118 2719 3174 Καὶ
2753 3116 2954 3191 Πέτρος
2985 3111 3201 3193 ἔγραψεο
3231 3141 3259 3168 ‹‹
3288 3116 3656 3189 Κομιζόμενοι
3683 3116 3748 3171 τὸ

2101 3205 2259 3269 τέλος
2289 3214 2389 3276 τῆς
2430 3207 2687 3276 πίστεως,
2743 3208 3017 3280 σωτηρίαν
3069 3209 3284 3281 ψυχων·
3316 3207 3438 3282 περὶ
3471 3209 3537 3275 ἧς
3566 3226 3751 3277 σωτη-

347 3317 447 3356 eas
478 3318 603 3373 quae
635 3303 693 3358 in
722 3303 953 3360 Christo
1000 3310 1140 3361 sunt
1188 3305 1494 3376 passiones
1533 3311 1591 3361 et
1640 3305 1992 3377 posteriores

2105 3296 2226 3370 ρίας
2255 3294 2579 3366 ἐξεζήτησαν
2631 3297 2718 3350 καὶ
2774 3293 3130 3367 ἐξηρεύνησαν
3184 3302 3484 3369 προφῆται,
3539 3295 3744 3368 οἱπερὶ

348 3387 565 3461 glorias
588 3391 651 3447 ιδ.
672 3412 700 3440 ››
720 3392 976 3449 Joannes
1000 3394 1142 3449 item
1161 3395 1392 3450 scribit:
1424 3415 1446 3445 ε
1472 3396 1534 3450 In
1558 3394 1667 3451 hoc
1688 3395 1989 3468 cognosci-

2105 3392 2197 3454 τῆς
2225 3383 2301 3447 εἰς
2335 3385 2473 3457 ὑμᾶς
2503 3387 2614 3458 (36)
2670 3383 2910 3460 χάριτοχ
2951 3383 3441 3458 προφητεύσαντες,
3493 3382 3745 3458 ἐρευνῶν-

349 3479 848 3550 musquoniamin
877 3497 943 3537 eo
958 3498 1286 3550 manemus,
1315 3488 1374 3538 et
1395 3484 1520 3554 ipse
1547 3484 1604 3539 in
1627 3485 1826 3541 nobis:
1852 3502 1991 3553 quo-

2105 3495 2187 3539 τες
2217 3474 2294 3537 εἷς
2320 3475 2443 3531 τίνα
2471 3476 2506 3544 ἣ
2539 3480 2698 3529 ποῖον
2738 3476 2924 3550 καιρὸν
2970 3471 3237 3544 ἐδηλοῦτο
3289 3472 3340 3528 ἐν
3372 3475 3558 3537 αὐτοῖς
3592 3479 3751 3529 Πνεῦ-

349 3568 511 3621 niam
532 3568 602 3623 de
621 3568 841 3640 Spiritu
865 3586 972 3625 suo
992 3571 1153 3625 dedit
1168 3571 1335 3626 nobis
1360 3572 1457 3626 “.n
1479 3570 1697 3628 Paulus
1722 3572 1993 3629 similiter

2105 3585 2179 3638 μα
2208 3567 2442 3639 Χριστοῦ
2494 3566 2630 3635 (37),
2686 3563 3212 3638 προμαρτυρόμενον
3264 3562 3331 3618 τὰ
3383 3563 3460 3625 εἰς
3509 3564 3743 3637 Χριστὸν

348 3655 471 3710 hac
499 3656 572 3712 ad
601 3660 897 3715 Romanos
918 3659 1156 3715 scribit:
1184 3680 1212 3710 «
1241 3659 1353 3715 Vos
1378 3667 1573 3715 autem
1597 3660 1657 3716 in
1679 3677 1853 3718 carne
1874 3678 1990 3718 non

2105 3658 2417 3728 παθήματα,
2439 3656 2529 3710 καὶ
2559 3655 2655 3718 τὰς
2709 3655 2843 3727 μετὰ
2891 3660 3060 3709 ταῦτα
3111 3651 3289 3727 δόξας.
3326 3678 3347 3707 ι
3408 3656 3507 3712 Καὶ
3564 3656 3592 3709 ὁ
3647 3654 3743 3728 μὶν

349 3744 514 3814 estis,
544 3746 647 3801 sed
677 3746 738 3802 in
768 3747 1005 3819 spiritu,
1040 3748 1091 3804 si
1124 3753 1319 3804 tamen
1349 3749 1606 3820 Spiritus
1634 3750 1735 3805 Dei
1766 3750 1994 3807 habitat

2105 3745 2359 3815 Ἰωάννης
2414 3740 2736 3799 ἐπέστειλεν·
2808 3768 2837 3796 (ι
2870 3744 2956 3798 Ἐν
3008 3742 3187 3814 τούτῷ
3236 3743 3598 3817 γινώσκομεν,
3660 3745 3744 3798 ὅτι

350 3834 409 3889 in
438 3834 620 3891 vobis.
644 3835 705 3892 Si
731 3836 864 3907 quis
881 3842 1077 3893 autem
1099 3837 1388 3908 Spiritum
1416 3838 1631 3895 Christi
1655 3855 1772 3895 non
1794 3839 1990 3909 habet,

2105 3833 2154 3889 ἐν
2187 3835 2338 3907 αὐτῷ
2372 3832 2628 3907 μένομεν,
2659 3833 2748 3887 καὶ
2784 3832 2946 3895 αὐτὸς
2980 3831 3032 3887 έν
3064 3834 3225 3906 ἡμῖν,
3257 3834 3340 3886 ὅτι
3371 3830 3431 3887 ἐκ
3452 3836 3548 3887 τοῦ
3578 3832 3745 3888 Πνεῦ-

346 3921 442 3979 hic
473 3941 590 3980 non
621 3928 711 3981 est
739 3926 889 3996 ejus.
922 3925 981 3981 Si
1012 3930 1207 3982 autem
1229 3926 1501 3983 Christus
1552 3927 1612 3983 in
1665 3928 1832 3984 vobis
1879 3932 1991 3998 est,

347 4029 561 4084 corpus
582 4014 823 4087 quidem
847 4020 1146 4077 mortuum
1177 4019 1517 4089 estpropter
1538 4019 1992 4090 peccatum,spi-

352 4104 504 4159 ritus
528 4119 660 4160 vero
682 4104 800 4160 vita
820 4109 911 4161 est
923 4104 1663 4177 propterjustitiamﬂuod
1674 4104 1725 4162 si
1742 4106 1996 4179 Spiritus

350 4191 478 4261 ejus
501 4193 598 4263 qui
619 4193 871 4249 suscitat
887 4193 1186 4249 Christum
1215 4192 1418 4251 Jesum
1445 4210 1479 4249 a
1495 4194 1997 4264 mortuis,habitat

350 4279 411 4334 in
434 4280 597 4337 vobis
621 4298 634 4338 :
659 4283 760 4354 qui
792 4283 1097 4339 suscitavit
1114 4283 1320 4340 Jesum
1337 4283 1642 4340 Christum
1667 4301 1701 4341 a
1722 4283 1992 4354 mortuis,

2105 3944 2275 3997 ματος
2332 3923 2499 3978 αὐτοῦ
2550 3917 2746 3976 ἔδωκεν
2801 3924 3016 3994 ἡμῖν’»
3077 3922 3105 3976 ὁ
3164 3921 3224 3975 δὶ
3277 3919 3492 3984 Παῦλος
3547 3923 3746 3997 γράφει

2103 4012 2399 4086 Ῥωμαίοις
2450 4011 2566 4085 μέν·
2631 4016 2826 4084 (ιΥμεῖς
2880 4007 2938 4066 δὲ
2991 4005 3089 4065 οὸκ
3135 4007 3251 4065 ἐστε
3302 4008 3357 4065 ἐν
3389 4011 3566 4082 σαρκὶ,
3617 4007 3747 4066 ἀλλ’

2103 4103 2156 4161 ἐν
2187 4102 2475 4177 πνεύματι,
2507 4099 2658 4178 εἷ’περ
2712 4105 2932 4174 Πνεῦμα
2984 4105 3117 4156 Θεοῦ
3169 4100 3308 4156 οἰκεῖ
3359 4099 3411 4157 ἐν
3446 4101 3572 4176 ὑμῖν
3604 4102 3741 4175 (38).

2103 4193 2169 4249 Ei
2200 4190 2257 4248 δέ
2283 4212 2367 4254 τις
2400 4196 2618 4263 Πνεῦμα
2666 4192 2904 4262 Χριστοῦ
2954 4190 3056 4245 οὐκ
3106 4183 3244 4265 ἔχει,
3291 4189 3448 4252 οὗτος
3473 4191 3576 4246 οὐκ
3604 4187 3747 4245 ἔστιν

2104 4281 2290 4338 αὐτοῦ.
2325 4278 2391 4335 Ei‘
2422 4277 2479 4335 δὲ
2530 4279 2762 4356 Χριστὸς
2816 4276 2868 4333 ἐν
2925 4279 3075 4352 ὑμῖν,
3129 4279 3191 4333 τὸ
3247 4279 3342 4353 μὲν
3373 4282 3532 4354 σῶμα
3558 4279 3746 4355 νεκρὸν

421 4422 442 4455 ⁸
473 4422 612 4479 Luc.
644 4440 724 4491 xx,
752 4425 844 4479 20.
947 4425 968 4460 °
992 4425 1195 4481 Matth.
1228 4441 1423 4493 xxvm,
1449 4427 1535 4482 19.
1633 4428 1653 4462 ⁷
1690 4429 1814 4484 Act.
1847 4444 1888 4491 ι,
1940 4428 1992 4483 4.

2105 4426 2117 4462 ⁵
2163 4427 2285 4482 Act.
2332 4441 2396 4491 ιι,
2439 4424 2558 4481 4-5.
2653 4425 2676 4459 θ
2721 4414 3014 4496 Δοιζνιιι,
3045 4423 3133 4480 17.

268 4471 272 4477 .
360 4496 365 4497 7
421 4424 442 4455 ⁵
473 4424 612 4479 Luc.
644 4440 724 4491 XI,
752 4425 844 4479 20.
947 4425 1195 4481 °Matth.
1228 4441 1423 4493 xxvm,
1449 4427 1535 4482 19.
1633 4428 1653 4462 ⁷
1690 4429 1814 4484 Act.
1847 4444 1888 4491 ι,
1940 4428 1992 4483 4.
2095 4426 2117 4462 ⁸
2163 4427 2285 4482 Act.
2332 4441 2396 4491 ιι,
2439 4424 2558 4481 4-5.
2653 4425 2676 4459 θ
2721 4424 2846 4480 Act.
2894 4439 3014 4496 vm,
3045 4424 3133 4480 17.
3238 4424 3285 4460 ¹⁰
3313 4427 3442 4482 Act.
3486 4441 3601 4496 xxx,
3653 4424 3747 4480 11.

349 4514 392 4548 ιι
428 4515 552 4567 Act.
582 4528 679 4582 xx,
707 4514 798 4567 28.
879 4513 924 4549 ¹²
953 4514 1078 4570 Act.
1109 4531 1232 4583 vm,
1260 4514 1348 4569 39.
1428 4515 1472 4552 ιδ
1497 4519 1523 4570 Ι
1552 4519 1705 4572 Petr.
1739 4533 1781 4585 ι,
1810 4516 1959 4573 9-11.

2115 4514 2331 4572 Iloan.
2366 4531 2442 4587 ιν,
2478 4514 2564 4571 13.

420 4672 533 4758 (ἓΊ)
562 4673 653 4729 Sic
683 4672 864 4746 Regii,
896 4673 1131 4746 Seguer.
1165 4672 1362 4731 Ottob.
1396 4674 1537 4731 editi
1569 4680 1765 4733 autem
1795 4679 1851 4733 et
1868 4675 1988 4749 alii,
2020 4681 2066 4747 1)

571 4816 731 4891 Regii
760 4820 818 4874 et
861 4815 1221 4890 Seguerian.,
1276 4820 1543 4888 μαθηταῖς
1581 4815 1665 4872 τά·
1695 4816 1990 4895 Πορευθέν-

343 4898 698 5035 Teiizsiiiieg.
738 4969 790 5035 1,
832 4965 1074 5035 Seguer.
1127 4963 1246 5021 τοῖς
1302 4965 1592 5035 μαθηταῖς.
1624 4916 1766 5035 llaec
1795 4965 1992 5035 autem

346 5031 524 5108 verba
552 5031 1024 5108 Enavyyetlsipsvoi
1047 5049 1233 5108 usque
1273 5031 1344 5108 ad
1398 5033 1514 5104 μεθ’
1562 5031 1769 5108 ἡμέρας
1804 5031 1995 5108 ὀλίγας

2168 4674 2283 4748 (34)
2308 4672 2449 4759 iteg.
2485 4676 2539 4744 1,
2570 4668 2791 4748 Κυρίου.
2823 4676 2900 4730 At
2938 4676 3174 4747 Seguer.
3223 4672 3390 4731 Gobl.
3423 4678 3481 4732 et
3507 4674 3657 4734 Felc.
3692 4677 3745 4746 1,

2099 4752 2515 4907 ῗρὲὅτὶἳξυρέου
2547 4818 2715 4875 abest
2740 4833 2776 4873 ο.
2803 4817 2938 4889 Reg.
2987 4818 3042 4873 2.
3084 4818 3213 4874 Mox
3246 4816 3404 4875 idem
3436 4822 3493 4875 et
3520 4819 3657 4892 Reg.
3692 4818 3748 4891 Ι,

2101 4891 2169 4948 Se
2218 4933 2252 4957 .,
2282 4891 2309 4943 ἔ
2343 4908 2497 4964 ραφε.

2174 4907 2286 5044 E39)
2308 4910 2479 5044 ilegii
2500 4965 2558 5017 et
2585 4961 2845 5033 Seguer.,
2877 4958 3045 5044 ἡμᾶς.

2173 5031 2286 5106 (37)
2316 5031 2428 5089 Sic'
2447 5031 2841 5106 omnes—mss.
2894 5036 3102 5103 praeter
3147 5031 3383 5106 Fel_c_.7_2
3430 5032 3653 5106 etﬁeg.
3683 5035 3741 5106 2,

349 5105 626 5178 omittunt
644 5100 873 5163 Gobler.
907 5110 965 5162 et
989 5100 1239 5178 Felclim.
1274 5106 1324 5177 1,
1359 5100 1617 5178 quorum
1650 5100 1775 5163 loco
1805 5100 1995 5178 solam
2105 5100 2229 5178 qui,
2262 5100 2324 5161 ut
2352 5109 2610 5178 Graecus__
2631 5100 2938 5178 scripturis
2975 5107 3188 5178 textus,
3238 5100 3438 5178 ἐδήλου
3470 5105 3531 5160 τὸ
3566 5100 3628 5160 ἐν
3649 5100 3744 5159 αὐέ

2101 5175 2239 5238 τοῖς.
2271 5181 2400 5258 Mog:
2455 5175 3250 5258 Regii’Seguer.‘Goblernet
3293 5175 3486 5258 Felck.
3538 5180 3589 5258 1,
3620 5196 3753 5249 προ-

2108 5238 2571 5341 μαρτυρούμενοηῖ
2603 5238 2766 5302 Ιίῖἠόξ⁷
2782 5245 3008 5303 Gobler.
3042 5252 3101 5303 et
3151 5250 3296 5332 Fele.
3327 5250 3392 5331 _1,
3422 5238 3743 5333 παθήματα.

2105 5326 2202 5390 Kac
2246 5318 2518 5390 Ἰωάννης·
2553 5318 2637 5374 ’Ev
2691 5316 2890 5390 τούτῳ,
2929 5323 3040 5375 etc.
3072 5323 3219 5376 Item
3262 5320 3481 5377 Ibidem
3524 5321 3754 5390 3118111.,

348 5177 554 5260 partio.
586 5178 678 5260 καί
710 5178 819 5234 hoc
868 5178 1041 5234 modo
1074 5174 1341 5234 habent:
1374 5174 1462 5231 καὶ
1516 5174 1567 5230 ἐν
1607 5181 1686 5249 τῷ
1736 5175 1995 5250 συμπλη-

349 5255 597 5322 ροῦσθαι.
631 5255 740 5306 etc.

422 5321 534 5396 (30)
568 5323 703 5396 Reg.
737 5322 789 5394 4,
822 5321 1060 5394 Seguer.
1114 5319 1342 5377 Gobler.
1393 5325 1452 5378 et
1499 5320 1652 5379 Felc.
1701 5322 1729 5378 1
1787 5321 1996 5395 ὁμοθυ-

394 5388 545 5449 αδὸν.
648 5388 681 5396 ⁷
773 5388 785 5394 ⁷
898 5388 927 5394 ⁷
1821 5388 1832 5395 ⁷
2106 5388 2447 5447 ἐπέστελλεν.

351 5413 705 5540 μέῖἕῖ)⁷1ὶοε.
758 5466 810 5538 1,
859 5463 1096 5536 Seguer.
1150 5459 1415 5538 ἐκάθισεν,
1464 5465 1563 5537 qui
1614 5464 1793 5523 iidem
1840 5481 1994 5532 mox,

2106 5413 2447 5447 επεστεΛΛῑν.

2179 5464 2290 5537 (38)
2321 5458 2967 5540 Basiliensis,_An_glic._,
3000 5457 3632 5540 év_otx§‘t.7_Quee_ibide_m
3658 5479 3750 5540 so-

346 5529 558 5601 πάντες.
648 5529 682 5540 ν
794 5529 806 5538 ⁷
933 5529 966 5536 ⁷
1053 5607 1056 5608 7
1393 5529 1412 5538 ⁷
1478 5529 1533 5608 Ἀ
1666 5607 1669 5608 7
1811 5607 1816 5608 7
1913 5603 1984 5608 ,Α

2107 5529 2372 5608 (ιυύοὶυι-
2421 5550 2609 5608 usque
2650 5533 2726 5608 ad
2750 5529 2997 5608 ,Χριστὸς
3021 5529 3105 5608 -ἐν-
3148 5533 3274 5606 ὑμῖν
3323 5535 3537 5608 habent
3566 5536 3751 5607 Regii,

427 5611 547 5691 (32)¹
569 5611 706 5683 Reg.
743 5610 795 5682 1,
825 5607 1242 5681 Seguerianus,
1283 5608 1470 5672 ’Ένθεν
1522 5606 1717 5684 λοιπὸν
1769 5607 1862 5682 μὶν
1910 5603 1994 5662 διὰ

2105 5602 2337 5690 seguer.
2362 5602 2589 5691 Anglic,
2628 5602 2859 5691 Gobler.
3016 5602 3268 5691 ἔξεισι-⁷1,
3293 5612 3352 5663 et
3381 5607 3553 5691 vertit
3584 5602 3754 5691 Nan-li-

348 5677 469 5749 τῆς,
501 5677 609 5737 etc.
652 5677 682 5683 ⁷
778 5677 789 5682 ⁷
900 5677 928 5681 ⁷
1036 5748 1041 5749 7
1226 5677 1236 5680 ⁷
1525 5677 1535 5684 ⁷
1770 5677 1779 5682 ⁷
2106 5677 2243 5736 nius
2277 5697 2291 5739 :
2324 5677 2515 5737 ceteri
2540 5682 2599 5736 et
2626 5677 2766 5735 editi
2805 5677 3105 5734 omittunt.
3148 5677 3294 5735 Ibid.
3342 5680 3668 5749 ωσι-Κορῆ
3698 5683 3755 5737 et

425 5754 536 5829 (33)
563 5751 653 5829 Ἐν
685 5752 730 5824 ᾧ
765 5751 901 5825 ὑμᾶς
931 5748 1215 5807 omittunt
1245 5751 1382 5823 Reg.
1417 5752 1466 5821 1,
1495 5751 1732 5823 Seguer.
1764 5749 1993 5809 Gobler.
2105 5749 3221 5829 seguerqnecnonprpcusBcripturss
3240 5755 3457 5823 textus,
3482 5746 3554 5805 ’δι’
3575 5746 3757 5827 ἆμαρ.

345 5816 580 5882 ειΡοΙο.
615 5816 712 5881 1.⁷
799 5816 810 5825 ⁷
1327 5816 1359 5823 ⁷
1444 5816 1472 5880 ζ
1572 5816 1605 5823 ⁷
1912 5883 1927 5891 ,

2107 5816 2273 5883 τίᾶν..
2298 5823 2419 5883 ἈΙὶἱ
2446 5826 2506 5884 et
2531 5821 2694 5895 editi,
2727 5816 2818 5877 διὰ
2842 5819 2942 5890 τὴν
2975 5816 3264 5895 ἁμαρτίαν.
