4076 6368
283 434 406 492 519

1404 427 1787 488 EPISTULA
1836 424 1860 485 1
1903 423 2004 482 ΑΙ)
2051 421 2583 484 SERAPIONEM.

2702 12 3439 51 ﬁmi
3454 10 3615 49 ιζ’-πῖ

3587 431 3708 492 550

285 585 575 664 ἀνθρώπου
607 584 656 640 εἴ
688 585 763 658 μή
795 585 858 639 τὸ
879 587 1100 659 Πνεῦμα
1124 588 1220 642 τοῦ
1244 584 1539 661 ἀνθρώπου
1557 584 1621 639 τὸ
1644 582 1696 639 ἐν
1714 581 1882 654 αὐτῷ.
1909 603 1939 634 ››

2074 600 2086 631 ι
2117 578 2298 636 Nemo
2332 579 2445 636 scit
2473 596 2606 653 quae
2637 586 2775 639 sunt
2807 582 3215 652 hominis,nisi
3246 586 3489 660 spiritus
3520 590 3716 649 1]οωὶ-

289 679 375 733 Ἐν
410 673 469 731 δὲ
492 675 561 750 τῇ
604 674 740 750 πρὸς
791 671 1208 738 Θεσσαλονικεῖς
1258 671 1522 748 ἐπιστολῇ
1572 670 1943 747 ἐπευχόμενος

290 765 460 843 λέγει’
496 789 525 817 ‹‹
570 762 908 840 Ὁλόκληρον
955 762 1109 838 ὐμῶν
1157 764 1220 819 τὸ
1266 765 1507 837 ΙῙνευμα,
1555 761 1645 818 καὶ
1694 763 1729 831 ἡ
1762 759 1941 835 ψυχὴ,

292 855 472 912 καὶτὸ
505 858 664 928 σῶμα
715 850 1023 927 ἀμέμπτως
1069 852 1123 909 ἒν
1174 852 1244 928 τῇ
1290 853 1559 928 παρουσίᾳ
1608 855 1702 906 τοῦ
1751 847 1950 924 Κυρίου

290 949 449 1019 ἡμῶν
629 945 809 1014 Ἰησοῦ
859 943 1102 1019 Χριστοῦ
1128 942 1420 1020 τηρηθείη.
1455 964 1484 993 ››
1516 940 1739 1015 Λέγεται
1771 936 1828 994 δὲ
1856 938 1947 994 καὶ

290 1035 499 1108 ἀνέμων
559 1031 841 1106 μνεύματα
896 1031 1068 1095 οὕτως
1126 1032 1177 1087 ἐν
1235 1032 1329 1107 μὶν
1383 1034 1452 1106 τῇ
1500 1029 1722 1105 γενέσει·
1763 1048 1790 1081 ιι
1850 1034 1926 1082 Kc:

292 1124 558 1200 ἐπήγαγεν
610 1123 638 1177 6
687 1122 815 1183 Θεὸς
863 1125 1078 1195 πνεῦμα
1122 1120 1210 1176 ἐπὶ
1256 1121 1355 1188 τήν
1405 1126 1531 1195 γῆν,
1579 1119 1668 1172 καὶ
1720 1116 1949 1172 ἐκόπασε

288 1215 350 1269 τὸ
382 1208 553 1288 ὕδωρ·
588 1209 736 1266 »ἐπὶ
786 1207 844 1266 δὲ
888 1215 984 1266 τοῦ
1034 1212 1204 1265 Ἰωνᾶ·
1260 1233 1289 1262 ‹‹
1335 1209 1435 1264 Καὶ
1484 1208 1679 1284 Κύριος
1710 1205 1949 1283 ἐξήγειρε

289 1306 505 1374 πνεῦμα
534 1299 622 1354 ἐπὶ
651 1298 751 1368 τήν
798 1296 1094 1369 θάλασσαν,
1128 1298 1219 1354 καὶ
1268 1295 1480 1371 ἐγένετο
1528 1293 1744 1350 κλύδων
1781 1289 1946 1371 μέγας

294 1390 348 1447 ἐν
399 1393 469 1465 τῇ
517 1387 781 1463 θαλάσσῃ’
832 1388 922 1443 καὶ
968 1387 1033 1444 τὸ
1064 1385 1260 1444 πλοῖον
1294 1382 1595 1442 ἐκινδύνευε
1616 1388 1711 1440 τοῦ
1742 1404 1949 1459 συντρι-

292 1481 458 1557 βῆναι
488 1480 621 1554 (56).
658 1501 688 1530 ››
718 1475 817 1532 Καὶ
851 1476 903 1532 ἐν
950 1478 1045 1551 μὲν
1088 1481 1170 1549 τῷ
1217 1477 1492 1549 ἑκατοστῷ
1537 1472 1679 1549 ἕκτῳ
1708 1472 1946 1555 ψαλμῷ.

288 1571 611 1647 γέγραπται·
651 1590 679 1617 ι(
723 1567 879 1633 Εἶπε,
925 1565 1015 1622 καί
1065 1563 1191 1636 ἔστη
1239 1568 1454 1638 πνεῦμα
1490 1561 1824 1639 καταιγίδος,
1855 1562 1944 1619 καὶ

296 1660 489 1734 ὑψώθη
519 1658 588 1713 τὰ
614 1655 831 1729 κύματα
861 1654 1050 1726 αὐτῆς.
1086 1679 1116 1708 ››
1157 1661 1244 1711 Ἐν
1294 1652 1353 1710 δὲ
1399 1658 1480 1728 τῷ
1528 1655 1803 1726 ἑκατοστῷ
1832 1673 1946 1707 τεσ·

290 1750 611 1823 σαρακοστῷ
663 1742 848 1821 ὀγδόῳ
894 1744 1120 1819 ψαλμῷ⁶
1168 1764 1196 1799 ι
1242 1744 1449 1802 Αἰνεῖτε
1493 1744 1584 1799 τὸν
1639 1742 1833 1820 Κὺριον
1885 1739 1946 1797 ἐκ

285 1844 389 1908 τῆς
420 1838 542 1914 γῆς,
575 1833 863 1911 δράκοντες
898 1834 988 1889 καὶ
1020 1838 1186 1889 πᾶσαι
1236 1826 1483 1907 ἄϐυσσοι,
1532 1837 1661 1910 πῦρ,
1703 1830 1941 1908 χάλαζα,

2059 667 2153 723 nis
2186 668 2286 740 qui
2318 667 2379 724 in
2410 668 2540 743 ipso
2568 674 2657 727 est
2685 672 2749 726 ⁸⁸.
2788 693 2818 722 ››
2851 672 2917 728 Et
2946 673 3207 745 Epistola
3233 677 3305 733 ad
3337 678 3712 739 Thessaloni-

2058 772 2265 813 censes
2295 756 2417 813 haec
2447 762 2720 831 precatur
2752 778 2765 816 :
2805 779 2828 810 ι
2860 761 3093 834 Integer
3117 764 3361 837 spiritus
3417 772 3608 827 vester
3655 777 3714 829 et

2059 844 2256 902 anima
2310 850 2368 902 et
2424 863 2639 921 corpus
2690 847 2818 905 sine
2847 851 3087 922 querela
3115 852 3174 908 in
3198 855 3451 912 adventu
3482 857 3712 915 Domini

2057 936 2243 992 nostri
2272 935 2413 992 Jesu
2445 936 2662 994 Christi
2693 943 2958 996 servetur
2986 941 3052 998 ³⁷.
3080 963 3108 991 ››
3133 943 3356 1001 Dicitur
3384 946 3562 1003 etiam
3582 964 3714 1005 ven-

2058 1029 2255 1081 torum
2287 1024 2532 1098 spiritus
2562 1026 2737 1083 sicuti
2767 1027 2827 1085 in
2861 1030 3071 1087 Genesi
3101 1033 3390 1107 scriptum
3420 1042 3512 1094 est
3543 1054 3556 1094 :
3595 1061 3616 1088 ι
3642 1039 3715 1095 Et

2058 1114 2299 1169 adduxit
2328 1114 2482 1171 Deus
2512 1115 2791 1187 spiritum
2820 1134 2999 1191 super
3026 1123 3265 1190 terram,
3300 1129 3358 1180 et
3384 1125 3710 1184 imminutae

2058 1208 2192 1259 sunt
2222 1218 2386 1275 aqua:
2418 1203 2529 1260 ³⁸.»
2548 1206 2622 1260 De
2651 1205 2802 1262 Jona
2828 1206 2967 1265 item
3003 1225 3017 1266 :
3081 1231 3110 1261 «
3160 1215 3230 1268 Et
3286 1214 3559 1272 excitavit
3612 1221 3716 1274 Do-

2061 1291 2261 1349 minus
2282 1292 2561 1364 spiritum
2583 1293 2645 1349 in
2675 1310 2857 1365 mare,
2882 1300 2939 1354 et
2958 1298 3109 1356 facta
3130 1305 3218 1357 est
3236 1305 3558 1376 tempestas
3586 1322 3714 1363 ma-

2058 1397 2175 1455 gna
2197 1381 2256 1437 in
2278 1381 2448 1452 mari,
2479 1386 2537 1439 et
2558 1383 2723 1440 navis
2760 1384 3203 1457 periclitabatur
3231 1393 3450 1449 conteri
3489 1396 3554 1451 ³⁸.
3585 1418 3608 1448 ι
3648 1398 3715 1454 Et

2056 1468 2117 1526 in
2148 1471 2471 1528 centesimo
2501 1475 2662 1528 sexto
2694 1472 2923 1545 psalmo
2955 1493 2969 1533 :
3009 1499 3031 1527 ι
3065 1476 3223 1534 Dixit
3249 1483 3306 1536 et
3334 1481 3492 1538 venit
3538 1484 3713 1556 spiri-

2055 1562 2153 1615 tus
2173 1558 2462 1631 proeellze,
2500 1560 2795 1619 etexaltati
2820 1568 2962 1620 sunt
2982 1564 3197 1624 ﬂuctus
3233 1570 3363 1641 ejus
3386 1571 3452 1630 ⁸ο.
3490 1592 3517 1622 υ
3548 1576 3615 1630 Et
3653 1575 3713 1631 in

2056 1648 2383 1706 contesimo
2407 1651 2860 1724 quadragesimo
2892 1658 3092 1713 octavo
3122 1657 3385 1730 psalmo:
3406 1683 3437 1712 «
3456 1662 3719 1722 Laudato

2055 1737 2371 1795 Dominum
2394 1740 2466 1795 de
2489 1743 2664 1812 terra,
2690 1742 2975 1801 dracones
2999 1749 3057 1801 et
3077 1762 3284 1805 omnes
3313 1749 3525 1823 abyisi,
3553 1752 3712 1826 ignis

2052 1828 2299 1901 grando,
2325 1827 2445 1902 nix,
2476 1827 2713 1903 glacies,
2742 1831 2986 1904 spiritus
3017 1835 3427 1907 procellarum,
3459 1856 3589 1912 quea
3620 1844 3708 1899 fa-

290 1926 461 2004 χιὼν,
516 1922 885 2001 κρύσταλλος,
934 1926 1148 1997 πνεῦμα
1193 1919 1525 1999 καταιγίδος,
1573 1922 1640 1978 τὰ
1684 1925 1945 1977 ποιοῦντα

328 2014 477 2026 ...
653 2011 770 2026 ...
962 2010 1362 2026 ........
1461 2008 1908 2026 -.....-.

2074 1916 2220 1974 aiunt
2248 1917 2490 1974 verbum
2520 1918 2648 1991 ejus
2680 1918 2748 1976 ⁸³.
2777 1942 2806 1971 ››
2839 1921 2905 1976 Et
2935 1924 3090 1995 apud
3120 1924 3499 2000 Ezechielem,
3538 1929 3599 1985 in
3631 1932 3719 1989 la-

287 2018 380 2072 τὸν
413 2014 576 2090 λόγον
609 2011 793 2069 αὐτοῦ’
834 2036 856 2065 ι
889 2011 980 2068 καὶ
1032 2010 1085 2067 ἐν
1131 2016 1211 2085 τῷ
1258 2008 1523 2088 Ἰεζεχιῆ)
1565 2010 1652 2067 ἐπὶ
1684 2015 1781 2067 τοῦ
1811 2012 1941 2084 θσή-

288 2127 387 2163 νου
421 2103 531 2180 Σόρ
562 2104 697 2178 (57)·
735 2125 757 2156 ι
802 2102 892 2158 Ἐν
938 2099 1136 2177 καρδίᾳ
1183 2098 1479 2173 θαλάσσης,
1533 2100 1584 2157 ἰν
1618 2098 1769 2156 ὕδατι
1800 2101 1940 2156 πολ-

292 2195 379 2268 λῷ
412 2195 542 2271 ἦγὸν
573 2213 630 2248 σε
654 2193 706 2248 οἱ
752 2188 1079 2263 κωπηλάται
1130 2212 1225 2247 σου
1259 2209 1271 2223 ⁸
1322 2192 1385 2247 τὸ
1425 2194 1638 2265 πνεῦμα
1661 2194 1759 2247 τοῦ
1788 2185 1944 2246 νὸτου

294 2281 581 2360 συνετριψὲ
609 2302 687 2339 σε,
722 2305 751 2334 »

367 2375 424 2431 8.
459 2370 916 2447 Ἐντυγχάνοντες
945 2366 1003 2425 δὲ
1029 2368 1120 2425 καὶ
1154 2369 1307 2443 ὑμεῖς
1336 2374 1455 2432 ταῖς
1479 2367 1654 2446 ἁγίαις
1812 2376 1947 2446 Γρα-

293 2468 445 2536 φχῖς,
506 2461 762 2535 εὑρήσετε
833 2457 1126 2533 λεγόμενον
1203 2461 1418 2532 πνεῦμα
1472 2457 1562 2513 καὶ
1604 2459 1694 2513 τὸν
1746 2457 1797 2514 ἐν
1849 2457 1948 2513 αὐ·-

292 2557 413 2613 τοῖς
447 2553 565 2612 τοῖς
594 2548 757 2611 θείοις
790 2547 980 2625 λόγοις
1028 2552 1178 2616 νοῦν,
1223 2547 1522 2626 γράφοντος
1570 2551 1667 2602 τοῦ
1706 2546 1946 2604 Παύλου·

303 2662 329 2691 ι
360 2642 462 2703 "Oc
494 2640 608 2713 (59)
635 2637 723 2694 καὶ
765 2638 1023 2693 ἱκάνωσεν
1074 2640 1221 2710 ἡμᾶς
1272 2634 1554 2699 διακόνους
1588 2639 1792 2703 Καινῆς
1825 2644 1950 2692 Δια-

296 2732 502 2801 θήκης,
536 2727 596 2783 οὐ
627 2730 977 2805 γράμματος,
1011 2723 1158 2781 ἀλλά
1186 2726 1514 2801 πνεύματος*
1545 2726 1615 2782 Τὸ
1644 2725 1744 2802 γὰρ
1776 2727 1953 2803 γράμ-

302 2840 380 2892 μα
411 2816 737 2889 ἀποκτείνει,
768 2815 832 2871 τὸ
879 2812 936 2870 δὲ
977 2818 1193 2889 πνεῦμα
1242 2819 1522 2886 ζωοποιεῖ.
1557 2838 1586 2867 ››
1617 2816 1689 2871 Τὸ
1724 2816 1817 2889 μὲν
1850 2836 1955 2892 γαρ

298 2907 471 2985 ῥητὸν
528 2906 815 2983 γράμματι
869 2903 1224 2981 κεχάρακταιο
1276 2905 1304 2959 6
1354 2901 1412 2959 δὲ
1459 2908 1581 2967 νοῦς
1630 2905 1659 2959 6
1710 2903 1762 2959 ἐν
1809 2904 1956 2977 αὐτῳ

299 3001 522 3071 πνεῦμα
568 2994 801 3072 λέγεται.
853 2994 1043 3057 Οὕτως
1092 2993 1181 3049 καὶ
1217 3016 1245 3047 ‹‹
1294 2995 1322 3049 6
1369 2993 1541 3068 νόμος
1590 2995 1957 3068 πνευματικός

309 3085 477 3159 ἐστιν,
512 3108 541 3137 ››
566 3082 638 3139 ’ἔν’
668 3084 743 3146 ὡς
789 3081 954 3140 πάλιν
1007 3080 1194 3160 εἴρηκε
1240 3084 1376 3157 (60),
1423 3084 1500 3157 μή
1528 3080 1875 3158 δουλεύωμεν
1905 3082 1956 3139 ἐν

307 3173 647 3246 παλαιότητι
676 3171 1025 3250 γράμματος,
1057 3172 1185 3230 ἀλλ’
1229 3172 1280 3229 ἐν
1320 3176 1603 3245 καινότητι
1632 3174 1959 3248 πνεύματος.

2051 2010 2251 2063 menta
2278 2006 2414 2081 Tyri
2446 2024 2461 2063 :
2494 2030 2523 2059 α
2557 2007 2623 2065 In
2654 2010 2827 2067 corde
2859 2011 3062 2083 maris,
3092 2011 3152 2068 in
3178 2014 3349 2086 aquis
3375 2016 3578 2076 multis
3607 2021 3708 2076 ad-

2053 2096 2347 2153 duxerunt
2374 2101 2432 2154 te
2460 2097 2712 2171 remiges
2742 2100 2828 2155 tui
2862 2116 2875 2156 :
2907 2099 3153 2172 spiritus
3202 2104 3390 2162 austri
3438 2107 3713 2166 contrivit

2054 2189 2110 2243 te
2140 2187 2204 2243 62.
2233 2208 2261 2236 υ

2128 2362 2185 2419 8.
2217 2363 2367 2429 Quin
2400 2364 2577 2422 etiam
2610 2365 2659 2421 si
2690 2365 2856 2422 vobis
2890 2372 3126 2426 sanctas
3148 2369 3394 2431 Litteras
3414 2374 3604 2449 legere
3633 2377 3721 2436 lu-

2063 2454 2423 2526 beat,ipsum
2456 2455 2788 2512 divinorum
2821 2457 3132 2515 verborum
3164 2466 3719 2538 sensum,spiritum

2062 2558 2297 2616 quoque
2327 2543 2610 2616 appellari
2645 2546 2970 2618 reperietis.
3007 2548 3102 2604 Sic
3136 2550 3295 2607 enim
3330 2552 3548 2611 Paulus
3579 2558 3722 2613 scri-

2062 2631 2188 2688 bit:
2218 2654 2239 2682 «
2275 2633 2379 2699 Qui
2404 2638 2461 2689 et
2481 2633 2721 2690 idoneos
2743 2651 2848 2691 nos
2871 2634 3004 2692 fecit
3027 2638 3330 2697 ministros
3354 2642 3494 2699 Novi
3517 2647 3718 2703 Testa-

2066 2719 2267 2789 menti,
2306 2738 2419 2776 non
2452 2721 2681 2794 litterae,
2712 2724 2813 2779 sed
2847 2725 3112 2796 spiritus.
3142 2728 3360 2787 Littera
3387 2733 3545 2790 enim
3577 2737 3723 2794 occi-

2066 2809 2174 2898 dit,
2194 2809 2440 2880 spiritus
2469 2815 2666 2868 autem
2696 2812 2946 2870 viviﬁcat
2976 2815 3040 2871 ⁸³.
3076 2837 3103 2865 η
3138 2817 3440 2891 Siquidem
3472 2824 3717 2898 dictum,

2067 2896 2263 2954 littera
2291 2902 2594 2956 exaratum
2625 2904 2715 2957 est
2747 2916 2760 2955 :
2792 2917 3005 2958 sensus
3035 2919 3172 2960 vero
3210 2923 3383 2977 quem
3437 2896 3718 2983 continet,

2068 2986 2315 3060 spiritus
2345 2988 2579 3044 dicitur.
2614 2989 2700 3045 Ita
2730 2993 2788 3045 et
2818 3011 2847 3041 «
2877 2989 2970 3048 lex
2998 2992 3323 3065 spiritualis
3352 3004 3444 3056 est
3474 3001 3539 3071 ⁸⁸,
3571 3023 3599 3054 »
3635 3007 3718 3072 ut,

2070 3077 2572 3148 quemadmodum
2596 3078 2752 3136 idem
2774 3079 2939 3151 dixit,
2964 3098 3080 3139 non
3110 3085 3435 3147 serviamus
3466 3090 3525 3147 in
3554 3096 3719 3149 vetu-

2071 3169 2224 3255 state
2245 3164 2469 3235 litterze,
2497 3168 2598 3223 sed
2630 3168 2690 3225 in
2721 3169 2974 3227 novitate
3002 3172 3267 3245 spiritus.
3292 3176 3449 3234 Idem
3484 3196 3740 3255 quoque.

294 3266 400 3320 Καὶ
450 3263 608 3326 αὐτὸς
661 3264 755 3337 μὲν
804 3263 1146 3339 εὐχαριστῶν
1193 3258 1399 3339 ἔλεγεν
1443 3268 1611 3340 «Ἄρα
1659 3261 1752 3318 οῦν
1802 3264 1959 3326 αὐτὸς

2074 3253 2293 3328 gratias
2323 3271 2503 3328 agens
2533 3257 2765 3315 dicebat
2784 3260 2828 3294 ⁸⁸
2843 3275 2856 3316 :
2872 3281 2896 3315 ο
2912 3260 3096 3333 Igitur
3110 3279 3215 3336 ego
3236 3264 3364 3339 ipse
3387 3275 3580 3327 mente
3602 3253 3726 3329 ser-

294 3355 412 3431 ἒγὼ
440 3352 521 3427 τῷ
555 3332 769 3427 μὶν-νοΐ
810 3332 1054 3407 δουλεύω
1103 3350 1257 3426 νόμῳ
1299 3332 1455 3422 δεοῦ,
1486 3332 1555 3426 cf;
1584 3350 1642 3408 δὲ
1672 3353 1829 3429 σαρκὶ
1858 3354 1949 3409 νό-

2074 3343 2155 3400 vio
2183 3343 2296 3416 legi
2331 3344 2427 3401 Dei
2461 3362 2474 3400 :
2508 3362 2679 3403 carne
2709 3332 3077 3424 autemilegi
3109 3332 3352 3424 peccati.
3388 3356 3544 3416 Nihil
3589 3377 3724 3432 ergo

298 3465 392 3516 μῳ
434 3440 718 3518 ἁμαρτίας·
753 3438 904 3496 οὐδὲν
952 3438 1045 3496 νῦν
1086 3437 1191 3517 ἄρα
1239 3443 1354 3516 (61)
1401 3440 1711 3518 κατάκριμα
1754 3448 1870 3505 τοῖς
1903 3441 1954 3498 ἐν

297 3531 523 3607 Χριστῷ
553 3532 753 3603 Ἰησοῦ.
783 3530 843 3588 Ὀ
872 3530 973 3606 γὰρ
1002 3530 1175 3605 νόμος
1204 3535 1301 3585 τοῦ
1332 3529 1638 3604 πνεύματος
1677 3539 1779 3601 τῆς
1812 3536 1960 3603 ζωῆς

298 3622 356 3679 ἐν
387 3624 605 3696 Χριστῷ
638 3617 815 3691 Ἰησοῦ
863 3617 1208 3698 ἠλευθερωσὲ
1243 3642 1310 3694 με
1356 3621 1462 3677 ἀπὸ
1510 3625 1606 3677 τοῦ
1648 3622 1824 3695 νόμου
1860 3629 1960 3693 τῆς

301 3708 596 3785 ἁμαρτίας·
633 3731 663 3760 ››
722 3708 751 3763 6
805 3704 863 3762 δὲ
913 3705 1215 3780 Φίλιππος,
1262 3709 1354 3764 τὸν
1406 3708 1667 3785 εὐνοῦχον
1717 3710 1824 3766 ἀπὸ
1867 3716 1963 3766 τοῦ

304 3801 639 3876 γράμματος
690 3795 765 3859 είς
815 3796 878 3851 τὸ
935 3800 1149 3871 πνεῦμα
1197 3796 1371 3854 Θὲλων
1422 3797 1781 3877 ἐπιστρέφειν,
1841 3796 1965 3856 ἔλε-

302 3905 422 3965 γινο
454 3885 655 3962 «Ἀρά
696 3906 760 3961 γε
814 3885 1101 3963 γινώσκεις
1153 3887 1187 3941 ἅ
1244 3886 1640 3963 ἀναγιώσκεις;
1691 3912 1722 3940 ››
1778 3893 1967 3944 τοιοῦ-

300 3998 398 4033 τον
435 3974 689 4050 ἐσχηκὼς
736 3980 1085 4051 μαρτυρεῖται
1132 3975 1224 4030 καὶ
1280 3977 1308 4031 ὁ
1366 3972 1547 4035 Χάλεϐ
1590 3979 1699 4052 (62)
1749 3976 1803 4033 ἂν
1850 3983 1968 4040 τοῖς

308 4068 626 4142 ’Λριθμοῖς,
659 4067 756 4119 τοῦ
789 4067 922 4119 Θεοῦ
971 4060 1249 4140 λεγοντος·
1303 4088 1332 4117 ‹‹
1362 4066 1424 4123 Ὀ
1468 4063 1526 4121 δὲ
1555 4071 1685 4130 παῖς
1719 4087 1823 4141 μου
1853 4069 1966 4125 Χά..

307 4149 437 4223 λεϐ,
469 4154 551 4208 ὅτι
584 4152 806 4230 ἐγενήθη
841 4149 1025 4227 ἕτερον
1074 4156 1291 4227 πνεῦμα
1338 4153 1390 4210 ἐν
1439 4154 1608 4229 αὐτῷ,
1639 4156 1729 4211 καὶ
1761 4156 1969 4226 ἐπηκο-

311 4239 557 4315 λούθησὲ
591 4263 685 4315 μοι
714 4261 727 4275 ·
764 4241 956 4316 εῗσάξω
986 4241 1146 4298 αὐτὸν
1199 4243 1275 4306 είς
1322 4244 1421 4313 τὴν
1451 4251 1551 4320 γῆν
1581 4245 1658 4310 εἷς
1687 4245 1752 4315 ἥν
1787 4245 1970 4316 εἷ’σῆλ-

311 4346 400 4398 θεν
432 4330 544 4388 ἐκεῖ
572 4333 710 4403 (63).
745 4354 774 4383 ›)
806 4330 993 4406 ’Άλλῃ
1041 4333 1144 4407 γὰρ
1195 4330 1404 4405 διανοίᾳ
1449 4334 1595 4410 παρᾶ
1621 4335 1719 4404 τὴν
1754 4334 1970 4391 ἐκείνων

308 4418 473 4481 αὐτὸς
504 4417 770 4490 λαλήσας,
820 4416 1102 4492 εὐάρεστος
1150 4423 1229 4491 τῷ
1280 4424 1396 4492 Θεῷ
1445 4441 1655 4497 γεγονε.
1704 4422 1968 4492 Τοιαύτην

310 4507 461 4585 ἔχειν
505 4506 831 4584 προέτρεψεν
865 4508 892 4561 6
925 4508 1055 4569 Θεὸς
1097 4508 1188 4563 τὸν
1235 4507 1364 4565 λαὸν
1411 4506 1631 4585 καρδίαν
1683 4508 1779 4565 δτά
1807 4514 1967 4580 Ἰεζε-

389 4618 439 4652 ³⁵
470 4621 490 4670 l
522 4616 653 4671 Cor.
688 4633 751 4687 ιι,
781 4617 867 4671 11.
944 4616 988 4652 ⁸⁷
1019 4620 1040 4669 I
1067 4616 1274 4674 Thess.
1307 4635 1360 4687 ν,
1388 4618 1477 4673 23·

1591 4618 1635 4653 ³⁸
1661 4618 1803 4675 Gen.
1835 4635 1958 4690 vm,
1990 4618 2043 4675 1.

2071 3449 2227 3489 nunc
2259 3434 2660 3493 damnationis
2682 3442 2772 3493 est
2802 3438 2874 3496 iis
2906 3439 3005 3512 qui
3038 3446 3177 3500 sunt
3202 3442 3262 3500 in
3293 3444 3523 3505 Christo
3564 3450 3727 3508 Jesu.

2072 3524 2186 3579 Lex
2206 3524 2364 3580 enim
2387 3525 2633 3597 spiritus
2652 3527 2783 3583 vitae
2808 3528 2866 3583 in
2891 3528 3122 3587 Christo
3161 3535 3300 3589 Jesu
3340 3534 3609 3596 liberavit
3638 3557 3734 3598 me

2072 3629 2107 3668 a
2127 3613 2251 3685 lege
2273 3615 2495 3686 peccati
2516 3616 2580 3669 ⁸⁸.
2619 3638 2647 3666 ››
2679 3616 2985 3691 Philippus
3011 3620 3186 3678 etiam
3209 3626 3548 3685 eunuchum
3581 3648 3614 3686 a
3643 3630 3736 3688 lit-

2071 3706 2198 3758 tera
2218 3704 2288 3758 ad
2312 3703 2586 3775 spiritum
2619 3713 2958 3764 convertere
2990 3709 3192 3767 volens
3220 3712 3414 3769 aiebat
3446 3732 3459 3770 :
3486 3739 3515 3767 ιι
3559 3718 3738 3776 Intel-

2074 3790 2210 3863 ligis
2238 3808 2365 3863 quae
2396 3792 2545 3863 legis
2578 3796 2621 3828 ⁸⁸
2647 3798 2669 3851 P
2696 3817 2724 3845 ››
2757 3795 2959 3852 Talem
3010 3814 3247 3872 quoque
3296 3803 3574 3875 spiritum
3623 3808 3737 3864 Ca-

2074 3879 2168 3936 leb
2224 3880 2507 3937 habuisse
2561 3899 2631 3939 ex
2682 3884 2956 3943 Numeris
3012 3893 3263 3958 constet,
3303 3891 3421 3948 Deo
3453 3894 3732 3956 dicente:

2083 3991 2104 4023 ι
2131 3970 2344 4027 Servus
2376 3987 2542 4028 meus
2572 3972 2764 4042 Caleb,
2798 3974 2935 4046 quia
2968 3975 3157 4033 factus
3185 3983 3277 4035 est
3306 3979 3457 4038 alius
3487 3984 3737 4055 spiritus

2081 4060 2139 4116 in
2170 4076 2258 4128 eo,
2291 4065 2347 4116 et
2378 4066 2618 4118 secutus
2648 4066 2740 4119 est
2770 4064 3168 4132 me,inducam
3199 4067 3396 4140 ipsum
3427 4070 3487 4127 in
3518 4076 3737 4132 terram

2080 4168 2140 4222 in
2172 4166 2349 4222 quam
2384 4149 2504 4206 illic
2534 4151 2835 4224 ingressus
2866 4158 2958 4209 est
2987 4155 3051 4211 ⁸⁸.
3095 4177 3124 4206 ››
3176 4156 3397 4230 Nempe
3447 4161 3587 4232 quia
3642 4162 3741 4221 ille

2080 4238 2195 4295 alia
2242 4239 2313 4294 ab
2364 4238 2484 4295 illis
2532 4245 2726 4297 mente
2760 4240 2994 4300 locutus
3015 4243 3115 4310 sit,
3153 4245 3263 4301 Deo
3295 4246 3407 4303 fuit
3436 4255 3734 4323 acceptus.

2082 4327 2221 4384 Tale
2251 4329 2390 4384 item
2425 4345 2524 4385 cor
2554 4329 2835 4401 populum
2866 4331 3081 4388 habere
3103 4334 3287 4405 jussit
3310 4336 3465 4396 Deus
3486 4356 3590 4412 per
3610 4343 3775 4401 Eze-.

2082 4417 2329 4474 chielem
2364 4433 2378 4473 :
2414 4439 2444 4469 ‹‹
2477 4418 2670 4474 Facite
2703 4418 2850 4477 525
2894 4420 3062 4476 vobis
3102 4438 3202 4478 cor
3231 4440 3444 4482 novum
3477 4434 3535 4484 et
3564 4432 3740 4504 spiri-

2084 4513 2211 4564 tum
2241 4523 2460 4563 novum
2492 4508 2556 4564 ⁸ο.
2589 4528 2618 4559 ››
2649 4508 2785 4572 Quae
2814 4525 2947 4565 cum
2988 4509 3071 4567 ita
3099 4511 3238 4581 sint,
3273 4518 3331 4571 et
3359 4519 3521 4575 tanta
3550 4520 3648 4589 sit,
3676 4526 3746 4580 ut

2157 4614 2552 4700 “Non-he.
2614 4616 2679 4700 .‘°
2711 4615 3132 4700 Fest-sagi
3248 4622 3477 4700 “P891.
3510 4644 3740 4700 cum.

312 4692 369 4755 7,
404 4688 584 4772 8.Μ⁸²
614 4685 819 4772 Deest).
850 4704 1026 4755 xxvu,
1223 4685 1477 4772 ᾖΙέΟοιιε
1511 4706 1597 4756 ω,
1628 4691 1682 4746 6.
1834 4685 2005 4747 Rom.
2046 4704 2148 4756 vn,
2180 4687 2268 4743 14.
2363 4686 2408 4720 ⁸⁸
2438 4685 2578 4741 ibid.
2760 4689 2807 4725 ⁸⁸
2836 4688 2979 4745 ibid.
2999 4685 3115 4762 '25;
3146 4709 3272 4766 vm,
3307 4696 3361 4765 1,
3390 4698 3443 4751 2.
3540 4700 3583 4734 ⁸⁷
3611 4685 3738 4758 Act:

313 4776 441 4817 νιιι.
468 4758 560 4815 39.
638 4759 682 4795 ⁸⁸
714 4759 890 4816 Num.
923 4777 1042 4826 xw,
1073 4761 1164 4816 24.
1241 4761 1287 4796 ⁸⁸
1315 4761 1519 4817 Ezech.
1551 4779 1713 4829 xvm,
1745 4763 1833 4819 31.

394 4867 510 4936 (55)
536 4864 630 4939 Sic
680 4866 909 4936 primus
953 4866 1129 4923 codex
1173 4867 1413 4939 Regius,
1445 4872 1683 4939 Seguer.
1718 4873 1775 4924 et
1823 4868 1980 4924 Grze-
2012 4875 2057 4939 Β

317 4956 430 4996 cus
458 4938 1000 5009 Scripturmrtextus
1038 4939 1093 4992 in
1126 4938 1402 4995 omnibus
1434 4938 1579 4997 mss.
1614 4941 1755 4996 edit.
1788 4940 1971 4996 Oxon.

316 5010 431 5085 Alii
465 5014 552 5085 et“
576 5007 740 5085 editi,
776 5007 951 5085 ὐμῶν.
986 5009 1209 5066 Ibidem
1260 5012 1496 5085 Seguer.
1530 5013 1749 5085 omittit
1794 5012 1975 5085 {Inaoﬁ

314 5082 579 5157 Χριστοῦ.
606 5081 743 5157 μοξ
791 5080 948 5136 idem
977 5085 1266 5157 _Seguer.,
1304 5080 1406 5157 pro
1466 5081 1771 5155 πνεύματα,
1799 5080 1979 5140 habet

323 5152 784 5228 1195595931an
816 5161 946 5228 post
977 5152 1195 5228 Regius
1222 5152 1371 5228 2,36
1404 5152 1648 5228 Πνεῦμα.
1720 5182 1722 5185 τ

393 5225 656 5300 (56)-Τοῦ
686 5226 849 5300 deest
878 5224 938 5279 in
974 5224 1343 5300 mss._Regiis
1375 5231 1433 5300 et
1478 5224 1713 5300 Seguer.
1752 5226 1978 5282 Ibidem

322 5291 467 5371 Reg.
493 5291 555 5367 ’1,
608 5291 959 5371 ἐκινδύνευσε.
1001 5297 1181 5354 Paulo
1230 5291 1362 5371 post
1409 5291 1627 5371 Regius
1658 5300 1709 5366 1,
1740 5302 1976 5369 Seguer.

319 5367 559 5444 Cobler.
594 5373 650 5444 et
682 5368 952 5444 F‘elckg‘lg.
978 5371 1213 5426 Graecus
1236 5367 1560 5444 Scriptufm
1593 5367 1976 5439 ιοχιυείεστη.

317 5439 528 5496 Caeteri
554 5443 613 5494 et
641 5439 804 5507 editi,
840 5434 998 5507 ἦλθε.

394 5485 1232 5584 έίὀνιῖἐξῖυέῖῖδεευεικ
1261 5516 1341 5584 _At
1369 5512 1470 5570 alii
1500 5518 1569 5584 et
1604 5512 1769 5583 editi,
1801 5510 1975 5580 male,

316 5580 527 5659 θρόνου
551 5580 861 5659 gou._15i_d.
891 5582 1044 5659 RegL
1067 5580 1119 5655 1,
1150 5580 1399 5659 καρδίαις
1430 5582 1736 5649 θαλασσῶν.

398 5657 512 5740 ς58)
673 5654 893 5740 Regius
925 5654 1248 5740 1,:Seguer.
1283 5659 1479 5740 Castori
1512 5675 1659 5740 ‘verp
1708 5661 1764 5740 e_t
1815 5654 1980 5722 editi,

321 5727 524 5800 Θείαις.
559 5725 693 5800 Mox
710 5725 1025 5800 Regius},
1053 5725 1265 5800 πνεῦμα
1295 5729 1384 5783 καὶ
1415 5729 1477 5784 τὸ
1509 5727 1559 5783 ὲν
1594 5728 1799 5789 αὐτοῖς.

398 5798 512 5870 (59)
546 5799 641 5861 "Oc
674 5798 842 5858 abest
871 5815 905 5858 ο.
929 5798 1159 5859 Gobler.
1193 5798 1384 5860 Felck.
1424 5803 1471 5859 1.
1508 5802 1684 5859 Paulo
1713 5802 1846 5875 post
1874 5800 1978 5856 Re-

2090 4865 2224 4942 gius
2274 4865 2330 4942 1_,_
2380 4862 2981 4942 S_egugr.,__&_1romévsg,
3016 4870 3162 4942 forte
3209 4887 3314 4941 pro
3341 4869 3640 4942 ἀποκτενεῖ,
3676 4881 3743 4933 ut

2093 4938 2268 5014 habet
2301 4937 2512 5014 Regius
2539 4938 2595 4991 2.
2636 4937 2859 4993 Ibidem
2891 4937 2995 5014 γάρ
3026 4937 3276 4997 ἀθεεὶ-1η
3312 4937 3654 5005 Gobleriano
3685 4957 3743 5006 et

2087 5010 2653 5156 Feggasiicprimus
2708 5080 2888 5137 codex
2934 5081 3172 5156 Regius,
3217 5087 3454 5156 Seguer.
3508 5089 3738 5149 Gobler.

2088 5150 2455 5209 etFelck.1‘.
2488 5150 2603 5220 Alii
2662 5167 2799 5220 vero
2857 5158 2914 5207 et
2972 5150 3111 5208 editi
3142 5154 3217 5217 ὡς
3260 5150 3451 5215 solum
3500 5160 3739 5220 habent.

2087 5225 2220 5282 Mox
2274 5225 2450 5279 iidem
2502 5219 2551 5275 ἐν
2600 5218 2930 5292 παλαιότητι
2980 5223 3244 5283 habent:
3278 5232 3471 5288 caeteri
3513 5240 3570 5291 et
3599 5218 3739 5294 editi

2089 5294 2141 5351 ἐν
2170 5295 2478 5380 omittunt.
2766 5366 2791 5377 ν
2867 5359 2891 5379 ν
3049 5363 3074 5380 ν

2164 5370 2276 5451 (οι)
2308 5374 2582 5453 Seguer.,“
2601 5381 2703 5452 ι]ςο
2735 5366 2823 5448 νῦν
2856 5366 2984 5453 clipei,
3015 5366 3347 5453 06~1~habet.
3384 5375 3559 5432 Paulo
3593 5384 3741 5450 post

2089 5433 2305 5511 Regius
2334 5433 2521 5505 ἓξτῆς
2553 5433 2698 5504 ζὼῆς
2728 5437 2828 5505 τῆς
2860 5433 2912 5490 ἐν
2941 5438 3182 5511 Χριστῷ.
3608 5433 3627 5450 ⁵
3696 5433 3737 5436 η

2162 5512 2274 5581 (62)
2306 5511 2401 5566 Sic
2457 5508 2681 5581 Regius
2734 5509 2793 5581 l,_
2833 5511 3068 5581 Seguer.
3111 5514 3351 5581 Anglic.
3403 5517 3633 5576 Gobler.
3684 5527 3742 5579 et

2162 5514 2274 5637 862)
2306 5514 2401 5566 Sic
2457 5514 2669 5597 Regius
2734 5514 2780 5571 l,
2833 5514 3068 5595 Seg‘uer.
3125 5514 3351 5587 Anglic.
3403 5517 3633 5576 Gobler.
3684 5527 3739 5579 et

2088 5583 2162 5639 Fe
2190 5584 2290 5666 ok._
2335 5583 2382 5639 1.
2428 5581 2603 5651 Edltl,
2652 5580 2696 5638 Ο
2752 5576 2810 5634 δὶ
2857 5600 2985 5644 παις
3026 5579 3230 5657 Χαλὲϐ,
3264 5585 3368 5659 ὅτι,
3421 5595 3555 5662 etc.,
3606 5593 3739 5652 aliis

2089 5670 2642 5799 Οπέὐῗόῗέῖοᾘρςίυε
2695 5724 2748 5797 1,
2780 5725 3119 5799 Seguerian.
3154 5731 3211 5786 et
3257 5730 3420 5790 LXX.
3450 5737 3651 5795 Caeteri
3681 5742 3739 5797 et

2091 5795 2265 5870 editi,
2284 5795 2514 5867 ἐκλήθη.
