4076 6366
284 430 406 490 519

1403 424 1788 485 EPISTULA
1836 421 1859 481 I
1903 420 2004 479 AD
2051 418 2583 481 SERAPIONEM.

3587 428 3708 489 550

285 582 574 661 ἀνθρώπου
606 581 656 638 εἴ
687 583 762 655 μή
794 582 857 637 τὸ
878 584 1100 657 Πνεῦμα
1124 585 1221 639 τοῦ
1243 580 1538 657 ἀνθρώπου
1557 581 1620 636 τὸ
1644 579 1696 636 ἐν
1714 578 1881 651 αὐτῷ.
1908 600 1939 631 ι)

2076 597 2085 628 ι
2117 575 2298 633 Nemo
2331 575 2444 633 scit
2473 593 2606 650 quae
2636 583 2775 636 sunt
2807 579 3215 650 hominis,nisi
3245 583 3488 658 spiritus
3520 587 3716 646 homi-

290 676 375 730 ’Ev
410 670 469 728 δὲ
492 672 561 748 τῇ
604 671 741 748 πρὸς
791 669 1207 735 Θεσσαλονικεῖς
1257 667 1521 744 ἐπιστολῇ
1572 666 1942 744 ἐπευχόμενος

290 762 460 840 λέγει·
497 786 525 815 ‹‹
570 759 907 836 Ὀλὸκληρον
955 760 1108 834 ὐμῶν
1157 761 1219 815 τὸ
1265 762 1506 833 ΙΙνευμα,
1554 758 1645 814 καὶ
1694 760 1729 828 ἠ
1762 756 1941 832 ψυχὴ,

292 852 473 908 καὶτὸ
505 855 664 924 σῶμα
715 848 1023 924 ἀμέμπτως
1069 849 1123 905 ἐν
1174 849 1244 925 τῇ
1289 850 1558 925 παρουσίᾳ
1607 852 1702 903 τοῦ
1751 843 1949 921 Κυρίου

289 946 450 1016 ἡμῶν
484 942 597 1015 (55)
629 941 809 1011 Ἰησοῦ
859 940 1102 1016 Χριστοῦ
1127 938 1419 1016 τηρηθείη.
1454 960 1483 990 ››
1516 937 1738 1012 Λέγεται
1770 933 1828 991 δὲ
1856 934 1946 990 καὶ

290 1032 499 1105 ἀνέμων
559 1028 841 1103 μνεόματα
895 1027 1068 1091 οὕτως
1125 1029 1176 1084 ἐν
1235 1028 1328 1103 μὶν
1382 1030 1451 1103 τῇ
1500 1026 1722 1102 γενέσει·
1762 1046 1789 1078 ιι
1850 1030 1925 1079 Κα

292 1121 558 1197 ἐπήγαγεν
609 1119 638 1173 6
686 1118 815 1179 Θεὸς
863 1122 1077 1191 πνεῦμα
1122 1117 1209 1173 ἐπὶ
1255 1117 1355 1184 τὴν
1404 1123 1531 1192 γῆν,
1578 1116 1667 1169 καὶ
1719 1113 1948 1169 ἐκόπασε

287 1211 350 1266 τὸ
381 1205 553 1285 ὕδωρ*
589 1205 736 1262 »ἐπὶ
786 1203 844 1263 δὲ
888 1211 983 1262 τοῦ
1033 1208 1203 1262 Ἰωνᾶ’
1259 1230 1288 1258 ‹‹
1335 1205 1435 1261 Καὶ
1484 1205 1679 1281 Κύριος
1710 1202 1949 1280 ἐξήγειρε

288 1302 505 1370 πνεῦμα
534 1295 622 1351 ἐπὶ
651 1295 750 1365 τήν
798 1292 1093 1365 θάλασσαν,
1127 1294 1218 1350 καὶ
1268 1292 1479 1368 ἐγένετο
1528 1290 1744 1347 κλύδων
1781 1286 1945 1368 μέγας

294 1386 348 1444 ἐν
399 1390 469 1461 τῇ
517 1383 781 1459 θαλάσσῃ·
832 1384 921 1439 καὶ
968 1383 1033 1440 τὸ
1063 1382 1259 1440 πλοῖον
1293 1380 1594 1439 ἐκινδύνευε
1616 1386 1711 1437 τοῦ
1742 1401 1949 1456 συντρι-

292 1477 457 1554 βῆναι
488 1476 621 1550 (56).
658 1498 687 1526 ››
718 1472 817 1528 Καὶ
850 1472 902 1529 ἐν
949 1474 1044 1547 μὲν
1088 1478 1169 1546 τῷ
1217 1473 1491 1545 ἑκατοστῷ
1537 1468 1679 1545 ’ἑκτῳ
1708 1469 1945 1551 ψαλμῷ-

288 1567 610 1644 γέγραπται·
651 1587 679 1613 α
723 1563 879 1629 Eine,
925 1561 1015 1618 καί
1064 1560 1191 1633 ἔστη
1239 1565 1454 1635 πνεῦμα
1490 1558 1824 1636 καταιγίδος,
1856 1559 1944 1617 καὶ

294 1656 489 1731 ὑψώθη
519 1654 587 1709 τὰ
613 1652 831 1726 κύματα
861 1650 1050 1723 αὐτῆς.
1086 1676 1115 1705 »
1157 1657 1244 1708 ’Ev
1294 1649 1353 1707 δὲ
1399 1654 1479 1724 τῷ
1528 1652 1803 1723 ἑκατοστῷ
1832 1670 1946 1704 τεσο

289 1746 610 1819 σαρακοστῴ
663 1739 848 1817 ὀγδόῳ
894 1740 1120 1815 ψαλμῷ·
1167 1761 1196 1795 ι
1242 1741 1448 1798 Αἰνεῖτε
1493 1740 1584 1795 τὸν
1638 1739 1833 1817 Κὺριον
1885 1737 1946 1794 ἐκ

284 1841 388 1904 τῆς
420 1835 541 1910 γῆς,
574 1829 863 1908 δράκοντες
898 1831 988 1885 καὶ
1020 1835 1186 1886 πᾶσαι
1236 1823 1482 1903 ἄϐυσσοι,
1532 1833 1661 1906 πῦρ,
1703 1826 1941 1905 χάλαζα,

2058 664 2152 720 nis
2185 664 2286 737 qui
2317 664 2379 721 in
2410 665 2539 741 ipso
2567 672 2656 724 est
2685 669 2749 723 ⁸⁸.
2788 690 2817 718 ››
2851 669 2916 725 Et
2945 670 3206 742 Epistola
3233 675 3305 730 ad
3336 675 3712 736 Thessaloni-

2058 769 2264 810 censes
2294 753 2416 810 haec
2447 759 2720 827 precatur
2751 775 2764 813 :
2805 775 2827 807 ι
2860 759 3092 831 Integer
3117 762 3361 834 spiritus
3416 770 3608 824 vester
3655 774 3713 825 et

2059 841 2256 899 anima
2309 846 2367 899 et
2423 860 2639 918 corpus
2690 844 2818 902 sine
2846 848 3086 919 querela
3114 850 3174 906 in
3197 852 3450 910 adventu
3480 855 3711 913 Domini

2057 932 2242 989 nostri
2272 932 2413 989 Jesu
2445 933 2662 991 Christi
2693 940 2957 993 servetur
2985 938 3051 995 ³⁷.
3079 961 3107 989 ››
3132 940 3355 998 Dicitur
3384 944 3562 1001 etiam
3582 961 3714 1002 ven-

2058 1026 2254 1078 torum
2286 1022 2531 1095 spiritus
2562 1023 2736 1081 sicuti
2767 1025 2827 1082 in
2860 1028 3070 1085 Genesi
3101 1030 3390 1104 scriptum
3420 1038 3511 1091 est
3543 1051 3556 1091 :
3594 1057 3616 1086 ι
3642 1036 3714 1092 Ει

2057 1110 2299 1167 adduxit
2327 1110 2482 1168 Deus
2511 1112 2790 1185 spiritum
2820 1131 2998 1188 super
3025 1120 3264 1188 terram,
3300 1126 3357 1177 et
3383 1122 3709 1181 imminutae

2057 1206 2192 1256 sunt
2222 1216 2385 1272 aqua
2417 1201 2528 1257 ³⁸.»
2547 1203 2622 1257 De
2650 1201 2802 1259 Jona
2828 1203 2966 1262 item
3003 1222 3016 1262 :
3081 1228 3110 1259 ‹‹
3159 1212 3229 1265 Et
3285 1212 3557 1269 excitavit
3612 1218 3716 1271 Do-

2059 1288 2260 1347 minus
2281 1288 2561 1362 spiritum
2582 1291 2644 1346 in
2675 1307 2857 1361 mare,
2881 1298 2939 1350 et
2958 1295 3108 1353 facta
3129 1302 3218 1354 est
3234 1302 3557 1373 tempestas
3585 1319 3713 1360 ma-

2057 1394 2175 1452 gna
2197 1378 2254 1434 in
2277 1379 2447 1450 mari,
2479 1383 2537 1436 et
2558 1380 2723 1437 navis
2759 1381 3202 1454 periclitabatur
3230 1390 3450 1446 conteri
3489 1392 3554 1447 ³ο.
3584 1415 3607 1445 ι
3647 1394 3715 1451 Et

2056 1466 2116 1522 in
2148 1468 2470 1524 centesimo
2500 1472 2662 1525 sexto
2693 1468 2922 1542 psalmo
2955 1490 2968 1529 :
3008 1495 3030 1524 ι
3064 1473 3222 1531 Dixit
3249 1480 3306 1532 et
3334 1478 3490 1535 venit
3536 1481 3713 1553 spiri-

2055 1559 2152 1612 tus
2172 1556 2461 1629 procellae,
2499 1557 2795 1616 etexaltati
2819 1565 2961 1617 sunt
2982 1561 3196 1621 ﬂuctus
3233 1566 3362 1637 ejus
3386 1568 3451 1627 ⁸ο.
3489 1590 3516 1619 ι»
3547 1573 3614 1627 Et
3652 1571 3712 1628 in

2056 1645 2382 1703 centesimo
2406 1648 2859 1721 quadragesimo
2891 1655 3091 1709 octavo
3122 1654 3384 1727 psalmo:
3406 1680 3435 1709 ‹‹
3456 1658 3718 1719 Laudate

2054 1734 2370 1792 Dominum
2394 1737 2465 1792 de
2489 1740 2663 1809 terra,
2689 1739 2974 1797 dracones
2998 1745 3056 1797 et
3076 1758 3283 1802 omnes
3313 1746 3525 1819 abyisi,
3553 1749 3711 1823 ignis

2052 1824 2298 1898 grando,
2324 1824 2444 1898 nix,
2474 1824 2712 1900 glacies,
2741 1827 2985 1901 spiritus
3016 1832 3426 1904 procellarum,
3459 1853 3588 1909 quis
3620 1840 3708 1896 fa-

288 1923 460 2000 χιὼν,
515 1918 884 1998 κρύσταλλος,
933 1922 1148 1994 πνεῦμα
1193 1916 1525 1996 καταιγίδος,
1572 1918 1640 1974 τὰ
1684 1921 1944 1973 ποιοῦντα

327 2011 477 2022 ...
653 2008 769 2022 .-
961 2007 1362 2022 ........
1461 2004 1908 2022 -....._.

2076 1912 2220 1971 :iunt
2247 1914 2488 2016 verbum
2519 1915 2647 1988 ejus
2679 1915 2747 1972 ⁸1.
2776 1938 2804 1967 ››
2838 1917 2904 1973 Et
2934 1921 3089 1992 apud
3119 1921 3499 1997 Ezechielem,
3537 1926 3598 1982 in
3630 1928 3718 1985 la-

285 2014 379 2069 τὸν
412 2011 575 2087 λόγον
608 2008 792 2065 αὐτοῦ’
834 2033 855 2061 ι
889 2007 979 2064 καὶ
1032 2007 1084 2063 ἐν
1130 2013 1210 2082 τῷ
1258 2004 1523 2084 Ἰεζεχιῆ>
1564 2006 1652 2063 ἐπὶ
1684 2011 1781 2064 τοῦ
1810 2008 1941 2079 θσή-

287 2123 386 2159 νου
421 2099 531 2177 Σόρ
562 2101 697 2175 (57)’
734 2121 757 2152 ι
802 2098 892 2155 Ἐν
938 2095 1136 2174 καρδίᾳ
1182 2095 1479 2169 θαλάσσης,
1532 2096 1583 2153 ἐν
1618 2094 1769 2153 ὕδατι
1800 2097 1941 2153 πολ-

291 2191 378 2264 λῷ
411 2191 542 2267 ἦγον
572 2209 630 2244 σε
654 2189 705 2244 οἱ
752 2185 1079 2259 κωπηλάται
1129 2208 1225 2243 σου
1259 2205 1271 2219 ⁸
1321 2188 1385 2244 τὸ
1424 2191 1638 2261 πνεῦμα
1661 2191 1758 2243 τοῦ
1788 2181 1944 2242 νὸτου

292 2302 386 2335 συν
395 2278 581 2356 ἐτριψὲ⁹
608 2298 686 2336 σε.
722 2300 751 2331 ››

367 2371 423 2427 8.
459 2367 916 2443 Έντυγχάνοντες
945 2362 1003 2421 δὲ
1029 2365 1119 2421 καὶ
1154 2366 1306 2439 ὑμεῖς
1336 2370 1455 2429 ταῖς
1479 2363 1654 2442 ἁγίαις
1679 2368 1785 2440 (58)
1811 2372 1947 2442 Γρα-

252 2464 444 2533 νφχῖς,
505 2457 761 2532 εὑρήσετε
833 2454 1126 2530 λεγόμενον
1203 2458 1418 2529 πνεῦμα
1471 2453 1562 2510 καὶ
1603 2456 1694 2509 τὸν
1746 2454 1797 2510 ἐν
1849 2453 1948 2510 αὖ·

290 2553 413 2610 τοῖς
447 2550 565 2609 τοῖς
593 2545 757 2607 θείοις
789 2543 980 2623 λόγοις
1028 2548 1178 2613 νοῦν,
1222 2543 1521 2623 γράφοντος
1569 2547 1666 2598 τοῦ
1705 2542 1946 2600 Παύλου·

302 2659 327 2688 ι
359 2638 461 2699 ’⁸ος
493 2637 607 2710 (59)
634 2634 722 2690 καὶ
764 2635 1022 2689 ἱκάνωσεν
1074 2636 1221 2707 ἡμᾶς
1271 2630 1554 2696 διακόνους
1588 2635 1792 2699 Καινῆς
1824 2641 1949 2689 Δια-

295 2728 501 2798 θήκης,
534 2724 595 2780 οὗ
627 2726 977 2802 γράμματος,
1011 2720 1158 2777 ἀλλὰ
1186 2722 1513 2797 πνεύματος
1545 2722 1615 2778 Τὸ
1644 2722 1744 2799 γὰρ
1775 2724 1953 2799 γράμ-

301 2837 379 2889 μα
409 2812 737 2886 ἀποκτείνει,
767 2812 832 2868 τὸ
878 2808 935 2867 δὲ
976 2815 1193 2885 πνεῦμα
1242 2816 1521 2882 ζωοποιεῖ.
1556 2835 1585 2864 n
1617 2812 1689 2867 T6
1723 2812 1817 2886 μὲν
1849 2832 1954 2889 γαρ

298 2904 470 2982 ῥητὸν
527 2903 814 2979 γράμματι
867 2899 1223 2977 κεχάρακται·
1276 2901 1304 2956 6
1353 2897 1412 2955 δὲ
1458 2904 1580 2963 νοῦς
1630 2901 1658 2955 6
1709 2899 1761 2956 ἐν
1809 2900 1956 2974 αὗτῳ

298 2997 522 3067 πνεῦμα
567 2990 800 3069 λέγεται.
852 2990 1042 3053 Οὕτως
1091 2989 1180 3046 καὶ
1217 3013 1245 3043 ‹‹
1294 2991 1322 3045 6
1369 2990 1540 3064 νόμος
1590 2991 1956 3065 πνευματικός

307 3082 476 3155 ἐστιν,
512 3105 540 3133 ››
566 3078 637 3136 ’ἶν’
667 3081 742 3143 ὡς
789 3078 953 3136 πάλιν
1006 3077 1193 3156 εἷ’ρηκε
1240 3081 1376 3154 (60),
1422 3080 1499 3154 μὴ
1527 3077 1874 3155 δουλεύωμεν
1904 3079 1956 3135 ἐν

305 3170 646 3242 παλαιότητι
675 3167 1024 3247 γράμματος,
1056 3168 1184 3226 ἀλλ’
1229 3169 1279 3225 ἐν
1320 3173 1603 3242 καινότητι
1630 3170 1958 3245 πνεύματος.

2051 2006 2250 2059 menta
2277 2003 2413 2077 Tyri
2445 2020 2460 2060 :
2493 2026 2522 2055 ι(
2556 2004 2621 2062 In
2653 2007 2826 2063 corde
2857 2008 3060 2079 maris,
3091 2008 3152 2065 in
3178 2011 3348 2083 aquis
3374 2013 3578 2072 multis
3607 2018 3707 2073 ad-

2053 2092 2346 2149 duxerunt
2373 2097 2431 2150 te
2460 2093 2710 2167 remiges
2742 2096 2827 2152 tui
2861 2112 2873 2152 :
2906 2096 3152 2169 spiritus
3202 2100 3390 2159 austri
3438 2103 3713 2162 contrivit

2053 2185 2110 2239 te
2139 2182 2204 2238 ⁴².
2232 2204 2260 2232 ›)

2127 2360 2184 2415 8.
2216 2359 2366 2425 Quin
2399 2360 2575 2418 etiam
2609 2362 2658 2417 si
2690 2362 2854 2419 vobis
2890 2368 3125 2422 sanctas
3147 2365 3393 2427 Litteras
3414 2370 3604 2445 legere
3632 2374 3721 2432 lu-

2063 2450 2422 2523 beat,ipsum
2455 2452 2787 2508 divinorum
2820 2454 3131 2511 verborum
3163 2463 3719 2535 sensum,spiritum

2062 2554 2296 2612 quoque
2326 2539 2609 2613 appellari
2644 2543 2970 2615 reperietis.
3006 2545 3101 2600 Sic
3135 2547 3295 2604 enim
3329 2549 3548 2608 Paulus
3579 2554 3722 2609 scri-

2062 2627 2151 2684 bit
2174 2645 2187 2684 :
2218 2651 2239 2679 ι
2274 2630 2379 2695 Qui
2403 2634 2461 2685 et
2480 2629 2720 2687 idoneos
2742 2648 2847 2687 nos
2870 2631 3003 2689 fecit
3026 2634 3330 2694 ministros
3354 2638 3493 2696 Novi
3516 2643 3718 2699 Testa-

2065 2715 2267 2785 menli,
2305 2734 2419 2773 non
2451 2717 2680 2790 litterae,
2710 2721 2813 2776 sed
2845 2721 3110 2793 spiritus.
3141 2725 3359 2784 Littera
3386 2730 3543 2786 enim
3576 2734 3722 2791 occi-

2065 2805 2173 2895 dit,
2193 2805 2439 2877 spiritus
2468 2812 2665 2865 autem
2695 2809 2945 2866 vivificat
2975 2812 3039 2868 ‘3.
3075 2834 3102 2862 η
3138 2814 3440 2887 Siquidem
3471 2820 3716 2895 dictum,

2066 2893 2263 2951 littera
2290 2899 2592 2952 exaratum
2624 2900 2714 2953 est
2746 2913 2759 2952 :
2792 2914 3004 2955 sensus
3034 2916 3171 2957 vero
3210 2920 3382 2974 quem
3437 2893 3717 2980 continet,

2068 2982 2313 3056 spiritus
2344 2985 2578 3041 dicitur.
2613 2986 2699 3042 Ita
2729 2989 2786 3042 et
2817 3008 2846 3037 «
2876 2986 2969 3045 lex
2997 2989 3322 3062 spiritualis
3352 3000 3444 3053 est
3473 2998 3538 3069 νο,
3570 3020 3598 3051 ››
3634 3003 3717 3069 ut,

2070 3073 2571 3145 quemadmodum
2595 3074 2751 3133 idem
2773 3076 2938 3147 dixit,
2964 3095 3079 3136 non
3109 3082 3435 3143 serviamus
3465 3087 3524 3144 in
3552 3093 3719 3146 vetu-

2070 3166 2224 3252 state
2244 3161 2469 3232 litterze,
2496 3165 2598 3220 sed
2629 3164 2689 3221 in
2721 3165 2973 3224 novitate
3001 3169 3266 3242 spiritus.
3291 3172 3448 3231 Idem
3483 3194 3738 3252 quoque.

292 3262 398 3317 Καὶ
449 3259 607 3322 αὐτὸς
660 3260 755 3334 μὲν
803 3260 1145 3336 εὐχαριστῶν
1192 3255 1398 3336 ἔλεγεν·
1443 3265 1611 3336 «Ἄρα
1659 3257 1751 3315 οὖν
1801 3260 1959 3323 αὐτὸς

2076 3250 2292 3325 gratias
2322 3268 2502 3325 agens
2533 3253 2764 3311 dicebat
2783 3256 2827 3291 ⁸⁸
2842 3272 2855 3313 :
2871 3278 2895 3311 υ
2910 3256 3095 3330 Igitur
3110 3276 3214 3333 ego
3235 3261 3363 3335 ipse
3387 3272 3579 3324 mente
3601 3250 3725 3326 sier-

292 3351 410 3428 ἐγὼ
439 3348 520 3424 τῷ
553 3329 768 3423 μὶνννοΐ
809 3329 1054 3404 δουλεύω
1102 3347 1256 3422 νόμῳ
1298 3329 1454 3419 Θεοῦ,
1485 3329 1554 3423 τῆξ
1583 3346 1641 3405 δὲ
1672 3349 1829 3426 σαρκὶ
1857 3351 1949 3405 νό-

2076 3340 2154 3396 vio
2182 3340 2295 3413 legi
2330 3340 2427 3398 Dei
2460 3358 2473 3397 :
2507 3359 2679 3399 carne
2708 3348 2925 3415 autem,
2946 3329 3075 3421 legi
3108 3329 3351 3421 peccati.
3386 3353 3543 3412 Nihil
3588 3374 3723 3429 ergo

296 3462 390 3513 μῳ
432 3437 717 3515 ἁμαρτίας
751 3434 903 3493 οὐδὲν
951 3434 1044 3493 νῦν
1085 3434 1190 3514 ἄρα
1238 3439 1353 3512 (61)
1401 3437 1710 3514 κατάκριμα
1754 3444 1870 3502 τοῖς
1902 3438 1954 3495 ἐν

296 3528 522 3603 Χριστῷ
552 3528 752 3599 Ἰησοῦ.
782 3527 843 3584 Ὀ
871 3526 972 3603 γὰρ
1002 3527 1174 3601 νόμος
1203 3531 1301 3582 τοῦ
1331 3526 1637 3601 πνεῦματος
1676 3535 1778 3598 τῆς
1812 3533 1959 3600 ζωῆς

297 3619 354 3675 ἐν
384 3621 604 3693 Χριστῷ
636 3614 814 3688 Ἰησοῦ
863 3614 1207 3694 ἠλευθέρωσέ
1242 3638 1309 3691 με
1355 3617 1462 3673 ἀπὸ
1509 3622 1605 3674 τοῦ
1648 3618 1822 3692 νόμου
1859 3627 1959 3690 τῆς

300 3704 595 3782 ἁμαρτίαςο
632 3727 661 3756 ››
721 3704 750 3759 6
804 3700 862 3759 δὲ
912 3701 1214 3776 Φίλιππος,
1261 3705 1353 3760 τὸν
1405 3704 1666 3781 εὐνοῦχον
1716 3707 1823 3762 ἀπὸ
1866 3712 1962 3763 τοῦ

302 3798 638 3873 γράμματος
690 3792 765 3855 εἰς
814 3793 877 3848 τὸ
934 3796 1149 3867 πνεῦμα
1196 3792 1370 3850 θὲλων
1421 3793 1781 3874 ἐπιστρέφειν,
1840 3792 1964 3852 ἔλε-

301 3902 420 3961 γεν·
452 3907 482 3936 ‹‹
512 3882 654 3958 Ἀρά
695 3902 759 3958 γε
813 3882 1100 3959 γινώσκεις
1152 3883 1186 3937 ἅ
1243 3882 1639 3959 ἀναγιώσκεις;
1691 3909 1721 3937 ››
1778 3889 1966 3941 τοιοῦ-

299 3994 397 4029 τον
433 3971 687 4046 ἐσχηκὼς
735 3976 1084 4048 μαρτυρεῖται
1131 3971 1222 4026 καὶ
1279 3973 1307 4027 ὁ
1365 3968 1547 4031 Χάλεϐ
1589 3975 1698 4048 (62)
1749 3973 1803 4029 ἐν
1849 3979 1967 4037 τοῖς

307 4065 625 4138 ’Λριθμοῖς,
658 4063 755 4115 τοῦ
788 4063 922 4116 Θεοῦ
970 4057 1248 4137 λεγοντος·
1302 4084 1331 4113 ‹‹
1361 4062 1423 4120 '0
1467 4060 1525 4118 δὲ
1554 4068 1685 4127 παῖς
1718 4084 1822 4137 μου
1852 4065 1965 4121 Χά..

306 4146 435 4219 λεδ,
467 4151 550 4205 δτι
583 4148 806 4226 ἐγενήθη
839 4145 1024 4224 ἕτερον
1072 4152 1289 4224 πνεῦμα
1337 4149 1389 4206 ἐν
1438 4150 1607 4225 αὐτῷ,
1638 4152 1728 4207 καὶ
1760 4152 1968 4222 ἐπηκο-

309 4235 555 4311 λούθησὲ
590 4260 684 4313 μοι
712 4257 726 4271 ⁸
764 4237 955 4312 εῗσάξω
985 4238 1145 4295 αὐτὸν
1198 4240 1274 4302 εἷς
1321 4241 1421 4309 τὴν
1449 4247 1550 4316 γῆν
1580 4242 1657 4307 εἰς
1686 4241 1752 4311 ἥν
1787 4241 1969 4312 εἷ’σῆλ-

310 4343 398 4394 θεν
430 4327 542 4384 ἐκεῖ
570 4329 709 4400 (63).
745 4350 773 4379 ››
805 4326 992 4402 ’Άλλῃ
1040 4329 1143 4403 γὰρ
1193 4326 1403 4401 διανοίᾳ
1448 4331 1594 4407 παρά
1620 4332 1718 4400 τὴν
1753 4330 1969 4387 ἐκείνων

306 4415 471 4477 αὐτὸς
502 4413 769 4486 λαλήσας,
819 4412 1101 4489 εὐάρεστος
1150 4420 1229 4488 τῷ
1279 4420 1395 4488 Θεῷ
1444 4437 1654 4493 γεγονε.
1703 4418 1968 4488 Τοιαύτην

309 4503 459 4582 ἔχειν
503 4503 830 4580 προετρεψεν
864 4504 891 4557 6
924 4504 1054 4565 Θεὸς
1096 4504 1187 4559 τὸν
1234 4504 1363 4561 λαὸν
1410 4503 1630 4582 καρδίαν
1682 4504 1779 4561 δτά
1806 4510 1966 4576 Ἱεζε-

388 4614 437 4648 ³⁶
468 4617 488 4666 l
522 4612 651 4668 Cor.
686 4629 751 4683 ιι,
780 4613 866 4667 11.
943 4612 987 4649 ⁸⁷
1018 4616 1039 4665 Ι
1066 4613 1272 4670 Thess.
1306 4631 1359 4684 ν,
1387 4614 1477 4670 23·

1590 4615 1634 4649 ⁸⁸
1660 4614 1801 4671 Gen.
1834 4631 1957 4687 vm,
1990 4614 2042 4671 4.

2070 3446 2227 3485 nunc
2258 3431 2660 3490 damnationis
2681 3439 2771 3490 est
2801 3435 2873 3491 iis
2904 3436 3004 3509 qui
3036 3439 3261 3497 suntin
3292 3441 3522 3501 Christo
3564 3447 3726 3505 Jesu.

2071 3520 2185 3576 Lex
2205 3521 2363 3577 enim
2386 3522 2632 3594 spiritus
2652 3523 2783 3580 vitea
2806 3524 2865 3580 in
2890 3525 3121 3584 Christo
3159 3532 3299 3586 Jesu
3339 3532 3608 3593 liberavit
3637 3554 3733 3595 me

2071 3626 2106 3665 a
2126 3610 2250 3682 lege
2272 3612 2494 3682 peccati
2515 3612 2579 3666 ‘6.
2618 3634 2647 3662 »
2678 3613 2984 3688 Philippus
3009 3617 3185 3675 etiam
3208 3623 3548 3682 eunuchum
3580 3644 3613 3683 a
3643 3627 3735 3685 lit-

2070 3703 2197 3755 tera
2217 3700 2287 3755 ad
2311 3699 2585 3772 spiritum
2619 3709 2957 3760 convertere
2989 3705 3191 3763 volens
3220 3708 3413 3766 aiebat
3445 3729 3458 3767 :
3485 3736 3514 3764 ‹‹
3558 3715 3737 3773 Intel-

2072 3786 2209 3860 ligis
2237 3804 2364 3860 quae
2395 3788 2544 3859 legis
2577 3792 2620 3825 ⁴⁸
2646 3794 2668 3847 P
2695 3813 2724 3841 ››
2756 3792 2958 3849 Talem
3009 3810 3246 3869 quoque
3295 3800 3573 3872 spiritum
3623 3805 3737 3861 Ca-

2072 3876 2167 3933 leb
2223 3876 2506 3934 habuisse
2560 3896 2630 3935 ex
2681 3880 2955 3939 Numeris
3011 3890 3263 3955 constat,
3302 3888 3420 3945 Deo
3452 3891 3731 3953 dicente:

2082 3987 2104 4019 ι
2131 3967 2343 4023 Servus
2374 3984 2541 4024 meus
2572 3968 2763 4038 Celei),
2797 3970 2935 4042 quia
2967 3972 3156 4030 factus
3185 3980 3276 4032 est
3305 3976 3456 4034 alius
3486 3980 3736 4052 spiritus

2081 4056 2138 4112 in
2170 4073 2257 4125 eo,
2290 4061 2346 4112 et
2377 4062 2617 4115 secutus
2647 4063 2739 4115 est
2769 4060 3167 4129 me,inducam
3199 4064 3395 4137 ipsum
3426 4067 3487 4124 in
3517 4073 3736 4128 terram

2079 4164 2139 4218 in
2172 4162 2349 4218 quam
2382 4146 2503 4202 illic
2534 4147 2835 4220 ingressus
2865 4154 2957 4206 est
2986 4151 3051 4207 ⁸⁸.
3094 4174 3124 4202 ››
3176 4153 3396 4226 Nempe
3446 4158 3586 4229 quia
3641 4159 3739 4218 ille

2079 4235 2194 4292 alia
2241 4236 2312 4291 ab
2363 4234 2483 4292 illis
2531 4241 2725 4293 mente
2758 4236 2993 4296 locutus
3014 4240 3115 4307 sit,
3152 4242 3262 4298 Deo
3295 4243 3406 4300 fuit
3435 4252 3732 4320 acceptus.

2081 4324 2220 4381 Tale
2250 4325 2389 4380 item
2424 4341 2523 4381 cor
2553 4325 2835 4398 populum
2865 4327 3081 4384 habere
3103 4331 3287 4401 jussit
3310 4333 3464 4392 Deus
3485 4352 3590 4409 per
3608 4340 3774 4398 Eze-.

2081 4413 2328 4471 chielem
2363 4429 2376 4470 :
2412 4435 2443 4465 «
2476 4414 2669 4470 Facite
2702 4415 2849 4473 525
2894 4417 3061 4473 vobis
3102 4435 3202 4475 cor
3231 4437 3444 4479 novum
3477 4431 3534 4481 et
3563 4429 3740 4501 spirio

2083 4509 2210 4560 tum
2239 4520 2459 4559 novum
2492 4504 2555 4561 ‘9.
2588 4524 2617 4555 »
2648 4505 2785 4568 Quae
2813 4522 2947 4562 cum
2987 4506 3071 4563 ita
3098 4508 3238 4578 sint,
3273 4515 3330 4568 et
3358 4515 3521 4571 tanta
3549 4516 3647 4586 sit,
3675 4523 3745 4576 ut

2155 4611 2201 4646 3’
2226 4610 2361 4666 Jon.
2396 4610 2522 4683 1,74.
2633 4612 2678 4647 ιο
2710 4612 2863 4669 Psal.
2897 4631 3010 4683 ενι,
3041 4618 3132 4672 25.

3247 4619 3290 4656 ⁴¹
3316 4620 3477 4697 _Psal.
3510 4640 3739 4697 chvm,

311 4688 368 4751 7,
402 4685 582 4763 8.“‘3
613 4682 819 4763 Caeci).
849 4700 1025 4751 xxvu,
1055 4685 1146 4763 25_.
1223 4682 1477 4763 ‘_3_I_'Cor_.
1510 4703 1596 4752 ιιι,
1627 4688 1681 4743 6.
1749 4688 1804 4763 ff
1833 4682 2004 4743 Rom.
2045 4700 2146 4752 vn,
2179 4683 2267 4740 44.
2362 4682 2407 4717 ⁸⁵
2436 4682 2577 4738 ibid.
2610 4684 2665 4739 6.
2759 4686 2806 4721 “
2835 4685 2977 4742 ibid.
2998 4682 3114 4759 '25;
3146 4706 3271 4763 VIII,
3306 4693 3361 4761 1,
3389 4695 3442 4748 2.
3539 4696 3582 4731 ⁴⁷
3610 4682 3737 4755 Act:

313 4773 439 4812 vm.
466 4755 559 4811 39.
637 4756 681 4791 ⁴⁸
712 4756 889 4812 Num.
922 4773 1041 4823 xw,
1072 4757 1163 4812 24.
1240 4757 1286 4793 ⁴⁹
1314 4757 1518 4814 Ezecb.
1550 4775 1711 4826 xvm,
1744 4759 1833 4815 31.

392 4863 508 4933 (55)
535 4861 629 4936 Sic
678 4862 908 4933 primus
952 4862 1128 4936 codex
1172 4863 1412 4935 Regius,
1444 4868 1682 4936 Seguer.
1716 4869 1774 4920 et
1823 4864 1979 4921 Grze-
2011 4871 2056 4935 1)

316 4952 428 4992 cus
456 4934 1001 5006 Scripturmgtextus
1037 4935 1093 4988 in
1126 4934 1401 4992 omnibus
1433 4934 1577 4993 mss.
1613 4937 1753 4992 edit.
1787 4937 1971 4993 Oxon.

315 5007 429 5081 Alii
463 5010 550 5081 et“
575 5003 738 5081 editi,
775 5003 950 5081 υμῶν.
985 5005 1209 5062 Ibidem
1259 5009 1494 5081 Seguer.
1529 5009 1749 5081 omittit
1794 5008 1975 5081 {113606

313 5078 577 5153 Χριστοῦ.
604 5077 742 5153 M0);
790 5076 947 5132 idem
976 5081 1265 5153 _Seg_uer.,
1303 5076 1405 5153 pro
1465 5077 1770 5151 πνεύματα,
1799 5076 1978 5137 habet

322 5148 585 5224 Πνεῦμαᾲ
603 5148 782 5224 Paulo
814 5157 945 5224 post
976 5148 1194 5224 Regius
1220 5154 1275 5217 2,
1297 5148 1370 5224 R6
1402 5148 1647 5224 Πνεῦμα.
1719 5178 1722 5181 -

391 5221 654 5297 (56)Τοῦ
685 5222 848 5297 deest
877 5220 937 5276 in
973 5220 1343 5297 mss._Regiis
1374 5227 1433 5297 et
1476 5220 1712 5297 Seguer.
1751 5223 1978 5279 Ibidem

320 5288 466 5367 Reg.
491 5288 554 5362 ’1,
606 5288 958 5367 ἐκινδόνευσε.
1000 5293 1180 5350 Paulo
1230 5288 1361 5367 post
1408 5288 1625 5367 Regius
1657 5297 1708 5363 1,
1739 5299 1975 5366 Seguer.

317 5363 558 5441 Gobler.
592 5368 649 5441 et
681 5364 950 5441 Eelcki‘t.
977 5367 1212 5422 Graecus
1236 5363 1559 5441 Scripturae
1593 5363 1975 5435 textus,’e:rm.

316 5435 527 5492 Crateri
552 5439 612 5490 et
639 5435 803 5503 editi,
838 5430 997 5503 ἦλθε.

392 5480 1231 5589 έίτοᾞεξξυεῖῖδεευετ.
1259 5512 1340 5589 ἐι
1368 5508 1469 5567 alii
1498 5514 1568 5589 ‘et
1604 5508 1768 5589 editi,
1800 5507 1974 5576 male,

314 5576 525 5654 θρόνου
551 5576 859 5654 σουᾏΙῦἱᾴ.
889 5579 1043 5654 Reg:
1067 5576 1118 5651 1,
1149 5576 1398 5654 καρδίαις
1429 5579 1736 5645 θαλασσῶν.

396 5653 511 5736 (58)
670 5650 891 5736 Regius
923 5650 1247 5736 1,;Segu_er'.
1283 5655 1478 5736 Castori
1511 5672 1658 5736 ‘vero
1707 5657 1764 5736 e_t
1814 5651 1979 5718 editi,

319 5722 522 5796 θείαις.
558 5722 690 5780 Mox
708 5722 1023 5796 711768111872,
1052 5722 1264 5796 πνεῦμα
1294 5725 1384 5779 καὶ
1414 5726 1476 5780 τὸ
1507 5724 1558 5779 ἐν
1593 5724 1798 5786 αὐτοῖς.

395 5794 510 5867 (59)
543 5796 639 5858 ’Ός
671 5794 840 5855 abest
870 5812 903 5855 ιι
927 5795 1158 5855 Gobler.
1192 5794 1383 5857 Felck.
1423 5800 1470 5855 1.
1507 5798 1683 5856 Paulo
1713 5799 1845 5872 post
1874 5797 1977 5852 Re-

2089 4862 2222 4939 gius
2252 4861 2329 4939 ,1.ἱ
2379 4865 2649 4939 Seguer.,
2664 4859 2980 4939 _&_1t_ox'révet,
3015 4866 3161 4939 forte
3209 4884 3313 4939 pro
3340 4866 3640 4939 ἀποκτενεῖ,
3675 4878 3741 4930 ut

2086 4935 2267 5062 ἐξερεῖ)
2298 4934 2511 5059 ιῖεεὶιιε
2539 4934 2594 4988 2.
2635 4934 2859 4990 Ibidem
2890 4934 2994 5011 γάρ
3024 4938 3188 4994 deest
3209 4934 3276 4994 in
3311 4934 3653 5001 Gobleriano
3684 4953 3742 5003 et

2131 5025 2160 5062 e
2188 5024 2215 5062 c
2266 5045 2277 5057 .
2352 5046 2365 5059 .

2131 5024 2277 5063 610K.
2314 5024 2365 5059 1.

2157 5080 2268 5153 (ρΟ)
2297 5077 2391 5153 Sic
2414 5075 2652 5153 primus
2707 5077 2887 5133 codex
2934 5078 3171 5153 Regius,
3216 5084 3475 5153 Seguer..
3507 5085 3738 5146 Gobler.

2086 5147 2369 5206 et'Felck.
2404 5147 2454 5204 1⁷.
2487 5147 2603 5217 Alii
2661 5164 2797 5217 vero
2856 5154 2914 5203 et
2971 5147 3111 5204 editi
3142 5151 3216 5214 ὡς
3259 5147 3450 5212 solum
3499 5157 3738 5217 habent.

2086 5221 2219 5279 Mox
2272 5221 2450 5276 iidem
2500 5216 2550 5272 ἐν
2600 5215 2930 5289 παλαιότητι
2979 5219 3242 5280 habent:
3277 5229 3470 5284 caeteri
3513 5236 3569 5287 et
3598 5215 3738 5291 editi

2088 5291 2140 5348 ἐν
2170 5292 2477 5373 omittunt.
2558 5352 2563 5355 ι
2766 5363 2790 5373 _
2866 5355 2890 5373 ν

2163 5367 2275 5446 (οι)
2306 5370 2582 5446 Seguer.,“
2601 5378 2703 5446 pro
2734 5363 2822 5445 νῦν
2856 5357 2984 5446 ᾅρα,
3015 5360 3346 5446 06v_babet.
3383 5371 3558 5429 Paulo
3592 5381 3740 5446 post

2088 5430 2519 5508 Re‘gidstrﬁc
2552 5430 2698 5508 ζῴἤς
2727 5434 2827 5508 τῆς
2860 5430 2911 5486 ἐν
2940 5434 3182 5508 Χριστῷ.

2160 5505 2272 5584 (62)
2304 5507 2399 5584 Sic
2428 5505 2687 5584 ﬂeeing
2734 5506 2796 5584 ίε.
2833 5505 3068 5584 εθεμθςο
3109 5505 3350 5584 ,ξρειὶο-
3403 5514 3632 5573 Gobler.
3683 5523 3742 5576 et

2088 5573 2288 5663 Felck'.‘
2334 5580 2380 5636 1.
2427 5573 2603 5647 Editi,
2635 5576 2695 5634 Ὀ
2751 5573 2810 5630 δὲ
2856 5573 2984 5641 «at;
3026 5573 3367 5656 χαλξεζδτι,
3421 5592 3555 5659 etc.,
3606 5573 3738 5649 aliis

2088 5667 2345 5708 omisms.

2159 5720 2642 5796 (63)_Sic_Regius
2694 5721 2748 5793 1,
2779 5722 3118 5795 Seguerian.
3153 5728 3210 5783 et
3256 5727 3419 5787 LXX.
3449 5734 3650 5792 Ceteri
3680 5739 3738 5794 et

2090 5792 2263 5866 editi,
2283 5792 2513 5864 ἐκλήθη.
