4076 6370
267 429 392 489 553

1396 427 1779 492 EPISTOLA
1826 428 1852 490 Ι
1893 428 1999 490 AD
2046 429 2575 495 SERAPIONEM.

3566 437 3685 497 554

268 560 490 627 πνεῦμα
538 555 724 610 καινὸν
771 551 931 610 δώσω
982 555 1132 628 ὑμῖν·
1190 556 1281 611 καὶ
1328 556 1515 635 ἀφελῶ
1555 558 1654 627 τὴν
1699 555 1919 634 καρδίαν

2044 576 2139 631 per
2167 561 2525 619 Ezechielem
2575 561 2873 634 pollicitus
2920 565 3029 633 est,
3060 562 3263 620 dicens
3297 580 3311 618 :
3366 585 3396 617 «
3423 565 3490 621 Et
3533 566 3685 623 dabo

261 647 367 717 τήν
399 643 614 714 λιθίνην
648 643 710 700 ἐκ
736 650 836 715 τῆς
865 644 1063 722 σαρκὸς
1097 644 1272 719 ὑμῶν·
1305 645 1396 701 καὶ
1438 643 1600 702 δώσω
1632 647 1758 721 ὑμῖν
1790 667 1923 724 καρ-

266 737 390 794 δίαν
438 736 720 813 σαρκίνηνο
765 736 857 792 καὶ
902 737 966 792 τὸ
1014 739 1235 811 Πνεῦμά
1285 758 1385 811 μον
1433 736 1592 794 δώσω
1623 737 1674 794 έν
1710 740 1860 813 ὑμῖν.
1894 763 1922 791 ››

263 829 412 885 Πὸτε
442 824 509 896 δὴ
542 830 703 881 τοῦτο
733 828 849 899 (74)
879 824 1263 901 πεπλήρωται,
1314 827 1359 881 εί
1394 828 1469 900 μὴ
1503 826 1593 883 ὅτε
1620 847 1923 903 παραγενο-

271 937 435 991 μενος
468 917 496 970 6
529 914 726 991 Κύριος
760 914 1059 970 ἀνεκαίνισε
1086 916 1153 970 τὰ
1199 913 1377 970 πάντα
1416 919 1484 989 τῇ
1517 916 1707 991 χάριτι
1740 935 1753 985 ;
1784 912 1922 970 Ἰδοὺ

267 1007 375 1082 γὰρ
405 1006 494 1061 καὶ
530 1003 581 1059 ἐν
624 1007 705 1076 τῷ
754 1002 906 1079 ῥητῷ
953 1003 1133 1076 τούτῳ
1180 1006 1216 1073 ἡ
1272 1001 1505 1083 διαφορὰ
1548 1003 1655 1060 τῶν
1682 1005 1922 1077 πνευμά-

267 1115 377 1150 των
413 1092 704 1149 δείκνυται·
754 1091 845 1147 καὶ
886 1093 949 1147 τὸ
998 1092 1094 1166 μὲν
1140 1097 1355 1166 πνεῦμα
1400 1094 1463 1147 τὸ
1508 1095 1668 1165 ἡμων
1703 1094 1923 1149 ἀνακαι-

262 1180 595 1257 νιζόμεῦμα,
621 1177 747 1237 ἀλλ’
777 1179 968 1236 ἑαυτοῦ
992 1183 1104 1255 (75)
1128 1201 1288 1259 φησιν
1312 1181 1441 1236 αὐτὸ
1474 1180 1610 1237 εἶναι
1641 1182 1668 1235 6
1697 1181 1848 1252 Θεὸς,
1868 1179 1920 1236 ἐν

266 1277 501 1346 πνεῦμα,
535 1268 663 1326 ἀλλ’
697 1268 887 1325 ἐαυτοῦ
916 1272 1031 1343 (75)
1081 1291 1242 1346 φησιν
1294 1269 1425 1325 αὐτὸ
1455 1271 1590 1326 εἶναι
1622 1271 1649 1326 6
1680 1268 1833 1339 Θεὸς,
1867 1268 1919 1324 ἐν

264 1363 313 1434 ᾧ
342 1361 434 1416 καὶ
464 1361 532 1415 τὰ
559 1361 720 1432 ἡμῶν
771 1357 1167 1427 ἀνακαινίζεται
1200 1377 1214 1392 ο
1268 1359 1343 1421 ὡς
1390 1359 1480 1413 καὶ
1529 1359 1556 1413 6
1603 1356 1832 1429 ψάλλων
1867 1357 1919 1413 έν

265 1455 351 1522 τῷ
389 1451 664 1521 ἑκατοστῷ
706 1447 796 1502 καὶ
825 1446 995 1524 τρίτῳ
1043 1446 1250 1521 ψαλμῷ
1296 1446 1462 1523 λέγει·
1516 1472 1545 1501 ‹‹
1585 1445 1920 1510 Ἀντανελεῖς

259 1541 325 1595 τὸ
356 1543 573 1612 πνεῦμα
610 1537 808 1605 αὐτῶν,
855 1535 946 1592 καί
1006 1535 1340 1611 ἐκλείψουσι,
1370 1535 1463 1591 λαὶ
1521 1542 1599 1599 εἷς
1642 1537 1734 1591 τὸν
1781 1534 1916 1611 χοῦν

262 1628 444 1683 αὐτῶν
476 1626 909 1703 ἐπιστρέφουσιν.
962 1625 1371 1698 Ἐξαποστελεῖς
1418 1627 1481 1680 τὸ
1537 1625 1756 1697 Πνεῦμά
1797 1646 1914 1693 σου,

2034 649 2200 705 vobis
2229 664 2331 706 cor
2358 666 2593 721 novum,
2627 655 2683 707 et
2714 651 2987 722 spiritum
3018 668 3233 707 novum
3264 653 3415 709 dabo
3463 654 3634 711 vobis
3668 671 3683 710 :

2031 741 2089 792 et
2136 737 2394 794 auferam
2427 755 2524 794 cor
2553 740 2850 811 lapideum
2884 740 2955 796 de
2985 757 3158 797 carne
3195 746 3405 814 vestra,
3439 747 3497 800 et
3526 744 3685 799 dabo

2030 826 2198 883 vobis
2249 844 2346 882 cor
2395 844 2696 895 carneum,
2746 834 2805 883 et
2851 829 3132 900 Spiritum
3189 846 3386 886 meum
3426 832 3579 889 dabo
3623 834 3684 889 in

2031 918 2194 972 vobis
2225 918 2287 973 ⁸⁸.
2321 939 2350 969 ››
2382 918 2625 983 Quando
2657 933 2793 990 ergo
2822 919 2879 973 id
2912 919 3221 991 impletum
3252 925 3360 989 est,
3403 922 3519 977 nisi
3551 938 3687 978 cum

2033 1005 2266 1061 advenit
2295 1006 2603 1076 Dominus,
2634 1012 2693 1062 et
2741 1024 2850 1063 sua
2892 1008 3080 1081 gratia
3099 1009 3299 1064 omnia
3345 1011 3689 1066 renovavit?

2031 1094 2206 1149 Porro
2239 1095 2345 1149 hoc
2374 1096 2551 1151 etiam
2583 1096 2643 1151 in
2676 1096 2801 1152 loco
2819 1098 3134 1168 spirituum
3153 1098 3483 1154 differentia
3498 1105 3691 1155 osten-

2031 1182 2211 1238 ditur.
2245 1184 2390 1239 Nam
2425 1184 2668 1255 spiritus
2701 1190 2917 1254 noster,
2951 1186 3002 1241 is
3033 1190 3122 1241 est
3168 1187 3267 1258 qui
3320 1191 3633 1243 renovatur
3667 1206 3681 1244 :

2031 1272 2131 1325 sed
2164 1271 2449 1343 Spiritum
2482 1278 2775 1344 sanctum,
2825 1291 2942 1330 non
2992 1274 3340 1347 simpliciter
3387 1275 3685 1345 spiritum.

2031 1359 2132 1414 sed
2164 1377 2338 1415 suum
2373 1377 2501 1417 esse
2530 1362 2811 1432 Spiritum
2842 1362 2992 1419 Deus
3022 1362 3300 1430 declarat,
3332 1363 3391 1419 in
3423 1380 3539 1435 quo
3578 1366 3688 1420 sci-

2028 1448 2164 1504 licet
2184 1449 2432 1521 spiritus
2455 1456 2656 1506 noster
2677 1452 3099 1519 renovatur,uti
3123 1451 3433 1508 Psalmista
3459 1453 3686 1524 psalmo

2029 1538 2351 1594 centesimo
2383 1540 2555 1594 tertio
2586 1538 2914 1596 luculenter
2944 1541 3112 1596 docet
3142 1558 3154 1596 :
3195 1560 3217 1590 ι
3267 1541 3513 1598 Auferes
3564 1543 3680 1614 spi-

2027 1628 2202 1683 ritum
2234 1645 2434 1685 eorum
2463 1634 2521 1685 et
2549 1630 2840 1701 deficient,
2873 1634 2932 1686 et
2955 1631 3015 1686 in
3048 1630 3343 1703 pulverem
3375 1648 3551 1688 suum
3594 1649 3688 1688 re-

261 1716 355 1773 καῖ
404 1718 810 1787 κτισθήσονται,
862 1716 952 1770 καὶ
1002 1715 1328 1777 ἀνακαινιεῖς
1369 1714 1432 1769 τὸ
1480 1714 1773 1789 πρόσωπον
1813 1720 1914 1783 τῆς

2044 1720 2344 1775 rertentur.
2379 1717 2625 1773 Emittes
2657 1719 2940 1790 Spiritum
2976 1724 3146 1775 tuum
3194 1723 3252 1776 et
3298 1721 3677 1789 creabuntur,

258 1813 390 1882 γῆς.
427 1828 457 1856 ››
491 1805 556 1861 E‘.
604 1801 662 1859 δὲ
707 1804 762 1859 ὶν
813 1807 892 1875 τῷ
934 1802 1204 1877 Ιῐνεύματι
1250 1806 1347 1858 τοῦ
1395 1807 1527 1859 Θεοῦ
1574 1802 1915 1871 ἀνακαινιζό-

2044 1810 2081 1862 ιι
2132 1806 2440 1862 renovabis
2489 1807 2695 1862 faciem
2727 1811 2894 1864 terris
2924 1809 2987 1862 ⁵⁸.
3022 1830 3050 1860 ››
3085 1809 3249 1875 Quod
3292 1809 3342 1864 si
3373 1808 3434 1864 in
3466 1810 3695 1882 Spiritu

262 1897 423 1968 μεθιι⁸
456 1893 556 1950 οὐκ
584 1894 688 1969 ἄρα
715 1893 776 1948 τὸ
820 1896 1039 1966 Πνεῦμα
1081 1893 1147 1948 τὸ
1196 1893 1346 1967 ἅγιόν
1397 1892 1507 1948 ἐστι
1536 1890 1600 1947 16
1627 1896 1719 1946 νῦν
1752 1889 1911 1966 λεγόο

266 2004 432 2059 μενον
462 1986 673 2056 πνεῦμα
699 1980 991 2051 κτίζεσθαι,
1022 1980 1168 2037 ἀλλὰ
1193 1982 1258 2037 τὸ
1287 1980 1577 2057 ἡμέτερον.
1607 1980 1706 2035 Καὶ
1749 1978 1919 2055 εἴπερ,

261 2074 648 2132 8:616ndv1a
676 2073 924 2149 γενέσθαι
976 2073 1090 2146 (76)
1140 2070 1238 2126 δτὰ
1293 2075 1391 2126 τοῦ
1416 2070 1615 2147 Λόγου,
1677 2076 1925 2149 φρονεῖτε

259 2164 452 2226 καλῶς
485 2165 563 2236 μὴ
596 2165 732 2218 εἶναι
760 2161 963 2235 κτίσμα
1003 2165 1094 2216 τὸν
1152 2160 1296 2216 Γὶόνσ
1344 2165 1460 2223 πῶς
1494 2160 1556 2215 ού
1593 2158 1920 2236 βλάσφημόν

266 2255 381 2311 ἐστι
415 2253 594 2328 λέγειν
632 2255 771 2327 ὑμᾶς
804 2252 1007 2325 κτίσμα
1049 2252 1111 2306 τὸ
1163 2255 1401 2324 Πνεῦμα,
1447 2249 1499 2305 ἐν
1547 2251 1593 2323 ᾧ
1638 2251 1706 2306 τὰ
1749 2249 1923 2306 πάντα

272 2347 303 2401 6
334 2344 525 2419 Πατὴρ
568 2339 656 2397 διὰ
684 2345 779 2396 τοῦ
810 2340 992 2416 Λόγου
1041 2339 1246 2396 τελειοῖ
1297 2340 1385 2395 καὶ
1417 2339 1741 2408 ἀνακαινίζει
1776 2360 1790 2409 ;
1822 2340 1921 2393 Καὶ

262 2435 337 2506 εί,
399 2431 490 2487 διὰ
533 2432 599 2488 16
645 2429 947 2507 γεγράφθαι
997 2427 1189 2491 ἁπλῶς
1241 2433 1453 2503 πνεῦμα
1499 2429 1792 2501 κτίζεσθαι,
1838 2427 1923 2483 ἀν-

260 2522 572 2580 επλάσαντο
621 2508 833 2581 έαυτοῖς
885 2520 1021 2574 εἶναι
1072 2516 1233 2574 τοῦτο
1279 2518 1344 2573 τὸ
1394 2522 1613 2591 Πνεῦμα
1653 2518 1716 2573 16
1747 2518 1921 2593 ἅγιον.

264 2610 559 2678 πεισθῆναι
592 2605 788 2662 λοιπὸν
821 2604 1152 2683 ὀφείλουσιν,
1173 2607 1287 2679 (77)
1308 2603 1393 2660 ὅτι
1425 2605 1500 2677 μή
1530 2604 1594 2660 16
1624 2608 1841 2678 Πνεῦμα
1858 2604 1921 2658 τὸ

266 2698 425 2774 ἅγιόν
455 2696 567 2752 ἐστι
608 2696 671 2750 τὸ
719 2695 1058 2766 κτιζόμενον,
1110 2692 1257 2748 ἀλλὰ
1299 2694 1363 2748 16
1408 2691 1673 2769 ἡμέτερόν
1720 2692 1829 2747 ἐστι
1859 2692 1920 2747 16

264 2788 323 2844 ἐν
379 2786 529 2859 αύτῷ
573 2783 1071 2856 ἀνακαινιζόμενον*
1125 2780 1249 2858 περί
1298 2783 1359 2837 οῦ
1405 2782 1495 2837 καὶ
1546 2783 1573 2836 ὁ
1648 2784 1761 2855 (78)
1819 2790 1921 2837 Δα-

260 2873 358 2933 ϐὶδ
398 2874 606 2950 ηὔχετο
656 2870 887 2947 ψάλλων
931 2888 943 2904 ⁸
999 2896 1029 2924 ‹‹
1081 2868 1312 2946 Καρδίαν
1358 2870 1595 2945 καθαρὰν
1653 2870 1832 2925 κτίσον
1868 2869 1920 2925 ἐν

261 2966 418 3041 ἐμοὶ,
467 2966 496 3020 6
545 2963 675 3025 Θεὸς
724 2964 859 3037 (79),
917 2960 1009 3017 καί
1066 2965 1281 3035 πνεῦμα
1328 2959 1474 3021 εύθὲς
1522 2958 1818 3036 ἐγκαίνισον
1870 2958 1921 3015 έν

256 3062 386 3118 τοῖς
429 3054 680 3129 ἰγκάτοις
731 3072 856 3125 μου.
894 3075 915 3101 ι
966 3048 1094 3105 Ὧδε
1146 3050 1239 3123 μὶν
1285 3050 1388 3126 γὰρ
1438 3049 1652 3123 λέγεται
1699 3049 1920 3118 κτίζειν*

265 3145 534 3220 πρότερον
566 3139 623 3197 δὲ
651 3136 903 3212 ἔπλασεν,
937 3141 965 3195 6
1015 3139 1288 3215 Ζαχαρίας
1339 3137 1523 3217 φησίν*
1578 3162 1607 3191 ι(
1640 3139 1921 3193 Ἐκτείνων

263 3233 363 3288 τὸν
425 3229 673 3305 οὐρανὸν,
741 3227 831 3283 καὶ
890 3224 1152 3291 θελιλιῶν
1212 3228 1312 3296 τήν
1359 3229 1481 3302 γῆν,
1529 3225 1620 3280 καὶ
1662 3224 1921 3281 πλάσσων

1955 1940 2005 2007 Β

2036 1895 2137 1951 Dei
2166 1911 2519 1950 renovamur
2548 1911 2562 1951 :
2597 1913 2710 1950 non
2743 1912 2880 1968 ergo
2909 1897 3160 1969 Spiritus
3208 1901 3452 1954 sanctus
3501 1899 3553 1953 is
3602 1902 3695 1955 est

2039 1984 2140 2057 qui
2172 1983 2356 2041 creari
2388 1984 2623 2051 dicitur,
2640 1985 2739 2041 sed
2774 1991 2972 2042 noster
3001 1985 3333 2058 spiritus.Si
3363 1987 3519 2044 526
3550 1986 3693 2043 item

2033 2074 2173 2145 quia
2201 2073 2400 2130 omnia
2431 2090 2532 2146 per
2560 2074 2816 2130 Verbum
2848 2075 2998 2131 facta
3042 2084 3201 2142 sunt,
3251 2080 3406 2132 recte
3458 2075 3695 2132 sentitis

2032 2162 2243 2219 Filium
2294 2179 2409 2217 non
2465 2179 2594 2219 esse
2637 2179 2759 2219 rem
2809 2168 3065 2221 creatam
3114 2181 3127 2220 :
3186 2182 3260 2221 an
3309 2180 3427 2221 non
3483 2164 3690 2220 itidem

2033 2251 2285 2323 impium
2324 2255 2416 2306 est
2451 2268 2552 2307 vos
2597 2252 2883 2323 Spiritum
2924 2257 3218 2321 sanctum,
3260 2253 3320 2308 in
3362 2269 3478 2324 quo
3524 2253 3694 2309 Pater

2033 2358 2136 2414 per
2183 2342 2440 2398 Verbum
2473 2342 2673 2398 omnia
2703 2343 2929 2413 perficit
2955 2347 3015 2399 et
3045 2347 3304 2413 renovat,
3339 2342 3692 2399 contendere

2031 2447 2153 2486 rem
2186 2447 2314 2487 esse
2335 2435 2587 2487 creatam
2612 2431 2640 2487 ‘I
2668 2433 2725 2487 Si
2759 2431 2942 2504 igitur
2972 2432 3128 2503 quod
3159 2431 3509 2504 simpliciter
3550 2431 3694 2488 scri-

2031 2525 2198 2592 ptum
2229 2520 2306 2576 sit
2335 2521 2610 2593 spiritum
2655 2522 2862 2590 creari,
2914 2520 3083 2577 illum
3134 2522 3350 2577 idcirco
3400 2520 3689 2593 Spiritum

2032 2614 2301 2665 sanctum
2335 2626 2464 2665 esse
2490 2610 2604 2666 sibi
2624 2610 2769 2683 ipsis
2792 2611 3036 2666 ﬁnxere:
3046 2612 3170 2683 jam
3198 2626 3548 2683 persuasum
3573 2608 3696 2665 illis

2030 2714 2160 2753 esse
2188 2697 2380 2766 debet,
2413 2715 2529 2754 non
2560 2698 2898 2771 Spiriritum
2931 2703 3201 2755 sanctum
3233 2698 3402 2754 illum
3435 2713 3564 2754 esse
3587 2698 3696 2769 qui

2032 2788 2390 2853 crcatur,sed
2423 2792 2691 2842 nostrum
2723 2803 2851 2844 esse
2882 2788 2980 2859 qui
3011 2788 3070 2842 in
3101 2803 3167 2843 eo
3194 2790 3540 2854 renovatur;
3573 2800 3692 2857 qua

2032 2875 2103 2932 de
2155 2891 2215 2931 re
2264 2880 2319 2930 et
2368 2876 2494 2948 ipse
2528 2877 2702 2932 David
2734 2876 2843 2931 hoc
2876 2876 3048 2932 modo
3080 2876 3431 2947 precabatur
3463 2891 3477 2931 :
3511 2896 3540 2925 «
3574 2875 3685 2929 Cor

2033 2965 2321 3020 mundum
2355 2947 2488 3020 crea
2516 2965 2577 3020 in
2610 2981 2728 3033 me,
2763 2970 2932 3035 Deus,
2958 2969 3015 3020 et
3045 2964 3315 3036 spiritum
3348 2966 3575 3019 rectum
3603 2962 3690 3016 in-

2034 3070 2182 3109 nova
2213 3053 2269 3109 in
2300 3054 2625 3111 visceribus
2656 3054 2800 3110 meis
2829 3055 2893 3109 ‘7.
2951 3077 2972 3104 υ
3021 3053 3249 3109 Etenim
3297 3052 3408 3108 hoc
3453 3050 3515 3107 in
3561 3050 3691 3108 loco

2032 3142 2306 3216 spiritum
2344 3158 2542 3198 creare
2565 3143 2802 3209 dicitur,
2835 3160 3008 3213 quem
3042 3145 3214 3197 antea
3241 3141 3580 3209 ﬁnxerat,ut
3608 3139 3691 3194 ait

2032 3230 2344 3287 Zacharias
2367 3247 2378 3285 :
2404 3252 2432 3280 ‹‹
2457 3232 2789 3287 Extendens
2821 3230 3139 3301 omium,‘et
3163 3229 3420 3284 fundens
3448 3231 3692 3298 terram,

269 3324 490 3392 πνεῦμα
519 3317 809 3394 ἀνθρώπου
838 3316 890 3370 έν
921 3314 1089 3389 αύτῷ-
1120 3339 1150 3369 ››
1202 3314 1233 3370 6'
1273 3314 1375 3391 γὰρ
1404 3313 1668 3390 πρότερον
1700 3311 1921 3380 ἔπλασε,

2044 3324 2096 3375 et
2123 3319 2307 3392 ﬁnges
2338 3319 2611 3392 spiritum
2644 3319 2902 3375 hominis
2932 3320 2992 3374 in
3022 3319 3150 3391 ipso
3182 3319 3242 3374 ⁵⁸.
3268 3340 3296 3368 ››
3320 3318 3502 3383 Quem
3535 3316 3695 3373 enim

265 3415 436 3466 τοῦτο
485 3406 771 3469 πεπτωκὸς
827 3405 1071 3462 ἀνέκτισε
1126 3407 1260 3479 (80),
1315 3403 1607 3480 γενόμενος
1655 3403 1816 3465 αὐτὸς
1874 3402 1929 3458 ἐν

274 3506 361 3573 τῷ
388 3498 665 3569 κτίσματι,
697 3495 786 3551 ὅτε
814 3497 842 3550 6
883 3496 1053 3569 Λόγος
1094 3494 1223 3570 σὰρξ
1267 3493 1500 3569 ἐγένετο,
1537 3518 1565 3546 ‹‹
1592 3490 1704 3565 τίνα,
1738 3516 1768 3545 ››
1794 3494 1868 3555 ὡς
1901 3496 1929 3548 ὁ

284 3583 624 3646 Ἀπόοτολος
682 3585 816 3654 εἷπε,
877 3607 906 3635 ‹‹
958 3583 1088 3645 τοὺς
1144 3579 1240 3636 δύο
1288 3580 1445 3656 κτίσῃ
1496 3580 1573 3643 εἷς
1611 3577 1702 3635 ἕνα
1746 3580 1928 3634 καινὸν

272 3678 587 3755 ἄνθρωπον,
640 3675 731 3730 τὸν
788 3674 927 3729 κατὰ
974 3673 1104 3729 Θεὸν
1167 3671 1451 3737 κτισθέντα
1508 3670 1559 3727 έν
1621 3668 1930 3743 δικαιοσύνῃ

274 3767 370 3824 καὶ
402 3764 650 3836 ὁσιότητι
677 3767 778 3829 τῆς
818 3761 1098 3833 ἀληθείας.
1135 3785 1163 3813 ››
1213 3760 1290 3819 Οὐ
1331 3761 1430 3836 γὰρ
1478 3760 1552 3822 ὠς
1598 3760 1782 3836 ἑτέρου
1832 3756 1930 3829 δη-

282 3856 706 3933 μιουργηθέντος
754 3854 900 3930 παρὰ
927 3853 1018 3909 τὸν
1070 3852 1118 3925 ἐξ
1168 3852 1349 3928 ἀρχῆς
1400 3852 1516 3906 κατ’
1564 3849 1741 3906 εῗκόνα
1774 3848 1929 3924 γενό-

279 3965 442 4021 μενον
505 3941 787 4019 ἄνθρωπον
837 3937 1018 4017 ἔλεγεν
1078 3941 1212 4013 (81)*
1271 3937 1421 3994 ἀλλᾶ
1466 3938 1556 3992 τὸν
1607 3936 1659 3993 ἐν
1710 3936 1930 4012 Χριστῷ

270 4034 558 4091 κτισθέντα
584 4030 678 4087 καὶ
720 4028 1163 4086 ἀνακαιοισθέντα
1203 4032 1331 4083 νοῦν
1384 4021 1768 4082 συνεϐούλευεν
1802 4024 1928 4094 ἀνα-

279 4118 494 4181 λαϐεῖν·
534 4117 666 4196 ὅπερ
714 4119 807 4176 καὶ
853 4116 945 4174 διὰ
991 4116 1255 4188 Ἰεζεκιὴλ
1304 4115 1469 4172 πάλιν
1514 4114 1800 4187 δηλοῦται,
1846 4112 1932 4169 λὲ-

271 4233 470 4289 γοντος
519 4210 703 4266 αὐτοῦ·
765 4232 794 4261 ‹‹
862 4208 1135 4278 Ποιήσατε
1192 4206 1401 4266 ἑαυτοῖς
1456 4201 1676 4279 καρδίαιν
1737 4205 1928 4271 καινὴν

270 4301 365 4357 καὶ
424 4303 639 4373 πνεῦμα
689 4296 896 4352 καινόν’
956 4296 1045 4350 καὶ
1087 4292 1175 4349 ἵνα
1229 4293 1281 4348 τί
1339 4293 1723 4363 ἀποθνήσκετε,
1784 4293 1929 4354 οἶκος

278 4386 543 4466 Ἰσραήλ;
577 4382 726 4442 Διὸτι
759 4385 821 4442 οὐ
850 4383 995 4441 θέλω
1024 4384 1113 4439 τὸν
1159 4384 1381 4439 θάνατον
1425 4386 1523 4437 τοῦ
1565 4382 1933 4452 ἀποθνήσκον-

271 4505 392 4553 τος,
424 4480 574 4558 λέγει
608 4477 846 4535 ’Δδωναῖ
875 4477 1092 4553 Κύριος.
1116 4500 1145 4529 »

353 4574 438 4631 10.
503 4570 707 4626 Οὐκοῦν
763 4572 862 4625 τοῦ
918 4565 1241 4642 κτιζομένου
1297 4565 1604 4640 πνεύματος
1671 4564 1927 4636 τοιαύτην

355 4701 403 4736 ⁸⁵
430 4697 636 4756 Ezecb.
666 4713 858 4762 χχχιιι,
887 4696 978 4750 26.

279 4774 327 4809 ⁴’⁰
358 4771 568 4829 Ezech.
610 4786 772 4839 xvm,
805 4769 896 4835 31,
926 4768 1015 4822 32.

364 4898 482 4971 (74)
511 4896 761 4971 Anglio._,
791 4892 929 4971 Πότε
958 4888 1017 4971 δὲ
1043 4894 1226 4971 τοῦτο.
1245 4891 1441 4971 Figulo
1473 4894 1643 4971 _po_st__
1665 4888 1882 4971 Ilegius
1975 4891 2021 4957 D

288 4977 347 5042 et
366 4959 426 5041 Ξ,
456 4959 694 5042 ἔδειξεν.
731 4959 907 5042 Basil.
934 4965 1189 5042 -Gob‘ler.
1240 4959 1514 5042 Reisig},
1547 4962 1575 5016 6
1608 4959 1872 5042 Κύριόςᾝ
1905 4962 1939 5032 ή

287 5033 690 5119 δ-ιαιροράξᾼίίἱ
720 5044 778 5095 et
807 5037 949 5119 editi
980 5037 1263 5119 omittunt
1295 5035 1344 5104 6,
1367 5033 1940 5119 ‘iid‘emque'cumBa-

283 5104 409 5183 8i|.;
528 5113 700 5182 Ibid.,
733 5115 867 5166 ante
889 5107 949 5183 Δἐν
976 5111 1056 5180 τῷ
1087 5105 1261 5183 ῥητῷ,
1293 5105 1383 5160 καὶ
1416 5104 1641 5183 ιώρβῒά
1666 5104 1846 5183 Desii.

359 5177 477 5257 (75)
502 5185 598 5257 Sic
629 5177 846 5257 Regius
862 5181 899 5257 Α
940 5185 995 5257 et
1022 5177 1369 5257 2,'Seguer._
1400 5178 1630 5233 Gobler.
1666 5177 1854 5257 If‘elclg.
1889 5178 1940 5231 1.

287 5246 426 5322 Alii,
457 5246 645 5311 αὐτοῦ.
679 5246 828 5309 Ibid.
862 5253 1002 5308 Bch.
1061 5252 1086 5307 1
1135 5246 1286 5318 et'2,
1337 5251 1597 5323 Seguer.,
1630 5246 1760 5303 αὐτὸ
1791 5247 1941 5304 εἶναι.

291 5330 495 5387 Caneri
512 5332 570 5383 et
606 5327 749 5384 editi
772 5323 938 5378 αὐτοῦ
970 5322 1273 5380 omittunt.

366 5402 482 5512 (76)
512 5399 749 5455 Primus
799 5398 980 5453 codex
1025 5394 1258 5478 Regius.
1311 5394 1568 5475 Seguer.,
1598 5397 1942 5512 γεγενῆσθαι.

366 5474 458 5512 {'77
513 5472 604 5512 Sin
636 5469 848 5512 Rnoinq
881 5469 931 5512 L
969 5466 1190 5512 Anoiln-
1223 5469 1293 5512 At
1323 5464 1416 5512 aln
1467 5468 1526 5512 et
1565 5480 1594 5512 Ω
1640 5471 1743 5512 Illo
1775 5467 1942 5512 Com-

366 5464 481 5545 (77)
512 5472 604 5545 Sic
634 5469 933 5545 Regius},
964 5464 1190 5545 Anglic.
1211 5469 1293 5545 At
1323 5464 1418 5521 alii
1467 5468 1526 5520 et
1565 5464 1743 5520 editio
1775 5467 1947 5545 Com-

290 5537 474 5611 mél.,'
499 5537 824 5617 ~{v031wa'av_
840 5540 945 5617 ὅτι,
979 5537 1121 5617 οἰοῖΔ
1139 5537 1391 5617 Ibidem_
1417 5553 1545 5617 quze
1598 5540 1946 5617 sequuntur,

288 5617 405 5672 ista
434 5607 673 5672 exstant
705 5617 761 5669 in
795 5612 969 5683 Regio
999 5612 1050 5683 1,
1088 5610 1326 5683 Seguer.
1351 5607 1581 5683 Gobler.
1606 5615 1663 5683 et
1680 5607 1946 5683 Felckri,

291 5694 365 5745 At
404 5687 598 5746 ceteri
619 5690 678 5743 et
707 5672 965 5754 editi,v16
996 5672 1146 5755 ἅγιον
1164 5672 1423 5753 υΠνεῦμα
1476 5677 1574 5734 οὐκ
1618 5672 1727 5733 ἔστι
1776 5676 1955 5746 κτιζό-

293 5779 482 5833 μενον.

616 5884 880 5946 Panos.
928 5882 1040 5943 Gs.
1089 5880 1308 5944 XXVI.

1082 4694 1127 4730 ⁸⁸
1156 4692 1311 4750 Psal.
1343 4709 1460 4766 CIII,
1493 4693 1585 4762 29,
1617 4692 1707 4748 30.
1802 4692 1845 4727 ⁵⁷
1878 4691 2030 4750 Psal.
2065 4708 2106 4761 ι,
2143 4689 2229 4744 12.

2040 3414 2212 3464 antea
2242 3409 2788 3475 ﬁnxerat,eumdem
2820 3413 3025 3481 postea
3054 3408 3287 3480 lapsum
3314 3407 3506 3462 denuo
3536 3421 3697 3462 crea-

2039 3500 2140 3565 vit,
2174 3499 2361 3554 factus
2390 3497 2517 3571 ipse
2545 3497 2605 3553 in
2637 3515 2697 3554 re
2727 3502 2941 3565 creata,
2974 3514 3184 3570 nempe
3244 3512 3381 3552 cum
3431 3496 3693 3551 Verbum

2039 3604 2172 3644 caro
2202 3588 2421 3643 factum
2447 3592 2555 3658 est,
2591 3609 2620 3639 κ
2652 3591 2735 3657 ut,
2771 3609 2799 3637 »
2826 3586 3332 3659 quemadmodum
3373 3585 3698 3656 Apostolus

2040 3677 2140 3743 ait,
2180 3696 2208 3730 ιι
2235 3677 2384 3732 duos
2413 3677 2626 3733 condat
2653 3677 2713 3731 in
2747 3694 2934 3732 unum
2966 3692 3184 3732 novum
3213 3674 3541 3744 hominem,
3593 3673 3698 3745 qui

2039 3766 2363 3822 secundum
2412 3766 2594 3821 Deum
2649 3770 2878 3822 creatus
2927 3770 3015 3821 est
3067 3765 3125 3819 in
3151 3764 3385 3835 justitia
3415 3767 3472 3819 et
3503 3762 3693 3819 santi-

2038 3858 2157 3909 tate
2188 3853 2448 3910 veritatis
2464 3854 2566 3909 ‘9.»
2581 3854 2643 3909 Id
2662 3853 2818 3909 enim
2839 3870 2955 3910 non
2974 3852 3121 3911 dixit
3148 3857 3433 3924 tanquam
3464 3854 3698 3907 creatus

2041 3942 2118 3998 sit
2147 3941 2299 3998 alius
2324 3942 2396 3997 ab
2447 3941 2546 3998 illo
2599 3942 2837 3997 homine
2886 3941 2987 4015 qui
3036 3941 3203 3997 initio
3254 3941 3326 3997 ad
3375 3940 3699 4011 imaginem

2040 4031 2229 4086 factus
2260 4030 2498 4099 fuit,sed
2529 4031 2599 4087 ad
2634 4036 2888 4087 creatam
2922 4036 2980 4087 et
3010 4034 3346 4087 renovatam
3378 4029 3439 4084 in
3469 4027 3695 4084 Christo

2003 4124 2297 4201 .mentein
2360 4119 2793 4191 suscipiendam
2860 4118 3060 4175 fideles
3109 4118 3488 4185 hortabatur;
3536 4116 3696 4188 quod

2042 4209 2196 4264 idem
2228 4207 2323 4264 his
2354 4208 2547 4264 verbis
2578 4214 2820 4280 praestat
2865 4208 3125 4264 Ezechiel
3163 4225 3175 4263 :
3211 4229 3240 4257 ‹‹
3294 4206 3485 4262 Facite
3530 4204 3696 4262 vobis

2041 4314 2140 4353 cor
2169 4314 2382 4353 novum
2412 4303 2470 4353 et
2500 4297 2771 4369 spiritum
2805 4313 3020 4352 novum
3045 4312 3058 4350 :
3082 4301 3136 4351 et
3167 4311 3347 4368 quare
3372 4293 3697 4365 morimini,

2043 4388 2253 4441 domus
2285 4385 2502 4441 Israel?
2534 4385 2681 4452 Quia
2711 4385 2844 4440 nolo
2890 4388 3141 4441 mortem
3182 4383 3506 4451 morientis,
3555 4382 3701 4439 dicit

2039 4475 2271 4531 Adonei
2300 4473 2589 4530 Dominus
2617 4474 2683 4530 ⁸ο.
2720 4497 2749 4524 »

2112 4564 2358 4620 10.Cum
2385 4562 2566 4635 igitur
2588 4563 2673 4619 ita
2689 4563 3165 4621 sententiendum
3185 4564 3262 4620 sit
3277 4565 3348 4620 de
3365 4562 3465 4619 illo
3488 4562 3700 4636 spiritu

2328 4688 2371 4732 ιθ
2400 4686 2641 4744 Zachar.
2674 4705 2780 4760 xu,
2815 4690 2867 4744 1.
2961 4690 3007 4734 ⁵9
3035 4688 3250 4762 Ephes.
3283 4704 3348 4755 ιι,
3380 4687 3475 4755 15;
3502 4686 3576 4753 Iv,
3608 4686 3699 4741 24.

2124 4884 2237 4959 (78)
2265 4884 2494 4959 Gobler.
2545 4887 2604 4941 et
2652 4886 2847 4959 Felck,
2895 4881 3400 4959 primus,_1§egius_
3447 4879 3703 4959 primus,

2052 4951 2286 5030 Seguér,
2320 4958 2347 5010 ὁ
2380 4959 2675 5030 omittunt.
2711 4951 2940 5016 Gobler.
2988 4962 3045 5015 et
3081 4951 3297 5011 Felckf
3313 4951 3562 5027 primus,
3595 4951 3701 5008 ibi-

2054 5026 2187 5104 defn
2215 5026 2416 5104 ηὔχετο
2448 5027 2647 5104 λέγων.

2122 5092 2483 5173 (79)'I'{'egius
2514 5092 2540 5155 1
2577 5107 2634 5157 et
2660 5104 2715 5173 2,
2765 5104 3001 5172 Seguer.
3048 5098 3275 5154 addunt
3319 5095 3347 5148 ὁ
3386 5092 3517 5156 Θεός
3552 5110 3566 5150 :
3600 5094 3700 5151 alii

2054 5177 2111 5229 et
2140 5173 2279 5229 editi
2312 5174 2611 5229 omittunt.

2127 5244 2239 5314 (80)
2272 5245 2504 5300 Primus
2536 5244 2714 5299 codex
2743 5241 2980 5313 Regius,
3007 5241 3268 5314 Seguer.,
3297 5236 3574 5314 ἀνέστησε.

2137 5309 2363 5391 (81)*81ο
2394 5316 2608 5391 Regius
2641 5316 2691 5384 1,
2724 5309 3183 5385 SeguerQCaet'eri
3232 5310 3467 5391 et__edi_ti
3522 5309 3698 5391 omit-

2057 5379 2193 5447 tunt
2223 5379 2424 5462 ἔλεγεν.
2476 5379 2705 5462 ibidem
2732 5379 2859 5462 gu'aa
2904 5391 3255 5462 sequuntur,
3294 5383 3387 5462 ita
3409 5381 3611 5462 jacent
3642 5379 3703 5462 in

2058 5469 2236 5533 Regio
2274 5454 2576 5533 l,'Segue_r.
2608 5456 2835 5533 Gobler.
2869 5463 2927 5513 et
2960 5454 3144 5533 [θείοις.
3178 5459 3228 5511 1.
3277 5454 3389 5508 Alii
3416 5457 3705 5533 .autem_et

2059 5523 2234 5591 editio
2285 5523 2562 5585 Com‘mel.
2614 5530 2918 5595 omittunt,
2963 5527 3052 5581 καὶ
3096 5523 3528 5585 ἀνακαινισθέντα
3553 5526 3702 5578 νοῦν.

2060 5612 2184 5663 Vox
2212 5595 2593 5658 συνεϐούλευεν
2647 5602 2813 5656 abest
2856 5618 2890 5655 ο.
2931 5599 3162 5657 Gobler.
3213 5604 3271 5655 et
3316 5595 3506 5652 Felck.
3552 5596 3601 5651 1.
3633 5597 3707 5653 At

2061 5678 2256 5737 Ottob.
2287 5675 2458 5731 habet
2490 5666 2923 5727 συνεϐούλευσεν.

3346 5869 3424 5929 18
