4076 6402
351 451 468 513 555

882 450 948 512 S.
993 451 1422 515 ATHANASII
1467 451 1641 515 OPP.
1687 449 1890 517 PARS
1933 449 1973 510 I.

2090 449 2543 516 -HISTORIGA
2586 453 2685 517 ET
2725 455 3212 520 DOGMATICA.

3637 461 3759 523 556

349 584 450 657 qui
481 587 1124 657 creatur,congruenter
1149 600 1384 657 quoque
1413 583 1663 657 intelligi
1692 587 1884 657 potest
1903 587 1973 640 toi

2106 576 2332 658 ἔχοντος
2387 583 2489 654 τήν
2539 580 2801 660 διάνοιαν,
2837 585 3154 663 πρεπόντως
3204 585 3265 644 ἄν
3315 588 3541 662 νοηθείη
3590 591 3680 647 καί
3718 595 3755 663 ἡ

352 673 698 746 nitru,quod
729 672 950 730 ﬁrmari
977 673 1197 728 ibidem
1226 672 1662 742 diciturﬁdelis
1691 687 1884 730 sermo
1917 677 1990 740 et

351 761 678 819 immobilis
706 761 799 818 lex
840 761 1086 833 spiritus
1139 780 1151 817 :
1197 763 1368 834 cujus
1417 779 1552 818 cum
1599 761 1885 818 Jacobum
1935 766 1995 818 et

345 853 630 908 Joannem
661 851 964 907 ministros
993 867 1123 907 esse
1151 850 1322 908 vellet
1349 851 1656 920 Dominus,
1688 850 1822 907 illos
1853 851 1992 906 Boa-

345 956 554 1012 nerges
585 939 928 1011 nominavit,
962 939 1117 1010 quod
1147 943 1259 1008 est,
1290 939 1397 995 filii
1443 939 1692 996 tonitrui
1736 939 1802 994 δι.
1850 938 1996 995 Hinc

341 1030 594 1085 Joannes
640 1044 772 1085 vere
815 1045 848 1084 e
897 1027 1058 1084 ccslis
1101 1027 1314 1085 clamat
1344 1046 1358 1084 :
1393 1051 1422 1079 «
1457 1029 1521 1085 In
1553 1028 1840 1101 principio
1871 1031 1998 1085 erat

343 1117 624 1186 Verbum,
654 1122 713 1172 et
739 1115 997 1173 Verbum
1028 1121 1153 1173 erat
1181 1118 1336 1190 apud
1367 1117 1575 1188 Deum,
1607 1122 1666 1174 et
1695 1122 1848 1173 Deus
1871 1121 1998 1172 erat

347 1204 600 1261 Verbum
621 1206 688 1260 ⁸³.
713 1227 742 1257 ››
772 1206 887 1262 Lex
910 1205 1128 1278 quippe
1158 1205 1322 1277 prius
1353 1206 1626 1262 umbram
1657 1206 1994 1262 futurorum

342 1293 632 1350 bonorum
663 1294 893 1351 habuit.
925 1294 1070 1350 Cum
1105 1299 1303 1350 autem
1341 1294 1607 1351 Christus
1654 1294 1993 1350 hominibus

343 1383 732 1439 annuntiatus
761 1385 884 1450 est;
915 1386 973 1438 et
1001 1381 1128 1453 ipse
1155 1381 1342 1438 adfuit
1373 1382 1575 1438 dicens
1609 1399 1623 1438 :
1663 1401 1684 1431 α
1717 1382 1846 1454 Ipse
1888 1383 1991 1454 qui

337 1469 548 1541 loquor
595 1470 806 1526 adsum
852 1469 934 1538 ‘3;
987 1472 1152 1536 tunc,
1203 1474 1266 1526 ut
1313 1470 1460 1526 dixit
1505 1468 1744 1540 Paulus,
1794 1489 1818 1520 ι
1861 1471 1990 1542 ejus

338 1574 444 1614 vox
503 1562 720 1614 terram
787 1558 1106 1629 concussit,
1168 1573 1304 1614 cum
1357 1559 1416 1614 id
1473 1559 1639 1630 prius
1694 1558 1991 1632 pollicitus

340 1651 498 1704 esset
530 1664 544 1703 :
575 1646 784 1703 Adhuc
815 1645 996 1703 semel
1028 1662 1134 1718 ego
1174 1647 1416 1704 movebo
1465 1664 1585 1704 non
1634 1647 1830 1704 solum
1881 1653 1992 1704 ter-

340 1753 489 1805 ram,
541 1736 645 1793 sed
689 1741 747 1792 et
775 1735 1006 1792 ccslum.
1039 1736 1203 1802 Quod
1231 1741 1431 1793 autem
1463 1736 1656 1793 adhuc
1685 1736 1864 1793 semel
1881 1737 1988 1810 ldi-

339 1825 440 1895 cit,
473 1823 732 1882 declarat
761 1824 1068 1881 mobilium
1100 1825 1568 1892 translationem,
1595 1830 1660 1881 ut
1687 1829 1990 1888 .maneant

337 1930 406 1971 ea
435 1930 560 1986 quas
593 1918 733 1971 sunt
763 1913 1110 1970 immobilia.
1146 1915 1350 1986 Itaque
1389 1929 1637 1987 regnum
1687 1914 1988 1972 immobile

333 2002 1049 2076 suscipientes,habemus
1077 2003 1460 2076 gratiam,per
1483 2018 1662 2076 quam
1691 2003 1980 2060 servimus

331 2091 630 2164 placentes
661 2093 775 2148 Deo
805 2092 870 2146 “.
901 2109 930 2143 ι
966 2091 1130 2158 Quod
1161 2095 1358 2148 autem
1402 2091 1498 2148 hic
1544 2089 1846 2148 immobile
1889 2108 1979 2148 re-

330 2197 514 2254 gnum
545 2181 706 2248 dicit,
741 2181 898 2237 idem
927 2181 1228 2237 firmatum
1257 2181 1414 2237 canit
1443 2180 1621 2236 David
1654 2197 1668 2237 :
1705 2202 1735 2231 «
1779 2180 1980 2237 Domi-

331 2286 446 2326 nus
477 2269 763 2342 regnavit,
787 2270 1057 2326 decorem
1088 2268 1302 2338 induit,
1325 2269 1519 2326 induit
1546 2269 1834 2326 Dominus
1863 2270 1979 2326 for-

331 2357 646 2414 titudinem
669 2363 727 2414 et
744 2373 814 2414 ea
830 2357 1135 2430 precinxit
1157 2358 1475 2416 se.Etenim
1499 2359 1755 2416 ﬁrmavit
1776 2359 1977 2416 orbem

329 2450 518 2514 terra,
567 2446 670 2518 qui
718 2463 836 2503 non
884 2447 1351 2504 commovebitur
1393 2449 1462 2505 ⁸⁵.
1502 2448 1706 2520 Itaque
1757 2449 1914 2520 quod
1944 2465 1980 2505 a

327 2535 615 2608 propheta
645 2534 867 2592 dictum
898 2539 1006 2605 est,
1037 2535 1351 2594 Salvatoris
1383 2538 1700 2594 adventum
1750 2537 1976 2610 signiﬁ-

326 2628 440 2691 cat,
491 2623 554 2679 in
603 2639 719 2694 quo
748 2628 805 2680 et
835 2640 942 2680 nos
975 2625 1232 2681 renovati
1263 2641 1493 2696 sumu,
1525 2630 1584 2682 et
1611 2626 1703 2682 lex
1731 2626 1976 2699 spiritus

325 2711 652 2768 immobilis
684 2713 1150 2784 perseverat.Sed
1182 2711 1268 2769 illi
1295 2728 1428 2770 vere
1458 2713 1666 2786 tropici
1696 2729 1798 2770 seu
1847 2731 1975 2770 ver-

323 2799 527 2857 satiles
573 2801 791 2857 {cedere
839 2817 975 2856 cum
1023 2801 1257 2858 Arianis
1295 2801 1461 2870 inito,
1493 2818 1561 2858 ac
1587 2802 1741 2858 inter
1768 2819 1832 2858 se
1861 2803 1972 2858 im-

322 2888 538 2962 pietate
569 2889 849 2946 adversus
879 2889 1258 2947 Divinitatem
1289 2889 1570 2959 divisa,ut
1589 2890 1858 2970 videlicet
1888 2891 1974 2946 illi

321 2977 555 3050 Filium,
574 2978 689 3051 ipsi
703 2978 986 3050 Spiritum
1001 2994 1122 3035 rem
1134 2983 1390 3036 creatam
1403 2984 1836 3053 esselpugnent;
1854 2985 1974 3036 tro-

321 3071 522 3138 pos,ut
538 3067 716 3123 iidem
738 3066 1083 3138 loquuntur,
1101 3067 1399 3140 efﬁngere,
1414 3072 1588 3140 atque
1616 3068 1761 3124 illud
1794 3069 1972 3126 etiam

323 3156 478 3227 quod
493 3159 646 3211 recte
658 3155 729 3210 ad
743 3155 1119 3211 Timotheum
1133 3154 1370 3228 scripsit
1381 3155 1879 3228 Apostolus,male
1891 3157 1974 3212 in-

320 3243 627 3316 terpretari
659 3243 788 3299 ausi
819 3249 961 3298 sunt
979 3260 992 3298 :
1013 3265 1041 3293 ι(
1061 3244 1287 3314 Testor,
1305 3265 1334 3295 »
1353 3243 1548 3316 inquit
1576 3243 1814 3314 Paulus,
1835 3248 1973 3316 «goo-

322 3349 450 3388 ram
481 3331 596 3388 Deo
626 3335 685 3387 et
713 3331 941 3388 Christo
964 3331 1129 3402 Jesu,
1159 3337 1216 3388 et
1240 3331 1440 3388 electis
1468 3332 1715 3406 angelis,
1747 3338 1813 3390 ut
1849 3334 1970 3390 haec

322 3419 474 3478 527
507 3419 808 3476 custodias
835 3419 962 3476 sine
991 3419 1504 3492 praejudiciomihil
1533 3421 1754 3478 faciens
1782 3438 1852 3478 ex
1879 3423 1969 3479 in-

320 3509 604 3565 vitatione
632 3509 697 3563 ιδ.
725 3529 754 3560 ››
779 3508 861 3564 Ex
889 3508 1102 3580 quibus
1132 3507 1216 3564 illi
1248 3510 1628 3577 concludunt,
1650 3512 1802 3582 quod
1834 3528 1970 3569 cum

317 3598 503 3655 Deum
541 3602 600 3654 et
637 3597 932 3654 Christum
973 3599 1380 3670 nominaverit,
1411 3600 1967 3676 deinquelangelos,

319 3703 559 3744 necesse
579 3691 669 3744 est
687 3687 963 3759 spiritum
983 3687 1139 3744 inter
1149 3688 1387 3762 angelos
1401 3693 1968 3763 annumerari,eum-

320 3793 434 3850 que
451 3775 766 3833 exitiorum
778 3793 908 3832 esse
919 3777 1326 3849 ordine,atque
1339 3777 1612 3851 angelum
1627 3778 1758 3837 aliis
1780 3782 1966 3853 majo-

318 3881 441 3922 rem
462 3881 608 3922 esse.
635 3865 848 3932 Primo,
883 3863 992 3920 hoc
1010 3864 1176 3937 impii
1202 3864 1490 3922 Valentini
1519 3867 1822 3924 inventum
1853 3872 1962 3938 est,

318 3969 508 4028 neque
523 3954 668 4010 latet
685 3953 847 4027 ipsos
865 3953 1069 4010 eadem
1089 3969 1155 4009 ac
1176 3952 1345 4010 illum
1366 3953 1658 4026 loqui.Ille
1669 3956 1964 4029 siquidem

318 4041 483 4112 dixit,
518 4043 672 4116 quod
703 4041 886 4098 misso
919 4041 1237 4112 Paracleto,
1289 4059 1408 4100 una
1456 4059 1590 4100 cum
1639 4044 1742 4102 illo
1791 4047 1964 4103 coaevi

317 4133 446 4205 ejus
477 4131 668 4206 angeli
699 4130 869 4188 missi
899 4130 1540 4204 fuerint.Deinde,dum
1571 4133 1858 4206 Spiritum
1889 4137 1962 4193 ad

385 4305 430 4340 σί
463 4303 638 4361 Marc.
673 4319 760 4372 in,
785 4303 877 4359 17.

313 4376 359 4413 ⁸⁸
387 4377 410 4432 I
440 4374 698 4434 Timoth.
729 4392 786 4444 ν,
817 4375 910 4430 21.

1000 4303 1048 4338 ⁸³
1077 4302 1246 4360 Joau.
1279 4320 1322 4373 ι,
1351 4303 1404 4361 1.

405 4547 498 4622 82)
528 4546 764 4622 Primus
795 4547 973 4622 codex
1001 4547 1236 4622 Regius,
1267 4549 1528 4622 Seguer.,
1560 4547 1708 4622 estw.

403 4616 754 4696 83)_Regius
788 4619 867 4696 _2,
905 4616 1369 4696 fcapgeggsmc.’
1399 4616 1528 4678 Mox
1578 4619 1797 4696 Regius
1839 4623 1958 4696 pri-

313 4688 761 4766 mils,vsegﬁer._
788 4688 990 4766 Basil.,
1013 4688 1358 4766 ςάσάλευτον,
1407 4697 1466 4766 et
1495 4688 1726 4766 Regiis
1775 4688 1960 4754 [Ἴδε-

311 4781 498 4838 gustu,
522 4761 702 4838 οὗτος.
737 4762 850 4818 Alii
877 4767 934 4818 et
963 4762 1102 4838 editi
1131 4761 1291 4824 αὐτὸς
1317 4761 1698 4838 ᾇτελεύτηῖον.
1736 4767 1960 4824 Ibidem

312 4835 529 4912 Regius
562 4837 612 4905 1,
645 4835 1146 4912 seg_uer._Gobler.
1178 4840 1237 4890 et
1257 4835 1442 4892 Felck.
1470 4838 1522 4906 1,
1555 4842 1954 4912 στερεωθεῖσαν.

310 4902 508 4982 Casieri
625 4902 807 4982 ediii,
821 4905 1041 4982 ἑτέρωθι
1070 4902 1250 4960 οὖσαν.

383 4980 496 5063 (84)
527 4977 811 5063 Sic-Regii
841 4977 1186 5063 et'Seguer.,
1220 4981 1285 5035 ut
1314 4981 1372 5035 et
1400 4977 1541 5052 legit
1570 4978 1854 5038 Nannius.
1890 4983 1958 5038 At

311 5045 408 5107 alii
441 5045 499 5107 et
525 5050 686 5123 editi,
719 5045 950 5123 Πατρός.

403 5123 494 5194 85)
524 5121 789 5194 Adbanc
817 5119 1037 5194 vocem,
1067 5119 1339 5193 τροπικοί.
1370 5120 1432 5176 in
1462 5121 1589 5176 cod.
1626 5138 1738 5194 ms.
1773 5123 1950 5180 Basil.

309 5191 658 5318 Δοξαπατρτὶς
683 5192 806 5249 haec
835 5209 949 5249 non
980 5191 1176 5264 inepte
1217 5197 1382 5248 notat
1413 5209 1426 5248 :
1470 5192 1814 5265 Σημείωσαι,
1845 5193 1950 5263 δτι,

308 5259 400 5318 διᾶ
444 5263 506 5318 τὸ
565 5309 573 5317 .
627 5283 737 5318 γειν
792 5261 1013 5318 ἑαυτοὺς
1074 5260 1310 5318 τρόπους
1368 5261 1694 5318 ἐφευοίηειν
1759 5267 1950 5318 παοεέ-

308 5283 400 5318 οια
444 5284 506 5318 το
565 5283 737 5389 ,εέειν
792 5283 1013 5325 εαυτους
1074 5283 1310 5336 τροπους
1368 5283 1694 5337 εφευρισκειν
1759 5283 1951 5358 παρεξ-

305 5335 578 5412 ηγήσεων,
651 5333 932 5405 κληθησαν
982 5334 1034 5389 οἳ
1082 5334 1464 5408 Πνευματομάλ
1494 5355 1542 5388 οι
1596 5356 1849 5411 τροπικοι
1899 5339 1952 5395 ἐν

305 5405 474 5462 ἆογῆι·
520 5406 740 5462 ὓστερον
774 5403 831 5460 δὲ
878 5405 983 5460 ἀπὸ
1030 5403 1368 5461 Μακεδονίου
1417 5354 1834 5462 Μίακεδονιανοί.
1887 5414 1944 5462 Id

520 5403 841 5490 ὕστερονδὲ.
878 5405 983 5490 άπὸ
1030 5403 1382 5461 Μακεδονίου
1417 5403 1834 5466 Μακεδόνιανοί.
1887 5414 1946 5470 Id

300 5487 434 5536 est:
468 5482 609 5536 Nota
641 5481 693 5536 S.
739 5483 984 5549 Spiritu:
1026 5479 1220 5554 hostes,
1262 5481 1391 5552 quia
1437 5483 1619 5536 varios
1663 5487 1846 5554 tropo:
1887 5486 1949 5542 in

292 5554 486 5627 prauis
514 5554 631 5606 suis
664 5553 1210 5627 interpretationibus
1250 5568 1304 5607 se
1329 5555 1646 5624 excogitare
1673 5553 1944 5627 dicerent,

298 5625 464 5694 initio,
489 5632 701 5681 vocatos
729 5623 902 5692 fuisse
928 5625 1165 5692 tropico:
1193 5641 1211 5677 :
1251 5631 1444 5694 postea
1465 5623 1596 5680 ’vero
1639 5641 1673 5681 a
1708 5623 1948 5685 Macedo;

295 5695 420 5767 m'o,
443 5693 898 5767 Macedonian“.
919 5695 1057 5767 Vide
1089 5711 1146 5767 p.
1178 5693 1302 5750 516.

367 5766 482 5838 (86)
510 5766 603 5823 Sic
633 5767 850 5838 Regius
883 5766 934 5834 1,
992 5764 1230 5838 Seguer.
1289 5764 1593 5838 Anglican.
1625 5768 1855 5828 Gobler.
1888 5775 1946 5829 et

663 5261 1031 5358 εξνωέοιυτοίιςε
1074 5260 1310 5336 τρόπους
1368 5260 1694 5352 ἐφευρίσκειν
1759 5260 1951 5358 παρεξὲ

1535 4305 1581 4341 ⁸³
1607 4305 1776 4363 Joan.
1809 4323 1886 4378 ιν,
1915 4308 2006 4366 26.

2104 673 2462 746 στερεουμένη
2518 674 2719 750 βροντή
2765 675 2794 730 6
2844 676 3034 739 πιστὸς
3083 676 3274 753 λόγος,
3323 679 3413 734 καὶ
3461 678 3758 745 ἀσάλευτος

2099 765 2197 816 τοῦ
2245 761 2552 834 πνεύματος
2601 765 2628 818 6
2675 763 2870 838 νόμος.
2901 765 3106 820 Τούτου
3148 765 3251 841 γὰρ
3303 767 3576 843 ὑπηρέτας
3623 771 3758 825 εἶναι

2103 847 2274 904 Θέλων
2307 851 2396 904 τὸν
2431 847 2624 906 Ἰακὼϐ
2671 853 2761 908 καί
2806 854 2896 908 τὸν
2949 853 3228 926 Ἰωάννην,
3280 855 3528 913 ἐκάλεσεν
3575 858 3604 913 6
3653 861 3758 915 Κύ-

2104 958 2222 1012 ριος
2252 939 2572 1014 Βοανεργὶς,
2606 939 2638 995 6'
2661 940 2825 1012 ἐστιν,
2867 939 2977 998 υἱοὶ
3031 943 3284 1018 βροντῆς’
3318 943 3350 1000 6'
3371 946 3421 1022 γ’
3450 943 3542 1002 οῦν
3571 945 3758 1004 Ἰωάν-

2103 1047 2201 1096 νης
2236 1025 2462 1096 ἀληθῶς
2492 1027 2585 1082 ἀπ’
2610 1027 2842 1106 ούρανοῦ
2880 1031 3000 1107 βοᾷ·
3039 1056 3062 1084 ι
3097 1033 3183 1088 Ἐν
3215 1033 3364 1110 ἀργῇ
3395 1035 3459 1110 ᾖν
3491 1035 3520 1090 6
3551 1036 3753 1112 Λόγος,

2102 1116 2190 1171 καὶ
2224 1117 2252 1171 6
2284 1116 2456 1192 Λόγος
2483 1119 2549 1191 ᾖν
2580 1119 2716 1194 πρὸς
2742 1121 2834 1176 τὸν
2867 1121 3022 1196 Θεὸν,
3053 1122 3143 1178 καὶ
3174 1124 3303 1188 Θεὸς
3329 1124 3396 1200 ἦν
3439 1127 3469 1181 6
3497 1127 3698 1204 Λόγος.
3722 1153 3752 1182 ››

2103 1207 2372 1282 Πρότερον
2409 1207 2504 1280 μὲν
2531 1207 2632 1285 γὰρ
2679 1209 2834 1265 σκιὰν
2883 1211 3028 1287 εἶχεν
3079 1213 3108 1267 6
3154 1212 3325 1287 νόμος
3373 1219 3484 1270 τῶν
3513 1213 3752 1289 μελλόν-

2099 1314 2208 1348 των
2235 1293 2473 1369 ἀγαθῶν·
2508 1296 2598 1352 δτε
2628 1293 2686 1352 δέ
2732 1298 2760 1352 6
2791 1299 3021 1372 Χριστὸς
3069 1299 3357 1376 ἀπηγγέλη
3399 1308 3518 1366 τοῖς
3545 1303 3752 1379 ἀνθρώ-

2101 1402 2225 1444 ποις
2273 1383 2363 1469 καὶ
2408 1382 2729 1469 παρεγένετο
2780 1383 2972 1469 λέγων’
3019 1411 3056 1469 ἰ(
3107 1387 3282 1452 Αὐτὸς
3327 1389 3357 1445 ὁ
3389 1387 3576 1469 λαλῶν
3607 1393 3750 1469 πάρ-

2101 1481 2236 1534 ειμιο
2268 1462 2410 1532 τότε,
2445 1485 2474 1515 ››
2513 1463 2588 1526 ὠς
2639 1463 2781 1522 εἶπεν
2823 1466 2852 1521 6
2898 1465 3135 1535 Παῦλος,
3191 1492 3212 1520 ι
3264 1471 3300 1538 ἡ
3347 1468 3544 1526 τούτου
3593 1462 3750 1551 φωνὴ

2097 1551 2198 1620 τήν
2249 1555 2346 1626 γῆν
2397 1551 2702 1622 ἐσάλευσεν,
2760 1553 3228 1631 ἐπαγγειλαμένου
3278 1558 3563 1636 πρότερον·
3627 1563 3751 1620 "Et:

2099 1639 2236 1712 ἅπαξ
2265 1637 2375 1714 ἐγὼ
2407 1639 2566 1695 σείσω
2597 1642 2712 1714 (82)
2741 1641 2803 1696 ού
2853 1643 3013 1715 μόνον
3061 1645 3161 1714 τήν
3199 1651 3324 1720 γῆν,
3355 1644 3503 1702 ἀλλὰ
3529 1647 3621 1704 καὶ
3651 1650 3746 1706 τὸν

2099 1725 2346 1802 οὐρανόν.
2379 1727 2449 1781 Τὸ
2481 1724 2539 1782 δὲ
2567 1725 2645 1782 ἔτι
2697 1729 2834 1800 ἅπαξ
2880 1726 3048 1801 δηλοῖ
3092 1735 3200 1786 τῶν
3239 1731 3613 1808 σαλευομένων
3641 1737 3745 1806 τήν

2099 1811 2400 1888 μετάθεσιν,
2449 1810 2536 1869 ἵνα
2589 1813 2744 1890 μείνῃ
2790 1816 2858 1871 τὰ
2906 1817 2991 1900 ,μὴ
3040 1817 3400 1893 σαλευόμενα.
3450 1822 3544 1878 Διὸ
3595 1825 3747 1900 βασι-

2097 1901 2245 1958 λείαν
2278 1900 2575 1958 ἀσάλευτον
2618 1899 3162 1980 παραλαμϐάνοντες,
3213 1905 3415 1984 ἔχομεν
3448 1899 3632 1986 χάριν,
3667 1910 3742 1970 δι’

2092 1994 2158 2060 ἧς
2189 1989 2520 2064 λατρεύομεν
2572 1989 2870 2067 εὐαρέστως
2918 1996 3030 2068 (83)
3071 1999 3152 2068 τῷ
3199 2001 3338 2070 Θεῷ.
3372 2020 3402 2050 »
3431 2000 3530 2057 Ἦν
3563 1997 3622 2056 δὶ
3651 1999 3743 2058 λέ-

2089 2101 2173 2156 γει
2223 2079 2498 2156 βασιλείαν
2550 2081 2709 2145 οὗτος
2752 2081 3068 2153 ἀσάλευτον,
3112 2084 3313 2157 ταύτην
3357 2095 3740 2162 στερεωθεῖσαν

2089 2169 2290 2245 ψάλλει
2339 2165 2525 2226 Δαϐίδο
2581 2195 2610 2223 ‹‹
2647 2172 2710 2230 Ὁ
2759 2171 2955 2249 Κύριος
3007 2168 3370 2246 ἐϐασίλευσεν,
3421 2175 3741 2255 εὐπρέπειαν

2090 2257 2393 2316 ἐνεδύσατο·
2447 2257 2728 2316 ἐνεδύσατο
2785 2260 2985 2336 Κύριος
3043 2259 3267 2337 δύναμιν
3325 2265 3415 2321 καὶ
3470 2269 3740 2344 περιεζώ-

2091 2370 2240 2408 σατο.
2288 2350 2395 2406 Καὶ
2441 2350 2544 2425 γὰρ
2576 2349 2862 2427 ἐστερέωσε
2880 2352 2980 2420 τήν
3014 2351 3366 2427 οἰκουμένην,
3399 2355 3520 2426 ἥτις
3549 2358 3614 2414 ού
3641 2379 3734 2414 σα.

2089 2439 2430 2510 λευθήσεται.
2461 2459 2490 2493 ι
2542 2439 2620 2496 Τὸ
2668 2439 2772 2514 ἄρα
2818 2441 2966 2516 παρὰ
3005 2439 3084 2514 τῷ
3131 2445 3390 2521 προφήτῃ
3441 2443 3606 2520 ῥητὸν
3634 2447 3736 2518 τὴν

2090 2527 2384 2602 ἐπιδημίαν
2415 2532 2511 2583 τοῦ
2543 2531 2802 2602 Σωτῆρος
2835 2529 3104 2604 σημαίνει,
3137 2529 3190 2586 ἐν
3221 2533 3259 2604 ἦ
3293 2533 3385 2588 καὶ
3435 2536 3599 2608 ἡμεῖς
3649 2537 3737 2592 ἀν.

2089 2618 2360 2688 εκαινίσθη
2371 2637 2466 2691 μεν
2498 2618 2589 2673 καὶ
2629 2619 2658 2674 6
2679 2617 2848 2691 νόμος
2869 2618 2966 2674 τοῦ
2988 2619 3296 2695 πνεύματος
3325 2623 3440 2696 (84)
3467 2621 3734 2680 ἀσάκλευ-

2083 2728 2177 2768 τος
2211 2703 2474 2778 διαμένει.
2511 2702 2667 2762 Ἀλλ’
2698 2706 2749 2760 οἱ
2795 2710 2876 2778 τῷ
2923 2701 3037 2762 ὄντι
3083 2709 3338 2782 τροπικοί
3383 2711 3518 2783 (85),
3549 2711 3734 2776 συνθι·

2089 2815 2239 2869 μενοι
2298 2800 2416 2857 τοῖς
2464 2795 2789 2868 Ἀρειανοῖς,
2838 2796 2928 2849 καὶ
2979 2795 3334 2873 μερισάμενοι
3387 2799 3502 2872 μετ’
3553 2797 3732 2856 αὐτῶν

2083 2885 2182 2953 τήν
2216 2883 2291 2946 εἰς
2330 2883 2430 2953 τήν
2463 2882 2693 2953 θεότητα
2743 2881 3115 2962 βλασφημίαν,
3164 2884 3253 2939 ἳνα
3282 2884 3478 2941 ἐκεῖνοι
3511 2887 3608 2960 μὶν
3637 2889 3730 2946 τὸν

2084 2973 2230 3041 Υἱὸν,
2263 2971 2414 3027 οὗτοι
2465 2968 2522 3026 δὶ
2562 2972 2624 3026 τὸ
2669 2973 2888 3045 Πνεῦμα
2932 2973 3136 3046 κτίσμα
3183 2971 3440 3050 λέγωσινο
3489 2973 3733 3051 ἐτόλμη-

2084 3082 2202 3130 σαν,
2233 3061 2311 3123 ὡς
2343 3059 2494 3115 αὐτοί
2522 3080 2674 3135 φασι,
2720 3060 2958 3136 τρόπους
3007 3059 3179 3117 πάλιυ
3226 3063 3436 3126 ἑαυτοῖς
3485 3063 3730 3144 ἐφευρεῖν

2080 3150 2171 3206 καὶ
2216 3148 2632 3226 παρεξηγεῖσθαι
2679 3148 2768 3204 καὶ
2812 3149 2877 3205 τὸ
2924 3153 3020 3205 τοῦ
3062 3150 3400 3208 Ἀποστόλου
3455 3152 3644 3230 ῥητὸν,
3699 3155 3732 3212 6'

2079 3244 2265 3302 καλῶς
2301 3240 2395 3312 μὶν
2426 3238 2586 3300 αὐτὸς
2632 3240 2745 3312 (86)
2791 3233 2988 3317 ἔγραφε
3028 3239 3283 3314 Τιμοθέῳ
3310 3239 3504 3317 λέγων·
3539 3267 3569 3296 ιι
3602 3251 3731 3300 Δια-

2085 3327 2430 3405 μαρτύρομαι
2474 3325 2700 3382 ἐνώπιον
2729 3331 2826 3381 τοῦ
2855 3326 2988 3382 Θέοῦ
3017 3328 3104 3383 καὶ
3137 3329 3316 3399 Ἰησοῦ
3346 3331 3584 3407 Χριστοῦ
3612 3335 3728 3407 (87)

2080 3419 2167 3476 καί
2217 3423 2324 3474 τῶν
2370 3415 2638 3473 ἐκλεκτῶν
2686 3415 2958 3492 ἀγγέλων,
3005 3415 3095 3472 ’ίνα
3121 3423 3288 3474 ταῦτα
3334 3417 3576 3498 φυλάξῃς
3608 3441 3726 3498 χω.

2081 3511 2166 3585 ρὶς
2198 3505 2598 3584 προκρίματος,
2634 3501 2802 3579 μηδὲν
2834 3510 3006 3560 ποιῶν
3031 3507 3166 3562 κατὰ
3189 3506 3531 3584 πρόσκλησιν

2081 3601 2312 3656 Ἐκεῖνοι
2347 3593 2405 3651 δέ
2433 3593 2743 3673 φάσκουσιν,
2792 3593 2980 3664 ἐπειδὴ
3027 3596 3118 3652 τὸν
3172 3597 3302 3652 Θεὸν
3349 3599 3442 3653 καὶ
3469 3598 3561 3654 τὸν
3595 3604 3728 3676 Χριο

2077 3688 2200 3743 στὸν
2233 3684 2536 3758 ὠνόμασεν,
2586 3681 2698 3738 εἶτα
2739 3681 2868 3746 τοὺς
2917 3682 3202 3760 ἀγγέλους,
3253 3683 3456 3762 ἀνάγκη
3475 3691 3593 3749 τοῖς
3623 3686 3722 3764 ἀγ-

2075 3774 2262 3852 γέλοις
2318 3773 2760 3848 συναριθμεῖσθαι
2815 3772 2878 3827 τὸ
2951 3776 3187 3846 Πνεῦμα,
3245 3779 3346 3844 τῆς
3406 3795 3464 3829 τε
3539 3774 3717 3831 αὐτῶν

2076 3867 2206 3922 εἶναι
2263 3861 2577 3938 συστοιχίας
2631 3860 2721 3915 καὶ
2780 3861 2910 3916 αὐτὸ
2967 3863 3101 3936 (89),
3151 3862 3242 3916 καὶ
3299 3861 3530 3940 ἄγγελον
3587 3863 3722 3919 εἶναι

2077 3954 2302 4030 μείζονα
2353 3955 2462 4006 τῶν
2513 3947 2723 4008 ἄλλων.
2769 3953 2992 4026 Πρῶτον
3047 3950 3141 4024 μὶν
3191 3948 3283 4006 οὗν
3328 3957 3428 4022 τῆς
3476 3947 3722 4015 ἀσεϐείας

2073 4044 2214 4101 ἐστὶν
2247 4040 2607 4098 Οὐαλεντίνου
2651 4042 2812 4094 τοῦτο
2864 4039 2926 4094 τὸ
2979 4038 3212 4113 εὕρημα·
3264 4039 3354 4102 καὶ
3385 4037 3488 4096 ούκ
3518 4036 3718 4105 ἔλαθον

2075 4135 2223 4190 οὗτοι
2247 4133 2316 4187 τὰ
2338 4128 2542 4186 ἐκείνου
2735 4126 3114 4206 φθεγγόμενοι.
3170 4129 3404 4191 Ἐκεῖνος
3451 4127 3552 4206 γὰο
3584 4124 3718 4207 ἔφη·

2134 4306 2182 4343 “
2208 4305 2355 4378 Agg.
2388 4319 2454 4373 ιι,
2481 4303 2517 4356 7
2541 4319 2556 4372 ;
2587 4299 2762 4358 Hebr.
2791 4317 2894 4372 xu,
2923 4300 3115 4357 26-28.
3243 4301 3290 4338 ⁸⁸
3316 4299 3473 4358 Psal.
3503 4316 3640 4370 xcn,
3671 4302 3724 4360 1.

1966 4550 2036 4621 ’Β
2069 4549 2262 4608 Felck.
2297 4551 2346 4621 1,,
2380 4546 2582 4604 Castori
2627 4560 2768 4621 vero
2811 4548 2871 4602 et
2915 4545 3058 4621 editj
3116 4539 3278 4608 αύτός
3317 4545 3616 4621 omittunt,
3666 4551 3726 4602 et

2069 4623 2288 4679 habent
2317 4612 2540 4704 ἔγραψε,
2570 4621 2709 4744 Reg.
2743 4618 2992 4674 2tamen
3025 4612 3222 4744 ἔγραφε
3256 4633 3490 4690 quoque
3519 4617 3718 4674 habet.

2140 4694 2253 4744 (87)
2281 4696 2374 4744 sic
2404 4696 2620 4744 Remus
2721 4693 2777 4744 et
2817 4690 3050 4744 Seauer.
3115 4705 3146 4742 n
3178 4689 3343 4744 Gobl.
3377 4694 3433 4744 et
3461 4688 3652 4744 Felok.
3687 4691 3712 4744 4

2140 4694 2253 4766 (87)
2281 4688 2620 4766 Sic'Regius
2651 4688 2699 4766 1“
2721 4693 2777 4766 et
2817 4688 3343 4766 Segue_r.'ln_'Gobl.
3377 4688 3433 4745 et
3461 4688 3652 4766 ﬁelok.
3687 4691 3712 4766 1

2069 4759 2157 4820 ita:
2184 4759 2416 4837 legitur,
2446 4759 2543 4837 τοῦ
2571 4763 2703 4837 Θεοῦ
2721 4759 3198 4837 -Χριστοῦξιη-σοῦ.
3248 4761 3310 4837 In
3340 4759 3590 4837 ᾼιξξζῌοη
3619 4765 3718 4814 τοῦ

2071 4839 2205 4920 Θεοῦ
2235 4831 2601 4920 καί“Κυρίου“
2627 4831 3000 4920 ἡμιξνίλἹησοῦ
3018 4831 3302 4920 ὶξριστοῦέ
3333 4831 3532 4920 Editip
3559 4837 3722 4890 Com-

2069 4907 2205 4963 me].
2239 4912 2296 4964 et
2326 4901 2541 4979 Regius
2569 4907 2623 4976 2,
2655 4901 2751 4956 τοῦ
2781 4906 2914 4957 Θεοῦ
2943 4901 3034 4979 καὶ
3065 4901 3536 4979 Χριστοῦ-Ἰησοῦ.

2139 4980 2249 5051 (88)
2279 4979 2372 5033 Sic
2403 4973 2784 5051 omnes'mss.
2807 4979 2875 5051 et
2901 4975 3039 5051 e_di_t.
3073 4973 3376 5051 Commel.,
3409 4974 3495 5051 uti
3535 4973 3716 5051 etiam

2065 5045 2281 5107 habent
2304 5051 2335 5104 4
2365 5065 2508 5106 mss.
2540 5047 2772 5105 codices
2800 5047 2941 5103 Novi
2971 5047 3334 5103 Testamenti
3361 5047 3502 5102 edit.
3528 5045 3711 5103 Oxon.

2069 5123 2225 5192 1675.
2277 5127 2348 5178 At
2384 5120 2483 5177 alii
2533 5117 2884 5192 πρόσκλισιν,
2933 5119 3434 5192 quemadmodum
3481 5133 3717 5192 quoque

2062 5191 2206 5276 ιιείι
2249 5189 2989 5276 ίειίθερςςεεέιιαῐὲηιξελ..ίιι
3046 5189 3317 5276 “feram.
3337 5198 3558 5276 ριῑτιεξηι
3612 5189 3712 5276 ἔσο
3775 5194 3782 5200 ’

2061 5259 2342 5322 σιῖηαηάο.
2373 5259 2520 5320 Ibid.
2549 5263 2706 5335 Regii
2737 5268 2792 5318 el
2821 5261 3092 5318 Ottobon.
3118 5261 3250 5336 Seg.
3277 5259 3456 5319 Basil.
3478 5260 3709 5333 Anglic.

2061 5345 2356 5421 aderam}?-
2393 5343 2497 5400 λιίί
2519 5348 2583 5421 ,ξι
2613 5343 2774 5421 φάψ»
2823 5343 3137 5421 vim?”

2131 5417 2243 5486 (89)
2273 5417 2362 5488 Sic
2393 5415 2554 5486 Regii
2587 5420 2649 5488 et
2690 5411 2846 5488 Seg.'
2869 5414 3138 5488 Ottobon.
3183 5411 3708 5488 Basil.__Ang_lican.

2058 5483 2386 5544 Go'blerian.
2419 5483 2486 5544 et
2512 5483 2854 5544 Felckm.'1.
2889 5486 3041 5542 Editi
3070 5502 3204 5542 vero
3235 5489 3294 5542 et
3323 5484 3422 5542 alii
3451 5483 3542 5539 καὶ
3573 5490 3712 5542 ante

2057 5557 2185 5612 αὐτό
2218 5560 2520 5616 omittunt.

2130 5631 2240 5704 (90)
2269 5631 2434 5686 Gobl.
2471 5636 2529 5687 et
2567 5629 2820 5686 Felckm.
2869 5628 3118 5704 primus,
3143 5626 3711 5704 _$eg_._0t_tobon.._-r_a‘z

2130 5647 2240 5704 (eo)
2269 5647 2434 5686 uom.
2471 5647 2529 5687 et
2567 5647 2820 5686 r'eickm.
2869 5647 3118 5757 gruibus,
3151 5647 3280 5709 seg.
3313 5647 3610 5684 υιιυοοη..
3641 5647 3703 5680 τα

2057 5698 2291 5759 ἐκείνων.
2331 5704 2676 5774 Paulopost
2705 5706 2869 5774 Reg,
2939 5703 2996 5758 et
3034 5705 3090 5774 2,
3124 5699 3322 5774 ABaSlI.‘
3371 5700 3504 5772 Seg.
3536 5697 3703 5754 Gobl.

2055 5779 2112 5831 et
2143 5775 2394 5833 Felckm.
2432 5777 2483 5848 1,
2516 5767 2728 5847 ἕῷησεν.
2760 5767 2874 5830 Alii
2903 5777 2962 5830 et
2994 5771 3160 5841 editi,
3190 5769 3376 5848 φησίν.
