4076 6396
274 554 386 640 557

1385 570 1771 633 EPISTOLA
1815 570 1841 631 Ι
1886 571 1991 632 AD
2037 569 2568 635 SERAPIONEM.

3561 572 3682 635 558

277 729 381 781 σεν,
415 707 523 778 ὅτι,
552 702 886 782 πεμφθέντος
942 705 1040 758 τοῦ
1085 700 1473 779 ΙῙαρακλήτου,
1506 699 1916 772 συναπεστάλη-

2038 703 2377 777 angelorum
2411 708 2683 763 naturam
2732 706 3054 774 deducunt,
3088 721 3204 762 non
3253 704 3566 762 advertunt
3619 721 3685 763 se

275 816 366 852 σαν
395 795 544 867 αὐτῷ
576 794 629 849 οἱ
676 791 971 863 ἡλικιῶται
1019 789 1185 847 αὐτοῦ
1234 788 1483 867 ἄγγελοι·
1540 785 1724 845 ἔπειτα
1769 786 1828 844 δὲ
1854 789 1918 844 τὸ

276 890 499 954 ΙΙνεῦμα
541 884 860 956 κατάγοντες
908 882 1020 955 (91)
1069 879 1144 943 εἷς
1192 878 1317 942 τοὺς
1372 879 1634 956 ἀγγέλους
1692 879 1769 942 εἷς
1816 880 1916 948 τὴν

273 972 470 1052 Τριάδα
514 973 916 1033 συντάσσοντες.
941 969 1006 1027 Εἰ
1055 970 1160 1046 γὰρ
1211 969 1346 1043 μετά
1397 969 1612 1042 Πατέρα
1660 968 1749 1024 καὶ
1796 968 1920 1023 Υἱὸν

275 1065 389 1120 κατ’
417 1062 613 1125 αὐτοὺς
652 1062 706 1117 οἱ
760 1058 1007 1137 ἄγγελοι,
1056 1056 1316 1130 δηλονότι
1352 1058 1452 1127 τὴν
1503 1055 1730 1129 Τριάδος
1784 1056 1917 1111 εῗσὶν

275 1155 324 1208 οἱ
355 1154 471 1227 (92)
502 1149 753 1227 ἄγγελοι,
783 1150 872 1204 καὶ
924 1147 1024 1203 οὐκ
1068 1143 1145 1202 ἔτι
1183 1171 1204 1199 ιι
1240 1143 1588 1222 λειτουργικὰ
1639 1143 1921 1218 πνεύματα

2029 793 2266 866 angelos
2295 794 2354 850 in
2384 794 2668 852 Trinitate
2710 793 3013 851 collocare.
3059 794 3206 851 Nam
3256 784 3316 851 si
3355 795 3681 852 secundum

2028 880 2160 937 illos
2190 886 2324 954 post
2347 882 2578 939 Patrem
2600 888 2656 940 et
2676 882 2888 940 Filium
2910 886 3244 954 sequuntur
3271 883 3459 955 angeli
3488 900 3501 940 :
3527 888 3682 940 certe

2026 984 2056 1024 e
2087 969 2373 1027 Trinitate
2404 979 2544 1028 sunt
2576 972 2790 1046 angeli,
2826 988 2928 1029 nec
2973 973 3101 1044 jam
3147 976 3289 1027 sunt
3340 993 3370 1022 ‹‹
3420 973 3680 1029 admini-

2026 1062 2309 1115 stratores
2331 1060 2575 1132 spiritus
2599 1062 2656 1117 in
2691 1062 3093 1118 ministerium
3109 1059 3279 1117 missi
3309 1060 3408 1125 ⁷⁷.»
3439 1078 3544 1117 nec
3565 1061 3680 1134 ipsi

2028 1147 2216 1203 sancti
2244 1149 2709 1221 ei‘ﬁciuntur,sed
2733 1151 2931 1223 potius
2953 1150 3100 1207 alios
3130 1152 3366 1206 sanctos
3395 1148 3677 1207 efﬁciunt.

271 1241 346 1306 είς
379 1239 651 1297 διακονίαν
683 1236 1173 1311 ἀποστελλόμενοι,
1204 1258 1234 1288 ››
1266 1232 1391 1290 οὐδὲ
1418 1234 1785 1312 ἁγιαζόμενοι,
1817 1232 1943 1289 ἀλλ’
1973 1232 2123 1289 αὐτοὶ
2164 1234 2376 1308 μᾶλλον
2410 1238 2715 1312 ἁγιάζοντες
2748 1236 2952 1300 ἄλλους
2985 1236 3047 1292 ἂν
3076 1240 3204 1298 εἷεν.

341 1348 515 1407 11.Τί
562 1345 653 1402 οὖν
708 1348 745 1415 ἡ
787 1344 1022 1414 τοσαύτη
1075 1341 1283 1398 τούτων
1336 1341 1610 1411 ἀπόνοια;
1647 1344 1757 1395 Ποῦ
1806 1344 1914 1394 τῶν

267 1442 494 1516 Γραφῶν
524 1433 691 1491 πάλιν
723 1435 877 1509 εῦροδ
906 1429 1137 1509 ἄγγελον
1179 1432 1292 1505 (93)
1320 1432 1382 1485 τὸ
1432 1432 1656 1503 Πνεῦμα
1686 1427 1914 1503 λεγόμε-

265 1549 356 1584 νον
411 1545 426 1596 ;
484 1527 560 1581 Τά
616 1524 754 1580 αὐτὰ
800 1520 860 1578 δέ
920 1543 1012 1596 μοι
1080 1525 1197 1582 τοῖς
1261 1520 1683 1597 προειρημένοις
1745 1517 1913 1573 εἰπεῖν

263 1618 497 1691 ἀνάγκη.
541 1612 904 1690 ΙΙαράκλητος
957 1610 1161 1686 ἐλέχθη
1212 1609 1303 1664 καὶ
1350 1613 1568 1681 πνεῦμα
1621 1606 1913 1677 υἱοθεσίας,

261 1707 351 1763 καὶ
378 1708 591 1777 πνεῦμα
620 1703 913 1778 ἁγιασμοῦ,
961 1699 1051 1755 καὶ
1098 1703 1312 1771 πνεῦμα
1359 1693 1515 1767 Θεοῦ,
1560 1696 1650 1751 καὶ
1704 1698 1916 1768 πνεῦμα

263 1798 504 1872 Χριστοῦ
556 1790 783 1867 ἐλέχθη·
841 1786 1085 1861 οὐδαμοῦ
1140 1785 1197 1843 δὲ
1253 1785 1499 1862 ἄγγελος,
1549 1782 1675 1840 οὐδὶ
1703 1783 1915 1872 ἀρχάγ-

258 1870 446 1961 γελος,
495 1878 626 1937 οὐδὲ
672 1883 886 1951 πνεῦμα
939 1874 1232 1948 διακονίας,
1264 1875 1373 1931 οἷοί
1418 1876 1532 1949 (94)
1563 1873 1694 1961 εἶσιν
1730 1874 1783 1927 οἱ
1814 1870 1912 1947 ἅγ-

258 1960 438 2047 γελοι·
472 1967 619 2025 ἀλλὰ
651 1965 864 2041 μᾶλλον
897 1965 989 2021 σὺν
1020 1970 1101 2037 τῷ
1132 1965 1242 2037 Υἱῷ
1295 1963 1384 2019 καὶ
1432 1963 1562 2019 αὐτὸ
1594 1960 1917 2018 διακονεῖται

257 2062 406 2137 παρὰ
447 2064 547 2115 τοῦ
595 2052 842 2132 Γαϐριὴλ
890 2052 1142 2130 λέγοντος
1184 2057 1254 2127 τῇ
1308 2053 1490 2128 Μαρίᾳ
1522 2071 1536 2084 °
1598 2075 1628 2105 «
1686 2052 1910 2123 Πνεῦμα

256 2152 413 2226 ἀγιον
445 2145 788 2204 ἐπελεύσεται
836 2143 923 2199 ἰπὶ
969 2142 1042 2198 σέ·
1084 2143 1174 2198 καὶ
1228 2140 1454 2216 δύναμις
1501 2140 1752 2215 Ὑψίστου
1797 2138 1912 2194 ἐπι-

262 2239 470 2295 σκιάσει
500 2258 587 2292 σοι
642 2239 819 2289 »Τῶν
853 2230 912 2289 δὲ
962 2236 1186 2310 Γραφῶν
1242 2232 1317 2305 μὴ
1372 2230 1647 2306 λεγοοσῶν
1680 2226 1907 2306 ἄγγελον

259 2328 326 2382 τὸ
370 2328 616 2398 Πνεῦμα,
663 2322 796 2378 ποία
844 2320 1061 2383 τούτοις
1115 2317 1388 2393 ἀπολογία
1442 2319 1638 2394 γένοιτ’
1693 2317 1752 2372 ἂν
1806 2323 1909 2385 τῆς

259 2413 529 2484 τοσαύτης
561 2410 854 2486 ἀλογίστου
883 2409 1103 2482 τόλμης
1137 2427 1152 2477 ;
1186 2407 1324 2463 ὅπου
1369 2429 1429 2482 γε
1475 2407 1566 2462 καὶ
1607 2408 1636 2461 6
1663 2408 1762 2475 τήν
1793 2426 1910 2460 τοι-

261 2504 431 2574 αύτην
490 2501 674 2564 αὐτοῖς
724 2500 1009 2555 κακόνοιαν
1061 2496 1373 2572 έπισπείρας
1431 2495 1790 2557 Οὐαλεντῖνος
1846 2495 1908 2550 τὸ

265 2593 360 2666 μὶν
397 2589 759 2665 [Ιαράκλητον
811 2590 948 2661 (95),
1000 2586 1127 2649 τοὺς
1182 2583 1241 2641 δὲ
1291 2584 1550 2662 ἀγγέλους
1603 2584 1906 2658 ὠνόμασεν·

259 2682 308 2737 εἰ
337 2679 428 2735 καὶ
459 2679 511 2734 ἐν
543 2681 624 2750 τῷ
647 2676 749 2750 ἴσῳ
776 2676 984 2752 χρόνῳ,
1015 2672 1321 2745 ἡλικιώτην
1352 2678 1467 2736 τοῖς
1514 2672 1763 2749 ἀγγέλοις
1793 2694 1913 2727 συν-

254 2771 443 2825 τάσσει
494 2767 586 2823 καὶ
644 2764 806 2828 αὐτὸς
852 2764 917 2819 τὸ
967 2764 1193 2836 Πνεῦμα
1245 2764 1273 2817 6
1311 2763 1721 2840 ἀφρονέστατος.
1756 2760 1911 2819 Ἀλλ’

259 2856 404 2926 ἴδοὺ,
439 2855 620 2934 φασὶν,
653 2853 705 2909 έν
736 2858 817 2926 τῷ
857 2854 1114 2931 προφήτῃ
1161 2850 1405 2927 Ζαχαρία
1452 2852 1565 2925 (96)
1594 2850 1907 2927 γέγραπται’

257 2973 288 3001 α
326 2945 465 3001 Τάδε
493 2944 644 3021 λέγει
676 2944 705 2997 6
736 2935 985 3017 ἅγγελος,
1015 2943 1043 2997 6
1074 2940 1260 2997 Λαλῶν
1293 2940 1344 2995 ἐν
1378 2938 1520 3015 ἐμοί.
1554 2965 1582 2993 ››
1611 2939 1715 2997 Καὶ
1739 2936 1909 3009 δῆλόν

255 3037 429 3107 ἐστιν,
490 3035 572 3090 ὅτι
628 3029 865 3108 ἄγγελον
926 3031 1059 3086 εἶναι
1110 3031 1174 3086 τὸ
1234 3032 1458 3102 Πνεῦμα
1510 3029 1761 3101 σημαίνει
1818 3029 1909 3083 τὸν

257 3127 315 3182 ἐν
347 3123 497 3197 αότῷ
527 3123 815 3178 Λαλοῦντα.
849 3124 1019 3175 Τοῦτο
1071 3116 1130 3174 δὲ
1176 3118 1276 3174 οὐκ
1304 3118 1364 3173 ἂν
1412 3118 1582 3186 εἶπον,
1612 3118 1658 3174 εἰ
1686 3121 1755 3192 τῇ
1785 3117 1913 3173 ἀνα-

255 3216 460 3293 γνώσει
508 3212 874 3287 προσέχοντες
925 3209 1081 3278 ἧσαν.
1138 3208 1313 3269 Αὐτὸς
1368 3206 1471 3282 γὰρ
1530 3209 1559 3262 6
1615 3206 1911 3283 Ζαχαρίας,

256 3302 429 3375 ἡνίκα
453 3302 553 3370 τὴν
605 3298 867 3355 ὀπτασίαν
916 3296 1041 3373 περὶ
1088 3298 1188 3368 τῆς
1239 3294 1468 3372 λυχνίας
1500 3296 1725 3372 ἑώρακε,
1757 3295 1910 3373 φησί·

192 3392 205 3401 ’
259 3418 290 3445 ε(
327 3392 424 3447 Καὶ
458 3388 788 3466 ἀπεκρίθηιὸ
819 3384 1055 3462 ἅγγελος
1085 3387 1113 3440 6
1147 3383 1332 3441 λαλῶν
1365 3384 1417 3441 έν
1452 3383 1597 3458 ἐμοὶ,
1620 3384 1710 3442 καὶ
1742 3384 1909 3439 εἶπεν·

257 3481 340 3541 Οὐ
385 3480 671 3555 γινώσκεις
716 3476 771 3532 τί
820 3475 931 3532 ἐστι
982 3479 1152 3531 ταῦτα
1184 3501 1199 3543 ;
1231 3474 1329 3529 Καὶ
1375 3474 1523 3529 εἶπον
1578 3476 1712 3547 (97)·
1770 3474 1913 3549 Οὐχὶ

258 3570 450 3647 Κύριε.
480 3567 578 3623 Καὶ
630 3565 917 3641 ἀπεκρίθη,
971 3565 1060 3620 καὶ
1110 3566 1229 3619 εἶπε
1274 3565 1412 3647 πρὸς
1468 3564 1534 3636 με
1582 3561 1779 3638 λέγων·
1813 3560 1917 3620 Οὗ-

252 3646 353 3723 τος
386 3660 416 3714 6
447 3656 618 3732 λόγος
675 3654 881 3731 Κυρίου
929 3654 1065 3727 πρὸς
1120 3646 1456 3727 Ζοροϐάϐελ,
1499 3650 1693 3726 λέγων·
1728 3651 1839 3707 Οὐκ
1862 3650 1913 3706 ἐν

257 3748 488 3821 δυνάμει
526 3742 759 3819 μεγάλῃ,
792 3739 918 3798 οὐδὲ
946 3741 998 3797 ἐν
1035 3741 1208 3817 ἰσχύϊ,
1242 3739 1368 3797 ἀλλ’
1398 3740 1449 3794 ἐν
1483 3743 1595 3815 (98)
1636 3739 1916 3814 ΙΙνεύματί

261 3859 372 3913 μου
407 3880 422 3906 ,
477 3834 624 3910 λέγει
676 3832 873 3909 Κύριος
932 3831 1347 3906 παντοκράτωρ.
1408 3853 1438 3883 ››
1496 3827 1743 3901 Εὔδηλον

259 3926 381 3995 οῦν,
414 3925 489 3986 ὡς
542 3923 571 3977 6
627 3920 816 3977 λαλῶν
864 3918 1097 3995 ἄγγελος
1149 3924 1229 3992 τῷ
1281 3921 1537 3996 προφήτῃ
1588 3919 1689 3974 οὐκ
1738 3919 1806 3988 ἦν
1852 3919 1916 3974 τὸ

257 4020 491 4087 Πνεῦμα
517 4012 580 4066 τὸ
612 4012 791 4085 ἅγιον,
822 4007 951 4064 ἀλλ’
997 4008 1158 4071 αὐτὸς
1207 4009 1304 4081 μὲν
1354 4006 1607 4085 ἄγγὲλος,
1648 4008 1712 4063 τὸ
1769 4005 1916 4063 δὲτὸ
1954 4079 1959 4085 ι

259 4108 491 4176 Πνεῦμα
517 4104 618 4157 τοῦ
666 4103 801 4154 Θεοῦ
859 4097 973 4153 ἐστι
1028 4102 1125 4153 τοῦ
1181 4099 1616 4172 παντοκράτορος
1827 4097 1915 4152 καὶ

258 4192 598 4249 διακονεῖται
631 4188 726 4262 μὲν
758 4187 884 4262 παρ’
932 4184 1192 4263 ἀγγέλου,
1225 4184 1528 4263 ἀδιαίρετον
1575 4183 1633 4241 δὲ
1659 4192 1759 4255 τῆς
1805 4184 1919 4249 θεόο

254 4281 428 4353 τητός
462 4281 598 4347 ἔστι,
630 4277 721 4333 καὶ
754 4272 893 4331 ἴδιον
924 4280 1021 4331 τοῦ
1073 4273 1246 4350 λόγου
1429 4275 1577 4332 Ἐπεὶ
1610 4274 1655 4330 εἰ
1684 4275 1748 4330 τὸ
1778 4274 1919 4329 ἀπο-

255 4368 519 4426 στολικὸν
551 4364 980 4443 προφασίζονται
1030 4363 1220 4440 ῥητὸν,
1274 4361 1364 4419 διὰ
1390 4365 1453 4420 τὸ
1508 4363 1751 4438 εἰρῆσθαι
1786 4362 1919 4436 μετᾶ

2100 1343 2185 1397 11.
2220 1345 2494 1410 Quaenam
2535 1346 2772 1402 tandem
2804 1349 2924 1402 haec
2951 1350 3073 1402 tam
3131 1347 3390 1402 absurda
3437 1345 3675 1405 illorum

2027 1432 2323 1488 dementia
2350 1434 2486 1489 est?
2524 1437 2646 1500 Quo
2675 1436 2735 1490 in
2768 1433 2891 1491 loco
2924 1451 3123 1491 rursus
3154 1435 3467 1507 Scriptura
3498 1453 3677 1493 sacrae

2025 1519 2374 1577 invenerunt
2415 1523 2698 1595 Spiritum
2731 1524 3006 1595 angelum
3067 1523 3230 1579 dici?
3260 1524 3472 1580 Eadem
3518 1525 3677 1581 enim

2025 1626 2153 1681 quae
2177 1610 2304 1681 jam
2336 1611 2476 1679 dixi,
2512 1611 2655 1667 mihi
2686 1617 2942 1685 repetere
2970 1628 3206 1668 necesse
3247 1617 3354 1669 est.
3413 1612 3680 1671 Paracle-

2024 1702 2121 1754 tus
2151 1699 2343 1754 dictus
2370 1704 2462 1756 est
2487 1706 2545 1756 et
2574 1702 2822 1773 spiritus
2853 1701 3205 1774 adoptionis,
3264 1701 3510 1774 spiritus
3540 1719 3681 1759 san-

2025 1788 2337 1855 ctimoniae,
2370 1794 2428 1844 et
2456 1789 2667 1846 Christi
2701 1790 2969 1861 spiritus.
3017 1794 3092 1846 At
3118 1807 3425 1863 nunquam
3454 1791 3543 1849 vel
3572 1809 3677 1849 an-

2024 1876 2191 1947 gelus
2216 1880 2317 1933 aut
2337 1877 2855 1949 archangelus,aut
2876 1879 3124 1950 spiritus
3144 1879 3459 1935 ministerii
3476 1880 3681 1953 quales

1945 1985 1994 2050 B
2025 1969 2167 2020 sunt
2196 1965 2407 2038 angeli,
2439 1966 2768 2039 appellatus
2797 1971 2905 2023 est.
2937 1967 3086 2031 Quin
3118 1968 3236 2024 imo
3269 1969 3461 2025 eidem
3489 1974 3546 2025 et
3582 1969 3677 2026 Fi-

2020 2052 2098 2109 lio
2130 2054 2429 2112 ministrat
2474 2055 2707 2112 Gabriel
2767 2073 2902 2112 cum
2949 2057 3137 2113 Maria
3170 2057 3250 2112 ait
3282 2074 3296 2112 :
3330 2080 3359 2107 ‹‹
3411 2058 3671 2129 Spiritus

2018 2146 2258 2198 sanctus
2287 2144 2665 2216 superveniet
2688 2145 2746 2200 in
2769 2149 2913 2212 te,et
2942 2144 3131 2201 virtus
3154 2145 3442 2202 Altissimi
3472 2148 3677 2204 obum-

2019 2230 2216 2287 brabit
2234 2232 2342 2288 tibi
2372 2234 2437 2281 ⁸³-
2469 2256 2491 2285 ι
2530 2233 2674 2289 Cum
2706 2233 2886 2307 igitur
2915 2234 3225 2305 Scriptum
3247 2235 3530 2308 Spiritum
3575 2254 3680 2295 an.

2019 2320 2216 2393 gelum
2250 2337 2364 2377 non
2397 2321 2711 2394 appellent.
2746 2323 2847 2395 qui
2877 2323 3271 2379 excusationis
3291 2325 3504 2382 habere
3534 2342 3675 2398 pos—

2019 2408 2143 2465 sint
2171 2409 2231 2465 in
2262 2413 2426 2466 tanta
2456 2415 2697 2483 tamque
2728 2412 2983 2468 absurda
3012 2413 3367 2482 temeritate,
3419 2416 3676 2472 maxime

2019 2512 2154 2552 cum
2177 2498 2303 2570 ipse
2324 2498 2801 2572 Valentinus,qui
2824 2500 3066 2573 impiam
3102 2501 3249 2557 hanc
3270 2508 3529 2560 mentem
3554 2504 3673 2562 illis

2018 2585 2288 2659 inseruit,
2320 2587 2487 2643 illum
2517 2588 2780 2659 quidem,
2812 2590 3203 2657 Paracletum,
3234 2591 3343 2648 hos
3372 2608 3528 2662 vero,
3560 2611 3671 2650 an-

2020 2675 2183 2746 gelos
2214 2677 2628 2743 nominaverit,
2643 2676 2779 2733 licet
2802 2678 2957 2733 idem
2973 2678 3365 2736 stultissimus
3382 2681 3671 2753 Spiritum

2020 2765 2246 2835 angelis
2277 2770 2635 2821 coaetaneum
2662 2767 2985 2839 eodemque
3015 2769 3302 2825 duntaxat
3319 2772 3584 2843 tempore
3608 2788 3674 2828 ac

2020 2851 2152 2908 illos
2183 2853 2479 2909 exstitisse
2510 2856 2781 2911 senserit.
2815 2856 2927 2911 Sed
2967 2872 3121 2922 ecce,
3179 2857 3479 2928 inquiunt,
3513 2862 3671 2931 apud

2022 2941 2363 3012 prophetam
2397 2942 2736 2998 Zachariam
2785 2944 3076 3013 scriptum
3130 2949 3223 3000 est
3255 2961 3269 3001 :
3303 2968 3330 2995 «
3359 2946 3488 3002 Haec
3534 2948 3679 3006 dicit

2022 3030 2264 3100 angelus
2293 3031 2389 3101 qui
2422 3029 2686 3103 loquitur
2713 3032 2767 3087 in
2803 3049 2897 3088 me
2925 3033 2989 3088 ⁸³.
3033 3054 3061 3083 ››
3095 3034 3264 3104 Atqui
3295 3035 3673 3107 perspicuum

2022 3123 2112 3176 est
2137 3118 2231 3175 hic
2253 3118 2498 3192 spiritus
2529 3119 2766 3176 nomine
2796 3120 3072 3192 angelum
3099 3121 3157 3176 in
3190 3121 3673 3195 ipsoloquentem

2022 3207 2365 3281 signiﬁcari.
2398 3208 2616 3265 Verum
2648 3209 2704 3265 id
2730 3209 2975 3265 minime
3008 3210 3286 3279 dicerent,
3320 3211 3370 3267 si
3403 3214 3558 3284 quod
3590 3213 3674 3270 le-

2022 3301 2171 3368 gunt
2197 3297 2412 3353 vellent
2442 3299 2761 3354 attendere.
2810 3303 2958 3355 Nam
3006 3300 3315 3356 Zacharias
3367 3300 3427 3359 in
3459 3303 3671 3359 cande-

2023 3384 2174 3442 labri
2204 3386 2426 3442 visione
2448 3387 2566 3443 ait:
2604 3409 2632 3438 α
2655 3390 2726 3442 Et
2746 3387 3043 3459 respondit
3068 3387 3315 3461 angelus
3344 3390 3443 3462 qui
3475 3390 3674 3464 loque-

2024 3477 2199 3531 batur
2226 3476 2286 3530 in
2318 3490 2432 3542 me,
2465 3480 2523 3531 et
2565 3475 2757 3532 dixit:
2789 3477 3069 3549 Nunquid
3129 3479 3322 3535 nescis
3378 3480 3479 3551 qui
3533 3485 3674 3537 sunt

2027 3564 2190 3620 haec?
2224 3565 2288 3619 Et
2312 3563 2433 3619 dixi
2468 3582 2482 3620 :
2516 3564 2664 3631 Non,
2697 3565 2962 3622 Domine.
2987 3569 3055 3621 Et
3082 3567 3470 3638 respondit,et
3488 3571 3571 3625 ait
3597 3571 3671 3626 ad

2026 3670 2139 3722 me,
2173 3652 2374 3709 dicens
2407 3669 2420 3710 :
2454 3654 2572 3710 Hoc
2603 3660 2693 3710 est
2720 3656 2963 3710 verbum
2996 3655 3227 3711 Domini
3258 3657 3329 3712 ad
3358 3658 3675 3716 Zorobabel

2025 3744 2226 3799 dicens
2261 3759 2274 3798 :
2308 3743 2433 3798 Non
2466 3744 2526 3798 in
2558 3742 2770 3799 virtute
2801 3760 3035 3817 magna,
3068 3761 3175 3801 nec
3215 3745 3275 3801 in
3309 3747 3536 3818 robore,
3570 3749 3673 3804 sed

2025 3832 2085 3887 in
2116 3831 2335 3904 Spiritu
2368 3845 2518 3900 meo,
2552 3832 2695 3887 dicit
2724 3831 3011 3890 Dominus
3041 3833 3415 3906 omnipotens
3446 3836 3510 3891 7°.
3536 3858 3566 3887 »
3597 3838 3675 3893 Ex

2026 3921 2245 3992 quibus
2275 3919 2462 3993 liquet
2490 3919 2762 3992 angelum
2809 3922 2911 3994 qui
2958 3922 3258 3994 prophetae
3300 3922 3673 3996 loquebatur,

2028 4026 2143 4065 non
2176 4008 2359 4065 fuisse
2388 4008 2674 4080 Spiritum
2715 4016 3011 4081 sanctum,
3052 4011 3154 4066 sed
3211 4009 3380 4066 illum
3438 4011 3676 4083 quidem

2026 4115 2156 4155 esse
2186 4096 2650 4169 angelum,hunc
2680 4102 2877 4153 autem
2901 4114 3031 4155 esse
3056 4099 3339 4171 Spiritum
3357 4101 3455 4157 Dei
3486 4102 3675 4157 omni-

2028 4187 2303 4259 potentis,
2335 4186 2429 4242 cui
2460 4191 2518 4242 et
2548 4185 2793 4258 angelus
2824 4186 3139 4258 ministrat,
3155 4188 3372 4260 quippe
3400 4205 3434 4245 a
3464 4189 3676 4245 divini-

2027 4279 2145 4331 tale
2176 4275 2358 4331 dividi
2389 4274 2614 4347 nequit,
2646 4291 2713 4331 ac
2760 4274 2921 4331 verbi
2971 4276 3242 4348 proprius
3272 4281 3380 4334 est.
3431 4278 3593 4342 Quod
3624 4279 3677 4335 si

2025 4364 2289 4437 Apostoli
2321 4365 2497 4421 verba
2530 4364 2702 4420 nobis
2734 4365 3137 4436 opposuerint,
3158 4365 3257 4438 qui
3290 4365 3515 4426 scilicet
3544 4371 3679 4441 post

331 4571 376 4607 ⁸⁷
407 4568 583 4627 Hebr.
616 4585 659 4636 ι,
691 4566 780 4622 14.
855 4564 900 4601 ⁸³
931 4564 1071 4620 Luc.
1105 4579 1147 4632 ι,
1177 4562 1267 4618 35.
1344 4563 1390 4599 ⁸⁸
1419 4562 1589 4620 Zach.
1620 4579 1698 4629 IV,
1775 4563 1820 4599 ⁷ο
1847 4562 1992 4620 ibid.
2023 4563 2078 4635 5,
2106 4563 2162 4617 6.

335 4766 454 4855 (91)
489 4764 591 4821 Sic
630 4762 790 4836 Regii
842 4765 900 4818 et
954 4759 1296 4834 Seguerian.
1332 4760 1480 4816 Editi
1529 4763 1586 4816 et
1633 4759 1756 4830 alii,
1799 4779 1916 4815 κατ·

335 4856 599 4889 ναγοντες.

2039 4758 2300 4834 Ζαχαρίᾳ.
2336 4759 2519 4815 Iidem
2550 4776 2686 4817 mox
2715 4763 2772 4816 et
2801 4760 3018 4835 Regius
3048 4761 3299 4833 primus,
3326 4765 3480 4889 Sag”
3515 4758 3686 4826 δῆλόν

2038 4831 2202 4889 ἐστιν.
2236 4829 2342 4887 ὅτι.
2373 4830 2678 4889 Anglican.
2712 4833 2930 4889 Regius
2972 4835 3029 4889 2.
3063 4830 3229 4889 δῆλον
3261 4831 3363 4887 ὅτι.
3442 4837 3599 4889 aeteri
3630 4839 3686 4889 et

261 4856 599 4897 αγαγοντες.

307 4856 1117 4983 Yégvltggiussecundusoi
1149 4903 1395 4983 omittit,
1430 4905 1529 4976 qui
1562 4903 1728 4983 idem
1773 4903 1927 4983 intra

256 4973 451 5038 habet
499 4973 973 5048 ἀπῦστελλόμενα,
1009 4980 1072 5031 ut
1123 4980 1179 5031 et
1236 4973 1531 5032 Ottoboh..
1582 4993 1648 5032 ac
1703 4973 1926 5050 ἁγιαζό-

341 5071 431 5106 να.

264 5073 461 5196 MISS)
492 5120 584 5196 Sic
616 5120 858 5196 primus
890 5117 1087 5196 codex
1110 5116 1371 5196 Regius,
1405 5119 1537 5196 Seg.
1573 5117 1749 5196 Basil.
1806 5119 1928 5196 An-

306 5186 491 5251 li'can.
526 5186 693 5249 Gobl.
726 5196 785 5246 et
814 5188 1067 5245 Felckm.
1098 5190 1151 5254 4,
1186 5186 1285 5244 sed
1336 5186 1640 5262 Anglican.
1692 5186 1929 5262 ἄγγελος

307 5212 491 5251 ncan.
526 5212 693 5249 boot.
726 5212 785 5246 et.
814 5212 1067 5245 rerum).
1098 5212 1151 5254 1,
1186 5212 1285 5244 seu
1336 5212 1640 5262 angucan.
1692 5212 1928 5262 αγγεΛος

260 5212 480 5338 ﬁebat.
502 5265 614 5320 Alii
641 5268 699 5338 et
727 5261 891 5338 editi,
926 5264 1032 5314 ποῦ
1061 5263 1169 5314 τῶν
1202 5265 1425 5338 Γραφῶν
1476 5261 1642 5332 ηὗρον
1695 5258 1928 5333 λεγόμε-

258 5358 355 5393 νον
389 5335 599 5407 κτίσμα
624 5334 688 5389 τὸ
720 5336 961 5404 Πνεῦμα.

359 5410 459 5473 94)
491 5399 587 5464 Sic
613 5422 818 5462 omnes
847 5399 992 5460 mss.
1024 5402 1176 5458 Editi
1208 5418 1364 5473 vero,
1398 5399 1470 5458 o'i.

359 5412 434 5464 94
491 5412 587 5464 Sic
613 5422 818 5462 omnes
847 5420 992 5460 mss.
1026 5412 1175 5458 Editi
1208 5418 1364 5473 vero,
1398 5412 1470 5458 οἳ.

493 5479 734 5554 Regius,
786 5477 1036 5554 primus,
1058 5551 1065 5554 Α
1091 5474 1456 5554 SengBa‘sil.
1507 5472 1929 5554 Anglicann'cb

310 5545 389 5617 ἓν,
429 5545 811 5625 Παράῖιλητονῖ
845 5547 960 5601 Alii
1020 5551 1077 5625 et
1127 5545 1289 5625 editi,
1319 5545 1416 5625 τὸν
1473 5545 1753 5625 μένίθΐο.
1799 5547 1931 5625 M01;

318 5615 963 5698 egius'prirn'us,pseg.,
993 5615 1045 5698 εἰ
1077 5616 1334 5698 augete.
1377 5615 1827 5698 Qaeteriautem
1875 5621 1933 5673 et

264 5689 417 5778 gdifti
450 5689 833 5778 ei_omitt_unt.
869 5689 1061 5778 Paulo
1082 5696 1215 5762 post
1257 5689 1474 5778 Regius
1523 5690 1771 5778 primus,
1798 5695 1928 5778 Seg.

263 5766 444 5823 Gobl.
478 5772 537 5820 et
566 5763 813 5819 Felckm.
844 5759 1099 5829 primus,
1126 5759 1402 5814 συντάσσὲι
1453 5759 1543 5815 καὶ
1601 5760 1783 5826 αὐτός,
1818 5759 1927 5817 etc.

265 5843 347 5895 At
380 5837 484 5892 alii
517 5842 575 5892 et
602 5834 741 5891 editi
770 5831 860 5887 καῖ
891 5831 1051 5893 αὐτός
1082 5850 1195 5891 non
1229 5834 1465 5889 habent.

347 5910 469 5981 (96)
494 5906 663 5966 Gobl.
711 5909 771 5963 et
825 5905 1077 5962 Felckm.
1137 5903 1385 5978 primus,
1437 5904 1617 5983 φασὶν,
1664 5903 1810 5979 παρά
1852 5906 1932 5975 τῷ

2038 4829 2202 4901 ἐστίν,
2236 4829 2342 4904 δτι..
2373 4830 2678 4904 Anglican.
2712 4829 2930 4904 Regiu's
2972 4835 3029 4901 2,
3049 4829 3229 4898 ’δῆλον
3261 4831 3363 4887 ὅτι.
3396 4829 3599 4890 Ceteri
3630 4839 3687 4891 et

2037 4900 2201 4972 editi,
2238 4900 2521 4973 δηλονότι.

2130 4977 2222 5048 97)
2254 4977 2484 5032 Primus
2516 4975 2695 5048 codex
2725 4975 2956 5048 Regius,
2986 4979 3141 5048 Seg.,
3184 4974 3325 5048 εἶπα.

2129 5045 2217 5121 98)
2246 5048 2461 5122 Regius
2512 5046 2761 5121 primus,
2812 5045 2949 5120 Seg.
2980 5045 3147 5103 Gobl.
3182 5046 3434 5103 Felokm.
3471 5048 3522 5119 1,
3556 5045 3685 5103 ἀλλ’

2058 5118 2072 5183 ἢ
2104 5118 2180 5183 ἐν,
2204 5118 2324 5174 ὀιο.

2037 5121 2072 5188 ὴ
2372 5207 2516 5246 mss.
2550 5204 2775 5261 omnes.
2809 5188 2996 5261 Editio
3027 5187 3308 5261 Commel.
3359 5189 3514 5247 male
3545 5187 3686 5260 ἄδη-

2038 5258 2588 5344 λονλΙΔΙΞξάᾏΒΘείυε
2618 5260 3065 5344 primusLSegu
3085 5258 3177 5344 οῦγ
3205 5262 3504 5344 omittunt.

2109 5334 2185 5415 (1)
2215 5334 2308 5389 Sic
2336 5332 2549 5415 Regius
2580 5332 2995 5415 primamnseg.
3027 5332 3199 5415 Gob1._
3227 5333 3473 5415 Anglic._
3494 5333 3683 5415 Felcli.

2038 5402 2285 5476 primus.
2322 5402 2596 5459 Attamen
2624 5403 2791 5476 Gobl.
2824 5402 3079 5476 Eelckm.
3117 5402 3343 5476 primus
3380 5405 3685 5476 rioﬁgomit-

2038 5470 2191 5550 iunt.
2222 5476 2449 5550 Alii_et
2504 5473 2759 5550 editi,_':6
2820 5470 2878 5527 δὲ
2930 5470 3145 5547 Πνεῦμα
3185 5475 3248 5529 τὸ
3294 5475 3449 5550 ἅγιόν
3480 5474 3589 5530 ἐστι
3620 5476 3685 5529 td

2042 5549 2263 5618 Ηνεῦμα
2284 5543 2381 5599 τοῦ
2408 5544 2869 5619 παντοκράτορος.

2111 5616 2309 5700 (2)⁷8ἰο
2356 5619 2575 5700 Regius
2621 5616 2876 5700 primus,
2923 5618 3055 5700 Seg.
3094 5616 3278 5700 ‘Gobl.
3324 5621 3381 5674 et
3406 5619 3686 5700 _Fe‘lckm.

2086 5686 2292 5767 rir_hu_s.
2346 5686 2552 5767 _Ceeier_i
2611 5686 3286 5767 νθτοὲειθῷῑῖλῖσχύος
3340 5693 3435 5744 τοῦ
3494 5689 3684 5767 λόγου.

2086 5708 2292 5745 rimus.
2353 5708 2552 5745 caeteri
2611 5708 2742 5745 vero
2794 5708 2851 5745 et.
2896 5708 3059 5755 eam,
3097 5708 3286 5763 ισχοος
3340 5709 3435 5744 του
3496 5708 3684 5767 Λογου.

2043 5708 2189 5817 ibid.
2222 5763 2436 5834 Regius
2460 5761 2711 5834 primus,
2748 5760 3178 5834 Seg:,A’E1rei,_ei
3223 5760 3308 5828 τό,
3354 5767 3469 5834 pcto.
3517 5764 3684 5820 Gobl.

2042 5839 2100 5890 et
2130 5828 2384 5906 Felckfn.
2419 5828 2667 5906 primus,
2703 5828 2947 5903 Ἐπεῖδή,
2980 5832 3026 5888 εἶ
3055 5831 3137 5902 τό,
3172 5833 3410 5893 etc.Alii
3438 5840 3495 5893 et
3522 5836 3687 5905 editi,

2043 5902 2264 5975 Ἐπειδὴ
2300 5902 2357 5961 δὲ
2385 5902 2469 5976 τό,
2504 5910 2615 5965 etc.
