4076 6386
356 488 472 548 561

1473 486 1855 549 EPISTULA
1897 487 1922 547 Ι
1967 488 2074 548 AD
2120 489 2658 551 SERAPIONEM.

3656 493 3775 553 562

353 617 502 673 ἐστιν
537 617 566 672 6
597 615 707 678 θεὶς
736 615 788 670 ἐν
823 614 1007 678 αὑτοῖς
1035 616 1099 670 τὸ
1132 612 1350 689 Πνεῦμα
1402 616 1465 671 τὸ
1524 615 1703 692 ἅγιον,
1735 615 1764 672 ὀ
1822 617 1996 694 ἀναγα·

2128 619 2273 693 ipsis
2306 622 2587 695 Spiritum
2621 624 2914 692 sanctum,
2961 622 3063 694 qui
3092 623 3325 694 Moysen
3384 623 3621 680 dextera
3672 625 3773 682 de-

354 707 466 784 γὼν
517 707 627 781 (10)
671 708 741 780 τῇ
784 702 929 776 δεξιᾷ
976 706 1226 776 Μωσῆν;
1276 728 1305 759 ιο
1357 706 1444 760 καὶ
1501 707 1615 778 μετ’
1645 704 1810 781 ὀλίγα
1858 706 2006 784 φησί’

354 820 384 849 ι(
416 788 629 865 Κατέϐη
662 797 882 866 Πνεῦμα
912 792 1058 865 παρὰ
1086 794 1294 870 Κυρίου
1324 793 1414 848 καὶ
1446 791 1732 870 ὡδήγησεν
1785 795 2005 858 αὐτούς.

350 883 545 947 Οὕτως
583 878 787 958 ἤγαγες
841 882 932 936 τὸν
996 880 1127 938 λαόν
1188 902 1284 937 σου
1342 883 1577 952 ποιήσας
1627 883 1741 955 (11)
1800 886 2009 955 σεαυτῷ

350 969 531 1046 ὄνομα
554 969 735 1043 δόξηςο
767 994 795 1023 ››
827 970 907 1033 τίς
940 969 999 1026 ἐκ
1025 970 1235 1026 τούτων
1270 970 1331 1026 οὔ
1364 975 1564 1046 συνορᾷ
1588 971 1688 1039 τὴν
1719 968 2003 1042 ἀλήθειαν;

346 1065 466 1121 Τοῦ
495 1062 599 1136 γὰρ
631 1065 767 1117 Θεοῦ
812 1057 1276 1137 ἐπαγγειλαμένου
1325 1060 1702 1135 καθηγεῖσθαι,
1736 1057 1855 1113 ἰδοὺ
1905 1060 2007 1114 οὐκ

346 1148 429 1207 ἔτι
461 1148 694 1228 ἄγγελον
736 1147 1130 1227 ἐπαγγέλλεται
1180 1149 1436 1222 πέμπειν,
1466 1147 1614 1204 ἀλλὰ
1666 1147 1729 1203 τὸ
1787 1151 2007 1221 Πνεῦμα

346 1240 540 1308 αὐτοῦ,
572 1238 603 1295 6'
650 1238 795 1295 ἐστιν
848 1239 979 1315 ὑπὲρ
1035 1237 1161 1301 τοὺς
1218 1237 1499 1315 ἀγγὲλους,
1548 1237 1639 1293 καὶ
1696 1235 1826 1291 αὐτὸ
1874 1247 2003 1301 καθ-

344 1328 654 1405 ηγοῦμενόν
688 1328 799 1384 ἐστι
839 1332 937 1383 τοῦ
986 1325 1142 1385 λαοῦ.
1176 1327 1279 1385 Καὶ
1333 1325 1624 1399 δείκνυται,
1656 1324 1739 1381 ὅτι
1786 1326 1851 1380 οὐ
1892 1330 2002 1381 τῶν

343 1418 684 1492 κτισμάτων,
719 1415 847 1472 οὐδὲ
873 1413 1105 1493 ἄγγελός
1157 1415 1267 1472 ἐστι
1314 1417 1376 1470 τὸ
1427 1420 1666 1489 Πνεῦμα,
1697 1413 1846 1471 ἀλλά
1891 1415 2002 1469 ἄνω

338 1515 448 1579 τῆς
501 1509 732 1571 κτίσεώς
790 1507 931 1564 ἐστιν
980 1510 1115 1581 (12),
1162 1507 1447 1580 ἡνωμένον
1506 1510 1575 1581 τῇ
1635 1505 1851 1576 θεότητι
1904 1508 2003 1559 τοῦ

345 1599 581 1676 Πατρός.
615 1598 790 1661 Αὐτὸς
844 1600 945 1676 γὰρ
1009 1599 1036 1653 6
1097 1598 1228 1660 Θεὸς
1288 1596 1377 1653 διὰ
1411 1602 1509 1654 τοῦ
1540 1596 1712 1675 Αόγου
1744 1597 1795 1652 ἐν
1825 1595 2000 1651 Πνεύ-

346 1711 480 1765 ματι
535 1694 834 1765 καθηγεῖτο
886 1691 983 1744 τοῦ
1032 1684 1190 1742 λαοῦ’
1234 1684 1353 1751 ὅθεν
1401 1687 1490 1742 καὶ
1546 1685 1634 1742 διὰ
1682 1687 1861 1757 πάσης
1899 1686 1999 1756 τῆς

345 1784 569 1858 Γραφῆς
617 1795 803 1857 φησιν*
852 1801 882 1830 ‹‹
916 1777 1062 1852 Ἐγὼ
1119 1776 1388 1852 ἀνήγαγον
1428 1778 1542 1851 (13)
1581 1776 1721 1849 ὑμᾶς
1781 1774 1841 1829 ἐκ
1895 1776 1998 1849 γῆς

340 1867 650 1945 Αίγύπτου’
690 1865 957 1944 μάρτυρες
1021 1866 1176 1939 ὑμεῖς
1231 1863 1367 1938 ἐστε,
1411 1864 1458 1919 εἰ
1515 1866 1642 1927 Θεὸς
1699 1864 1765 1934 ἦν
1826 1860 1998 1918 ἀλλό-

2120 710 2286 765 duxit
2311 711 2356 746 ⁸1
2381 711 2409 766 ?
2438 733 2467 762 »
2501 715 2558 766 et
2591 709 2769 782 paulo
2800 714 2935 782 post
2971 726 2983 767 :
3018 733 3047 761 ‹‹
3099 710 3414 767 Descendit
3459 710 3708 783 Spiritus
3740 728 3775 770 ο,

2123 799 2365 855 Domino
2395 804 2453 855 et
2475 801 2683 856 ductor
2712 799 2949 855 illorum
2983 799 3209 855 fuit.Sic
3234 799 3454 855 duxisti
3487 799 3773 872 populum

2117 890 2307 954 tuum,
2340 893 2406 944 ut
2430 889 2649 945 faceres
2686 888 2793 944 tibi
2841 905 3055 944 nomen
3096 888 3292 960 gloriae
3344 889 3389 924 ⁸³
3421 907 3435 943 :
3472 910 3501 938 »
3535 889 3667 961 quis
3696 904 3768 945 ex

2118 975 2212 1032 his
2241 978 2538 1034 veritatem
2564 995 2678 1033 non
2712 977 3020 1050 perspicit?
3050 978 3204 1033 Num
3228 994 3362 1034 cum
3393 978 3549 1035 Deus
3572 995 3635 1036 se
3655 979 3767 1035 du-

2116 1082 2242 1122 cem
2274 1067 2471 1139 populi
2509 1069 2628 1124 fore
2657 1072 2813 1125 esset
2837 1068 3155 1142 pollicitus,
3190 1085 3323 1126 ecce
3362 1085 3477 1126 non
3503 1069 3630 1140 jam
3662 1086 3767 1126 an-

2115 1155 2443 1227 gelum,sed
2476 1173 2649 1213 suum
2669 1158 3082 1231 Spiritum,qul
3113 1158 3337 1232 angelis
3367 1158 3636 1231 superior
3655 1162 3764 1228 est,

2114 1245 2416 1301 ductorem
2455 1246 2654 1319 populi
2704 1264 2766 1303 se
2812 1246 3136 1304 missurum
3210 1248 3524 1320 promittit.
3580 1249 3767 1314 Quare

2113 1337 2276 1405 patet
2304 1334 2585 1407 Spiritum
2616 1352 2731 1392 non
2762 1352 2832 1392 ex
2860 1337 3037 1393 rebus
3083 1336 3295 1393 creatis
3342 1352 3534 1409 neque
3584 1351 3765 1408 ange-

2111 1420 2236 1478 lum
2268 1438 2417 1493 esse,
2450 1424 2551 1480 sed
2581 1425 2758 1481 rebus
2788 1424 3062 1482 omnibus
3083 1425 3295 1481 creatis
3324 1425 3686 1498 superiorem
3707 1428 3768 1481 et

2112 1511 2301 1568 Patris
2349 1512 2635 1569 divinitati
2683 1514 3064 1585 conjunctum
3116 1531 3265 1571 esse.
3320 1515 3593 1586 Namque
3640 1514 3767 1585 ipse

2111 1601 2267 1657 Deus
2313 1618 2418 1675 per
2457 1601 2714 1659 Verbum
2764 1604 2826 1659 in
2876 1604 3093 1675 Spiritu
3140 1603 3426 1676 populum
3474 1602 3766 1668 ducebat;

2111 1691 2267 1746 unde
2292 1707 2396 1763 per
2437 1694 2620 1748 totam
2669 1692 3033 1764 Scripturam
3082 1696 3368 1749 testatur:
3401 1714 3429 1741 «
3454 1691 3572 1764 Ego
3592 1689 3767 1747 eduxi

2107 1795 2210 1835 vos
2240 1779 2312 1836 de
2337 1784 2492 1836 terra
2519 1780 2744 1853 [Egypti
2779 1798 2792 1837 :
2824 1784 3002 1837 testes
3032 1797 3133 1837 vos
3162 1781 3327 1847 estis,
3359 1780 3407 1836 si
3442 1785 3591 1836 Deus
3625 1778 3768 1835 alie-

2110 1884 2222 1924 nus
2254 1873 2380 1924 erat
2406 1868 2466 1924 in
2489 1852 2656 1925 vobis
2682 1872 2890 1941 praeter
2920 1883 3013 1924 me
3031 1869 3100 1925 ⁸³.
3142 1890 3172 1919 »
3202 1868 3398 1925 Sancti
3430 1852 3760 1940 quoqueita

335 1978 497 2035 τριος
533 1956 747 2031 ἐν,ὑμῖς
778 1953 924 2043 πλὴν
959 1953 1115 2061 ἐμοῦ.
1150 1977 1179 2008 ››
1212 1953 1318 2011 Καὶ
1349 1954 1402 2008 οἱ
1442 1953 1590 2064 ἅγιοι
1641 1950 1700 2009 δὶ
1744 1972 1996 2064 προσφω-

2111 1955 2224 2013 Deo
2278 1957 2647 2028 loquuntur:
2684 1978 2714 2008 «
2757 1957 3060 2014 Deduxisti
3092 1956 3249 2013 sicut
3272 1973 3405 2013 ovetl
3470 1955 3756 2029 populum

339 2034 498 2103 νοῦσι
553 2049 633 2118 τῷ
682 2034 885 2117 Θεῷ⁶’‹‹
915 2040 1220 2119 Ὠδήγησας
1278 2043 1354 2105 ὡς
1407 2038 1654 2117 πρόϐατα
1704 2039 1797 2096 τὸν
1856 2034 1988 2097 λαόν

2098 2042 2386 2102 ΐυυωει.»
2410 2048 2509 2102 Et:
2544 2068 2572 2097 «
2605 2046 2854 2102 Deduxit
2883 2062 2982 2103 eos
3031 2046 3316 2103 Dominus
3341 2046 3400 2101 in
3425 2050 3610 2117 spe,et
3629 2060 3749 2100 non

342 2157 465 2191 σου’
502 2160 532 2190 ››
562 2136 720 2205 καὶ,‹‹
741 2131 1040 2208 Ὧδήγησεν
1072 2130 1266 2194 αὑτοὺς
1296 2130 1491 2209 Κύριος
1524 2126 1614 2187 ἐπ”
1636 2128 1818 2186 ἐλπίδι
1853 2131 1990 2205 (14),

2111 2135 2429 2191 timuerunt
2455 2135 2520 2191 ⁸⁸.
2552 2155 2579 2188 ι
2616 2135 2760 2191 Huic
2789 2135 2978 2191 eidem
3023 2135 3307 2208 hymnum
3360 2135 3616 2191 offerunt
3648 2131 3753 2205 qui

344 2225 441 2281 καὶ
500 2225 601 2280 οὐκ
652 2220 980 2280 ἐδειλίασαν.
1015 2246 1045 2276 ››
1074 2220 1262 2295 Τούτῳ
1315 2221 1405 2277 καὶ
1461 2221 1554 2277 τὸν
1600 2220 1768 2294 ὕμνον
1810 2219 1994 2275 ἀνατι-

344 2315 494 2370 θὲασι
525 2311 795 2391 λέγοντεςο
829 2336 859 2366 ‹‹
887 2314 984 2385 Τῷ
1030 2309 1338 2387 διαγαγόντι
1393 2312 1487 2367 τὸν
1547 2310 1678 2366 λαὸν
1728 2311 1896 2366 αὐτοῦ
1938 2307 1993 2364 ἐν

339 2408 411 2479 τῇ
445 2402 662 2480 ἐρήμῳ,
696 2400 779 2457 ὅτι
810 2401 888 2464 εἷς
916 2401 1005 2456 τὸν
1054 2399 1226 2456 αἲῶνα
1269 2400 1331 2455 τὸ
1375 2397 1528 2463 ἔλεος
1555 2400 1745 2456 αὐτοῦ.
1781 2423 1810 2451 ››
1834 2403 1889 2452 ‘0
1935 2395 1993 2452 δὲ

261 2528 264 2529 ν
347 2494 518 2568 μέγας
572 2497 775 2561 Μωσῆς
833 2486 1395 2567 συνεχῶς’διηγεῖται
1456 2491 1590 2563 (15)·
1645 2512 1672 2544 ι
1728 2487 1992 2564 Κύριοςὸ

339 2581 475 2643 Θεὸς
507 2582 537 2635 6
584 2577 1063 2657 προπορευόμενος
1120 2578 1227 2652 πρὸ
1284 2578 1583 2655 προσώπου
1643 2577 1819 2650 ὑμῶν.
1852 2597 1879 2631 s
1914 2577 1992 2634 T6

343 2668 452 2747 ἄρα
477 2673 576 2725 τοῦ
602 2672 737 2725 Θεοῦ
769 2670 991 2742 Πνεῦμα
1017 2667 1117 2723 οὐκ
1161 2665 1223 2723 ἂν
1273 2665 1357 2738 εἴη
1407 2666 1654 2744 ἅγγελος,
1696 2664 1826 2722 οὐδὲ
1873 2666 1996 2721 κτί-

342 2780 477 2833 σμα,
513 2757 642 2815 ἀλλ’
688 2755 830 2814 ἴδιον
872 2763 972 2828 τῆς
1000 2755 1256 2826 θεότητος
1286 2757 1476 2814 αὐτοῦ.
1508 2758 1620 2813 Τοῦ
1674 2755 1774 2833 γὰρ
1832 2755 1994 2811 Πνεῦ-

344 2868 518 2923 ματος
548 2842 702 2910 ὄντος
732 2845 783 2902 ἐν
812 2851 893 2919 τῷ
919 2845 1059 2921 λαῷ,
1091 2846 1120 2901 6
1150 2846 1280 2909 Θεὸς
1321 2841 1390 2900 δι’
1436 2844 1565 2902 Υἱοῦ
1614 2843 1667 2901 ἐν
1716 2843 1995 2920 ΙΙνεῦματι

339 2937 412 3008 ἦν
447 2934 500 2993 ἒν
535 2936 748 2999 αὐτοῖς.
1750 2941 1761 2949 ’

419 3026 510 3082 13.
548 3021 705 3080 Ἀλλ’
738 3021 875 3078 ἔστω
922 3026 1112 3094 ταῦτα,
1145 3023 1272 3101 φασὶ
1319 3022 1409 3077 καὶ
1459 3021 1634 3077 αὐτοί*
1671 3019 1761 3077 διὰ
1803 3021 1856 3077 τί
1904 3019 1995 3077 οῦν

348 3114 380 3168 6
431 3110 771 3177 Ἀπόστολος
839 3114 973 3185 μετὰ
1022 3112 1114 3168 τὸν
1189 3110 1415 3189 Χριστόν
1475 3110 1575 3166 οὐκ
1623 3106 1875 3185 ὠνόμασε
1934 3112 1997 3166 τὸ

340 3205 581 3276 Πνεῦμα
607 3202 669 3257 τὸ
698 3200 868 3276 ἅγιον,
900 3199 1047 3257 ἀλλὰ
1073 3201 1200 3263 τοὺς
1246 3198 1533 3262 ἐκλεκτοὺς
1580 3198 1846 3276 ἀγγέλους
1871 3219 1885 3270 ;
1918 3200 1996 3257 Τὸ

346 3290 482 3347 αὖτό
514 3287 563 3346 δ’
591 3288 650 3346 ἄν
696 3311 780 3353 τις
831 3289 1030 3354 αὐτοὺς
1059 3288 1368 3367 ἐρωτήσειε·
1402 3289 1500 3344 Διὰ
1524 3289 1579 3345 τί
1614 3291 1689 3363 μὴ
1723 3289 1995 3365 ἀρχαγγέ-

352 3378 513 3448 λους,
543 3376 685 3453 μηδὲ
713 3381 826 3453 (16)
847 3373 1145 3454 χερουϐὶμ,
1180 3376 1323 3451 μηδὲ
1348 3378 1603 3456 σεραφὶμ,
1642 3375 1783 3451 μηδὶ
1818 3376 2004 3453 κυριό-
2035 3367 2079 3437 C

342 3489 544 3541 τητας,
580 3465 720 3543 μηδὲ
761 3468 1003 3543 θρόνους,
1039 3464 1180 3541 μηδὲ
1217 3463 1399 3543 ἕτερόν
1446 3488 1521 3536 τι,
1554 3465 1683 3522 ἀλλ’
1713 3465 2003 3530 ἐκλεκτοὺς

344 3554 551 3634 μόνους
581 3555 851 3634 ἀγγέλους
884 3556 1162 3630 ὠνόμασεν
1216 3557 1244 3611 6
1292 3554 1514 3618 Παῦλος
1541 3582 1555 3626 ς
1581 3557 1705 3631 Ἆρ’
1732 3554 1846 3625 οῦν,
1879 3555 1994 3611 ἐπεὶ

343 3649 423 3722 μὴ
478 3645 651 3709 οὕτως
705 3644 1008 3720 ὠνόμασεν,
1045 3646 1097 3700 οἱ
1144 3642 1373 3721 ἄγγελοι
1416 3642 1928 3721 ἀρχάγγελοίεὴιν,
1957 3645 1993 3715 ἢ

344 3735 510 3811 μόνοι
555 3731 780 3811 ἄγγελοί
835 3735 960 3807 εἰσι,
991 3734 1083 3789 καὶ
1140 3732 1265 3789 οὔτε
1322 3732 1578 3812 σεραφὶμ,
1613 3733 1647 3803 ἢ
1696 3730 1993 3811 χερουϐὶμ,

345 3825 451 3881 οὐκ
474 3820 838 3901 ἀρχάγγελοι,
867 3820 993 3877 οὐδὲ
1023 3821 1365 3899 κυριότητες,
1397 3822 1460 3878 οὐ
1514 3823 1718 3899 θρόνοι,
1751 3822 1851 3878 οὐκ
1895 3823 1995 3899 ἀρ-

341 3914 470 3991 χαὶ,
505 3912 613 3989 οὐχ
639 3909 822 3988 ἕτερόν
849 3933 903 3968 τι
932 3910 1110 3982 ἐστίνς
1144 3908 1322 3967 Ἀλλὰ
1362 3913 1523 3967 τοῦτό
1573 3912 1711 3967 ἐστιν
1757 3911 1991 3988 ἀνάγκην

345 4005 446 4077 μὲν
478 3997 798 4058 ἐπιϐάλλειν
828 4006 908 4075 τῷ
937 3996 1287 4074 Ἀποστόλῳ,
1319 3997 1409 4055 διὰ
1435 3999 1486 4056 τί
1520 4002 1595 4073 μὴ
1637 4000 1832 4073 οὕτως,
1865 3999 1991 4056 ἀλλ’

343 4090 523 4155 οὕτως
553 4088 801 4167 ἔγραψεν,
833 4091 1046 4166 ἀγνοεῖν
1080 4086 1138 4145 δὲ
1175 4088 1269 4152 τὰς
1315 4088 1460 4152 θείας
1505 4091 1741 4168 Γραφὰς,
1771 4089 1860 4145 καὶ
1906 4087 1997 4144 διὸ.

339 4183 507 4236 τοῦτο
562 4177 866 4236 πλανᾶσθαι
924 4178 1048 4255 περὶ
1090 4180 1196 4253 (17)
1226 4180 1327 4249 τήν
1381 4178 1663 4249 ἀλήθειαν.
1698 4175 1837 4234 Ἰδοὺ
1892 4177 1993 4254 γὰρ

338 4268 492 4346 παρὰ
526 4269 621 4343 μὲν
650 4271 734 4341 τῷ
761 4265 955 4341 Ἠσαίᾳ
1001 4265 1318 4344 γέγραπται*
1358 4291 1379 4318 ι
1416 4267 1799 4343 Ιῐροσαγάγετε
1856 4266 1992 4342 πρὸς

341 4361 435 4435 με,
466 4361 558 4416 καὶ
615 4357 880 4415 ἀκούσατε
930 4356 1117 4414 ταῦτα’
1149 4357 1268 4416 Οὐκ
1322 4355 1415 4412 ἀπ’
1468 4358 1651 4433 ἀρχῆς
1703 4355 1756 4412 ἐν
1813 4359 1993 4435 κρυφῇ

2102 2224 2304 2281 aiunt:
2331 2247 2358 2275 ‹‹
2386 2224 2493 2289 Qui
2518 2224 2779 2280 traduxit
2805 2223 3087 2297 populum
3113 2240 3289 2280 suum
3302 2239 3406 2296 per
3429 2223 3754 2287 desertum,

2101 2312 2379 2386 quoniam
2410 2313 2469 2368 in
2502 2312 2784 2370 saeculum
2835 2312 3236 2369 misericordia
3292 2313 3421 2384 ejus
3464 2312 3530 2367 ⁸⁸.
3564 2331 3593 2360 ››
3628 2310 3756 2368 Ma-

2101 2419 2254 2477 gnus
2279 2419 2415 2460 vero
2440 2406 2665 2475 Moyses
2708 2402 3032 2460 identidem
3085 2402 3299 2475 repetit
3331 2418 3344 2457 :
3379 2422 3408 2452 ‹‹
3459 2400 3750 2457 Dominus

2108 2494 2258 2549 Deus
2295 2492 2395 2565 qui
2443 2491 2607 2563 prmit
2654 2494 2787 2547 ante
2837 2490 3038 2548 faciem
3084 2495 3339 2547 vestram
3384 2491 3449 2545 ⁸⁷.
3479 2510 3509 2539 ››
3546 2489 3748 2559 Itaque

2102 2581 2205 2637 Dei
2224 2581 2478 2653 Spiritus
2510 2598 2626 2638 non
2649 2585 2740 2637 est
2766 2580 3012 2653 angelus
3042 2596 3230 2653 neque
3259 2595 3353 2635 res
3400 2581 3614 2646 creata,
3645 2577 3747 2633 sed

2104 2670 2231 2741 ejus
2257 2669 2580 2727 divinitatis
2608 2673 2699 2726 est
2727 2670 3020 2743 proprius.
3053 2670 3201 2726 Nam
3233 2684 3368 2724 cum
3399 2666 3649 2739 Spiritus
3686 2665 3748 2721 in

2101 2758 2315 2833 populo
2343 2762 2518 2829 esset,
2547 2759 2703 2816 Deus
2733 2775 2835 2832 per
2862 2758 3077 2821 Filium
3105 2758 3167 2814 in
3196 2756 3412 2829 Spiritu
3442 2755 3503 2811 in
3534 2755 3747 2811 iisdem

2106 2853 2256 2906 erat.

2179 3027 2266 3082 13.
2303 3026 2513 3083 Verum
2544 3025 2667 3083 haec
2695 3025 2780 3082 ita
2808 3026 2945 3097 sint,
2972 3026 3250 3099 inquiunt
3272 3024 3357 3080 illi
3386 3040 3400 3082 :
3433 3040 3540 3081 cur
3568 3021 3752 3095 igitur

2105 3115 2420 3189 Apostolus
2449 3119 2582 3188 post
2599 3115 2922 3185 Christum,
2954 3132 3070 3172 non
3118 3115 3402 3187 Spiritum
3433 3112 3586 3171 529
3620 3127 3759 3168 san-

2106 3205 2395 3271 ctum,sed
2426 3204 2640 3262 electos
2670 3204 2910 3277 angelos
2940 3203 3288 3261 nominavit?
3302 3203 3482 3275 Atqui
3514 3202 3670 3257 idem
3685 3199 3758 3255 ab

2105 3292 2221 3349 illis
2240 3293 2449 3350 merito
2471 3293 2605 3365 quis
2619 3293 2955 3350 sciscitetur
2970 3309 2983 3347 :
3000 3295 3189 3360 Quare
3218 3309 3335 3349 non
3352 3287 3757 3362 archangelos,

2118 3399 2302 3455 neque
2331 3382 2850 3455 cherubim,neque
2873 3382 3170 3454 seraphin,
3196 3398 3385 3453 neque
3406 3376 3757 3437 dominatio-

2113 3488 2239 3539 nes,
2272 3487 2461 3544 neque
2488 3471 2947 3543 thronos,neque
2978 3471 3117 3542 quid
3140 3469 3431 3538 aliud,sed
3464 3466 3621 3525 solos
3642 3464 3758 3521 ele-

2107 3565 2231 3617 ctos
2253 3561 2493 3634 angelos
2514 3560 2734 3617 Paulus
2765 3559 3120 3616 nominavit?
3139 3560 3292 3617 Num
3314 3574 3450 3630 ergo
3459 3555 3619 3629 ,quia
3639 3570 3756 3610 non

2104 3650 2186 3706 ita
2215 3649 2762 3723 nominavit,angeli
2783 3653 2922 3706 sunt
2941 3647 3407 3720 archangeli,aut
3432 3645 3541 3703 soli
3562 3641 3755 3716 angeli

2105 3739 2418 3804 exsistunt,
2450 3737 2716 3810 nullique
2748 3743 2888 3794 sunt
2936 3737 3235 3810 seraphim
3268 3739 3369 3791 aut
3424 3733 3751 3798 cherubim,

2105 3827 2253 3885 nulli
2285 3826 2620 3899 archangeli
2649 3830 2706 3882 et
2751 3825 3204 3891 dominationes,
3255 3822 3402 3880 nulli
3450 3820 3647 3877 throni
3694 3822 3753 3875 et

2104 3915 2490 3989 principatus,
2523 3915 2669 3970 nihil
2712 3914 2963 3986 denique
3014 3914 3172 3970 aliud
3216 3910 3503 3969 exsistit?
3531 3908 3750 3964 Verum

2104 4005 2158 4060 id
2192 4003 2490 4076 inquirere
2528 4002 2676 4058 nihil
2707 4002 2866 4059 aliud
2897 4007 3004 4073 est,
3040 4018 3219 4075 quam
3250 3998 3525 4073 Apostolo
3547 4012 3750 4053 neces-

2105 4091 2338 4149 sitatem
2372 4090 2479 4148 hoc
2508 4090 2597 4147 vel
2630 4090 2731 4147 illo
2757 4091 2930 4146 modo
2962 4089 3257 4147 scribendi
3287 4088 3610 4159 imponere,
3643 4100 3750 4140 nec

2105 4197 2221 4237 non
2247 4179 2475 4236 divinas
2507 4179 2841 4252 Scripturas
2869 4179 3162 4251 ignorare,
3197 4193 3263 4234 ac
3313 4175 3560 4249 proinde
3588 4190 3623 4230 a
3650 4188 3752 4229 ve-

2105 4270 2277 4325 ritate
2307 4271 2600 4325 aberrare.
2633 4268 2777 4324 Ecce
2801 4266 2959 4323 enim
2991 4267 3146 4339 apud
3192 4266 3403 4322 Isaiam
3462 4263 3750 4335 scriptum

2104 4356 2360 4430 legimus
2394 4373 2407 4413 :
2440 4378 2470 4407 «
2505 4355 2775 4412 Accedite
2803 4356 2876 4411 ad
2898 4370 2991 4411 me
3020 4360 3079 4411 et
3098 4353 3301 4411 audite
3328 4353 3451 4409 haec
3485 4368 3498 4408 :
3530 4351 3655 4408 Non
3679 4349 3751 4404 ab

405 4515 455 4552 ⁸⁸
487 4515 601 4571 lsa.
626 4514 785 4579 util,
808 4514 896 4584 11,
924 4513 1018 4584 12.
1092 4511 1140 4548 ⁸³
1171 4511 1293 4584 ibid
1326 4511 1488 4584 14.33
1515 4510 1694 4584 Levit.
1734 4528 1814 4581 x1,
1869 4511 1979 4580 45;
2009 4510 2178 4584 Deut.
2223 4509 2680 4584 xxx11,_39ilsa.
2732 4524 2859 4579 χεν,
2887 4508 2953 4565 21
2983 4526 2996 4579 ;
3030 4508 3160 4566 Ose.
3211 4524 3339 4579 xm,
3372 4508 3426 4564 4.
3499 4506 3546 4542 ³⁴
3590 4504 3753 4566 Psal.

337 4603 532 4660 LXXVI,
563 4587 656 4643 21.
730 4586 778 4622 ⁸⁸
807 4581 961 4642 Psal.
993 4599 1205 4653 mvn,
1232 4583 1324 4640 53.
1400 4582 1445 4620 ⁸⁸
1473 4582 1630 4641 Psal.
1664 4599 1860 4652 cxxxv,
1893 4583 1982 4638 16.
2058 4582 2101 4619 ⁸⁷
2131 4581 2299 4640 Deut.
2330 4599 2372 4653 ι,
2403 4581 2493 4649 30,
2523 4581 2612 4636 33.

405 4752 433 4825 (
437 4751 527 4825 10)
557 4750 772 4823 Regius
800 4749 1045 4824 primus,
1065 4747 1376 4824 Seg.Gobl.
1408 4752 1466 4806 et
1491 4747 1746 4806 Felckm.
1776 4748 1831 4821 4,
1851 4745 1989 4818 ἀγα-

2172 4747 2283 4825 (15)
2324 4741 2874 4825 Σμνιχῷς-ξιῃγιῖται
2906 4744 3459 4825 omittu_nt_Gobl.et
3488 4743 3740 4825 Fel'ck_m.

336 4842 472 4966 γωᾶ
480 4895 531 4967 1)
557 4892 805 4967 Regius_
831 4891 1087 4967 primus,
1123 4895 1274 4964 Seg.,
1319 4896 1569 4967 ποιῆσαι.
1598 4891 1768 4967 ibid.
1809 4890 1989 4967 iidem

338 4970 403 5090 ἓξ
422 4962 596 5050 Βρω.
630 4962 687 5022 ἐι
714 4962 970 5022 Felckm.
1002 4962 1251 5038 primus,
1285 4966 1513 5035 σεαυτῷ.
1544 4962 1659 5019 Alii
1714 4966 1773 5020 et
1819 4964 1986 5033 editi,

405 5056 546 5107 υτῳ.
834 5106 839 5107 γ
1165 5059 1181 5073 ³
1312 5105 1325 5107 Α
1492 5106 1497 5107 7
1735 5105 1743 5107 Α
1861 5104 1873 5107 _
1958 5102 1967 5107 Δ

412 5102 530 5190 (l2)
560 5107 655 5190 Sis
682 5106 905 5180 Regiil
944 5109 1005 5164 et
1030 5108 1088 5164 2.
1134 5108 1265 5180 Seg.
1299 5105 1504 5164 Ceteri
1551 5110 1609 5164 et
1657 5105 1800 5164 editi
1856 5102 1994 5160 ἐστιν

342 5184 733 5324 magnam.
771 5247 1303 5376 Felckmfrimus,
1336 5245 1454 5303 ὅθεν
1509 5246 1597 5303 καί
1629 5265 1813 5324 φησιν’
1848 5247 1992 5322 Ἐγὼ

342 5320 639 5376 ἀνήγαγον.
668 5324 777 5376 eto.
811 5321 958 5376 Ibid.
992 5321 1033 5375 ii
1078 5336 1172 5376 em
1221 5325 1278 5376 et
1336 5321 1553 5376 Regius
1583 5320 1832 5376 nrimus.
1860 5324 1991 5376 See.

342 5320 958 5403 Qv-qvayovteto._l_bid‘.
992 5320 1172 5378 iidem
1221 5325 1278 5377 et
1336 5321 1553 5403 Regius
1583 5320 1832 5403 primus,
1860 5320 1991 5403 Beg.

342 5391 694 5522 Βαῖίιζὺμᾶς
735 5391 979 5463 addunt,
1012 5409 1136 5464 quae
1163 5408 1275 5449 vox
1306 5392 1378 5451 ab
1403 5391 1536 5450 aliis
1566 5391 1625 5449 et
1668 5392 1841 5449 editis
1890 5392 1994 5447 ab-

342 5482 406 5524 es
440 5506 455 5521 .

413 5537 533 5664 (14)
561 5535 653 5592 Sic
680 5533 898 5621 Regius
936 5533 1188 5619 primus,
1227 5537 1353 5607 Seg.
1401 5533 1705 5618 Anglican.
1736 5532 1903 5590 Gobl.
1936 5536 1996 5590 et

342 5610 417 5665 Fe
444 5609 897 5692 climnprimus.‘
918 5605 1035 5663 A111
1055 5610 1350 5692 autemmet
1370 5607 1520 5692 edit}
1547 5621 1747 5692 vocem
1786 5603 1991 5692 Κύριος

346 5673 658 5749 omittunt;
687 5677 1025 5751 habentque
1052 5675 1104 5732 ἐν
1135 5673 1340 5735 ἐλπίδι.
1366 5676 1553 5751 _Pa_ulo
1604 5673 1990 5751 βοείῳ-θ’λέ-

381 5744 1122 5877 ἦνῶἕςόῃῐὶεἷιὲξὲντὲἥωυε,
1179 5753 1310 5823 Sag.
1365 5744 1624 5817 habent;
1663 5744 1990 5823 ψάλλοντες.

393 5822 650 5891 ttobon.,
688 5822 936 5891 λῦγοντα.

2100 4813 2503 4892 Ρινὶιιιίιε.Μοὶ
2522 4818 2664 4892 ibid.
2700 4813 2878 4892 iidem
2911 4822 2968 4874 et
2986 4818 3150 4892 Regii
3184 4819 3209 4872 1
3243 4822 3298 4873 et
3317 4818 3542 4892 2,_Seg.,
3564 4813 3740 4892 ῥμῶν.

2098 4885 2211 4947 Alii
2244 4895 2301 4962 et
2327 4889 2692 4962 θᾶὶιὶ,ἠμῷν,
2712 4890 2854 4962 item
2888 4885 3739 4962 paulo'post,Regius—primus,

2101 4962 2233 5046 $83.
2285 4957 2683 5046 haben'tﬂ'dzll’
2717 4957 2852 5046 i’§to‘v
2888 4957 3008 5046 ’τῆς
3056 4957 3585 5046 θεότητοςίθιθξΑῐ
3642 4974 3745 5013 οω-

2104 5030 2215 5091 teri
2246 5038 2303 5089 et
2323 5033 2486 5103 editi,
2511 5030 2665 5106 ’ἀλλὰ
2698 5030 2911 5106 μᾶλλον
2940 5037 3041 5099 τῆς
3069 5031 3348 5106 θεότητος,

2174 5106 2290 5178 (46)
2322 5098 2601 5178 Ρζρμμηδὲ
2630 5098 2821 5178 ειξὶῃ,
2844 5098 3171 5178 sequentib.
3203 5098 3369 5178 Gobl.
3404 5103 3462 5178 e_t
3490 5098 3743 5178 Felckm.

2103 5169 2331 5257 primus
2354 5172 2398 5257 fi
2431 5169 2681 5257 habent:
2701 5169 3099 5257 Ibid-Regius
3128 5172 3378 5257 primus,
3412 5173 3568 5245 Seg.,
3600 5169 3749 5257 ἐκλε-

2101 5242 2263 5310 κτοὺς
2298 5242 2496 5320 μόνους
2527 5242 2812 5320 ἀγγέλους.
2848 5242 2999 5320 Edi_t_i
3029 5242 3163 5320 vero
3195 5250 3253 5320 et
3281 5245 3380 5300 alii
3407 5242 3746 5320 vocempéf

2101 5339 2225 5381 νους
2277 5314 2583 5376 omittunt."
2609 5314 2741 5374 Mox
2785 5334 2894 5372 vox
2940 5314 3159 5378 Παῦλος
3210 5319 3373 5373 deest
3403 5318 3462 5371 in
3491 5314 3656 5371 Gobl.
3688 5318 3746 5371 et

2100 5391 2357 5481 F’elckm.
2392 5394 2444 5457 1,
2473 5389 2575 5460 qui
2621 5388 2798 5481 iidem
2820 5388 3030 5481 1‘pa'ulo
3062 5392 3222 5481 post,’
3244 5384 3621 5481 dmentem,
3645 5384 3745 5481 μοι)

2101 5458 2225 5587 Ξῧτε
2273 5461 2328 5587 ali.
2375 5454 2765 5536 προέιρημὲναι
2817 5454 3081 5533 δυνάμεις
3120 5454 3506 5516 εῗσίν.’⁵Αλλά
3572 5454 3738 5510 τοῦτό

2129 5553 2229 5587 στι.
2264 5549 2293 5587 e
2321 5550 2370 5587 c.

2129 5553 2229 5589 στι.
2264 5540 2370 5589 elc.

2173 5577 2400 5676 ll’ﬁgic
2421 5602 2636 5676 Regius
2670 5600 2915 5676 primus,
2947 5604 3074 5671 δερ.
3109 5602 3217 5658 Alii
3269 5606 3465 5658 autem
3509 5604 3568 5656 et
3616 5600 3739 5656 edi-

2098 5673 2360 5748 ti,'1:aipdz.
2395 5673 2570 5733 Paulo
2616 5673 2752 5748 post
2799 5673 2979 5730 iidem
3034 5678 3171 5745 Reg.
3202 5677 3260 5730 et
3285 5679 3543 5745 Seguer.,
3574 5690 3739 5748 προσ-

2100 5746 2286 5823 ἀγαγεᾷ
