4076 6370
318 452 437 513 565

1447 453 1834 516 EPISTULA
1877 455 1898 514 l
1946 455 2046 516 AD
2094 457 2632 520 SERAPIONEM.

3618 458 3738 518 566

324 576 382 636 δὲ
413 581 440 636 6
486 577 620 642 λαὸς
663 580 755 635 τὸν
803 581 1019 657 Κύριον,
1060 582 1151 636 καὶ
1203 581 1515 638 ἐπιστευσαν
1566 588 1648 658 τῷ
1697 589 1836 657 Θεῷ,
1885 585 1967 640 καὶ

2089 604 2209 644 sem
2245 593 2355 646 Deo
2388 589 2833 646 annumeraturi
2865 592 3022 659 sunt,
3047 603 3237 660 neque
3268 591 3400 660 post
3424 589 3735 658 Deum,Fi-

322 675 521 746 Μωσῇ,
571 674 651 742 τῷ
702 669 986 746 θεραπόντι
1034 671 1220 739 αὐτοῦ,
1281 696 1310 724 »
1363 672 1466 749 ἆρα
1511 677 1973 748 συναριθμήσουσι

319 770 403 836 τῷ
443 766 559 832 Θεῷ
586 759 678 814 τὸν
713 762 939 832 Μωσῆν,
984 761 1075 814 καὶ
1131 761 1266 833 μετὰ
1312 763 1403 817 τὸν
1444 763 1571 818 Θεὸν
1617 763 1679 817 ού
1717 765 1974 833 νοήσουσι

317 854 409 908 τὸν
444 852 590 918 Υἱὸν,
623 847 771 905 ἀλλὰ
805 849 967 923 μόνον
1002 851 1092 904 τὸν
1148 853 1356 921 Μωσῆν
1387 870 1400 920 ;
1455 853 1520 908 Τί
1571 851 1649 910 δὲ.
1695 853 1782 908 ἰὰν
1814 853 1977 908 ἀκού-

318 963 455 998 σωσι
520 939 614 995 καὶ
673 942 772 992 τοῦ
828 938 1168 1015 πατριάρχου
1236 935 1431 996 Ἰακὼϐ
1482 940 1832 1016 εὐλογοῦντος
1883 940 1976 996 τὸν

331 1033 534 1108 Ἰωσὴφ
566 1028 656 1084 καὶ
699 1027 976 1104 λέγοντος·
1003 1054 1030 1081 (ι
1063 1029 1126 1086 Ὀ
1157 1029 1284 1092 Θεὸς
1311 1030 1339 1084 6
1377 1031 1584 1106 τρέφων
1640 1053 1704 1106 με
1747 1031 1805 1086 ἐκ
1855 1031 1977 1086 νεό-

323 1122 492 1192 τητός
527 1141 630 1192 μου
660 1115 763 1180 ἕως
795 1125 895 1188 τῆς
945 1120 1158 1194 ἡμέρας
1204 1119 1428 1190 ταύτης·
1464 1123 1491 1176 6
1524 1121 1753 1197 ἄγγελος
1784 1123 1812 1175 6
1847 1121 1978 1197 ῥυο-

321 1210 482 1284 μενός
535 1230 602 1282 με
647 1207 705 1263 ἰκ
750 1210 965 1264 πάντων
1016 1212 1122 1263 τῶν
1176 1215 1356 1266 κακῶν
1404 1209 1699 1286 ιύλογήσαι
1751 1215 1863 1285 (25)
1911 1212 1978 1267 τὰ

319 1295 518 1352 παιδία
562 1300 731 1350 ταῦτα
782 1319 810 1346 ››
847 1321 862 1364 ς
906 1297 1066 1370 Ἄρα,
1108 1295 1294 1365 ἐπειδή
1342 1299 1477 1369 μετά
1523 1299 1614 1353 τὸν
1665 1300 1791 1354 Θεὸν
1846 1299 1979 1353 ὠνό-

329 1407 497 1458 μασεν
548 1382 811 1460 ἄγγελον,
860 1385 1078 1460 πρῶτός
1134 1385 1276 1440 ἐστιν
1333 1389 1444 1460 (26)
1506 1389 1534 1441 6
1592 1385 1826 1462 ἅγγελος
1879 1391 1976 1442 τοῦ

319 1476 472 1543 Υἳοῦ,
521 1472 558 1544 ἤ
607 1473 858 1550 ἀγγέλοις
897 1481 1304 1549 συναριθμεῖται
1355 1479 1382 1532 6
1413 1477 1579 1549 Υἱός;
1631 1479 1756 1550 Ναὶ,
1810 1479 1976 1535 πάλιν

328 1563 474 1618 οὕτω
529 1564 812 1632 νοήσουσι,
861 1560 1257 1640 διεφθαρμένην
1316 1560 1533 1641 ἔχοντες
1580 1569 1678 1636 τήν
1728 1565 1973 1642 καρδίαν,

326 1651 486 1708 Ἀλλ’
535 1650 643 1726 οὐχ
685 1653 720 1720 ἡ
781 1650 1119 1721 ἀποστολικῆ
1175 1653 1360 1715 πίστις
1410 1652 1520 1708 ἐστὶ
1564 1654 1814 1725 τοιαύτη,
1864 1653 1978 1710 οὐδ’

318 1740 469 1804 ὅλως
517 1740 837 1813 Χριστιανὸς
886 1739 1180 1816 ἀνάσχοιτο
1223 1740 1281 1796 ἂν
1334 1741 1563 1797 τούτων.
1610 1744 1672 1797 ἹΙ
1717 1745 1818 1818 γὰρ
1851 1744 1977 1818 ἁγία

315 1830 410 1885 καὶ
471 1828 706 1904 μακαρία
760 1830 944 1904 Τριὰς,
995 1827 1300 1900 ἀδιαίρετος
1364 1833 1452 1886 καὶ
1521 1833 1778 1905 ᾗνωμένη
1841 1834 1978 1909 πρὸς

2087 676 2233 732 lium
2274 679 2373 734 sed
2410 679 2600 735 solum
2634 683 2886 751 Moysem
2920 683 3062 733 sunt
3085 676 3476 734 intellecturi?
3508 677 3656 742 Quid
3685 677 3735 732 si

2087 768 2259 822 etiam
2295 768 2687 840 patriar-ehem
2741 768 2920 822 Jacob
2976 767 3231 838 Josepho
3273 767 3426 822 530
3482 766 3576 822 his
3609 781 3736 820 ver-

2087 856 2178 911 bis
2201 857 2541 913 benedicere
2573 857 2949 913 meminerint
2981 878 3010 906 «
3041 861 3192 912 Deus
3215 857 3311 927 qui
3335 855 3521 927 pascit
3543 871 3635 910 me
3658 855 3730 910 ab

2087 945 2478 1002 adolecentia
2509 963 2640 1002 mea
2662 962 2848 1018 usque
2887 947 2943 1000 in
2981 951 3324 1018 presentem
3347 946 3500 1000 diem
3523 962 3535 1013 ;
3558 959 3734 1016 ange-

2087 1034 2204 1100 lus,
2237 1035 2335 1107 qui
2355 1035 2505 1090 eruit
2535 1052 2628 1092 me
2655 1037 2726 1092 de
2759 1036 2987 1092 cunctis
3031 1033 3225 1105 malis,
3258 1034 3562 1090 benedicat
3588 1049 3732 1105 pue-

2087 1123 2168 1180 ris
2198 1124 2385 1180 istis°3
2416 1125 2481 1178 »Ρ
2505 1129 2658 1180 Num
2691 1126 2830 1197 quia
2858 1128 2990 1198 post
3021 1127 3199 1180 Deum
3233 1123 3508 1196 angelum
3541 1123 3733 1178 nomi-

2086 1213 2263 1281 navit,
2298 1214 2457 1284 prior
2486 1220 2576 1270 est
2607 1214 2850 1286 angelus
2885 1213 3046 1285 Filio,
3084 1217 3186 1269 aut
3233 1212 3415 1268 Filius
3446 1212 3599 1268 inter
3629 1227 3732 1267 an-

2084 1302 2244 1374 gelos
2266 1304 2735 1360 annumeratur?
2756 1304 2840 1359 Ita
2882 1303 3138 1375 profecto
3170 1302 3482 1369 senserint,
3517 1301 3734 1373 quippe

2087 1391 2302 1464 quibus
2333 1409 2430 1448 cor
2451 1395 2788 1464 corruptum
2822 1392 2918 1448 sit.
2965 1390 3180 1446 Verum
3203 1407 3319 1446 non
3337 1390 3455 1446 haec
3487 1392 3576 1444 est
3595 1403 3734 1460 apo-

2087 1480 2292 1536 stolica
2320 1482 2486 1550 ﬁdes,
2523 1497 2712 1553 neque
2761 1496 2829 1536 ea
2860 1482 3009 1536 ferre
3037 1480 3172 1536 licet
3201 1479 3552 1535 Christiano.
3582 1481 3732 1532 Nam

2087 1573 2289 1625 sancta
2319 1575 2375 1625 et
2426 1571 2597 1626 beata
2625 1571 2883 1625 Trinitas
2912 1569 3217 1624 individua
3247 1571 3423 1640 atque
3463 1568 3593 1640 ipsa
3636 1582 3733 1621 se-

2087 1675 2220 1714 cum
2255 1659 2422 1714 unita
2463 1663 2572 1726 est,
2605 1659 2684 1714 ita
2715 1663 2780 1714 ut
2814 1659 2907 1714 ubi
2942 1657 3130 1714 Patris
3163 1657 3382 1713 mentio
3415 1657 3538 1723 ﬁat,
3569 1655 3732 1726 ejus-

2086 1748 2217 1803 dem
2246 1747 2442 1803 statim
2477 1748 2757 1813 Verbum,
2812 1763 2877 1802 ac
2929 1747 2990 1802 in
3049 1745 3192 1801 Filio
3243 1745 3495 1816 Spiritus
3524 1743 3731 1799 debeat

2083 1835 2351 1907 intelligi.
2382 1837 2543 1900 Quod
2584 1836 2634 1892 si
2686 1835 2867 1891 Filius
2928 1835 3283 1902 nominetur,
3339 1832 3613 1888 similiter
3666 1829 3727 1886 in

316 1919 515 1988 ὲαυτήν
559 1916 691 1972 ἐστι·
724 1917 814 1973 καὶ
848 1917 1154 1994 λεγομένου
1185 1924 1283 1974 τοῦ
1310 1921 1546 1996 Πατρὸς,
1577 1921 1831 1996 πρόσεστι
1865 1924 1967 1996 (27]

2086 1923 2228 1980 Filio
2257 1928 2346 1980 est
2375 1927 2565 1993 Pater,
2599 1941 2704 1980 nec
2735 1928 2897 1980 extra
2917 1923 3175 1978 Verbum
3207 1925 3296 1979 est
3316 1921 3570 1993 Spiritus
3594 1935 3725 1974 san-

314 2007 407 2062 καὶ
440 2008 469 2062 6
498 2005 694 2062 τούτου
727 2006 898 2083 Λόγος
935 2008 1023 2062 καὶ
1074 2008 1134 2062 τὸ
1184 2008 1236 2063 ἐν
1285 2013 1365 2081 τῷ
1414 2011 1525 2081 Υἱῷ
1579 2014 1810 2082 Πνεῦμα.
1842 2011 1965 2066 Ἐὰν

321 2093 378 2150 δὲ
408 2095 498 2150 καὶ
536 2098 564 2151 6
593 2097 718 2160 Υἱὸς
757 2097 1116 2169 ὀνομάζηται,
1167 2096 1218 2152 έν
1260 2102 1340 2170 τῷ
1387 2099 1499 2170 Υἱῷ
1529 2097 1666 2153 ἐστιν
1700 2098 1728 2153 ό
1760 2101 1967 2173 Πατὴρ,

317 2187 408 2240 καὶ
441 2186 506 2240 τὸ
537 2187 753 2258 Πνεῦμα
785 2186 886 2240 οὐκ
931 2181 1071 2240 ἔστιν
1124 2184 1276 2250 ἐκτὸς
1323 2191 1418 2241 τοῦ
1470 2188 1669 2263 Λόγου.
1720 2187 1833 2245 Μία
1870 2190 1970 2264 γάρ

320 2273 467 2328 έσυιν
519 2274 578 2328 ὲκ
618 2277 715 2328 τοῦ
764 2276 974 2350 Πατρὸς
1003 2276 1168 2349 χάρις
1197 2272 1266 2328 δι’
1291 2275 1420 2329 Υίοῦ
1451 2274 1503 2330 έν
1528 2277 1803 2348 ΙΙνεύματι
1834 2277 1971 2351 ἁγίῳ

315 2360 706 2435 πληρουμένη·
762 2361 850 2418 λαὶ
929 2362 1023 2436 μία
1103 2363 1293 2435 θεότης
1368 2363 1500 2432 ἐστὶ,
1565 2366 1654 2420 καὶ
1714 2367 1790 2429 εἷς
1841 2367 1970 2428 Θεός

314 2451 458 2506 ἔστιν
642 2452 670 2505 6
703 2451 788 2505 ἐπὶ
837 2452 1076 2521 πάντων,
1125 2453 1213 2508 καὶ
1258 2453 1347 2508 διὰ
1399 2455 1636 2524 πάντων,
1663 2456 1749 2509 καὶ
1785 2453 1837 2508 έν
1869 2460 1971 2508 πᾶ-

315 2560 421 2594 σιν.
456 2539 616 2597 Οὖτω
647 2541 750 2615 γὰρ
807 2540 895 2594 καὶ
928 2542 960 2596 ἁ
1017 2539 1260 2608 Παῦλος,
1315 2541 1570 2617 εἰρηκὼς,
1604 2567 1632 2594 ‹‹
1667 2543 1972 2616 Διαμαρτύ-

315 2648 484 2704 ρομαι
515 2626 746 2683 ἐνώπιον
794 2628 892 2684 τοῦ
941 2634 1075 2684 Θεοῦ
1121 2630 1212 2684 καὶ
1263 2629 1443 2698 Ἰησοῦ
1491 2634 1748 2706 Χριστοῦ,
1782 2654 1810 2682 ››
1861 2629 1968 2705 ἐγί-

325 2738 551 2786 νωσκεν,
587 2716 668 2772 ὅτι
702 2717 764 2772 οὐ
797 2716 1046 2793 διῃρεῖτο
1094 2717 1191 2773 τοῦ
1239 2719 1367 2773 Υἱοῦ
1412 2720 1473 2773 τὸ
1505 2724 1744 2792 Πνεῦμα,
1772 2717 1897 2774 ἀλλ’
1923 2718 1974 2773 ἐν

313 2807 534 2882 Χριστῷ
583 2806 648 2875 ἦν
707 2809 795 2862 καὶ
851 2806 1002 2875 αὐτὸ,
1053 2806 1234 2884 ὣσπερ
1282 2809 1310 2862 6
1369 2809 1497 2862 Υἱοῦ
1552 2807 1603 2863 έν
1653 2813 1731 2880 τῷ
1774 2809 1967 2883 Πατρί.

317 2894 448 2958 τοὺς
508 2892 564 2949 δὲ
623 2893 910 2959 ἐκλεκτοὺς
969 2894 1240 2971 ἀγγέλους
1305 2898 1675 2971 συνεπήγαγεν
1727 2895 1970 2965 εἰκότως,

311 2983 431 3056 ἵνα,
487 2982 675 3053 ἐπειδή
733 2983 1096 3062 διαμαρτυρία
1156 2985 1223 3060 ᾖν
1277 2991 1356 3058 τῶ
1410 2986 1624 3060 μάθητῇ
1677 2987 1968 3063 λεγομένη,

316 3075 629 3149 γινώσκων,
663 3076 737 3136 ὡς
769 3077 882 3148 (29)
921 3074 989 3129 τὰ
1047 3075 1141 3148 μὲν
1197 3075 1466 3149 λεγόμενα
1517 3076 1664 3150 παρά
1701 3080 1834 3130 Θεοῦ
1882 3072 1972 3128 διὰ

313 3167 553 3238 Χριστοῦ
602 3161 653 3218 ἐν
705 3161 975 3236 Πνεύματι
1026 3160 1353 3232 λελάληται,
1399 3165 1450 3218 οἱ
1495 3161 1550 3218 δὲ
1599 3161 1816 3238 ἄγγελοι
1851 3161 1967 3218 δια-

313 3250 535 3307 κονοῦσι
590 3253 657 3306 τὰ
706 3253 833 3326 παρ’
883 3255 1069 3325 ἡμῶν,
1124 3251 1540 3316 ἐπισκοποῦντες
1593 3256 1688 3314 τὰς
1744 3252 1967 3306 ἑκάστου

313 3339 560 3416 πράξεις,
595 3337 814 3418 φυλάψῃ
842 3342 936 3403 τὰς
975 3346 1072 3396 τοῦ
1103 3338 1429 3398 διδασκάλου
1461 3343 1796 3418 παραινέσεις
1828 3344 1966 3414 (30),

312 3429 391 3493 ὠς
431 3423 576 3504 ἔχων
623 3429 750 3492 τοὺς
799 3430 1106 3507 ἐφορῶντας
1152 3435 1259 3486 τῶν
1307 3430 1616 3506 λεγομένων
1671 3429 1965 3506 μάρτυρας.

313 3520 386 3573 Ἦ
445 3519 590 3593 τάχα
644 3518 731 3572 καὶ
795 3516 882 3572 διὰ
931 3519 1058 3581 τοὺς
1120 3516 1208 3573 διὰ
1263 3521 1460 3584 παντὸς
1512 3522 1844 3596 θεωροῦντας
1900 3521 1962 3574 τὸ

312 3607 614 3682 πρόσωπον
660 3610 757 3662 τοῦ
814 3608 1044 3680 Πατρὸς,
1094 3613 1192 3663 τοῦ
1242 3609 1292 3663 ἐν
1341 3611 1459 3673 τοῖς
1513 3611 1784 3684 οὐρανοῖς,
1844 3606 1959 3662 δια-

2085 2016 2232 2069 ctus.
2253 2013 2553 2085 Siquidem
2578 2030 2696 2068 una
2716 2017 2806 2068 est
2828 2013 3020 2068 Patris
3040 2009 3228 2083 gratia
3249 2027 3376 2082 quae
3390 2025 3492 2081 per
3511 2007 3726 2064 Filium

2082 2103 2140 2158 in
2162 2102 2380 2174 Spiritu
2413 2107 2614 2159 sancto
2646 2101 2992 2174 completur.
3026 2100 3151 2156 Una
3183 2099 3400 2171 pariter
3449 2096 3726 2153 divinitas

2081 2195 2139 2247 et
2172 2208 2327 2247 unus
2387 2197 2537 2247 Deus
2596 2197 2685 2247 est
2745 2191 2846 2262 qui
2904 2194 2993 2246 est
3049 2206 3226 2261 super
3271 2186 3489 2253 omnia,
3539 2190 3596 2241 et
3624 2200 3727 2257 per

2081 2280 2299 2350 omnia,
2333 2285 2506 2352 atque
2533 2281 2592 2336 in
2625 2281 2922 2336 omnibus.
2955 2277 3368 2350 Namqueipse
3390 2275 3563 2332 etiam
3587 2275 3728 2330 Pau-

2081 2369 2177 2425 lus
2191 2371 2360 2440 cujus
2391 2369 2513 2424 haec
2543 2373 2684 2424 sunt
2712 2369 2908 2425 verba.
2941 2391 2969 2417 «
3003 2367 3308 2423 'l‘estificor
3340 2365 3654 2420 coramDeo
3671 2365 3728 2416 et

2080 2462 2220 2514 Jesu
2249 2457 2553 2526 Christo“,
2579 2478 2606 2507 »
2629 2457 2912 2529 Spiritum
2929 2473 2962 2512 a
2984 2455 3124 2511 Filio
3144 2453 3487 2524 neutiquam
3519 2449 3724 2518 dividi,

2083 2547 2185 2602 sed
2210 2546 2406 2619 ipsum
2430 2547 2489 2601 in
2512 2545 2744 2601 Christo
2767 2562 2919 2613 esse,
2943 2542 3443 2616 quemadmodum
3469 2538 3725 2595 Filiusin

2083 2639 2252 2691 Patre
2273 2639 2381 2704 est,
2413 2635 2632 2706 optime
2654 2639 2911 2690 noverat.
2940 2632 3359 2689 Convenienter
3377 2634 3576 2685 tamen
3608 2626 3724 2683 ele-

2082 2729 2205 2780 ctos
2237 2723 2475 2796 angelos
2505 2741 2620 2780 una
2652 2724 2940 2794 adjunxit,
2974 2727 3040 2778 ut
3071 2721 3349 2792 quoniam
3376 2720 3504 2776 haec
3534 2718 3602 2774 ad
3637 2717 3726 2771 di-

2083 2813 2376 2884 scipulum
2408 2812 2823 2880 scribebat,ille
2846 2811 2940 2867 cui
2971 2809 3214 2866 minime
3241 2808 3460 2864 latebat
3483 2823 3548 2862 ea
3603 2821 3726 2876 quas

2084 2920 2118 2958 a
2146 2903 2260 2958 Deo
2292 2903 2449 2958 dicta
2479 2906 2620 2957 sunt
2670 2918 2772 2973 per
2827 2900 3126 2957 Christum
3185 2900 3245 2954 in
3285 2898 3511 2970 Spiritu
3570 2896 3729 2951 dicta

2082 3005 2232 3060 esse,
2265 2994 2323 3045 et
2355 2989 2596 3062 angelos
2627 3007 2720 3045 res
2749 2993 2980 3046 nostras
3003 2987 3436 3050 administrare,
3473 2982 3730 3056 singulo-

2081 3094 2332 3150 rumque
2360 3083 2523 3134 actus
2545 3078 2856 3151 speculari,
2882 3077 3148 3150 magistri
3184 3074 3618 3131 exhortationes
3636 3088 3730 3126 cu-

2081 3166 2343 3234 stodiret,
2403 3171 2470 3221 ut
2511 3165 2614 3238 ‘cui
2668 3182 3018 3238 persuasum
3079 3168 3235 3220 esset
3292 3163 3557 3220 omnium
3599 3177 3727 3233 quas

2083 3256 2304 3311 diceret
2329 3255 2490 3328 ipsos
2534 3255 2774 3328 angelos
2821 3255 3217 3326 speculatores
3263 3256 3444 3309 testes
3489 3251 3725 3306 habere.

2080 3347 2166 3400 An
2212 3345 2354 3400 forte
2386 3344 2623 3417 angelos
2654 3344 2754 3415 qui
2787 3359 3019 3414 semper
3046 3343 3245 3397 vident
3275 3341 3481 3396 faciem
3513 3337 3725 3405 Patris,

2078 3432 2172 3504 qui
2206 3431 2267 3487 in
2299 3432 2458 3489 caelis
2515 3436 2622 3503 est,
2651 3437 2888 3504 propter
2917 3431 3183 3488 Ecclesiae
3242 3429 3513 3502 pusillos,
3547 3432 3724 3483 testes

2077 3521 2356 3593 appellat,
2388 3527 2454 3578 ut
2485 3521 2831 3592 discipulus,
2863 3521 3114 3593 cognitis
3171 3519 3522 3592 populorum
3553 3533 3722 3572 cura-

2071 3610 2321 3676 toribus,
2352 3611 2616 3684 Apostoli
2651 3610 3080 3666 admonitiones
3113 3626 3228 3665 non
3269 3608 3608 3681 negligeret.

315 3695 644 3771 μαρτύρεται
699 3693 790 3750 νῦν
842 3699 956 3768 (31)
1008 3696 1289 3773 ἀγγέλους,
1342 3695 1496 3752 ἕνεκά
1544 3719 1604 3773 γε
1649 3702 1755 3752 τῶν
1834 3696 1885 3751 ἐν
1943 3701 2012 3771 τῇ
2063 3697 2362 3769 Ἐκκλησία
2423 3703 2654 3774 μικρῶν,
2724 3695 2835 3767 τίνο,
2884 3699 3164 3774 γινώσκων
3211 3698 3239 3751 6
3289 3697 3536 3768 μαθητὴς
3594 3693 3721 3756 τοὺς

317 3781 632 3857 κηδεμόνας
663 3789 772 3839 τῶν
802 3784 970 3857 λαῶν,
1005 3786 1081 3858 μὴ
1114 3785 1365 3860 ἀμελήσῃ
1390 3790 1499 3840 τῶν
1531 3787 1894 3862 παραινέσεων
1915 3791 2012 3841 τοῦ
2043 3787 2404 3844 ’Δποστόλου.

389 3875 477 3929 15.
514 3876 644 3930 Τῶο
677 3874 772 3946 μὲν
807 3871 900 3928 οὖν
932 3873 1089 3938 θείων
1119 3873 1327 3949 λογίων
1357 3879 1605 3939 τοιοῦτος
1634 3877 1661 3930 6
1690 3879 1814 3936 νοῦς
1843 3874 1964 3948 ἐμοὶ

313 3962 588 4038 φαίνεται,
623 3958 923 4037 διελέγχων
955 3962 1056 4030 τὴν
1104 3967 1210 4017 τῶν
1263 3961 1478 4038 ἀλόγων
1518 3966 1655 4019 κατά
1680 3969 1776 4018 τοῦ
1805 3963 1968 4018 Πνεύ-

316 4069 490 4122 ματος
523 4047 853 4128 δυσφημίαν·
897 4051 1052 4106 αὐτοὶ
1105 4048 1162 4106 δὲ
1202 4053 1302 4121 τὴν
1357 4051 1691 4130 φιλονεικίαν
1725 4051 1964 4126 ἔμμονον

311 4136 537 4213 ἔχοντες
584 4137 722 4214 πρὸς
763 4139 863 4208 τὴν
915 4137 1198 4210 ἀλήθειαν,
1250 4141 1324 4202 ὡς
1370 4139 1619 4216 γράφεις,
1655 4140 1832 4196 οὐκέτι
1868 4142 1962 4215 μὲν

307 4225 419 4281 ἀπὸ
463 4232 575 4282 τῶν
620 4231 849 4304 Γραφῶν
880 4229 1013 4304 (οὐχ
1060 4229 1365 4305 εὑρίσκουσι
1413 4231 1560 4306 γὰρ),
1610 4231 1715 4285 ἀπὸ
1765 4227 1822 4284 δὲ
1867 4234 1964 4284 τοῦ

304 4316 743 4389 περισσεύματος
798 4319 896 4382 τῆς
949 4314 1172 4393 καρδίας
1239 4326 1340 4390 τῆς
1397 4317 1539 4383 ἰδίας
1594 4318 1960 4396 ἐρευγόμενοι,

302 4402 475 4458 πάλιν
509 4405 826 4480 φάσκουσιν·
877 4407 940 4462 Εἰ
993 4407 1068 4479 μὴ
1124 4406 1326 4481 κτίσμα
1374 4407 1512 4478 ἐστὶ,
1565 4404 1706 4481 μηδὲ
1735 4409 1842 4463 τῶν
1870 4407 1964 4483 ἀγ-

301 4490 488 4568 γέλων
543 4495 621 4558 εἷς
678 4492 846 4566 ἔστιν,
901 4491 1028 4550 ἀλλ’
1085 4492 1146 4549 ἐκ
1197 4499 1295 4550 τοῦ
1341 4495 1549 4569 Πατρὸς
1591 4493 1959 4570 ἐκπορεύεταιο

379 4667 428 4703 ’³
454 4669 599 4726 Gen.
629 4684 828 4740 XLVIII,
863 4669 950 4726 15.
983 4670 1030 4706 ⁸⁸
1056 4669 1105 4728 II
1135 4669 1394 4728 Timoth.
1429 4685 1507 4740 IV,
1541 4671 1592 4726 1.

2152 3877 2238 3932 15.
2271 3879 2471 3949 Itaque
2502 3878 2554 3932 is
2586 3877 2732 3933 mihi
2752 3877 2978 3932 videtur
2999 3891 3128 3932 esse
3160 3891 3373 3932 sensus
3406 3873 3720 3946 Scripturae

2077 3982 2281 4033 sacras,
2313 3982 2428 4037 quo
2460 3965 2632 4037 plane
2662 3966 2894 4022 illorum
2916 3969 3195 4021 adversus
3211 3965 3491 4036 Spiritum
3513 3961 3720 4032 impie-

2076 4058 2168 4110 tas
2196 4053 2563 4110 validissime
2595 4055 2903 4110 refutatur.
2926 4054 3139 4109 Verum
3167 4053 3343 4108 iidem
3376 4050 3461 4106 illi
3492 4048 3721 4106 veritati

2075 4143 2370 4199 adversari
2390 4147 2663 4216 pergunt,
2687 4147 2752 4198 ut
2773 4142 3002 4210 scribis,
3019 4159 3134 4198 non
3148 4143 3272 4214 jam
3298 4155 3367 4196 ex
3380 4137 3718 4210 Scripturis,

2075 4231 2292 4303 quippe
2306 4231 2405 4302 qui
2428 4231 2577 4287 nihil
2606 4231 2686 4287 ibi
2716 4230 3036 4299 inveniant,
3061 4231 3162 4286 sed
3194 4247 3261 4285 ex
3289 4227 3510 4302 proprii
3526 4225 3719 4282 cordis

2072 4321 2466 4376 redundantia
2513 4320 2628 4376 hac
2661 4337 2869 4376 rursus
2899 4323 3194 4376 eructant:
3229 4318 3288 4374 Si
3318 4317 3568 4390 Spiritus
3625 4329 3718 4370 res

2073 4412 2266 4465 creata
2296 4425 2413 4464 non
2436 4412 2545 4480 est,
2581 4424 2769 4480 neque
2800 4425 2955 4465 unus
2985 4425 3053 4465 ex
3107 4406 3352 4479 angelis,
3383 4406 3485 4462 sed
3515 4421 3583 4461 ex
3610 4407 3722 4458 Pa-

2070 4501 2158 4554 tre
2188 4497 2479 4570 procedit:
2531 4497 2715 4570 igitur
2741 4496 2924 4554 Filius
2974 4512 3205 4570 quoque
3253 4495 3380 4568 ipse
3435 4493 3720 4552 dicendus

379 4854 496 4932 (2:5)
526 4854 628 4932 Sic
653 4856 868 4932 Regius
897 4855 1146 4930 primus,
1179 4857 1313 4930 Seg.
1362 4862 1420 4914 et
1448 4857 1607 4915 LXX.
1639 4859 1793 4915 Editi
1823 4874 1956 4916 vero
1985 4859 2034 4927 D
2136 4859 2248 4932 (28)
2282 4860 2454 4915 Ἐστιν
2488 4861 2651 4917 deest
2679 4861 2738 4916 in
2768 4859 2942 4930 Regio
2973 4859 3161 4932 primo
3193 4862 3249 4913 et
3278 4859 3408 4932 Sag.

305 4930 368 5004 et
393 4923 522 5004 alii,
551 4923 858 5004 eﬁloﬁ'cei.
891 4923 1070 5004 Porro
1118 4923 1298 5004 supra
1343 4932 1604 5004 oratione
1630 4932 1800 4987 tertia
1829 4948 1960 4988 con-

302 5003 403 5075 tra
431 4999 706 5075 Arianos,
729 5017 870 5075 pag._
895 5002 1021 5071 444,
1067 4999 1230 5058 num.
1278 5003 1369 5075 12,
1407 5002 1520 5075 hoc
1555 5002 1616 5058 in
1645 5004 1952 5075 Scriptura

300 5069 458 5139 loco,
491 5070 682 5144 angeli
711 5069 972 5144 nomine,
994 5069 1253 5129 Verbum
1274 5074 1375 5129 Dei
1403 5073 1650 5130 indicari
1670 5069 1856 5131 docet.
1883 5078 1954 5130 At

303 5158 447 5219 cu_m
475 5157 541 5219 ea
571 5143 892 5219 observatio
931 5143 1079 5200 nihil
1127 5144 1221 5219 hic
1267 5145 1340 5201 ad
1388 5161 1510 5202 rem
1542 5147 1851 5219 pertineat,
1881 5147 1953 5202 ad

303 5212 711 5288 solagattendit
740 5217 1047 5288 Scripturae
1084 5217 1278 5273 verba.

370 5285 486 5362 _(_26)
521 5286 753 5362 Primus
797 5285 980 5362 codex
1035 5288 1271 5362 Regius,
1300 5286 1650 5362 ASeg.,iéotw
1679 5291 1906 5345 addunt
1939 5305 1951 5345 :

303 5349 404 5411 alii
433 5349 491 5410 et
521 5359 672 5431 editi
691 5361 990 5431 omittunt.
1022 5349 1153 5416 Μοὶ
1175 5349 1339 5416 Gobl.
1374 5349 1433 5418 et
1459 5349 1718 5417 Felckm.
1754 5363 1803 5431 1,
1838 5380 1956 5413 συν-

300 5431 616 5505 αριθμεῖται
655 5430 682 5483 6
727 5430 1180 5505 Θεὸςγκαὶ-Υἱός.
1237 5433 1386 5505 Ibid.
1448 5450 1551 5505 pro
1599 5432 1681 5486 ναί
1739 5430 1956 5504 Regius

297 5499 536 5578 primus
566 5505 622 5558 et
648 5504 985 5578 Seguerian.
1017 5503 1235 5578 habent
1261 5502 1372 5575 καί,
1399 5499 1468 5578 et
1481 5505 1698 5577 Regius
1730 5499 1956 5578 primus

298 5575 588 5696 Eafterea
613 5572 875 5649 νοήᾶωσι,
925 5579 982 5634 et
1027 5576 1200 5648 paulo
1248 5572 1380 5648 post
1418 5572 1658 5632 διάνοῖαν
1691 5572 1794 5650 pro
1832 5595 1958 5649 καρ-

357 5662 446 5697 αν.

337 5715 672 5841 ύξῗέιεοεη
718 5718 967 5790 συνέστη.
1017 5719 1234 5792 Regius
1277 5720 1527 5794 primus,
1577 5719 1956 5794 Anglicanus,

299 5803 519 5842 σονεστι

2283 4932 2536 5009 Felckm.
2558 5005 2570 5009 _
2593 4934 2629 4986 2
2669 4937 2728 4989 et
2766 4927 2927 5009 editi.
2969 4927 3336 5009 γινώ.σκοντι,.
3359 4927 3462 5009 δτι..
3492 4927 3640 5009 Reg.
3675 4929 3710 4984 2

2062 4999 2425 5074 οῖὈῐίουου,
2477 5004 2698 5061 habent
2750 4999 3028 5078 γινώσκων
3080 4999 3182 5055 ὅτι.
3229 5001 3340 5057 Alii
3400 5005 3464 5058 ut
3492 4999 3708 5057 hici’ex-

2063 5079 2198 5130 stat.
2715 5109 2726 5128 ς

2136 5147 2246 5219 (30)
2303 5146 2503 5222 Βαείιη,
2555 5144 3212 5222 παρατήρησειςηῐξαιηο
3253 5140 3525 5222 Ροεῒ-διοί
3581 5148 3713 5216 post

2061 5218 2204 5292 τάχα
2228 5217 2316 5271 καί
2379 5217 2660 5275 omittunt
2707 5217 2862 5297 Βεῇ
2891 5219 2916 5272 1
2970 5219 3027 5272 et
3061 5221 3117 5283 2,
3164 5221 3220 5272 et
3248 5218 3374 5290 Seg.
3406 5217 3572 5284 Ibid.,
3607 5232 3710 5288 pro

2064 5291 2423 5343 θεωροῦντας.
2457 5291 2657 5343 Basil..
2689 5287 3018 5343 ἐφορῶντας.

2097 5291 2423 5360 εωροῦντας,
2457 5291 2657 5359 BasiL,
2689 5291 3018 5363 ἐφορῶντας.

2097 5361 2237 5444 _(.31‘)
2279 5363 2373 5417 Sic
2423 5363 2664 5444 Regius‘
2691 5362 2938 5444 primus,
3003 5362 3129 5444 Seg.
3180 5357 3614 5444 ~BasiLMGobl.‘
3649 5362 3706 5412 et

2062 5428 2316 5503 Fe‘lckm.
2349 5428 2595 5503 primus.
2629 5428 2826 5492 Caeteri
2873 5437 2931 5488 et
2979 5428 3116 5487 editi
3147 5434 3237 5483 νῦν
3271 5431 3578 5503 omittunt,
3601 5428 3704 5503 ha:

2063 5502 2329 5576 bentque
2349 5497 2458 5561 art.
2489 5504 2638 5566 τούς.
2671 5505 2814 5560 lbid.
2851 5503 3346 5576 Regiusprimus,
3373 5508 3525 5576 Seg._,
3555 5497 3709 5553 ἕνεκά

2104 5594 2146 5630 ε.
2180 5572 2454 5650 Particul.
2487 5596 2548 5650 γε
2577 5577 2635 5632 in
2666 5576 2797 5632 aliis
2838 5581 2911 5650 et
2937 5572 3118 5650 'editis
3143 5575 3346 5650 deest,
3370 5572 3549 5650 Paulo
3582 5581 3712 5650 post

2117 5647 2280 5718 egius
2313 5643 2560 5720 primus,
2589 5650 2711 5720 Seg.
2749 5647 2968 5719 Anglic.
3018 5645 3182 5703 Gobl.
3227 5649 3284 5702 et
3310 5644 3559 5702 Felckm.
3585 5643 3709 5718 pri-

2066 5715 2222 5786 mus,
2253 5715 2615 5792 κηδομένους.
