4076 6350
353 437 470 496 567

904 438 968 494 S.
1014 433 1439 494 ATHANASII
1487 434 1661 495 OPP.
1707 434 1911 494 PARS
1956 435 2005 493 Ι.
2039 465 2114 477 -
2145 431 2561 493 HISTORICA
2606 432 2702 492 ET
2747 431 3225 492 DUGMA'l‘lCA.

3640 429 3760 488 566

353 571 462 634 est,
496 566 856 638 proindeque
886 566 1002 620 duo
1057 569 1196 620 sunt
1225 565 1455 634 fratres,
1516 564 1642 635 ipse
1671 562 1896 619 scilicet
1943 568 2000 618 et

2130 562 2305 616 >6x05v
2339 561 2461 621 Υἱός
2493 559 2604 614 ἐστι
2643 560 2729 614 καὶ
2769 559 2899 614 οὐτὸ
2948 561 3081 631 (32),
3113 559 3199 612 καὶ
3227 555 3321 612 δύο
3369 554 3594 634 ἀδελφοί
3627 555 3758 610 εἰσιν

349 652 628 708 Verbum.
684 653 847 716 Quod
905 653 954 706 si
1011 651 1192 706 frater
1248 655 1356 718 est,
1408 651 1509 721 qui
1540 651 1661 705 fieri
1710 655 1905 723 potest
1936 655 2000 706 ut

352 742 726 813 unigenitum
761 741 837 796 sit
868 741 1147 806 Verbum,
1180 739 1266 794 vel
1301 744 1364 793 ut
1391 738 1644 810 mquales
1690 757 1806 794 non
1861 740 1996 806 sint,

352 831 454 885 sed
487 831 580 885 hic
606 835 737 901 post
795 835 1046 894 Patrem,
1081 828 1178 883 ille
1211 833 1344 899 post
1379 828 1588 883 Filium
1621 829 1999 884 nominetur?

351 919 408 972 Si
439 919 578 973 item
613 934 681 972 ex
711 921 883 971 Patre
911 926 1018 983 est,
1046 933 1152 972 cur
1183 933 1299 971 non
1351 921 1410 972 et
1458 917 1583 987 ipse
1613 917 1866 989 genitus,
1901 922 2003 971 aut

357 1005 702 1073 Filiusesse,
721 1007 821 1061 sed
846 1006 1195 1076 simpliciter
1214 1007 1470 1077 Spiritus
1493 1013 1734 1061 sanctus
1753 1005 2004 1060 dicitur?

356 1095 636 1166 Denique,
669 1095 718 1151 si
748 1094 878 1150 Filii
907 1096 1140 1151 dicatur
1169 1111 1298 1151 esse
1349 1094 1602 1166 Spiritus
1627 1112 1638 1148 :
1669 1099 1838 1149 Pater
1867 1111 2002 1166 ergo

356 1201 500 1240 avus
530 1189 618 1241 est
645 1184 899 1254 Spiritus
940 1184 1148 1241 sancti.
1211 1184 1340 1239 Haec
1373 1183 1702 1255 turpissimi
1733 1183 2003 1240 homines

355 1272 682 1329 cavillando
730 1273 1028 1340 effutiunt,
1085 1273 1185 1344 qui
1219 1273 1510 1328 curiosius
1573 1273 1863 1342 profunda
1908 1273 2004 1327 Dei

355 1363 606 1417 scrutari
638 1367 947 1428 conantur,
997 1379 1125 1433 quae
1185 1377 1358 1416 nemo
1418 1361 1578 1416 novit
1609 1361 1722 1416 nisi
1753 1361 2004 1432 Spiritus

357 1451 480 1518 Dei,
515 1451 586 1505 de
621 1467 736 1520 quo
771 1449 853 1504 illi
885 1455 1005 1504 tam
1038 1449 1218 1520 impie
1273 1449 1560 1515 sentiunt,
1613 1450 1828 1521 quibus
1860 1449 2007 1504 nihil

359 1539 616 1610 amplius
650 1539 1003 1610 respondere
1030 1555 1262 1609 aequum
1295 1555 1436 1593 sane
1463 1544 1645 1604 esset;
1676 1540 1774 1594 sed
1799 1555 2008 1594 secun-

358 1629 502 1683 dum
534 1627 797 1699 Apostoli
832 1633 1186 1700 praeceptum
1210 1628 1273 1692 ⁸⁵,
1294 1631 1425 1698 post
1446 1627 1782 1698 praedictam
1807 1628 2008 1685 admo-

361 1717 668 1787 nitionem,
693 1716 1724 1788 tanquamhaereticivitandiessent:
1750 1716 1833 1771 vel
1858 1724 2011 1772 certe

362 1810 427 1860 ut
458 1823 563 1861 nos
594 1805 970 1876 interrogant,
1007 1805 1091 1861 sic
1111 1821 1211 1860 eos
1237 1822 1271 1860 a
1302 1804 1475 1860 nobis
1501 1805 1845 1876 interrogari
1875 1822 2010 1877 ope-

362 1912 438 1949 rce
472 1894 725 1965 pretium
759 1895 954 1961 fuerit,
987 1893 1260 1965 idemque
1283 1911 1390 1950 nos
1411 1895 1482 1950 ab
1519 1894 1636 1949 illis
1661 1911 2009 1964 responsum
2041 1881 2088 1946 B

362 1983 704 2054 efﬂagitare,
736 1984 891 2055 quod
925 1982 1010 2040 illi
1043 2001 1076 2038 a
1109 1984 1276 2039 nobis
1301 1983 1560 2055 exigunt.
1602 1983 2014 2054 Respondsant

367 2071 573 2143 igitur,
601 2076 796 2128 utrum
831 2076 999 2128 Pater
1036 2088 1104 2128 ex
1125 2076 1290 2143 patre
1315 2071 1410 2136 sit,
1439 2078 1496 2128 et
1527 2089 1667 2127 num
1693 2071 1844 2128 alius
1876 2089 2011 2127 cum

365 2159 468 2216 illo
502 2161 647 2216 531
713 2160 946 2231 genitus
997 2161 1191 2230 fuerit,
1250 2161 1487 2232 sintque
1518 2177 1586 2216 ex
1618 2178 1732 2217 uno
1781 2161 2008 2228 fratres,

372 2248 662 2320 qualeque
695 2265 905 2304 nomen
932 2249 1050 2304 illis
1082 2249 1205 2305 sit?
1230 2249 1370 2312 Quis
1391 2251 1531 2306 item
1555 2266 1758 2306 eorum
1783 2253 2016 2321 pateret

367 2354 535 2407 avus,
565 2337 666 2408 qui
699 2338 895 2408 proavi
918 2338 944 2393 ?
965 2339 1138 2409 Atqui
1172 2337 1366 2394 nullos
1391 2354 1519 2394 esse
1551 2339 2012 2410 respondebunt.

365 2430 553 2490 Quare
585 2442 722 2497 ergo
755 2431 926 2482 Pater
947 2427 1018 2482 ab
1043 2426 1159 2483 illis
1192 2427 1428 2494 dicitur,
1461 2428 1558 2499 qui
1583 2427 1736 2483 idem
1756 2444 1824 2483 ex
1845 2433 2015 2483 Patre

365 2532 481 2570 non
515 2514 593 2570 sit
621 2519 785 2570 ortus
807 2516 834 2569 ‘?
883 2515 984 2569 Vel
1019 2515 1118 2586 qui
1148 2515 1358 2572 Filium
1408 2516 1620 2572 habere
1670 2517 1880 2588 potuit,
1914 2517 2014 2588 qui

371 2604 500 2676 ipse
548 2605 712 2676 prius
742 2603 924 2660 Filius
958 2621 1072 2660 non
1113 2605 1227 2660 fuit
1256 2604 1521 2675 genitus?
1554 2606 1836 2676 Equidem
1899 2623 2015 2661 non

369 2708 466 2748 me
496 2692 648 2764 lugit
680 2693 792 2749 ista
825 2693 1123 2764 inquirere
1153 2695 1317 2748 nefas
1350 2693 1587 2749 omnino
1623 2710 1771 2750 esse.
1811 2695 2018 2750 Verum

371 2782 527 2837 haud
561 2783 634 2838 ab
665 2798 726 2837 re
753 2781 926 2837 fuerit
947 2783 1028 2838 ita
1050 2782 1437 2838 illudentibus
1468 2782 1727 2838 vicissim
1747 2783 2014 2852 illudere,

373 2875 439 2926 ut
471 2857 680 2926 saltem
713 2888 780 2926 ex
812 2871 1155 2942 hujusmodi
1189 2871 1448 2926 absurda
1477 2876 1533 2927 et
1563 2872 2018 2944 impiainterro-

373 2961 609 3032 gatione
669 2960 961 3032 propriam
997 2960 1396 3032 insipientiam
1443 2961 1738 3032 percipere
1766 2961 2015 3017 valeant.

373 3054 490 3106 Nec
513 3049 670 3106 enim
700 3049 804 3104 illa
836 3049 951 3105 ullo
984 3050 1156 3105 modo
1187 3054 1354 3106 sunt:
1399 3050 1590 3105 absit!
1653 3066 1840 3121 neque
1897 3050 2018 3105 hinc

377 3140 446 3194 de
479 3137 784 3194 divinitate
835 3137 1121 3194 sciscitari
1179 3140 1358 3194 decet.
1423 3137 1723 3210 Siquidem
1782 3155 1898 3194 non
1929 3143 2019 3194 est

376 3230 526 3284 Deus
547 3226 759 3282 similis
789 3226 1120 3293 hominum,
1155 3231 1218 3282 ut
1246 3228 1360 3284 ista
1391 3227 1652 3282 humana
1673 3228 1744 3283 de
1774 3226 1873 3282 illo
1896 3244 2018 3298 per-
2049 3246 2092 3314 ρ

374 3315 596 3372 contari
633 3315 766 3387 quis
789 3315 1020 3371 audeat.

450 3407 537 3462 16.
570 3406 797 3477 Itaque,
832 3408 895 3459 ut
911 3405 1036 3474 jam
1067 3405 1293 3471 monui,
1319 3405 1624 3461 silentium
1657 3405 1715 3460 in
1749 3406 1841 3460 his
1865 3422 2023 3478 quaa-

379 3492 672 3549 stionibu
718 3509 971 3562 servare,
1005 3497 1063 3549 et
1095 3494 1438 3564 hujusmodi
1497 3494 1732 3550 illorum
1765 3495 2024 3565 argutias

379 3581 754 3638 dissimulare
785 3583 972 3638 satius
993 3587 1148 3637 certe
1171 3583 1364 3638 fuerit.
1392 3583 1806 3638 Verumtamen
1827 3601 1897 3640 ne
1921 3601 2024 3638 no-

380 3676 570 3726 strum
601 3671 900 3728 silentium
935 3671 1174 3742 majoris
1206 3671 1351 3744 ipsis
1382 3671 1484 3727 ﬁat
1513 3671 1892 3744 impudentiae
1923 3689 2023 3728 oc-

381 3760 561 3830 casio,
622 3759 741 3816 haac
771 3758 890 3815 illis
930 3777 1209 3831 reponere
1267 3777 1384 3815 non
1445 3761 1746 3833 gravabor.
1806 3767 2025 3834 Nempe

381 3849 877 3921 quemadmodum
911 3849 1098 3903 Patris
1151 3853 1376 3920 patrem
1427 3849 1616 3905 dicere
1664 3865 1778 3906 non
1813 3867 2023 3922 possu-

376 3955 530 4007 mus,
554 3938 636 3992 ita
665 3953 769 3993 nec
801 3936 931 3992 Filii
961 3937 1219 3992 fratrem.
1246 3941 1510 4009 Namque
1536 3939 1744 4009 Patris,
1765 3943 1828 3993 ut
1853 3945 2026 3995 antea

381 4027 601 4083 dictum
630 4030 736 4096 est,
779 4025 932 4082 alius
963 4026 1117 4081 Deus
1153 4025 1348 4081 nullus
1381 4027 1524 4083 fuit:
1559 4027 1837 4084 necullus
1859 4028 2023 4083 simi-

379 4114 511 4171 liter
542 4115 692 4171 alius
724 4119 814 4170 est
846 4114 1002 4169 filius
1024 4132 1042 4167 :
1077 4115 1414 4186 unigenitus
1445 4116 1600 4171 enim
1635 4120 1744 4172 est.
1778 4117 2027 4172 Proinde

378 4209 434 4260 et
464 4203 626 4260 solus
651 4208 710 4260 et
739 4221 894 4259 unus
927 4207 1116 4269 Pater,
1149 4203 1332 4259 solius
1358 4208 1415 4260 et
1440 4206 1618 4261 unius
1654 4205 1782 4261 Filii
1807 4210 1896 4262 est
1919 4209 2024 4261 Pa-

374 4296 482 4361 ter,
516 4297 690 4364 atque
720 4293 866 4349 adeo
898 4293 956 4348 in
990 4292 1111 4349 sola
1133 4291 1430 4349 divinitate
1480 4309 1711 4367 semper
1753 4299 1810 4350 et
1855 4299 1944 4350 est
1972 4298 2030 4350 et

375 4381 486 4438 fuit
527 4382 696 4438 Pater
734 4398 799 4438 ac
830 4381 1033 4438 Filius.
1094 4386 1238 4438 Nam
1284 4383 1517 4440 tametsi
1552 4385 1702 4442 inter
1755 4383 2027 4440 homines

449 4555 493 4590 °'
523 4551 632 4610 Tit.
666 4569 750 4620 ni,
787 4554 871 4610 10.

2108 650 2240 705 αὐτό
2269 671 2326 704 τε
2355 649 2443 704 καὶ
2476 650 2503 702 6
2551 648 2742 723 Λόγος.
2773 649 2867 702 Καὶ
2923 647 2970 701 εἴ
3003 645 3236 720 ἀδελφός
3266 645 3398 713 ἐστι,
3432 650 3550 707 πῶς
3587 665 3757 717 μονο-

2107 740 2266 814 γενὴς
2297 739 2324 792 6
2357 736 2552 812 Λόγος,
2651 741 2767 796 πῶς
2809 737 2907 790 ούγ
2958 734 3086 800 ἴσοι,
3144 732 3270 789 ἀλλ’
3303 735 3330 788 6
3370 733 3463 806 μὲν
3500 733 3634 805 μετά
3661 733 3756 786 τὸν

2110 828 2338 901 Πατέρα,
2369 827 2431 881 τὸ
2465 823 2520 880 δὲ
2556 824 2688 897 μετά
2740 826 2831 878 τόν
2879 825 2998 878 Υἱὸν
3053 825 3376 896 ὀνομάζεται
3433 825 3546 894 (33)
3581 841 3595 890 ;
3634 826 3762 883 Πῶς

2111 914 2192 984 δὲ,
2223 915 2267 970 εἰ
2301 915 2359 969 ἐκ
2385 921 2481 969 τοῦ
2528 915 2735 988 Πατρός
2783 913 2948 985 ἐστιν,
2998 914 3062 967 οὐ
3116 913 3332 987 λέγεται
3382 911 3471 965 καὶ
3504 911 3637 965 αὐτὸ
3667 931 3765 985 γε·

2109 1006 2414 1081 γεννῆσθαι,
2570 1005 2652 1058 ὃτι
2711 1003 2833 1064 Υἱός
2891 1002 3055 1070 ἐστιν,
3108 1001 3236 1057 ἀλλ’
3296 1000 3484 1062 ἁπλῶς
3543 1004 3762 1072 Πνεῦμα

2113 1096 2262 1169 ἅγιον
2294 1113 2306 1162 ;
2333 1093 2400 1150 Εἴ
2449 1091 2506 1148 δὲ
2535 1098 2630 1147 τοῦ
2691 1093 2818 1146 Υἱοῦ
2866 1090 2976 1146 ἐστι
3027 1093 3090 1146 τὸ
3144 1095 3361 1163 Πνεῦμα
3399 1092 3536 1163 (34),
3569 1088 3763 1143 οὐκοῦν

2111 1184 2333 1244 πάππος
2365 1181 2506 1236 ἐστὶν
2536 1184 2564 1236 ὁ
2612 1183 2796 1256 Πατήρ
2839 1186 2936 1235 τοῦ
2985 1181 3318 1252 Πνεύματος.
3367 1182 3598 1234 Τοιαῦτα
3635 1179 3762 1232 παίο

2119 1278 2297 1340 ζουσιν
2330 1273 2381 1325 οἱ
2430 1270 2638 1344 ἄτιμοι,
2690 1269 3175 1345 περιεργαζόμενοι
3207 1270 3292 1323 καὶ
3330 1268 3576 1331 οὲλοντες
3607 1266 3760 1342 ἐρευ-

2114 1365 2206 1429 νᾷν
2264 1357 2330 1412 τὰ
2381 1360 2517 1434 βάθη
2575 1363 2672 1412 τοῦ
2729 1363 2884 1429 Θεοῦ,
2942 1360 2973 1410 ἅ
3020 1354 3210 1430 μηδεὶς
3265 1354 3431 1424 οἶδεν,
3483 1355 3528 1410 εἰ
3580 1357 3656 1428 μή
3704 1355 3766 1409 τὸ

2117 1452 2335 1520 Πνεῦμα
2363 1452 2458 1500 τοῦ
2498 1451 2630 1501 Θεοῦ
2681 1449 2741 1501 τὸ
2787 1445 3255 1523 δμσφημούμενον
3287 1445 3374 1498 ὑπ’
3421 1445 3600 1499 αὐτῶν

2118 1535 2266 1594 Ἔδει
2323 1537 2418 1608 μὲν
2461 1536 2551 1590 οῦν
2613 1537 2805 1608 μηκέτι
2849 1535 3065 1598 τούτοις
3102 1535 3512 1609 ἀποκρίνασθαι,
3542 1533 3680 1588 κατά
3710 1530 3768 1587 δὲ

2118 1631 2216 1697 τήν
2251 1629 2618 1698 ἀποστολικῆν
2674 1627 3062 1703 παραγγελίαν,
3119 1628 3251 1700 μετά
3281 1627 3380 1695 τὴν
3414 1627 3471 1681 ἐκ
3497 1631 3606 1680 τῶν
3633 1646 3770 1700 προ-

2121 1720 2421 1794 ειρημένων
2479 1717 2753 1772 νουθεσίαν
2819 1717 2894 1778 ὡς
2955 1715 3258 1792 αἱρετικοῦς
3317 1715 3514 1777 αὐτοὺς
3571 1735 3769 1791 παραι-

2119 1809 2346 1875 τεῖσθαι,
2409 1806 2443 1875 ἤ
2505 1807 2623 1876 ἄξια
2681 1807 2754 1860 ὧν
2815 1805 3084 1881 ἐρωτῶσιν
3145 1804 3346 1878 ἐρωτᾷν
3401 1803 3620 1876 αὐτοὺς,
3680 1803 3770 1858 καὶ

2122 1897 2364 1952 ἀπαιτεῖν
2397 1897 2523 1971 παρ’
2556 1895 2727 1950 αὐτῶν
2782 1895 3087 1970 ἀπόκρισιν,
3141 1893 3255 1949 ο⁹ίαν
3303 1896 3414 1968 (36)
3464 1892 3614 1948 αὐτοι
3645 1895 3772 1968 παρ’

2121 1988 2281 2059 ἡμῶν
2334 1987 2680 2056 ἀπαιτοῦσιν,
2738 1986 3057 2042 Εἶπάτωσαν
3107 1984 3306 2039 τοίνυν·
3365 1984 3465 2039 εἱὸ
3498 1984 3682 2059 Πατὴρ
3715 1983 3774 2038 ἐκ

2120 2077 2323 2150 πατρός
2369 2076 2498 2147 ἐστι,
2554 2076 2644 2129 καὶ
2687 2074 2735 2129 εἴ
2785 2073 2956 2135 ἄλλος
3000 2073 3093 2128 σὺν
3135 2075 3285 2146 αύτῷ
3317 2074 3650 2149 γεγέννηται,
3682 2074 3770 2126 καί

2121 2164 2252 2219 εἰσιν
2305 2163 2527 2243 ἀδελφοὶ
2579 2165 2628 2235 ἐξ
2678 2165 2813 2233 ἑνὸς,
2867 2164 2956 2218 καὶ
3006 2163 3058 2218 τί
3089 2160 3264 2235 ὄνομα
3296 2163 3478 2225 αὐτοῖς
3507 2166 3648 2236 (37),
3682 2163 3768 2217 καὶ

2121 2254 2202 2316 τίς
2261 2257 2289 2310 6
2331 2255 2420 2310 καὶ
2476 2255 2680 2309 τούτων
2727 2255 2911 2329 Πατὴρ
2961 2255 3046 2308 καὶ
3103 2253 3346 2321 πάππος,
3407 2251 3671 2308 κάκείνων
3721 2251 3773 2306 oi

2123 2345 2386 2419 πρόγονοι
2419 2362 2432 2411 ;
2468 2340 2626 2397 ’Δλλ’
2658 2343 2760 2396 οὐκ
2803 2341 2933 2396 εἶναι
2989 2343 3247 2418 φήσουσι.
3289 2345 3409 2402 Πῶς
3441 2340 3531 2395 οῦν
3564 2341 3772 2415 Πατήρ,

2125 2423 2450 2498 λεγέτωσαν,
2505 2423 2668 2484 αύτῦς
2719 2423 2793 2494 μή
2846 2421 3132 2497 γενόμενος
3163 2424 3275 2493 (38)
3331 2420 3388 2475 ἐκ
3420 2420 3625 2495 Πατρός
3661 2440 3674 2489 ;
3707 2421 3773 2473 ’Π

2124 2520 2233 2568 πῶι
2292 2510 2538 2582 ἠδυνήθη
2595 2512 2716 2566 nev
2767 2506 2935 2586 ἔχειν,
2995 2512 3069 2584 μή
3117 2511 3378 2586 πρότερον
3432 2510 3596 2572 αὐτὸς
3651 2510 3775 2572 Υἱὸς

2122 2605 2428 2680 γεννηθείς,
2461 2599 2615 2668 Οἶδα,
2651 2603 2731 2655 ὅτι
2763 2597 2963 2669 ἀσεϐὴς
2993 2603 3026 2669 ἡ
3061 2599 3324 2672 ἐρώτησις
3351 2619 3363 2631 ’
3387 2599 3530 2655 ἀλλά
3545 2603 3772 2654 τοιαῦτα

2125 2694 2417 2760 παίζοντας
2466 2691 2663 2752 αὐτοὺς
2714 2691 2924 2759 παίζειν
2963 2687 3194 2762 δίκαιον,
3235 2687 3328 2744 ’ίια
3373 2687 3503 2744 καᾶν
3557 2689 3616 2742 ἐκ
3669 2694 3771 2757 τῆς

2124 2782 2382 2852 τοιαύτης
2410 2781 2634 2842 ἀτοπίας
2664 2781 2754 2835 καὶ
2807 2776 3031 2841 ἀσεϐοῦς
3075 2779 3394 2856 ἐρωτήσεως
3427 2777 3770 2842 αἶ’σοάνεσθαι

2126 2879 2224 2941 τῆς
2258 2869 2397 2933 ἰδίας
2452 2870 2761 2944 ἀφροσύνης
2806 2866 3088 2939 δύνωνται,
3139 2869 3256 2926 Οὐκ
3308 2864 3417 2923 ἔστι
3457 2869 3560 2943 γὰρ
3584 2871 3776 2923 ταῦτα·

2133 2961 2208 3032 μή
2261 2960 2504 3033 γένοιτοΞ
2563 2955 2675 3013 οὐδ’
2729 2956 2900 3021 οὕτως
2951 2957 3152 3034 ἐρωτᾷν
3207 2957 3330 3031 μερὶ
3376 2964 3475 3026 τῆς
3520 2957 3778 3026 Θεότητος

2127 3048 2338 3122 πρέπει.
2373 3049 2490 3104 Οὐκ
2533 3046 2643 3102 ἔστι
2703 3047 2805 3122 γὰρ
2855 3049 2930 3108 ὡς
2979 3045 3264 3121 ἅνθρωπος
3317 3047 3343 3101 6
3375 3047 3528 3114 Θεός,
3566 3043 3656 3101 ἵνα
3685 3043 3776 3098 καὶ

2127 3138 2438 3216 ἀνθρώπινα
2469 3139 2591 3213 περὶ
2626 3137 2789 3193 αὐτοῦ
2817 3158 2899 3200 τις
2930 3135 3188 3212 τολμήσῃ
3219 3136 3443 3212 ἰρωτᾷν.

2207 3411 2292 3465 16.
2347 3413 2564 3477 Σιωπᾷν
2621 3409 2716 3480 μὶν
2765 3406 2879 3475 οῦν,
2942 3406 3016 3468 ὡς
3063 3405 3344 3480 προεῖπον,
3404 3403 3490 3459 ἐπὶ
3548 3403 3786 3470 τούτοις,

3589 3491 3681 3546 ’ίνα
3729 3489 3787 3547 δὲ

2140 3591 2214 3662 μή
2275 3591 2308 3657 ἡ
2368 3591 2526 3660 ἡμῶν
2579 3589 2760 3656 σιωπὴ
2825 3585 3092 3663 πρόφασιν
3162 3583 3544 3659 ἀναισχυντίας
3596 3584 3784 3646 αὐτοῖς

2137 3679 2431 3750 ἐμποιήσῃ,
2494 3674 2829 3730 ἀκουέτωσαν
2866 3693 2878 3706 ⁸
2939 3677 3141 3747 ’Ὠσπερ
3200 3672 3299 3727 οὐκ
3345 3669 3486 3727 ἔστιν
3538 3671 3624 3726 ἐπὶ
3678 3674 3780 3724 τοῦ

2135 3769 2346 3841 Ματρὸς
2405 3766 2574 3822 εἰπεῖν
2645 3765 2868 3840 πατέρα,
2947 3763 3120 3825 οὕτως
3179 3761 3278 3817 οῦκ
3334 3759 3472 3816 ἔστιν
3539 3759 3626 3814 ἐπὶ
3683 3763 3784 3813 τοῦ

2136 3838 2263 3903 Υἱοῦ
2293 3849 2460 3902 εἰπεῖν
2517 3838 2789 3920 ἀδελφόν,
2830 3849 2934 3900 Τοῦ
2990 3845 3084 3917 μὲν
3135 3842 3237 3918 γὰρ
3289 3842 3517 3918 ΙΙατρὸς,
3575 3841 3649 3902 ὡς
3691 3838 3782 3915 γέ-

2134 3957 2366 4016 γραπται
2420 3932 2745 4009 ἔμπροσθεν,
2796 3933 2986 3995 ἄλλος’
3043 3939 3172 3996 Θεος
3203 3931 3264 3987 ού
3295 3932 3534 4016 γέγονεν·
3573 3929 3699 3994 Υἱὸς
3731 3925 3788 3982 δὲ

2137 4025 2237 4079 οὐκ
2267 4020 2405 4078 ἔστιν
2462 4019 2656 4084 ἄλλος·
2712 4021 3010 4095 μονογενὴς
3061 4021 3162 4096 γάρ
3210 4019 3340 4074 ἐστι’
3399 4015 3484 4074 διὸ
3537 4017 3626 4073 καὶ
3683 4017 3785 4092 μό-

2135 4135 2223 4177 νος
2252 4113 2342 4168 καὶ
2375 4115 2451 4174 εἷς
2507 4113 2535 4166 6
2589 4113 2779 4186 Πατὴρ
2815 4113 2948 4185 (39),
3003 4111 3172 4182 μόνου
3226 4109 3314 4164 καὶ
3365 4108 3480 4171 ἑνὸς
3512 4109 3643 4162 Υἱοῦ
3675 4110 3787 4166 Πα-

2135 4204 2238 4275 τήρ
2271 4201 2380 4256 ἐστι
2406 4221 2418 4234 ·
2451 4200 2542 4255 καὶ
2597 4198 2684 4255 ἐπὶ
2735 4201 2908 4273 μόνης
2957 4204 3058 4268 τῆς
3097 4198 3353 4268 θεότητος
3379 4197 3442 4252 τὸ
3474 4197 3666 4272 Πατὴρ
3695 4195 3786 4250 καὶ

2135 4291 2198 4346 τὸ
2230 4290 2352 4354 Υἱὸς
2379 4287 2598 4359 ἕστηκεν
2651 4288 2732 4342 ἀεὶ
2778 4287 2868 4342 καί
2918 4281 3050 4344 ἔστι.
3103 4291 3218 4340 Τῶν
3274 4286 3369 4359 μὶν
3423 4285 3525 4360 γὰρ
3577 4285 3789 4358 ἀνθρώ-

2137 4401 2254 4436 πων
2288 4378 2333 4434 ei
2380 4380 2560 4454 πατὴρ
2616 4376 2830 4453 λέγεται
2874 4396 2980 4444 τις,
3012 4372 3139 4431 ἀλλ’
3171 4373 3356 4448 ἑτερου
3385 4371 3606 4449 γέγονεν
3639 4371 3779 4435 υἱός·

2133 3499 2222 3554 καὶ
2275 3499 2348 3570 μή
2405 3498 2819 3571 προσποιεῖσθαι
2877 3494 3002 3556 τοὺς
3051 3494 3334 3557 τοιούτους
3385 3488 3540 3548 ἔδει·

2631 3693 2829 3730 ετωσαν
2866 3693 2878 3706 ⁸

453 4746 692 4829 (32)“Sic
721 4745 932 4829 Regius
973 4744 1243 4829 primus,
1298 4746 1573 4829 φορμ-εί
1621 4747 1872 4829 Felckm.
1907 4750 2027 4829 pri-
2061 4763 2109 4829 D
2139 4748 2260 4829 haec
2292 4764 2479 4829 usqne
2524 4747 2593 4829 ad
2663 4743 2978 4829 ἀπαιτοῦσιν
3004 4742 3338 4829 “emittunt.
3364 4741 3509 4829 ‘Mox
3569 4738 3788 4824 Regius

384 4817 692 4876 mus.'Mox
722 4817 900 4872 iidem
934 4817 1150 4887 et’Seg.
1185 4819 1315 4871 αὐτό
1348 4820 1619 4875 similiter
1645 4820 1879 4876 habent.
1905 4817 2031 4877 Edi-

381 4893 425 4948 ti
457 4897 514 4946 et
543 4890 641 4945 alii
672 4889 732 4945 in
755 4893 1003 4962 utroque
1037 4889 1160 4945 loco
1192 4895 1248 4946 et
1279 4892 1403 4962 Seg.
1439 4891 1494 4945 in
1525 4891 1725 4962 priori,
1761 4889 1938 4962 αὐτός.

454 4963 566 5033 (33)
599 4961 687 5016 Sic
729 4961 941 5033 Regius
996 4961 1244 5032 primus,
1297 4964 1425 5032 Seg.
1477 4961 1546 5018 At
1595 4963 1818 5032 Anglic.
1854 4961 1978 5017 ἀλλ’
2008 4964 2034 5017 ὁ

515 5030 576 5084 ἐκ
602 5035 698 5084 τοῦ
734 5030 956 5121 [Ιατριος
976 5030 1316 5121 γεγέννηται,
1335 5030 1414 5120 κιιί
1443 5039 1500 5089 et
1538 5030 1722 5121 vertit
1745 5037 2032 5121 Nannius.

382 5102 493 5192 A'lii
524 5120 656 5159 vero
705 5108 763 5158 et
820 5102 997 5168 editi,
1036 5102 1160 5158 ἀλλ’
1210 5105 1237 5157 6
1295 5104 1386 5175 μὲν
1425 5105 1559 5176 μετά
1587 5106 1676 5159 τὸν
1706 5105 1916 5177 Πατέρα
1947 5127 2036 5181 γε-

380 5194 654 5243 γεννηται.

393 5197 654 5230 λενντται.

393 5197 569 5321 {_(3_’i)
603 5246 1094 5321 Regiusprimus,
1128 5246 1280 5318 Seg.,
1311 5247 1372 5300 τὸ
1415 5250 1657 5321 Πνεῦμα.
1709 5249 2035 5306 Articulum

378 5317 442 5372 τό
468 5317 574 5374 alii
609 5324 665 5374 et
694 5318 832 5373 editi
849 5317 1163 5372 omittunt.

457 5393 571 5461 (35)
600 5391 693 5446 Sic
728 5388 935 5461 Regius
975 5391 1222 5461 primus,
1269 5395 1394 5460 Seg.
1435 5392 1608 5449 Basil.
1642 5393 1807 5448 Gobl.
1842 5392 2031 5450 Felck.

381 5459 786 5535 primusEditi
805 5467 872 5535 et
888 5459 1006 5535 alii,
1035 5459 1139 5535 ὑπὸ
1161 5459 1386 5516 τούτων.
1423 5465 1558 5535 Reg.
1595 5466 1629 5518 2
1657 5465 1824 5529 ibid.,
1856 5466 2034 5520 omis-

388 5529 468 5620 sis
484 5535 531 5620 ⁸ὁὶ
561 5529 912 5620 υηδεὶςιοῖδεν
961 5530 1005 5620 εἰ
1041 5532 1113 5620 μὴ
1172 5535 1235 5620 τὸ
1290 5529 1532 5620 Πνεῦμί
1553 5538 1650 5620 τοῦ
1681 5539 1834 5606 Θεοῦ,
1862 5535 2039 5594 habet

383 5605 446 5659 τὸ
469 5601 932 5678 ,δυσφημούμενον
969 5601 1071 5678 ὑπρ
1103 5603 1310 5658 τούτων
1346 5601 1486 5661 οἶδεν
1524 5604 1674 5661 αύτά.

457 5677 568 5747 (36)
601 5676 700 5749 Sic
725 5676 1216 5749 Regius__primus.
1249 5679 1376 5749 Seg.
1430 5679 1606 5735 Basil.
1651 5676 2029 5749 Anglicanus.

386 5748 538 5804 Editi
569 5753 624 5804 et
655 5748 773 5820 alii,
809 5747 882 5808 ὡς
916 5746 997 5802 ἄν.
1030 5749 1196 5805 Gobl.
1229 5746 1364 5805 vero
1410 5755 1468 5806 et
1514 5746 1768 5808 Felckmi
1801 5749 2036 5821 primus

2147 4813 2529 4908 primus-Sag;
2565 4816 3082 4901 Anglican..Gobl.
3126 4821 3190 4900 et
3235 4814 3485 4897 Felckm:
3536 4813 3787 4902 primus,

2148 4909 2206 4947 εκ
2246 4891 2458 4948 Πατρός
2510 4909 2642 4944 εστι.
2697 4894 2896 4944 Catum
2948 4893 3005 4944 et
3049 4888 3210 4948 edltl.
3279 4885 3337 4939 ἐκ
3390 4905 3487 4938 του
3547 4885 3783 4948 ΙΙατρος,

2148 4903 2206 4947 ἐκ
2247 4903 2458 4966 Πατρός
2510 4903 2642 4944 εστι.
2697 4903 2896 4944 uatem
2948 4903 3005 4944 et
3049 4903 3210 4957 ealtl,
3279 4903 3337 4939 εκ
3390 4905 3487 4938 του
3547 4903 3783 4957 ιιατρος,

2146 4963 2569 5054 οτρὶεεοΙνςει-ὺο
2600 4959 2730 5016 ἐστί.
2765 4961 2910 5017 Ibid.
2943 4961 3238 5028 Ottobon.,
3271 4977 3359 5012 και
3395 4952 3570 5017 ἄλλος
3599 4953 3650 5028 ἐξ
3699 4954 3792 5009 αύο

2143 5039 2261 5104 τοῦ,
2291 5034 2378 5089 καί
2403 5034 2558 5089 εἰσιν.

2216 5109 2326 5179 (37)
2360 5107 2571 5179 Regius
2601 5104 2850 5179 primus,
2869 5101 3193 5179 Seg.Ba_sil.
3220 5100 3548 5179 Anglican,
3575 5095 3790 5160 τούτοις

2146 5186 2203 5236 et
2221 5171 2365 5234 ‘mox
2395 5171 2618 5232 τοῖύτουῖ
2644 5175 2796 5231 Editi
2827 5171 2883 5231 et
2913 5171 3011 5230 alii
3043 5174 3229 5234 αὐτοῖς
3261 5171 3572 5230 θιὟτούτων.

2218 5252 2328 5331 (Ξὸ)
2349 5248 3032 5331 _Regius‘prim‘us,‘Seg..
3064 5246 3432 5331 γεννώμενος..
3453 5246 3592 5331 lii-oar
3608 5241 3788 5331 iidem

2146 5326 2199 5377 et
2225 5313 2407 5397 ‘Rasil.
2445 5313 2678 5397 'Anglic.
2725 5313 3022 5397 Ottpbon.,
3071 5313 3356 5397 πρότερον,
3403 5314 3511 5397 ᾼΙὶἰ
3541 5317 3598 5368 et
3627 5313 3789 5397 editi,

2145 5394 2429 5476 πρότερος.
2455 5389 2634 5476 Paulo
2661 5395 2792 5476 post
2819 5392 3027 5476 Regius
3054 5389 3276 5463 primus
3307 5392 3362 5446 et
3401 5389 3524 5457 Seg.
3567 5389 3792 5438 τοιαῦτα

2145 5464 2363 5521 habent
2397 5483 2408 5520 :
2443 5465 2538 5519 alii
2569 5470 2627 5520 et
2655 5464 2818 5529 edili,
2856 5467 3109 5517 τοσαῦτα.

2184 5537 2328 5618 -(39>
2351 5536 2446 5619 βία
2469 5536 2687 5619 Regius.
2709 5535 2960 5619 ριῖίωμει
2984 5536 3115 5619 ἕεις·
3147 5530 3409 5619 etne“?
3430 5531 3582 5619 P999
3616 5523 3790 5619 μέθες

2144 5599 2242 5687 τῇξ
2274 5599 2782 5687 θεότητοςξΟω-ιριτὶ
2828 5611 2886 5663 et
2931 5599 3092 5687 editi
3115 5599 3346 5687 articul.
3381 5602 3408 5655 ὁ
3431 5599 3498 5687 et
3519 5601 3617 5687 'ffic
3647 5599 3794 5687 ahji-

2143 5667 2328 5736 ciunt.
2360 5667 2489 5738 M6:
2517 5667 2910 5752 'Anglicanus,
2960 5675 3188 5752 fec—:1;st
3223 5676 3328 5729 .ἀεὶ
3382 5673 3470 5728 καὶ
3525 5667 3635 5726 ἔστι
3684 5667 3789 5726 ἀεί.

2143 5752 2241 5813 Τις
2269 5768 2393 5825 seq.
2427 5753 2593 5810 abest
2623 5749 2656 5810 ἁ
2681 5751 2855 5823 Regio
2883 5749 3074 5822 primo
3105 5753 3162 5808 et
3179 5752 3306 5820 Seg.
