4076 6374
258 421 381 481 5⁵73

1390 420 1773 482 EPISTOLA
1819 422 1839 480 Ι
1887 422 1989 480 AD
2037 423 2565 485 SERAPIONEM.

3562 421 3678 478 574

259 552 347 606 καὶ
381 552 416 620 ἡ
477 551 748 622 σύστασις,
807 552 1148 626 γινώσκεται,
1210 551 1370 608 Ἀλλ’
1423 552 1521 607 οὐκ
1577 552 1637 607 ἂν
1688 554 1800 627 (55)
1834 553 1908 608 εἷ’-

2029 573 2174 624 rum,
2205 559 2366 614 verbi
2396 576 2594 627 causa,
2627 560 2920 631 lignorum
2953 561 3183 622 natura,
3209 553 3500 627 quomodo
3533 569 3674 608 con-

263 662 438 710 ποιεν,
473 639 612 695 ὅπου
643 661 705 716 γε
752 640 840 695 καὶ
894 640 1184 714 Σολομὼν,
1221 643 1248 695 6
1280 642 1659 717 περισσότερον
1708 641 1916 695 πάντων

266 729 460 808 σοφίας
523 729 809 804 μετασχὼν
846 773 859 798 ,
913 731 1054 802 ὁρῶν
1110 727 1369 784 ἀδύνατον
1426 731 1734 804 ἀνθρώποις
1795 731 1917 804 περὶ

264 818 474 872 τούτων
526 819 726 892 εὑρεῖν,
759 815 928 892 ἔλεγε·
961 841 989 870 ‹‹
1025 818 1122 873 Καί
1176 841 1236 895 γε
1286 819 1568 892 σύμπαντα
1613 821 1704 874 τὸν
1751 819 1921 873 αἰῶνα

263 905 462 962 ἔδωκεν
518 906 569 960 ἐν
628 904 825 981 καρδιᾳ
877 906 1074 977 αὐτῶν,
1128 907 1278 971 ὅπως
1330 909 1404 980 μή
1457 907 1585 984 εὕρῃ
1633 909 1921 982 ἄνθρωπος

259 997 322 1050 τὸ
353 995 592 1068 ποίημα,
645 996 674 1050 ὃ
725 993 976 1066 ἐποίησεν
1010 997 1038 1050 ὁ
1087 997 1216 1058 Θεὸς
1247 996 1338 1050 ἀπ’
1388 1003 1566 1072 αρχῆς
1613 997 1704 1051 καὶ
1753 997 1917 1072 μέχρι

256 1084 475 1147 τέλους.
526 1109 553 1138 ››
606 1085 727 1160 Ἆρ’
787 1082 902 1153 οὖν,
963 1084 1075 1140 ἐπει
1134 1085 1208 1158 μή
1265 1082 1512 1140 δύνανται
1563 1084 1736 1159 εὑρεῖν
1786 1087 1919 1158 (56),

267 1171 395 1228 οὐδὲ
454 1174 587 1228 εἶναι
645 1172 784 1228 αύτᾶ
857 1171 1196 1248 ὁμολογοῦσι
1259 1192 1272 1243 ;
1330 1173 1430 1227 Ναὶ
1485 1173 1922 1250 ὅμολογήσουσιν

262 1261 610 1340 ἐφθαρμένην
671 1257 894 1337 ἔχοντες
946 1263 1046 1331 τὴν
1106 1259 1374 1317 διάνοιαν.
1437 1263 1644 1317 Οὐκοῦν
1699 1263 1923 1324 εἰκότως

257 1348 317 1406 ἄν
351 1373 438 1414 τις
466 1350 652 1412 αὐτοῖς
698 1351 863 1406 εἷποιο
899 1356 962 1405 Ὠ
1010 1350 1238 1420 ἀνόητοι
1288 1352 1376 1406 καὶ
1422 1351 1594 1406 πάντα
1621 1351 1921 1425 τολμηροὶ,

257 1438 427 1494 διὰτί
490 1441 564 1513 μή
617 1437 833 1513 μᾶλλον
900 1440 989 1495 ἐπὶ
1049 1447 1150 1510 τῆς
1205 1440 1356 1516 ἁγίας
1414 1438 1647 1516 Τριάδος
1696 1441 1923 1495 παύεσθε

255 1528 764 1604 περιεργαζόμενοι,
792 1528 883 1582 καὶ
935 1530 1103 1601 μόνον
1155 1528 1432 1584 πιστεύετε
1463 1531 1597 1603 (57),
1644 1528 1726 1584 ὅτι
1758 1525 1919 1584 ἔστιν’

258 1614 483 1693 ἔχοντες
518 1617 594 1680 εἷς
624 1621 784 1673 τοῦτο
818 1614 1146 1672 διδάσκαλον
1179 1619 1272 1672 τὸν
1306 1618 1638 1675 Ἀπόστολον
1673 1618 1918 1694 λέγονταο

259 1732 286 1758 ‹‹
320 1708 610 1763 ΙῙιστεῦσαι
667 1707 770 1782 γὰρ
829 1703 910 1761 δεῖ
959 1710 1174 1781 πρῶτον
1232 1711 1371 1779 Θεῷ⁹
1409 1707 1490 1762 ὅτι
1526 1706 1656 1777 ἔστι,
1688 1708 1777 1762 καὶ
1806 1713 1920 1770 τοῖς

259 1793 583 1865 ἐκζητοῦσιν
633 1793 794 1849 αὐτὸν
848 1793 1254 1869 μισθαποδότης
1309 1794 1522 1872 γίνεται
1557 1816 1570 1866 ;
1610 1821 1629 1848 ι
1669 1796 1746 1854 Οὐ
1796 1797 1922 1870 γὰρ,

258 1887 379 1945 πῶς
411 1882 576 1953 ἐστιν,
611 1881 846 1959 εἷ’ρηκεν,
897 1881 1044 1938 ἀλλὰ
1097 1882 1283 1958 μόνον,
1322 1908 1341 1935 α
1380 1883 1461 1940 ὅτι
1512 1881 1675 1941 ἔστιν.
1709 1909 1736 1936 ››
1771 1885 1831 1942 Εἰ
1864 1881 1921 1938 δὲ

265 1970 410 2044 μηδὲ
461 1970 605 2027 οὕτω
651 1971 1030 2040 καταδύονται,
1065 1972 1368 2028 εἰπάτωσαν
1418 1977 1536 2035 πῶς
1583 1973 1721 2028 ἐστιν
1755 1975 1782 2027 6
1819 1977 1920 2030 Πα-

255 2063 389 2136 τὴρ,
443 2059 514 2115 iv’
567 2060 710 2116 οὕτω
771 2063 1005 2134 μάθωσι,
1064 2067 1180 2124 πῶς
1238 2063 1346 2117 ἔστι
1401 2064 1491 2117 καὶ
1525 2064 1776 2118 ὁτούτου
1809 2064 1914 2117 Λό-

256 2171 377 2225 γος.
417 2147 578 2206 Ἀλλ’
610 2148 833 2220 ἄτοπον,
887 2153 1141 2227 φήσουσι,
1193 2151 1316 2226 περὶ
1359 2156 1454 2206 τοῦ
1498 2152 1708 2228 Πατρὸς
1740 2153 1914 2214 οὕτως

257 2239 488 2312 ἐρωτᾷν.
522 2244 788 2309 ’Ἀτοπον,
838 2238 929 2294 οὖν
980 2243 1092 2313 (58)
1142 2238 1482 2295 ἀκουέτωσαν
1524 2241 1614 2296 καὶ
1665 2242 1785 2314 περὶ
1818 2245 1914 2296 τοῦ

258 2329 443 2404 Λόγου
473 2329 640 2382 αὐτοῦ
673 2326 845 2390 οὕτως
875 2327 1100 2404 ἐρωτᾷν.

2029 646 2245 702 sistant
2275 664 2460 720 aquae,
2496 665 2765 720 quaenam
2799 648 2875 703 sit
2903 645 3248 702 animalium
3290 642 3674 698 conformatio

2030 751 2097 790 ac
2127 737 2519 809 compositio?
2552 738 2679 792 Haec
2718 737 2875 792 enim
2929 735 3184 807 profecto
3235 746 3540 803 nunquam
3589 728 3672 783 illi

2028 825 2460 897 explicaverint,
2495 828 2730 898 quando
2762 827 2887 898 ipse
2921 824 3225 890 Salomon,
3256 823 3355 893 qui
3378 818 3676 892 sapientia)

2029 915 2386 971 cumulatius
2417 915 2526 970 fuit
2556 916 2846 988 particeps
2879 930 3053 986 quam
3087 911 3187 967 alii
3220 925 3442 975 omnes,
3469 908 3582 964 ista
3604 906 3676 961 ab

2030 1001 2266 1059 homine
2295 1003 2541 1060 inveniri
2590 1019 2704 1058 non
2761 1019 2930 1074 posse
2978 1001 3341 1073 perspiciens
3389 997 3506 1054 ait:
3551 1019 3578 1044 «ι
3609 996 3678 1050 Et

2030 1091 2268 1162 quidem
2300 1092 2637 1148 universum
2671 1091 2947 1147 saeculum
2982 1090 3142 1144 dedit
3171 1089 3231 1143 in
3261 1087 3433 1142 corde
3450 1101 3674 1151 eorum,

2031 1185 2096 1236 ut
2126 1198 2240 1236 non
2291 1182 2545 1237 inveniat
2596 1182 2772 1236 homo
2821 1196 2968 1252 opus
3019 1178 3170 1250 quod
3218 1176 3352 1232 fecit
3402 1175 3556 1230 Deus
3603 1173 3674 1229 ab

2029 1267 2196 1323 initio
2218 1272 2275 1324 et
2296 1285 2483 1341 usque
2509 1269 2567 1323 in
2591 1269 2766 1323 finem
2783 1270 2817 1322 ¹.
2847 1289 2874 1317 »
2895 1269 2977 1322 An
3011 1281 3146 1335 ergo
3180 1264 3317 1337 quia
3337 1263 3458 1318 haec
3480 1261 3678 1318 omnia

2033 1373 2207 1413 nosse
2264 1362 2584 1430 nequeunt,
2642 1357 2858 1412 idcirco
2913 1355 3265 1410 contendent
3331 1352 3485 1409 533
3559 1367 3675 1406 non

2031 1445 2355 1502 exsistere?
2383 1446 2592 1502 Nullus
2623 1446 2829 1517 utique
2857 1444 3059 1499 dubito
3093 1441 3233 1514 quin
3269 1442 3326 1495 id
3360 1441 3677 1496 contende-

2034 1535 2167 1600 rint,
2201 1535 2417 1607 quippe
2449 1536 2547 1608 qui
2593 1540 2850 1590 mentem
2897 1533 3131 1605 penitus
3175 1533 3511 1601 corruptam
3570 1527 3679 1581 ha-

2031 1622 2226 1677 beant.
2258 1624 2398 1679 Jure
2431 1624 2612 1695 igitur
2644 1623 2849 1679 merito
2881 1639 2980 1676 eos
3014 1622 3092 1675 ita
3123 1618 3342 1690 alloqui
3392 1617 3600 1672 liceat:
3635 1616 3677 1670 0

2032 1711 2197 1766 stulti
2231 1715 2402 1781 atque
2435 1714 2504 1767 ad
2538 1711 2733 1767 omnia
2768 1713 3018 1766 audaces
3050 1713 3107 1764 et
3125 1707 3473 1780 praecipites,
3498 1720 3677 1777 quare

2033 1816 2149 1854 non
2181 1801 2376 1872 potius
2407 1804 2670 1855 sanctam
2732 1799 3077 1854 Trinitatem
3139 1798 3368 1852 curiose
3425 1792 3675 1850 scrutari

2033 1889 2580 1961 desinitis,eamque
2599 1904 2727 1943 esse
2743 1889 2773 1942 d
2786 1891 3024 1944 untaxat
3045 1886 3303 1955 creditis,
3322 1883 3674 1955 magistrum

2026 1977 2372 2049 Apostolum
2394 1976 2504 2032 hac
2535 1977 2593 2032 in
2627 1994 2686 2032 re
2718 1975 2951 2043 imitati,
2982 1975 3150 2044 cujus
3181 1973 3302 2028 haec
3333 1975 3472 2027 sunt
3500 1971 3677 2025 verba

2031 2088 2058 2116 «
2087 2067 2333 2123 Credere
2363 2067 2517 2121 enim
2552 2069 2779 2138 oportet
2811 2065 3066 2137 primum
3103 2063 3238 2132 Deo,
3273 2061 3411 2133 quia
3458 2065 3568 2126 est,
3620 2063 3677 2114 et

2023 2154 2461 2227 inquirentibus
2517 2171 2578 2210 se
2636 2157 3045 2210 remunerator
3102 2147 3484 2207 sit'.»?Nec
3515 2148 3671 2203 enim

2025 2243 2192 2309 dixit,
2226 2244 2518 2315 quomodo
2549 2247 2656 2311 est,
2693 2243 2793 2299 sed
2829 2247 3080 2311 tantum,
3115 2264 3142 2291 «
3163 2240 3302 2312 quia
3322 2243 3428 2294 est.
3456 2261 3477 2290 ι
3506 2236 3670 2302 Quod

2027 2332 2075 2387 si
2107 2349 2212 2387 nec
2244 2333 2325 2387 sic
2356 2332 2592 2403 quidem
2614 2332 2987 2398 erubescunt,
3021 2330 3219 2385 dicant
3247 2343 3383 2398 ergo
3426 2341 3671 2398 quomo-

259 2419 336 2474 do
370 2418 445 2475 sit
469 2423 660 2489 Pater,
693 2423 758 2474 ut
791 2419 896 2476 hoc
922 2423 1092 2492 pacto
1123 2420 1349 2475 discant
1379 2420 1668 2490 quomodo
1701 2437 1934 2492 quoque
1959 2422 2087 2493 ejus
2121 2421 2196 2476 sit
2226 2421 2502 2477 Verbum.
2537 2422 2646 2477 Sed
2680 2421 3002 2476 absurdum
3049 2422 3156 2485 est,
3208 2415 3500 2489 inquient,
3551 2415 3670 2470 haec

260 2509 336 2564 de
367 2511 535 2563 Patre
567 2507 885 2579 inquirere.
919 2509 1173 2564 Audiant
1201 2509 1383 2580 igitur
1414 2509 1736 2564 absurdum
1771 2527 2006 2582 quoque
2037 2526 2165 2566 esse
2197 2510 2350 2565 idem
2393 2511 2463 2565 de
2494 2511 2621 2581 ejus
2652 2511 2840 2565 Verbo
2872 2508 3180 2566 sciscitari.

336 2596 422 2650 19.
475 2597 738 2669 Περιττῆς
785 2598 1073 2670 τοιγαροῦν
1126 2591 1214 2648 καί
1263 2592 1432 2649 πλέον
1497 2592 1688 2668 μανίας
1744 2595 1912 2664 οῧσης

256 2689 362 2752 τῆς
394 2681 651 2752 τοιαύτης
701 2680 1120 2758 ἐπιχειρήσεως,
1173 2683 1368 2755 μηκέτι
1416 2682 1638 2738 τοιαῦτά
1661 2705 1742 2745 τις
1777 2684 1912 2758 ἐρω-

253 2771 430 2842 τάτω,
462 2771 498 2840 ἢ
535 2772 793 2845 μόνοντὰ
841 2770 892 2825 ἐν
941 2776 1058 2833 ταῖς
1101 2777 1338 2850 Γραφαῖς
1393 2773 1726 2845 μανθανέτω.
1774 2774 1911 2830 Αὐτ-

254 2861 402 2934 άρκη
461 2861 564 2937 γὰρ
621 2860 709 2915 καὶ
771 2860 927 2914 ἱκανὰ
982 2862 1047 2915 τὰ
1119 2859 1170 2915 ἐν
1243 2859 1464 2923 ταύταις
1519 2863 1630 2934 (59)
1690 2860 1913 2928 κείμενα

255 2950 386 3024 περὶ
442 2950 638 3005 τούτου
696 2946 1142 3026 παραδείγματα.
1197 2951 1352 3026 Πηγή
1407 2947 1588 3004 τοίνυν
1647 2951 1737 3004 καὶ
1796 2955 1913 3029 φῶς

257 3038 486 3114 λέγεται
518 3039 546 3093 6
577 3039 787 3112 Πατήρ·
827 3061 855 3090 ι(
891 3038 1022 3111 Ἐμὲ
1073 3061 1102 3090 ››
1153 3038 1277 3114 γὰρ,
1327 3038 1510 3116 φησὶν,
1565 3063 1593 3090 ‹‹
1642 3037 1914 3114 ἐγκατέλι-

255 3148 364 3182 πον
419 3127 605 3202 πηγήν
654 3124 848 3188 ὕδατος
902 3131 1123 3196 ζῶντος.
1157 3149 1186 3179 »
1220 3125 1320 3181 Καὶ
1373 3125 1537 3182 πάλιν
1595 3125 1645 3180 ἐν
1681 3133 1761 3200 τῷ
1812 3135 1914 3182 Βα-

256 3215 424 3291 ρούχ⁶
465 3241 486 3267 ι
521 3215 582 3269 Τί
630 3215 796 3284 ἔστιν,
849 3213 1092 3288 Ἰσραὴλ,
1127 3216 1207 3269 ὅτι
1260 3215 1311 3269 ὲν
1341 3218 1410 3288 τῇ
1458 3218 1527 3290 γῇ
1557 3220 1664 3269 τῶν
1699 3216 1908 3290 ὶχορῶν

257 3305 309 3388 εἶ
508 3323 521 3372 ;
555 3303 902 3380 ἐγκατέλιπες
953 3304 1050 3371 τήν
1103 3305 1290 3378 πηγὴν
1338 3306 1438 3373 τῆς
1499 3303 1708 3382 σοφίας’
1741 3328 1768 3356 ››
1821 3304 1912 3360 καὶ

255 3393 398 3448 κατὰ
444 3392 536 3447 τὸν
589 3393 862 3462 Ἰωάννην·
903 3415 925 3444 ι
959 3392 1022 3449 Ὀ
1074 3392 1203 3455 Θεὸς
1249 3393 1410 3464 ἡμῶν
1445 3397 1557 3470 φῶς
1589 3393 1720 3448 ἔστι.
1754 3413 1780 3445 ιι
1820 3391 1915 3448 Λέ-

256 3503 412 3557 γεται
462 3479 520 3536 δὲ
566 3482 655 3535 καὶ
705 3483 732 3536 ὁ
764 3481 888 3544 Υἱὸς
922 3482 996 3543 ὡς
1046 3481 1139 3554 μὲν
1189 3481 1327 3556 πρὸς
1377 3482 1476 3550 τὴν
1525 3483 1710 3556 πηγὴν
1751 3503 1917 3537 ποτα-

262 3571 392 3644 μὸςο
429 3595 457 3622 ‹‹
492 3571 548 3624 Ὀ
587 3571 832 3644 ποταμὸς
863 3593 892 3622 ››
923 3569 1025 3645 γὰρ
1058 3594 1087 3622 ‹‹
1117 3573 1213 3624 τοῦ
1264 3574 1396 3624 Θεοῦ
1445 3570 1741 3644 ἐπληρώθη
1797 3569 1917 3626 ὑδά-

254 3680 391 3714 των·
430 3683 458 3711 n
510 3660 644 3732 πρὸς
702 3656 759 3713 δὲ
815 3659 878 3713 τὸ
937 3662 1052 3734 φῶς
1106 3659 1454 3734 ἀπαύγασμα,
1517 3659 1770 3734 λέγοντος
1822 3664 1918 3714 τοῦ

256 3745 505 3803 Παύλου³
539 3773 568 3800 ι(
601 3749 700 3810 Ὄς
747 3745 819 3802 ὢν
869 3747 1196 3823 ἀπαύγασμα
1233 3754 1334 3817 τῆς
1364 3744 1548 3820 δόξης,
1603 3746 1696 3802 καῖ
1751 3769 1918 3825 χαρα-

255 3839 401 3913 κτήρ
448 3843 548 3906 τῆς
601 3837 944 3897 ὑποστάσεως
997 3835 1179 3892 αὐτοῦ.
1230 3859 1260 3888 ››
1316 3841 1420 3891 Τοῦ
1465 3837 1646 3891 τοίνυν
1708 3838 1918 3910 Πατρὸς

257 3925 442 4002 φωτὸς
475 3921 625 3988 ὄντος
681 3927 816 4000 (61),
848 3929 946 3980 τοῦ
991 3921 1048 3978 δὲ
1099 3924 1228 3978 Υἱοῦ
1275 3924 1699 4000 ἀπαυγάσματος
1751 3926 1913 3981 αὐτοῦ

255 4017 346 4089 (τὰ
406 4013 540 4069 αὖτᾶ
592 4013 696 4090 γὰρ
753 4014 878 4090 περὶ
934 4012 1140 4068 τούτων
1205 4012 1440 4086 μάλιστα
1497 4011 1596 4069 οῦκ
1653 4015 1909 4086 ὀκνητέον

254 4102 440 4180 λέγειν
503 4102 817 4176 πολλάκις),
878 4101 1074 4174 ἔξεστιν
1132 4104 1258 4178 ὁρᾷν
1314 4105 1404 4158 καὶ
1463 4105 1513 4160 ἒν
1558 4109 1638 4177 τῷ
1693 4106 1804 4178 Υἱῷ
1849 4107 1911 4161 τὸ

255 4197 506 4267 Πνεῦμα,
538 4193 590 4248 ἓν
624 4193 670 4264 ᾧ
722 4193 1089 4270 (ξιωτιζόμεθα⁸
1132 4213 1158 4247 α
1187 4194 1297 4250 Ἵνα
1329 4215 1357 4244 ››
1384 4193 1509 4268 γὰρ,
1556 4193 1709 4268 φησὶ,
1740 4219 1766 4247 ‹‹
1793 4191 1908 4270 δώῃ

254 4282 386 4355 ὑμῖν
448 4283 674 4354 Πνεῦμα
735 4280 922 4358 σοφίας
973 4281 1062 4334 καὶ
1121 4281 1521 4355 ἀποκαλύψεως
1581 4283 1633 4337 ἒν
1676 4283 1911 4358 ἒπιγνώ-

248 4391 330 4425 σει
362 4369 554 4440 αὐτοῦ,
602 4369 1048 4443 πεφωτισμένους
1100 4367 1229 4431 τοὺς
1279 4367 1597 4448 ὀφθαλμοὺς
1644 4378 1745 4441 τῆς
1777 4392 1907 4448 καρ-

250 4457 392 4522 δίας.
428 4483 457 4511 n
489 4463 578 4531 Τῷ
635 4455 692 4512 δὲ
743 4458 1022 4532 ΙΙνεύματι
1081 4459 1194 4532 (62)
1251 4460 1631 4537 φωνιζομένων
1663 4463 1846 4533 ἡμῶν,
1880 4463 1907 4516 ὁ

249 4549 488 4624 Χριστός
544 4547 682 4602 ἔστιν
745 4547 774 4601 6
826 4547 878 4602 ὲν
937 4546 1084 4619 αὐτῷ
1135 4546 1404 4624 φωτίζωνο
1465 4570 1488 4601 ι
1545 4550 1644 4606 Ἤν
1693 4571 1723 4601 ››
1782 4550 1904 4627 γὰρ,

250 4637 416 4716 φησὶ,
451 4659 480 4688 ‹‹
508 4637 571 4691 τὸ
614 4639 730 4714 φῶς
784 4637 847 4690 τὸ
899 4633 1178 4706 ἀληθινὸν,
1237 4635 1266 4690 ’ὁ
1310 4635 1528 4712 φωτίζει
1584 4639 1756 4693 πάντα
1811 4637 1902 4693 ἄν·

2095 2597 2180 2652 19.
2218 2598 2414 2668 Itaque
2447 2615 2580 2653 cum
2612 2598 2840 2653 inutilis
2871 2602 2927 2653 et
2958 2596 3179 2652 stultus
3223 2596 3299 2652 sit
3328 2593 3674 2665 hujusmodi

2021 2690 2286 2756 conatus,
2320 2703 2490 2742 nemo
2514 2687 2640 2757 jam
2682 2685 2938 2758 amplius
2969 2687 3039 2741 de
3072 2685 3164 2739 his
3197 2683 3523 2755 percontari
3563 2700 3667 2736 au-

2022 2776 2175 2847 deat,
2209 2776 2307 2831 sed
2341 2791 2409 2830 ea
2446 2778 2678 2829 tantum
2729 2791 2858 2846 qua
2907 2774 3225 2844 Scripturis
3275 2771 3672 2837 continentur,

2021 2865 2243 2919 discere
2274 2864 2419 2918 satis
2451 2863 2724 2918 habeant.
2756 2862 3058 2934 Siquidem
3089 2861 3328 2917 omnino
3361 2859 3669 2915 sufﬁciunt

2022 2967 2146 3024 quae
2179 2952 2236 3006 in
2268 2952 2418 3006 hanc
2448 2968 2569 3007 rem
2603 2951 2820 3022 profert
2846 2950 3130 3021 exempla.
3180 2950 3400 3020 Nempe
3449 2949 3578 3002 fons
3611 2951 3668 3001 et

2019 3039 2121 3096 lux
2153 3044 2322 3095 Pater
2339 3040 2585 3096 dicitur:
2621 3040 2750 3094 «Me
2779 3061 2800 3090 ι
2829 3042 3005 3107 enim,
3035 3039 3242 3110 inquit,
3291 3060 3311 3087 α
3347 3035 3674 3107 derelique-

2022 3132 2159 3184 runt
2181 3129 2398 3184 fontem
2431 3145 2594 3201 aqum
2627 3127 2872 3183 viventis
2894 3128 2934 3184 ³.
2971 3151 2992 3179 ι
3023 3128 3088 3182 Et
3125 3127 3336 3181 iterum
3365 3126 3514 3197 apud
3556 3129 3669 3179 Ba-

2021 3218 2200 3274 ruch:
2230 3240 2259 3268 «
2281 3217 2428 3282 Quid
2458 3221 2569 3283 est,
2605 3217 2803 3286 lsrael,
2837 3217 2989 3288 quod
3024 3215 3084 3270 in
3115 3218 3272 3274 terra
3294 3213 3668 3269 inimicorum

2026 3307 2130 3362 es?
2162 3307 2529 3378 dereliquisti
2586 3307 2801 3361 fontem
2827 3305 3124 3377 sapientiae
3145 3307 3185 3360 ‘.
3213 3327 3240 3354 ››
3263 3305 3331 3359 Et
3351 3303 3674 3359 secundum

2028 3396 2336 3465 Joannem,
2378 3415 2400 3444 α
2433 3397 2587 3451 Deus
2630 3399 2826 3450 noster
2878 3395 2978 3450 lux
3037 3398 3126 3450 est
3150 3395 3191 3447 ⁵.
3229 3415 3255 3443 ››
3286 3393 3468 3448 Filius
3516 3406 3673 3457 vero,

2030 3500 2163 3539 cum
2197 3485 2446 3539 refertur
2474 3485 2544 3539 ad
2580 3483 2819 3554 fontem,
2853 3483 3068 3538 dicitur
3129 3482 3368 3537 ﬂuvius:
3421 3494 3676 3551 namque

2036 3592 2058 3621 ι
2094 3573 2307 3628 flumen
2346 3573 2441 3628 Dei
2475 3572 2759 3644 repletum
2792 3577 2880 3627 est
2925 3571 3094 3644 aquis
3125 3572 3165 3626 ⁸.
3198 3591 3223 3622 ιι
3282 3575 3426 3625 Cum
3475 3573 3671 3625 autem

2027 3662 2181 3717 idem
2215 3663 2286 3717 ad
2319 3662 2508 3717 lucem
2536 3661 3086 3732 refertur,splendor
3108 3659 3459 3732 appellatur,
3484 3659 3677 3713 dicen-

2025 3755 2082 3806 te
2112 3749 2326 3806 Paulo:
2363 3773 2390 3800 «
2423 3750 2531 3814 Qui
2565 3767 2697 3805 cum
2729 3751 2807 3805 sit
2835 3749 3114 3822 splendor
3141 3749 3339 3821 gloriae
3370 3752 3426 3803 et
3483 3748 3666 3818 ﬁgura

2026 3839 2368 3895 substantias
2398 3840 2527 3910 ejus
2558 3839 2597 3894 ⁷.
2637 3862 2658 3889 ι
2695 3842 2836 3894 Cum
2869 3854 3004 3910 ergo
3036 3842 3207 3893 Pater
3237 3838 3312 3894 sit
3344 3838 3462 3901 lux,
3495 3840 3551 3890 et
3581 3835 3669 3890 Fi-

2023 3929 2141 3984 lius
2173 3929 2301 3999 ejus
2326 3928 2403 3984 sit
2433 3927 2709 4000 splendor
2738 3929 2897 3998 (nam
2925 3928 3127 3982 eadem
3147 3941 3315 3998 saepe,
3343 3922 3666 3997 praesertim

2026 4018 2097 4073 de
2127 4017 2468 4088 hujusmodi
2501 4018 2696 4080 rebus,
2747 4016 2937 4072 dicere
2995 4014 3215 4072 nemini
3265 4029 3440 4088 grave
3485 4011 3667 4067 videri

2025 4107 2241 4178 debet),
2273 4105 2409 4162 licet
2438 4121 2673 4178 quoque
2703 4105 2762 4159 in
2805 4105 2948 4160 Filio
2999 4104 3328 4176 perspicere
3378 4101 3664 4173 Spiritum

2023 4199 2316 4264 sanctum,
2350 4195 2409 4250 in
2443 4210 2558 4266 quo
2590 4209 2801 4266 nempe
2830 4193 3262 4249 illuminamur.
3313 4191 3458 4247 Hinc
3506 4189 3664 4245 enim

2018 4283 2335 4356 Apostolus
2361 4299 2373 4338 :
2412 4304 2439 4334 «
2468 4282 2541 4338 Ut
2566 4283 2665 4338 det
2695 4281 2878 4352 vobis,
2913 4303 2942 4332 »
2973 4281 3186 4353 inquit,
3211 4305 3238 4331 «
3263 4279 3546 4353 Spiritum
3571 4295 3666 4333 sa-

2019 4372 2252 4446 pientiae
2283 4377 2341 4428 et
2369 4371 2759 4437 revelationis,
2782 4371 2843 4426 in
2877 4371 3175 4444 agnitione
3205 4367 3665 4442 ejus,illumina-

2016 4467 2108 4518 tos
2129 4460 2328 4518 oculos
2351 4460 2634 4517 cordis°.»
2650 4464 2826 4516 Porro
2845 4476 2978 4516 cum
2999 4460 3217 4531 Spiritu
3232 4458 3662 4527 illuminamur,

2015 4549 2286 4609 Christus
2315 4549 2442 4622 ipse
2473 4552 2562 4605 est
2590 4549 2685 4620 qui
2720 4565 2826 4604 no
2852 4549 2914 4604 in
2941 4547 3040 4605 illo
3070 4549 3391 4613 illuminat,
3424 4551 3490 4603 ut
3547 4546 3664 4602 haec

2015 4640 2192 4696 verba
2219 4642 2554 4694 testantur:
2617 4661 2638 4688 ι
2674 4639 2811 4694 Erat
2861 4638 2961 4693 lux
3006 4654 3142 4694 vera
3196 4655 3320 4709 qua;
3367 4635 3666 4692 illuminat

247 4709 476 4801 ὀρωπον
523 4709 824 4800 ὲρχύμενον
871 4723 948 4786 εἷς
1005 4724 1100 4779 τὸν
1148 4709 1373 4798 κόσμον.
1405 4749 1435 4778 ››
1489 4724 1662 4783 Πάλιν
1709 4747 1769 4782 τε
1812 4731 1910 4782 τοῦ

2029 4745 2251 4786 omnem
2264 4727 2561 4784 hominem
2580 4727 2909 4783 venientem
2925 4727 2986 4783 in
3003 4724 3667 4783 mundum°.»Similiter

244 4816 474 4892 ΙΙατρὸς
521 4809 673 4877 ὄντος
723 4819 930 4887 πηγῆς,
963 4819 1059 4868 τοῦ
1113 4810 1171 4868 δὲ
1221 4814 1350 4869 Υἱοῦ
1398 4820 1648 4888 ποταμοῦ
1679 4814 1906 4891 λεγομέ-

243 4926 370 4978 νου,
431 4903 604 4958 πίνειν
659 4900 935 4978 λεγὸμεθα
987 4903 1051 4957 τὸ
1102 4905 1340 4977 Πνεῦμα·
1401 4904 1698 4981 γέγραπται
1755 4907 1902 4982 γὰρ,

2017 4822 2084 4875 ut
2099 4821 2270 4874 Pater
2287 4820 2378 4873 est
2399 4817 2615 4885 fons,et
2635 4816 2814 4872 Filius
2835 4815 3049 4872 ﬂuvius
3070 4815 3417 4889 appellatur,
3433 4815 3515 4868 ita
3535 4811 3663 4883 Spi-

2014 4907 2194 4964 ritum
2224 4906 2422 4964 bibere
2453 4905 2726 4962 dicimur.
2759 4905 2902 4963 Nam
2943 4906 3229 4978 scriptum
3261 4910 3423 4960 est:«
3447 4902 3663 4958 Omnes

322 5041 341 5076 ί
371 5037 556 5095 Eccle.
579 5054 677 5113 ιιι,
708 5037 798 5113 ᾼρ
845 5037 896 5113 ’³
927 5036 1204 5113 Ηθὺιοτξιι,
1234 5039 1327 5113 6.-
1365 5037 1388 5072 ⁸
1415 5038 1630 5113 Jerem.
1663 5057 1728 5113 ιι,
1762 5041 1848 5097 13.

2029 5040 2201 5100 aruch
2235 5058 2320 5110 ιιι,
2351 5040 2434 5096 10.
2478 5039 2563 5095 12.
2641 5040 2662 5074 ⁵
2700 5040 2723 5095 Ι
2752 5040 2919 5097 Joan.
2951 5053 2993 5106 1,
3024 5039 3079 5095 5.
3155 5039 3176 5074 ⁸
3204 5037 3359 5095 Psal.
3393 5052 3538 5108 LXIV,
3574 5035 3659 5090 10.

241 5114 265 5149 ⁷
289 5112 469 5179 Hebr,
502 5127 541 5181 ι,
573 5109 628 5166 3.
658 5107 666 5108 “
705 5108 727 5142 ⁸
757 5107 970 5179 Ephes.
1005 5126 1046 5178 ι,
1079 5109 1169 5164 17.
1245 5109 1267 5144 ⁹
1295 5108 1465 5166 Joan.
1497 5128 1538 5178 ι,
1561 5112 1616 5166 9.

321 5245 436 5317 (55)
469 5241 626 5297 Ἀλλ’
660 5240 762 5295 οὐκ
783 5239 863 5317 ,ἄν
915 5245 1080 5300 deest
1128 5243 1186 5298 in
1236 5247 1377 5317 Reg.
1405 5247 1460 5312 2,
1497 5245 1751 5302 Felckm.
1784 5247 1819 5301 2
1848 5251 1908 5304 et

245 5313 508 5376 editione
537 5313 822 5370 Gommel.

314 5390 434 5463 (56)
472 5387 690 5463 Regius
719 5385 1037 5463 primuset
1064 5383 1446 5463 Anglicanus,
1483 5383 1680 5463 λᾷγειν.

317 5453 435 5588 ς57)
465 5453 587 5514 δίο⁷
612 5453 834 5542 Βθέίιιε
889 5453 1135 5538 primus,
1162 5453 1325 5548 'Seg.
1386 5453 1569 5515 Basil.'
1620 5459 1784 5516 Gobl.
1847 5463 1904 5516 et

343 5533 502 5588 ckm.
538 5545 786 5588 primus.
819 5527 1040 5588 Canter].
1071 5547 1436 5588 πιστευοντες.

236 5527 788 5620 FeiglﬁmAvprinaus2
819 5527 1436 5620 (Ϊιιθξξιινὶκπισαιτεύόνοιιιαὶζ
1584 5604 1622 5620 Λ
1668 5601 1723 5620 U
1835 5591 1846 5606 ο

315 5603 434 5733 ἳ58)
467 5598 575 5658 Οῦν
616 5602 794 5684 .abest
841 5615 876 5654 a
903 5598 1097 5680 .Regio
1145 5600 1361 5672 primo,
1403 5605 1533 5674 Seg.
1582 5598 1904 5659 (κωπίω

240 5676 319 5733 Fe
346 5677 752 5746 ckm.4pr1mo,
785 5669 962 5746 Basil.
1132 5745 1141 5746 ί
1304 5744 1327 5746 Μ
1377 5741 1390 5746 _
1417 5738 1431 5746 _
1588 5742 1627 5746 μ
1669 5744 1678 5746 _
1722 5744 1734 5746 _

314 5748 434 5820 (59)
465 5738 563 5805 Sié
589 5738 808 5819 Regius
836 5741 1089 5815 primus,
1120 5745 1251 5816 Beg.
1289 5738 1457 5803 Gobl.
1499 5746 1558 5803 et
1585 5742 1900 5806 Felckman
1942 5741 1944 5744 ’

2017 5249 2264 5320 primus.
2299 5245 2420 5320 Alii
2468 5249 2660 5320 autem
2713 5249 2769 5320 et
2816 5245 2978 5320 editi,
3027 5244 3236 5320 αὐταῖς.
3271 5245 3418 5302 Ibid.
3453 5245 3668 5319 Regius

2016 5315 2426 5392 primumerepi
2456 5316 2652 5392 τούτου
2681 5319 2778 5368 τοῦ
2808 5315 3272 5392 παραδείγματος.

2233 5389 2326 5471 Sic
2356 5389 2806 5471 anglic‘anuset
2835 5388 3409 5471 Graecusscripturm
3435 5392 3660 5471 textus,

2017 5457 2480 5536 Ed'iti'et‘caateri
2534 5457 2584 5511 εἴ
2626 5459 2926 5536 omittunt.
2961 5463 3097 5536 Reg.
3127 5464 3164 5518 2
3192 5457 3324 5519 vero
3357 5461 3551 5532 habet,
3585 5460 3664 5513 εἷ·-

2015 5552 2100 5586 ναι
2127 5548 2140 5598 ;
2177 5529 2628 5603 εἷηὲγκατὲλιπες,
2655 5535 2768 5603 etc.

2087 5603 2200 5670 (61)
2233 5602 2422 5663 Ὀντος
2455 5603 2618 5658 deest
2648 5602 2707 5657 in
2736 5602 3054 5674 Anglicano
3085 5610 3142 5663 et
3169 5605 3306 5662 edit.
3340 5603 3623 5662 Gommel.

2087 5675 2202 5747 (62)
2232 5674 2449 5748 Regius
2477 5675 2728 5746 primus,
2756 5675 2949 5750 [Ιατρί.
