  <div class='ocr_page' id='page_1' title='image "/cluster/home/n/w/nwhite01/storage/ocr_20150623/26/hvd.32044019208479/357.png"; bbox 0 0 4076 6342; ppageno 0'>
   <div class='ocr_carea' id='block_1_1' title="bbox 427 407 544 466">
    <p class='ocr_par' dir='ltr' id='par_1_1' title="bbox 427 407 544 466">
     <span class='ocr_line' id='line_1_1' title="bbox 427 407 544 466; baseline -0.009 -1"><span class='ocrx_word' id='word_1_1' title='bbox 427 407 544 466; x_wconf 84' lang='grc'><strong>575</strong></span> 
     </span>
    </p>
   </div>
   <div class='ocr_carea' id='block_1_2' title="bbox 977 405 3306 469">
    <p class='ocr_par' dir='ltr' id='par_1_2' title="bbox 977 405 3306 469">
     <span class='ocr_line' id='line_1_2' title="bbox 977 405 3306 469; baseline -0.001 -2"><span class='ocrx_word' id='word_1_2' title='bbox 977 410 1042 467; x_wconf 88' lang='lat' dir='ltr'><strong>S.</strong></span> <span class='ocrx_word' id='word_1_3' title='bbox 1089 410 1513 469; x_wconf 81' lang='lat' dir='ltr'><strong>A&#39;l‘HANASll</strong></span> <span class='ocrx_word' id='word_1_4' title='bbox 1559 411 1731 469; x_wconf 74' lang='lat' dir='ltr'><strong>OPP.</strong></span> <span class='ocrx_word' id='word_1_5' title='bbox 1784 408 1984 469; x_wconf 77' lang='lat' dir='ltr'><strong>PARS</strong></span> <span class='ocrx_word' id='word_1_6' title='bbox 2031 407 2078 466; x_wconf 80' lang='grc' dir='ltr'>Ι.</span> <span class='ocrx_word' id='word_1_7' title='bbox 2112 438 2171 449; x_wconf 89' lang='lat'><strong>—-</strong></span> <span class='ocrx_word' id='word_1_8' title='bbox 2219 407 2637 467; x_wconf 79' lang='lat' dir='ltr'><strong>HISTORICA</strong></span> <span class='ocrx_word' id='word_1_9' title='bbox 2683 407 2784 466; x_wconf 82' lang='lat' dir='ltr'><strong>ET</strong></span> <span class='ocrx_word' id='word_1_10' title='bbox 2829 405 3306 468; x_wconf 78' lang='lat' dir='ltr'><strong>DOGMA&#39;I‘ICA.</strong></span> 
     </span>
    </p>
   </div>
   <div class='ocr_carea' id='block_1_3' title="bbox 3723 407 3842 464">
    <p class='ocr_par' dir='ltr' id='par_1_3' title="bbox 3723 407 3842 464">
     <span class='ocr_line' id='line_1_3' title="bbox 3723 407 3842 464; baseline 0 0"><span class='ocrx_word' id='word_1_11' title='bbox 3723 407 3842 464; x_wconf 78' lang='lat'><strong>576</strong></span> 
     </span>
    </p>
   </div>
   <div class='ocr_carea' id='block_1_4' title="bbox 430 533 2078 613">
    <p class='ocr_par' dir='ltr' id='par_1_4' title="bbox 430 537 2076 613">
     <span class='ocr_line' id='line_1_4' title="bbox 430 537 2076 613; baseline 0.001 -21"><span class='ocrx_word' id='word_1_12' title='bbox 430 553 613 593; x_wconf 88' lang='lat' dir='ltr'><strong>unum</strong></span> <span class='ocrx_word' id='word_1_13' title='bbox 647 537 932 610; x_wconf 82' lang='lat' dir='ltr'><strong>Spiritum</strong></span> <span class='ocrx_word' id='word_1_14' title='bbox 962 538 1223 595; x_wconf 82' lang='lat' dir='ltr'><strong>bibimus</strong></span> <span class='ocrx_word' id='word_1_15' title='bbox 1257 541 1318 594; x_wconf 89' lang='grc'>¹⁰.</span> <span class='ocrx_word' id='word_1_16' title='bbox 1355 564 1376 590; x_wconf 70' lang='grc' dir='ltr'><strong>ιι</strong></span> <span class='ocrx_word' id='word_1_17' title='bbox 1405 545 1629 598; x_wconf 81' lang='lat' dir='ltr'><strong>Rursus</strong></span> <span class='ocrx_word' id='word_1_18' title='bbox 1653 558 1780 596; x_wconf 89' lang='lat' dir='ltr'><strong>cum</strong></span> <span class='ocrx_word' id='word_1_19' title='bbox 1798 539 2076 613; x_wconf 80' lang='lat' dir='ltr'><strong>Spiritum</strong></span> 
     </span>
    </p>
   </div>
   <div class='ocr_carea' id='block_1_5' title="bbox 2191 533 3841 613">
    <p class='ocr_par' dir='ltr' id='par_1_5' title="bbox 2194 533 3841 609">
     <span class='ocr_line' id='line_1_5' title="bbox 2194 533 3841 609; baseline -0.001 -18"><span class='ocrx_word' id='word_1_20' title='bbox 2194 538 2275 591; x_wconf 80' lang='grc' dir='ltr'><strong>ὅτι</strong></span> <span class='ocrx_word' id='word_1_21' title='bbox 2327 561 2355 588; x_wconf 88' lang='grc'><strong>‹‹</strong></span> <span class='ocrx_word' id='word_1_22' title='bbox 2394 538 2581 608; x_wconf 85' lang='grc' dir='ltr'>Ἡμεῖς</span> <span class='ocrx_word' id='word_1_23' title='bbox 2639 536 2832 599; x_wconf 85' lang='grc' dir='ltr'>πάντες</span> <span class='ocrx_word' id='word_1_24' title='bbox 2875 536 2931 592; x_wconf 73' lang='grc' dir='ltr'>’ἐν</span> <span class='ocrx_word' id='word_1_25' title='bbox 2990 536 3210 609; x_wconf 91' lang='grc' dir='ltr'>Πνεῦμα</span> <span class='ocrx_word' id='word_1_26' title='bbox 3268 533 3721 608; x_wconf 79' lang='grc' dir='ltr'>ἐποτίσθημεν.»</span> <span class='ocrx_word' id='word_1_27' title='bbox 3771 537 3841 590; x_wconf 82' lang='grc' dir='ltr'><strong>Τὸ</strong></span> 
     </span>
    </p>
   </div>
   <div class='ocr_carea' id='block_1_6' title="bbox 427 626 2079 703">
    <p class='ocr_par' dir='ltr' id='par_1_6' title="bbox 427 626 2079 703">
     <span class='ocr_line' id='line_1_6' title="bbox 427 626 2079 703; baseline 0.001 -22"><span class='ocrx_word' id='word_1_28' title='bbox 427 626 1011 694; x_wconf 87' lang='lat' dir='ltr'><strong>bibimus,Christum</strong></span> <span class='ocrx_word' id='word_1_29' title='bbox 1033 645 1064 682; x_wconf 90' lang='lat' dir='ltr'><strong>u</strong></span> <span class='ocrx_word' id='word_1_30' title='bbox 1078 645 1149 683; x_wconf 89' lang='lat' dir='ltr'><strong>na</strong></span> <span class='ocrx_word' id='word_1_31' title='bbox 1165 629 1720 703; x_wconf 89' lang='lat' dir='ltr'><strong>bibimus.Namque</strong></span> <span class='ocrx_word' id='word_1_32' title='bbox 1747 654 1773 680; x_wconf 89' lang='grc'><strong>‹‹</strong></span> <span class='ocrx_word' id='word_1_33' title='bbox 1800 630 2079 685; x_wconf 77' lang='lat' dir='ltr'><strong>bibebant</strong></span> 
     </span>
    </p>
   </div>
   <div class='ocr_carea' id='block_1_7' title="bbox 428 715 2079 791">
    <p class='ocr_par' dir='ltr' id='par_1_7' title="bbox 428 715 2079 791">
     <span class='ocr_line' id='line_1_7' title="bbox 428 715 2079 791; baseline 0.002 -22"><span class='ocrx_word' id='word_1_34' title='bbox 428 715 497 771; x_wconf 87' lang='lat' dir='ltr'><strong>de</strong></span> <span class='ocrx_word' id='word_1_35' title='bbox 530 715 778 788; x_wconf 72' lang='lat' dir='ltr'><strong>spiritali</strong></span> <span class='ocrx_word' id='word_1_36' title='bbox 839 722 1227 788; x_wconf 79' lang='lat' dir='ltr'><strong>consequente</strong></span> <span class='ocrx_word' id='word_1_37' title='bbox 1279 727 1458 791; x_wconf 70' lang='lat' dir='ltr'><strong>petra.</strong></span> <span class='ocrx_word' id='word_1_38' title='bbox 1511 724 1678 776; x_wconf 90' lang='lat' dir='ltr'><strong>Petra</strong></span> <span class='ocrx_word' id='word_1_39' title='bbox 1723 724 1916 775; x_wconf 89' lang='lat' dir='ltr'><strong>autem</strong></span> <span class='ocrx_word' id='word_1_40' title='bbox 1955 722 2079 773; x_wconf 88' lang='lat' dir='ltr'><strong>erat</strong></span> 
     </span>
    </p>
   </div>
   <div class='ocr_carea' id='block_1_8' title="bbox 424 805 2078 878">
    <p class='ocr_par' dir='ltr' id='par_1_8' title="bbox 424 805 2078 878">
     <span class='ocr_line' id='line_1_8' title="bbox 424 805 2078 878; baseline 0.001 -17"><span class='ocrx_word' id='word_1_41' title='bbox 424 805 693 861; x_wconf 85' lang='lat' dir='ltr'><strong>Christus</strong></span> <span class='ocrx_word' id='word_1_42' title='bbox 711 807 806 860; x_wconf 74' lang='grc' dir='ltr'><strong>η.»</strong></span> <span class='ocrx_word' id='word_1_43' title='bbox 830 810 1113 862; x_wconf 73' lang='lat' dir='ltr'><strong>Praeterea</strong></span> <span class='ocrx_word' id='word_1_44' title='bbox 1132 808 1476 865; x_wconf 85' lang='lat' dir='ltr'><strong>utChristus</strong></span> <span class='ocrx_word' id='word_1_45' title='bbox 1491 826 1659 864; x_wconf 83' lang='lat' dir='ltr'><strong>verus</strong></span> <span class='ocrx_word' id='word_1_46' title='bbox 1683 813 1773 864; x_wconf 88' lang='lat' dir='ltr'><strong>est</strong></span> <span class='ocrx_word' id='word_1_47' title='bbox 1790 807 2078 878; x_wconf 88' lang='lat' dir='ltr'><strong>Filius,ita</strong></span> 
     </span>
    </p>
   </div>
   <div class='ocr_carea' id='block_1_9' title="bbox 428 894 2076 968">
    <p class='ocr_par' dir='ltr' id='par_1_9' title="bbox 428 894 2076 968">
     <span class='ocr_line' id='line_1_9' title="bbox 428 894 2076 968; baseline 0.002 -21"><span class='ocrx_word' id='word_1_48' title='bbox 428 909 533 948; x_wconf 89' lang='lat' dir='ltr'><strong>nos</strong></span> <span class='ocrx_word' id='word_1_49' title='bbox 549 894 827 966; x_wconf 80' lang='lat' dir='ltr'><strong>Spiritum</strong></span> <span class='ocrx_word' id='word_1_50' title='bbox 845 895 1330 968; x_wconf 89' lang='lat' dir='ltr'><strong>accipientes,ﬁlii</strong></span> <span class='ocrx_word' id='word_1_51' title='bbox 1348 899 1697 954; x_wconf 84' lang='lat' dir='ltr'><strong>efﬁcimur.«</strong></span> <span class='ocrx_word' id='word_1_52' title='bbox 1715 898 1840 953; x_wconf 80' lang='lat' dir='ltr'><strong>Non</strong></span> <span class='ocrx_word' id='word_1_53' title='bbox 1861 896 2076 962; x_wconf 79' lang='lat' dir='ltr'><strong>enim,»</strong></span> 
     </span>
    </p>
   </div>
   <div class='ocr_carea' id='block_1_10' title="bbox 430 982 2078 1058">
    <p class='ocr_par' dir='ltr' id='par_1_10' title="bbox 430 982 2078 1058">
     <span class='ocr_line' id='line_1_10' title="bbox 430 982 2078 1058; baseline 0.002 -22"><span class='ocrx_word' id='word_1_54' title='bbox 430 982 640 1054; x_wconf 89' lang='lat' dir='ltr'><strong>inquit,</strong></span> <span class='ocrx_word' id='word_1_55' title='bbox 663 1006 690 1033; x_wconf 88' lang='lat'><strong>«</strong></span> <span class='ocrx_word' id='word_1_56' title='bbox 717 985 1024 1058; x_wconf 90' lang='lat' dir='ltr'><strong>accepistis</strong></span> <span class='ocrx_word' id='word_1_57' title='bbox 1056 986 1329 1058; x_wconf 81' lang='lat' dir='ltr'><strong>spiritum</strong></span> <span class='ocrx_word' id='word_1_58' title='bbox 1363 987 1662 1044; x_wconf 83' lang='lat' dir='ltr'><strong>servitutis</strong></span> <span class='ocrx_word' id='word_1_59' title='bbox 1686 988 1895 1044; x_wconf 87' lang='lat' dir='ltr'><strong>iterum</strong></span> <span class='ocrx_word' id='word_1_60' title='bbox 1931 987 1989 1040; x_wconf 91' lang='lat' dir='ltr'><strong>in</strong></span> <span class='ocrx_word' id='word_1_61' title='bbox 2016 986 2078 1040; x_wconf 87' lang='lat' dir='ltr'><strong>li-</strong></span> 
     </span>
    </p>
   </div>
   <div class='ocr_carea' id='block_1_11' title="bbox 429 1074 2076 1148">
    <p class='ocr_par' dir='ltr' id='par_1_11' title="bbox 429 1074 2076 1148">
     <span class='ocr_line' id='line_1_11' title="bbox 429 1074 2076 1148; baseline 0.002 -21"><span class='ocrx_word' id='word_1_62' title='bbox 429 1088 623 1128; x_wconf 85' lang='lat' dir='ltr'><strong>more:</strong></span> <span class='ocrx_word' id='word_1_63' title='bbox 661 1074 759 1129; x_wconf 82' lang='lat' dir='ltr'><strong>sed</strong></span> <span class='ocrx_word' id='word_1_64' title='bbox 785 1074 1094 1146; x_wconf 89' lang='lat' dir='ltr'><strong>accepistis</strong></span> <span class='ocrx_word' id='word_1_65' title='bbox 1119 1076 1400 1147; x_wconf 88' lang='lat' dir='ltr'><strong>Spiritum</strong></span> <span class='ocrx_word' id='word_1_66' title='bbox 1427 1077 1758 1148; x_wconf 83' lang='lat' dir='ltr'><strong>adoptionis</strong></span> <span class='ocrx_word' id='word_1_67' title='bbox 1788 1079 1850 1132; x_wconf 82' lang='grc'><strong>¹².</strong></span> <span class='ocrx_word' id='word_1_68' title='bbox 1883 1099 1909 1125; x_wconf 87' lang='grc'><strong>››</strong></span> <span class='ocrx_word' id='word_1_69' title='bbox 1933 1077 2076 1132; x_wconf 89' lang='lat' dir='ltr'><strong>Cum</strong></span> 
     </span>
    </p>
   </div>
   <div class='ocr_carea' id='block_1_12' title="bbox 431 1163 2080 1236">
    <p class='ocr_par' dir='ltr' id='par_1_12' title="bbox 431 1163 2080 1236">
     <span class='ocr_line' id='line_1_12' title="bbox 431 1163 2080 1236; baseline 0.001 -18"><span class='ocrx_word' id='word_1_70' title='bbox 431 1166 626 1218; x_wconf 90' lang='lat' dir='ltr'><strong>autem</strong></span> <span class='ocrx_word' id='word_1_71' title='bbox 659 1163 876 1234; x_wconf 88' lang='lat' dir='ltr'><strong>Spiritu</strong></span> <span class='ocrx_word' id='word_1_72' title='bbox 906 1163 1006 1218; x_wconf 89' lang='lat' dir='ltr'><strong>ﬁlii</strong></span> <span class='ocrx_word' id='word_1_73' title='bbox 1051 1164 1150 1220; x_wconf 88' lang='lat' dir='ltr'><strong>Dei</strong></span> <span class='ocrx_word' id='word_1_74' title='bbox 1202 1165 1513 1236; x_wconf 82' lang='lat' dir='ltr'><strong>efﬁcimur,</strong></span> <span class='ocrx_word' id='word_1_75' title='bbox 1563 1167 1938 1221; x_wconf 84' lang='lat' dir='ltr'><strong>manifestum</strong></span> <span class='ocrx_word' id='word_1_76' title='bbox 1992 1169 2080 1220; x_wconf 89' lang='lat' dir='ltr'><strong>est</strong></span> 
     </span>
    </p>
   </div>
   <div class='ocr_carea' id='block_1_13' title="bbox 429 1251 2080 1326">
    <p class='ocr_par' dir='ltr' id='par_1_13' title="bbox 429 1251 2080 1326">
     <span class='ocr_line' id='line_1_13' title="bbox 429 1251 2080 1326; baseline 0.001 -21"><span class='ocrx_word' id='word_1_77' title='bbox 429 1267 536 1305; x_wconf 89' lang='lat' dir='ltr'><strong>nos</strong></span> <span class='ocrx_word' id='word_1_78' title='bbox 568 1251 626 1304; x_wconf 88' lang='lat' dir='ltr'><strong>in</strong></span> <span class='ocrx_word' id='word_1_79' title='bbox 657 1251 886 1307; x_wconf 85' lang='lat' dir='ltr'><strong>Christo</strong></span> <span class='ocrx_word' id='word_1_80' title='bbox 916 1252 1067 1308; x_wconf 89' lang='lat' dir='ltr'><strong>ﬁlios</strong></span> <span class='ocrx_word' id='word_1_81' title='bbox 1099 1253 1195 1308; x_wconf 90' lang='lat' dir='ltr'><strong>Dei</strong></span> <span class='ocrx_word' id='word_1_82' title='bbox 1230 1253 1531 1326; x_wconf 89' lang='lat' dir='ltr'><strong>appellari.</strong></span> <span class='ocrx_word' id='word_1_83' title='bbox 1559 1255 1704 1308; x_wconf 86' lang='lat' dir='ltr'><strong>Nam</strong></span> <span class='ocrx_word' id='word_1_84' title='bbox 1731 1278 1757 1304; x_wconf 88' lang='grc'><strong>‹‹</strong></span> <span class='ocrx_word' id='word_1_85' title='bbox 1785 1257 2080 1324; x_wconf 87' lang='lat' dir='ltr'><strong>Quotquot</strong></span> 
     </span>
    </p>
   </div>
   <div class='ocr_carea' id='block_1_14' title="bbox 429 1341 2078 1414">
    <p class='ocr_par' dir='ltr' id='par_1_14' title="bbox 429 1341 2078 1414">
     <span class='ocr_line' id='line_1_14' title="bbox 429 1341 2078 1414; baseline 0.002 -21"><span class='ocrx_word' id='word_1_86' title='bbox 429 1345 774 1412; x_wconf 86' lang='lat' dir='ltr'><strong>receperunt</strong></span> <span class='ocrx_word' id='word_1_87' title='bbox 803 1357 958 1408; x_wconf 91' lang='lat' dir='ltr'><strong>eum,</strong></span> <span class='ocrx_word' id='word_1_88' title='bbox 1009 1341 1169 1397; x_wconf 87' lang='lat' dir='ltr'><strong>dedit</strong></span> <span class='ocrx_word' id='word_1_89' title='bbox 1219 1341 1338 1398; x_wconf 85' lang='lat' dir='ltr'><strong>illis</strong></span> <span class='ocrx_word' id='word_1_90' title='bbox 1388 1347 1728 1414; x_wconf 85' lang='lat' dir='ltr'><strong>potestatem</strong></span> <span class='ocrx_word' id='word_1_91' title='bbox 1781 1342 1931 1398; x_wconf 91' lang='lat' dir='ltr'><strong>ﬁlios</strong></span> <span class='ocrx_word' id='word_1_92' title='bbox 1976 1342 2078 1398; x_wconf 90' lang='lat' dir='ltr'><strong>Dei</strong></span> 
     </span>
    </p>
   </div>
   <div class='ocr_carea' id='block_1_15' title="bbox 431 1427 2080 1500">
    <p class='ocr_par' dir='ltr' id='par_1_15' title="bbox 431 1427 2080 1500">
     <span class='ocr_line' id='line_1_15' title="bbox 431 1427 2080 1500; baseline 0.002 -20"><span class='ocrx_word' id='word_1_93' title='bbox 431 1427 553 1481; x_wconf 89' lang='lat' dir='ltr'><strong>ﬁeri</strong></span> <span class='ocrx_word' id='word_1_94' title='bbox 589 1429 652 1482; x_wconf 74' lang='grc' dir='ltr'>ιδ.</span> <span class='ocrx_word' id='word_1_95' title='bbox 677 1451 704 1478; x_wconf 92' lang='grc'><strong>››</strong></span> <span class='ocrx_word' id='word_1_96' title='bbox 742 1429 957 1484; x_wconf 85' lang='lat' dir='ltr'><strong>Deinde</strong></span> <span class='ocrx_word' id='word_1_97' title='bbox 989 1431 1490 1500; x_wconf 82' lang='lat' dir='ltr'><strong>quemadmodum</strong></span> <span class='ocrx_word' id='word_1_98' title='bbox 1525 1435 1713 1498; x_wconf 86' lang='lat' dir='ltr'><strong>Pater,</strong></span> <span class='ocrx_word' id='word_1_99' title='bbox 1771 1431 1854 1486; x_wconf 87' lang='lat' dir='ltr'><strong>uti</strong></span> <span class='ocrx_word' id='word_1_100' title='bbox 1911 1431 2080 1484; x_wconf 89' lang='lat' dir='ltr'><strong>docet</strong></span> 
     </span>
    </p>
   </div>
   <div class='ocr_carea' id='block_1_16' title="bbox 430 1515 2080 1591">
    <p class='ocr_par' dir='ltr' id='par_1_16' title="bbox 430 1515 2080 1591">
     <span class='ocr_line' id='line_1_16' title="bbox 430 1515 2080 1591; baseline 0.003 -22"><span class='ocrx_word' id='word_1_101' title='bbox 430 1515 669 1587; x_wconf 81' lang='lat' dir='ltr'><strong>Paulus,</strong></span> <span class='ocrx_word' id='word_1_102' title='bbox 704 1517 866 1572; x_wconf 88' lang='lat' dir='ltr'><strong>solus</strong></span> <span class='ocrx_word' id='word_1_103' title='bbox 899 1523 989 1573; x_wconf 87' lang='lat' dir='ltr'><strong>est</strong></span> <span class='ocrx_word' id='word_1_104' title='bbox 1018 1519 1276 1591; x_wconf 82' lang='lat' dir='ltr'><strong>sapiens,</strong></span> <span class='ocrx_word' id='word_1_105' title='bbox 1319 1519 1401 1575; x_wconf 89' lang='lat' dir='ltr'><strong>sic</strong></span> <span class='ocrx_word' id='word_1_106' title='bbox 1457 1521 1588 1590; x_wconf 84' lang='lat' dir='ltr'><strong>ejus</strong></span> <span class='ocrx_word' id='word_1_107' title='bbox 1639 1520 1817 1575; x_wconf 82' lang='lat' dir='ltr'><strong>Filius</strong></span> <span class='ocrx_word' id='word_1_108' title='bbox 1865 1523 1952 1575; x_wconf 90' lang='lat' dir='ltr'><strong>est</strong></span> <span class='ocrx_word' id='word_1_109' title='bbox 1992 1535 2080 1574; x_wconf 88' lang='lat' dir='ltr'><strong>sa-</strong></span> 
     </span>
    </p>
   </div>
   <div class='ocr_carea' id='block_1_17' title="bbox 432 1605 2079 1680">
    <p class='ocr_par' dir='ltr' id='par_1_17' title="bbox 432 1605 2079 1680">
     <span class='ocr_line' id='line_1_17' title="bbox 432 1605 2079 1680; baseline 0.002 -21"><span class='ocrx_word' id='word_1_110' title='bbox 432 1605 650 1676; x_wconf 88' lang='lat' dir='ltr'><strong>pientia</strong></span> <span class='ocrx_word' id='word_1_111' title='bbox 672 1623 684 1661; x_wconf 93' lang='lat'><strong>:</strong></span> <span class='ocrx_word' id='word_1_112' title='bbox 707 1628 731 1654; x_wconf 93' lang='grc'><strong>‹‹</strong></span> <span class='ocrx_word' id='word_1_113' title='bbox 757 1606 1026 1662; x_wconf 87' lang='lat' dir='ltr'><strong>Christus</strong></span> <span class='ocrx_word' id='word_1_114' title='bbox 1048 1628 1074 1659; x_wconf 71' lang='grc' dir='ltr'><strong>ιι</strong></span> <span class='ocrx_word' id='word_1_115' title='bbox 1103 1609 1258 1663; x_wconf 89' lang='lat' dir='ltr'><strong>enim</strong></span> <span class='ocrx_word' id='word_1_116' title='bbox 1279 1632 1304 1657; x_wconf 83' lang='lat'><strong><em>«</em></strong></span> <span class='ocrx_word' id='word_1_117' title='bbox 1333 1609 1430 1663; x_wconf 87' lang='lat' dir='ltr'><strong>Dei</strong></span> <span class='ocrx_word' id='word_1_118' title='bbox 1454 1610 1707 1663; x_wconf 88' lang='lat' dir='ltr'><strong>virtuset</strong></span> <span class='ocrx_word' id='word_1_119' title='bbox 1725 1608 1823 1664; x_wconf 93' lang='lat' dir='ltr'><strong>Dei</strong></span> <span class='ocrx_word' id='word_1_120' title='bbox 1847 1607 2079 1680; x_wconf 89' lang='lat' dir='ltr'><strong>sapien-</strong></span> 
     </span>
    </p>
   </div>
   <div class='ocr_carea' id='block_1_18' title="bbox 432 1692 2079 1768">
    <p class='ocr_par' dir='ltr' id='par_1_18' title="bbox 432 1692 2079 1768">
     <span class='ocr_line' id='line_1_18' title="bbox 432 1692 2079 1768; baseline 0.002 -21"><span class='ocrx_word' id='word_1_121' title='bbox 432 1692 513 1747; x_wconf 89' lang='lat' dir='ltr'><strong>tia</strong></span> <span class='ocrx_word' id='word_1_122' title='bbox 535 1695 595 1748; x_wconf 77' lang='grc'>¹⁸.</span> <span class='ocrx_word' id='word_1_123' title='bbox 615 1716 642 1744; x_wconf 86' lang='grc'><strong>››</strong></span> <span class='ocrx_word' id='word_1_124' title='bbox 671 1694 740 1750; x_wconf 90' lang='lat' dir='ltr'><strong>Ut</strong></span> <span class='ocrx_word' id='word_1_125' title='bbox 763 1695 901 1750; x_wconf 91' lang='lat' dir='ltr'><strong>item</strong></span> <span class='ocrx_word' id='word_1_126' title='bbox 933 1696 1116 1751; x_wconf 83' lang='lat' dir='ltr'><strong>Filius</strong></span> <span class='ocrx_word' id='word_1_127' title='bbox 1139 1702 1230 1752; x_wconf 86' lang='lat' dir='ltr'><strong>est</strong></span> <span class='ocrx_word' id='word_1_128' title='bbox 1256 1697 1566 1768; x_wconf 84' lang='lat' dir='ltr'><strong>sapientia,</strong></span> <span class='ocrx_word' id='word_1_129' title='bbox 1605 1698 1687 1752; x_wconf 87' lang='lat' dir='ltr'><strong>ita</strong></span> <span class='ocrx_word' id='word_1_130' title='bbox 1715 1713 1819 1751; x_wconf 88' lang='lat' dir='ltr'><strong>nos</strong></span> <span class='ocrx_word' id='word_1_131' title='bbox 1860 1696 2079 1768; x_wconf 86' lang='lat' dir='ltr'><strong>Spiritu</strong></span> 
     </span>
    </p>
   </div>
   <div class='ocr_carea' id='block_1_19' title="bbox 431 1782 2078 1857">
    <p class='ocr_par' dir='ltr' id='par_1_19' title="bbox 431 1782 2078 1857">
     <span class='ocr_line' id='line_1_19' title="bbox 431 1782 2078 1857; baseline 0.001 -19"><span class='ocrx_word' id='word_1_132' title='bbox 431 1782 729 1854; x_wconf 69' lang='lat' dir='ltr'><strong>sapientis:</strong></span> <span class='ocrx_word' id='word_1_133' title='bbox 755 1789 1010 1857; x_wconf 89' lang='lat' dir='ltr'><strong>accepto,</strong></span> <span class='ocrx_word' id='word_1_134' title='bbox 1038 1785 1246 1840; x_wconf 79' lang='lat' dir='ltr'><strong>Filium</strong></span> <span class='ocrx_word' id='word_1_135' title='bbox 1269 1786 1575 1852; x_wconf 79' lang='lat' dir='ltr'><strong>habemus,</strong></span> <span class='ocrx_word' id='word_1_136' title='bbox 1597 1785 1729 1841; x_wconf 85' lang='lat' dir='ltr'><strong>etin</strong></span> <span class='ocrx_word' id='word_1_137' title='bbox 1753 1787 1955 1841; x_wconf 90' lang='lat' dir='ltr'><strong>eodem</strong></span> <span class='ocrx_word' id='word_1_138' title='bbox 1987 1802 2078 1840; x_wconf 84' lang='lat' dir='ltr'><strong>sa-</strong></span> 
     </span>
    </p>
   </div>
   <div class='ocr_carea' id='block_1_20' title="bbox 2187 623 3842 701">
    <p class='ocr_par' dir='ltr' id='par_1_20' title="bbox 2187 623 3842 701">
     <span class='ocr_line' id='line_1_20' title="bbox 2187 623 3842 701; baseline 0.001 -22"><span class='ocrx_word' id='word_1_139' title='bbox 2187 625 2243 679; x_wconf 77' lang='grc' dir='ltr'><strong>δὲ</strong></span> <span class='ocrx_word' id='word_1_140' title='bbox 2293 629 2512 698; x_wconf 87' lang='grc' dir='ltr'>Πνεῦμα</span> <span class='ocrx_word' id='word_1_141' title='bbox 2560 625 2933 699; x_wconf 73' lang='grc' dir='ltr'>ποτιζόμενοι,</span> <span class='ocrx_word' id='word_1_142' title='bbox 2979 627 3069 680; x_wconf 77' lang='grc' dir='ltr'><strong>τὸν</strong></span> <span class='ocrx_word' id='word_1_143' title='bbox 3117 624 3342 701; x_wconf 83' lang='grc' dir='ltr'>Χριστὸν</span> <span class='ocrx_word' id='word_1_144' title='bbox 3391 623 3640 698; x_wconf 79' lang='grc' dir='ltr'>πίνομεν·</span> <span class='ocrx_word' id='word_1_145' title='bbox 3677 649 3702 675; x_wconf 88' lang='grc'><strong>‹‹</strong></span> <span class='ocrx_word' id='word_1_146' title='bbox 3746 631 3842 680; x_wconf 84' lang='lat' dir='ltr'><strong>&quot;E-</strong></span> 
     </span>
    </p>
   </div>
   <div class='ocr_carea' id='block_1_21' title="bbox 2187 712 3837 790">
    <p class='ocr_par' dir='ltr' id='par_1_21' title="bbox 2187 712 3837 790">
     <span class='ocr_line' id='line_1_21' title="bbox 2187 712 3837 790; baseline -0.001 -22"><span class='ocrx_word' id='word_1_147' title='bbox 2187 736 2339 768; x_wconf 88' lang='grc' dir='ltr'>πινον</span> <span class='ocrx_word' id='word_1_148' title='bbox 2377 739 2404 766; x_wconf 86' lang='grc'><strong>››</strong></span> <span class='ocrx_word' id='word_1_149' title='bbox 2430 714 2529 790; x_wconf 78' lang='grc' dir='ltr'><strong>γάρ</strong></span> <span class='ocrx_word' id='word_1_150' title='bbox 2569 739 2588 764; x_wconf 76' lang='grc' dir='ltr'><strong>ι</strong></span> <span class='ocrx_word' id='word_1_151' title='bbox 2626 714 2686 770; x_wconf 89' lang='grc' dir='ltr'><strong>ἐκ</strong></span> <span class='ocrx_word' id='word_1_152' title='bbox 2735 720 3104 788; x_wconf 80' lang='grc' dir='ltr'>πνευματικῆς</span> <span class='ocrx_word' id='word_1_153' title='bbox 3157 712 3568 784; x_wconf 66' lang='grc' dir='ltr'><strong>ἀκολουθούσης</strong></span> <span class='ocrx_word' id='word_1_154' title='bbox 3615 713 3837 790; x_wconf 75' lang='grc' dir='ltr'>πέτρας·</span> 
     </span>
    </p>
   </div>
   <div class='ocr_carea' id='block_1_22' title="bbox 2186 800 3839 881">
    <p class='ocr_par' dir='ltr' id='par_1_22' title="bbox 2186 800 3839 881">
     <span class='ocr_line' id='line_1_22' title="bbox 2186 800 3839 881; baseline -0.002 -22"><span class='ocrx_word' id='word_1_155' title='bbox 2186 807 2220 874; x_wconf 79' lang='grc' dir='ltr'>ἡ</span> <span class='ocrx_word' id='word_1_156' title='bbox 2258 802 2313 859; x_wconf 75' lang='grc' dir='ltr'><strong>δὲ</strong></span> <span class='ocrx_word' id='word_1_157' title='bbox 2355 804 2522 881; x_wconf 71' lang='grc' dir='ltr'>πέτρα</span> <span class='ocrx_word' id='word_1_158' title='bbox 2570 803 2634 871; x_wconf 70' lang='grc' dir='ltr'>ἦν</span> <span class='ocrx_word' id='word_1_159' title='bbox 2671 806 2698 858; x_wconf 89' lang='grc' dir='ltr'>ὁ</span> <span class='ocrx_word' id='word_1_160' title='bbox 2750 805 3000 880; x_wconf 75' lang='grc' dir='ltr'>Χριστός.</span> <span class='ocrx_word' id='word_1_161' title='bbox 3038 829 3065 856; x_wconf 81' lang='grc'><strong>››</strong></span> <span class='ocrx_word' id='word_1_162' title='bbox 3097 804 3194 858; x_wconf 79' lang='grc' dir='ltr'>Καὶ</span> <span class='ocrx_word' id='word_1_163' title='bbox 3245 800 3408 858; x_wconf 84' lang='grc' dir='ltr'>πάλιν</span> <span class='ocrx_word' id='word_1_164' title='bbox 3458 805 3554 858; x_wconf 87' lang='grc' dir='ltr'><strong>τοῦ</strong></span> <span class='ocrx_word' id='word_1_165' title='bbox 3605 807 3839 878; x_wconf 87' lang='grc' dir='ltr'>Χριστοῦ</span> 
     </span>
    </p>
   </div>
   <div class='ocr_carea' id='block_1_23' title="bbox 2189 886 3837 967">
    <p class='ocr_par' dir='ltr' id='par_1_23' title="bbox 2189 886 3837 967">
     <span class='ocr_line' id='line_1_23' title="bbox 2189 886 3837 967; baseline -0.001 -19"><span class='ocrx_word' id='word_1_166' title='bbox 2189 891 2337 955; x_wconf 72' lang='grc' dir='ltr'>ὄντος</span> <span class='ocrx_word' id='word_1_167' title='bbox 2371 892 2636 963; x_wconf 78' lang='grc' dir='ltr'>ἀληθινοῦ</span> <span class='ocrx_word' id='word_1_168' title='bbox 2667 894 2816 964; x_wconf 72' lang='grc' dir='ltr'>Υίοῦ,</span> <span class='ocrx_word' id='word_1_169' title='bbox 2867 896 3030 967; x_wconf 75' lang='grc' dir='ltr'>ἡμεῖς</span> <span class='ocrx_word' id='word_1_170' title='bbox 3059 894 3120 948; x_wconf 83' lang='grc' dir='ltr'>τὸ</span> <span class='ocrx_word' id='word_1_171' title='bbox 3169 890 3390 966; x_wconf 85' lang='grc' dir='ltr'>Πνεῦμα</span> <span class='ocrx_word' id='word_1_172' title='bbox 3444 886 3837 966; x_wconf 85' lang='grc' dir='ltr'>λαμϐάνοντες,</span> 
     </span>
    </p>
   </div>
   <div class='ocr_carea' id='block_1_24' title="bbox 2188 977 3839 1060">
    <p class='ocr_par' dir='ltr' id='par_1_24' title="bbox 2188 977 3839 1060">
     <span class='ocr_line' id='line_1_24' title="bbox 2188 977 3839 1060; baseline -0.002 -22"><span class='ocrx_word' id='word_1_173' title='bbox 2188 983 2601 1055; x_wconf 67' lang='grc' dir='ltr'><strong>υίοποιούμεθα⁸</strong></span> <span class='ocrx_word' id='word_1_174' title='bbox 2639 1008 2666 1036; x_wconf 92' lang='grc'><strong>‹‹</strong></span> <span class='ocrx_word' id='word_1_175' title='bbox 2719 983 2798 1040; x_wconf 82' lang='grc' dir='ltr'><strong>Οὐ</strong></span> <span class='ocrx_word' id='word_1_176' title='bbox 2847 983 2947 1058; x_wconf 76' lang='grc' dir='ltr'>γὰρ</span> <span class='ocrx_word' id='word_1_177' title='bbox 2997 977 3240 1052; x_wconf 83' lang='grc' dir='ltr'>ἐλάϐετε,</span> <span class='ocrx_word' id='word_1_178' title='bbox 3275 1007 3297 1036; x_wconf 77' lang='grc' dir='ltr'><strong><em>ι</em></strong></span> <span class='ocrx_word' id='word_1_179' title='bbox 3332 981 3488 1060; x_wconf 70' lang='grc' dir='ltr'>φησὶ,</span> <span class='ocrx_word' id='word_1_180' title='bbox 3548 1004 3574 1037; x_wconf 74' lang='grc' dir='ltr'>ι</span> <span class='ocrx_word' id='word_1_181' title='bbox 3620 986 3839 1054; x_wconf 86' lang='grc' dir='ltr'>Πνεῦμα</span> 
     </span>
    </p>
   </div>
   <div class='ocr_carea' id='block_1_25' title="bbox 2190 1065 3838 1150">
    <p class='ocr_par' dir='ltr' id='par_1_25' title="bbox 2190 1065 3838 1150">
     <span class='ocr_line' id='line_1_25' title="bbox 2190 1065 3838 1150; baseline -0.001 -24"><span class='ocrx_word' id='word_1_182' title='bbox 2190 1070 2440 1135; x_wconf 76' lang='grc' dir='ltr'>δουλείας</span> <span class='ocrx_word' id='word_1_183' title='bbox 2469 1070 2633 1126; x_wconf 87' lang='grc' dir='ltr'>πάλιν</span> <span class='ocrx_word' id='word_1_184' title='bbox 2668 1070 2743 1134; x_wconf 82' lang='grc' dir='ltr'><strong>εἷς</strong></span> <span class='ocrx_word' id='word_1_185' title='bbox 2797 1066 2988 1150; x_wconf 70' lang='grc' dir='ltr'>φόϐονσ</span> <span class='ocrx_word' id='word_1_186' title='bbox 3043 1069 3169 1126; x_wconf 82' lang='grc' dir='ltr'>ἀλλ’</span> <span class='ocrx_word' id='word_1_187' title='bbox 3220 1065 3442 1126; x_wconf 83' lang='grc' dir='ltr'>ἐλάϐετε</span> <span class='ocrx_word' id='word_1_188' title='bbox 3478 1074 3690 1144; x_wconf 83' lang='grc' dir='ltr'>Πνεῦμα</span> <span class='ocrx_word' id='word_1_189' title='bbox 3720 1071 3838 1125; x_wconf 72' lang='grc' dir='ltr'>υἱο-</span> 
     </span>
    </p>
   </div>
   <div class='ocr_carea' id='block_1_26' title="bbox 2189 1156 3839 1234">
    <p class='ocr_par' dir='ltr' id='par_1_26' title="bbox 2189 1156 3839 1234">
     <span class='ocr_line' id='line_1_26' title="bbox 2189 1156 3839 1234; baseline -0.001 -19"><span class='ocrx_word' id='word_1_190' title='bbox 2189 1160 2383 1222; x_wconf 82' lang='grc' dir='ltr'>Θεσίας.</span> <span class='ocrx_word' id='word_1_191' title='bbox 2451 1185 2478 1212; x_wconf 90' lang='grc'><strong>››</strong></span> <span class='ocrx_word' id='word_1_192' title='bbox 2532 1161 2951 1234; x_wconf 66' lang='grc' dir='ltr'>Υἲοποιούμενοι</span> <span class='ocrx_word' id='word_1_193' title='bbox 3012 1157 3069 1214; x_wconf 76' lang='grc' dir='ltr'><strong>δὲ</strong></span> <span class='ocrx_word' id='word_1_194' title='bbox 3122 1164 3202 1231; x_wconf 75' lang='grc' dir='ltr'>τῷ</span> <span class='ocrx_word' id='word_1_195' title='bbox 3262 1157 3557 1233; x_wconf 89' lang='grc' dir='ltr'>Πνεύματι,</span> <span class='ocrx_word' id='word_1_196' title='bbox 3620 1156 3839 1229; x_wconf 77' lang='grc' dir='ltr'>δῆλον,</span> 
     </span>
    </p>
   </div>
   <div class='ocr_carea' id='block_1_27' title="bbox 2189 1246 3836 1324">
    <p class='ocr_par' dir='ltr' id='par_1_27' title="bbox 2189 1246 3836 1324">
     <span class='ocr_line' id='line_1_27' title="bbox 2189 1246 3836 1324; baseline -0.002 -19"><span class='ocrx_word' id='word_1_197' title='bbox 2189 1248 2270 1305; x_wconf 78' lang='grc' dir='ltr'>ὅτι</span> <span class='ocrx_word' id='word_1_198' title='bbox 2327 1252 2439 1323; x_wconf 87' lang='grc'><strong>(63)</strong></span> <span class='ocrx_word' id='word_1_199' title='bbox 2491 1248 2540 1303; x_wconf 82' lang='grc' dir='ltr'><strong>ἐν</strong></span> <span class='ocrx_word' id='word_1_200' title='bbox 2595 1253 2675 1322; x_wconf 73' lang='grc' dir='ltr'>τῷ</span> <span class='ocrx_word' id='word_1_201' title='bbox 2725 1254 2942 1324; x_wconf 82' lang='grc' dir='ltr'>Χριστῷ</span> <span class='ocrx_word' id='word_1_202' title='bbox 2994 1246 3414 1323; x_wconf 83' lang='grc' dir='ltr'>χρηματίζομεν</span> <span class='ocrx_word' id='word_1_203' title='bbox 3463 1247 3622 1303; x_wconf 79' lang='grc' dir='ltr'>τέκνα</span> <span class='ocrx_word' id='word_1_204' title='bbox 3681 1247 3836 1302; x_wconf 85' lang='grc' dir='ltr'>Θεοῦ·</span> 
     </span>
    </p>
   </div>
   <div class='ocr_carea' id='block_1_28' title="bbox 2187 1333 3840 1413">
    <p class='ocr_par' dir='ltr' id='par_1_28' title="bbox 2187 1333 3840 1413">
     <span class='ocr_line' id='line_1_28' title="bbox 2187 1333 3840 1413; baseline -0.001 -19"><span class='ocrx_word' id='word_1_205' title='bbox 2187 1341 2346 1394; x_wconf 76' lang='grc' dir='ltr'>’Όσοι</span> <span class='ocrx_word' id='word_1_206' title='bbox 2383 1362 2410 1389; x_wconf 87' lang='grc'><strong>››</strong></span> <span class='ocrx_word' id='word_1_207' title='bbox 2441 1338 2544 1413; x_wconf 73' lang='grc' dir='ltr'><strong>γὰρ</strong></span> <span class='ocrx_word' id='word_1_208' title='bbox 2581 1362 2606 1392; x_wconf 85' lang='grc' dir='ltr'><strong>ιι</strong></span> <span class='ocrx_word' id='word_1_209' title='bbox 2654 1333 2848 1392; x_wconf 79' lang='grc' dir='ltr'>ἔλαϐον</span> <span class='ocrx_word' id='word_1_210' title='bbox 2895 1338 3077 1406; x_wconf 82' lang='grc' dir='ltr'>αὐτὸν,</span> <span class='ocrx_word' id='word_1_211' title='bbox 3115 1335 3310 1393; x_wconf 80' lang='grc' dir='ltr'>ἔδωκεν</span> <span class='ocrx_word' id='word_1_212' title='bbox 3361 1338 3549 1400; x_wconf 78' lang='grc' dir='ltr'>αὐτοῖς</span> <span class='ocrx_word' id='word_1_213' title='bbox 3601 1336 3840 1408; x_wconf 78' lang='grc' dir='ltr'>ἐξουσίαν</span> 
     </span>
    </p>
   </div>
   <div class='ocr_carea' id='block_1_29' title="bbox 2187 1425 3840 1502">
    <p class='ocr_par' dir='ltr' id='par_1_29' title="bbox 2187 1425 3840 1502">
     <span class='ocr_line' id='line_1_29' title="bbox 2187 1425 3840 1502; baseline -0.001 -22"><span class='ocrx_word' id='word_1_214' title='bbox 2187 1427 2345 1481; x_wconf 72' lang='grc' dir='ltr'>τὲκνα</span> <span class='ocrx_word' id='word_1_215' title='bbox 2393 1431 2527 1481; x_wconf 84' lang='grc' dir='ltr'>Θεοῦ</span> <span class='ocrx_word' id='word_1_216' title='bbox 2570 1428 2836 1502; x_wconf 68' lang='grc' dir='ltr'>γενέσθαι.</span> <span class='ocrx_word' id='word_1_217' title='bbox 2871 1452 2897 1478; x_wconf 87' lang='grc'><strong>››</strong></span> <span class='ocrx_word' id='word_1_218' title='bbox 2927 1428 3056 1482; x_wconf 76' lang='grc' dir='ltr'>Εἶτα</span> <span class='ocrx_word' id='word_1_219' title='bbox 3107 1430 3204 1482; x_wconf 90' lang='grc' dir='ltr'><strong>τοῦ</strong></span> <span class='ocrx_word' id='word_1_220' title='bbox 3258 1425 3491 1501; x_wconf 85' lang='grc' dir='ltr'>Πατρὸς,</span> <span class='ocrx_word' id='word_1_221' title='bbox 3526 1425 3601 1488; x_wconf 83' lang='grc' dir='ltr'><strong>ὠς</strong></span> <span class='ocrx_word' id='word_1_222' title='bbox 3631 1427 3659 1480; x_wconf 99' lang='lat'><strong>6</strong></span> <span class='ocrx_word' id='word_1_223' title='bbox 3693 1429 3840 1480; x_wconf 90' lang='grc' dir='ltr'>Παῦ-</span> 
     </span>
    </p>
   </div>
   <div class='ocr_carea' id='block_1_30' title="bbox 2190 1511 3844 1594">
    <p class='ocr_par' dir='ltr' id='par_1_30' title="bbox 2190 1511 3844 1594">
     <span class='ocr_line' id='line_1_30' title="bbox 2190 1511 3844 1594; baseline -0.001 -24"><span class='ocrx_word' id='word_1_224' title='bbox 2190 1515 2289 1578; x_wconf 91' lang='grc' dir='ltr'><strong>λος</strong></span> <span class='ocrx_word' id='word_1_225' title='bbox 2320 1517 2456 1585; x_wconf 69' lang='grc' dir='ltr'>εἶπε,</span> <span class='ocrx_word' id='word_1_226' title='bbox 2493 1516 2660 1588; x_wconf 80' lang='grc' dir='ltr'>μόνου</span> <span class='ocrx_word' id='word_1_227' title='bbox 2711 1520 2878 1594; x_wconf 70' lang='grc' dir='ltr'>σοφοῦ</span> <span class='ocrx_word' id='word_1_228' title='bbox 2924 1511 3102 1586; x_wconf 71' lang='grc' dir='ltr'>ὄντος,</span> <span class='ocrx_word' id='word_1_229' title='bbox 3137 1517 3164 1570; x_wconf 92' lang='lat'><strong>6</strong></span> <span class='ocrx_word' id='word_1_230' title='bbox 3196 1515 3321 1580; x_wconf 73' lang='grc' dir='ltr'>Υἱός</span> <span class='ocrx_word' id='word_1_231' title='bbox 3371 1519 3479 1589; x_wconf 80' lang='grc'><strong>(64)</strong></span> <span class='ocrx_word' id='word_1_232' title='bbox 3515 1513 3656 1570; x_wconf 86' lang='grc' dir='ltr'>ἐστιν</span> <span class='ocrx_word' id='word_1_233' title='bbox 3688 1516 3722 1584; x_wconf 78' lang='grc' dir='ltr'>ἡ</span> <span class='ocrx_word' id='word_1_234' title='bbox 3757 1536 3844 1570; x_wconf 89' lang='grc' dir='ltr'>σο-</span> 
     </span>
    </p>
   </div>
   <div class='ocr_carea' id='block_1_31' title="bbox 2191 1602 3842 1682">
    <p class='ocr_par' dir='ltr' id='par_1_31' title="bbox 2191 1602 3842 1682">
     <span class='ocr_line' id='line_1_31' title="bbox 2191 1602 3842 1682; baseline -0.001 -24"><span class='ocrx_word' id='word_1_235' title='bbox 2191 1604 2283 1682; x_wconf 74' lang='grc' dir='ltr'>φία</span> <span class='ocrx_word' id='word_1_236' title='bbox 2333 1605 2494 1660; x_wconf 80' lang='grc' dir='ltr'>αὐτοῦ</span> <span class='ocrx_word' id='word_1_237' title='bbox 2531 1649 2544 1662; x_wconf 93' lang='grc'><strong>.</strong></span> <span class='ocrx_word' id='word_1_238' title='bbox 2602 1630 2630 1657; x_wconf 87' lang='grc'><strong>‹‹</strong></span> <span class='ocrx_word' id='word_1_239' title='bbox 2672 1605 2901 1679; x_wconf 64' lang='grc' dir='ltr'>Χρισαὸς</span> <span class='ocrx_word' id='word_1_240' title='bbox 2947 1630 2976 1657; x_wconf 85' lang='lat'>»</span> <span class='ocrx_word' id='word_1_241' title='bbox 3035 1605 3135 1682; x_wconf 78' lang='grc' dir='ltr'>γὰρ</span> <span class='ocrx_word' id='word_1_242' title='bbox 3190 1630 3217 1658; x_wconf 90' lang='grc'><strong>‹‹</strong></span> <span class='ocrx_word' id='word_1_243' title='bbox 3271 1609 3405 1660; x_wconf 89' lang='grc' dir='ltr'>Θεοῦ</span> <span class='ocrx_word' id='word_1_244' title='bbox 3466 1602 3694 1678; x_wconf 80' lang='grc' dir='ltr'>δύναμις</span> <span class='ocrx_word' id='word_1_245' title='bbox 3749 1603 3842 1658; x_wconf 78' lang='grc' dir='ltr'><strong>καὶ</strong></span> 
     </span>
    </p>
   </div>
   <div class='ocr_carea' id='block_1_32' title="bbox 2191 1690 3844 1772">
    <p class='ocr_par' dir='ltr' id='par_1_32' title="bbox 2191 1690 3844 1772">
     <span class='ocr_line' id='line_1_32' title="bbox 2191 1690 3844 1772; baseline -0.002 -23"><span class='ocrx_word' id='word_1_246' title='bbox 2191 1699 2322 1750; x_wconf 86' lang='grc' dir='ltr'>Θεοῦ</span> <span class='ocrx_word' id='word_1_247' title='bbox 2357 1693 2534 1772; x_wconf 77' lang='grc' dir='ltr'>σοφία.</span> <span class='ocrx_word' id='word_1_248' title='bbox 2572 1718 2598 1746; x_wconf 83' lang='grc'><strong>››</strong></span> <span class='ocrx_word' id='word_1_249' title='bbox 2631 1699 2735 1748; x_wconf 89' lang='grc' dir='ltr'>Τοῦ</span> <span class='ocrx_word' id='word_1_250' title='bbox 2770 1691 2827 1750; x_wconf 73' lang='grc' dir='ltr'><strong>δὲ</strong></span> <span class='ocrx_word' id='word_1_251' title='bbox 2853 1695 2977 1748; x_wconf 68' lang='lat' dir='ltr'><strong>ficii</strong></span> <span class='ocrx_word' id='word_1_252' title='bbox 3009 1690 3184 1761; x_wconf 73' lang='grc' dir='ltr'>ὄντος,</span> <span class='ocrx_word' id='word_1_253' title='bbox 3216 1695 3244 1748; x_wconf 96' lang='lat'><strong>6</strong></span> <span class='ocrx_word' id='word_1_254' title='bbox 3275 1700 3374 1764; x_wconf 74' lang='grc' dir='ltr'>τῆς</span> <span class='ocrx_word' id='word_1_255' title='bbox 3417 1693 3631 1772; x_wconf 77' lang='grc' dir='ltr'>σοφίας,</span> <span class='ocrx_word' id='word_1_256' title='bbox 3677 1694 3844 1767; x_wconf 76' lang='grc' dir='ltr'>ἡμεῖς</span> 
     </span>
    </p>
   </div>
   <div class='ocr_carea' id='block_1_33' title="bbox 2192 1778 3839 1860">
    <p class='ocr_par' dir='ltr' id='par_1_33' title="bbox 2192 1778 3839 1860">
     <span class='ocr_line' id='line_1_33' title="bbox 2192 1778 3839 1860; baseline -0.001 -22"><span class='ocrx_word' id='word_1_257' title='bbox 2192 1788 2409 1857; x_wconf 86' lang='grc' dir='ltr'>Πνεῦμα</span> <span class='ocrx_word' id='word_1_258' title='bbox 2453 1783 2640 1860; x_wconf 68' lang='grc' dir='ltr'>σοφίας</span> <span class='ocrx_word' id='word_1_259' title='bbox 2686 1778 3080 1857; x_wconf 87' lang='grc' dir='ltr'>λαμϐάνοντες,</span> <span class='ocrx_word' id='word_1_260' title='bbox 3130 1784 3218 1838; x_wconf 82' lang='grc' dir='ltr'><strong>τὸν</strong></span> <span class='ocrx_word' id='word_1_261' title='bbox 3279 1783 3404 1838; x_wconf 71' lang='grc' dir='ltr'>Υἱὸν</span> <span class='ocrx_word' id='word_1_262' title='bbox 3464 1780 3690 1859; x_wconf 77' lang='grc' dir='ltr'>ἔχομεν,</span> <span class='ocrx_word' id='word_1_263' title='bbox 3748 1781 3839 1836; x_wconf 81' lang='grc' dir='ltr'><strong>καὶ</strong></span> 
     </span>
    </p>
   </div>
   <div class='ocr_carea' id='block_1_34' title="bbox 430 1871 2078 1976">
    <p class='ocr_par' dir='ltr' id='par_1_34' title="bbox 430 1871 2078 1946">
     <span class='ocr_line' id='line_1_34' title="bbox 430 1871 2078 1946; baseline 0.001 -21"><span class='ocrx_word' id='word_1_264' title='bbox 430 1871 658 1943; x_wconf 88' lang='lat' dir='ltr'><strong>pientes</strong></span> <span class='ocrx_word' id='word_1_265' title='bbox 689 1872 998 1928; x_wconf 76' lang='lat' dir='ltr'><strong>efficimur.</strong></span> <span class='ocrx_word' id='word_1_266' title='bbox 1033 1873 1126 1928; x_wconf 89' lang='lat' dir='ltr'><strong>Sic</strong></span> <span class='ocrx_word' id='word_1_267' title='bbox 1156 1873 1312 1929; x_wconf 89' lang='lat' dir='ltr'><strong>enim</strong></span> <span class='ocrx_word' id='word_1_268' title='bbox 1345 1875 1629 1946; x_wconf 89' lang='lat' dir='ltr'><strong>scriptum</strong></span> <span class='ocrx_word' id='word_1_269' title='bbox 1654 1879 1744 1929; x_wconf 90' lang='lat' dir='ltr'><strong>est</strong></span> <span class='ocrx_word' id='word_1_270' title='bbox 1771 1875 1828 1928; x_wconf 91' lang='lat' dir='ltr'><strong>in</strong></span> <span class='ocrx_word' id='word_1_271' title='bbox 1853 1873 2078 1946; x_wconf 85' lang='lat' dir='ltr'><strong>psalmo</strong></span> 
     </span>
    </p>
   </div>
   <div class='ocr_carea' id='block_1_35' title="bbox 2191 1871 3840 1976">
    <p class='ocr_par' dir='ltr' id='par_1_35' title="bbox 2193 1872 3840 1951">
     <span class='ocr_line' id='line_1_35' title="bbox 2193 1872 3840 1951; baseline -0.001 -23"><span class='ocrx_word' id='word_1_272' title='bbox 2193 1873 2242 1928; x_wconf 87' lang='grc' dir='ltr'><strong>ἐν</strong></span> <span class='ocrx_word' id='word_1_273' title='bbox 2302 1873 2449 1946; x_wconf 74' lang='grc' dir='ltr'>αὐτῷ</span> <span class='ocrx_word' id='word_1_274' title='bbox 2507 1874 2659 1951; x_wconf 66' lang='grc' dir='ltr'>σοφοὶ</span> <span class='ocrx_word' id='word_1_275' title='bbox 2717 1872 2998 1948; x_wconf 82' lang='grc' dir='ltr'>γινόμεθα.</span> <span class='ocrx_word' id='word_1_276' title='bbox 3060 1872 3218 1930; x_wconf 71' lang='grc' dir='ltr'>Οὕτω</span> <span class='ocrx_word' id='word_1_277' title='bbox 3276 1873 3379 1949; x_wconf 68' lang='grc' dir='ltr'><strong>γάρ</strong></span> <span class='ocrx_word' id='word_1_278' title='bbox 3436 1874 3524 1927; x_wconf 82' lang='grc' dir='ltr'><strong>καὶ</strong></span> <span class='ocrx_word' id='word_1_279' title='bbox 3587 1874 3700 1946; x_wconf 85' lang='grc'><strong>(65)</strong></span> <span class='ocrx_word' id='word_1_280' title='bbox 3749 1872 3840 1946; x_wconf 76' lang='grc' dir='ltr'>γέο</span> 
     </span>
    </p>
   </div>
   <div class='ocr_carea' id='block_1_36' title="bbox 431 1961 2077 2034">
    <p class='ocr_par' dir='ltr' id='par_1_36' title="bbox 431 1961 2077 2034">
     <span class='ocr_line' id='line_1_36' title="bbox 431 1961 2077 2034; baseline 0.002 -19"><span class='ocrx_word' id='word_1_281' title='bbox 431 1961 748 2017; x_wconf 86' lang='lat' dir='ltr'><strong>centesimo</strong></span> <span class='ocrx_word' id='word_1_282' title='bbox 778 1963 1226 2034; x_wconf 88' lang='lat' dir='ltr'><strong>quadragesimo</strong></span> <span class='ocrx_word' id='word_1_283' title='bbox 1259 1963 1496 2034; x_wconf 90' lang='lat' dir='ltr'><strong>quinto:</strong></span> <span class='ocrx_word' id='word_1_284' title='bbox 1527 1986 1555 2013; x_wconf 89' lang='lat'><strong>«</strong></span> <span class='ocrx_word' id='word_1_285' title='bbox 1588 1964 1873 2019; x_wconf 88' lang='lat' dir='ltr'><strong>Dominus</strong></span> <span class='ocrx_word' id='word_1_286' title='bbox 1904 1962 2077 2018; x_wconf 80' lang='lat' dir='ltr'><strong>solvit</strong></span> 
     </span>
    </p>
   </div>
   <div class='ocr_carea' id='block_1_37' title="bbox 429 2051 2068 2124">
    <p class='ocr_par' dir='ltr' id='par_1_37' title="bbox 429 2051 2068 2124">
     <span class='ocr_line' id='line_1_37' title="bbox 429 2051 2068 2124; baseline 0.001 -19"><span class='ocrx_word' id='word_1_287' title='bbox 429 2051 818 2122; x_wconf 83' lang='lat' dir='ltr'><strong>compeditos,</strong></span> <span class='ocrx_word' id='word_1_288' title='bbox 851 2052 1136 2108; x_wconf 92' lang='lat' dir='ltr'><strong>Dominus</strong></span> <span class='ocrx_word' id='word_1_289' title='bbox 1168 2069 1348 2108; x_wconf 66' lang='lat' dir='ltr'><strong>caecos</strong></span> <span class='ocrx_word' id='word_1_290' title='bbox 1398 2053 1694 2124; x_wconf 88' lang='lat' dir='ltr'><strong>sapientes</strong></span> <span class='ocrx_word' id='word_1_291' title='bbox 1744 2053 1922 2108; x_wconf 89' lang='lat' dir='ltr'><strong>efﬁcit</strong></span> <span class='ocrx_word' id='word_1_292' title='bbox 1952 2053 2012 2106; x_wconf 72' lang='grc' dir='ltr'>η.</span> <span class='ocrx_word' id='word_1_293' title='bbox 2047 2074 2068 2100; x_wconf 74' lang='grc' dir='ltr'><strong>ι</strong></span> 
     </span>
    </p>
   </div>
   <div class='ocr_carea' id='block_1_38' title="bbox 429 2139 2073 2214">
    <p class='ocr_par' dir='ltr' id='par_1_38' title="bbox 429 2139 2073 2214">
     <span class='ocr_line' id='line_1_38' title="bbox 429 2139 2073 2214; baseline 0.001 -19"><span class='ocrx_word' id='word_1_294' title='bbox 429 2142 576 2195; x_wconf 91' lang='lat' dir='ltr'><strong>Cum</strong></span> <span class='ocrx_word' id='word_1_295' title='bbox 619 2139 862 2212; x_wconf 89' lang='lat' dir='ltr'><strong>insuper</strong></span> <span class='ocrx_word' id='word_1_296' title='bbox 920 2141 1171 2211; x_wconf 84' lang='lat' dir='ltr'><strong>Spiritus</strong></span> <span class='ocrx_word' id='word_1_297' title='bbox 1224 2143 1396 2197; x_wconf 91' lang='lat' dir='ltr'><strong>nobis</strong></span> <span class='ocrx_word' id='word_1_298' title='bbox 1452 2143 1627 2197; x_wconf 91' lang='lat' dir='ltr'><strong>datur</strong></span> <span class='ocrx_word' id='word_1_299' title='bbox 1671 2145 1727 2212; x_wconf 85' lang='grc'><strong>(‹‹</strong></span> <span class='ocrx_word' id='word_1_300' title='bbox 1758 2141 2013 2214; x_wconf 80' lang='lat' dir='ltr'><strong>Accipite</strong></span> <span class='ocrx_word' id='word_1_301' title='bbox 2045 2162 2073 2191; x_wconf 86' lang='lat'>»</span> 
     </span>
    </p>
   </div>
   <div class='ocr_carea' id='block_1_39' title="bbox 430 2227 2073 2303">
    <p class='ocr_par' dir='ltr' id='par_1_39' title="bbox 430 2227 2073 2303">
     <span class='ocr_line' id='line_1_39' title="bbox 430 2227 2073 2303; baseline 0.004 -23"><span class='ocrx_word' id='word_1_302' title='bbox 430 2227 587 2282; x_wconf 88' lang='lat' dir='ltr'><strong>enim</strong></span> <span class='ocrx_word' id='word_1_303' title='bbox 629 2250 653 2281; x_wconf 83' lang='grc' dir='ltr'><strong>ιι</strong></span> <span class='ocrx_word' id='word_1_304' title='bbox 679 2228 962 2300; x_wconf 90' lang='lat' dir='ltr'><strong>Spiritum</strong></span> <span class='ocrx_word' id='word_1_305' title='bbox 996 2236 1288 2298; x_wconf 89' lang='lat' dir='ltr'><strong>sanctum,</strong></span> <span class='ocrx_word' id='word_1_306' title='bbox 1326 2254 1352 2280; x_wconf 83' lang='lat'><strong><em>»</em></strong></span> <span class='ocrx_word' id='word_1_307' title='bbox 1378 2231 1679 2303; x_wconf 88' lang='lat' dir='ltr'><strong>inquiebat</strong></span> <span class='ocrx_word' id='word_1_308' title='bbox 1700 2231 1962 2287; x_wconf 82' lang='lat' dir='ltr'><strong>Salvator</strong></span> <span class='ocrx_word' id='word_1_309' title='bbox 1989 2232 2073 2302; x_wconf 85' lang='grc'><strong>¹⁸),</strong></span> 
     </span>
    </p>
   </div>
   <div class='ocr_carea' id='block_1_40' title="bbox 433 2315 2071 2391">
    <p class='ocr_par' dir='ltr' id='par_1_40' title="bbox 433 2315 2071 2391">
     <span class='ocr_line' id='line_1_40' title="bbox 433 2315 2071 2391; baseline 0.002 -20"><span class='ocrx_word' id='word_1_310' title='bbox 433 2315 588 2372; x_wconf 86' lang='lat' dir='ltr'><strong>Deus</strong></span> <span class='ocrx_word' id='word_1_311' title='bbox 619 2315 699 2372; x_wconf 89' lang='lat' dir='ltr'><strong>ita</strong></span> <span class='ocrx_word' id='word_1_312' title='bbox 731 2317 788 2372; x_wconf 90' lang='lat' dir='ltr'><strong>in</strong></span> <span class='ocrx_word' id='word_1_313' title='bbox 823 2317 992 2374; x_wconf 91' lang='lat' dir='ltr'><strong>nobis</strong></span> <span class='ocrx_word' id='word_1_314' title='bbox 1032 2324 1151 2375; x_wconf 87' lang='lat' dir='ltr'><strong>est:</strong></span> <span class='ocrx_word' id='word_1_315' title='bbox 1192 2320 1276 2374; x_wconf 90' lang='lat' dir='ltr'><strong>sic</strong></span> <span class='ocrx_word' id='word_1_316' title='bbox 1305 2321 1463 2375; x_wconf 89' lang='lat' dir='ltr'><strong>enim</strong></span> <span class='ocrx_word' id='word_1_317' title='bbox 1495 2320 1731 2391; x_wconf 88' lang='lat' dir='ltr'><strong>scripsit</strong></span> <span class='ocrx_word' id='word_1_318' title='bbox 1777 2321 2071 2375; x_wconf 86' lang='lat' dir='ltr'><strong>Joannes:</strong></span> 
     </span>
    </p>
   </div>
   <div class='ocr_carea' id='block_1_41' title="bbox 437 2404 2074 2478">
    <p class='ocr_par' dir='ltr' id='par_1_41' title="bbox 437 2404 2074 2478">
     <span class='ocr_line' id='line_1_41' title="bbox 437 2404 2074 2478; baseline 0.006 -24"><span class='ocrx_word' id='word_1_319' title='bbox 437 2428 464 2454; x_wconf 84' lang='grc'><strong>‹‹</strong></span> <span class='ocrx_word' id='word_1_320' title='bbox 487 2404 548 2460; x_wconf 91' lang='lat' dir='ltr'><strong>Si</strong></span> <span class='ocrx_word' id='word_1_321' title='bbox 580 2405 897 2478; x_wconf 83' lang='lat' dir='ltr'><strong>diligamus</strong></span> <span class='ocrx_word' id='word_1_322' title='bbox 929 2407 1198 2476; x_wconf 89' lang='lat' dir='ltr'><strong>invicem,</strong></span> <span class='ocrx_word' id='word_1_323' title='bbox 1223 2411 1374 2465; x_wconf 90' lang='lat' dir='ltr'><strong>Deus</strong></span> <span class='ocrx_word' id='word_1_324' title='bbox 1408 2410 1466 2464; x_wconf 91' lang='lat' dir='ltr'><strong>in</strong></span> <span class='ocrx_word' id='word_1_325' title='bbox 1525 2409 1694 2464; x_wconf 89' lang='lat' dir='ltr'><strong>nobis</strong></span> <span class='ocrx_word' id='word_1_326' title='bbox 1745 2414 1960 2465; x_wconf 88' lang='lat' dir='ltr'><strong>manet.</strong></span> <span class='ocrx_word' id='word_1_327' title='bbox 2012 2409 2074 2464; x_wconf 85' lang='lat' dir='ltr'><strong>In</strong></span> 
     </span>
    </p>
   </div>
   <div class='ocr_carea' id='block_1_42' title="bbox 437 2493 2076 2570">
    <p class='ocr_par' dir='ltr' id='par_1_42' title="bbox 437 2493 2076 2570">
     <span class='ocr_line' id='line_1_42' title="bbox 437 2493 2076 2570; baseline 0.004 -23"><span class='ocrx_word' id='word_1_328' title='bbox 437 2493 546 2548; x_wconf 92' lang='lat' dir='ltr'><strong>hoc</strong></span> <span class='ocrx_word' id='word_1_329' title='bbox 579 2496 991 2566; x_wconf 79' lang='lat' dir='ltr'><strong>cognoscimus</strong></span> <span class='ocrx_word' id='word_1_330' title='bbox 1023 2498 1300 2569; x_wconf 88' lang='lat' dir='ltr'><strong>quoniam</strong></span> <span class='ocrx_word' id='word_1_331' title='bbox 1335 2498 1391 2552; x_wconf 90' lang='lat' dir='ltr'><strong>in</strong></span> <span class='ocrx_word' id='word_1_332' title='bbox 1425 2515 1490 2553; x_wconf 93' lang='lat' dir='ltr'><strong>eo</strong></span> <span class='ocrx_word' id='word_1_333' title='bbox 1524 2515 1852 2565; x_wconf 91' lang='lat' dir='ltr'><strong>manemus,</strong></span> <span class='ocrx_word' id='word_1_334' title='bbox 1876 2504 1930 2554; x_wconf 86' lang='lat' dir='ltr'><strong>et</strong></span> <span class='ocrx_word' id='word_1_335' title='bbox 1952 2498 2076 2570; x_wconf 90' lang='lat' dir='ltr'><strong>ipse</strong></span> 
     </span>
    </p>
   </div>
   <div class='ocr_carea' id='block_1_43' title="bbox 438 2582 2076 2659">
    <p class='ocr_par' dir='ltr' id='par_1_43' title="bbox 438 2582 2076 2659">
     <span class='ocr_line' id='line_1_43' title="bbox 438 2582 2076 2659; baseline 0.001 -23"><span class='ocrx_word' id='word_1_336' title='bbox 438 2582 495 2636; x_wconf 91' lang='lat' dir='ltr'><strong>in</strong></span> <span class='ocrx_word' id='word_1_337' title='bbox 533 2584 724 2649; x_wconf 91' lang='lat' dir='ltr'><strong>nobis,</strong></span> <span class='ocrx_word' id='word_1_338' title='bbox 758 2585 1035 2655; x_wconf 86' lang='lat' dir='ltr'><strong>quoniam</strong></span> <span class='ocrx_word' id='word_1_339' title='bbox 1073 2588 1142 2641; x_wconf 88' lang='lat' dir='ltr'><strong>de</strong></span> <span class='ocrx_word' id='word_1_340' title='bbox 1170 2587 1390 2659; x_wconf 92' lang='lat' dir='ltr'><strong>Spiritu</strong></span> <span class='ocrx_word' id='word_1_341' title='bbox 1425 2604 1529 2642; x_wconf 88' lang='lat' dir='ltr'><strong>suo</strong></span> <span class='ocrx_word' id='word_1_342' title='bbox 1561 2588 1719 2642; x_wconf 90' lang='lat' dir='ltr'><strong>dedit</strong></span> <span class='ocrx_word' id='word_1_343' title='bbox 1751 2586 1918 2642; x_wconf 87' lang='lat' dir='ltr'><strong>nobis</strong></span> <span class='ocrx_word' id='word_1_344' title='bbox 1959 2590 2022 2641; x_wconf 85' lang='grc'>¹“¹.</span> <span class='ocrx_word' id='word_1_345' title='bbox 2049 2610 2076 2637; x_wconf 85' lang='grc'><strong>››</strong></span> 
     </span>
    </p>
   </div>
   <div class='ocr_carea' id='block_1_44' title="bbox 437 2674 2075 2744">
    <p class='ocr_par' dir='ltr' id='par_1_44' title="bbox 437 2674 2075 2744">
     <span class='ocr_line' id='line_1_44' title="bbox 437 2674 2075 2744; baseline 0.003 -18"><span class='ocrx_word' id='word_1_346' title='bbox 437 2674 698 2744; x_wconf 85' lang='lat' dir='ltr'><strong>Cumque</strong></span> <span class='ocrx_word' id='word_1_347' title='bbox 730 2674 884 2730; x_wconf 88' lang='lat' dir='ltr'><strong>Deus</strong></span> <span class='ocrx_word' id='word_1_348' title='bbox 916 2675 972 2729; x_wconf 90' lang='lat' dir='ltr'><strong>in</strong></span> <span class='ocrx_word' id='word_1_349' title='bbox 1010 2676 1176 2730; x_wconf 92' lang='lat' dir='ltr'><strong>nobis</strong></span> <span class='ocrx_word' id='word_1_350' title='bbox 1200 2682 1309 2744; x_wconf 88' lang='lat' dir='ltr'><strong>est,</strong></span> <span class='ocrx_word' id='word_1_351' title='bbox 1343 2675 1524 2732; x_wconf 84' lang='lat' dir='ltr'><strong>Filius</strong></span> <span class='ocrx_word' id='word_1_352' title='bbox 1569 2679 1720 2732; x_wconf 88' lang='lat' dir='ltr'><strong>certe</strong></span> <span class='ocrx_word' id='word_1_353' title='bbox 1759 2676 1959 2731; x_wconf 85' lang='lat' dir='ltr'><strong>itidem</strong></span> <span class='ocrx_word' id='word_1_354' title='bbox 2016 2676 2075 2731; x_wconf 91' lang='lat' dir='ltr'><strong>in</strong></span> 
     </span>
    </p>
   </div>
   <div class='ocr_carea' id='block_1_45' title="bbox 438 2761 2076 2837">
    <p class='ocr_par' dir='ltr' id='par_1_45' title="bbox 438 2761 2076 2837">
     <span class='ocr_line' id='line_1_45' title="bbox 438 2761 2076 2837; baseline 0.002 -21"><span class='ocrx_word' id='word_1_355' title='bbox 438 2761 604 2817; x_wconf 88' lang='lat' dir='ltr'><strong>nobis</strong></span> <span class='ocrx_word' id='word_1_356' title='bbox 636 2767 743 2834; x_wconf 85' lang='lat' dir='ltr'><strong>est,</strong></span> <span class='ocrx_word' id='word_1_357' title='bbox 777 2763 902 2835; x_wconf 89' lang='lat' dir='ltr'><strong>ipso</strong></span> <span class='ocrx_word' id='word_1_358' title='bbox 940 2765 1079 2820; x_wconf 84' lang='lat' dir='ltr'><strong>Filio</strong></span> <span class='ocrx_word' id='word_1_359' title='bbox 1111 2766 1370 2821; x_wconf 90' lang='lat' dir='ltr'><strong>dicente:</strong></span> <span class='ocrx_word' id='word_1_360' title='bbox 1407 2789 1432 2814; x_wconf 86' lang='lat'><strong>«</strong></span> <span class='ocrx_word' id='word_1_361' title='bbox 1468 2767 1582 2837; x_wconf 87' lang='lat' dir='ltr'><strong>Ego</strong></span> <span class='ocrx_word' id='word_1_362' title='bbox 1615 2770 1670 2822; x_wconf 87' lang='lat' dir='ltr'><strong>et</strong></span> <span class='ocrx_word' id='word_1_363' title='bbox 1698 2769 1868 2820; x_wconf 87' lang='lat' dir='ltr'><strong>Pater</strong></span> <span class='ocrx_word' id='word_1_364' title='bbox 1887 2765 2076 2820; x_wconf 91' lang='lat' dir='ltr'><strong>venie-</strong></span> 
     </span>
    </p>
   </div>
   <div class='ocr_carea' id='block_1_46' title="bbox 435 2851 2077 2926">
    <p class='ocr_par' dir='ltr' id='par_1_46' title="bbox 435 2851 2077 2926">
     <span class='ocr_line' id='line_1_46' title="bbox 435 2851 2077 2926; baseline 0.003 -21"><span class='ocrx_word' id='word_1_365' title='bbox 435 2866 568 2906; x_wconf 87' lang='lat' dir='ltr'><strong>mus</strong></span> <span class='ocrx_word' id='word_1_366' title='bbox 599 2854 654 2906; x_wconf 88' lang='lat' dir='ltr'><strong>et</strong></span> <span class='ocrx_word' id='word_1_367' title='bbox 683 2851 1042 2908; x_wconf 84' lang='lat' dir='ltr'><strong>mansionem</strong></span> <span class='ocrx_word' id='word_1_368' title='bbox 1072 2855 1226 2926; x_wconf 91' lang='lat' dir='ltr'><strong>apud</strong></span> <span class='ocrx_word' id='word_1_369' title='bbox 1259 2871 1391 2909; x_wconf 91' lang='lat' dir='ltr'><strong>eum</strong></span> <span class='ocrx_word' id='word_1_370' title='bbox 1447 2854 1728 2910; x_wconf 86' lang='lat' dir='ltr'><strong>faciemus</strong></span> <span class='ocrx_word' id='word_1_371' title='bbox 1762 2855 1825 2910; x_wconf 81' lang='grc'><strong>¹⁸.</strong></span> <span class='ocrx_word' id='word_1_372' title='bbox 1850 2878 1876 2904; x_wconf 87' lang='grc'>››</span> <span class='ocrx_word' id='word_1_373' title='bbox 1921 2856 2077 2912; x_wconf 73' lang='lat'><strong>584</strong></span> 
     </span>
    </p>
   </div>
   <div class='ocr_carea' id='block_1_47' title="bbox 435 2938 2076 3016">
    <p class='ocr_par' dir='ltr' id='par_1_47' title="bbox 435 2938 2076 3016">
     <span class='ocr_line' id='line_1_47' title="bbox 435 2938 2076 3016; baseline 0.004 -24"><span class='ocrx_word' id='word_1_374' title='bbox 435 2938 720 2994; x_wconf 88' lang='lat' dir='ltr'><strong>Similiter</strong></span> <span class='ocrx_word' id='word_1_375' title='bbox 750 2945 815 2995; x_wconf 91' lang='lat' dir='ltr'><strong>ut</strong></span> <span class='ocrx_word' id='word_1_376' title='bbox 848 2941 1029 2996; x_wconf 84' lang='lat' dir='ltr'><strong>Filius</strong></span> <span class='ocrx_word' id='word_1_377' title='bbox 1063 2948 1158 2998; x_wconf 82' lang='lat' dir='ltr'><strong>est</strong></span> <span class='ocrx_word' id='word_1_378' title='bbox 1181 2943 1298 2998; x_wconf 84' lang='lat' dir='ltr'><strong>vita</strong></span> <span class='ocrx_word' id='word_1_379' title='bbox 1327 2944 1530 3012; x_wconf 90' lang='lat' dir='ltr'><strong>eodem</strong></span> <span class='ocrx_word' id='word_1_380' title='bbox 1591 2947 1862 3011; x_wconf 87' lang='lat' dir='ltr'><strong>testante,</strong></span> <span class='ocrx_word' id='word_1_381' title='bbox 1897 2967 1924 2992; x_wconf 88' lang='grc'><strong>‹‹</strong></span> <span class='ocrx_word' id='word_1_382' title='bbox 1959 2944 2076 3016; x_wconf 87' lang='lat' dir='ltr'><strong>Ego</strong></span> 
     </span>
    </p>
   </div>
   <div class='ocr_carea' id='block_1_48' title="bbox 435 3028 2076 3104">
    <p class='ocr_par' dir='ltr' id='par_1_48' title="bbox 435 3028 2076 3104">
     <span class='ocr_line' id='line_1_48' title="bbox 435 3028 2076 3104; baseline 0.003 -23"><span class='ocrx_word' id='word_1_383' title='bbox 435 3043 566 3082; x_wconf 90' lang='lat' dir='ltr'><strong>sum</strong></span> <span class='ocrx_word' id='word_1_384' title='bbox 599 3028 715 3083; x_wconf 88' lang='lat' dir='ltr'><strong>vita</strong></span> <span class='ocrx_word' id='word_1_385' title='bbox 743 3030 825 3098; x_wconf 69' lang='lat'><strong>19;</strong></span> <span class='ocrx_word' id='word_1_386' title='bbox 859 3051 886 3079; x_wconf 87' lang='lat'>»</span> <span class='ocrx_word' id='word_1_387' title='bbox 921 3033 1003 3086; x_wconf 90' lang='lat' dir='ltr'><strong>sic</strong></span> <span class='ocrx_word' id='word_1_388' title='bbox 1025 3031 1200 3087; x_wconf 90' lang='lat' dir='ltr'><strong>etiam</strong></span> <span class='ocrx_word' id='word_1_389' title='bbox 1235 3032 1293 3086; x_wconf 91' lang='lat' dir='ltr'><strong>in</strong></span> <span class='ocrx_word' id='word_1_390' title='bbox 1326 3032 1545 3104; x_wconf 90' lang='lat' dir='ltr'><strong>Spiritu</strong></span> <span class='ocrx_word' id='word_1_391' title='bbox 1605 3032 1880 3087; x_wconf 87' lang='lat' dir='ltr'><strong>viviﬁcari</strong></span> <span class='ocrx_word' id='word_1_392' title='bbox 1933 3031 2076 3087; x_wconf 88' lang='lat' dir='ltr'><strong>dici-</strong></span> 
     </span>
    </p>
   </div>
   <div class='ocr_carea' id='block_1_49' title="bbox 435 3118 2078 3187">
    <p class='ocr_par' dir='ltr' id='par_1_49' title="bbox 435 3118 2078 3187">
     <span class='ocr_line' id='line_1_49' title="bbox 435 3118 2078 3187; baseline 0.003 -18"><span class='ocrx_word' id='word_1_393' title='bbox 435 3131 570 3170; x_wconf 88' lang='lat' dir='ltr'><strong>mur</strong></span> <span class='ocrx_word' id='word_1_394' title='bbox 599 3118 1096 3187; x_wconf 85' lang='lat' dir='ltr'><strong>quemadmodum</strong></span> <span class='ocrx_word' id='word_1_395' title='bbox 1126 3120 1344 3178; x_wconf 87' lang='lat' dir='ltr'><strong>Paulus</strong></span> <span class='ocrx_word' id='word_1_396' title='bbox 1376 3120 1456 3177; x_wconf 86' lang='lat' dir='ltr'><strong>ait</strong></span> <span class='ocrx_word' id='word_1_397' title='bbox 1484 3137 1496 3176; x_wconf 92' lang='lat'><strong>:</strong></span> <span class='ocrx_word' id='word_1_398' title='bbox 1553 3143 1578 3170; x_wconf 85' lang='lat'><strong>«</strong></span> <span class='ocrx_word' id='word_1_399' title='bbox 1612 3121 1718 3186; x_wconf 89' lang='lat' dir='ltr'><strong>Qui</strong></span> <span class='ocrx_word' id='word_1_400' title='bbox 1775 3119 2078 3177; x_wconf 87' lang='lat' dir='ltr'><strong>suscitavit</strong></span> 
     </span>
    </p>
   </div>
   <div class='ocr_carea' id='block_1_50' title="bbox 432 3203 2076 3273">
    <p class='ocr_par' dir='ltr' id='par_1_50' title="bbox 432 3203 2076 3273">
     <span class='ocr_line' id='line_1_50' title="bbox 432 3203 2076 3273; baseline 0.002 -14"><span class='ocrx_word' id='word_1_401' title='bbox 432 3203 633 3259; x_wconf 88' lang='lat' dir='ltr'><strong>Jesum</strong></span> <span class='ocrx_word' id='word_1_402' title='bbox 667 3205 965 3263; x_wconf 87' lang='lat' dir='ltr'><strong>Christum</strong></span> <span class='ocrx_word' id='word_1_403' title='bbox 999 3211 1320 3273; x_wconf 77' lang='lat' dir='ltr'><strong>emortuis.</strong></span> <span class='ocrx_word' id='word_1_404' title='bbox 1351 3209 1663 3266; x_wconf 85' lang='lat' dir='ltr'><strong>viviﬁcabit</strong></span> <span class='ocrx_word' id='word_1_405' title='bbox 1688 3214 1746 3264; x_wconf 88' lang='lat' dir='ltr'><strong>et</strong></span> <span class='ocrx_word' id='word_1_406' title='bbox 1807 3208 2076 3266; x_wconf 88' lang='lat' dir='ltr'><strong>mortalia</strong></span> 
     </span>
    </p>
   </div>
   <div class='ocr_carea' id='block_1_51' title="bbox 2187 1959 3839 2039">
    <p class='ocr_par' dir='ltr' id='par_1_51' title="bbox 2187 1959 3839 2039">
     <span class='ocr_line' id='line_1_51' title="bbox 2187 1959 3839 2039; baseline -0.001 -23"><span class='ocrx_word' id='word_1_407' title='bbox 2187 1984 2419 2039; x_wconf 83' lang='grc' dir='ltr'>γραπται</span> <span class='ocrx_word' id='word_1_408' title='bbox 2497 1961 2548 2017; x_wconf 89' lang='grc' dir='ltr'><strong>ἐν</strong></span> <span class='ocrx_word' id='word_1_409' title='bbox 2619 1967 2698 2034; x_wconf 80' lang='grc' dir='ltr'>τῷ</span> <span class='ocrx_word' id='word_1_410' title='bbox 2759 1963 3032 2034; x_wconf 75' lang='grc' dir='ltr'>ἑκατοστῷ</span> <span class='ocrx_word' id='word_1_411' title='bbox 3117 1965 3527 2036; x_wconf 78' lang='grc' dir='ltr'>τεσσαρακοστῷ</span> <span class='ocrx_word' id='word_1_412' title='bbox 3603 1959 3839 2034; x_wconf 72' lang='grc' dir='ltr'>πέμπτῳ</span> 
     </span>
    </p>
   </div>
   <div class='ocr_carea' id='block_1_52' title="bbox 2185 2048 3828 2126">
    <p class='ocr_par' dir='ltr' id='par_1_52' title="bbox 2185 2048 3828 2126">
     <span class='ocr_line' id='line_1_52' title="bbox 2185 2048 3828 2126; baseline -0.001 -21"><span class='ocrx_word' id='word_1_413' title='bbox 2185 2050 2411 2125; x_wconf 71' lang='grc' dir='ltr'>ψαλμῷο</span> <span class='ocrx_word' id='word_1_414' title='bbox 2477 2077 2496 2101; x_wconf 74' lang='grc' dir='ltr'><strong>ε</strong></span> <span class='ocrx_word' id='word_1_415' title='bbox 2563 2050 2756 2126; x_wconf 84' lang='grc' dir='ltr'>Κύριος</span> <span class='ocrx_word' id='word_1_416' title='bbox 2815 2049 2931 2105; x_wconf 85' lang='grc' dir='ltr'>λύει</span> <span class='ocrx_word' id='word_1_417' title='bbox 2990 2048 3424 2124; x_wconf 70' lang='grc' dir='ltr'>πεπεδημένους·</span> <span class='ocrx_word' id='word_1_418' title='bbox 3479 2049 3676 2123; x_wconf 85' lang='grc' dir='ltr'>Κύριος</span> <span class='ocrx_word' id='word_1_419' title='bbox 3737 2071 3828 2104; x_wconf 92' lang='grc' dir='ltr'>σο-</span> 
     </span>
    </p>
   </div>
   <div class='ocr_carea' id='block_1_53' title="bbox 2186 2135 3828 2218">
    <p class='ocr_par' dir='ltr' id='par_1_53' title="bbox 2186 2135 3828 2218">
     <span class='ocr_line' id='line_1_53' title="bbox 2186 2135 3828 2218; baseline -0.001 -24"><span class='ocrx_word' id='word_1_420' title='bbox 2186 2146 2281 2218; x_wconf 67' lang='lat' dir='ltr'><strong>(poi</strong></span> <span class='ocrx_word' id='word_1_421' title='bbox 2302 2139 2563 2218; x_wconf 70' lang='grc' dir='ltr'>τυφλούς.</span> <span class='ocrx_word' id='word_1_422' title='bbox 2602 2165 2622 2190; x_wconf 72' lang='grc' dir='ltr'><strong>ι</strong></span> <span class='ocrx_word' id='word_1_423' title='bbox 2661 2139 2758 2195; x_wconf 79' lang='grc' dir='ltr'>Καὶ</span> <span class='ocrx_word' id='word_1_424' title='bbox 2803 2143 2901 2193; x_wconf 89' lang='grc' dir='ltr'><strong>τοῦ</strong></span> <span class='ocrx_word' id='word_1_425' title='bbox 2951 2139 3264 2212; x_wconf 81' lang='grc' dir='ltr'>Πνεύματος</span> <span class='ocrx_word' id='word_1_426' title='bbox 3298 2137 3354 2194; x_wconf 70' lang='grc' dir='ltr'><strong>δὲ</strong></span> <span class='ocrx_word' id='word_1_427' title='bbox 3395 2141 3505 2213; x_wconf 83' lang='lat'>(66)</span> <span class='ocrx_word' id='word_1_428' title='bbox 3539 2135 3828 2212; x_wconf 73' lang='grc' dir='ltr'>διδομένου</span> 
     </span>
    </p>
   </div>
   <div class='ocr_carea' id='block_1_54' title="bbox 2187 2224 3828 2304">
    <p class='ocr_par' dir='ltr' id='par_1_54' title="bbox 2187 2224 3828 2304">
     <span class='ocr_line' id='line_1_54' title="bbox 2187 2224 3828 2304; baseline -0.001 -21"><span class='ocrx_word' id='word_1_429' title='bbox 2187 2229 2264 2291; x_wconf 85' lang='grc' dir='ltr'><strong>εἷς</strong></span> <span class='ocrx_word' id='word_1_430' title='bbox 2315 2232 2462 2302; x_wconf 79' lang='grc' dir='ltr'>ἡμᾶς</span> <span class='ocrx_word' id='word_1_431' title='bbox 2493 2234 2512 2298; x_wconf 91' lang='grc'>(</span> <span class='ocrx_word' id='word_1_432' title='bbox 2543 2253 2571 2280; x_wconf 89' lang='grc'><strong>‹‹</strong></span> <span class='ocrx_word' id='word_1_433' title='bbox 2606 2224 2809 2283; x_wconf 86' lang='grc' dir='ltr'>Λάϐετε</span> <span class='ocrx_word' id='word_1_434' title='bbox 2853 2228 2954 2304; x_wconf 74' lang='grc' dir='ltr'>γὰρ</span> <span class='ocrx_word' id='word_1_435' title='bbox 3009 2232 3226 2302; x_wconf 89' lang='grc' dir='ltr'>Πνεῦμα</span> <span class='ocrx_word' id='word_1_436' title='bbox 3275 2230 3446 2304; x_wconf 75' lang='grc' dir='ltr'>ἅγιον,</span> <span class='ocrx_word' id='word_1_437' title='bbox 3496 2253 3522 2279; x_wconf 90' lang='grc'><strong>››</strong></span> <span class='ocrx_word' id='word_1_438' title='bbox 3569 2225 3746 2303; x_wconf 78' lang='grc' dir='ltr'>ἔλεγεν</span> <span class='ocrx_word' id='word_1_439' title='bbox 3801 2229 3828 2282; x_wconf 90' lang='lat'><strong>6</strong></span> 
     </span>
    </p>
   </div>
   <div class='ocr_carea' id='block_1_55' title="bbox 2188 2315 3830 2393">
    <p class='ocr_par' dir='ltr' id='par_1_55' title="bbox 2188 2315 3830 2393">
     <span class='ocr_line' id='line_1_55' title="bbox 2188 2315 3830 2393; baseline -0.002 -21"><span class='ocrx_word' id='word_1_440' title='bbox 2188 2319 2429 2393; x_wconf 72' lang='grc' dir='ltr'>Σωτὴρ),</span> <span class='ocrx_word' id='word_1_441' title='bbox 2464 2318 2491 2372; x_wconf 87' lang='lat'><strong>6</strong></span> <span class='ocrx_word' id='word_1_442' title='bbox 2522 2319 2649 2378; x_wconf 85' lang='grc' dir='ltr'>Θεὸς</span> <span class='ocrx_word' id='word_1_443' title='bbox 2677 2317 2727 2370; x_wconf 90' lang='grc' dir='ltr'><strong>ἐν</strong></span> <span class='ocrx_word' id='word_1_444' title='bbox 2776 2319 2910 2390; x_wconf 75' lang='grc' dir='ltr'>ἡμῖν</span> <span class='ocrx_word' id='word_1_445' title='bbox 2958 2316 3120 2371; x_wconf 78' lang='grc' dir='ltr'>ἐστιν’</span> <span class='ocrx_word' id='word_1_446' title='bbox 3175 2315 3318 2371; x_wconf 74' lang='grc' dir='ltr'>οὕτω</span> <span class='ocrx_word' id='word_1_447' title='bbox 3363 2317 3462 2392; x_wconf 79' lang='grc' dir='ltr'><strong>γάρ</strong></span> <span class='ocrx_word' id='word_1_448' title='bbox 3513 2317 3541 2370; x_wconf 94' lang='lat'><strong>6</strong></span> <span class='ocrx_word' id='word_1_449' title='bbox 3572 2317 3830 2386; x_wconf 77' lang='grc' dir='ltr'>Ἰωάννης</span> 
     </span>
    </p>
   </div>
   <div class='ocr_carea' id='block_1_56' title="bbox 2187 2403 3830 2484">
    <p class='ocr_par' dir='ltr' id='par_1_56' title="bbox 2187 2403 3830 2484">
     <span class='ocr_line' id='line_1_56' title="bbox 2187 2403 3830 2484; baseline -0.002 -22"><span class='ocrx_word' id='word_1_450' title='bbox 2187 2405 2408 2484; x_wconf 77' lang='grc' dir='ltr'>ἔγραψεν</span> <span class='ocrx_word' id='word_1_451' title='bbox 2449 2426 2461 2439; x_wconf 84' lang='lat'><strong><em>°</em></strong></span> <span class='ocrx_word' id='word_1_452' title='bbox 2521 2432 2550 2458; x_wconf 86' lang='lat'><strong><em>«</em></strong></span> <span class='ocrx_word' id='word_1_453' title='bbox 2605 2406 2724 2461; x_wconf 75' lang='grc' dir='ltr'><strong>Ἐὰν</strong></span> <span class='ocrx_word' id='word_1_454' title='bbox 2783 2408 3074 2482; x_wconf 79' lang='grc' dir='ltr'>ἀγαπῶμεν</span> <span class='ocrx_word' id='word_1_455' title='bbox 3135 2403 3442 2476; x_wconf 81' lang='grc' dir='ltr'>ἀλλήλους,</span> <span class='ocrx_word' id='word_1_456' title='bbox 3506 2407 3533 2460; x_wconf 91' lang='lat'><strong>6</strong></span> <span class='ocrx_word' id='word_1_457' title='bbox 3591 2406 3719 2467; x_wconf 82' lang='grc' dir='ltr'>Θεὸς</span> <span class='ocrx_word' id='word_1_458' title='bbox 3781 2403 3830 2459; x_wconf 88' lang='grc' dir='ltr'><strong>ἐν</strong></span> 
     </span>
    </p>
   </div>
   <div class='ocr_carea' id='block_1_57' title="bbox 2186 2493 3835 2572">
    <p class='ocr_par' dir='ltr' id='par_1_57' title="bbox 2186 2493 3835 2572">
     <span class='ocr_line' id='line_1_57' title="bbox 2186 2493 3835 2572; baseline -0.001 -22"><span class='ocrx_word' id='word_1_459' title='bbox 2186 2499 2320 2570; x_wconf 73' lang='grc' dir='ltr'>ἡμῖν</span> <span class='ocrx_word' id='word_1_460' title='bbox 2378 2498 2543 2570; x_wconf 77' lang='grc' dir='ltr'>μένει.</span> <span class='ocrx_word' id='word_1_461' title='bbox 2578 2497 2664 2550; x_wconf 86' lang='grc' dir='ltr'>Ἐν</span> <span class='ocrx_word' id='word_1_462' title='bbox 2707 2495 2886 2568; x_wconf 86' lang='grc' dir='ltr'>τούτῳ</span> <span class='ocrx_word' id='word_1_463' title='bbox 2932 2497 3294 2572; x_wconf 81' lang='grc' dir='ltr'>γινώσκομεν,</span> <span class='ocrx_word' id='word_1_464' title='bbox 3327 2493 3409 2550; x_wconf 82' lang='grc' dir='ltr'>ὅτι</span> <span class='ocrx_word' id='word_1_465' title='bbox 3460 2493 3509 2549; x_wconf 88' lang='grc' dir='ltr'><strong>ἐν</strong></span> <span class='ocrx_word' id='word_1_466' title='bbox 3563 2493 3707 2566; x_wconf 85' lang='grc' dir='ltr'>αύτῷ</span> <span class='ocrx_word' id='word_1_467' title='bbox 3743 2495 3835 2567; x_wconf 80' lang='grc' dir='ltr'><strong>μὲ-</strong></span> 
     </span>
    </p>
   </div>
   <div class='ocr_carea' id='block_1_58' title="bbox 2186 2582 3836 2659">
    <p class='ocr_par' dir='ltr' id='par_1_58' title="bbox 2186 2582 3836 2659">
     <span class='ocr_line' id='line_1_58' title="bbox 2186 2582 3836 2659; baseline -0.001 -21"><span class='ocrx_word' id='word_1_468' title='bbox 2186 2607 2374 2659; x_wconf 86' lang='grc' dir='ltr'>νομεν,</span> <span class='ocrx_word' id='word_1_469' title='bbox 2406 2587 2495 2640; x_wconf 85' lang='grc' dir='ltr'><strong>καὶ</strong></span> <span class='ocrx_word' id='word_1_470' title='bbox 2527 2585 2686 2647; x_wconf 79' lang='grc' dir='ltr'>αὐτὸς</span> <span class='ocrx_word' id='word_1_471' title='bbox 2734 2583 2784 2639; x_wconf 81' lang='grc' dir='ltr'><strong>ἐν</strong></span> <span class='ocrx_word' id='word_1_472' title='bbox 2825 2587 2978 2657; x_wconf 73' lang='grc' dir='ltr'>ἡμῖν,</span> <span class='ocrx_word' id='word_1_473' title='bbox 3009 2583 3090 2639; x_wconf 77' lang='grc' dir='ltr'>ὅτι</span> <span class='ocrx_word' id='word_1_474' title='bbox 3123 2583 3181 2639; x_wconf 85' lang='grc' dir='ltr'><strong>ἐκ</strong></span> <span class='ocrx_word' id='word_1_475' title='bbox 3224 2589 3322 2639; x_wconf 89' lang='grc' dir='ltr'><strong>τοῦ</strong></span> <span class='ocrx_word' id='word_1_476' title='bbox 3370 2582 3680 2658; x_wconf 85' lang='grc' dir='ltr'>Πνεύματος</span> <span class='ocrx_word' id='word_1_477' title='bbox 3738 2583 3836 2636; x_wconf 76' lang='grc' dir='ltr'><strong>αὖ·</strong></span> 
     </span>
    </p>
   </div>
   <div class='ocr_carea' id='block_1_59' title="bbox 2185 2671 3834 2749">
    <p class='ocr_par' dir='ltr' id='par_1_59' title="bbox 2185 2671 3834 2749">
     <span class='ocr_line' id='line_1_59' title="bbox 2185 2671 3834 2749; baseline -0.002 -17"><span class='ocrx_word' id='word_1_478' title='bbox 2185 2683 2281 2733; x_wconf 90' lang='grc' dir='ltr'><strong>τοῦ</strong></span> <span class='ocrx_word' id='word_1_479' title='bbox 2315 2674 2509 2732; x_wconf 73' lang='grc' dir='ltr'>ἔδωκεν</span> <span class='ocrx_word' id='word_1_480' title='bbox 2541 2679 2698 2749; x_wconf 78' lang='grc' dir='ltr'>ἡμῖν.</span> <span class='ocrx_word' id='word_1_481' title='bbox 2728 2701 2755 2729; x_wconf 91' lang='grc'><strong>››</strong></span> <span class='ocrx_word' id='word_1_482' title='bbox 2788 2681 2892 2730; x_wconf 90' lang='grc' dir='ltr'>Τοῦ</span> <span class='ocrx_word' id='word_1_483' title='bbox 2943 2674 2999 2731; x_wconf 75' lang='grc' dir='ltr'><strong>δὲ</strong></span> <span class='ocrx_word' id='word_1_484' title='bbox 3047 2681 3181 2731; x_wconf 88' lang='grc' dir='ltr'>Θεοῦ</span> <span class='ocrx_word' id='word_1_485' title='bbox 3229 2671 3382 2738; x_wconf 71' lang='grc' dir='ltr'>ὄντος</span> <span class='ocrx_word' id='word_1_486' title='bbox 3412 2674 3462 2730; x_wconf 85' lang='grc' dir='ltr'><strong>ἐν</strong></span> <span class='ocrx_word' id='word_1_487' title='bbox 3514 2677 3674 2749; x_wconf 75' lang='grc' dir='ltr'>ἡμῖν,</span> <span class='ocrx_word' id='word_1_488' title='bbox 3724 2672 3834 2728; x_wconf 74' lang='grc' dir='ltr'>ἔστι</span> 
     </span>
    </p>
   </div>
   <div class='ocr_carea' id='block_1_60' title="bbox 2186 2761 3831 2842">
    <p class='ocr_par' dir='ltr' id='par_1_60' title="bbox 2186 2761 3831 2842">
     <span class='ocr_line' id='line_1_60' title="bbox 2186 2761 3831 2842; baseline -0.003 -19"><span class='ocrx_word' id='word_1_489' title='bbox 2186 2768 2274 2823; x_wconf 79' lang='grc' dir='ltr'><strong>καὶ</strong></span> <span class='ocrx_word' id='word_1_490' title='bbox 2308 2769 2335 2822; x_wconf 92' lang='lat'><strong>6</strong></span> <span class='ocrx_word' id='word_1_491' title='bbox 2362 2768 2482 2828; x_wconf 79' lang='grc' dir='ltr'>Υἱὸς</span> <span class='ocrx_word' id='word_1_492' title='bbox 2515 2765 2564 2821; x_wconf 81' lang='grc' dir='ltr'><strong>ἐν</strong></span> <span class='ocrx_word' id='word_1_493' title='bbox 2600 2769 2756 2839; x_wconf 74' lang='grc' dir='ltr'>ἡμῖν,</span> <span class='ocrx_word' id='word_1_494' title='bbox 2789 2765 3047 2842; x_wconf 75' lang='grc' dir='ltr'>λὲγοντος</span> <span class='ocrx_word' id='word_1_495' title='bbox 3079 2765 3242 2820; x_wconf 80' lang='grc' dir='ltr'>αὐτοῦ</span> <span class='ocrx_word' id='word_1_496' title='bbox 3279 2769 3376 2820; x_wconf 89' lang='grc' dir='ltr'><strong>τοῦ</strong></span> <span class='ocrx_word' id='word_1_497' title='bbox 3407 2765 3555 2819; x_wconf 71' lang='grc' dir='ltr'>Υἱοῦ·</span> <span class='ocrx_word' id='word_1_498' title='bbox 3585 2789 3614 2816; x_wconf 86' lang='grc'><strong>‹‹</strong></span> <span class='ocrx_word' id='word_1_499' title='bbox 3644 2761 3831 2821; x_wconf 82' lang='grc' dir='ltr'>Ἐλευ-</span> 
     </span>
    </p>
   </div>
   <div class='ocr_carea' id='block_1_61' title="bbox 2188 2852 3832 2930">
    <p class='ocr_par' dir='ltr' id='par_1_61' title="bbox 2188 2852 3832 2930">
     <span class='ocr_line' id='line_1_61' title="bbox 2188 2852 3832 2930; baseline -0.003 -20"><span class='ocrx_word' id='word_1_500' title='bbox 2188 2857 2388 2930; x_wconf 82' lang='grc' dir='ltr'>σόμεΘα</span> <span class='ocrx_word' id='word_1_501' title='bbox 2447 2854 2551 2929; x_wconf 84' lang='grc' dir='ltr'><strong>ἐγὼ</strong></span> <span class='ocrx_word' id='word_1_502' title='bbox 2606 2857 2695 2908; x_wconf 79' lang='grc' dir='ltr'><strong>καὶ</strong></span> <span class='ocrx_word' id='word_1_503' title='bbox 2753 2855 2782 2908; x_wconf 87' lang='lat'><strong>6</strong></span> <span class='ocrx_word' id='word_1_504' title='bbox 2841 2856 3056 2930; x_wconf 80' lang='grc' dir='ltr'>Πατὴρ,</span> <span class='ocrx_word' id='word_1_505' title='bbox 3115 2853 3206 2908; x_wconf 79' lang='grc' dir='ltr'><strong>καὶ</strong></span> <span class='ocrx_word' id='word_1_506' title='bbox 3270 2854 3438 2928; x_wconf 73' lang='grc' dir='ltr'>μονὴν</span> <span class='ocrx_word' id='word_1_507' title='bbox 3498 2853 3626 2929; x_wconf 87' lang='grc' dir='ltr'>παρ’</span> <span class='ocrx_word' id='word_1_508' title='bbox 3683 2852 3832 2925; x_wconf 82' lang='grc' dir='ltr'>αὐτῷ</span> 
     </span>
    </p>
   </div>
   <div class='ocr_carea' id='block_1_62' title="bbox 2185 2940 3832 3017">
    <p class='ocr_par' dir='ltr' id='par_1_62' title="bbox 2185 2940 3832 3017">
     <span class='ocr_line' id='line_1_62' title="bbox 2185 2940 3832 3017; baseline -0.003 -18"><span class='ocrx_word' id='word_1_509' title='bbox 2185 2947 2510 3016; x_wconf 74' lang='grc' dir='ltr'>ποιήσομεν.</span> <span class='ocrx_word' id='word_1_510' title='bbox 2545 2969 2572 2996; x_wconf 83' lang='grc'><strong>››</strong></span> <span class='ocrx_word' id='word_1_511' title='bbox 2606 2945 2832 3000; x_wconf 81' lang='grc' dir='ltr'>Ἔπειτα</span> <span class='ocrx_word' id='word_1_512' title='bbox 2864 2948 3008 3013; x_wconf 80' lang='grc' dir='ltr'>ζωῆς</span> <span class='ocrx_word' id='word_1_513' title='bbox 3042 2940 3208 3013; x_wconf 76' lang='grc' dir='ltr'>οῦσης</span> <span class='ocrx_word' id='word_1_514' title='bbox 3239 2947 3336 2997; x_wconf 91' lang='grc' dir='ltr'><strong>τοῦ</strong></span> <span class='ocrx_word' id='word_1_515' title='bbox 3377 2942 3526 3010; x_wconf 76' lang='grc' dir='ltr'>Υἱοῦ,</span> <span class='ocrx_word' id='word_1_516' title='bbox 3561 2966 3590 2994; x_wconf 82' lang='lat'><strong><em>«</em></strong></span> <span class='ocrx_word' id='word_1_517' title='bbox 3624 2942 3768 3017; x_wconf 83' lang='grc' dir='ltr'>Ἐγὼ</span> <span class='ocrx_word' id='word_1_518' title='bbox 3801 2966 3832 2994; x_wconf 83' lang='grc'><strong>››</strong></span> 
     </span>
    </p>
   </div>
   <div class='ocr_carea' id='block_1_63' title="bbox 2184 3029 3832 3109">
    <p class='ocr_par' dir='ltr' id='par_1_63' title="bbox 2184 3029 3832 3109">
     <span class='ocr_line' id='line_1_63' title="bbox 2184 3029 3832 3109; baseline -0.002 -21"><span class='ocrx_word' id='word_1_519' title='bbox 2184 3033 2306 3109; x_wconf 70' lang='grc' dir='ltr'>γὰρ,</span> <span class='ocrx_word' id='word_1_520' title='bbox 2359 3033 2544 3108; x_wconf 73' lang='grc' dir='ltr'>φησὶν,</span> <span class='ocrx_word' id='word_1_521' title='bbox 2579 3056 2607 3084; x_wconf 91' lang='grc'><strong>‹‹</strong></span> <span class='ocrx_word' id='word_1_522' title='bbox 2636 3031 2750 3106; x_wconf 78' lang='grc' dir='ltr'>εἷ’μὶ</span> <span class='ocrx_word' id='word_1_523' title='bbox 2782 3034 2817 3102; x_wconf 77' lang='grc' dir='ltr'><strong>ἡ</strong></span> <span class='ocrx_word' id='word_1_524' title='bbox 2866 3033 3002 3102; x_wconf 78' lang='grc' dir='ltr'>ζωὴ,</span> <span class='ocrx_word' id='word_1_525' title='bbox 3038 3057 3064 3083; x_wconf 86' lang='grc'><strong>››</strong></span> <span class='ocrx_word' id='word_1_526' title='bbox 3121 3032 3501 3102; x_wconf 81' lang='grc' dir='ltr'>ζωοποιεῖσθαι</span> <span class='ocrx_word' id='word_1_527' title='bbox 3554 3029 3832 3106; x_wconf 82' lang='grc' dir='ltr'>λεγόμεθα</span> 
     </span>
    </p>
   </div>
   <div class='ocr_carea' id='block_1_64' title="bbox 2187 3119 3831 3198">
    <p class='ocr_par' dir='ltr' id='par_1_64' title="bbox 2187 3119 3831 3198">
     <span class='ocr_line' id='line_1_64' title="bbox 2187 3119 3831 3198; baseline -0.002 -22"><span class='ocrx_word' id='word_1_528' title='bbox 2187 3121 2238 3177; x_wconf 77' lang='grc' dir='ltr'><strong>ἐν</strong></span> <span class='ocrx_word' id='word_1_529' title='bbox 2273 3127 2352 3194; x_wconf 76' lang='grc' dir='ltr'>τῷ</span> <span class='ocrx_word' id='word_1_530' title='bbox 2397 3121 2688 3194; x_wconf 78' lang='grc' dir='ltr'>Πνεύματιο</span> <span class='ocrx_word' id='word_1_531' title='bbox 2728 3146 2747 3172; x_wconf 82' lang='grc' dir='ltr'><strong>ι</strong></span> <span class='ocrx_word' id='word_1_532' title='bbox 2782 3122 2838 3174; x_wconf 76' lang='grc' dir='ltr'>Ὀ</span> <span class='ocrx_word' id='word_1_533' title='bbox 2872 3145 2900 3172; x_wconf 84' lang='grc'><strong>››</strong></span> <span class='ocrx_word' id='word_1_534' title='bbox 2947 3120 3045 3196; x_wconf 74' lang='grc' dir='ltr'><strong>γὰρ</strong></span> <span class='ocrx_word' id='word_1_535' title='bbox 3079 3146 3108 3174; x_wconf 76' lang='grc' dir='ltr'>(ι</span> <span class='ocrx_word' id='word_1_536' title='bbox 3158 3120 3383 3196; x_wconf 81' lang='grc' dir='ltr'>ἐγείρας.</span> <span class='ocrx_word' id='word_1_537' title='bbox 3435 3119 3590 3198; x_wconf 74' lang='grc' dir='ltr'>φησὶ,</span> <span class='ocrx_word' id='word_1_538' title='bbox 3633 3145 3661 3173; x_wconf 89' lang='grc'><strong>‹‹</strong></span> <span class='ocrx_word' id='word_1_539' title='bbox 3694 3125 3831 3195; x_wconf 82' lang='grc' dir='ltr'>Χρι-</span> 
     </span>
    </p>
   </div>
   <div class='ocr_carea' id='block_1_65' title="bbox 2187 3207 3834 3284">
    <p class='ocr_par' dir='ltr' id='par_1_65' title="bbox 2187 3207 3834 3284">
     <span class='ocr_line' id='line_1_65' title="bbox 2187 3207 3834 3284; baseline -0.002 -19"><span class='ocrx_word' id='word_1_540' title='bbox 2187 3211 2308 3265; x_wconf 87' lang='grc' dir='ltr'>στὸν</span> <span class='ocrx_word' id='word_1_541' title='bbox 2369 3211 2577 3280; x_wconf 78' lang='grc' dir='ltr'>Ἰησοῦν</span> <span class='ocrx_word' id='word_1_542' title='bbox 2643 3209 2701 3264; x_wconf 88' lang='grc' dir='ltr'><strong>ἐκ</strong></span> <span class='ocrx_word' id='word_1_543' title='bbox 2757 3215 2960 3284; x_wconf 80' lang='grc' dir='ltr'>νεκρῶν</span> <span class='ocrx_word' id='word_1_544' title='bbox 3023 3211 3351 3280; x_wconf 77' lang='grc' dir='ltr'>ζωοποιήσει</span> <span class='ocrx_word' id='word_1_545' title='bbox 3405 3209 3494 3264; x_wconf 84' lang='grc' dir='ltr'><strong>καὶ</strong></span> <span class='ocrx_word' id='word_1_546' title='bbox 3551 3207 3617 3263; x_wconf 76' lang='grc' dir='ltr'>τὰ</span> <span class='ocrx_word' id='word_1_547' title='bbox 3664 3208 3834 3277; x_wconf 78' lang='grc' dir='ltr'>Θνητᾶ</span> 
     </span>
    </p>
   </div>
   <div class='ocr_carea' id='block_1_66' title="bbox 433 3269 2078 3372">
    <p class='ocr_par' dir='ltr' id='par_1_66' title="bbox 433 3269 2072 3370">
     <span class='ocr_line' id='line_1_66' title="bbox 433 3269 2072 3370; baseline 0.002 -22"><span class='ocrx_word' id='word_1_548' title='bbox 433 3309 676 3365; x_wconf 88' lang='lat' dir='ltr'><strong>corpora</strong></span> <span class='ocrx_word' id='word_1_549' title='bbox 705 3300 893 3350; x_wconf 88' lang='lat' dir='ltr'><strong>vestra</strong></span> <span class='ocrx_word' id='word_1_550' title='bbox 925 3313 1026 3368; x_wconf 91' lang='lat' dir='ltr'><strong>per</strong></span> <span class='ocrx_word' id='word_1_551' title='bbox 1056 3269 1480 3354; x_wconf 81' lang='lat' dir='ltr'><strong>inhabitantem</strong></span> <span class='ocrx_word' id='word_1_552' title='bbox 1513 3299 1636 3369; x_wconf 85' lang='lat' dir='ltr'><strong>ejus</strong></span> <span class='ocrx_word' id='word_1_553' title='bbox 1675 3297 1953 3370; x_wconf 91' lang='lat' dir='ltr'><strong>Spiritum</strong></span> <span class='ocrx_word' id='word_1_554' title='bbox 2012 3298 2072 3352; x_wconf 90' lang='lat' dir='ltr'><strong>in</strong></span> 
     </span>
    </p>
   </div>
   <div class='ocr_carea' id='block_1_67' title="bbox 2191 3269 3834 3372">
    <p class='ocr_par' dir='ltr' id='par_1_67' title="bbox 2191 3295 3834 3372">
     <span class='ocr_line' id='line_1_67' title="bbox 2191 3295 3834 3372; baseline -0.002 -18"><span class='ocrx_word' id='word_1_555' title='bbox 2191 3300 2413 3372; x_wconf 83' lang='grc' dir='ltr'>σώματα</span> <span class='ocrx_word' id='word_1_556' title='bbox 2445 3301 2605 3371; x_wconf 76' lang='grc' dir='ltr'>ἡμῶν</span> <span class='ocrx_word' id='word_1_557' title='bbox 2657 3295 2745 3370; x_wconf 82' lang='grc' dir='ltr'>διᾷ</span> <span class='ocrx_word' id='word_1_558' title='bbox 2790 3303 2886 3353; x_wconf 89' lang='grc' dir='ltr'><strong>τοῦ</strong></span> <span class='ocrx_word' id='word_1_559' title='bbox 2918 3296 3256 3360; x_wconf 87' lang='grc' dir='ltr'>ἐνοικοῦντος</span> <span class='ocrx_word' id='word_1_560' title='bbox 3305 3296 3469 3352; x_wconf 79' lang='grc' dir='ltr'>αὐτοῦ</span> <span class='ocrx_word' id='word_1_561' title='bbox 3519 3297 3834 3370; x_wconf 83' lang='grc' dir='ltr'>Πνεύματος</span> 
     </span>
    </p>
   </div>
   <div class='ocr_carea' id='block_1_68' title="bbox 433 3383 2075 3459">
    <p class='ocr_par' dir='ltr' id='par_1_68' title="bbox 433 3383 2075 3459">
     <span class='ocr_line' id='line_1_68' title="bbox 433 3383 2075 3459; baseline 0.003 -22"><span class='ocrx_word' id='word_1_562' title='bbox 433 3383 596 3439; x_wconf 89' lang='lat' dir='ltr'><strong>vobis</strong></span> <span class='ocrx_word' id='word_1_563' title='bbox 625 3384 689 3438; x_wconf 80' lang='grc'>¹⁰.</span> <span class='ocrx_word' id='word_1_564' title='bbox 735 3407 762 3433; x_wconf 93' lang='grc'><strong>››</strong></span> <span class='ocrx_word' id='word_1_565' title='bbox 795 3385 973 3442; x_wconf 81' lang='lat' dir='ltr'><strong>Nobis</strong></span> <span class='ocrx_word' id='word_1_566' title='bbox 996 3403 1164 3458; x_wconf 87' lang='lat' dir='ltr'><strong>porro</strong></span> <span class='ocrx_word' id='word_1_567' title='bbox 1195 3387 1252 3441; x_wconf 89' lang='lat' dir='ltr'><strong>in</strong></span> <span class='ocrx_word' id='word_1_568' title='bbox 1285 3387 1503 3459; x_wconf 89' lang='lat' dir='ltr'><strong>Spiritu</strong></span> <span class='ocrx_word' id='word_1_569' title='bbox 1536 3387 1712 3442; x_wconf 88' lang='lat' dir='ltr'><strong>vitam</strong></span> <span class='ocrx_word' id='word_1_570' title='bbox 1741 3386 2075 3459; x_wconf 83' lang='lat' dir='ltr'><strong>accipienti-</strong></span> 
     </span>
    </p>
   </div>
   <div class='ocr_carea' id='block_1_69' title="bbox 435 3471 2076 3545">
    <p class='ocr_par' dir='ltr' id='par_1_69' title="bbox 435 3471 2076 3545">
     <span class='ocr_line' id='line_1_69' title="bbox 435 3471 2076 3545; baseline 0.002 -19"><span class='ocrx_word' id='word_1_571' title='bbox 435 3471 568 3541; x_wconf 85' lang='lat' dir='ltr'><strong>bus,</strong></span> <span class='ocrx_word' id='word_1_572' title='bbox 603 3472 726 3545; x_wconf 87' lang='lat' dir='ltr'><strong>ipse</strong></span> <span class='ocrx_word' id='word_1_573' title='bbox 750 3473 1018 3530; x_wconf 89' lang='lat' dir='ltr'><strong>Christus</strong></span> <span class='ocrx_word' id='word_1_574' title='bbox 1047 3475 1105 3530; x_wconf 91' lang='lat' dir='ltr'><strong>in</strong></span> <span class='ocrx_word' id='word_1_575' title='bbox 1139 3475 1306 3532; x_wconf 89' lang='lat' dir='ltr'><strong>nobis</strong></span> <span class='ocrx_word' id='word_1_576' title='bbox 1332 3475 1520 3532; x_wconf 90' lang='lat' dir='ltr'><strong>vivere</strong></span> <span class='ocrx_word' id='word_1_577' title='bbox 1547 3475 1779 3542; x_wconf 86' lang='lat' dir='ltr'><strong>dicitur,</strong></span> <span class='ocrx_word' id='word_1_578' title='bbox 1812 3480 1958 3531; x_wconf 80' lang='lat' dir='ltr'><strong>utex</strong></span> <span class='ocrx_word' id='word_1_579' title='bbox 1980 3474 2076 3530; x_wconf 88' lang='lat' dir='ltr'><strong>his</strong></span> 
     </span>
    </p>
   </div>
   <div class='ocr_carea' id='block_1_70' title="bbox 2185 3383 3832 3459">
    <p class='ocr_par' dir='ltr' id='par_1_70' title="bbox 2185 3383 3832 3459">
     <span class='ocr_line' id='line_1_70' title="bbox 2185 3383 3832 3459; baseline -0.003 -17"><span class='ocrx_word' id='word_1_580' title='bbox 2185 3385 2235 3442; x_wconf 85' lang='grc' dir='ltr'><strong>ἐν</strong></span> <span class='ocrx_word' id='word_1_581' title='bbox 2271 3387 2419 3458; x_wconf 86' lang='grc' dir='ltr'>ύμῖν.</span> <span class='ocrx_word' id='word_1_582' title='bbox 2450 3410 2478 3436; x_wconf 87' lang='grc'><strong>››</strong></span> <span class='ocrx_word' id='word_1_583' title='bbox 2511 3385 2973 3459; x_wconf 77' lang='grc' dir='ltr'>Ζωοποιουμὲνων</span> <span class='ocrx_word' id='word_1_584' title='bbox 3017 3383 3074 3440; x_wconf 73' lang='grc' dir='ltr'><strong>δὲ</strong></span> <span class='ocrx_word' id='word_1_585' title='bbox 3124 3387 3284 3459; x_wconf 76' lang='grc' dir='ltr'>ἡμῶν</span> <span class='ocrx_word' id='word_1_586' title='bbox 3336 3384 3387 3439; x_wconf 87' lang='grc' dir='ltr'><strong>ἐν</strong></span> <span class='ocrx_word' id='word_1_587' title='bbox 3428 3389 3508 3457; x_wconf 78' lang='grc' dir='ltr'>τῷ</span> <span class='ocrx_word' id='word_1_588' title='bbox 3537 3383 3832 3458; x_wconf 86' lang='grc' dir='ltr'>Πνεύματι,</span> 
     </span>
    </p>
   </div>
   <div class='ocr_carea' id='block_1_71' title="bbox 2187 3473 3834 3551">
    <p class='ocr_par' dir='ltr' id='par_1_71' title="bbox 2187 3473 3834 3551">
     <span class='ocr_line' id='line_1_71' title="bbox 2187 3473 3834 3551; baseline -0.01 -10"><span class='ocrx_word' id='word_1_589' title='bbox 2187 3481 2280 3551; x_wconf 70' lang='grc' dir='ltr'>ζῇν</span> <span class='ocrx_word' id='word_1_590' title='bbox 2327 3475 2489 3537; x_wconf 60' lang='grc' dir='ltr'>αὐτὸς</span> <span class='ocrx_word' id='word_1_591' title='bbox 2541 3476 2568 3529; x_wconf 82' lang='grc' dir='ltr'>ὁ</span> <span class='ocrx_word' id='word_1_592' title='bbox 2617 3476 2847 3551; x_wconf 86' lang='grc' dir='ltr'>Χριστὸς</span> <span class='ocrx_word' id='word_1_593' title='bbox 2900 3475 2951 3530; x_wconf 86' lang='grc' dir='ltr'><strong>ἐν</strong></span> <span class='ocrx_word' id='word_1_594' title='bbox 3000 3478 3135 3549; x_wconf 76' lang='grc' dir='ltr'>ἡμῖν</span> <span class='ocrx_word' id='word_1_595' title='bbox 3193 3473 3428 3549; x_wconf 74' lang='grc' dir='ltr'>λέγεται.</span> <span class='ocrx_word' id='word_1_596' title='bbox 3480 3499 3507 3526; x_wconf 92' lang='grc'>‹‹</span> <span class='ocrx_word' id='word_1_597' title='bbox 3554 3478 3834 3548; x_wconf 76' lang='grc' dir='ltr'>Χριστῷ»</span> 
     </span>
    </p>
   </div>
   <div class='ocr_carea' id='block_1_72' title="bbox 432 3560 2078 3643">
    <p class='ocr_par' dir='ltr' id='par_1_72' title="bbox 432 3560 2074 3634">
     <span class='ocr_line' id='line_1_72' title="bbox 432 3560 2074 3634; baseline 0.004 -22"><span class='ocrx_word' id='word_1_598' title='bbox 432 3560 624 3616; x_wconf 88' lang='lat' dir='ltr'><strong>verbis</strong></span> <span class='ocrx_word' id='word_1_599' title='bbox 651 3567 849 3634; x_wconf 84' lang='lat' dir='ltr'><strong>patet:</strong></span> <span class='ocrx_word' id='word_1_600' title='bbox 889 3584 910 3610; x_wconf 73' lang='grc' dir='ltr'><strong><em>α</em></strong></span> <span class='ocrx_word' id='word_1_601' title='bbox 945 3563 1174 3619; x_wconf 86' lang='lat' dir='ltr'><strong>Christo</strong></span> <span class='ocrx_word' id='word_1_602' title='bbox 1205 3565 1466 3620; x_wconf 82' lang='lat' dir='ltr'><strong>conﬁxus</strong></span> <span class='ocrx_word' id='word_1_603' title='bbox 1517 3583 1650 3620; x_wconf 90' lang='lat' dir='ltr'><strong>sum</strong></span> <span class='ocrx_word' id='word_1_604' title='bbox 1704 3564 1879 3619; x_wconf 89' lang='lat' dir='ltr'><strong>cruci.</strong></span> <span class='ocrx_word' id='word_1_605' title='bbox 1934 3564 2074 3618; x_wconf 85' lang='lat' dir='ltr'><strong>Vivo</strong></span> 
     </span>
    </p>
   </div>
   <div class='ocr_carea' id='block_1_73' title="bbox 2191 3560 3831 3643">
    <p class='ocr_par' dir='ltr' id='par_1_73' title="bbox 2191 3561 3831 3643">
     <span class='ocr_line' id='line_1_73' title="bbox 2191 3561 3831 3643; baseline -0.002 -24"><span class='ocrx_word' id='word_1_606' title='bbox 2191 3567 2303 3641; x_wconf 74' lang='grc' dir='ltr'>γάρ,</span> <span class='ocrx_word' id='word_1_607' title='bbox 2338 3563 2490 3643; x_wconf 72' lang='grc' dir='ltr'>φησί,</span> <span class='ocrx_word' id='word_1_608' title='bbox 2526 3587 2554 3616; x_wconf 88' lang='grc'><strong>‹‹</strong></span> <span class='ocrx_word' id='word_1_609' title='bbox 2599 3564 3037 3640; x_wconf 80' lang='grc' dir='ltr'>συνεσταύρωμαι</span> <span class='ocrx_word' id='word_1_610' title='bbox 3088 3566 3221 3638; x_wconf 83' lang='lat'>(67).</span> <span class='ocrx_word' id='word_1_611' title='bbox 3255 3568 3339 3618; x_wconf 81' lang='grc' dir='ltr'><strong>Ζῶ</strong></span> <span class='ocrx_word' id='word_1_612' title='bbox 3389 3561 3446 3618; x_wconf 71' lang='grc' dir='ltr'><strong>δὲ</strong></span> <span class='ocrx_word' id='word_1_613' title='bbox 3489 3562 3668 3618; x_wconf 73' lang='grc' dir='ltr'>οὐκέτι</span> <span class='ocrx_word' id='word_1_614' title='bbox 3702 3562 3831 3638; x_wconf 78' lang='grc' dir='ltr'>ἐγώο</span> 
     </span>
    </p>
   </div>
   <div class='ocr_carea' id='block_1_74' title="bbox 437 3651 2073 3724">
    <p class='ocr_par' dir='ltr' id='par_1_74' title="bbox 437 3651 2073 3724">
     <span class='ocr_line' id='line_1_74' title="bbox 437 3651 2073 3724; baseline 0.002 -21"><span class='ocrx_word' id='word_1_615' title='bbox 437 3651 794 3722; x_wconf 89' lang='lat' dir='ltr'><strong>autem,jam</strong></span> <span class='ocrx_word' id='word_1_616' title='bbox 831 3670 944 3707; x_wconf 92' lang='lat' dir='ltr'><strong>non</strong></span> <span class='ocrx_word' id='word_1_617' title='bbox 979 3670 1082 3724; x_wconf 84' lang='lat' dir='ltr'><strong>ego</strong></span> <span class='ocrx_word' id='word_1_618' title='bbox 1113 3672 1123 3708; x_wconf 94' lang='lat'>:</span> <span class='ocrx_word' id='word_1_619' title='bbox 1150 3653 1287 3709; x_wconf 88' lang='lat' dir='ltr'><strong>vivit</strong></span> <span class='ocrx_word' id='word_1_620' title='bbox 1310 3671 1439 3710; x_wconf 88' lang='lat' dir='ltr'><strong>vero</strong></span> <span class='ocrx_word' id='word_1_621' title='bbox 1467 3655 1522 3709; x_wconf 91' lang='lat' dir='ltr'><strong>in</strong></span> <span class='ocrx_word' id='word_1_622' title='bbox 1548 3671 1639 3709; x_wconf 90' lang='lat' dir='ltr'><strong>me</strong></span> <span class='ocrx_word' id='word_1_623' title='bbox 1661 3653 1930 3711; x_wconf 86' lang='lat' dir='ltr'><strong>Christus</strong></span> <span class='ocrx_word' id='word_1_624' title='bbox 1955 3653 2021 3706; x_wconf 62' lang='lat'><strong>5“.</strong></span> <span class='ocrx_word' id='word_1_625' title='bbox 2046 3674 2073 3702; x_wconf 87' lang='lat'><strong>»</strong></span> 
     </span>
    </p>
   </div>
   <div class='ocr_carea' id='block_1_75' title="bbox 435 3738 2074 3816">
    <p class='ocr_par' dir='ltr' id='par_1_75' title="bbox 435 3738 2074 3816">
     <span class='ocr_line' id='line_1_75' title="bbox 435 3738 2074 3816; baseline 0.002 -24"><span class='ocrx_word' id='word_1_626' title='bbox 435 3738 503 3793; x_wconf 84' lang='lat' dir='ltr'><strong>Et</strong></span> <span class='ocrx_word' id='word_1_627' title='bbox 535 3755 762 3809; x_wconf 91' lang='lat' dir='ltr'><strong>rursus,</strong></span> <span class='ocrx_word' id='word_1_628' title='bbox 795 3743 1287 3812; x_wconf 88' lang='lat' dir='ltr'><strong>quemadmodum</strong></span> <span class='ocrx_word' id='word_1_629' title='bbox 1313 3742 1490 3798; x_wconf 89' lang='lat' dir='ltr'><strong>Filius</strong></span> <span class='ocrx_word' id='word_1_630' title='bbox 1515 3761 1640 3816; x_wconf 69' lang='lat' dir='ltr'><strong>quze</strong></span> <span class='ocrx_word' id='word_1_631' title='bbox 1670 3742 1917 3798; x_wconf 82' lang='lat' dir='ltr'><strong>faciebat</strong></span> <span class='ocrx_word' id='word_1_632' title='bbox 1938 3759 2074 3814; x_wconf 88' lang='lat' dir='ltr'><strong>ope-</strong></span> 
     </span>
    </p>
   </div>
   <div class='ocr_carea' id='block_1_76' title="bbox 435 3830 2074 3895">
    <p class='ocr_par' dir='ltr' id='par_1_76' title="bbox 435 3830 2074 3895">
     <span class='ocr_line' id='line_1_76' title="bbox 435 3830 2074 3895; baseline 0.004 -14"><span class='ocrx_word' id='word_1_633' title='bbox 435 3844 519 3895; x_wconf 90' lang='lat' dir='ltr'><strong>ra,</strong></span> <span class='ocrx_word' id='word_1_634' title='bbox 551 3831 780 3884; x_wconf 89' lang='lat' dir='ltr'><strong>Patrem</strong></span> <span class='ocrx_word' id='word_1_635' title='bbox 816 3848 989 3886; x_wconf 92' lang='lat' dir='ltr'><strong>suum</strong></span> <span class='ocrx_word' id='word_1_636' title='bbox 1024 3832 1210 3888; x_wconf 89' lang='lat' dir='ltr'><strong>facere</strong></span> <span class='ocrx_word' id='word_1_637' title='bbox 1241 3831 1320 3887; x_wconf 88' lang='lat' dir='ltr'><strong>ita</strong></span> <span class='ocrx_word' id='word_1_638' title='bbox 1355 3833 1718 3888; x_wconf 86' lang='lat' dir='ltr'><strong>testabatur:</strong></span> <span class='ocrx_word' id='word_1_639' title='bbox 1753 3856 1780 3882; x_wconf 93' lang='grc'><em>‹‹</em></span> <span class='ocrx_word' id='word_1_640' title='bbox 1816 3835 1986 3888; x_wconf 85' lang='lat' dir='ltr'><strong>Pater</strong></span> <span class='ocrx_word' id='word_1_641' title='bbox 2013 3830 2074 3887; x_wconf 88' lang='lat' dir='ltr'><strong>in</strong></span> 
     </span>
    </p>
   </div>
   <div class='ocr_carea' id='block_1_77' title="bbox 435 3920 2075 3994">
    <p class='ocr_par' dir='ltr' id='par_1_77' title="bbox 435 3920 2075 3994">
     <span class='ocr_line' id='line_1_77' title="bbox 435 3920 2075 3994; baseline 0.003 -23"><span class='ocrx_word' id='word_1_642' title='bbox 435 3931 527 3971; x_wconf 91' lang='lat' dir='ltr'><strong>me</strong></span> <span class='ocrx_word' id='word_1_643' title='bbox 551 3935 814 3988; x_wconf 90' lang='lat' dir='ltr'><strong>manens,</strong></span> <span class='ocrx_word' id='word_1_644' title='bbox 841 3920 964 3992; x_wconf 88' lang='lat' dir='ltr'><strong>ipse</strong></span> <span class='ocrx_word' id='word_1_645' title='bbox 994 3921 1129 3976; x_wconf 84' lang='lat' dir='ltr'><strong>facit</strong></span> <span class='ocrx_word' id='word_1_646' title='bbox 1151 3939 1342 3994; x_wconf 88' lang='lat' dir='ltr'><strong>opera.</strong></span> <span class='ocrx_word' id='word_1_647' title='bbox 1370 3921 1594 3978; x_wconf 84' lang='lat' dir='ltr'><strong>Credite</strong></span> <span class='ocrx_word' id='word_1_648' title='bbox 1621 3921 1786 3992; x_wconf 89' lang='lat' dir='ltr'><strong>mihi,</strong></span> <span class='ocrx_word' id='word_1_649' title='bbox 1809 3921 1950 3993; x_wconf 88' lang='lat' dir='ltr'><strong>quia</strong></span> <span class='ocrx_word' id='word_1_650' title='bbox 1971 3936 2075 3993; x_wconf 85' lang='lat' dir='ltr'><strong>ego</strong></span> 
     </span>
    </p>
   </div>
   <div class='ocr_carea' id='block_1_78' title="bbox 435 4007 2078 4083">
    <p class='ocr_par' dir='ltr' id='par_1_78' title="bbox 435 4007 2078 4083">
     <span class='ocr_line' id='line_1_78' title="bbox 435 4007 2078 4083; baseline 0.004 -23"><span class='ocrx_word' id='word_1_651' title='bbox 435 4007 492 4061; x_wconf 91' lang='lat' dir='ltr'><strong>in</strong></span> <span class='ocrx_word' id='word_1_652' title='bbox 528 4012 690 4064; x_wconf 84' lang='lat' dir='ltr'><strong>Patre</strong></span> <span class='ocrx_word' id='word_1_653' title='bbox 718 4013 774 4064; x_wconf 90' lang='lat' dir='ltr'><strong>et</strong></span> <span class='ocrx_word' id='word_1_654' title='bbox 804 4013 972 4065; x_wconf 87' lang='lat' dir='ltr'><strong>Pater</strong></span> <span class='ocrx_word' id='word_1_655' title='bbox 1002 4010 1060 4065; x_wconf 86' lang='lat' dir='ltr'><strong>in</strong></span> <span class='ocrx_word' id='word_1_656' title='bbox 1093 4027 1185 4066; x_wconf 90' lang='lat' dir='ltr'><strong>me</strong></span> <span class='ocrx_word' id='word_1_657' title='bbox 1216 4016 1323 4066; x_wconf 90' lang='lat' dir='ltr'><strong>est.</strong></span> <span class='ocrx_word' id='word_1_658' title='bbox 1355 4011 1623 4082; x_wconf 88' lang='lat' dir='ltr'><strong>Alioquin</strong></span> <span class='ocrx_word' id='word_1_659' title='bbox 1647 4016 1882 4083; x_wconf 91' lang='lat' dir='ltr'><strong>propter</strong></span> <span class='ocrx_word' id='word_1_660' title='bbox 1902 4027 2078 4083; x_wconf 84' lang='lat' dir='ltr'><strong>opera</strong></span> 
     </span>
    </p>
   </div>
   <div class='ocr_carea' id='block_1_79' title="bbox 433 4096 2076 4172">
    <p class='ocr_par' dir='ltr' id='par_1_79' title="bbox 433 4096 2076 4172">
     <span class='ocr_line' id='line_1_79' title="bbox 433 4096 2076 4172; baseline 0.004 -22"><span class='ocrx_word' id='word_1_661' title='bbox 433 4096 562 4167; x_wconf 88' lang='lat' dir='ltr'><strong>ipsa</strong></span> <span class='ocrx_word' id='word_1_662' title='bbox 587 4099 804 4154; x_wconf 91' lang='lat' dir='ltr'><strong>credite</strong></span> <span class='ocrx_word' id='word_1_663' title='bbox 836 4099 980 4154; x_wconf 90' lang='lat' dir='ltr'><strong>mihi</strong></span> <span class='ocrx_word' id='word_1_664' title='bbox 1009 4100 1090 4156; x_wconf 84' lang='grc'><strong>²²;</strong></span> <span class='ocrx_word' id='word_1_665' title='bbox 1127 4123 1153 4148; x_wconf 89' lang='grc'><strong>››</strong></span> <span class='ocrx_word' id='word_1_666' title='bbox 1187 4100 1268 4156; x_wconf 89' lang='lat' dir='ltr'><strong>sic</strong></span> <span class='ocrx_word' id='word_1_667' title='bbox 1301 4118 1424 4172; x_wconf 70' lang='lat' dir='ltr'><strong>quae</strong></span> <span class='ocrx_word' id='word_1_668' title='bbox 1459 4101 1514 4155; x_wconf 92' lang='lat' dir='ltr'><strong>in</strong></span> <span class='ocrx_word' id='word_1_669' title='bbox 1561 4101 1780 4155; x_wconf 86' lang='lat' dir='ltr'><strong>virtute</strong></span> <span class='ocrx_word' id='word_1_670' title='bbox 1825 4099 2076 4172; x_wconf 84' lang='lat' dir='ltr'><strong>Spiritus</strong></span> 
     </span>
    </p>
   </div>
   <div class='ocr_carea' id='block_1_80' title="bbox 435 4185 2077 4261">
    <p class='ocr_par' dir='ltr' id='par_1_80' title="bbox 435 4185 2077 4261">
     <span class='ocr_line' id='line_1_80' title="bbox 435 4185 2077 4261; baseline 0.004 -22"><span class='ocrx_word' id='word_1_671' title='bbox 435 4185 652 4242; x_wconf 86' lang='lat' dir='ltr'><strong>Paulus</strong></span> <span class='ocrx_word' id='word_1_672' title='bbox 683 4188 990 4255; x_wconf 77' lang='lat' dir='ltr'><strong>efﬁciebat,</strong></span> <span class='ocrx_word' id='word_1_673' title='bbox 1015 4188 1228 4245; x_wconf 90' lang='lat' dir='ltr'><strong>Christi</strong></span> <span class='ocrx_word' id='word_1_674' title='bbox 1264 4206 1439 4261; x_wconf 89' lang='lat' dir='ltr'><strong>opera</strong></span> <span class='ocrx_word' id='word_1_675' title='bbox 1458 4205 1586 4246; x_wconf 90' lang='lat' dir='ltr'><strong>esse</strong></span> <span class='ocrx_word' id='word_1_676' title='bbox 1609 4189 1852 4244; x_wconf 87' lang='lat' dir='ltr'><strong>docebat</strong></span> <span class='ocrx_word' id='word_1_677' title='bbox 1875 4205 1887 4243; x_wconf 87' lang='lat'><strong>:</strong></span> <span class='ocrx_word' id='word_1_678' title='bbox 1908 4189 2077 4245; x_wconf 86' lang='lat' dir='ltr'><strong>«Non</strong></span> 
     </span>
    </p>
   </div>
   <div class='ocr_carea' id='block_1_81' title="bbox 435 4272 2078 4350">
    <p class='ocr_par' dir='ltr' id='par_1_81' title="bbox 435 4272 2078 4350">
     <span class='ocr_line' id='line_1_81' title="bbox 435 4272 2078 4350; baseline 0.004 -24"><span class='ocrx_word' id='word_1_679' title='bbox 435 4272 591 4327; x_wconf 90' lang='lat' dir='ltr'><strong>enim</strong></span> <span class='ocrx_word' id='word_1_680' title='bbox 616 4275 862 4342; x_wconf 88' lang='lat' dir='ltr'><strong>audebo,</strong></span> <span class='ocrx_word' id='word_1_681' title='bbox 899 4298 926 4325; x_wconf 83' lang='lat'>»</span> <span class='ocrx_word' id='word_1_682' title='bbox 959 4275 1169 4348; x_wconf 89' lang='lat' dir='ltr'><strong>inquit,</strong></span> <span class='ocrx_word' id='word_1_683' title='bbox 1204 4299 1231 4327; x_wconf 86' lang='lat'>«</span> <span class='ocrx_word' id='word_1_684' title='bbox 1264 4276 1482 4350; x_wconf 86' lang='lat' dir='ltr'><strong>aliquid</strong></span> <span class='ocrx_word' id='word_1_685' title='bbox 1516 4276 1675 4350; x_wconf 90' lang='lat' dir='ltr'><strong>loqui</strong></span> <span class='ocrx_word' id='word_1_686' title='bbox 1715 4293 1917 4332; x_wconf 88' lang='lat' dir='ltr'><strong>eorum</strong></span> <span class='ocrx_word' id='word_1_687' title='bbox 1950 4294 2078 4348; x_wconf 73' lang='lat' dir='ltr'><strong>quae</strong></span> 
     </span>
    </p>
   </div>
   <div class='ocr_carea' id='block_1_82' title="bbox 435 4367 2079 4442">
    <p class='ocr_par' dir='ltr' id='par_1_82' title="bbox 435 4367 2079 4442">
     <span class='ocr_line' id='line_1_82' title="bbox 435 4367 2079 4442; baseline 0.004 -25"><span class='ocrx_word' id='word_1_688' title='bbox 435 4379 539 4433; x_wconf 91' lang='lat' dir='ltr'><strong>per</strong></span> <span class='ocrx_word' id='word_1_689' title='bbox 569 4381 657 4419; x_wconf 91' lang='lat' dir='ltr'><strong>me</strong></span> <span class='ocrx_word' id='word_1_690' title='bbox 689 4382 802 4421; x_wconf 92' lang='lat' dir='ltr'><strong>non</strong></span> <span class='ocrx_word' id='word_1_691' title='bbox 833 4367 1012 4423; x_wconf 87' lang='lat' dir='ltr'><strong>efﬁcit</strong></span> <span class='ocrx_word' id='word_1_692' title='bbox 1067 4367 1338 4425; x_wconf 85' lang='lat' dir='ltr'><strong>Christus</strong></span> <span class='ocrx_word' id='word_1_693' title='bbox 1395 4369 1453 4424; x_wconf 90' lang='lat' dir='ltr'><strong>in</strong></span> <span class='ocrx_word' id='word_1_694' title='bbox 1500 4369 1890 4426; x_wconf 87' lang='lat' dir='ltr'><strong>obedientiam</strong></span> <span class='ocrx_word' id='word_1_695' title='bbox 1939 4385 2079 4442; x_wconf 86' lang='lat' dir='ltr'><strong>gen-</strong></span> 
     </span>
    </p>
   </div>
   <div class='ocr_carea' id='block_1_83' title="bbox 437 4450 2080 4532">
    <p class='ocr_par' dir='ltr' id='par_1_83' title="bbox 437 4450 2080 4532">
     <span class='ocr_line' id='line_1_83' title="bbox 437 4450 2080 4532; baseline 0.004 -26"><span class='ocrx_word' id='word_1_696' title='bbox 437 4450 609 4524; x_wconf 90' lang='lat' dir='ltr'><strong>tium,</strong></span> <span class='ocrx_word' id='word_1_697' title='bbox 640 4454 812 4510; x_wconf 89' lang='lat' dir='ltr'><strong>verbo</strong></span> <span class='ocrx_word' id='word_1_698' title='bbox 843 4460 899 4511; x_wconf 91' lang='lat' dir='ltr'><strong>et</strong></span> <span class='ocrx_word' id='word_1_699' title='bbox 928 4473 1120 4528; x_wconf 91' lang='lat' dir='ltr'><strong>opere,</strong></span> <span class='ocrx_word' id='word_1_700' title='bbox 1141 4458 1198 4512; x_wconf 93' lang='lat' dir='ltr'><strong>in</strong></span> <span class='ocrx_word' id='word_1_701' title='bbox 1222 4458 1435 4514; x_wconf 89' lang='lat' dir='ltr'><strong>virtute</strong></span> <span class='ocrx_word' id='word_1_702' title='bbox 1457 4457 1760 4531; x_wconf 89' lang='lat' dir='ltr'><strong>signorum</strong></span> <span class='ocrx_word' id='word_1_703' title='bbox 1795 4462 1852 4515; x_wconf 89' lang='lat' dir='ltr'><strong>et</strong></span> <span class='ocrx_word' id='word_1_704' title='bbox 1885 4458 2080 4532; x_wconf 88' lang='lat' dir='ltr'><strong>prodi-</strong></span> 
     </span>
    </p>
   </div>
   <div class='ocr_carea' id='block_1_84' title="bbox 441 4539 1684 4617">
    <p class='ocr_par' dir='ltr' id='par_1_84' title="bbox 441 4539 1684 4617">
     <span class='ocr_line' id='line_1_84' title="bbox 441 4539 1684 4617; baseline 0.002 -22"><span class='ocrx_word' id='word_1_705' title='bbox 441 4539 693 4614; x_wconf 88' lang='lat' dir='ltr'><strong>giorum,</strong></span> <span class='ocrx_word' id='word_1_706' title='bbox 727 4543 784 4597; x_wconf 90' lang='lat' dir='ltr'><strong>in</strong></span> <span class='ocrx_word' id='word_1_707' title='bbox 814 4544 1029 4601; x_wconf 90' lang='lat' dir='ltr'><strong>virtute</strong></span> <span class='ocrx_word' id='word_1_708' title='bbox 1059 4546 1314 4617; x_wconf 88' lang='lat' dir='ltr'><strong>Spiritus</strong></span> <span class='ocrx_word' id='word_1_709' title='bbox 1343 4548 1530 4603; x_wconf 84' lang='lat' dir='ltr'><strong>sancti</strong></span> <span class='ocrx_word' id='word_1_710' title='bbox 1560 4548 1626 4601; x_wconf 70' lang='grc'><strong>2³.</strong></span> <span class='ocrx_word' id='word_1_711' title='bbox 1655 4570 1684 4598; x_wconf 88' lang='grc'><strong>››</strong></span> 
     </span>
    </p>
   </div>
   <div class='ocr_carea' id='block_1_85' title="bbox 2188 3649 3834 3728">
    <p class='ocr_par' dir='ltr' id='par_1_85' title="bbox 2188 3649 3834 3728">
     <span class='ocr_line' id='line_1_85' title="bbox 2188 3649 3834 3728; baseline -0.001 -20"><span class='ocrx_word' id='word_1_712' title='bbox 2188 3659 2250 3722; x_wconf 77' lang='grc' dir='ltr'><strong>ζῆ</strong></span> <span class='ocrx_word' id='word_1_713' title='bbox 2286 3650 2342 3708; x_wconf 73' lang='grc' dir='ltr'><strong>δὲ</strong></span> <span class='ocrx_word' id='word_1_714' title='bbox 2386 3652 2436 3707; x_wconf 89' lang='grc' dir='ltr'><strong>ἐν</strong></span> <span class='ocrx_word' id='word_1_715' title='bbox 2497 3651 2620 3726; x_wconf 83' lang='grc' dir='ltr'>ἐμοὶ</span> <span class='ocrx_word' id='word_1_716' title='bbox 2672 3653 2920 3728; x_wconf 78' lang='grc' dir='ltr'>Χριστός.</span> <span class='ocrx_word' id='word_1_717' title='bbox 2957 3677 2984 3703; x_wconf 87' lang='grc'><strong>››</strong></span> <span class='ocrx_word' id='word_1_718' title='bbox 3016 3654 3113 3708; x_wconf 79' lang='grc' dir='ltr'>Καὶ</span> <span class='ocrx_word' id='word_1_719' title='bbox 3161 3649 3326 3707; x_wconf 86' lang='grc' dir='ltr'>πάλιν</span> <span class='ocrx_word' id='word_1_720' title='bbox 3375 3651 3555 3727; x_wconf 81' lang='grc' dir='ltr'>ὥσπερ</span> <span class='ocrx_word' id='word_1_721' title='bbox 3606 3652 3633 3706; x_wconf 98' lang='lat'><strong>6</strong></span> <span class='ocrx_word' id='word_1_722' title='bbox 3685 3651 3834 3719; x_wconf 73' lang='grc' dir='ltr'>Υἱὸς,</span> 
     </span>
    </p>
   </div>
   <div class='ocr_carea' id='block_1_86' title="bbox 2187 3737 3829 3819">
    <p class='ocr_par' dir='ltr' id='par_1_86' title="bbox 2187 3737 3829 3819">
     <span class='ocr_line' id='line_1_86' title="bbox 2187 3737 3829 3819; baseline -0.002 -22"><span class='ocrx_word' id='word_1_723' title='bbox 2187 3745 2318 3819; x_wconf 73' lang='grc' dir='ltr'>ἅπερ</span> <span class='ocrx_word' id='word_1_724' title='bbox 2377 3742 2545 3796; x_wconf 80' lang='grc' dir='ltr'>ἐποίει</span> <span class='ocrx_word' id='word_1_725' title='bbox 2605 3740 2778 3816; x_wconf 81' lang='grc' dir='ltr'>ἔργα,</span> <span class='ocrx_word' id='word_1_726' title='bbox 2840 3737 2994 3818; x_wconf 77' lang='grc' dir='ltr'>ἔλεγε</span> <span class='ocrx_word' id='word_1_727' title='bbox 3049 3743 3138 3796; x_wconf 85' lang='grc' dir='ltr'><strong>τὸν</strong></span> <span class='ocrx_word' id='word_1_728' title='bbox 3201 3742 3412 3818; x_wconf 75' lang='grc' dir='ltr'>Πατέρα</span> <span class='ocrx_word' id='word_1_729' title='bbox 3468 3741 3777 3817; x_wconf 79' lang='grc' dir='ltr'>ἐργάζεσθαι</span> <span class='ocrx_word' id='word_1_730' title='bbox 3815 3758 3829 3770; x_wconf 82' lang='grc'><em>”</em></span> 
     </span>
    </p>
   </div>
   <div class='ocr_carea' id='block_1_87' title="bbox 2186 3828 3834 3909">
    <p class='ocr_par' dir='ltr' id='par_1_87' title="bbox 2186 3828 3834 3909">
     <span class='ocr_line' id='line_1_87' title="bbox 2186 3828 3834 3909; baseline -0.001 -25"><span class='ocrx_word' id='word_1_731' title='bbox 2186 3858 2214 3884; x_wconf 92' lang='grc'><em>‹‹</em></span> <span class='ocrx_word' id='word_1_732' title='bbox 2247 3834 2307 3889; x_wconf 94' lang='grc' dir='ltr'>Ὁ</span> <span class='ocrx_word' id='word_1_733' title='bbox 2339 3832 2524 3907; x_wconf 71' lang='grc' dir='ltr'>Πατὴρ</span> <span class='ocrx_word' id='word_1_734' title='bbox 2555 3855 2583 3883; x_wconf 85' lang='grc'><strong>››</strong></span> <span class='ocrx_word' id='word_1_735' title='bbox 2625 3831 2752 3906; x_wconf 76' lang='grc' dir='ltr'>γὰρ,</span> <span class='ocrx_word' id='word_1_736' title='bbox 2803 3833 2988 3909; x_wconf 73' lang='grc' dir='ltr'>φησὶν,</span> <span class='ocrx_word' id='word_1_737' title='bbox 3027 3855 3048 3882; x_wconf 79' lang='grc' dir='ltr'><strong>α</strong></span> <span class='ocrx_word' id='word_1_738' title='bbox 3085 3832 3112 3886; x_wconf 92' lang='lat'><strong>6</strong></span> <span class='ocrx_word' id='word_1_739' title='bbox 3147 3829 3323 3904; x_wconf 72' lang='grc' dir='ltr'>μένων</span> <span class='ocrx_word' id='word_1_740' title='bbox 3369 3831 3421 3885; x_wconf 84' lang='grc' dir='ltr'><strong>ἐν</strong></span> <span class='ocrx_word' id='word_1_741' title='bbox 3473 3828 3618 3904; x_wconf 83' lang='grc' dir='ltr'>ἐμοὶ,</span> <span class='ocrx_word' id='word_1_742' title='bbox 3673 3828 3834 3891; x_wconf 81' lang='grc' dir='ltr'>αὐτὸς</span> 
     </span>
    </p>
   </div>
   <div class='ocr_carea' id='block_1_88' title="bbox 2185 3917 3827 3996">
    <p class='ocr_par' dir='ltr' id='par_1_88' title="bbox 2185 3917 3827 3996">
     <span class='ocr_line' id='line_1_88' title="bbox 2185 3917 3827 3996; baseline -0.002 -20"><span class='ocrx_word' id='word_1_743' title='bbox 2185 3928 2329 3976; x_wconf 78' lang='grc' dir='ltr'>ποιεῖ</span> <span class='ocrx_word' id='word_1_744' title='bbox 2358 3921 2424 3976; x_wconf 74' lang='grc' dir='ltr'>τὰ</span> <span class='ocrx_word' id='word_1_745' title='bbox 2455 3917 2602 3996; x_wconf 83' lang='grc' dir='ltr'>ἔργα.</span> <span class='ocrx_word' id='word_1_746' title='bbox 2637 3919 2918 3977; x_wconf 81' lang='grc' dir='ltr'>Πιστεύετέ</span> <span class='ocrx_word' id='word_1_747' title='bbox 2969 3941 3085 3993; x_wconf 86' lang='grc' dir='ltr'>μοι,</span> <span class='ocrx_word' id='word_1_748' title='bbox 3117 3918 3199 3974; x_wconf 80' lang='grc' dir='ltr'><strong>ὅτι</strong></span> <span class='ocrx_word' id='word_1_749' title='bbox 3249 3918 3357 3994; x_wconf 85' lang='grc' dir='ltr'><strong>ἐγὼ</strong></span> <span class='ocrx_word' id='word_1_750' title='bbox 3408 3917 3458 3973; x_wconf 83' lang='grc' dir='ltr'><strong>ἐν</strong></span> <span class='ocrx_word' id='word_1_751' title='bbox 3504 3922 3585 3990; x_wconf 82' lang='grc' dir='ltr'>τῷ</span> <span class='ocrx_word' id='word_1_752' title='bbox 3635 3919 3827 3994; x_wconf 82' lang='grc' dir='ltr'>Πατρῖ,</span> 
     </span>
    </p>
   </div>
   <div class='ocr_carea' id='block_1_89' title="bbox 2184 4003 3835 4084">
    <p class='ocr_par' dir='ltr' id='par_1_89' title="bbox 2184 4003 3835 4084">
     <span class='ocr_line' id='line_1_89' title="bbox 2184 4003 3835 4084; baseline -0.001 -20"><span class='ocrx_word' id='word_1_753' title='bbox 2184 4011 2273 4064; x_wconf 81' lang='grc' dir='ltr'><strong>καὶ</strong></span> <span class='ocrx_word' id='word_1_754' title='bbox 2326 4010 2354 4063; x_wconf 89' lang='lat'><strong>6</strong></span> <span class='ocrx_word' id='word_1_755' title='bbox 2413 4009 2598 4084; x_wconf 74' lang='grc' dir='ltr'>Πατὴρ</span> <span class='ocrx_word' id='word_1_756' title='bbox 2658 4007 2708 4062; x_wconf 78' lang='grc' dir='ltr'><strong>ἐν</strong></span> <span class='ocrx_word' id='word_1_757' title='bbox 2753 4007 2898 4082; x_wconf 83' lang='grc' dir='ltr'>ἐμοί.</span> <span class='ocrx_word' id='word_1_758' title='bbox 2957 4008 3019 4063; x_wconf 79' lang='grc' dir='ltr'>Εἰ</span> <span class='ocrx_word' id='word_1_759' title='bbox 3071 4006 3127 4063; x_wconf 73' lang='grc' dir='ltr'><strong>δὲ</strong></span> <span class='ocrx_word' id='word_1_760' title='bbox 3182 4009 3280 4082; x_wconf 72' lang='grc' dir='ltr'>μὴ,</span> <span class='ocrx_word' id='word_1_761' title='bbox 3314 4005 3402 4062; x_wconf 82' lang='grc' dir='ltr'><strong>διὰ</strong></span> <span class='ocrx_word' id='word_1_762' title='bbox 3448 4007 3515 4062; x_wconf 77' lang='grc' dir='ltr'>τὰ</span> <span class='ocrx_word' id='word_1_763' title='bbox 3564 4003 3694 4084; x_wconf 75' lang='grc' dir='ltr'>ἔργα</span> <span class='ocrx_word' id='word_1_764' title='bbox 3737 4006 3835 4062; x_wconf 83' lang='grc' dir='ltr'>αύ-</span> 
     </span>
    </p>
   </div>
   <div class='ocr_carea' id='block_1_90' title="bbox 2183 4095 3835 4175">
    <p class='ocr_par' dir='ltr' id='par_1_90' title="bbox 2183 4095 3835 4175">
     <span class='ocr_line' id='line_1_90' title="bbox 2183 4095 3835 4175; baseline -0.001 -21"><span class='ocrx_word' id='word_1_765' title='bbox 2183 4101 2250 4154; x_wconf 77' lang='grc' dir='ltr'><strong>τᾶ</strong></span> <span class='ocrx_word' id='word_1_766' title='bbox 2307 4101 2417 4173; x_wconf 83' lang='lat'>(68)</span> <span class='ocrx_word' id='word_1_767' title='bbox 2468 4097 2742 4154; x_wconf 81' lang='grc' dir='ltr'>πιστεύετέ</span> <span class='ocrx_word' id='word_1_768' title='bbox 2795 4120 2911 4172; x_wconf 91' lang='grc' dir='ltr'>μοι.</span> <span class='ocrx_word' id='word_1_769' title='bbox 2948 4123 2975 4148; x_wconf 90' lang='grc'><strong>››</strong></span> <span class='ocrx_word' id='word_1_770' title='bbox 3024 4097 3245 4166; x_wconf 73' lang='grc' dir='ltr'>Οὕτως,</span> <span class='ocrx_word' id='word_1_771' title='bbox 3305 4099 3437 4175; x_wconf 80' lang='grc' dir='ltr'>ἅπερ</span> <span class='ocrx_word' id='word_1_772' title='bbox 3496 4097 3549 4153; x_wconf 86' lang='grc' dir='ltr'><strong>ἐν</strong></span> <span class='ocrx_word' id='word_1_773' title='bbox 3609 4095 3835 4171; x_wconf 82' lang='grc' dir='ltr'>δυνάμει</span> 
     </span>
    </p>
   </div>
   <div class='ocr_carea' id='block_1_91' title="bbox 2188 4184 3838 4265">
    <p class='ocr_par' dir='ltr' id='par_1_91' title="bbox 2188 4184 3838 4265">
     <span class='ocr_line' id='line_1_91' title="bbox 2188 4184 3838 4265; baseline -0.002 -22"><span class='ocrx_word' id='word_1_774' title='bbox 2188 4188 2495 4262; x_wconf 84' lang='grc' dir='ltr'>Πνεύματος</span> <span class='ocrx_word' id='word_1_775' title='bbox 2546 4186 2820 4265; x_wconf 80' lang='grc' dir='ltr'>εἷ’ργάζετο</span> <span class='ocrx_word' id='word_1_776' title='bbox 2869 4190 2896 4244; x_wconf 90' lang='lat'><strong>6</strong></span> <span class='ocrx_word' id='word_1_777' title='bbox 2947 4186 3158 4251; x_wconf 87' lang='grc' dir='ltr'>Παῦλος</span> <span class='ocrx_word' id='word_1_778' title='bbox 3189 4235 3205 4260; x_wconf 95' lang='grc'><strong>,</strong></span> <span class='ocrx_word' id='word_1_779' title='bbox 3255 4184 3412 4263; x_wconf 65' lang='grc' dir='ltr'>ἔλεγε</span> <span class='ocrx_word' id='word_1_780' title='bbox 3456 4192 3554 4243; x_wconf 87' lang='grc' dir='ltr'><strong>τοῦ</strong></span> <span class='ocrx_word' id='word_1_781' title='bbox 3603 4191 3838 4262; x_wconf 83' lang='grc' dir='ltr'>Χριστοῦ</span> 
     </span>
    </p>
   </div>
   <div class='ocr_carea' id='block_1_92' title="bbox 2187 4273 3836 4354">
    <p class='ocr_par' dir='ltr' id='par_1_92' title="bbox 2187 4273 3836 4354">
     <span class='ocr_line' id='line_1_92' title="bbox 2187 4273 3836 4354; baseline -0.002 -20"><span class='ocrx_word' id='word_1_782' title='bbox 2187 4278 2412 4334; x_wconf 74' lang='grc' dir='ltr'>εἶναιτὰ</span> <span class='ocrx_word' id='word_1_783' title='bbox 2437 4274 2587 4354; x_wconf 79' lang='grc' dir='ltr'>ἔργα·</span> <span class='ocrx_word' id='word_1_784' title='bbox 2625 4301 2652 4328; x_wconf 91' lang='grc'>‹‹</span> <span class='ocrx_word' id='word_1_785' title='bbox 2683 4275 2759 4336; x_wconf 79' lang='grc' dir='ltr'><strong>Οὐ</strong></span> <span class='ocrx_word' id='word_1_786' title='bbox 2810 4276 2912 4354; x_wconf 79' lang='grc' dir='ltr'>γὰρ</span> <span class='ocrx_word' id='word_1_787' title='bbox 2960 4277 3230 4351; x_wconf 78' lang='grc' dir='ltr'>τολμήσω</span> <span class='ocrx_word' id='word_1_788' title='bbox 3277 4298 3327 4332; x_wconf 87' lang='grc' dir='ltr'><strong>τι</strong></span> <span class='ocrx_word' id='word_1_789' title='bbox 3380 4273 3591 4346; x_wconf 85' lang='grc' dir='ltr'>λαλεῖν,</span> <span class='ocrx_word' id='word_1_790' title='bbox 3644 4276 3716 4330; x_wconf 84' lang='grc' dir='ltr'>ὧν</span> <span class='ocrx_word' id='word_1_791' title='bbox 3770 4277 3836 4331; x_wconf 84' lang='grc' dir='ltr'><strong>οὐ</strong></span> 
     </span>
    </p>
   </div>
   <div class='ocr_carea' id='block_1_93' title="bbox 2187 4363 3835 4443">
    <p class='ocr_par' dir='ltr' id='par_1_93' title="bbox 2187 4363 3835 4443">
     <span class='ocr_line' id='line_1_93' title="bbox 2187 4363 3835 4443; baseline -0.003 -21"><span class='ocrx_word' id='word_1_792' title='bbox 2187 4365 2574 4442; x_wconf 86' lang='grc' dir='ltr'>κατειργάσατο</span> <span class='ocrx_word' id='word_1_793' title='bbox 2623 4367 2856 4443; x_wconf 89' lang='grc' dir='ltr'>Χριστὸς</span> <span class='ocrx_word' id='word_1_794' title='bbox 2917 4363 2984 4420; x_wconf 86' lang='grc' dir='ltr'><strong>δι’</strong></span> <span class='ocrx_word' id='word_1_795' title='bbox 3044 4364 3179 4439; x_wconf 86' lang='grc' dir='ltr'>ἐμοῦ</span> <span class='ocrx_word' id='word_1_796' title='bbox 3233 4366 3308 4428; x_wconf 78' lang='grc' dir='ltr'><strong>εἷς</strong></span> <span class='ocrx_word' id='word_1_797' title='bbox 3361 4365 3608 4435; x_wconf 71' lang='grc' dir='ltr'>ὑπακοὴν</span> <span class='ocrx_word' id='word_1_798' title='bbox 3668 4363 3835 4428; x_wconf 77' lang='grc' dir='ltr'>ἐθνῶν</span> 
     </span>
    </p>
   </div>
   <div class='ocr_carea' id='block_1_94' title="bbox 2189 4451 3840 4532">
    <p class='ocr_par' dir='ltr' id='par_1_94' title="bbox 2189 4451 3840 4532">
     <span class='ocr_line' id='line_1_94' title="bbox 2189 4451 3840 4532; baseline -0.002 -20"><span class='ocrx_word' id='word_1_799' title='bbox 2189 4457 2240 4512; x_wconf 87' lang='grc' dir='ltr'><strong>ἐν</strong></span> <span class='ocrx_word' id='word_1_800' title='bbox 2271 4459 2384 4531; x_wconf 86' lang='grc'><strong>(69)</strong></span> <span class='ocrx_word' id='word_1_801' title='bbox 2417 4451 2571 4532; x_wconf 83' lang='grc' dir='ltr'>λόγῳ</span> <span class='ocrx_word' id='word_1_802' title='bbox 2599 4456 2690 4510; x_wconf 85' lang='grc' dir='ltr'><strong>καὶ</strong></span> <span class='ocrx_word' id='word_1_803' title='bbox 2736 4452 2902 4532; x_wconf 79' lang='grc' dir='ltr'>ἔργῳ,</span> <span class='ocrx_word' id='word_1_804' title='bbox 2956 4453 3007 4511; x_wconf 86' lang='grc' dir='ltr'><strong>ἐν</strong></span> <span class='ocrx_word' id='word_1_805' title='bbox 3059 4453 3283 4529; x_wconf 87' lang='grc' dir='ltr'>δυνάμει</span> <span class='ocrx_word' id='word_1_806' title='bbox 3338 4453 3579 4530; x_wconf 78' lang='grc' dir='ltr'>σημείων</span> <span class='ocrx_word' id='word_1_807' title='bbox 3627 4451 3717 4509; x_wconf 83' lang='grc' dir='ltr'><strong>καὶ</strong></span> <span class='ocrx_word' id='word_1_808' title='bbox 3756 4474 3840 4509; x_wconf 88' lang='grc' dir='ltr'>τε·</span> 
     </span>
    </p>
   </div>
   <div class='ocr_carea' id='block_1_95' title="bbox 2191 4543 3349 4622">
    <p class='ocr_par' dir='ltr' id='par_1_95' title="bbox 2191 4543 3349 4622">
     <span class='ocr_line' id='line_1_95' title="bbox 2191 4543 3349 4622; baseline -0.004 -20"><span class='ocrx_word' id='word_1_809' title='bbox 2191 4545 2390 4621; x_wconf 85' lang='grc' dir='ltr'>ράτων,</span> <span class='ocrx_word' id='word_1_810' title='bbox 2419 4545 2470 4600; x_wconf 84' lang='grc' dir='ltr'><strong>ἐν</strong></span> <span class='ocrx_word' id='word_1_811' title='bbox 2504 4543 2729 4619; x_wconf 84' lang='grc' dir='ltr'>δυνάμει</span> <span class='ocrx_word' id='word_1_812' title='bbox 2762 4544 3075 4618; x_wconf 89' lang='grc' dir='ltr'>Πνεύματος</span> <span class='ocrx_word' id='word_1_813' title='bbox 3108 4546 3288 4622; x_wconf 75' lang='grc' dir='ltr'>ἁγίου.</span> <span class='ocrx_word' id='word_1_814' title='bbox 3327 4567 3349 4597; x_wconf 70' lang='grc' dir='ltr'>ι</span> 
     </span>
    </p>
   </div>
   <div class='ocr_carea' id='block_1_96' title="bbox 508 4630 2078 4709">
    <p class='ocr_par' dir='ltr' id='par_1_96' title="bbox 508 4632 2078 4705">
     <span class='ocr_line' id='line_1_96' title="bbox 508 4632 2078 4705; baseline 0.004 -20"><span class='ocrx_word' id='word_1_815' title='bbox 508 4632 599 4686; x_wconf 90' lang='grc'><strong>20.</strong></span> <span class='ocrx_word' id='word_1_816' title='bbox 631 4634 778 4688; x_wconf 91' lang='lat' dir='ltr'><strong>Cum</strong></span> <span class='ocrx_word' id='word_1_817' title='bbox 809 4633 989 4705; x_wconf 87' lang='lat' dir='ltr'><strong>igitur</strong></span> <span class='ocrx_word' id='word_1_818' title='bbox 1019 4650 1087 4690; x_wconf 88' lang='lat' dir='ltr'><strong>ea</strong></span> <span class='ocrx_word' id='word_1_819' title='bbox 1136 4634 1213 4690; x_wconf 92' lang='lat' dir='ltr'><strong>sit</strong></span> <span class='ocrx_word' id='word_1_820' title='bbox 1253 4635 1310 4690; x_wconf 91' lang='lat' dir='ltr'><strong>in</strong></span> <span class='ocrx_word' id='word_1_821' title='bbox 1363 4640 1566 4692; x_wconf 90' lang='lat' dir='ltr'><strong>sancta</strong></span> <span class='ocrx_word' id='word_1_822' title='bbox 1612 4635 1895 4692; x_wconf 85' lang='lat' dir='ltr'><strong>Trinitate</strong></span> <span class='ocrx_word' id='word_1_823' title='bbox 1942 4653 2078 4692; x_wconf 92' lang='lat' dir='ltr'><strong>con-</strong></span> 
     </span>
    </p>
   </div>
   <div class='ocr_carea' id='block_1_97' title="bbox 2191 4630 3834 4709">
    <p class='ocr_par' dir='ltr' id='par_1_97' title="bbox 2256 4630 3834 4709">
     <span class='ocr_line' id='line_1_97' title="bbox 2256 4630 3834 4709; baseline -0.003 -19"><span class='ocrx_word' id='word_1_824' title='bbox 2256 4637 2346 4691; x_wconf 88' lang='lat'><strong>20.</strong></span> <span class='ocrx_word' id='word_1_825' title='bbox 2378 4632 2643 4706; x_wconf 79' lang='grc' dir='ltr'>Τοιαύτης</span> <span class='ocrx_word' id='word_1_826' title='bbox 2705 4632 2763 4688; x_wconf 76' lang='grc' dir='ltr'><strong>δὶ</strong></span> <span class='ocrx_word' id='word_1_827' title='bbox 2819 4632 3134 4709; x_wconf 77' lang='grc' dir='ltr'>συστοιχίας</span> <span class='ocrx_word' id='word_1_828' title='bbox 3190 4635 3280 4688; x_wconf 83' lang='grc' dir='ltr'><strong>καὶ</strong></span> <span class='ocrx_word' id='word_1_829' title='bbox 3329 4631 3582 4700; x_wconf 72' lang='grc' dir='ltr'>ἐνότητος</span> <span class='ocrx_word' id='word_1_830' title='bbox 3623 4638 3723 4702; x_wconf 85' lang='grc' dir='ltr'>τῆς</span> <span class='ocrx_word' id='word_1_831' title='bbox 3782 4630 3834 4687; x_wconf 82' lang='grc' dir='ltr'><strong>ἐν</strong></span> 
     </span>
    </p>
   </div>
   <div class='ocr_carea' id='block_1_98' title="bbox 437 4721 2083 4798">
    <p class='ocr_par' dir='ltr' id='par_1_98' title="bbox 437 4721 2083 4798">
     <span class='ocr_line' id='line_1_98' title="bbox 437 4721 2083 4798; baseline 0.004 -24"><span class='ocrx_word' id='word_1_832' title='bbox 437 4721 663 4792; x_wconf 87' lang='lat' dir='ltr'><strong>junctio</strong></span> <span class='ocrx_word' id='word_1_833' title='bbox 693 4727 749 4778; x_wconf 90' lang='lat' dir='ltr'><strong>et</strong></span> <span class='ocrx_word' id='word_1_834' title='bbox 779 4723 1005 4779; x_wconf 89' lang='lat' dir='ltr'><strong>unitas:</strong></span> <span class='ocrx_word' id='word_1_835' title='bbox 1037 4725 1171 4796; x_wconf 87' lang='lat' dir='ltr'><strong>quis</strong></span> <span class='ocrx_word' id='word_1_836' title='bbox 1193 4725 1320 4796; x_wconf 87' lang='lat' dir='ltr'><strong>jam</strong></span> <span class='ocrx_word' id='word_1_837' title='bbox 1352 4725 1440 4780; x_wconf 88' lang='lat' dir='ltr'><strong>vel</strong></span> <span class='ocrx_word' id='word_1_838' title='bbox 1463 4725 1674 4782; x_wconf 90' lang='lat' dir='ltr'><strong>Filium</strong></span> <span class='ocrx_word' id='word_1_839' title='bbox 1707 4743 1740 4780; x_wconf 91' lang='lat' dir='ltr'><strong>a</strong></span> <span class='ocrx_word' id='word_1_840' title='bbox 1770 4729 1959 4798; x_wconf 83' lang='lat' dir='ltr'><strong>Patre,</strong></span> <span class='ocrx_word' id='word_1_841' title='bbox 1991 4724 2083 4782; x_wconf 85' lang='lat' dir='ltr'><strong>vel</strong></span> 
     </span>
    </p>
   </div>
   <div class='ocr_carea' id='block_1_99' title="bbox 514 4876 1492 4945">
    <p class='ocr_par' dir='ltr' id='par_1_99' title="bbox 514 4876 1492 4945">
     <span class='ocr_line' id='line_1_99' title="bbox 514 4876 1492 4945; baseline 0.002 -15"><span class='ocrx_word' id='word_1_842' title='bbox 514 4876 558 4911; x_wconf 88' lang='grc'><strong>¹⁰</strong></span> <span class='ocrx_word' id='word_1_843' title='bbox 591 4877 610 4930; x_wconf 93' lang='grc' dir='ltr'>Ι</span> <span class='ocrx_word' id='word_1_844' title='bbox 641 4879 768 4932; x_wconf 89' lang='lat' dir='ltr'><strong>Cor.</strong></span> <span class='ocrx_word' id='word_1_845' title='bbox 803 4893 903 4941; x_wconf 78' lang='lat' dir='ltr'><strong>xu,</strong></span> <span class='ocrx_word' id='word_1_846' title='bbox 939 4879 1023 4932; x_wconf 88' lang='grc'><strong>13.</strong></span> <span class='ocrx_word' id='word_1_847' title='bbox 1063 4881 1104 4914; x_wconf 88' lang='grc'>¹¹</span> <span class='ocrx_word' id='word_1_848' title='bbox 1141 4878 1161 4933; x_wconf 93' lang='grc' dir='ltr'>Ι</span> <span class='ocrx_word' id='word_1_849' title='bbox 1192 4881 1318 4934; x_wconf 91' lang='lat' dir='ltr'><strong>Cor.</strong></span> <span class='ocrx_word' id='word_1_850' title='bbox 1349 4895 1404 4945; x_wconf 85' lang='lat' dir='ltr'><strong>x,</strong></span> <span class='ocrx_word' id='word_1_851' title='bbox 1440 4879 1492 4932; x_wconf 84' lang='grc'>4.</span> 
     </span>
    </p>
   </div>
   <div class='ocr_carea' id='block_1_100' title="bbox 443 4949 1672 5018">
    <p class='ocr_par' dir='ltr' id='par_1_100' title="bbox 443 4949 1672 5018">
     <span class='ocr_line' id='line_1_100' title="bbox 443 4949 1672 5018; baseline 0.002 -16"><span class='ocrx_word' id='word_1_852' title='bbox 443 4949 486 4983; x_wconf 67' lang='grc'><strong>’⁸</strong></span> <span class='ocrx_word' id='word_1_853' title='bbox 515 4949 678 5003; x_wconf 87' lang='lat' dir='ltr'><strong>Joan.</strong></span> <span class='ocrx_word' id='word_1_854' title='bbox 715 4966 810 5016; x_wconf 82' lang='lat' dir='ltr'><strong>xx,</strong></span> <span class='ocrx_word' id='word_1_855' title='bbox 840 4951 930 5003; x_wconf 90' lang='grc'><strong>22.</strong></span> <span class='ocrx_word' id='word_1_856' title='bbox 1039 4951 1080 4986; x_wconf 82' lang='grc'>¹⁷</span> <span class='ocrx_word' id='word_1_857' title='bbox 1115 4952 1133 5004; x_wconf 96' lang='grc' dir='ltr'>Ι</span> <span class='ocrx_word' id='word_1_858' title='bbox 1165 4949 1328 5005; x_wconf 85' lang='lat' dir='ltr'><strong>Joan.</strong></span> <span class='ocrx_word' id='word_1_859' title='bbox 1353 4967 1428 5018; x_wconf 81' lang='grc' dir='ltr'><strong>ιν,</strong></span> <span class='ocrx_word' id='word_1_860' title='bbox 1464 4950 1550 5011; x_wconf 88' lang='grc'><strong>12,</strong></span> <span class='ocrx_word' id='word_1_861' title='bbox 1586 4950 1672 5004; x_wconf 91' lang='grc'><strong>13.</strong></span> 
     </span>
    </p>
   </div>
   <div class='ocr_carea' id='block_1_101' title="bbox 1592 4878 2106 4946">
    <p class='ocr_par' dir='ltr' id='par_1_101' title="bbox 1592 4878 2106 4946">
     <span class='ocr_line' id='line_1_101' title="bbox 1592 4878 2106 4946; baseline 0 -14"><span class='ocrx_word' id='word_1_862' title='bbox 1592 4878 1635 4912; x_wconf 87' lang='grc'>¹²</span> <span class='ocrx_word' id='word_1_863' title='bbox 1665 4881 1828 4934; x_wconf 86' lang='lat' dir='ltr'><strong>Rom.</strong></span> <span class='ocrx_word' id='word_1_864' title='bbox 1864 4894 1986 4946; x_wconf 87' lang='lat' dir='ltr'><strong>vm,</strong></span> <span class='ocrx_word' id='word_1_865' title='bbox 2020 4878 2106 4932; x_wconf 88' lang='grc'><strong>15.</strong></span> 
     </span>
    </p>
   </div>
   <div class='ocr_carea' id='block_1_102' title="bbox 1803 4950 2327 5020">
    <p class='ocr_par' dir='ltr' id='par_1_102' title="bbox 1803 4950 2327 5020">
     <span class='ocr_line' id='line_1_102' title="bbox 1803 4950 2327 5020; baseline 0 -15"><span class='ocrx_word' id='word_1_866' title='bbox 1803 4951 1846 4986; x_wconf 79' lang='grc'><strong>¹³</strong></span> <span class='ocrx_word' id='word_1_867' title='bbox 1877 4950 2045 5005; x_wconf 87' lang='lat' dir='ltr'><strong>Joan.</strong></span> <span class='ocrx_word' id='word_1_868' title='bbox 2089 4964 2205 5020; x_wconf 77' lang='lat' dir='ltr'><strong>xw,</strong></span> <span class='ocrx_word' id='word_1_869' title='bbox 2235 4950 2327 5005; x_wconf 88' lang='lat'><strong>23.</strong></span> 
     </span>
    </p>
   </div>
   <div class='ocr_carea' id='block_1_103' title="bbox 441 5020 2123 5093">
    <p class='ocr_par' dir='ltr' id='par_1_103' title="bbox 441 5020 2123 5093">
     <span class='ocr_line' id='line_1_103' title="bbox 441 5020 2123 5093; baseline 0.002 -21"><span class='ocrx_word' id='word_1_870' title='bbox 441 5036 505 5088; x_wconf 84' lang='grc' dir='ltr'><strong>ιι,</strong></span> <span class='ocrx_word' id='word_1_871' title='bbox 540 5020 626 5086; x_wconf 85' lang='grc'><strong>19,</strong></span> <span class='ocrx_word' id='word_1_872' title='bbox 649 5021 738 5074; x_wconf 86' lang='grc'><strong>20.</strong></span> <span class='ocrx_word' id='word_1_873' title='bbox 818 5021 862 5055; x_wconf 75' lang='grc'>²²</span> <span class='ocrx_word' id='word_1_874' title='bbox 891 5022 1058 5077; x_wconf 86' lang='lat' dir='ltr'><strong>Joan.</strong></span> <span class='ocrx_word' id='word_1_875' title='bbox 1091 5039 1206 5088; x_wconf 72' lang='lat' dir='ltr'><strong>xxv,</strong></span> <span class='ocrx_word' id='word_1_876' title='bbox 1243 5023 1326 5093; x_wconf 90' lang='grc'>10,</span> <span class='ocrx_word' id='word_1_877' title='bbox 1358 5023 1444 5076; x_wconf 87' lang='grc'><strong>12.</strong></span> <span class='ocrx_word' id='word_1_878' title='bbox 1519 5021 1563 5056; x_wconf 78' lang='grc'><strong>³³</strong></span> <span class='ocrx_word' id='word_1_879' title='bbox 1591 5023 1757 5076; x_wconf 86' lang='lat' dir='ltr'><strong>Rom.</strong></span> <span class='ocrx_word' id='word_1_880' title='bbox 1789 5038 1883 5088; x_wconf 84' lang='lat' dir='ltr'><strong>xv,</strong></span> <span class='ocrx_word' id='word_1_881' title='bbox 1915 5022 2004 5091; x_wconf 89' lang='grc'>18,</span> <span class='ocrx_word' id='word_1_882' title='bbox 2037 5021 2123 5076; x_wconf 85' lang='grc'><strong>19.</strong></span> 
     </span>
    </p>
   </div>
   <div class='ocr_carea' id='block_1_104' title="bbox 2188 4719 3834 4800">
    <p class='ocr_par' dir='ltr' id='par_1_104' title="bbox 2188 4719 3834 4800">
     <span class='ocr_line' id='line_1_104' title="bbox 2188 4719 3834 4800; baseline -0.002 -22"><span class='ocrx_word' id='word_1_883' title='bbox 2188 4726 2257 4798; x_wconf 78' lang='grc' dir='ltr'>τῇ</span> <span class='ocrx_word' id='word_1_884' title='bbox 2291 4723 2418 4799; x_wconf 82' lang='grc' dir='ltr'>ἁγίᾳ</span> <span class='ocrx_word' id='word_1_885' title='bbox 2445 4720 2630 4800; x_wconf 84' lang='grc' dir='ltr'>Τριάδι</span> <span class='ocrx_word' id='word_1_886' title='bbox 2683 4725 2790 4798; x_wconf 89' lang='grc'><strong>(70)</strong></span> <span class='ocrx_word' id='word_1_887' title='bbox 2831 4722 3018 4796; x_wconf 69' lang='grc' dir='ltr'>οὔσης,</span> <span class='ocrx_word' id='word_1_888' title='bbox 3047 4721 3131 4786; x_wconf 88' lang='grc' dir='ltr'><strong>τίς</strong></span> <span class='ocrx_word' id='word_1_889' title='bbox 3185 4721 3246 4778; x_wconf 73' lang='grc' dir='ltr'>ἂν</span> <span class='ocrx_word' id='word_1_890' title='bbox 3299 4719 3471 4779; x_wconf 69' lang='grc' dir='ltr'>διέλοι</span> <span class='ocrx_word' id='word_1_891' title='bbox 3498 4721 3534 4791; x_wconf 72' lang='grc' dir='ltr'><strong>ἢ</strong></span> <span class='ocrx_word' id='word_1_892' title='bbox 3567 4719 3658 4777; x_wconf 82' lang='grc' dir='ltr'>τὸν</span> <span class='ocrx_word' id='word_1_893' title='bbox 3714 4721 3834 4776; x_wconf 78' lang='grc' dir='ltr'>Υἱὸν</span> 
     </span>
    </p>
   </div>
   <div class='ocr_carea' id='block_1_105' title="bbox 2213 4876 3394 5004">
    <p class='ocr_par' dir='ltr' id='par_1_105' title="bbox 2213 4876 3394 5004">
     <span class='ocr_line' id='line_1_105' title="bbox 2213 4876 3374 4946; baseline 0.001 -15"><span class='ocrx_word' id='word_1_894' title='bbox 2213 4879 2256 4915; x_wconf 81' lang='grc'><strong>¹³</strong></span> <span class='ocrx_word' id='word_1_895' title='bbox 2286 4880 2452 4933; x_wconf 89' lang='lat' dir='ltr'><strong>Joan.</strong></span> <span class='ocrx_word' id='word_1_896' title='bbox 2488 4892 2528 4946; x_wconf 86' lang='grc' dir='ltr'><strong>ι,</strong></span> <span class='ocrx_word' id='word_1_897' title='bbox 2555 4877 2641 4932; x_wconf 88' lang='grc'>12.</span> <span class='ocrx_word' id='word_1_898' title='bbox 2747 4877 2792 4912; x_wconf 69' lang='grc' dir='ltr'><strong>ιι</strong></span> <span class='ocrx_word' id='word_1_899' title='bbox 2825 4876 2845 4931; x_wconf 94' lang='grc' dir='ltr'>Ι</span> <span class='ocrx_word' id='word_1_900' title='bbox 2876 4881 3001 4931; x_wconf 90' lang='lat' dir='ltr'><strong>Cor.</strong></span> <span class='ocrx_word' id='word_1_901' title='bbox 3036 4892 3076 4942; x_wconf 82' lang='grc' dir='ltr'><strong>ι,</strong></span> <span class='ocrx_word' id='word_1_902' title='bbox 3107 4876 3197 4932; x_wconf 74' lang='grc'><strong>24.</strong></span> <span class='ocrx_word' id='word_1_903' title='bbox 3330 4876 3374 4912; x_wconf 80' lang='grc'><strong>¹⁵</strong></span> 
     </span>
     <span class='ocr_line' id='line_1_106' title="bbox 2235 4948 3394 5004; baseline -0.002 0"><span class='ocrx_word' id='word_1_904' title='bbox 2235 4950 2327 5004; x_wconf 87' lang='grc'><strong>23.</strong></span> <span class='ocrx_word' id='word_1_905' title='bbox 2458 4949 2504 4984; x_wconf 79' lang='grc'><strong>¹⁰</strong></span> <span class='ocrx_word' id='word_1_906' title='bbox 2532 4949 2674 5004; x_wconf 90' lang='lat' dir='ltr'><strong>ibid.</strong></span> <span class='ocrx_word' id='word_1_907' title='bbox 2705 4949 2760 5004; x_wconf 88' lang='lat'>6.</span> <span class='ocrx_word' id='word_1_908' title='bbox 2892 4949 2938 4983; x_wconf 81' lang='grc'>²⁰</span> <span class='ocrx_word' id='word_1_909' title='bbox 2966 4952 3134 5004; x_wconf 85' lang='lat' dir='ltr'><strong>Rom.</strong></span> <span class='ocrx_word' id='word_1_910' title='bbox 3166 4963 3292 5004; x_wconf 88' lang='lat' dir='ltr'><strong>vm.</strong></span> <span class='ocrx_word' id='word_1_911' title='bbox 3335 4948 3394 5002; x_wconf 85' lang='lat'><strong>11</strong></span> 
     </span>
    </p>
   </div>
   <div class='ocr_carea' id='block_1_106' title="bbox 2532 4964 3420 5016">
    <p class='ocr_par' dir='ltr' id='par_1_106' title="bbox 2532 4964 3420 5016">
     <span class='ocr_line' id='line_1_107' title="bbox 2532 4964 3420 5016; baseline -0.001 -13"><span class='ocrx_word' id='word_1_912' title='bbox 2532 4964 2674 5005; x_wconf 78' lang='lat' dir='ltr'><strong>lDlO.</strong></span> <span class='ocrx_word' id='word_1_913' title='bbox 2705 4964 2760 5004; x_wconf 83' lang='grc' dir='ltr'><strong>Ο.</strong></span> <span class='ocrx_word' id='word_1_914' title='bbox 2893 4964 2938 4983; x_wconf 70' lang='grc' dir='ltr'><strong>’ν</strong></span> <span class='ocrx_word' id='word_1_915' title='bbox 2966 4964 3134 5004; x_wconf 76' lang='lat' dir='ltr'><strong>nom.</strong></span> <span class='ocrx_word' id='word_1_916' title='bbox 3166 4964 3292 5016; x_wconf 79' lang='lat' dir='ltr'><strong>VIII,</strong></span> <span class='ocrx_word' id='word_1_917' title='bbox 3335 4964 3420 5002; x_wconf 83' lang='lat'><strong>11.</strong></span> 
     </span>
    </p>
   </div>
   <div class='ocr_carea' id='block_1_107' title="bbox 3330 4874 3832 5003">
    <p class='ocr_par' dir='ltr' id='par_1_107' title="bbox 3330 4874 3832 5003">
     <span class='ocr_line' id='line_1_108' title="bbox 3330 4874 3832 4943; baseline -0.002 -14"><span class='ocrx_word' id='word_1_918' title='bbox 3330 4875 3374 4912; x_wconf 70' lang='grc'><strong>1⁸</strong></span> <span class='ocrx_word' id='word_1_919' title='bbox 3400 4874 3555 4932; x_wconf 83' lang='lat' dir='ltr'><strong>Psal.</strong></span> <span class='ocrx_word' id='word_1_920' title='bbox 3587 4889 3748 4943; x_wconf 66' lang='grc' dir='ltr'><strong>(την,</strong></span> <span class='ocrx_word' id='word_1_921' title='bbox 3779 4875 3832 4928; x_wconf 91' lang='grc'>7.</span> 
     </span>
     <span class='ocr_line' id='line_1_109' title="bbox 3335 4945 3832 5003; baseline -0.002 -1"><span class='ocrx_word' id='word_1_922' title='bbox 3335 4948 3420 5002; x_wconf 85' lang='grc'><strong>11.</strong></span> <span class='ocrx_word' id='word_1_923' title='bbox 3551 4947 3595 4982; x_wconf 84' lang='grc'>²¹</span> <span class='ocrx_word' id='word_1_924' title='bbox 3648 4945 3832 5003; x_wconf 85' lang='lat' dir='ltr'><strong>Galat.</strong></span> 
     </span>
    </p>
   </div>
   <div class='ocr_carea' id='block_1_108' title="bbox 3699 4962 3835 5002">
    <p class='ocr_par' dir='ltr' id='par_1_108' title="bbox 3699 4962 3835 5002">
     <span class='ocr_line' id='line_1_110' title="bbox 3699 4962 3835 5002; baseline 0 0"><span class='ocrx_word' id='word_1_925' title='bbox 3699 4962 3835 5002; x_wconf 72' lang='grc' dir='ltr'>ιιθι.</span> 
     </span>
    </p>
   </div>
   <div class='ocr_carea' id='block_1_109' title="bbox 515 5163 3842 5260">
    <p class='ocr_par' dir='ltr' id='par_1_109' title="bbox 515 5163 3842 5260">
     <span class='ocr_line' id='line_1_111' title="bbox 515 5163 3842 5260; baseline -0.001 -34"><span class='ocrx_word' id='word_1_926' title='bbox 643 5171 745 5260; x_wconf 54' lang='grc' dir='ltr'>ἕξει</span> <span class='ocrx_word' id='word_1_927' title='bbox 778 5171 990 5260; x_wconf 75' lang='lat' dir='ltr'><strong>Regius</strong></span> <span class='ocrx_word' id='word_1_928' title='bbox 1021 5173 1269 5246; x_wconf 90' lang='lat' dir='ltr'><strong>primus,</strong></span> <span class='ocrx_word' id='word_1_929' title='bbox 1301 5177 1430 5246; x_wconf 86' lang='lat' dir='ltr'><strong>Seg.</strong></span> <span class='ocrx_word' id='word_1_930' title='bbox 1484 5171 1858 5244; x_wconf 78' lang='lat' dir='ltr'><strong>Anglicanus.</strong></span> <span class='ocrx_word' id='word_1_931' title='bbox 1894 5172 2003 5229; x_wconf 83' lang='lat' dir='ltr'><strong>Alii</strong></span> <span class='ocrx_word' id='word_1_932' title='bbox 2032 5176 2090 5230; x_wconf 84' lang='lat' dir='ltr'><strong>et</strong></span> <span class='ocrx_word' id='word_1_933' title='bbox 2195 5170 2334 5258; x_wconf 76' lang='lat' dir='ltr'><strong>editi</strong></span> <span class='ocrx_word' id='word_1_934' title='bbox 2363 5170 2663 5260; x_wconf 69' lang='lat' dir='ltr'><strong>omittupt.</strong></span> <span class='ocrx_word' id='word_1_935' title='bbox 2696 5170 2875 5260; x_wconf 79' lang='lat' dir='ltr'><strong>Paulo</strong></span> <span class='ocrx_word' id='word_1_936' title='bbox 2908 5167 3225 5260; x_wconf 46' lang='lat' dir='ltr'><strong>posthobl‘.</strong></span> <span class='ocrx_word' id='word_1_937' title='bbox 3250 5167 3586 5260; x_wconf 59' lang='lat' dir='ltr'><strong>et,Felckm.</strong></span> <span class='ocrx_word' id='word_1_938' title='bbox 3619 5163 3842 5260; x_wconf 45' lang='lat'><strong>1,33100</strong></span> 
     </span>
    </p>
   </div>
   <div class='ocr_carea' id='block_1_110' title="bbox 442 5237 918 5310">
    <p class='ocr_par' dir='ltr' id='par_1_110' title="bbox 442 5237 918 5310">
     <span class='ocr_line' id='line_1_112' title="bbox 442 5237 918 5310; baseline 0 -14"><span class='ocrx_word' id='word_1_939' title='bbox 442 5237 614 5306; x_wconf 80' lang='lat' dir='ltr'><strong>editi,</strong></span> <span class='ocrx_word' id='word_1_940' title='bbox 639 5237 918 5310; x_wconf 51' lang='lat' dir='ltr'><strong>meum.</strong></span> 
     </span>
    </p>
   </div>
   <div class='ocr_carea' id='block_1_111' title="bbox 514 5314 2088 5387">
    <p class='ocr_par' dir='ltr' id='par_1_111' title="bbox 514 5314 2088 5387">
     <span class='ocr_line' id='line_1_113' title="bbox 514 5314 2088 5387; baseline 0.001 -20"><span class='ocrx_word' id='word_1_941' title='bbox 514 5314 630 5385; x_wconf 69' lang='lat'>(64)</span> <span class='ocrx_word' id='word_1_942' title='bbox 662 5315 756 5370; x_wconf 89' lang='lat' dir='ltr'><strong>Sic</strong></span> <span class='ocrx_word' id='word_1_943' title='bbox 788 5315 998 5387; x_wconf 80' lang='lat' dir='ltr'><strong>Regius</strong></span> <span class='ocrx_word' id='word_1_944' title='bbox 1031 5318 1276 5387; x_wconf 91' lang='lat' dir='ltr'><strong>primus,</strong></span> <span class='ocrx_word' id='word_1_945' title='bbox 1327 5319 1452 5385; x_wconf 80' lang='lat' dir='ltr'><strong>Seg.</strong></span> <span class='ocrx_word' id='word_1_946' title='bbox 1487 5316 1682 5371; x_wconf 68' lang='lat' dir='ltr'><strong>Caeteri</strong></span> <span class='ocrx_word' id='word_1_947' title='bbox 1728 5321 1786 5387; x_wconf 80' lang='lat' dir='ltr'><strong>et</strong></span> <span class='ocrx_word' id='word_1_948' title='bbox 1814 5317 1955 5373; x_wconf 89' lang='lat' dir='ltr'><strong>editi</strong></span> <span class='ocrx_word' id='word_1_949' title='bbox 1993 5315 2088 5387; x_wconf 85' lang='lat' dir='ltr'><strong>hic</strong></span> 
     </span>
    </p>
   </div>
   <div class='ocr_carea' id='block_1_112' title="bbox 442 5384 2088 5460">
    <p class='ocr_par' dir='ltr' id='par_1_112' title="bbox 442 5384 2088 5460">
     <span class='ocr_line' id='line_1_114' title="bbox 442 5384 2088 5460; baseline 0.001 -22"><span class='ocrx_word' id='word_1_950' title='bbox 442 5401 640 5441; x_wconf 88' lang='lat' dir='ltr'><strong>vocem</strong></span> <span class='ocrx_word' id='word_1_951' title='bbox 675 5390 806 5440; x_wconf 86' lang='grc' dir='ltr'>Θεοῦ</span> <span class='ocrx_word' id='word_1_952' title='bbox 839 5384 1083 5446; x_wconf 80' lang='lat' dir='ltr'><strong>addunt.</strong></span> <span class='ocrx_word' id='word_1_953' title='bbox 1117 5384 1422 5459; x_wconf 35' lang='lat' dir='ltr'><strong>Mox’Seg.</strong></span> <span class='ocrx_word' id='word_1_954' title='bbox 1451 5388 1669 5444; x_wconf 85' lang='lat' dir='ltr'><strong>omittit</strong></span> <span class='ocrx_word' id='word_1_955' title='bbox 1727 5384 1951 5460; x_wconf 84' lang='grc' dir='ltr'>δύναμις</span> <span class='ocrx_word' id='word_1_956' title='bbox 1999 5386 2088 5440; x_wconf 85' lang='grc' dir='ltr'><strong>καὶ</strong></span> 
     </span>
    </p>
   </div>
   <div class='ocr_carea' id='block_1_113' title="bbox 443 5460 595 5512">
    <p class='ocr_par' dir='ltr' id='par_1_113' title="bbox 443 5460 595 5512">
     <span class='ocr_line' id='line_1_115' title="bbox 443 5460 595 5512; baseline 0.013 -2"><span class='ocrx_word' id='word_1_957' title='bbox 443 5460 595 5512; x_wconf 87' lang='grc' dir='ltr'>Θεοῦ.</span> 
     </span>
    </p>
   </div>
   <div class='ocr_carea' id='block_1_114' title="bbox 2195 5238 3748 5318">
    <p class='ocr_par' dir='ltr' id='par_1_114' title="bbox 2195 5238 3748 5318">
     <span class='ocr_line' id='line_1_116' title="bbox 2195 5238 3748 5318; baseline -0.001 -23"><span class='ocrx_word' id='word_1_958' title='bbox 2195 5242 2416 5318; x_wconf 39' lang='grc' dir='ltr'>γαρ-καὶ</span> <span class='ocrx_word' id='word_1_959' title='bbox 2449 5241 2734 5318; x_wconf 75' lang='grc' dir='ltr'>Ἰωνάννης</span> <span class='ocrx_word' id='word_1_960' title='bbox 2764 5238 2980 5318; x_wconf 68' lang='grc' dir='ltr'>γράφειρ</span> <span class='ocrx_word' id='word_1_961' title='bbox 3015 5240 3134 5294; x_wconf 83' lang='grc' dir='ltr'>Ἐάν</span> <span class='ocrx_word' id='word_1_962' title='bbox 3159 5241 3260 5316; x_wconf 76' lang='grc' dir='ltr'>γὰρ</span> <span class='ocrx_word' id='word_1_963' title='bbox 3291 5238 3609 5316; x_wconf 82' lang='grc' dir='ltr'>ἀγαπῶμεν.</span> <span class='ocrx_word' id='word_1_964' title='bbox 3640 5243 3748 5295; x_wconf 88' lang='lat' dir='ltr'><strong>etc.</strong></span> 
     </span>
    </p>
   </div>
   <div class='ocr_carea' id='block_1_115' title="bbox 2289 5316 3090 5386">
    <p class='ocr_par' dir='ltr' id='par_1_115' title="bbox 2289 5316 3090 5386">
     <span class='ocr_line' id='line_1_117' title="bbox 2289 5316 3090 5386; baseline 0.002 -19"><span class='ocrx_word' id='word_1_965' title='bbox 2289 5316 2379 5384; x_wconf 87' lang='lat'><strong>67)</strong></span> <span class='ocrx_word' id='word_1_966' title='bbox 2411 5319 2554 5386; x_wconf 85' lang='lat' dir='ltr'><strong>Reg.</strong></span> <span class='ocrx_word' id='word_1_967' title='bbox 2583 5316 2637 5382; x_wconf 90' lang='grc'><strong>2,</strong></span> <span class='ocrx_word' id='word_1_968' title='bbox 2670 5317 3090 5386; x_wconf 85' lang='grc' dir='ltr'>συσταυροῦμαι.</span> 
     </span>
    </p>
   </div>
   <div class='ocr_carea' id='block_1_116' title="bbox 2267 5382 3845 5456">
    <p class='ocr_par' dir='ltr' id='par_1_116' title="bbox 2267 5382 3845 5456">
     <span class='ocr_line' id='line_1_118' title="bbox 2267 5382 3845 5456; baseline -0.002 -17"><span class='ocrx_word' id='word_1_969' title='bbox 2267 5382 2382 5456; x_wconf 83' lang='grc'><strong>(68)</strong></span> <span class='ocrx_word' id='word_1_970' title='bbox 2412 5382 2668 5456; x_wconf 70' lang='grc' dir='ltr'>ΒίοἹὶοε.</span> <span class='ocrx_word' id='word_1_971' title='bbox 2700 5390 2736 5441; x_wconf 90' lang='lat'><strong>2</strong></span> <span class='ocrx_word' id='word_1_972' title='bbox 2764 5391 2821 5443; x_wconf 89' lang='lat' dir='ltr'><strong>et</strong></span> <span class='ocrx_word' id='word_1_973' title='bbox 2849 5382 3082 5442; x_wconf 72' lang='lat' dir='ltr'><strong>Graecus</strong></span> <span class='ocrx_word' id='word_1_974' title='bbox 3129 5382 3444 5456; x_wconf 77' lang='lat' dir='ltr'><strong>scripturas</strong></span> <span class='ocrx_word' id='word_1_975' title='bbox 3471 5387 3684 5456; x_wconf 81' lang='lat' dir='ltr'><strong>textus.</strong></span> <span class='ocrx_word' id='word_1_976' title='bbox 3733 5385 3845 5436; x_wconf 80' lang='lat' dir='ltr'><strong>Ro-</strong></span> 
     </span>
    </p>
   </div>
   <div class='ocr_carea' id='block_1_117' title="bbox 2199 5453 3850 5532">
    <p class='ocr_par' dir='ltr' id='par_1_117' title="bbox 2199 5453 3850 5532">
     <span class='ocr_line' id='line_1_119' title="bbox 2199 5453 3850 5532; baseline -0.002 -21"><span class='ocrx_word' id='word_1_977' title='bbox 2199 5456 2331 5532; x_wconf 82' lang='lat' dir='ltr'><strong>gius</strong></span> <span class='ocrx_word' id='word_1_978' title='bbox 2362 5453 2978 5532; x_wconf 50' lang='lat' dir='ltr'><strong>primusfSeguerian.</strong></span> <span class='ocrx_word' id='word_1_979' title='bbox 3007 5461 3064 5514; x_wconf 89' lang='lat' dir='ltr'><strong>et</strong></span> <span class='ocrx_word' id='word_1_980' title='bbox 3112 5453 3277 5532; x_wconf 72' lang='lat' dir='ltr'><strong>editiI</strong></span> <span class='ocrx_word' id='word_1_981' title='bbox 3325 5453 3508 5532; x_wconf 72' lang='grc' dir='ltr'>αὐτοῦ.</span> <span class='ocrx_word' id='word_1_982' title='bbox 3542 5453 3689 5532; x_wconf 61' lang='grc' dir='ltr'><strong>1ὶήιίΣ</strong></span> <span class='ocrx_word' id='word_1_983' title='bbox 3714 5456 3850 5532; x_wconf 83' lang='lat' dir='ltr'><strong>_Re-_-</strong></span> 
     </span>
    </p>
   </div>
   <div class='ocr_carea' id='block_1_118' title="bbox 514 5520 3849 5615">
    <p class='ocr_par' dir='ltr' id='par_1_118' title="bbox 514 5520 3849 5615">
     <span class='ocr_line' id='line_1_120' title="bbox 514 5520 3849 5615; baseline -0.001 -33"><span class='ocrx_word' id='word_1_984' title='bbox 514 5531 628 5615; x_wconf 57' lang='lat'>(6:5)</span> <span class='ocrx_word' id='word_1_985' title='bbox 657 5530 751 5615; x_wconf 73' lang='lat' dir='ltr'><strong>Sic</strong></span> <span class='ocrx_word' id='word_1_986' title='bbox 779 5535 916 5615; x_wconf 69' lang='lat' dir='ltr'><strong>Reg.</strong></span> <span class='ocrx_word' id='word_1_987' title='bbox 941 5533 977 5615; x_wconf 40' lang='lat'><strong>.1</strong></span> <span class='ocrx_word' id='word_1_988' title='bbox 1013 5536 1070 5615; x_wconf 86' lang='lat' dir='ltr'><strong>et</strong></span> <span class='ocrx_word' id='word_1_989' title='bbox 1115 5533 1347 5615; x_wconf 26' lang='lat' dir='ltr'><strong>guseg.’</strong></span> <span class='ocrx_word' id='word_1_990' title='bbox 1382 5529 1559 5615; x_wconf 47' lang='lat' dir='ltr'><strong>B_as‘il.</strong></span> <span class='ocrx_word' id='word_1_991' title='bbox 1605 5530 1907 5615; x_wconf 56' lang='lat' dir='ltr'><strong>Anglican:</strong></span> <span class='ocrx_word' id='word_1_992' title='bbox 1940 5529 2091 5615; x_wconf 65' lang='grc' dir='ltr'><strong>Ξάίιί</strong></span> <span class='ocrx_word' id='word_1_993' title='bbox 2199 5520 2332 5615; x_wconf 62' lang='lat' dir='ltr'><strong>gius</strong></span> <span class='ocrx_word' id='word_1_994' title='bbox 2362 5520 2591 5615; x_wconf 69' lang='lat' dir='ltr'><strong>primus</strong></span> <span class='ocrx_word' id='word_1_995' title='bbox 2634 5520 2784 5603; x_wconf 69' lang='lat' dir='ltr'><strong>Se§.,</strong></span> <span class='ocrx_word' id='word_1_996' title='bbox 2818 5529 2992 5602; x_wconf 90' lang='lat' dir='ltr'><strong>paulo</strong></span> <span class='ocrx_word' id='word_1_997' title='bbox 3036 5531 3193 5599; x_wconf 87' lang='lat' dir='ltr'><strong>ante,</strong></span> <span class='ocrx_word' id='word_1_998' title='bbox 3246 5531 3381 5599; x_wconf 86' lang='lat' dir='ltr'><strong>post</strong></span> <span class='ocrx_word' id='word_1_999' title='bbox 3434 5520 3588 5602; x_wconf 75' lang='grc' dir='ltr'>ἔργα,</span> <span class='ocrx_word' id='word_1_1000' title='bbox 3619 5523 3849 5581; x_wconf 87' lang='lat' dir='ltr'><strong>addunt</strong></span> 
     </span>
    </p>
   </div>
   <div class='ocr_carea' id='block_1_119' title="bbox 446 5601 2090 5675">
    <p class='ocr_par' dir='ltr' id='par_1_119' title="bbox 446 5601 2090 5675">
     <span class='ocr_line' id='line_1_121' title="bbox 446 5601 2090 5675; baseline 0.002 -21"><span class='ocrx_word' id='word_1_1001' title='bbox 446 5603 503 5654; x_wconf 88' lang='lat' dir='ltr'><strong>et</strong></span> <span class='ocrx_word' id='word_1_1002' title='bbox 525 5601 629 5675; x_wconf 77' lang='lat' dir='ltr'><strong>alii</strong></span> <span class='ocrx_word' id='word_1_1003' title='bbox 662 5601 1089 5675; x_wconf 60' lang='lat' dir='ltr'><strong>xafabjiciunt.</strong></span> <span class='ocrx_word' id='word_1_1004' title='bbox 1123 5601 1386 5675; x_wconf 58' lang='lat' dir='ltr'><strong>Ibid.&#39;_si_c</strong></span> <span class='ocrx_word' id='word_1_1005' title='bbox 1418 5603 1633 5675; x_wconf 81' lang='lat' dir='ltr'><strong>habent</strong></span> <span class='ocrx_word' id='word_1_1006' title='bbox 1653 5601 1820 5660; x_wconf 70' lang='grc' dir='ltr'>οδω.</span> <span class='ocrx_word' id='word_1_1007' title='bbox 1855 5607 1911 5661; x_wconf 90' lang='lat' dir='ltr'><strong>et</strong></span> <span class='ocrx_word' id='word_1_1008' title='bbox 1944 5602 2090 5659; x_wconf 81' lang='lat' dir='ltr'><strong>Felc.</strong></span> 
     </span>
    </p>
   </div>
   <div class='ocr_carea' id='block_1_120' title="bbox 449 5670 1778 5757">
    <p class='ocr_par' dir='ltr' id='par_1_120' title="bbox 449 5670 1778 5757">
     <span class='ocr_line' id='line_1_122' title="bbox 449 5670 1778 5757; baseline 0.003 -33"><span class='ocrx_word' id='word_1_1009' title='bbox 449 5670 872 5757; x_wconf 47' lang='lat' dir='ltr'><strong>primus,&#39;o6r¢5</strong></span> <span class='ocrx_word' id='word_1_1010' title='bbox 903 5674 1006 5757; x_wconf 63' lang='grc' dir='ltr'><strong>γάρ</strong></span> <span class='ocrx_word' id='word_1_1011' title='bbox 1039 5670 1386 5757; x_wconf 57' lang='grc' dir='ltr'><strong>φησι-Δαϐίδ6</strong></span> <span class='ocrx_word' id='word_1_1012' title='bbox 1420 5672 1636 5757; x_wconf 82' lang='grc' dir='ltr'>Κύριος,</span> <span class='ocrx_word' id='word_1_1013' title='bbox 1671 5679 1778 5757; x_wconf 66' lang='lat' dir='ltr'><strong>etc.</strong></span> 
     </span>
    </p>
   </div>
   <div class='ocr_carea' id='block_1_121' title="bbox 522 5743 2095 5816">
    <p class='ocr_par' dir='ltr' id='par_1_121' title="bbox 522 5743 2095 5816">
     <span class='ocr_line' id='line_1_123' title="bbox 522 5743 2095 5816; baseline 0.001 -18"><span class='ocrx_word' id='word_1_1014' title='bbox 522 5745 636 5816; x_wconf 87' lang='lat'>(66)</span> <span class='ocrx_word' id='word_1_1015' title='bbox 668 5745 733 5798; x_wconf 78' lang='grc' dir='ltr'><strong>Δέ</strong></span> <span class='ocrx_word' id='word_1_1016' title='bbox 765 5746 860 5801; x_wconf 88' lang='lat' dir='ltr'><strong>hic</strong></span> <span class='ocrx_word' id='word_1_1017' title='bbox 902 5743 1122 5804; x_wconf 76' lang='lat' dir='ltr'><strong>habent</strong></span> <span class='ocrx_word' id='word_1_1018' title='bbox 1167 5747 1380 5816; x_wconf 82' lang='lat' dir='ltr'><strong>Regius</strong></span> <span class='ocrx_word' id='word_1_1019' title='bbox 1427 5743 1672 5816; x_wconf 86' lang='lat' dir='ltr'><strong>primus,</strong></span> <span class='ocrx_word' id='word_1_1020' title='bbox 1719 5750 1845 5816; x_wconf 75' lang='lat' dir='ltr'><strong>Sag.</strong></span> <span class='ocrx_word' id='word_1_1021' title='bbox 1893 5743 2005 5800; x_wconf 86' lang='lat' dir='ltr'><strong>Alii</strong></span> <span class='ocrx_word' id='word_1_1022' title='bbox 2035 5747 2095 5800; x_wconf 86' lang='lat' dir='ltr'><strong>et</strong></span> 
     </span>
    </p>
   </div>
   <div class='ocr_carea' id='block_1_122' title="bbox 2200 5606 3611 5744">
    <p class='ocr_par' dir='ltr' id='par_1_122' title="bbox 2200 5606 3611 5744">
     <span class='ocr_line' id='line_1_124' title="bbox 2200 5606 2582 5657; baseline 0.003 -2"><span class='ocrx_word' id='word_1_1023' title='bbox 2200 5606 2363 5657; x_wconf 83' lang='lat' dir='ltr'><strong>item.</strong></span> <span class='ocrx_word' id='word_1_1024' title='bbox 2396 5606 2582 5656; x_wconf 82' lang='grc' dir='ltr'>αὐτοῦ.</span> 
     </span>
     <span class='ocr_line' id='line_1_125' title="bbox 2278 5668 3611 5744; baseline -0.002 -19"><span class='ocrx_word' id='word_1_1025' title='bbox 2278 5670 2390 5744; x_wconf 82' lang='lat'><strong>(69)</strong></span> <span class='ocrx_word' id='word_1_1026' title='bbox 2422 5671 2509 5726; x_wconf 86' lang='lat' dir='ltr'><strong>’Ev</strong></span> <span class='ocrx_word' id='word_1_1027' title='bbox 2537 5673 2703 5730; x_wconf 88' lang='lat' dir='ltr'><strong>abest</strong></span> <span class='ocrx_word' id='word_1_1028' title='bbox 2733 5689 2768 5730; x_wconf 87' lang='lat' dir='ltr'><strong>a</strong></span> <span class='ocrx_word' id='word_1_1029' title='bbox 2789 5671 2964 5744; x_wconf 80' lang='lat' dir='ltr'><strong>Regio</strong></span> <span class='ocrx_word' id='word_1_1030' title='bbox 2992 5670 3204 5744; x_wconf 60' lang='lat' dir='ltr'><strong>primo,</strong></span> <span class='ocrx_word' id='word_1_1031' title='bbox 3235 5668 3611 5744; x_wconf 75' lang='lat' dir='ltr'><strong>Segueriano.</strong></span> 
     </span>
    </p>
   </div>
   <div class='ocr_carea' id='block_1_123' title="bbox 2299 5670 3848 5818">
    <p class='ocr_par' dir='ltr' id='par_1_123' title="bbox 2299 5670 3848 5818">
     <span class='ocr_line' id='line_1_126' title="bbox 2299 5670 3611 5744; baseline -0.004 -17"><span class='ocrx_word' id='word_1_1032' title='bbox 2299 5672 2369 5727; x_wconf 85' lang='lat'>69</span> <span class='ocrx_word' id='word_1_1033' title='bbox 2422 5671 2509 5726; x_wconf 86' lang='lat' dir='ltr'><strong>’Ev</strong></span> <span class='ocrx_word' id='word_1_1034' title='bbox 2537 5673 2703 5730; x_wconf 88' lang='lat' dir='ltr'><strong>abest</strong></span> <span class='ocrx_word' id='word_1_1035' title='bbox 2733 5689 2768 5730; x_wconf 87' lang='lat' dir='ltr'><strong>a</strong></span> <span class='ocrx_word' id='word_1_1036' title='bbox 2789 5671 2964 5744; x_wconf 80' lang='lat' dir='ltr'><strong>Regio</strong></span> <span class='ocrx_word' id='word_1_1037' title='bbox 2992 5670 3204 5743; x_wconf 88' lang='lat' dir='ltr'><strong>primo.</strong></span> <span class='ocrx_word' id='word_1_1038' title='bbox 3235 5670 3611 5742; x_wconf 86' lang='lat' dir='ltr'><strong>Segueriano.</strong></span> 
     </span>
     <span class='ocr_line' id='line_1_127' title="bbox 2299 5670 3848 5818; baseline -0.018 -1"><span class='ocrx_word' id='word_1_1039' title='bbox 2299 5670 2392 5815; x_wconf 72' lang='grc' dir='ltr'><strong>⁷οί</strong></span> <span class='ocrx_word' id='word_1_1040' title='bbox 2420 5744 2636 5818; x_wconf 75' lang='lat' dir='ltr'><strong>Regius</strong></span> <span class='ocrx_word' id='word_1_1041' title='bbox 2657 5745 2905 5818; x_wconf 84' lang='lat' dir='ltr'><strong>primus,</strong></span> <span class='ocrx_word' id='word_1_1042' title='bbox 2928 5743 3085 5816; x_wconf 81' lang='lat' dir='ltr'><strong>Seg.,</strong></span> <span class='ocrx_word' id='word_1_1043' title='bbox 3106 5740 3326 5800; x_wconf 87' lang='lat' dir='ltr'><strong>habent</strong></span> <span class='ocrx_word' id='word_1_1044' title='bbox 3347 5739 3398 5794; x_wconf 80' lang='lat' dir='ltr'><strong>tv</strong></span> <span class='ocrx_word' id='word_1_1045' title='bbox 3429 5742 3499 5814; x_wconf 74' lang='grc' dir='ltr'>τῇ</span> <span class='ocrx_word' id='word_1_1046' title='bbox 3532 5735 3659 5815; x_wconf 80' lang='grc' dir='ltr'>ἁγίᾳ</span> <span class='ocrx_word' id='word_1_1047' title='bbox 3684 5732 3848 5814; x_wconf 83' lang='grc' dir='ltr'>Τριά-</span> 
     </span>
    </p>
   </div>
  </div>
