4076 6338
423 452 544 515 579

971 449 1037 513 S.
1081 448 1506 514 ΛἸἯΑΝΔΒΙῙ
1549 449 1721 510 ΟΡΡ.
1766 447 1970 510 PARS
2013 447 2034 508 l

2154 479 2175 494 -
2206 447 2625 511 HISTORICA
2671 448 2774 510 ET
2815 447 3292 511 DOGMATIGA.

3711 451 3836 514 580

424 585 680 642 ductam.
699 585 843 641 Nam
865 582 1364 656 quemadmodum
1389 579 1725 653 unigenitus
1746 581 1836 636 est
1850 578 2032 636 Filius

2182 582 2279 634 τοῦ
2335 580 2466 634 Υῖοῦ
2524 575 2809 652 διδόμενον
2861 579 2950 634 καί
3006 577 3383 653 πεμπόμενον,
3439 580 3531 636 καὶ
3587 579 3719 637 αὐτὸ
3770 579 3825 639 ’ἐν

421 673 508 731 sic
536 679 594 730 et
621 673 895 746 Spiritus,
927 671 1029 744 qui
1060 687 1094 728 a
1123 669 1269 726 Filio
1299 670 1473 725 datur
1501 674 1559 724 et
1587 667 1860 736 mittitur,
1911 684 2067 724 unus

419 762 560 818 item
587 766 820 832 est,non
852 759 1046 826 multi,
1078 775 1267 831 neque
1298 773 1366 813 ex
1396 757 1596 813 multis
1629 773 1804 825 unus,
1839 757 1940 812 sed
1972 773 2066 812 so-

418 850 512 907 lus
531 852 656 922 ipse
674 849 923 922 Spiritus
943 853 1050 904 est.
1083 847 1228 911 Quia
1250 846 1408 902 enim
1433 863 1586 902 unus
1625 849 1714 902 est
1749 845 1933 901 Filius
1964 844 2066 916 qui

417 944 476 994 et
504 939 702 994 vivens
733 947 819 994 est
847 937 1107 993 Verbum
1143 953 1156 992 :
1193 951 1369 991 unam
1403 950 1638 1008 quoque
1666 950 1797 990 esse
1825 950 2065 990 necesse

415 1031 506 1083 est
535 1028 848 1100 perfectam
876 1032 936 1082 et
965 1025 1220 1098 plenam,
1252 1023 1718 1080 sanctificantem
1753 1028 1811 1079 et
1838 1022 2061 1079 illumi-

412 1120 673 1184 nantem,
705 1115 994 1172 viventem
1027 1114 1156 1184 ejus
1184 1113 1506 1168 efﬁcaciam
1538 1117 1595 1168 et
1641 1113 1863 1168 donum
1905 1111 2058 1183 quod

408 1220 477 1260 ex
523 1205 688 1260 Patre
735 1203 1046 1276 procedere
1092 1201 1330 1268 dicitur,
1380 1200 1520 1274 quia
1561 1217 1631 1257 ex
1659 1202 1868 1270 Verbo,
1901 1201 2057 1272 quod

407 1309 474 1348 ex
497 1294 663 1349 Patre
684 1309 812 1349 esse
833 1291 1196 1356 conceditur,
1225 1289 1480 1362 ell‘ulget,
1505 1293 1563 1345 et
1583 1290 1656 1345 ab
1691 1291 1893 1345 eodem
1928 1288 2061 1344 mit-

407 1381 644 1448 titur,ac
673 1379 1085 1436 datur.Filium
1117 1379 1351 1450 quidem
1385 1395 1418 1433 a
1448 1377 1616 1433 Patre
1666 1377 1817 1432 mitti
1871 1377 2056 1433 veris-

407 1471 623 1525 simum
654 1474 765 1538 est,
799 1473 865 1524 ut
893 1468 1019 1540 ipse
1047 1467 1141 1522 his
1170 1466 1380 1522 Verbis
1407 1471 1692 1523 testatur:
1723 1490 1743 1515 ι
1771 1466 1866 1522 Sic
1897 1465 2056 1522 Deus

405 1556 608 1614 dilexit
637 1557 1019 1623 mundum,ut
1042 1554 1252 1611 Filium
1286 1572 1462 1612 suum
1495 1555 1866 1627 unigenitum
1917 1556 2053 1610 mit-

401 1651 553 1703 teret
603 1648 668 1702 ”.
720 1669 749 1697 »
779 1646 870 1701 Sin
899 1644 1074 1706 etiam
1109 1643 1292 1699 Filius
1317 1643 1599 1715 Spiritum
1629 1643 1828 1699 mittit.
1863 1666 1890 1692 «
1925 1642 1986 1699 Si
2017 1665 2047 1693 »

401 1735 582 1804 enim,
607 1733 816 1806 inquit,
840 1757 867 1784 «
893 1749 998 1805 ego
1030 1732 1247 1803 abiero,
1273 1735 1500 1788 mittam
1530 1731 1897 1788 Paracletum
1925 1733 1990 1786 9".
2015 1754 2043 1782 ››

403 1825 582 1880 Filius
609 1823 884 1880 similiter
915 1823 1140 1878 Patrem
1173 1820 1441 1889 honorat,
1478 1826 1541 1876 ut
1571 1822 1698 1893 ipse
1729 1821 1848 1877 ait:
1873 1844 1901 1871 «
1927 1821 2046 1894 Ego

397 1919 455 1970 te
481 1912 796 1970 clariﬁcavi
826 1912 890 1966 ³⁸.
915 1933 944 1962 ››
977 1911 1230 1983 Spiritus
1263 1910 1402 1967 item
1433 1911 1645 1966 Filium
1679 1909 1943 1978 honorat,
1979 1915 2046 1966 ut

397 2001 550 2058 idem
584 2002 768 2058 Filius
799 2001 941 2056 dixit
973 2019 986 2056 :
1021 2022 1048 2050 «
1081 1998 1184 2056 Ille
1217 2015 1309 2055 me
1339 1999 1684 2057 clariﬁcabit
1711 2000 1774 2054 ’9.
1801 2021 1830 2049 ››
1862 1998 2042 2056 Filius

395 2097 674 2164 preterea
701 2090 843 2146 dicit
876 2107 890 2146 :
924 2112 952 2140 «
987 2089 1120 2153 Quae
1153 2088 1350 2144 audivi
1377 2106 1411 2144 a
1443 2089 1634 2158 Patre,
1667 2088 1785 2144 hac
1835 2087 2045 2161 loquor

393 2182 455 2236 in
489 2181 708 2236 mundo
735 2180 800 2234 ³ο.
835 2200 864 2229 ››
894 2179 1146 2251 Spiritus
1175 2183 1371 2234 autem
1404 2195 1468 2234 ex
1505 2177 1646 2233 Filio
1676 2193 1912 2248 quoque
1943 2194 2042 2233 ao-

391 2268 553 2340 cipit.
586 2290 616 2320 α
641 2272 720 2324 De
753 2284 901 2336 meo,
938 2291 959 2317 ι
995 2266 1207 2338 inquit,
1241 2288 1269 2316 «
1301 2265 1550 2336 accipiet
1579 2270 1637 2321 et
1667 2265 2044 2322 annuntiabit

389 2358 557 2414 vobis
584 2357 688 2412 “.n
711 2360 958 2420 Rursus,
983 2354 1162 2411 Filius
1193 2355 1251 2409 in
1285 2353 1522 2410 nomine
1552 2354 1740 2410 Patris
1771 2356 2042 2410 venit.lta

389 2445 566 2502 etiam
600 2467 628 2496 ‹‹
658 2445 915 2518 Spiritus
946 2449 1205 2509 sanctus,
1242 2467 1262 2492 ι
1295 2442 1489 2514 inquit
1531 2441 1734 2512 Filius,
1781 2462 1814 2494 ι
1863 2459 2039 2515 quem

393 2534 587 2590 mittet
616 2535 786 2590 Pater
813 2533 872 2588 in
905 2533 1141 2588 nomine
1172 2548 1301 2588 meo
1331 2532 1398 2587 33.
1431 2553 1461 2582 »

458 2625 700 2680 2l.Cum
733 2622 918 2695 igitur
944 2621 1217 2678 eumdem
1248 2622 1513 2677 ordinem
1541 2621 1927 2694 eamdemque
1944 2637 2041 2677 na-

391 2717 583 2772 turam
613 2712 828 2768 habeat
857 2710 1112 2784 Spiritus
1139 2727 1280 2782 erga
1309 2710 1544 2778 Filium,
1578 2711 1810 2782 qualem
1856 2710 2037 2766 Filius

391 2816 530 2871 erga
557 2803 834 2868 iPatrem,
860 2815 996 2870 qua,
1033 2814 1251 2868 quaeso,
1285 2797 1507 2853 ratione
1533 2798 1584 2853 is
1615 2798 1716 2869 qui
1748 2797 2036 2870 Spiritum

385 2895 656 2945 sanctum
684 2903 804 2944 rem
827 2891 1082 2942 creatam
1107 2903 1234 2942 esse
1256 2887 1576 2953 contendit,
1602 2904 1717 2942 non
1739 2887 1895 2943 idem
1936 2903 2036 2942 ne-

386 2977 640 3034 cessario
671 2977 742 3033 de
768 2976 914 3032 Filio
945 2974 1193 3032 sentiet?
1223 2975 1369 3030 Nam
1401 2976 1451 3032 si
1483 2976 1611 3031 Filii
1641 2975 1895 3048 Spiritus
1943 2993 2036 3032 res

385 3073 474 3123 est
495 3071 711 3134 creata,
733 3081 1100 3138 consequens
1125 3069 1214 3120 est
1236 3069 1300 3120 ut
1320 3070 1376 3120 et
1396 3064 1650 3120 Verbum
1693 3065 1881 3120 Patris
1912 3081 2034 3121 rem

387 3159 644 3211 creatam
674 3171 802 3210 esse
835 3155 1147 3208 fateantur.
1179 3157 1312 3208 Haec
1344 3170 1550 3224 nempe
1579 3153 1801 3225 opinati
1831 3153 2035 3210 Ariani

2176 665 2286 722 ἐστι
2318 668 2430 742 (78)
2477 667 2566 722 καὶ
2622 667 2686 722 οὐ
2735 663 2942 737 πολλὰ,
3001 664 3127 723 οὐδὲ
3177 666 3237 722 ἐκ
3282 665 3508 725 πολλῶν
3553 667 3636 739 ἓν,
3680 669 3828 728 ἀλλὰ

2179 756 2344 828 μόνον
2392 755 2522 812 αὐτὸ
2570 758 2814 830 Πνεῦμα.
2861 756 3014 819 Ἐνὸς
3062 756 3162 833 γὰρ
3209 752 3362 820 ὄντος
3404 763 3500 814 τοῦ
3531 759 3658 815 Υ¹ιοῦ
3689 761 3824 836 (79),

2173 849 2270 899 τοῦ
2305 849 2503 915 ζῶντος
2535 845 2736 920 Λόγου,
2785 843 2910 918 μίαν
2959 845 3091 901 εἶναι
3142 843 3222 902 δεῖ
3263 847 3471 903 τελείαν
3503 848 3592 904 καὶ
3625 847 3819 926 πλήρη

2172 935 2271 1003 τήν
2322 935 2642 1008 ἁγιαστικήν
2693 934 2783 990 καὶ
2823 935 3155 1012 φωτιστικήν
3208 940 3380 1005 ζῶσαν
3422 935 3687 1013 ἐνέργειαν
3721 939 3824 994 αῦ-

2171 1027 2268 1078 τοῦ
2310 1022 2399 1078 καὶ
2450 1020 2677 1097 δωρεὰν,
2725 1023 2847 1092 ἥτις
2893 1021 2952 1078 ἐκ
3003 1024 3218 1100 Πατρὸς
3272 1024 3488 1099 λέγεται
3533 1024 3821 1102 ἔκπορεόε-

2172 1114 2314 1185 σθαι,
2349 1110 2536 1183 ἐπειδὴ
2567 1112 2713 1189 παρᾶ
2739 1117 2838 1168 τοῦ
2887 1111 3068 1188 ⁴Χόγου
3116 1117 3212 1168 τοῦ
3242 1112 3298 1169 ἐκ
3349 1115 3564 1191 Πατρὸς
3605 1115 3818 1189 ὁμολο-

2168 1202 2436 1278 γουμένου
2484 1199 2783 1275 ἐκλάμπει,
2831 1200 2922 1256 καὶ
2971 1201 3389 1275 ἀποστέλλεται,
3437 1203 3528 1258 καὶ
3585 1200 3815 1262 δίδοται.

2169 1288 2392 1364 ’Δμέλει
2425 1291 2452 1345 6
2504 1291 2598 1364 μὲν
2646 1291 2767 1353 Υἱὸς
2817 1291 2963 1366 παρὰ
2989 1295 3087 1346 τοῦ
3137 1292 3350 1366 Πατρὸς
3398 1291 3813 1349 ἀποστέλλεταιο

2173 1402 2198 1434 ε
2219 1377 2374 1434 Οὕτω
2405 1402 2434 1432 ››
2464 1379 2591 1455 γὰρ,
2624 1379 2812 1457 φησὶν,
2845 1403 2873 1432 (ι
2906 1380 2936 1435 6
2967 1379 3096 1442 Θεὸς
3147 1380 3403 1456 ἠγάπησε
3446 1380 3537 1436 τὸν
3581 1379 3812 1455 κόσμον,

2163 1468 2302 1524 ὥστε
2328 1469 2419 1523 τὸν
2452 1469 2574 1523 Υἱὸν
2601 1466 2766 1523 αὐτοῦ
2813 1469 2905 1523 τὸν
2952 1476 3222 1544 μονογενῆ
3256 1467 3570 1525 ἀπέστειλεν
3783 1493 3812 1521 ››

2160 1557 2221 1615 Ὁ
2253 1555 2310 1612 δὲ
2341 1557 2465 1620 Υἱὸς
2511 1557 2573 1612 τὸ
2618 1559 2838 1630 Πνεῦμα
2889 1555 3234 1614 ἀποστέλλει·
3267 1585 3296 1611 ιι
3330 1558 3450 1613 Ἐὰν
3485 1584 3508 1613 ι
3543 1558 3665 1636 γὰρ,
3699 1580 3812 1636 φη-

2159 1645 2266 1716 σὶν,
2302 1669 2330 1698 ιι
2363 1643 2472 1720 ἐγὼ
2500 1643 2745 1717 ἀπέλθω,
2794 1644 3080 1701 ἀποστελῶ
3109 1646 3200 1701 τὸν
3243 1644 3626 1720 ΙΙαράκλητον.
3656 1647 3808 1701 »Καὶ

2157 1735 2186 1789 6
2220 1735 2314 1807 μὲν
2349 1735 2470 1796 Υἱὸς
2497 1734 2589 1789 τὸν
2641 1733 2854 1810 Πατέρα
2910 1731 3140 1806 δοξάζει,
3174 1734 3370 1811 λέγων’
3409 1759 3431 1788 ι
3467 1735 3666 1808 Πάτερ,
3700 1735 3806 1812 ἐγώ

2156 1843 2214 1877 σε
2245 1820 2492 1893 έδόξασα·
2533 1847 2562 1874 ››
2591 1823 2654 1878 τὸ
2678 1820 2735 1878 δὲ
2765 1825 2983 1897 Πνεῦμα
3031 1821 3239 1894 δοξάζει
3268 1823 3360 1880 τὸν
3391 1823 3534 1880 Υὶόνο
3566 1849 3596 1876 ι(
3629 1825 3802 1880 Ἐκεῖ-

2152 1933 2240 1974 νος
2277 1935 2298 1963 ι
2349 1912 2472 1988 γὰρ,
2522 1911 2708 1988 φησὶν,
2757 1936 2786 1965 ‹‹
2815 1910 2912 1986 ἐμὲ
2959 1908 3190 1983 δοξάσει.
3221 1939 3249 1966 ››
3298 1913 3396 1968 Καὶ
3446 1913 3475 1968 6
3529 1914 3627 1986 μὲν
3677 1913 3803 1977 Υἱός

2154 2018 2339 2078 φησιν·
2394 2026 2422 2053 ‹‹
2455 2007 2520 2056 *Α
2577 2001 2786 2070 ἥκουσα
2839 2000 2986 2076 παρά
3039 2004 3137 2055 τοῦ
3196 2001 3432 2077 Πατρὸς,
3489 2005 3659 2057 ταῦτα
3709 2000 3801 2056 καί

2155 2087 2310 2145 λαλῶ
2362 2089 2438 2152 εἷς
2483 2089 2575 2144 τὸν
2626 2087 2855 2162 κόσμον·
2887 2111 2915 2144 ι
2950 2088 3012 2144 τὸ
3061 2086 3118 2144 δὶ
3168 2091 3394 2164 Πνεῦμα
3440 2089 3499 2144 έκ
3542 2094 3639 2144 τοῦ
3672 2091 3800 2145 Υἱοῦ

2155 2173 2441 2252 λαμϐάνει·
2494 2202 2523 2230 ι(
2575 2178 2669 2234 Ἐκ
2712 2181 2810 2232 τοῦ
2861 2176 2997 2251 ἐμοῦ
3029 2177 3177 2253 »γὰρ
3213 2202 3240 2231 ιι
3267 2175 3502 2252 λήψεται
3550 2180 3662 2252 (81)
3707 2178 3799 2234 καὶ

2151 2267 2440 2342 ἀναγγελεῖ
2471 2268 2620 2340 ὑμῖν,
2646 2288 2674 2321 ι
2713 2265 2867 2345 φησί.
2919 2266 3024 2322 Καὶ
3073 2268 3101 2322 6
3155 2267 3252 2341 μὶν
3305 2267 3429 2330 Υἱὸς
3479 2266 3532 2322 ἐν
3564 2271 3646 2340 τῷ
3677 2267 3801 2322 ὀνό-

2155 2377 2282 2429 ματι
2311 2360 2408 2411 τοῦ
2456 2357 2672 2432 Πατρὸς
2704 2354 2862 2426 ἦλθε·
2898 2381 2925 2408 ‹‹
2957 2355 3028 2411 Τὸ
3073 2352 3132 2412 δὲ
3182 2359 3404 2430 Πνεῦμα
3447 2357 3512 2412 τὸ
3560 2358 3735 2432 ἅγιον,
3767 2378 3797 2408 ιο

2151 2445 2312 2523 φησὶν
2343 2446 2372 2500 6
2413 2443 2536 2508 Υἱός
2568 2447 2707 2519 (82),
2741 2471 2767 2497 ι(
2800 2445 2830 2500 ’ὀ
2860 2443 3062 2519 πέμψει
3094 2446 3122 2501 6
3155 2446 3342 2514 Πατὴρ
3369 2445 3421 2501 ἐν
3461 2443 3540 2518 τῷ
3569 2443 3800 2519 ὀνόματί

2153 2554 2278 2606 μου.
2312 2556 2342 2588 υ

2217 2626 2307 2680 2i.
2342 2620 2616 2693 Τοιαύτην
2651 2619 2710 2678 δὲ
2755 2620 2900 2692 τάξιν
2933 2623 3023 2677 καὶ
3054 2621 3212 2700 φύσιν
3243 2617 3469 2698 ἔχοντος
3496 2625 3594 2678 τοῦ
3627 2620 3800 2679 Πνεῦ-

2149 2733 2322 2786 ματος
2351 2713 2489 2788 πρὸς
2517 2713 2609 2768 τὸν
2644 2712 2765 2768 Υἱὸν
2817 2715 2952 2786 (83),
2985 2711 3101 2768 οἵαν
3137 2713 3166 2767 6
3197 2714 3322 2777 Υἱὸς
3371 2709 3489 2790 ἔχει
3537 2715 3675 2788 πρὸς
3704 2713 3800 2768 τὸν

2147 2801 2385 2877 Πατέρα,
2435 2806 2553 2864 πῶς
2586 2801 2614 2856 ὁ
2643 2805 2802 2856 τοῦτο
2854 2800 3055 2874 κτίσμα
3107 2799 3285 2876 λέγων
3336 2801 3398 2856 οῦ
3437 2802 3498 2857 τὸ
3546 2801 3676 2858 αὐτὸ
3706 2801 3797 2856 καὶ

2145 2890 2394 2964 περὶτοῦ
2426 2891 2553 2944 Υἱοῦ
2603 2889 2654 2961 ἐξ
2697 2889 2933 2965 ἀνάγκης
2982 2891 3240 2969 φρονήσει
3278 2909 3292 2962 ;
3327 2890 3390 2948 Ei
3437 2890 3536 2966 γάρ
3589 2889 3796 2946 ἔστιτὸ

2146 2983 2367 3052 Πνεῦμα
2410 2983 2507 3033 τοῦ
2556 2979 2685 3033 ι”ιοῦ
2721 2979 2944 3052 κτίσμα,
2994 2977 3294 3043 ἀκόλουθον
3345 2977 3407 3035 ἃν
3437 2975 3524 3048 εἴη
3561 2981 3677 3053 (84)
3708 2976 3799 3035 λέο

2143 3088 2255 3142 γειν
2305 3066 2500 3130 αὐτοὺς
2529 3067 2619 3122 καὶ
2648 3067 2739 3122 τὸν
2790 3067 2966 3143 Λόγον
2997 3071 3096 3123 τοῦ
3146 3068 3354 3144 Πατρὸς
3401 3067 3537 3123 είναι
3568 3067 3792 3141 κτίσμα.

2144 3159 2379 3214 Τοιαῦτα
2406 3157 2507 3231 γὰρ
2557 3156 2609 3211 οἱ
2660 3156 2924 3230 Ἀρειανοὶ
2974 3157 3377 3235 φαντασθέντες,
3407 3156 3484 3219 εἷς
3535 3156 3626 3212 τὸν
3658 3157 3796 3212 κατὰ

383 3243 445 3300 in
469 3243 700 3315 Caiphae
719 3242 1096 3299 Judaismum
1123 3241 1345 3314 delapsi
1367 3248 1524 3298 sunt.
1557 3241 1614 3296 Si
1643 3258 1811 3313 porro
1835 3241 1894 3297 hi
1932 3243 2033 3314 qui

2154 3243 2382 3322 Καϊάφαν
2435 3241 2773 3318 Ἰουδαϊσμὸν
2824 3245 3191 3302 πεπτώκασιν.
3243 3243 3306 3300 Εἰ
3357 3241 3415 3299 δὶ
3462 3245 3529 3300 τά
3575 3244 3793 3318 ’Δρείου

383 3334 454 3388 de
485 3313 705 3404 Spiritu
734 3331 857 3387 haec
887 3331 1104 3386 audent
1131 3313 1472 3399 dicere,Arii
1503 3329 1853 3386 sententiam
1884 3313 2034 3386 tueri

2154 3333 2226 3406 μή
2259 3313 2685 3408 προσποιοῦνται
2715 3339 2929 3411 φρονεῖν
3107 3335 3159 3388 οἱ
3197 3332 3320 3412 περὶ
3345 3338 3441 3388 τοῦ
3477 3313 3794 3406 Πνεύματος

382 3421 591 3491 nolint,
621 3421 750 3491 ejus
781 3435 917 3492 ergo
947 3419 1120 3475 verba
1151 3433 1384 3491 quoque
1415 3418 1666 3490 fugiant,
1715 3435 1820 3475 nec
1867 3418 2034 3492 impii

379 3510 500 3568 sint
522 3511 583 3566 in
607 3510 892 3582 Spiritum
916 3513 1188 3564 sanctum
1219 3510 1365 3565 Nam
1391 3513 1455 3564 ut
1477 3507 1679 3576 Filius,
1697 3510 1796 3581 qui
1829 3509 1888 3564 in
1921 3514 2031 3566 Pa-

377 3605 464 3656 tre
497 3605 606 3671 est,
638 3599 698 3655 in
728 3615 840 3671 quo
871 3598 1044 3654 etiam
1076 3602 1165 3654 est
1192 3597 1382 3666 Pater,
1417 3613 1532 3653 non
1563 3602 1652 3653 est
1681 3614 1774 3652 res
1816 3602 2029 3667 creata,

378 3689 482 3746 sed
512 3688 705 3745 Patris
735 3686 1080 3744 substantias
1112 3685 1385 3758 proprius
1414 3689 1523 3752 est,
1547 3685 1703 3757 quod
1734 3690 1790 3740 et
1813 3675 1914 3742 vos
1943 3704 2030 3743 as-

378 3777 659 3834 severatis
687 3794 700 3832 ε
726 3777 810 3833 ita
838 3782 896 3833 et
922 3776 1204 3848 Spiritum
1236 3775 1637 3844 sanctum,qui
1658 3774 1716 3829 in
1747 3773 1889 3830 Filio
1919 3779 2028 3845 est,

375 3872 432 3923 et
458 3869 517 3924 in
549 3883 664 3940 quo
693 3865 876 3922 Filius
905 3869 1016 3934 est,
1043 3864 1196 3920 inter
1225 3880 1318 3919 res
1347 3868 1571 3919 creatas
1602 3864 1903 3932 collocare,
1927 3868 2031 3920 aut

373 3974 407 4013 a
438 3956 627 4013 Verbo
657 3955 1119 4026 dividere,atque
1142 3954 1225 4009 ita
1253 3952 1652 4025 imperfectam
1681 3953 2026 4010 Trinitatem

371 4047 616 4102 reddere
646 4045 810 4102 nefas
841 4043 1082 4100 omnino
1111 4042 1425 4098 luerit.Sed
1455 4042 1602 4098 satis
1633 4043 1710 4098 sit
1742 4042 2026 4098 hactenus

369 4133 751 4206 Tropicorum
781 4131 1140 4204 impietatem
1174 4146 1244 4186 ex
1273 4129 1610 4202 ignorantia
1637 4134 1826 4186 ortam
1861 4147 2024 4187 coar-

368 4223 592 4294 guisse,
624 4237 741 4293 quo
757 4219 1029 4277 videlicet
1049 4218 1344 4292 propheta:
1365 4223 1423 4275 et
1438 4217 1701 4290 Apostoli
1720 4219 1898 4275 verba
1926 4235 2024 4276 θι-

368 4310 1002 4383 plicaremus,quorum
1016 4309 1102 4364 illi
1115 4325 1290 4366 sensu
1301 4324 1357 4364 m
1371 4306 2025 4380 adulterantes,seipsos

369 4395 429 4452 in
451 4413 704 4453 errorem
741 4397 1118 4454 induxerunt.
1143 4396 1275 4454 Jam
1298 4412 1432 4454 vero
1462 4395 1710 4454 seorsim
1740 4395 2022 4469 inspicia-

438 4551 485 4587 ³⁸
512 4550 682 4608 Joan.
719 4567 804 4622 ιιι,
838 4552 925 4608 16.
1038 4552 1083 4586 ³⁷
1111 4550 1280 4608 Joan.
1313 4567 1430 4622 xvr,
1459 4552 1516 4606 7.

364 4637 481 4697 xvn,
516 4625 602 4680 14.
679 4624 724 4668 δ’
753 4623 924 4681 Joan.
955 4639 1069 4694 xw,
1095 4623 1186 4679 26.

1627 4551 1672 4587 ³⁸
1699 4549 1871 4610 Joan.
1899 4568 2037 4622 xvn,
2069 4553 2123 4609 4.

2144 3427 2364 3478 τοιαῦτα
2411 3421 2658 3498 λέγοντες
2694 3467 2709 3494 ,
2767 3422 3108 3499 φευγέτωσαν
3166 3422 3256 3478 καὶ
3311 3422 3380 3478 τὰ
3435 3420 3638 3478 ἐκείνου
3699 3419 3793 3497 ῥή-

2146 3532 2307 3584 ματα,
2357 3511 2446 3566 καὶ
2501 3512 2576 3582 μὴ
2637 3505 2991 3567 ἀσεϐείτωσαν
3041 3510 3118 3574 εἷς
3166 3511 3229 3566 τὸ
3285 3513 3524 3584 Πνεῦμα.
3583 3513 3790 3586 ’Ὠσπερ

2138 3601 2239 3675 γὰρ
2280 3600 2308 3654 6
2340 3600 2482 3672 Υἱὸς,
2515 3600 2542 3654 6
2573 3602 2686 3674 (86)
2730 3599 2781 3654 ἐν
2831 3605 2910 3673 τῷ
2953 3600 3130 3676 ΙΙατρὶ
3180 3597 3278 3673 ὢν,
3310 3599 3362 3656 ἓν
3410 3599 3457 3674 ᾧ
3501 3599 3590 3656 καὶ
3622 3600 3650 3654 6
3682 3603 3793 3658 Ila-

2137 3691 2240 3760 τήρ
2269 3687 2432 3755 ἐστιν,
2466 3687 2566 3743 οὐκ
2607 3685 2717 3744 ἔστι
2764 3689 2987 3762 κτίσμα,
3035 3687 3166 3746 ἀλλ’
3212 3687 3350 3754 ἴδιος
3398 3695 3498 3759 τῆς
3543 3693 3640 3744 τοῦ
3673 3694 3788 3747 Πα-

2136 3777 2262 3850 τρὸς
2292 3775 2476 3838 οὐσίας
2506 3780 2688 3848 (τοῦτο
2720 3776 2824 3854 γὰρ
2849 3777 2939 3831 καὶ
2963 3777 3119 3851 ὑμεῖς
3142 3783 3528 3855 προσποιεῖσθε
3559 3776 3789 3854 λέγειν)·

2138 3863 2313 3928 οὕτως
2341 3865 2430 3920 καὶ
2460 3865 2522 3920 τὸ
2557 3867 2778 3935 Πνεῦμα
2823 3865 2886 3922 τὸ
2935 3865 2986 3921 έν
3013 3871 3094 3940 τῷ
3141 3867 3272 3940 Υἱῷ,
3304 3865 3356 3921 ἐν
3388 3868 3434 3940 ᾦ
3481 3867 3572 3922 καὶ
3598 3867 3626 3922 6
3656 3869 3784 3932 Υἱός

2136 3951 2314 4026 ἐστιν,
2369 3951 2430 4007 οῦ
2488 3951 2643 4027 θέμις
2714 3959 2833 4018 τοῖς
2907 3955 3167 4029 κτίσμασι
3244 3956 3548 4012 συντάσσειν
3582 4002 3597 4028 ,
3657 3955 3784 4014 οὐδὲ

2137 4039 2365 4108 διαιρεῖν
2399 4041 2530 4097 αὐτὸ
2562 4043 2668 4097 ἀπὸ
2713 4047 2810 4098 τοῦ
2864 4043 3064 4120 Λόγου,
3107 4044 3197 4100 καὶ
3247 4043 3418 4115 ἀτελῆ
3453 4046 3552 4115 τήν
3582 4044 3784 4124 Τριάδα

2135 4129 2564 4199 κατασκευάζειν.
2595 4134 2710 4186 Τῶν
2747 4131 2842 4205 μὶν
2893 4130 2985 4188 οῦν
3037 4131 3217 4209 ῥητῶν
3260 4137 3358 4189 τοῦ
3403 4155 3462 4190 τε
3507 4155 3783 4214 προφητι-

2134 4223 2232 4275 κοῦ
2287 4217 2376 4274 καὶ
2440 4223 2538 4274 τοῦ
2594 4219 2962 4278 ἂποστολικοῦ
3003 4223 3190 4299 χάριν,
3249 4223 3322 4278 ὧν
3379 4224 3480 4294 τήν
3540 4221 3782 4281 διάνοιαν

2132 4311 2585 4384 παραποιοῦντες,
2617 4307 2901 4380 ἠπάτησαν
2957 4309 3200 4384 ἑαυτοὺς,
3250 4311 3406 4387 ἀρκεῖ
3451 4309 3542 4368 διὰ
3575 4313 3783 4370 τούτων

2133 4393 2398 4473 διελέγξαι
2427 4398 2526 4467 τὴν
2578 4397 2638 4453 ἐκ
2683 4400 2782 4469 τῆς
2833 4398 3069 4474 ἀμαθίας
3114 4404 3222 4456 τῶν
3265 4406 3542 4478 τροπικῶν
3573 4399 3781 4482 δυσφη-

2235 4552 2284 4588 ²⁹
2308 4551 2482 4610 Joan.
2513 4570 2632 4623 xvx,
2664 4554 2756 4612 14.
2869 4557 2916 4593 ³ο
2942 4556 3114 4615 Joan.
3164 4573 3288 4628 νιιι,
3326 4559 3418 4615 26.
3529 4559 3574 4597 ’ί
3605 4559 3776 4618 Joan.

431 4777 835 4860 (78>..Y9rb93n
889 4773 1420 4860 trurestiluieee
1471 4790 1540 4860 οξ
1585 4774 1776 4860 Elegia
1803 4774 2011 4860 βτίφρε

2154 4848 2167 4860 Ι
2194 4777 2310 4860 (8_3)
2341 4776 2558 4851 Regius
2612 4781 2926 4850 secundus,
2961 4780 3201 4858 Πατρός,
3233 4787 3292 4841 et
3342 4799 3478 4840 mox
3527 4781 3665 4858 πρὸς
3711 4783 3777 4839 τὸ

365 4844 974 4937 seg.‘:lbid.,iidem'et
1004 4847 1144 4931 βεδε.
1176 4850 1232 4914 2,
1262 4844 1608 4914 Basil.,au’nb
1639 4844 2013 4918 ΙΙνεῦμα.Α11ἱ

364 4926 421 4978 et
449 4922 614 4984 editi,
639 4920 769 4974 αὐτὸ
798 4920 860 4974 τὸ
892 4920 1135 4990 Πνεῦμα.

435 4991 688 5075 (Ὡλτοῦ
720 4991 870 5075 Υῖοῦ,
911 4991 1075 5075 deest
1204 4988 1382 5075 Regia
1425 4987 1638 5075 primo,
1670 4989 1802 5070 Sag.
1838 4988 2015 5075 Paulo

363 5069 496 5190 post
525 5060 701 5148 iid~em
732 5067 788 5119 et
819 5063 988 5146 Basil.
1023 5061 1188 5146 Gobl.
1238 5066 1302 5144 et
1341 5060 1599 5146 Felpkm.
1631 5061 1858 5142 primus
1905 5060 2014 5115 ha-

405 5138 522 5190 ent.
557 5138 750 5190 ζωσαν.
781 5135 930 5189 Editi
959 5139 1016 5190 et
1043 5134 1162 5190 alii.
1197 5136 1364 5190 ζωτιν,
1399 5150 1581 5186 ουσαν.
1610 5136 1676 5184 Γε
1706 5137 1844 5186 item
1877 5150 2014 5190 nar-

405 5138 522 5198 ent,
557 5137 750 5202 ζῶσαν.
781 5134 930 5189 Editi
959 5139 1016 5190 et
1043 5134 1162 5200 alii,
1197 5134 1364 5200 ζωήν,
1399 5134 1581 5186 οὖσαν.
1610 5136 1676 5184 Γε
1706 5134 1844 5186 item
1877 5150 2014 5203 par-

360 5205 526 5279 tioul.
556 5213 688 5279 post
713 5204 836 5272 ἥτις
869 5207 941 5262 ab
975 5205 1107 5262 aliis
1137 5209 1196 5261 et
1224 5204 1398 5259 editis
1442 5204 1664 5273 addita,
1698 5203 1770 5259 ab
1801 5203 2012 5260 iisdem

364 5278 1723 5475 ἒῖςὲἷξίοηρξιιιίέιεΕιιξοιειὲξιιπεξένΒαείι-
1756 5344 1924 5402 αοω·
1958 5350 2015 5402 ει

358 5416 610 5502 Ρεξξςξιιι.
649 5416 906 5502 ρι’ἱῐιιῖιειζ
935 5416 1086 5473 Editi
1122 5421 1180 5472 et
1210 5416 1308 5471 alii
1341 5416 1560 5498 ἔξωκεν.
1617 5484 1631 5502 ,
1791 5491 1815 5500 ξ

430 5493 540 5575 (Si)
573 5484 1066 5575 Reginam-imus,
1093 5495 1225 5575 βρεμι.
1281 5489 1564 5575 omittunt
1594 5484 1673 5574 ’ἐκ
1707 5491 1819 5575 ἴτοῦ
1874 5484 2010 5575 έμρῦ

360 5556 613 5650 λήψεται,
647 5556 749 5636 (iui
797 5556 974 5619 iidem
1027 5560 1265 5629 ibidem,
1296 5556 1615 5636 Ἀναγγελεῖ
1662 5557 1786 5634 γάρ,
1822 5556 2006 5635 φησὶν,

365 5654 392 5686 υ
401 5655 493 5705 μιν
510 5676 522 5690 ι
822 5704 834 5716 υ
1033 5702 1045 5715 ⁸
1658 5701 1670 5713 .

365 5706 914 5833 κυὶῗίξξέἷὲξὲξῗ
929 5719 1218 5831 οὲὼῗξὲἱ
1243 5701 1930 5833 ῗῗιῇῗῗῖιῗέἰ¹ιξάίξῗῗιῗι¹ί.
1953 5707 2011 5759 et

354 5772 614 5834 Felok'm.
647 5772 895 5851 primus.
929 5772 1130 5831 C'aeteri
1159 5779 1218 5831 et
1245 5772 1390 5830 editi
1415 5773 1445 5827 ὁ
1475 5772 1599 5834 Υἱός
1628 5773 1930 5830 omittunt.

2123 4848 2367 4904 Πνεῦμα.

2195 4868 2557 5005 ίὲδέῗὴθεῇἓε
2588 4920 2849 5005 ,ρτὶιῃμα
2893 4923 3026 5005 S_e_g.
3059 4924 3235 5005 Basil.
3274 4925 3630 5000 Anglicanus
3685 4921 3772 4998 εἴη

2125 4990 2384 5046 habent:
2419 4990 2517 5047 alii
2549 4990 2619 5048 et
2637 4993 2777 5050 editi
2809 4990 3112 5052 Omitt'unt.

2195 5063 2308 5139 (85)
2339 5063 2434 5118 Sic
2463 5063 2680 5139 I‘tegius
2728 5067 2979 5139 primus,
3013 5069 3146 5139 Seg.
3197 5067 3364 5124 Gobl.
3409 5073 3469 5124 et
3518 5068 3771 5126 Felckm.

2125 5134 2376 5205 primus,
2399 5134 2922 5211 qui_tamen'Go_hl.
2957 5134 3014 5195 et
3037 5134 3291 5196 Felckm.
3322 5140 3549 5211 primus
3578 5145 3771 5211 φωνεῖν

2125 5222 2229 5276 pro
2261 5210 2476 5294 φρονεῖν
2511 5205 2748 5264 habent.
2783 5209 2896 5264 Alii
2929 5227 3063 5267 vero
3095 5216 3152 5267 et
3180 5205 3339 5268 editi'
3365 5214 3451 5268 sic
3502 5205 3722 5268 habent
3757 5231 3771 5270 :

2121 5276 2187 5332 Ol
2223 5295 2316 5332 μεν
2348 5275 2417 5329 τὰ
2456 5277 2670 5332 Ἀρείου
2728 5279 2821 5332 μὲν
2877 5280 3340 5332 προσποιούμενοι
3399 5283 3474 5332 ιιῆ
3529 5287 3769 5332 ωοονεῖν-

2121 5283 2187 5332 Οἱ
2265 5283 2316 5330 ὲν
2348 5283 2517 5361 τὰζΑ
2561 5283 2670 5332 είου
2726 5283 2821 5351 μὲν
2877 5283 3340 5356 προσποιούμενοι
3398 5283 3476 5354 μή
3529 5287 3770 5360 φρονεῖν,

2121 5296 2338 5430 περῗξὶ
2369 5367 2464 5430 του
2497 5296 2708 5430 Ιῗατρὸς
2735 5351 2804 5430 τᾷ
2846 5351 2979 5430 αὐτᾷ
3029 5351 3297 5430 λέγοντες,
3329 5355 3687 5430 etc._Regius
3716 5359 3772 5426 2,

2119 5417 2493 5502 prquam-96¢“.
2515 5417 2664 5477 bene
2695 5423 2894 5502 habet,
2925 5417 3258 5502 ηνεόμὶτος.
3285 5417 3601 5502 ’Διιιζιίιξιιιῇ
3630 5417 3770 5482 item

2121 5496 2179 5572 et
2209 5493 2428 5570 Regius
2456 5493 2511 5557 2,
2543 5507 2649 5572 pro
2677 5494 2745 5548 τὰ
2771 5496 2923 5572 αὑτὰ,
2959 5493 3444 5572 ὴιιὴεῐιιλτοιαῦτα.
3482 5499 3629 5555 lbid.
3661 5502 3770 5554 Re-

2120 5567 2538 5642 siverrjmsa.
2569 5567 2724 5642 See.
2753 5574 2811 5642 et,
2838 5570 3012 5632 infra.
3046 5567 3284 5642 ῥημάτα-

2191 5632 2431 5717 (6.6)5116
2466 5632 2686 5717 Regius
2711 5632 2972 5715 ’primus,
3005 5632 3134 5714 δὲδὲ.
3167 5643 3229 5700 ln
3279 5640 3413 5699 aliis
3465 5644 3660 5698 autem
3713 5643 3772 5698 et

2121 5704 2291 5762 editis
2323 5704 2574 5764 articuli
2595 5709 2624 5764 ὁ
2655 5704 2836 5770 deest.
