4076 6382
391 440 509 502 583

937 439 1002 500 8.
1049 437 1477 500 ATHANASII
1521 437 1695 500 OPP.
1739 437 1944 499 PARS
1987 438 2038 498 Ι.
2069 465 2146 482 --
2185 435 2602 499 HISTORIGA
2645 437 2746 500 ET
2787 438 3270 502 DOGMATICA.

3693 445 3816 506 584

391 558 454 628 in
481 569 698 644 Spiritu
730 568 832 626 Dei
871 567 1058 625 nostri
1088 569 1153 623 ³⁷.
1189 591 1210 620 ι
1258 567 1390 623 stc
1441 583 1676 642 quoque
1727 568 1800 624 ad
1847 567 2033 624 Titum

2158 567 2381 644 γράφων
2409 560 2616 643 ἔλεγεν·
2649 591 2678 620 ιι
2708 569 2837 626 Ὅτε
2867 566 2926 624 δὲ
2963 569 2999 639 ἠ
3043 568 3358 646 χρηστότης
3399 571 3490 627 καὶ
3538 573 3574 642 ἡ
3615 570 3812 648 φιλαν-

389 659 594 717 scribit
625 675 639 716 :
674 681 702 710 «
737 662 881 714 Cum
914 663 1111 713 autem
1143 655 1474 729 benignitas
1505 661 1562 712 et
1584 656 1925 712 humanitas
1955 672 2053 728 ap-

390 749 588 824 paruit
610 746 928 806 Salvatoris
960 744 1145 802 nostri
1175 745 1423 816 Dei,non
1461 761 1531 801 ex
1561 745 1838 817 operibus
1875 745 2054 816 justi-

391 839 506 907 tiae,
537 856 661 912 quae
695 837 942 894 fecimus
973 851 1101 906 nos,
1127 833 1229 890 sed
1261 834 1588 890 secundum
1618 850 1788 889 suam
1821 831 2056 888 miseri-

389 928 651 986 cordiam
669 926 861 983 salvos
876 941 981 980 nos
999 923 1129 980 fecit
1152 939 1256 996 per
1273 921 1570 978 lavacrum
1595 921 2055 996 regenerationis

389 1023 446 1074 et
479 1015 877 1074 renovationis
909 1013 1166 1087 Spiritus
1197 1011 1406 1082 sancti,
1431 1028 1606 1084 quem
1639 1011 1842 1067 effudit
1865 1011 1922 1066 in
1946 1026 2053 1067 nos

392 1107 626 1164 abunde
658 1122 762 1178 per
789 1105 994 1162 Jesum
1025 1101 1322 1158 Christum
1355 1101 1712 1158 Salvatorem
1757 1104 2050 1164 nostrum,

394 1201 460 1253 ut
483 1193 792 1266 justificati
813 1192 1001 1266 gratia
1018 1190 1495 1260 ipsius,hmredes
1519 1189 1709 1246 simus
1727 1189 2051 1245 secundum

389 1301 552 1358 spem
587 1283 715 1339 vitae
747 1286 973 1338 aeternae
1003 1280 1106 1334 ³³.»
1135 1284 1208 1334 At
1237 1280 1390 1351 quod
1427 1295 1517 1334 res
1550 1283 1774 1335 creatas
1802 1281 2048 1360 spectat,

385 1375 531 1448 ipsis
570 1375 782 1430 sancta:
821 1369 1160 1426 efﬁciuntur
1188 1372 1245 1424 et
1275 1371 1628 1424 renovantur
1660 1383 1672 1421 :
1701 1391 1728 1417 «
1757 1366 1995 1422 Emittes
2020 1388 2048 1417 »

388 1463 547 1520 enim
577 1485 605 1514 «
639 1459 920 1534 Spiritum
951 1462 1122 1514 tuum
1155 1461 1208 1513 et
1240 1457 1618 1526 creabuntur,
1652 1459 1711 1512 et
1741 1455 2050 1512 renovabis

383 1551 598 1609 faciem
631 1556 799 1606 terrae
829 1548 896 1605 ³9.
922 1572 942 1596 ι
966 1547 1034 1603 Et
1063 1544 1749 1618 Pauluszulmpossibilo
1779 1550 1868 1600 est
1889 1545 2046 1602 enim

383 1658 484 1698 eos
509 1641 610 1713 qui
633 1637 811 1697 semel
834 1640 975 1695 sunt
997 1634 1732 1707 illuminati,gustaverunt
1751 1633 1925 1690 etiam
1951 1634 2048 1692 do-

388 1747 530 1787 num
563 1732 794 1787 cmteste
825 1733 882 1784 et
911 1725 1227 1800 participes
1261 1723 1396 1781 facti
1425 1729 1563 1780 sunt
1603 1721 1860 1797 Spiritus
1909 1740 2044 1780 san-

393 1819 468 1876 cti
501 1820 566 1875 ‘0.
599 1841 628 1869 »

449 1909 772 1980 23._Itaque
794 1905 892 1980 qui
920 1921 1034 1962 non
1058 1905 1130 1962 ab
1155 1902 1268 1960 alio
1292 1907 1534 1960 sanctus
1556 1901 1826 1968 efﬁcitur,
1853 1919 2042 1975 neque

384 1997 788 2056 sanctimonia:
819 1995 885 2050 ﬁt
915 1994 1228 2068 particeps,
1261 1993 1360 2049 sed
1395 1992 1520 2066 ipse
1551 1991 1696 2048 alios
1727 1991 2038 2065 participes

379 2087 592 2156 reddit,
625 2085 685 2141 in
716 2102 832 2158 quo
863 2088 921 2141 et
941 2100 1034 2140 res
1068 2083 1355 2138 universae
1387 2087 1614 2150 creatae,
1649 2085 1864 2137 sancta:
1910 2081 2036 2141 efﬁ-

380 2175 650 2242 ciuntur;
675 2173 797 2244 qui,
825 2173 1088 2243 inquam,
1113 2168 1236 2226 fieri
1267 2173 1460 2242 potest
1489 2173 1554 2225 ut
1581 2169 1633 2225 is
1663 2169 1855 2226 locum
1885 2170 2038 2226 inter

380 2281 472 2319 res
505 2278 710 2319 omnes
739 2261 974 2329 habeat,
1007 2259 1094 2316 vel
1128 2259 1404 2332 proprius
1435 2257 1670 2315 illorum
1717 2259 1786 2315 sit
1819 2260 1916 2332 qui
1948 2259 2036 2332 ip.

383 2353 508 2409 sius
541 2351 692 2406 ﬁunt
721 2349 1063 2422 participes?
1084 2348 1228 2404 Nam
1263 2347 1364 2420 qui
1393 2347 1514 2403 haac
1547 2347 1628 2403 ita
1653 2363 1781 2404 esse
1811 2365 2035 2420 pugna-

378 2440 588 2511 verint,
623 2455 722 2495 eos
753 2439 929 2495 etiam
959 2437 1272 2494 concedere
1305 2452 1541 2492 necesse
1568 2436 1646 2492 sit
1676 2435 1888 2492 Filium
1934 2453 2036 2509 per

381 2545 560 2602 quem
589 2545 685 2585 res
712 2545 917 2584 omnes
949 2527 1110 2583 facta;
1144 2530 1303 2594 sunt,
1338 2543 1516 2582 unam
1551 2529 1746 2582 tamen
1795 2525 2032 2584 illarum

382 2635 532 2676 esse.
585 2617 842 2690 Spiritus
891 2617 1028 2672 item
1057 2615 1322 2672 viviticus
1353 2615 1567 2671 dicitur
1598 2632 1612 2671 :
1646 2615 1753 2682 Qui
1784 2615 2032 2672 suscita-

379 2707 755 2780 vit,_»inquit,
771 2729 798 2758 ιι
816 2705 1112 2762 Christum
1135 2723 1166 2761 a
1191 2704 1777 2772 mortuis,viviﬁcabit
1795 2709 1850 2762 et
1872 2722 2034 2762 mor-

382 2797 522 2854 talia
542 2812 785 2868 corpora
807 2798 995 2851 vostra
1018 2811 1120 2866 per
1140 2793 1568 2850 inhabitantem
1591 2795 1719 2865 ejus
1746 2794 2030 2867 Spiritum

379 2887 438 2944 in
473 2887 635 2944 vobis
665 2887 734 2941 ‘i.
769 2907 798 2936 »
828 2886 895 2940 Et
927 2884 1204 2941 Dominus
1236 2883 1470 2955 quidem
1503 2883 1630 2954 ipsa
1677 2889 1766 2939 est
1811 2885 1929 2939 vita
1974 2889 2033 2940 et

387 2999 413 3030 ιι
434 2981 638 3032 auctor
656 2975 809 3043 vitae,
831 2996 859 3024 »
883 2977 950 3029 ut
969 2973 1051 3029 ait
1090 2972 1295 3028 Petrus
1317 2974 1382 3028 δ’.
1415 2971 1572 3028 Idem
1605 2977 1800 3029 tamen
1832 2973 2030 3030 Domi-

381 3083 492 3122 nus
523 3065 604 3121 ait
635 3083 648 3122 :
687 3085 714 3114 ιι
737 3065 906 3135 Aqua
937 3079 1113 3135 quam
1145 3079 1251 3136 ego
1285 3063 1436 3118 dabo
1464 3062 1536 3132 ei,
1571 3063 1669 3118 ﬁet
1700 3062 1757 3118 in
1789 3079 1857 3118 eo
1901 3063 2030 3119 fons

376 3172 540 3227 aquae
565 3152 832 3210 salientis
854 3153 916 3208 in
938 3153 1113 3208 vitam
1132 3158 1408 3208 aeternam
1430 3153 1497 3207 ‘3.
1524 3151 1639 3208 Hoc
1662 3155 1856 3208 autem
1884 3152 2030 3208 dixit

377 3244 447 3300 de
469 3243 684 3316 Spiritu
709 3258 883 3314 quem
907 3241 1197 3313 accepturi
1221 3242 2024 3298 erantcredentesineum“.»

2166 653 2381 730 θρωπία
2405 653 2638 730 ἐπεφάνη
2669 653 2766 711 τοῦ
2798 660 3058 731 Σωτῆρος
3090 659 3250 732 ἡμῶν
3291 664 3450 728 Θεοῦ,
3483 661 3586 716 οὐκ
3629 660 3681 734 ἐξ
3729 656 3814 739 ἔρ-

2161 765 2270 820 γων
2331 748 2441 800 τῶν
2491 743 2542 800 έν
2590 741 2904 820 δικαιοσύνῃ
2947 747 3020 800 ὧν
3071 749 3184 821 (95)
3235 747 3570 823 ἐποιήσαμεν
3620 752 3808 824 ἡμεῖς.

2165 829 2308 888 ἀλλᾶ
2343 832 2478 888 κατὰ
2505 834 2566 889 τὸ
2597 831 2762 889 αὺτοῦ
2803 832 2954 898 ἔλεος
3004 831 3199 891 ἔσωσεν
3241 839 3388 909 ἡμᾶς
3438 835 3526 894 διὰ
3573 837 3808 916 λουτροῦ

2163 920 2576 999 παλιγγενεσίας
2632 923 2721 978 καὶ
2788 923 3198 987 ἀνακαινώσεως
3255 927 3574 1000 Ιῐνεύματος
3624 929 3805 1004 ἁγίου,

2164 1011 2227 1066 οὗ
2259 1009 2466 1087 ἐξέχεεν
2494 1011 2575 1091 ἐφ’
2604 1014 2755 1086 ἡμᾶς
2785 1011 3068 1074 πλουσίως
3100 1010 3189 1068 διά
3219 1015 3398 1085 Ἰησοῦ
3429 1017 3664 1091 Χριστοῦ
3709 1023 3808 1073 τοῦ

2165 1103 2424 1176 Σωτῆρος
2453 1104 2634 1174 ἡμῶν,
2659 1099 2768 1171 ἵνα,
2803 1099 3178 1167 δικαιωθέντες
3219 1103 3290 1178 τῇ
3339 1103 3548 1161 ἐκείνου
3595 1109 3807 1184 χάριτι,

2160 1188 2970 1267 κληρονόμοι(96)κατ’ἐλπίδα
2988 1193 3298 1266 γενηθῶμεν
3335 1198 3480 1264 ζωῆς
3510 1195 3807 1254 αἰωνίου.’››

2159 1279 2235 1333 Td
2265 1277 2322 1334 δὲ
2359 1278 2628 1354 κτίσματα
2675 1276 3004 1356 ἀγιαζὸμενά
3049 1279 3149 1336 εἶ’σι
3193 1283 3282 1336 καὶ
3333 1281 3806 1359 ἀνακαινιζόμενα.

2167 1389 2194 1424 α
2224 1366 2631 1439 Ἐξαποστελεῖς
2666 1392 2693 1419 ››
2721 1370 2826 1446 γὰρ
2859 1393 2888 1422 ιι
2917 1369 2980 1424 τὸ
3030 1371 3255 1444 ΙΙνεῦμά
3294 1391 3412 1443 σου,
3443 1373 3534 1428 καὶ
3583 1377 3807 1448 κτισθή-

2159 1478 2363 1528 σονται,
2415 1456 2506 1513 καὶ
2564 1457 2888 1520 ἀνακαινιεῖς
2958 1459 3021 1514 τὸ
3093 1459 3385 1535 πρόσωπον
3447 1463 3546 1531 τῆς
3596 1469 3724 1538 γῆς.
3777 1488 3806 1516 ιι

2157 1546 2257 1602 Καὶ
2310 1548 2338 1602 ὁ
2386 1545 2604 1609 ΙΙαῦλος
2649 1543 2706 1602 δέ
2753 1566 2938 1625 φησιν’
2977 1572 2997 1598 ιι
3033 1543 3319 1604 Ἀδύνατον
3367 1551 3472 1626 γάρ
3510 1549 3638 1614 τοὺς
3669 1553 3805 1624 ἅπαξ

2155 1636 2562 1714 φωτισθέντας,
2636 1635 3004 1711 γευσαμένους
3079 1657 3140 1691 τε
3225 1640 3326 1702 τῆς
3407 1635 3612 1716 δωρεᾶς
3703 1648 3803 1712 τῆς

2156 1724 2518 1796 ἐπουρανίου,
2574 1725 2664 1780 καὶ
2747 1726 3018 1801 μετόχους
3085 1726 3410 1801 γενηθέντας
3481 1728 3801 1802 ΙΙνεύματος

2154 1815 2329 1892 ἁγίου.
2364 1839 2392 1866 ››

2226 1906 2316 1960 23.
2348 1903 2418 1958 Τὸ
2465 1901 2644 1958 τοίνυν
2700 1902 2778 1976 μὴ
2828 1903 3179 1980 άγιαζόμενον
3240 1905 3368 1980 παρ’
3418 1904 3624 1980 ἑτέρου,
3659 1906 3803 1982 μηδὶ

2153 1994 2381 2068 μετέχον
2425 1993 2538 2066 (97)
2590 1993 2887 2068 άγιασμοῦ,
2919 1990 3046 2048 ἀλΛ⁹
3077 1991 3208 2048 αὐτὸ
3261 1994 3515 2066 μεθεκτὸν
3561 1995 3640 2069 ὃν,
3671 1995 3724 2052 ἒν
3753 2000 3800 2070 ᾧ

2145 2085 2235 2140 καὶ
2288 2086 2356 2140 τά
2409 2083 2678 2157 κτίσματα
2733 2083 2907 2138 πάντα
2961 2083 3260 2160 ἁγιάζεται,
3317 2089 3432 2148 πῶς
3489 2071 3548 2141 ἂν
3599 2085 3684 2159 εἷή
3741 2089 3797 2144 ἓν

2145 2178 2252 2228 τῶν
2289 2171 2526 2242 πάντων,
2560 2169 2701 2227 ἴδιον
2745 2175 2852 2227 τῶν
2912 2175 3253 2250 μετεχόντων
3305 2173 3517 2245 αὐτοῦ,
3560 2175 3795 2252 ’Δνάγκη

2145 2264 2251 2339 γὰρ
2289 2267 2406 2326 τοῖς
2457 2266 2618 2318 τοῦτο
2672 2260 2923 2337 λέγουσιν
2969 2261 3141 2317 εἰπεῖν
3187 2263 3280 2318 καὶ
3321 2263 3414 2319 τὸν
3456 2263 3604 2337 Υἱὸν,
3635 2261 3703 2320 δι’
3735 2267 3798 2321 οῦ

2142 2351 2208 2406 τὰ
2264 2351 2436 2406 πάντα
2487 2349 2728 2427 γέγονεν.
2761 2346 2856 2405 ἕνα
2911 2353 3018 2406 τῶν
3069 2351 3286 2406 πάντων
3343 2353 3500 2407 εἶναι.
3562 2355 3791 2428 Πνεῦμα

2146 2441 2417 2510 ζωοποιὸν
2479 2441 2593 2514 (98)
2624 2438 2854 2516 λέγεται·
2898 2464 2927 2492 ιι
2977 2441 3038 2498 Ὁ
3099 2439 3306 2517 ἐγείρας
3354 2463 3382 2492 ››
3432 2441 3554 2518 γὰρ,
3599 2444 3787 2520 φησὶν,

2141 2533 2193 2583 ιι’
2231 2531 2442 2601 Ἰησοῦν
2511 2529 2739 2604 Χριστὸν
2814 2527 2874 2584 ἐκ
2927 2531 3130 2605 νεκρῶν
3193 2530 3522 2600 ζωοποιήσει
3571 2529 3661 2585 καὶ
3718 2533 3790 2587 τὰ

2141 2619 2310 2691 θνητά
2340 2619 2492 2692 ὑμῶν
2526 2619 2754 2691 σώματα
2784 2615 2873 2673 διὰ
2899 2621 2997 2673 τοῦ
3027 2616 3368 2680 ἐνοικοῦντος
3396 2619 3562 2674 αὐτοῦ
3609 2619 3788 2676 Ilvati-

2145 2730 2312 2783 ματος
2344 2707 2396 2764 ἐν
2429 2709 2576 2782 ὑμῖν.
2609 2732 2637 2760 »
2671 2707 2776 2764 Καὶ
2811 2708 2839 2762 ὁ
2889 2707 2985 2781 μὲν
3028 2701 3226 2784 Κύριὸς
3268 2705 3411 2764 ἐστιν
3443 2709 3478 2777 ἠ
3511 2707 3789 2779 αὐτοζωὴ,

2139 2798 2229 2853 καὶ
2263 2821 2292 2850 ιι
2322 2797 2566 2873 ἀρχηγὸς
2597 2802 2694 2866 τῆς
2727 2801 2894 2866 ζωῆς,
2929 2818 2957 2848 ››
2991 2794 3065 2858 ὠς
3111 2795 3254 2850 εἶπεν
3299 2795 3328 2850 ὁ
3373 2795 3600 2872 Πέτρος⁹
3633 2791 3788 2872 ἔλεγε

2141 2884 2198 2942 δὲ
2231 2885 2390 2948 αὐτὸς
2421 2889 2530 2958 (99)
2563 2885 2591 2940 ὁ
2619 2883 2842 2962 Κύριος·
2878 2909 2908 2937 ››
2937 2885 3014 2942 Τὸ
3044 2880 3213 2959 ὕδωρ,
3243 2885 3273 2939 ’ὁ
3315 2883 3426 2960 ἐγὼ
3476 2881 3638 2940 δώσω
3691 2884 3786 2940 αὖ-
3866 2913 3877 2918 -

2139 2981 2238 3050 τῷ,
2274 2977 2555 3052 γενήσεται
2605 2972 2657 3030 έν
2709 2973 2858 3046 αὑτῷ
2903 2973 3056 3048 πηγὴ
3111 2969 3304 3036 ὕδατος
3349 2971 3664 3048 ἁλλομένου
3707 2973 3784 3038 εἷς

2142 3064 2286 3136 ζωὴν
2320 3063 2562 3119 αἰώνιον.
2593 3068 2766 3118 Τοῦτο
2809 3061 2868 3118 δὲ
2915 3056 3067 3140 ἔλεγε
3112 3061 3238 3139 περὶ
3287 3065 3384 3118 τοῦ
3444 3061 3786 3136 ΙΙνεῦματος,

2138 3155 2200 3210 οῦ
2231 3150 2464 3226 ἔμελλον
2499 3147 2798 3227 λαμϐάνειν
2827 3153 2880 3207 οἱ
2926 3152 3266 3215 πιστεύοντες
3316 3151 3395 3214 είς
3429 3152 3614 3210 αὐτόν.
3647 3175 3674 3204 ››
3703 3154 3782 3208 Td

2138 3241 2195 3300 δὲ
2239 3243 2528 3315 κτίσματα,
2562 3243 2636 3305 ὼς
2686 3243 2763 3316 (1)
2803 3239 3036 3316 εἴρηται,
3084 3239 3500 3314 ζωοποιούμενά
3548 3239 3658 3297 ἐστι
3717 3239 3788 3297 δι’

377 3333 489 3389 Res
511 3336 708 3388 autem
730 3333 955 3398 creatze,
990 3309 1073 3385 uti
1105 3329 1325 3386 dictum
1355 3335 1465 3401 est,
1493 3329 1664 3386 vitam
1697 3347 1800 3402 per
1829 3331 2025 3404 ipsum

2148 3333 2319 3388 ιύτοῦ.
2352 3309 2423 3386 Ἰὸ
2482 3309 2540 3386 δέ
2588 3331 2665 3404 μὴ
2691 3309 2942 3407 ’μετέχον
2991 3309 3154 3402 ζωῆς,
3187 3328 3314 3386 ἀλλ’
3363 3309 3493 3385 αὐτὸ
3556 3330 3790 3406 μετεχό-

377 3421 695 3494 accipiunt.
729 3418 837 3484 Qui
869 3419 1014 3476 537
1054 3419 1235 3490 igitur
1264 3419 1390 3474 vitae
1441 3436 1556 3474 non
1604 3419 1666 3475 ﬁt
1714 3420 2025 3494 particeps,

369 3511 474 3567 sed
505 3509 632 3583 ipse
661 3507 807 3565 alios
839 3507 1150 3581 participes
1181 3508 1337 3578 facit,
1369 3511 1426 3564 et
1455 3509 1631 3565 vitam
1665 3510 1839 3565 rebus
1867 3526 2029 3567 crea-

368 3600 446 3656 tis
477 3597 760 3671 impertit,
795 3597 1056 3670 qualem,
1089 3614 1310 3670 quaeso,
1343 3598 1751 3670 cognationem
1779 3614 1913 3654 cum
1947 3614 2031 3654 re-

373 3690 488 3745 bus
517 3687 687 3744 factis
717 3686 932 3743 habere
963 3687 1198 3759 potest?
1227 3689 1344 3742 Aut
1375 3702 1493 3758 qua
1523 3687 1759 3742 tandem
1804 3687 2030 3744 ratione

370 3778 523 3834 inter
557 3792 648 3832 res
670 3779 897 3832 creatas
917 3775 1248 3832 censendus
1271 3775 1516 3844 sit,cum
1551 3775 1690 3848 ipsae
1723 3775 1781 3830 in
1813 3775 1915 3832 illo
1945 3777 2028 3832 vi-

370 3870 492 3923 tam
532 3882 566 3922 a
595 3865 778 3923 Verbo
807 3863 1136 3937 accipiant?
1164 3864 1376 3921 Unctio
1398 3881 1632 3938 quoque
1652 3863 1904 3938 Spiritus
1934 3865 2027 3920 di-

373 3957 548 4023 citur,
580 3959 639 4012 et
668 3958 758 4011 est
786 3952 925 4010 item
976 3951 1276 4025 sigillum;
1313 3954 1466 4010 unde
1494 3958 1751 4011 Joannes
1782 3954 2024 4012 scribit:

371 4067 400 4096 ιι
435 4045 504 4101 Ει
535 4060 636 4100 vos
667 4043 1008 4100 unctionem
1039 4059 1217 4114 quam
1251 4043 1560 4115 accepistis
1591 4043 1662 4100 ab
1714 4059 1782 4100 eo
1833 4049 2031 4102 manet

369 4134 427 4189 in
461 4132 646 4190 vobis.
679 4132 751 4188 Et
782 4148 898 4188 non
931 4147 1169 4188 necesse
1200 4130 1450 4201 habetis,
1487 4135 1551 4187 ut
1581 4131 1796 4204 aliquis
1825 4134 2031 4191 doceat

365 4240 469 4280 vos
503 4238 517 4279 :
551 4220 652 4279 sed
682 4221 835 4277 sicut
863 4219 1061 4276 unctio
1091 4220 1242 4290 ejus,
1277 4242 1304 4270 ››
1338 4236 1548 4293 nempe
1577 4222 1706 4293 ejus
1751 4222 2025 4294 Spiritus,

376 4335 396 4362 ι
425 4311 593 4368 docet
612 4327 714 4366 vos
737 4309 809 4365 de
831 4309 1108 4366 omnibus
1131 4309 1195 4364 ‘8.
1220 4331 1246 4358 »
1269 4309 1337 4364 Et
1360 4309 1515 4382 apud
1539 4309 1752 4366 Isaiam
1780 4310 2028 4384 prophe-

366 4404 488 4456 tam
520 4397 735 4471 legitur
767 4414 780 4452 :
815 4420 842 4448 «
875 4395 1128 4470 Spiritus
1185 4397 1416 4453 Domini
1464 4414 1646 4470 super
1697 4415 1812 4468 me,
1858 4402 2029 4472 cujus

366 4503 548 4544 causa
579 4484 747 4542 unxit
776 4501 870 4543 me
897 4486 961 4541 ω.
996 4507 1024 4535 ››
1057 4483 1274 4542 Paulus
1305 4486 1478 4542 etiam
1513 4486 1596 4543 ait
1625 4503 1639 4543 :
1675 4510 1701 4537 «
1737 4488 1803 4543 1n
1825 4505 1940 4560 quo
1972 4497 2030 4548 et

433 4672 479 4708 ⁸⁷
509 4675 535 4726 Ι
564 4670 693 4728 Cor.
725 4687 806 4737 v1,
841 4670 927 4726 11.
1023 4670 1066 4705 ³⁸
1096 4669 1215 4736 Tit,
1237 4687 1322 4738 ιιι,
1356 4671 1408 4726 4.
1521 4670 1566 4706 ³ο
1596 4670 1744 4730 Psal.
1778 4671 1896 4742 ciu,
1931 4675 2020 4730 30.

363 4744 410 4781 "
439 4745 609 4802 Joan.
645 4761 724 4813 ιν,
757 4743 843 4798 14.
921 4743 966 4778 ⁸⁸
993 4742 1163 4799 Joan.
1197 4759 1294 4813 m,
1328 4742 1416 4798 39.
1495 4742 1542 4777 ⁴⁸
1571 4743 1593 4798 Ι
1625 4743 1794 4799 Joan.
1831 4763 1891 4812 ιι,
1921 4747 2014 4803 27.

439 4926 550 4999 (95)
579 4925 794 4999 Regius
824 4923 1073 4999 primus,
1107 4924 1237 4999 Sgg.
1265 4922 1448 4999 pasil.
1479 4922 1736 4999 Gobllet
1764 4926 2022 4984 Felckm.

364 4990 613 5069 primus,
754 4990 926 5070 ἔργων
983 4997 1094 5048 τῶν
1119 5063 1132 5070 _
1155 4990 1574 5070 Nﬁtmtoqévn
1620 4995 1732 5070 ‘t’év,
1762 5005 1872 5054 etc.
1908 5006 2024 5054 An-

365 5062 655 5136 glicanus,
686 5062 744 5136 ’ἐξ
774 5062 1088 5140 ἔργων-τῶν
1115 5063 1176 5120 ἐκ
1228 5062 1574 5140 δικαιοσύνης
1607 5062 1850 5140 ὧν,’θξίο,
1884 5071 2023 5126 Edi-

361 5141 406 5195 ti
454 5157 587 5196 vero
619 5134 678 5196 et
707 5134 920 5208 caeteri,
954 5134 1007 5207 ἐξ
1057 5135 1226 5212 ἔργων
1290 5134 1636 5207 δικαιοσύνης
1684 5134 1718 5194 ἃ
1768 5139 2023 5212 ἐποιήσα-

370 5231 701 5366 ῗεῖςξὸχνοχ
729 5277 1076 5366 κληρονόμοι
1111 5281 1278 5366 abest
1324 5297 1358 5336 a
1415 5279 1592 5366 Regio
1634 5283 1859 5366 primo,
1888 5287 2018 5358 Seg.

437 5296 549 5355 (νο)
588 5296 701 5336 vox
729 5296 1076 5354 κΛηρονομοι
1111 5296 1278 5337 abest
1324 5297 1358 5336 θ.
1415 5296 1592 5409 κιεἮο
1643 5297 1853 5352 primo,
1888 5296 2018 5358 Seg.

367 5353 514 5428 ibid.
547 5357 702 5428 Seg.,
731 5356 1100 5428 γεννηθῶμεν.
1135 5353 1458 5428 Item__mox
1487 5421 1497 5428 _
1556 5353 1725 5428 egius
1774 5355 2024 5428 primus,

369 5369 514 5410 tom.
547 5369 702 5478 δεΞη
731 5369 1100 5426 γεννηθωμεν.
1135 5369 1279 5409 item
1325 5369 1458 5409 mox
1507 5369 1725 5426 uegius
1774 5371 2024 5428 primus,

361 5426 428 5479 τὰ
458 5425 618 5498 ἁγιαζ
658 5443 810 5498 μενα.
865 5425 1094 5498 Ceteri
1126 5430 1184 5480 et
1240 5424 1380 5480 editi
1437 5421 1507 5498 τά
1557 5425 1860 5498 omittunt.
1892 5432 2024 5485 Mox

367 5492 667 5570 item-(bald
695 5497 888 5560 verba,
921 5493 1010 5548 καὶ
1073 5495 1402 5570 ἀνακαινιεῖς
1428 5492 1512 5570 ,τὸ
1571 5497 1864 5570 πρόσωπον
1921 5506 2023 5568 τῆς

362 5571 490 5641 γῆς.
517 5569 732 5624 desunt
765 5571 824 5622 in
857 5573 996 5640 Reg.
1029 5571 1084 5640 2,
1119 5568 1380 5624 Felekm.
1419 5569 1454 5620 2
1482 5574 1541 5624 et
1571 5568 1827 5626 editione
1857 5573 2018 5629 Com-

365 5639 707 5692 meliniana.

365 5655 707 5696 menmana.

436 5711 544 5794 (97‘)
575 5712 670 5794 Sic
700 5709 913 5793 Regius
944 5709 1176 5794 primus
1209 5714 1267 5765 et
1314 5710 1696 5794 Anglicanus.
1734 5715 2019 5794 A_t___Gobl.

365 5786 423 5839 et
446 5780 702 5840 Felckm.
736 5780 988 5855 pfimué,
1025 5780 1295 5855 μετέχων.
1326 5780 1442 5838 ΑΗῖ
1467 5797 1602 5840 vero
1633 5788 1692 5842 et
1722 5785 2023 5860 θᾶὶῐί,μέτ-

2141 3443 2299 3496 μενον
2355 3421 2444 3477 καὶ
2505 3424 2807 3490 ζωοποιοῦν
2839 3419 2906 3475 τὰ
2961 3420 3252 3493 κτίσματα,
3283 3418 3440 3474 ποίαν
3492 3416 3609 3495 ἔχει
3656 3441 3788 3496 συγ-

2137 3510 2342 3588 γένειαν
2394 3509 2532 3586 πρὸς
2579 3509 2646 3564 τὰ
2689 3509 3030 3584 γενητά;Ἦ
3078 3513 3196 3572 πῶς
3233 3505 3382 3571 ὅλως
3433 3507 3494 3564 ἂν
3541 3507 3628 3580 εἴη
3676 3513 3786 3565 τῶν

2138 3601 2471 3674 κτισμάτων,
2499 3599 2631 3674 ἅπερ
2665 3597 2716 3654 ὲν
2744 3596 2933 3671 ἐκείνῳ
2962 3599 3108 3674 παρᾶ
3133 3602 3231 3654 τοῦ
3278 3597 3456 3674 Λόγου
3507 3602 3792 3668 ζωοποιεῖ-

2135 3707 2264 3760 ται;
2298 3687 2514 3762 Χρίσμα
2562 3684 2774 3762 λέγεται
2817 3684 2880 3742 τὸ
2932 3687 3175 3761 Πνεῦμα,
3216 3686 3306 3742 καὶ
3364 3682 3476 3742 ἔστι
3533 3687 3782 3766 σφραγίς.

2135 3780 2194 3836 Ὁ
2228 3779 2328 3854 μὶρ
2357 3778 2457 3852 γάρ
2496 3777 2751 3845 Ἰωάννης
2797 3775 3012 3853 γράφει·
3047 3800 3075 3828 ιι
3111 3774 3210 3832 Καὶ
3261 3775 3414 3848 ὑμεῖς
3459 3775 3520 3830 τὸ
3569 3776 3789 3850 χρίσμα

2137 3868 2166 3923 ὃ
2195 3861 2418 3922 ἐλάϐετε
2445 3865 2572 3940 παρ’
2608 3863 2794 3932 αὐτοῦ,
2831 3864 2977 3937 μένει
3021 3862 3072 3918 έν
3132 3864 3282 3937 ὑμῖν.
3319 3863 3422 3921 Καὶ
3479 3861 3540 3918 οὐ
3592 3863 3785 3940 χρείαν

2138 3955 2312 4033 ἔχετε,
2355 3952 2448 4009 ’ἱνα
2510 3951 2596 4016 τίς
2675 3949 2902 4028 διδάσκῃ
2957 3950 3305 4026 ὑμᾶςυᾶλλ⁹
3343 3952 3419 4016 ὡς
3479 3953 3542 4008 τὸ
3621 3952 3788 4008 αὐτοῦ

2137 4043 2372 4122 χρίσμα,
2410 4067 2432 4096 ι
2479 4043 2541 4097 τὸ
2585 4043 2812 4114 Πνεῦμα
2862 4039 3046 4109 αὐτοῦ,
3093 4064 3121 4094 ιι
3169 4037 3409 4096 διδάσκει
3463 4041 3604 4114 ὑμᾶς
3661 4041 3789 4118 περί

2135 4135 2351 4189 πάντων
2384 4133 2481 4205 (2).
2521 4153 2550 4182 »
2584 4130 2671 4186 'Ev
2718 4125 2776 4184 δὲ
2815 4133 2896 4202 τῷ
2939 4129 3194 4207 προφήτῃ
3224 4127 3418 4200 Ἡσαΐᾳ
3462 4129 3784 4205 γέγραπται·

2138 4247 2166 4274 ιι
2200 4225 2422 4293 Πνεῦμα
2467 4219 2668 4294 Κυρίου
2717 4215 2800 4272 ἐπ’
2857 4215 2976 4290 ἐμὲ,
3035 4217 3098 4271 οὗ
3147 4214 3342 4272 ε’ίνεκεν
3389 4211 3577 4302 ξ’χρισέ
3637 4235 3724 4291 με·
3758 4240 3789 4270 ιι

2135 4313 2194 4368 '0
2252 4306 2310 4364 δὲ
2384 4306 2601 4370 Ιιαῦλός
2679 4325 2862 4384 φησιν·
2911 4331 2940 4358 ιι
2985 4307 3068 4360 Ἐν
3132 4306 3179 4378 ᾧ
3235 4305 3327 4360 καὶ
3385 4304 3788 4376 πιστεύσαντες,

2138 4397 2531 4477 ἐσφραγίσθητε
2587 4393 2664 4458 εἷς
2724 4395 2932 4471 ἡμέραν
3004 4392 3461 4470 ἀπολυτρώσεως.
3524 4417 3553 4445 ››
3609 4393 3685 4449 Td
3731 4390 3792 4449 δὶ

2136 4488 2406 4562 κτίσματα
2462 4486 2539 4561 (3)
2595 4483 2775 4557 τούτῳ
2827 4481 3172 4563 σφραγίζεται
3248 4481 3338 4538 καὶ
3405 4482 3645 4560 χρίεται,
3696 4482 3789 4538 καὶ

2695 4669 2736 4705 ⁸¹
2769 4668 2939 4726 Rom.
2970 4685 3094 4740 VIII,
3132 4669 3218 4724 11.
3332 4667 3379 4704 ⁸³
3408 4670 3536 4725 Act.
3569 4684 3658 4740 ιιι,
3693 4668 3785 4726 15.

2135 4677 2180 4712 ⁴⁰
2211 4674 2384 4731 Hebr.
2417 4689 2495 4740 vr,
2528 4672 2583 4726 Ιι.

2090 4749 2135 4785 ⁸⁸
2166 4751 2278 4804 Isa.
2315 4762 2426 4812 LXI,
2461 4744 2514 4800 Ι.

2137 4923 2818 5004 exva-Bpsiuapaimss:
2849 4920 3566 5004 δεῖς-»ωοξμάγέάξονταξ

2207 4994 2318 5080 (9β)
2351 4990 2490 5080 Βέε.
2523 4990 2580 5061 2,
2612 4990 2866 5080 Felckm.
2897 4990 2956 5048 2'
2986 4990 3039 5048 et
3077 4993 3254 5080 editi.2
3277 4990 3618 5080 ζωοποιοῦν..
3650 4990 3785 5047 Mox

2132 5064 2348 5142 Regius
2381 5064 2632 5142 primus,
2657 5072 2812 5142 Seg._,
2844 5081 3043 5120 vocem
3077 5064 3312 5142 Ἰησοῦν-
3335 5065 3636 5142 omittunt.

2178 5132 2314 5234 ,(99)
2347 5132 2438 5197 Sic
2471 5139 2684 5212 Regius
2715 5132 2966 5210 p'rimus.
2998 5132 3336 5208 Seg.’Basil.
3369 5135 3488 5192 Alii
3512 5139 3571 5192 et
3615 5132 3781 5204 editi,

2131 5234 2526 5359 αυῖῗίςῇεςίιιε
2563 5279 2830 5359 primus,
2861 5282 2990 5359 Seg.
3042 5277 3210 5359 Gobl.
3261 5281 3321 5359 et
3368 5276 3628 5359 Felckm.
3653 5273 3787 5359 ‘pri-

2132 5345 2287 5426 mus',
2325 5345 2526 5428 ὥσῗτερ.
2561 5345 2705 5428 Item
2739 5345 2967 5424 Regius
2985 5350 3238 5424 primus,
3271 5351 3428 5424 Seg.,
3461 5353 3595 5422 post
3623 5345 3785 5419 εἴρη-

2128 5449 2242 5492 ται,
2276 5422 2505 5485 addunt
2533 5422 2649 5480 καί.
2827 5422 2848 5424 “
2989 5422 3004 5424 ’
3365 5422 3370 5424 ⁷

2202 5503 2278 5570 (2)
2311 5500 2404 5554 Sic
2435 5497 2652 5566 Regius
2711 5494 2964 5570 primus,
3013 5497 3144 5570 Sag1
3169 5493 3370 5570 _B_asit.
3403 5490 3780 5570 Anglicanus:

2131 5559 2356 5654 iq‘aiiis
2387 5559 2586 5654 autem
2615 5572 2685 5654 οι
2699 5559 2873 5654 editis
2903 5559 3025 5654 hinc
3054 5559 3182 5654 ῥᾳλς
3213 5563 3288 5654 ei
3325 5559 3526 5654 usque
3555 5559 3782 5654 admei

2131 5643 2346 5699 πάντων
2380 5644 2616 5700 desunt.
2650 5637 2954 5696 Basiliens.
2990 5637 3134 5696 ibid.
3168 5636 3344 5694 habet
3371 5635 3517 5692 ἀλλὰ
3552 5637 3649 5690 τοῦ
3689 5635 3784 5688 αὖ·

2129 5719 2398 5862 τοφέ)θὲξό
2443 5783 2660 5858 Regi“.
2708 5783 2958 5856 primus,
3009 5786 3248 5856 Seguer.
3297 5780 3473 5838 Basil.
3524 5777 3691 5836 Gobl.
3723 5781 3784 5835 et
