4076 6406
409 466 523 531 587

961 472 1025 532 S.
1072 471 1496 533 ATHANASII
1541 473 1716 534 OPP.
1763 471 1961 534 PARS
2006 473 2054 534 Ι.
2086 505 2166 518 --
2198 470 2618 535 HISTORICA
2659 471 2762 536 ET
2803 472 3283 538 DOGMATICA.

3708 476 3842 542 888.

409 603 552 659 deos
578 601 777 671 efﬁcit,
812 603 1056 660 dubium
1085 619 1197 660 non
1231 609 1340 672 est,
1374 604 1516 676 quin
1546 606 1674 676 ejus
1707 609 1917 662 natura
1963 604 2057 662 Dei

2177 606 2276 674 τῆς
2337 608 2432 658 τοῦ
2462 609 2599 661 Θεοῦ
2633 605 2730 660 Διὰ
2775 607 2937 660 τοῦτο
2967 603 3072 682 γὰρ
3099 603 3190 660 καὶ
3217 604 3272 660 ἐν
3321 604 3402 669 οἷς
3425 605 3650 682 γίνεται,
3677 606 3820 663 οὗτοι

410 692 510 748 sit.
544 692 710 758 Quod
742 691 882 748 item
915 690 1236 748 centesimo
1293 693 1463 750 tertio
1518 693 1745 766 psalmo
1793 693 2062 763 habetur,

411 780 628 838 clarius
647 779 840 838 adhuc
857 786 1274 854 argumentum
1289 782 1360 838 ad
1389 781 1604 839 hancce
1625 782 1892 839 haeresim
1911 799 2069 840 ever-

410 871 650 928 tendam
679 870 848 927 nobis
879 870 1313 942 suppeditat,ut
1332 871 1457 942 jam
1490 872 1830 928 monuimus
1855 887 1868 926 :
1895 894 1924 923 «
1947 877 2068 926 Au-

413 959 567 1016 feres
594 957 869 1031 spiritum
901 975 1127 1028 eorum,
1159 959 1313 1017 588
1347 965 1408 1016 et
1433 961 1730 1030 deﬁcient,
1754 965 1813 1017 et
1841 959 1900 1016 in
1935 959 2068 1032 pul-

412 1063 610 1104 verem
633 1065 811 1106 suum
831 1051 1215 1105 revertentur.
1232 1049 1478 1106 Emittes
1501 1049 1786 1123 Spiritum
1807 1054 1995 1121 tuum,
2011 1054 2070 1106 et

415 1138 792 1208 creabuntur,
815 1141 874 1194 et
902 1138 1210 1194 renovabis
1240 1137 1446 1194 faciem
1477 1143 1642 1195 terra;
1673 1141 1740 1196 ⁸³.
1768 1161 1797 1191 ››
1821 1140 1891 1194 Ει
1919 1140 2066 1196 Pau-

412 1227 510 1284 lus
539 1227 660 1284 hac
682 1227 812 1283 Tito
841 1226 1083 1283 scribit:
1109 1227 1250 1283 «Per
1277 1227 1574 1285 lavacrum
1609 1227 2068 1302 regenerationis

413 1319 470 1372 et
499 1315 895 1374 rcnovationis
923 1315 1177 1388 Spiritus
1208 1317 1607 1389 sancti,quem
1641 1319 1847 1375 effudit
1875 1318 1931 1373 in
1960 1334 2066 1373 nos

411 1406 648 1464 abunde
666 1422 768 1479 per
785 1406 990 1462 Jesum
1026 1405 1319 1461 Christum
1352 1406 1516 1463 “.nSi
1541 1407 1724 1480 igitur
1751 1411 1920 1462 Pater
1940 1422 2066 1462 om-

414 1495 511 1554 nia
559 1511 662 1568 per
706 1494 960 1552 Verbum
1005 1495 1065 1550 in
1099 1495 1316 1567 Spiritu
1349 1501 1507 1552 creat
1535 1500 1594 1552 et
1621 1501 1862 1553 renovat
1891 1513 1904 1552 :
1939 1513 2065 1568 qua:

416 1583 746 1642 similitudo
768 1587 871 1640 aut
891 1585 1160 1657 cognatio
1181 1585 1437 1641 creantis
1466 1601 1600 1641 cum
1630 1585 1805 1642 rebus
1829 1582 2066 1640 creatis?

417 1673 512 1731 Vel
541 1673 644 1746 qui
671 1673 913 1730 omnino
945 1673 1068 1729 ﬁeri
1117 1677 1294 1746 queat
1341 1678 1408 1730 ut
1455 1673 1554 1730 ille
1603 1689 1696 1730 res
1746 1673 1822 1730 sit
1870 1677 2066 1729 creata

411 1762 474 1818 in
512 1778 629 1834 quo
655 1762 857 1819 omnia
885 1761 1206 1818 creantur?
1235 1763 1386 1819 Sane
1410 1779 1544 1818 cum
1577 1763 1759 1835 impia
1789 1762 1900 1818 hac
1928 1777 2062 1819 sen-

411 1851 596 1908 tentia
621 1849 724 1908 illa
750 1851 1000 1908 coheret
1029 1867 1159 1923 quas
1191 1849 1320 1906 Filii
1339 1850 1705 1908 divinitatem
1730 1851 2062 1924 impugnat,

411 1940 497 1997 ita
517 1945 582 1998 ut
599 1939 708 2046 qui
718 1939 999 2042 Spiritum
1019 1955 1144 1997 rem
1167 1944 1418 2046 creatam
1463 1957 1589 1997 esse
1634 1940 2058 2046 contenderint’
2095 1979 2143 2046 Β

413 2031 650 2086 eosdem
681 2028 850 2086 fateri
879 2045 1116 2086 necesse
1145 2029 1223 2086 sit
1252 2029 1526 2095 Verbum,
1545 2046 1647 2102 per
1677 2030 1832 2102 quod
1865 2028 2065 2086 omnia

405 2122 704 2185 creantur,
737 2133 860 2175 rem
891 2133 1124 2190 quoque
1153 2121 1408 2174 creatam
1439 2133 1588 2174 esse.
1621 2117 1847 2174 Addam
1878 2117 2063 2190 Spiri-

411 2212 540 2264 tum
561 2205 876 2278 imaginem
900 2205 1026 2261 Filii
1053 2211 1110 2263 et
1133 2206 1248 2262 dici
1270 2211 1495 2263 etesse.
1511 2207 1680 2278 Nam,
1697 2229 1724 2256 «
1739 2208 1893 2272 Quos
1917 2223 2056 2278 prse-

419 2295 589 2352 scivit
607 2299 666 2350 et
681 2295 1117 2366 praedestinavit
1137 2299 1466 2353 cont‘ormcs
1489 2296 1614 2350 ﬁeri
1636 2295 1908 2366 imaginis
1933 2295 2062 2351 Filii

410 2383 820 2455 sui“.a1taque
842 2399 976 2440 cum
998 2383 1111 2456 ipsi
1131 2384 1426 2440 fateantur
1445 2383 1655 2441 Filium
1671 2401 1790 2440 rem
1808 2389 2060 2441 creatam
2099 2385 2106 2392 ’

413 2490 529 2530 non
554 2489 705 2542 esse,
739 2489 844 2530 nec
864 2473 1037 2533 etiam
1063 2473 1190 2544 ejus
1213 2473 1408 2546 imago
1429 2489 1523 2532 res
1542 2478 1735 2530 creata
1771 2475 2064 2530 censenda

411 2561 726 2628 est.Q_ualis
747 2563 906 2618 enim
928 2561 1103 2618 fuerit
1123 2563 1335 2634 imago,
1354 2562 1527 2618 talem
1551 2579 1788 2620 necesse
1815 2568 1904 2619 est
1927 2577 2060 2618 eum

411 2669 541 2709 esse
571 2653 744 2723 cujus
773 2651 966 2724 imago
998 2651 1190 2707 fuerit.
1213 2651 1375 2708 Unde
1404 2652 1901 2722 quemadmodum
1925 2653 2063 2723 jure

413 2741 621 2797 merito
643 2757 710 2796 ac
731 2741 1138 2796 convenienter
1169 2741 1420 2796 Verbum
1454 2758 1546 2796 res
1576 2745 1770 2797 creata
1799 2756 1929 2796 esse
1961 2757 2061 2797 ne-

411 2829 754 2902 gatur,quia
783 2834 873 2886 est
902 2829 1096 2902 imago
1129 2830 1434 2886 Patriszita
1462 2830 1562 2901 qui
1596 2829 1881 2902 Spiritum
1913 2829 2065 2885 inter

413 2935 507 2977 res
535 2923 760 2976 creatas
789 2918 1072 2977 collocare
1115 2937 1231 2975 non
1281 2919 1655 2988 dubitaverit,
1705 2936 1822 2976 non
1872 2924 2064 2992 potest

412 3008 552 3081 quin
603 3007 818 3064 Filium
869 3025 1004 3066 cum
1052 3008 1262 3065 iisdem
1293 3013 1644 3064 annumeret
1675 3026 1687 3065 :
1722 3025 1790 3063 ac
1821 3009 2064 3080 proinde

411 3099 482 3154 ad
515 3097 716 3170 ipsum
746 3102 981 3155 Patrem
1008 3097 1256 3154 refertur
1285 3095 1571 3170 quidquid
1605 3096 1784 3168 impie
1829 3097 1902 3154 de
1951 3097 2062 3152 hu-

403 3188 504 3258 jus
535 3186 791 3259 imagine
820 3187 1071 3244 senserit
1099 3187 1402 3244 dixeritve.

2176 693 2550 748 θεοποιοῦνται
2583 695 2717 766 (10)⁹
2749 691 2796 747 εί
2827 690 2886 748 δὲ
2933 693 3196 766 θεοποιεῖ,
3247 691 3349 747 οὐκ
3377 687 3716 768 ἀμφίϐολον,
3742 695 3818 748 ὅτι

2174 783 2209 850 ἡ
2241 780 2436 837 τούτου
2468 781 2629 861 φύσις
2664 785 2800 837 Θεοῦ
2848 779 2982 837 ἐστι.
3031 781 3130 836 Καὶ
3181 775 3259 836 ἔτι
3291 778 3350 838 δὲ
3377 783 3497 858 (11)
3521 783 3822 862 φανερώτε-

2177 888 2268 946 ρον
2325 869 2402 934 είς
2462 871 2732 947 ἀναίρεσιν
2782 877 2885 941 τῆς
2933 870 3187 948 αίρὲσεως
3229 869 3435 944 ταότης
3482 870 3537 928 ἐν
3577 873 3660 944 τῷ
3707 872 3820 928 ἱκα-

2171 963 2351 1032 τοστῷ
2379 959 2551 1034 τρίτῳ
2599 958 2807 1034 ψαλμῷ
2855 955 3058 1031 ᾅδεται,
3114 959 3190 1023 ὡς
3236 957 3540 1036 ἔμπροσθεν
3575 955 3819 1036 εἴπομεν⁸

2176 1072 2206 1101 ι(
2237 1047 2572 1111 Ἀντανελεῖς
2619 1047 2682 1103 τὸ
2729 1053 2942 1123 πνεῦμα
2988 1049 3188 1118 αὐτῶν,
3239 1047 3331 1104 καὶ
3373 1047 3707 1123 ἐπιλείψουσι,
3735 1049 3820 1106 καὶ

2175 1137 2252 1198 εἷς
2281 1138 2373 1192 τὸν
2432 1142 2569 1212 χοῦν
2619 1137 2796 1192 αὐτῶν
2843 1136 3277 1212 ἐπιστρέφουσιν.
3325 1137 3736 1208 Ἐξαποστελεῖς
3763 1139 3821 1195 τὸ

2177 1223 2394 1298 Πνεῦμά
2450 1245 2569 1292 σου,
2632 1225 2722 1279 καὶ
2769 1227 3172 1298 κτισθήσονται,
3233 1233 3327 1281 καῖ
3383 1225 3714 1289 ἆνακαινιεῖς
3761 1227 3820 1282 τὸ

2173 1313 2466 1388 πρόσωπον
2496 1321 2598 1384 τῆς
2627 1321 2752 1390 γῆς.
2786 1339 2815 1366 ››
2855 1316 2916 1372 Ὁ
2955 1311 3014 1369 δὲ
3051 1313 3270 1378 Παῦλος
3297 1317 3492 1391 γράφει
3523 1321 3672 1390 Τιτῳ
3689 1319 3818 1390 (12)*

2175 1427 2203 1455 «
2241 1403 2340 1457 Διὰ
2386 1401 2620 1479 λουτροῦ
2649 1402 3063 1478 παλιγγενεσίας
3095 1405 3182 1458 καὶ
3217 1405 3624 1468 ἂνακαινώσεως
3658 1404 3820 1460 lived-

2177 1512 2345 1566 ματος
2377 1493 2558 1567 ἁγίου,
2609 1492 2671 1546 οὗ
2715 1492 2919 1568 ἐξέχεεν
2969 1491 3050 1572 ἐφ’
3097 1493 3245 1566 ἡμᾶς
3293 1493 3571 1557 πλουσίως
3602 1491 3692 1549 διὰ
3715 1495 3820 1566 ’1η-

2173 1585 2270 1635 σοῦ
2299 1582 2550 1656 Χριστοῦ.
2586 1605 2614 1632 »
2645 1581 2710 1638 Ei
2742 1579 2801 1638 δὲ
2831 1583 2859 1637 6
2890 1583 3081 1659 Πατήρ
3109 1579 3199 1638 διὰ
3225 1587 3324 1639 τοῦ
3347 1583 3534 1659 Λόγου
3563 1583 3617 1640 ἄν
3663 1583 3819 1640 Πνεό-

2175 1691 2303 1742 ματι
2361 1669 2502 1746 ἁγίῳ
2555 1673 2672 1746 (13)
2724 1671 2889 1742 κνίζει
2941 1671 3009 1727 τὰ
3064 1671 3258 1741 πάντα,
3316 1673 3407 1728 καὶ
3465 1672 3816 1744 ἀνακαινίζει·

2171 1759 2302 1814 ποία
2351 1759 2619 1834 ὁμοιότης
2677 1760 2713 1830 ἢ
2793 1759 3076 1836 συγγένεια
3152 1765 3234 1834 τῷ
3279 1760 3515 1832 κτίζοντι
3573 1761 3712 1838 πρὸς
3759 1761 3824 1818 τὰ

2169 1848 2485 1923 κτίσματα;
2531 1851 2600 1906 Ἥ
2649 1848 2796 1912 ὅλως
2851 1855 2970 1914 πῶς
3020 1851 3082 1906 ἄν
3131 1847 3244 1923 εἴη,
3291 1849 3344 1906 ἐν
3388 1852 3436 1924 ᾧ
3479 1851 3716 1922 κτίζεται
3755 1853 3821 1908 τᾶ

2171 1936 2364 2012 πάντα,
2421 1938 2660 2014 κτίσμα;
2710 1938 3030 1996 ’Λκολουθεῖ
3075 1939 3176 2018 γὰρ
3225 1943 3296 2014 τῇ
3342 1940 3568 2016 τοιαύτῃ
3619 1938 3822 2019 δυσφη-

2177 2027 2273 2100 μίᾳ
2300 2027 2390 2082 καὶ
2437 2031 2472 2098 ἡ
2529 2028 2606 2090 εἰς
2645 2029 2738 2084 τὸν
2784 2029 2907 2082 Υίὸν
2961 2027 3289 2105 βλασφημία
3334 2031 3468 2104 (14)·
3515 2031 3653 2087 ὥστε
3695 2029 3820 2094 τούς

2171 2115 2430 2193 λέγοντας
2458 2116 2520 2171 τὸ
2555 2121 2776 2190 Πνεῦμα
2825 2116 3030 2191 κτίσμα
3077 2117 3270 2190 εἴπεῖν,
3317 2116 3401 2176 ὅτι
3432 2119 3522 2174 καὶ
3563 2120 3593 2174 6
3623 2120 3819 2196 Λόγος,

2173 2201 2241 2260 δι’
2292 2205 2354 2260 οὗ
2398 2207 2466 2260 τὰ
2511 2205 2681 2260 πάντα
2725 2207 2990 2275 κτίζεται,
3037 2205 3240 2282 κτίσμα
3285 2205 3452 2262 ἐστίν.
3501 2206 3680 2264 Είκὼν
3727 2211 3822 2264 τοῦ

2170 2295 2298 2350 Υἱοῦ
2327 2293 2540 2369 λέγεται
2576 2295 2666 2350 καὶ
2714 2291 2823 2350 ἔστι
2867 2295 2931 2350 τὸ
2961 2299 3200 2368 Πνεῦμα·
3240 2319 3270 2349 α
3299 2295 3406 2360 Οῧς
3443 2320 3471 2348 ι»
3499 2297 3604 2375 γὰρ
3631 2322 3660 2351 ‹‹
3687 2318 3822 2374 προ-

2171 2380 2312 2456 ἑγνω
2359 2383 2448 2437 καὶ
2530 2382 2804 2458 προώρισε
2871 2381 3236 2458 συμμόρφους
3306 2386 3406 2450 τῆς
3465 2383 3677 2449 εῗκόνος
3727 2389 3822 2440 τοῦ

2171 2471 2298 2525 Υὶοῦ
2329 2469 2492 2525 αὐτοῦ
2525 2473 2656 2544 (15).
2692 2495 2720 2523 ››
2769 2471 2974 2526 Οὐκοῦν
3021 2476 3120 2527 τοῦ
3165 2473 3294 2526 Υὶοῦ
3321 2473 3413 2527 καὶ
3443 2475 3560 2529 κατ’
3585 2473 3823 2536 ἐκείνους

2172 2560 2628 2636 ὁμολογουμένου
2674 2561 2752 2633 μὴ
2806 2561 2941 2616 εἶναι
2984 2561 3304 2636 κτίσματος,
3361 2561 3466 2618 οὐκ
3488 2563 3548 2617 ἂν
3579 2561 3664 2634 εἴη
3697 2560 3823 2618 οὐδὲ

2171 2652 2206 2719 ἡ
2231 2647 2427 2703 τούτου
2475 2647 2636 2704 εἲκὼν
2686 2648 2908 2723 κτίσμα.
2951 2647 3148 2708 Ὀποία
3201 2650 3303 2728 γὰρ
3349 2647 3412 2705 ἂν
3452 2647 3536 2722 εἴη
3568 2653 3604 2721 ἡ
3636 2649 3820 2721 εἰκὼν,

2168 2742 2416 2793 τοιοῦτον
2490 2738 2697 2812 ἀνάγκη
2761 2738 3001 2808 καὶτὸν,
3053 2739 3115 2792 οὗ
3163 2738 3302 2794 ἐστιν
3350 2741 3386 2809 ἡ
3434 2739 3616 2810 εἰκὼν,
3667 2741 3823 2800 εἶναι.

2169 2829 2330 2890 ’Όθεν
2381 2824 2604 2888 είκότως
2651 2827 2742 2881 καὶ
2799 2827 3114 2903 πρεπόντως
3163 2828 3192 2882 ὁ
3243 2827 3422 2904 Λόγος
3466 2827 3820 2904 ὁμολογεῖται

2176 2916 2252 2990 μὴ
2297 2912 2370 2970 ὢν
2419 2916 2642 2988 κτὶσμα,
2696 2915 2856 2971 εἰκὼν
2903 2921 3002 2971 τοῦ
3052 2917 3260 2992 Πατρὸς
3308 2917 3591 2995 ὑπαρχων’
3644 2919 3674 2972 6
3721 2918 3825 2990 ἄρα

2168 3010 2286 3067 τοῖς
2344 3004 2602 3077 κτίσμασι
2653 3009 2996 3080 συναριθμῶν
3049 3005 3112 3059 τὸ
3168 3007 3387 3078 Πνεῦμα
3455 3008 3571 3079 (16)
3609 3008 3825 3069 πάντως

2171 3114 2277 3149 που
2305 3093 2398 3149 καὶ
2425 3093 2518 3150 τὸν
2545 3093 2670 3148 Υἱὸν
2721 3093 2774 3148 ἐν
2817 3094 3032 3156 τούτοις
3079 3095 3490 3171 συναριθμήσει,
3521 3091 3824 3174 δυσφημῶν

2171 3181 2224 3238 ἐν
2256 3181 2434 3238 τούτω
2462 3181 2553 3237 καὶ
2580 3183 2675 3238 τὸν
2707 3182 2916 3259 Πατέρα
2965 3180 3054 3238 διὰ
3099 3183 3198 3252 τὴν
3245 3182 3320 3245 εἷς
3360 3185 3462 3253 τήν
3491 3182 3674 3240 εἰκόνα
3699 3185 3828 3241 τού-

2169 3292 2267 3328 του
2295 3272 2410 3345 (17)
2439 3268 2772 3350 δυσφημίαν.

481 3363 780 3436 25.1taque
798 3364 1178 3421 manifestum
1202 3367 1292 3420 est
1315 3362 1596 3437 Spiritum
1621 3362 1802 3419 alium
1823 3361 2057 3420 omnino

2243 3363 2334 3417 25.
2367 3361 2389 3381 ¹’
2420 3347 2569 3417 Αλλό
2600 3357 2702 3434 ἄρα
2728 3364 2834 3420 τῶν
2868 3357 3176 3434 κτισμάτων
3222 3358 3334 3416 ἐστὶ
3369 3360 3433 3417 τὸ
3465 3366 3704 3436 Πνεῦμα,
3735 3363 3828 3418 καὶ

413 3469 542 3511 esse
561 3472 597 3510 a
617 3454 792 3510 rebus
820 3453 1050 3523 creatis,
1075 3469 1329 3524 eumque
1357 3451 1725 3509 ostendimus
1758 3452 2059 3524 proprium

413 3543 541 3599 Filii
574 3557 848 3611 esse,non
882 3546 1074 3598 autem
1109 3559 1142 3598 a
1169 3542 1287 3598 Deo
1317 3541 1874 3612 alienum.Namque
1905 3542 2059 3613 quod

415 3633 486 3688 ad
510 3631 728 3689 hancce
743 3636 978 3689 acutam
1005 3629 1239 3686 illorum
1262 3629 1777 3699 interrogationem
1801 3634 2058 3702 spectat:

415 3721 474 3776 Si
503 3719 758 3793 Spiritus
788 3737 856 3776 ex
891 3724 1002 3776 Deo
1032 3725 1144 3790 est,
1177 3735 1357 3792 quare
1389 3735 1504 3775 non
1535 3718 1661 3790 ipse
1693 3735 1923 3791 quoque
1967 3719 2061 3774 Fi-

412 3807 530 3864 lius
560 3809 820 3865 dicitur?
851 3811 1028 3878 Hanc,
1061 3808 1326 3881 inquam,
1358 3806 1848 3880 quastiunculam
1881 3807 2060 3864 auda-

409 3915 534 3954 cem
568 3903 626 3955 et
653 3899 1029 3954 temerariam
1062 3913 1191 3954 esse
1222 3897 1543 3970 suprajam
1575 3901 1876 3953 ostensum
1933 3902 2058 3967 est;

415 3988 515 4044 sed
547 3988 704 4044 idem
737 3987 1124 4044 nihilominus
1155 4003 1361 4043 rursus
1390 3987 1700 4042 ostendere
1729 4003 1842 4042 non
1863 4001 2062 4056 grava-

411 4078 631 4134 bimur.
664 4076 926 4134 Tametsi
953 4075 1110 4133 enim
1142 4075 1398 4149 Spiritus
1428 4075 1487 4130 in
1517 4074 1833 4146 Scripturis
1880 4071 2061 4132 Filius

409 4185 526 4224 non
579 4167 820 4237 dicitur,
863 4165 967 4222 sed
999 4163 1256 4237 Spiritus
1285 4163 1409 4229 Dei,
1441 4167 1638 4220 tamen
1667 4163 1727 4219 in
1760 4163 1888 4236 ipso
1927 4168 2057 4234 Deo,

405 4261 464 4316 et
491 4273 560 4312 ex
591 4256 721 4330 ipso
750 4255 868 4312 Deo
895 4270 1024 4311 esse
1054 4254 1246 4310 dictus
1277 4258 1384 4325 est,
1417 4253 1503 4308 uti
1533 4252 1766 4326 scripsit
1804 4256 2056 4326 Aposto-

2173 3445 2436 3505 δέδεικται
2489 3447 2703 3522 μᾶλλον
2759 3443 2900 3504 ἴδιον
2950 3449 3081 3504 εἶναι
3128 3453 3225 3504 τοῦ
3270 3449 3420 3522 Υἱοῦ,
3469 3451 3558 3506 καὶ
3589 3451 3652 3507 οὐ
3682 3452 3832 3523 ξένον

2168 3541 2266 3592 τοῦ
2310 3541 2466 3596 Θεοῦ.
2514 3537 2616 3594 Καὶ
2681 3535 2783 3612 γὰρ
2841 3537 3059 3592 κάκεῖνο
3116 3535 3180 3592 τὸ
3234 3539 3401 3615 σοφὸν
3458 3539 3632 3595 αὐτῶν
3681 3539 3826 3618 ἐρώ-

2169 3645 2340 3700 τημα·
2395 3625 2459 3681 Εἰ
2509 3623 2568 3681 ἐκ
2611 3629 2707 3680 τοῦ
2755 3623 2889 3682 Θεοῦ
2933 3623 3044 3682 ἐστι
3092 3625 3155 3681 τὸ
3203 3631 3443 3702 Πνεῦμα,
3495 3625 3585 3686 διὰ
3633 3629 3687 3684 τί
3741 3630 3851 3703 μὴ,

2171 3713 2386 3791 λὲγεναι
2434 3714 2524 3769 καὶ
2581 3713 2713 3770 αὐτὸ
2761 3715 2885 3776 Υἱός
2935 3716 3096 3788 (18);
3147 3713 3418 3772 Δέδεικται
3475 3717 3568 3791 μὲν
3617 3716 3671 3773 ἐν
3701 3723 3824 3782 τοῖς

2169 3802 2472 3880 ἔμπροσθεν
2501 3801 2612 3874 ἤδη
2663 3805 2926 3880 προπετὲς
2979 3804 3070 3860 καὶ
3113 3801 3423 3883 τολμηρὸν,
3463 3803 3728 3862 δείκνυται
3759 3804 3822 3863 Si

2167 3895 2258 3952 καί
2277 3900 2369 3978 νοῦν
2400 3892 2553 3950 οὐδὲν
2582 3897 2770 3964 ἦττον.
2817 3894 2880 3950 Εἰ
2915 3896 3018 3972 γὰρ
3065 3895 3156 3950 καὶ
3211 3897 3288 3970 μὴ
3340 3897 3462 3959 Υἱὸς
3513 3893 3718 3974 ὲλὲχθη
3765 3897 3822 3954 ἐν

2165 3983 2283 4046 ταὶς
2325 3987 2582 4061 Γραφαῖς,
2641 3981 2787 4038 ἀλλὰ
2835 3987 3055 4056 Πνεῦμα
3091 3979 3190 4038 τοῦ
3237 3987 3372 4040 Θεοῦ
3421 3986 3554 4058 (19),
3597 3983 3826 4060 ἐναύτῷ

2165 4077 2246 4145 τῷ
2267 4077 2384 4146 Θεῷ
2410 4073 2500 4127 καὶ
2540 4070 2593 4142 ἐξ
2643 4071 2810 4126 αὐτοῦ
2855 4074 2954 4127 τοῦ
2996 4075 3130 4128 Θεοῦ
3177 4069 3411 4148 εἴρηται,
3453 4073 3531 4136 ὡς
3579 4075 3608 4129 6
3657 4075 3828 4131 Ἀπό..

2169 4160 2366 4224 στολος
2407 4159 2654 4238 ἔγραψεν.
2685 4159 2750 4215 Et
2789 4156 2850 4215 δὲ
2887 4161 2916 4214 6
2959 4161 3104 4230 Υἱὸς,
3155 4158 3343 4232 ἐπειδῆ
3374 4161 3434 4217 ἐκ
3481 4167 3580 4218 τοῦ
3609 4164 3825 4240 Πατρὸς

2170 4250 2334 4320 ἐστιν,
2367 4247 2504 4312 ἴδιος
2533 4252 2634 4314 τῆς
2676 4247 2861 4310 οὐσίας
2901 4247 3065 4304 αὐτοῦ
3103 4247 3244 4305 ἐστιν
3298 4252 3434 4325 (20),
3486 4251 3688 4327 ἀνάγκη
3727 4251 3825 4308 καὶ

469 4431 518 4466 ⁸³
550 4429 704 4487 Psal.
736 4445 856 4497 cur,
885 4429 976 4499 29,
1006 4428 1101 4484 30.
1175 4428 1221 4463 “
1250 4427 1364 4484 Tit.
1401 4443 1485 4496 ιιι,
1517 4428 1573 4482 5.
1649 4427 1694 4462 ⁵⁸
1726 4426 1894 4484 Rom.
1925 4443 2051 4498 vm,
2079 4426 2176 4487 29.

468 4606 586 4732 (10)
648 4605 1033 4689 ItaORegius,
1069 4604 1317 4678 primus,
1355 4609 1484 4677 Seg.
1521 4603 1710 4686 .Basil.
1759 4602 1926 4660 Gobl-
1989 4606 2048 4660 et

468 4679 650 4732 ickmv.
687 4693 930 4732 primus.
977 4676 1072 4732 Sic
1119 4681 1311 4732 autem
1367 4674 1722 4732 Anglicanus
1750 4675 1928 4732 habet
1954 4673 2044 4728 καί

2173 4601 2337 4658 Paulo
2385 4604 2517 4673 post
2561 4597 2652 4654 καί
2703 4604 2841 4657 ante
2892 4599 3008 4654 κατ’
3051 4595 3289 4664 ἐκείνους
3335 4601 3556 4663 habent
3594 4605 3815 4678 Regius

2173 4675 2405 4730 Jrimus.
2436 4674 2586 4732 $62..
2617 4673 2900 4729 omittunt
2927 4689 3068 4732 vero
3101 4671 3198 4730 alii
3235 4679 3294 4730 et
3321 4675 3484 4732 editi.

397 4671 650 4778 Fellclfm;
687 4671 930 4778 prima?“
977 4671 1089 4733 Sic"
1119 4681 1311 4768 autem
1367 4671 1722 4764 {trigli'canus
1750 4673 2044 4778 hgbetnxai
2073 4711 2120 4778 Β
2155 4671 2418 4778 prlip‘li‘psll1
2436 4674 2592 4778 Seg.1
2617 4673 2900 4778 omittunt
2927 4671 3204 4778 ve'rokalii
3235 4679 3294 4778 (at
3321 4675 3484 4758 editi.

393 4747 445 4806 ἐν
474 4744 787 4823 ἀνθρώποις
817 4745 1044 4822 γίνεται,
1085 4746 1191 4823 ’καὶ
1244 4744 1296 4800 ἐν
1337 4747 1420 4807 οἷς
1471 4744 1703 4823 γίνεται,
1733 4745 2041 4823 pii-meose-

390 4815 1005 4893 nocoevtazﬁaat'eriet
1031 4815 1209 4893 editio
1239 4815 1542 4893 Commet,
1588 4816 1679 4871 καί
1729 4815 1782 4872 ἐν
1830 4815 2038 4893 ἀνθρώ-

390 4915 514 4956 ποις
543 4893 770 4965 γίνεται,
797 4891 888 4946 καὶ
920 4887 992 4945 δι’
1020 4890 1184 4965 αὐτοῦ
1211 4892 1609 4965 θεοποιοῦνται.

459 4960 576 5039 (11)
605 4965 670 5039 At
719 4960 886 5039 deest
931 4965 996 5039 in
1032 4963 1150 5034 Reg
1221 4965 1288 5039 2,_
1321 4962 1655 5039 Felckman.
1705 4962 1741 5039 ξ
1787 4965 1860 5039 et_
1894 4960 2036 5039 edit.

386 5028 667 5105 Commel.
701 5039 826 5094 Mox
857 5035 1024 5105 Gobl.
1057 5028 1394 5091 etwli‘elc'km.
1431 5033 1678 5105 primus,
1713 5030 1764 5086 ἐν
1795 5035 1872 5102 τῷ
1900 5028 2037 5104 ψαλ·

389 5111 475 5178 μῷ
505 5103 707 5176 ᾅδεται·
741 5103 1069 5177 Ἀνατελεῖς,
1105 5111 1216 5162 etc.

408 5239 413 5244 η
449 5171 572 5251 ’(12)
604 5179 822 5251 Regius
854 5171 1113 5251 primus,
1155 5179 1310 5248 Seg.,
1343 5171 1564 5251 ἔγραφε.
1597 5174 1763 5251 Go_b_l.
1798 5179 1854 5230 et
1885 5174 2033 5251 ξομ).

384 5246 634 5321 primus,
665 5246 756 5304 {at
797 5246 1012 5310 Παῦλος
1055 5246 1550 5321 ΤίτῳξΜοκΒεε.
1597 5247 1762 5321 βοὴ).
1797 5253 1854 5301 et
1884 5246 2033 5321 Felc.

383 5315 637 5394 primus,
688 5321 1086 5382 ἀνακαινίσεως.
1129 5315 1304 5394 Ιξεωίο
1356 5315 1518 5392 post,
1559 5315 1838 5380 πλουσίως
1871 5319 2036 5374 abest

382 5392 415 5448 ξι
445 5394 677 5450 Gobler.
713 5397 770 5450 et
793 5394 1042 5451 Felckm.
1079 5392 1288 5466 primo.

475 5466 563 5537 13)
596 5466 809 5537 Regius
838 5458 1096 5534 primus:
1116 5466 1268 5537 Seg.,
1301 5458 1436 5535 ἁγίῳ
1463 5462 1767 5537 omittunt.

359 5591 388 5610 ._
448 5531 562 5610 (14)
591 5531 925 5610 εἷθ’Βθεῖιιε
960 5531 1217 5610 primus;
1239 5531 1385 5610 Segli
1412 5531 1622 5610 'Alii‘et
1657 5532 1795 5610 editi
1826 5531 1861 5600 ἡ
1901 5531 2030 5610 .tol-

2220 4745 2332 4820 (16)
2355 4743 2418 4800 Ὁ
2448 4743 2965 4820 κρύει-κτίσμασιν-
2989 4744 3207 4802 habent
3244 4746 3464 4820 Regius
3509 4749 3566 4816 2,
3613 4749 3804 4810 Felck.

2149 4815 2380 4889 primus
2408 4815 2689 4889 etieditio,
2707 4815 2994 4889 Gemmel.

2217 4890 2330 4971 (t7)
2362 4887 2835 4971 {tegius‘prjmus
2885 4886 3267 4971 83g..Basil_.,
3313 4885 3533 4971 τούτου.
3576 4890 3686 4971 Alii
3716 4908 3816 4971 ve-

2147 4958 2486 5034 ro'e‘t'editi,
2508 4958 2716 5034 asins.
2749 4963 2876 5034 Mox
2907 4958 3127 5034 Regius
3153 4960 3404 5034 primus,
3448 4961 3577 5034 Seg.
3620 4963 3811 5034 Basil.

2146 5031 2310 5087 Gobl.
2332 5035 2402 5105 et
2431 5025 2686 5105 Felckm.
2720 5025 3178 5105 ρτὶῐῃιιειςἈλλό
3204 5025 3310 5105 ἄρα
3327 5025 3435 5105 τῶν
3466 5025 3807 5105 κτῖσμάτων.

2145 5103 2344 5176 Castori
2375 5109 2434 5176 et
2462 5104 2624 5176 editi,
2655 5099 2906 5176 'ApaciSv
2939 5101 3004 5154 οὐ
3032 5105 3142 5155 τῶν
3173 5099 3508 5176 κτὶσμᾴτων.

2218 5175 2328 5246 (l8)
2358 5175 2450 5231 Sic
2479 5174 2690 5246 Regius
2719 5173 2970 5246 primus,
3002 5177 3246 5248 Seguer.
3279 5173 3392 5230 Alii
3422 5181 3480 5232 et
3506 5175 3669 5248 editi,
3702 5174 3804 5230 αὖ·

2141 5245 2256 5307 τός.

2210 5318 2321 5388 (19)
2351 5317 2442 5374 Sic
2472 5315 2688 5390 Regius
2719 5316 2972 5389 primus,
3004 5317 3135 5386 Seg.
3161 5317 3224 5373 In
3251 5315 3390 5374 aliis
3416 5323 3477 5375 et
3505 5318 3678 5376 editis
3697 5323 3804 5373 τοῦ

2140 5389 2325 5445 deest.

2209 5462 2324 5532 (20)
2355 5459 2445 5534 Sic
2469 5459 2682 5534 Regius
2712 5460 2962 5534 primus,
2993 5459 3122 5530 Seg.
3163 5457 3330 5534 (g'obl.
3377 5461 3641 5534 Felckm,
3669 5463 3798 5534 pri-

2140 5528 2272 5588 mus
2301 5528 2360 5587 et
2386 5528 2576 5588 Basili
2609 5535 2682 5589 At
2712 5528 3117 5601 Ἀοςίἱσειιιιέ,
3167 5528 3228 5601 ἐκ
3271 5534 3368 5601 τοῦ
3398 5536 3534 5586 Θεοῦ
3557 5531 3648 5587 καὶ
3669 5528 3799 5588 ’Πα-

373 5599 773 5682 Ῑιμήιξίζθεὶυε
796 5599 1139 5678 νεθοιιὶιᾶῠε,
1235 5599 1460 5673 τοιαύτη
1521 5599 1805 5677 δυσφημίαι
1827 5599 1916 5657 καὶ
1949 5601 2026 5664 εἴς

2173 5603 2262 5675 ρός
2291 5601 2458 5682 ἐστιν.
2490 5599 2869 5682 ῼίιοὺοιιη-ξῧ
2911 5599 2980 5682 6s
3031 5599 3178 5682 Υἱὸς.
3215 5599 3404 5682 ἔπειδή
3434 5601 3496 5682 ἐκ
3523 5609 3621 5682 τοῦ
3653 5609 3798 5682 Θεοῦ

371 5679 467 5734 τὸν
503 5679 647 5737 Υἱόν.

2137 5672 2297 5731 ἐστιν.
2329 5675 2522 5732 Caeteri
2573 5679 2632 5732 et
2676 5674 2854 5731 editio
2901 5673 3383 5732 Commeliniana.
3431 5673 3492 5732 ἐκ
3518 5681 3616 5731 τοῦ
3654 5681 3798 5731 Θεοῦ

442 5753 556 5824 (15)
584 5755 674 5808 Sic
733 5752 948 5824 Regius
995 5750 1246 5824 primus,
1296 5749 1427 5824 S_e_g_.
1474 5745 1653 5824 Basil.
1705 5747 1936 5824 Gobler.
1970 5751 2030 5802 et
2096 5744 2301 5810 ,tcmv.

368 5814 626 5881 Felck'm.‘
660 5814 908 5900 primus.
935 5814 1132 5880 caeteri
1173 5814 1243 5878 δι’
1277 5814 1456 5877 editio
1483 5817 1832 5876 .Gommelin.
1864 5814 2021 5896 ἔγνω.
