4076 6416
236 489 358 553 689

1360 485 1741 559 EPISTOLA
1791 486 1814 547 ῐ
1857 486 1963 547 AD
2010 486 2543 553 SEBAPIONEM.

3534 489 3653 551 590

234 624 298 679 16
331 625 569 695 Πνεῦμα,
618 617 678 677 ἐκ
722 622 820 676 τοῦ
871 624 1008 676 Θεοῦ
1047 619 1371 695 λεγόμενον,
1420 617 1740 695 ἴδιον-εἶναι
1768 620 1887 675 κατ’

2008 621 2095 677 lus
2124 622 2186 677 ³⁵.
2222 626 2397 678 Porro
2429 622 2478 677 si
2512 620 2693 678 Filius
2724 622 2863 694 quia
2892 626 2982 677 est
3026 638 3095 677 ex
3146 621 3329 688 Patre,
3382 622 3655 694 proprius

164 718 167 719 ⁷
236 711 416 767 οὐσίαν
447 714 546 765 τοῦ
580 710 724 764 I‘toﬁ'
742 706 983 782 7.496161
1009 713 1106 764 τοῦ
1152 709 1351 783 Κυρίου
1381 703 1535 770 ὄντος
1567 708 1717 780 Υὶοῦ,
1752 707 1883 763 αὐτὸ

231 800 296 857 τὸ
339 800 452 874 (21)
513 801 732 871 Πνεῦμα
778 794 989 873 εἷ’ρηται
1040 798 1262 871 Πνεῦμα
1304 796 1591 861 υἱοθεσίας.
1618 796 1735 867 Καὶ
1770 798 1884 851 πά-

233 888 321 943 λιν
352 892 450 943 τοῦ
498 887 629 942 Υῖοῦ
676 881 831 948 ὄντος
880 884 1068 963 σοφίας
1119 885 1209 940 καὶ
1259 884 1541 956 ἀληθείας,
1591 883 1886 961 γέγραπται

231 977 294 1033 16
325 980 550 1050 Πνεῦμα
579 976 711 1030 εἶναι
763 979 985 1049 Πνεῦμα
1035 974 1224 1050 σοφίας
1264 975 1359 1029 καὶ
1406 972 1689 1044 ἀληθείας.
1719 971 1889 1029 Πάλιν

230 1087 292 1121 τε
323 1066 351 1121 6
382 1065 477 1139 μὲν
512 1064 634 1126 Υἱὸς
682 1062 793 1119 ἐστι
838 1061 1067 1136 δύναμις
1100 1068 1255 1129 Θεοῦ,
1285 1063 1377 1118 καὶ
1435 1063 1638 1139 Κύριος
1665 1069 1764 1132 τῆς
1794 1060 1888 1118 δό-

232 1157 350 1228 ξης·
383 1153 449 1208 τὸ
497 1151 555 1208 δὲ
601 1157 822 1226 Πνεῦμα
872 1150 1089 1228 λέγεται
1143 1156 1361 1226 Πνεῦμα
1420 1148 1700 1224 δυνάμεως
1751 1154 1885 1223 (22),

232 1245 324 1299 καὶ
358 1247 575 1316 Πνεῦμα
621 1245 721 1311 τῆς
770 1239 954 1313 δόξης,
988 1240 1161 1303 οὕτως
1219 1240 1300 1320 ἐφ’
1347 1239 1571 1296 ἑκάστου
1615 1247 1718 1310 τῆς
1750 1247 1886 1317 Γρα-

231 1341 344 1412 φῆς
376 1330 664 1409 λεγούσης·
698 1335 795 1386 τοῦ
829 1330 925 1405 μὲν
957 1329 1177 1387 Παύλου
1208 1332 1508 1409 γράφοντος
1563 1330 1885 1407 Κορινθίοις·

238 1447 267 1475 ‹‹
322 1421 385 1479 Ei
440 1421 542 1497 γὰρ
596 1416 854 1495 ἔγνωσαν,
906 1420 1009 1475 οὐκ
1055 1417 1116 1474 ἃν
1172 1420 1264 1474 τὸν
1314 1420 1516 1496 Κύριον
1576 1421 1675 1490 τῆς
1727 1418 1886 1493 δόξης

231 1510 599 1585 ἐσταύρωσαν·
651 1530 679 1563 η
743 1508 833 1565 καὶ
891 1507 945 1564 ἐν
1003 1507 1229 1585 ἑτέροις·
1290 1533 1318 1562 ‹‹
1377 1509 1452 1563 Οὐ
1507 1510 1608 1585 γὰρ
1667 1504 1890 1565 ἐλάϐετε

232 1605 453 1674 πνεῦμα
529 1596 781 1662 δουλείας
859 1597 1026 1655 πάλιν
1082 1598 1159 1660 εἰς
1212 1593 1381 1677 φόϐον
1416 1619 1429 1632 ·
1485 1597 1612 1655 ἀλλ’
1669 1593 1891 1654 ἐλάϐετε

236 1694 463 1763 Πνεῦμα
513 1687 804 1754 υἱοθεσίας·
858 1711 886 1739 ››
944 1685 1037 1743 καί
1088 1686 1262 1752 αὖθις·
1313 1712 1343 1740 ‹‹
1396 1686 1800 1758 Ἐξαπὲστειλεν
1861 1689 1889 1742 6

229 1779 365 1840 Θεὸς
422 1778 484 1832 τὸ
537 1776 754 1849 Πνεῦμα
808 1781 910 1832 τοῦ
966 1777 1093 1831 Υἱοῦ
1150 1775 1320 1831 αὐτοῦ
1375 1776 1452 1840 εἷς
1511 1776 1606 1839 τὰς
1660 1773 1887 1854 καρδίας

233 1867 394 1940 ὑμῶν
426 1866 562 1940 (23),
611 1863 830 1942 κράζον·
884 1859 1083 1941 ’Λβ6ἆ,
1114 1865 1142 1919 ὁ
1174 1866 1383 1941 Πατήρ.
1415 1885 1443 1919 ιι
1481 1866 1542 1923 Ὁ
1600 1862 1658 1920 δὲ
1689 1866 1889 1940 Πέτρος

228 1953 484 2034 ἔγραφεν·
524 1952 643 2009 «Ei
699 1951 1026 2023 ὀνειδίζεσθε
1085 1953 1138 2009 ἐν
1195 1953 1421 2027 ὀνόματι
1473 1951 1732 2030 Χριστοῦ,
1785 1973 1887 2029 μα-

227 2045 439 2117 κάριοι·
479 2040 568 2097 ὅτι
610 2044 674 2097 τὸ
718 2049 819 2112 τῆς
870 2039 1031 2113 δόξης
1076 2040 1166 2097 καί
1215 2039 1492 2115 δυνάμεως
1544 2042 1635 2098 καὶ
1680 2043 1745 2098 τὸ
1789 2046 1887 2098 τοῦ

229 2136 372 2189 Θεοῦ
404 2135 627 2205 Πνεῦμα
676 2129 755 2209 ἐφ’
810 2131 948 2204 ὑμᾶς
998 2131 1384 2188 ἀναπέπαυται.
1422 2156 1451 2184 ››
1480 2132 1543 2190 Ὁ
1592 2128 1650 2187 δὲ
1694 2132 1889 2208 Κύριος

229 2221 429 2296 εἴρηκε
484 2224 704 2293 Πνεῦμα
750 2226 852 2289 τῆς
902 2217 1161 2291 ἀληθείας
1209 2221 1299 2277 καὶ
1351 2220 1707 2296 Παράκλητον
1756 2222 1886 2277 εἶναι

229 2311 298 2366 τὸ
333 2313 571 2383 Πνεῦμα·
605 2308 656 2380 ἐξ
706 2306 773 2363 οῦ
830 2306 1097 2365 δείκνυται
1154 2309 1362 2365 τελείαν
1421 2309 1556 2365 εἶναι
1613 2309 1665 2365 ἐν
1710 2310 1889 2384 τούτῳ

227 2400 335 2468 τὴν
368 2395 575 2473 Τριάδα
789 2398 876 2452 Ἐν
922 2398 1100 2471 τούτῳ
1127 2399 1172 2474 γ’
1204 2397 1294 2453 οῦν
1343 2400 1371 2454 6
1419 2398 1593 2476 Λόγος
1641 2400 1740 2468 τήν
1771 2399 1890 2455 κτί-

230 2509 317 2544 σιν
353 2485 588 2559 δοξάζει,
637 2490 902 2551 θεοποιῶν
956 2484 1013 2542 δὲ
1060 2486 1149 2542 καὶ
1200 2487 1463 2543 υἱοποιῶν
1513 2487 1771 2565 προσάγει
1810 2492 1892 2562 τῷ

227 2575 427 2652 Πατρί.
479 2576 550 2630 Τὸ
601 2571 661 2631 δὲ
702 2573 965 2631 συνάπτον
1014 2579 1093 2648 τῷ
1140 2571 1301 2652 Λόγῳ
1348 2578 1449 2647 τὴν
1496 2579 1668 2633 κτίσιν
1701 2577 1800 2633 οὐκ
1829 2575 1889 2632 ἂν

227 2664 323 2735 εἴη
360 2663 493 2720 αὐτὸ
545 2668 651 2720 τῶν
701 2665 1034 2737 κτισμάτων·
1093 2664 1183 2719 καὶ
1240 2665 1304 2719 τὸ
1353 2666 1633 2721 υἱοποιοῦν
1686 2663 1743 2721 δὲ
1792 2667 1888 2737 τήν

222 2753 431 2822 κτίσιν,
466 2751 566 2809 οὐκ
593 2750 653 2807 ἂν
688 2749 774 2824 εἴη
796 2752 951 2823 »ξὲνον
999 2756 1096 2808 τοῦ
1126 2754 1273 2808 Υὶοῦ·
1318 2753 1454 2809 εἶπεὶ
1489 2759 1662 2825 ζητεῖν
1707 2752 1888 2830 ἕτερον

222 2843 443 2919 ἀνάγκη
506 2840 749 2915 Πνεῦμα,
801 2839 893 2896 *ίνα
939 2841 1030 2897 καὶ
1078 2846 1240 2898 τοῦτο
1298 2842 1350 2898 ἐν
1408 2842 1595 2917 ἐκείνῳ
1648 2849 1891 2923 συναφθῇ

221 2937 313 3006 τῷ
345 2932 509 3007 Λόγῳ
540 2933 671 3005 (25).
708 2929 864 2988 Ἀλλ’
910 2932 1110 2987 ἄτοπον
1157 2935 1339 2990 τοῦτο.
1369 2932 1487 2990 Οὐκ
1533 2931 1635 3010 ἄρα
1662 2938 1769 2988 τῶν
1801 2955 1892 3010 γε·

230 3025 423 3092 νητῶν
457 3020 567 3076 ἐστι
598 3021 661 3075 τὸ
694 3017 933 3094 Πνεῦμα,
965 3020 1093 3075 ἀλλ’
1126 3017 1263 3075 ἴδιον
1286 3023 1383 3092 τῆς
1414 3025 1513 3076 τοῦ
1544 3023 1750 3098 [ιατρὸς
1773 3022 1892 3079 θεό-

223 3131 426 3183 τητος,
456 3110 510 3166 ἐν
562 3111 608 3182 ᾧ
657 3108 747 3164 καὶ
795 3110 863 3164 τὰ
905 3109 1104 3186 γενητὰ
1135 3110 1164 3164 6
1214 3110 1387 3186 Λόγος
1436 3112 1696 3167 θεοποιεῖ.
1733 3114 1814 3167 Ἐν
1849 3113 1895 3185 ᾦ

226 3199 296 3256 δὲ
328 3202 663 3255 θεοποιεῖται
693 3201 730 3268 ἡ
762 3198 957 3267 κτίσις,
990 3197 1089 3254 οὐκ
1115 3198 1176 3253 ἂν
1211 3197 1295 3271 εἴη
1322 3198 1474 3262 ἐκτὸς
1503 3200 1635 3257 αὐτὸ
1666 3207 1766 3271 τῆς
1795 3205 1897 3257 τοῦ

228 3289 454 3364 Πατρὸς
487 3283 766 3359 Θεότητος.

1998 709 2213 768 idcirco
2234 711 2498 781 ejusdem
2522 711 2870 765 substantias
2892 713 3020 777 est;
3055 725 3295 767 necesse
3327 714 3416 767 est
3445 711 3654 767 simili-

2000 802 2087 854 ter
2116 798 2397 870 Spiritum
2424 800 2521 872 qui
2548 816 2616 855 ex
2635 799 2749 856 Deo
2763 799 3140 863 essedicitur,
3173 799 3475 873 proprium
3517 817 3659 872 quo-

1997 906 2110 961 que
2135 888 2265 945 Filii
2295 906 2425 946 esse
2450 891 2778 945 secundum
2814 888 3233 947 substantiam.
3259 892 3423 945 Certe
3455 906 3656 961 quem-

1997 979 2320 1049 admodum
2360 980 2641 1034 Dominus
2667 984 2752 1034 est
2781 978 3070 1046 Filius,ita
3099 978 3224 1051 ipse
3247 978 3500 1051 Spiritus
3530 978 3653 1051 spi-

1998 1065 2146 1123 ritus
2168 1066 2501 1139 adoptionis
2523 1066 2716 1122 dictus
2736 1062 2926 1123 est.Ut
2944 1066 3081 1123 item
3109 1067 3288 1123 Filius
3310 1071 3398 1123 est
3417 1068 3652 1140 sapien-

1996 1156 2079 1211 tia
2100 1160 2157 1212 et
2179 1155 2534 1225 veritasﬁsic
2562 1156 2740 1211 etiam
2775 1155 3060 1228 scriptum
3091 1161 3181 1212 est
3209 1155 3493 1228 Spiritum
3525 1172 3653 1211 esse

1996 1244 2268 1317 spiritum
2300 1244 2598 1316 sapientia:
2628 1246 2671 1279 ³⁷
2702 1249 2759 1302 et
2787 1244 3044 1300 veritatis
3074 1245 3327 1301 “.Filius
3356 1249 3446 1302 est
3473 1245 3652 1300 etiam

1995 1332 2183 1389 virtus
2204 1332 2303 1389 Dei
2324 1333 2368 1368 ‘9
2389 1338 2446 1388 et
2467 1331 2753 1389 Dominus
2775 1333 2971 1405 gloria).
2993 1334 3057 1387 ⁸⁸.
3092 1333 3379 1389 Similiter
3405 1332 3653 1406 Spiritus

1998 1421 2214 1477 dicitur
2234 1421 2490 1494 Spiritus
2515 1421 2747 1478 virtutis
2768 1427 2825 1478 et
2845 1421 3101 1494 Spiritus
3123 1422 3416 1495 gloriae,de
3440 1421 3655 1494 quibus

1999 1510 2249 1583 singulis
2281 1510 2365 1566 sic
2394 1509 2659 1582 loquitur
2687 1510 3014 1583 Scriptura,
3051 1527 3261 1584 nempe
3291 1511 3391 1567 ubi
3439 1509 3656 1567 Paulus

1997 1601 2070 1655 ad
2102 1600 2432 1656 Corinthios
2464 1599 2703 1656 scribit:
2734 1622 2762 1653 ‹‹
2790 1600 2850 1655 Si
2881 1600 3037 1655 enim
3071 1602 3656 1671 cognovissent,nun-

1998 1705 2178 1761 quam
2214 1689 2525 1745 Dominum
2557 1688 2752 1760 glorias
2784 1688 3213 1745 cruciﬁxissent
3241 1690 3314 1758 °';
3350 1710 3377 1739 ››
3409 1693 3468 1745 et
3492 1687 3653 1745 alibi:

1998 1776 2176 1834 «Non
2207 1777 2364 1834 enim
2394 1777 2701 1850 accepistis
2733 1777 3007 1853 Spiritum
3039 1775 3337 1834 servitutis
3357 1778 3570 1833 iterum
3593 1778 3651 1832 in

1997 1868 2227 1935 timore,
2259 1868 2360 1924 sed
2401 1866 2708 1940 accepistis
2745 1867 3029 1939 Spiritum
3069 1867 3400 1939 adoptionis
3419 1868 3502 1935 ⁶²;
3534 1888 3562 1917 »
3597 1871 3655 1922 et

1997 1957 2209 2013 iterum
2242 1973 2256 2013 :
2288 1978 2317 2007 «
2350 1955 2506 2013 Misit
2537 1957 2689 2012 Deus
2717 1956 3003 2028 Spiritum
3036 1955 3165 2011 Filii
3186 1954 3276 2011 sui
3294 1956 3352 2011 in
3372 1956 3651 2012 cordave-

1996 2049 2141 2111 stra,
2173 2044 2525 2102 clamantem
2561 2061 2573 2099 :
2608 2045 2795 2113 Abba,
2849 2045 3019 2101 Pater
3063 2045 3128 2100 ⁸³.
3181 2066 3208 2094 ››
3262 2044 3463 2101 Petrus
3510 2044 3649 2099 item

1999 2133 2242 2191 scribit:
2272 2157 2299 2186 «
2322 2134 2380 2189 Si
2403 2134 2839 2207 exprobramini
2862 2133 2919 2190 in
2945 2133 3182 2191 nomine
3203 2132 3439 2201 Christi,
3471 2133 3649 2198 beati,

1999 2222 2280 2296 quoniam
2308 2222 2505 2295 gloriae
2529 2226 2585 2279 et
2605 2222 2839 2279 virtutis
2859 2226 2916 2279 et
2938 2222 3032 2278 Dei
3072 2220 3321 2294 Spiritus
3345 2237 3519 2294 super
3550 2238 3652 2277 vos

2000 2312 2288 2384 requievit
2318 2313 2384 2366 5‘.
2418 2333 2446 2361 ››
2480 2312 2609 2383 Ipse
2640 2317 2835 2369 autem
2869 2310 3156 2368 Dominus
3185 2310 3473 2383 Spiritum
3506 2310 3653 2366 veri~

2001 2398 2141 2454 tatis
2171 2396 2453 2470 Spiritum
2477 2401 2534 2453 et
2556 2398 2918 2455 Paracletum
2951 2414 3082 2455 esse
3111 2403 3310 2471 aperte
3338 2398 3659 2455 testatur“.

2005 2488 2081 2542 Ex
2111 2487 2328 2558 quibus
2360 2490 2520 2559 patet
2552 2487 2868 2560 perfectam
2902 2488 2961 2543 in
2996 2487 3098 2544 illo
3129 2503 3262 2544 esse
3293 2486 3658 2544 Trinitatem.

2000 2576 2153 2633 589
2188 2575 2251 2631 In
2285 2576 2383 2631 illo
2417 2577 2614 2648 itaque
2642 2575 2899 2632 Verbum
2935 2593 3029 2633 res
3074 2581 3300 2633 creatas
3351 2575 3658 2649 gloriﬁcat,

2002 2664 2392 2737 hominesque
2442 2666 2581 2722 deos
2625 2666 2682 2722 et
2736 2666 2889 2723 ﬁlios
2919 2666 3179 2723 efﬁciens
3210 2665 3365 2722 Patri
3398 2666 3656 2722 adducit.

2000 2754 2175 2826 Atqui
2207 2754 2258 2810 is
2290 2753 2389 2826 qui
2422 2770 2511 2809 res
2542 2757 2766 2811 creatas
2796 2771 2933 2810 cum
2960 2754 3148 2810 Verbo
3179 2754 3508 2828 conjungit,
3532 2755 3658 2826 ipse

2002 2848 2155 2900 certe
2186 2859 2278 2899 res
2311 2847 2505 2901 creata
2533 2860 2664 2900 esse
2691 2860 2805 2900 non
2838 2847 3043 2915 potest.
3064 2844 3171 2909 Qui
3203 2844 3341 2900 item
3371 2860 3466 2900 res
3495 2861 3654 2900 crea-

2002 2936 2095 2988 tas
2123 2931 2277 2988 filios
2298 2932 2619 3000 el’ﬁcit,non
2643 2937 2835 3005 potest
2857 2950 2891 2989 a
2913 2932 3054 2989 Filio
3078 2932 3309 2991 alienas
3330 2949 3478 2989 esse.
3502 2933 3654 2989 Alio-

2004 3023 2145 3093 quin
2171 3020 2352 3077 alium
2375 3022 2660 3095 Spiritum
2687 3038 2946 3094 quaerere
2967 3037 3203 3079 necesse
3216 3021 3655 3091 esset,utistein

2005 3110 2102 3166 illo
2133 3128 2268 3167 cum
2290 3111 2480 3166 Verbo
2511 3112 2789 3185 conjungi
2822 3116 3037 3184 posset.
3078 3115 3289 3171 Verum
3338 3111 3397 3166 id
3446 3113 3656 3184 perab-

2005 3202 2253 3257 surdum
2284 3204 2763 3273 est.Quapr0pter
2791 3201 3094 3257 fatendum
3127 3209 3212 3257 est
3242 3218 3357 3257 non
3384 3216 3454 3256 ex
3482 3202 3658 3257 rebus

2008 3292 2176 3349 factis
2205 3307 2334 3347 esse
2363 3290 2776 3361 Spiritum,sed
2803 3291 3127 3347 divinitatis
3147 3290 3336 3347 Patris
3353 3289 3653 3363 proprium

228 3396 396 3444 esse,
430 3378 486 3434 in
521 3395 636 3452 quo
661 3382 719 3435 et
747 3379 940 3451 ipsum
975 3379 1232 3435 Verbum
1263 3395 1355 3436 res
1386 3380 1569 3437 factas
1601 3380 1812 3437 divinae
1842 3385 2063 3438 natura:
2122 3383 2420 3437 consortes
2453 3380 2663 3436 reddit.
2698 3379 2874 3452 Atqui
2906 3384 2955 3436 is
2987 3381 3044 3435 in
3078 3397 3193 3452 quo
3226 3384 3434 3436 natura
3462 3384 3656 3436 creata

224 3468 568 3527 divinitatis
598 3469 665 3523 ﬁt
693 3467 1002 3540 particeps,
1036 3473 1198 3525 extra
1227 3469 1414 3526 Patris
1445 3470 1807 3526 divinitatem
1837 3471 1964 3542 ipse
1993 3485 2123 3527 esse
2149 3485 2265 3524 non
2300 3474 2511 3541 potest.

299 3560 396 3614 26.
430 3558 552 3614 "Ott
586 3553 643 3612 δὲ
682 3557 793 3611 ἄνω
839 3562 938 3626 τῆς
986 3555 1214 3619 κτίσεώς
1261 3554 1370 3612 ἐστι
1418 3557 1480 3613 τὸ
1528 3557 1885 3631 Πνεῦμα,νκαὶ

2070 3562 2159 3615 26.
2194 3559 2481 3615 Οωιεινιιω
2502 3575 2570 3615 ex
2596 3559 2689 3614 his
2721 3575 2952 3632 quoque
2984 3561 3278 3632 percipere
3310 3560 3444 3619 licet
3466 3561 3648 3633 Spiri-

220 3645 378 3703 ἄλλο
412 3646 509 3720 μὲν
541 3646 688 3723 παρὰ
731 3646 829 3714 τὴν
876 3650 985 3700 τῶν
1033 3650 1272 3721 γενητῶν
1319 3646 1498 3725 φύσιν,
1530 3644 1665 3703 ἴδιον
1701 3644 1758 3702 δὲ
1784 3654 1883 3716 τῆς

219 3732 517 3807 θεότητος,
568 3733 734 3805 ἔξεστι
779 3734 869 3790 καὶ
922 3733 981 3790 ἐκ
1021 3735 1217 3790 τούτου
1268 3738 1381 3809 (26)
1429 3735 1591 3792 πάλιν
1626 3734 1880 3792 συνιδεῖν.

216 3828 533 3902 ’Ἃτρεπτον
564 3825 652 3879 καὶ
702 3822 1072 3880 ἀναλλοίωτόν
1124 3823 1235 3880 ἐστι
1265 3826 1328 3880 16
1359 3829 1580 3899 Πνεῦμα
1607 3827 1669 3881 τὸ
1700 3827 1877 3902 ἅγιον·

221 3940 253 3969 ‹‹
286 3919 484 3991 ’Ἁγιον
537 3957 552 3982 ,
607 3911 707 3990 γάρ
784 3934 958 3991 φησι,
1018 3918 1239 3987 Πνεῦμα
1313 3912 1561 3976 παιδείας
1639 3913 1880 3992 φεύξεται

217 4003 423 4073 δόλον,
452 4003 543 4058 καὶ
576 4002 1005 4073 ἆπαναστήσεται
1051 4003 1157 4058 ἀπὸ
1213 4001 1489 4079 λογισμῶν
1522 4002 1813 4058 ἀσυνέτων.
1850 4028 1903 4079 »ι

218 4092 332 4149 Καὶ
364 4093 393 4147 6
431 4091 525 4166 μὶν
557 4090 758 4167 Πέτρος
787 4090 964 4168 φησίν·
1004 4115 1026 4143 ι
1063 4092 1148 4147 Ἐν
1168 4095 1246 4163 τῷ
1272 4090 1528 4169 ἄφθάρτῳ
1555 4096 1652 4146 τοῦ
1682 4091 1881 4163 πραὲος

214 4182 320 4239 καὶ
352 4180 590 4257 ἡσυχίου
622 4182 733 4255 (27)
760 4180 1094 4254 Πνεόματος·
1129 4203 1158 4231 ››
1188 4180 1277 4235 καὶ
1300 4178 1464 4234 πάλιν
1497 4183 1548 4235 ἐν
1580 4185 1647 4255 τῇ
1682 4180 1875 4259 Σοφίᾳ·

231 4298 258 4327 ι
293 4272 371 4328 T6
401 4271 507 4347 γὰρ
533 4268 800 4349 ἅφθαρτόν
832 4290 928 4325 σου
978 4269 1196 4343 Πνεῦμά
1242 4269 1384 4325 ἐστιν
1437 4269 1489 4324 ἐν
1537 4275 1687 4325 πᾶσι·
1730 4295 1757 4323 ››
1789 4270 1877 4325 καὶ

308 4399 357 4434 ⁸⁸
388 4397 411 4453 I
440 4400 567 4453 Cor.
600 4412 662 4462 ιι,
695 4395 781 4451 12.
857 4395 902 4431 ⁵⁷
932 4397 1040 4452 lsa.
1072 4413 1154 4460 ιιι,
1185 4396 1239 4451 2.
1353 4395 1397 4430 ⁸⁸
1425 4396 1588 4451 Joau.
1620 4412 1714 4467 xv,
1745 4396 1834 4452 26.

224 4487 364 4537 vm,
397 4470 488 4526 15.
560 4468 607 4504 ⁸³
633 4467 820 4525 Galat.
855 4484 930 4538 Iv,
960 4470 1015 4523 6.
1126 4467 1173 4503 “
1201 4473 1224 4522 l
1250 4470 1400 4523 Petr.
1435 4484 1509 4539 ιν,
1544 4469 1628 4523 14.

226 4560 344 4611 ιιι,
378 4542 432 4597 1.

1947 4397 1993 4432 ⁸⁸
2023 4397 2044 4452 Ι
2074 4398 2202 4453 Cor.
2236 4414 2274 4464 ι,
2308 4396 2400 4451 2-1.

1739 4469 1785 4504 ⁸⁵
1812 4469 1977 4524 Joan.
2009 4485 2123 4540 ιιν,
2155 4471 2241 4525 16.

1996 3653 2121 3704 tum
2158 3649 2332 3705 rebus
2367 3648 2581 3703 creatis
2627 3648 2986 3720 superiorem
3041 3649 3341 3722 aliumque
3393 3667 3427 3706 a
3472 3652 3647 3707 rebus

1993 3739 2161 3794 factis
2193 3738 2578 3809 esse.Nempe
2611 3737 2998 3794 immulabilis
3030 3742 3086 3794 et
3114 3738 3408 3795 varietatis
3438 3756 3644 3811 expers

1990 3832 2079 3883 est
2125 3827 2377 3899 Spiritus
2421 3832 2708 3883 sanctus:
2746 3826 3059 3900 «Spiritus
3109 3833 3370 3897 sanctus,
3421 3829 3635 3900 inquit,

1989 3916 2314 3988 disciplina:
2347 3916 2527 3988 fugiet
2559 3915 2845 3984 dolum,et
2867 3918 3091 3972 auferet
3112 3933 3175 3972 se
3205 3935 3238 3973 a
3267 3916 3638 3990 cogitationi-

1988 4005 2101 4060 bus
2133 4022 2258 4076 qum
2291 4009 2431 4060 sunt
2461 4004 2588 4060 sine
2617 4004 2910 4060 intellectu
2942 4006 3006 4061 ⁸⁸.
3045 4028 3072 4055 ››
3104 4006 3172 4060 Et
3198 4006 3400 4061 Petrus
3433 4005 3639 4061 aitzuln

1986 4093 2543 4166 incorruptibilitate
2574 4093 2754 4165 quieti
2787 4098 2843 4148 et
2874 4094 3124 4150 modesti
3155 4092 3405 4166 Spiritus
3434 4096 3542 4150 ⁸⁷.»
3576 4096 3650 4150 Et

1988 4184 2202 4240 iterum
2230 4183 2289 4238 in
2319 4182 2617 4255 Sapientia
2649 4182 2864 4254 legitur
2894 4199 2907 4237 :
2945 4208 2972 4233 ‹‹
3008 4184 3171 4239 Tuus
3201 4183 3357 4240 enim
3392 4184 3654 4244 incorru-

1990 4278 2128 4345 ptus
2158 4271 2413 4345 Spiritus
2445 4275 2536 4328 est
2566 4271 2624 4326 in
2657 4272 2934 4328 omnibus
2964 4272 3029 4327 ⁸⁸.
3063 4295 3092 4322 ››
3126 4273 3270 4328 Item
3302 4272 3352 4329 si
3403 4296 3431 4325 «
3480 4290 3653 4331 nemo

2513 4395 2558 4431 ⁶⁰
2592 4399 2615 4449 Ι
2645 4396 2770 4450 Cor.
2808 4412 2865 4457 ιι.
2897 4396 2950 4451 8.

2353 4469 2398 4506 ⁶⁶
2426 4468 2561 4540 Sap.
2595 4484 2634 4537 ι,
2665 4469 2720 4523 5.

3064 4397 3107 4432 ⁶¹
3142 4396 3290 4455 ibid.

2822 4468 2878 4502 "7
2912 4468 2934 4523 Ι
2965 4468 3111 4524 Petr.
3150 4486 3235 4538 ιιι,
3271 4470 3324 4526 4.

3410 4399 3457 4435 ⁶²
3486 4399 3629 4457 Rom
3645 4442 3657 4456 .

3437 4472 3481 4506 σε
3511 4472 3648 4545 Sap.

314 4672 575 4756 (21)Siq
609 4671 826 4756 Regius
882 4670 1298 4756 primushSeg.
1330 4669 1497 4756 Gem.
1545 4675 1603 4727 et
1650 4671 1895 4729 Felckm.

2019 4670 2472 4756 tobpn_.'legitur
2500 4667 2842 4741 συνδοξάζον.
2877 4671 3015 4747 Reg.
3048 4676 3104 4742 2,
3153 4676 3429 4733 mendose
3486 4677 3662 4734 habet

234 4740 506 4823 primus.
536 4740 735 4823 Caetera
764 4746 822 4799 et
845 4740 987 4823 editi
1009 4740 1071 4796 τό
1090 4740 1407 4823 abjiciunt.

326 4818 443 4890 (22)
466 4817 538 4890 _In
565 4814 1128 4890 editioneCommel.
1162 4809 1219 4871 et
1248 4815 1497 4871 Felckm.
1532 4814 1589 4885 2,
1615 4830 1721 4887 pro
1753 4809 1911 4868 δυνά-

224 4887 430 4964 μεως,
465 4887 680 4964 legitur
710 4889 864 4941 Θεοῦ.

302 4963 446 5043 ,(23)
478 4959 638 5041 Regii
693 4974 844 5043 mss.
868 4960 942 5043 ξι
982 4960 1134 5043 Sequ

1167 4956 1351 5029 ἡμῶν,
1388 4956 1565 5029 Paulo
1626 4961 1756 5029 post
1807 4960 1915 5029 Bg.-

2020 4739 2355 4813 συνδοξάζωῖι
2366 4785 2378 4798 .

2233 4814 2558 4892 itegius2,
2592 4814 2924 4892 Qttobonq“
2946 4815 3001 4869 ἓν
3039 4817 3309 4892 ,Χριὲστῷ-
3325 4816 3528 4892 συνάψῃ
3566 4820 3666 4892 τῷ

2024 4890 2163 4960 Θεῷ.
2196 4887 2349 4960 Mox
2383 4890 2523 4960 ante
2572 4889 2700 4960 τῐιὶινΔ
2726 4890 2991 4960 γενητῶν,
3021 4887 3244 4960 Anglic.
3270 4887 3523 4945 Felckrh'.
3555 4890 3590 4944 2
3616 4887 3674 4945 et

2025 4953 2165 5034 editi
2195 4953 2250 5012 ἓν
2285 4958 2509 5034 addunt
2537 4953 2780 5034 gRegiu's
2808 4953 2852 5014 2’
2875 4953 3005 5031 post
3032 4953 3299 5034 γειῖητᾶιν.
3334 4962 3511 5017 Paulo
3545 4966 3676 5032 post

330 5024 400 5088 us
432 5024 681 5120 primus,
701 5031 846 5120 Seg.‘
868 5024 1752 5120 Βεείιξὴὲὺεηιῇςνειδίςεσρεμξ
1771 5035 1828 5084 et
1848 5028 1917 5120 in
2025 5029 2494 5120 hac‘sequen‘tia‘
2519 5024 2735 5120 desunt
2763 5024 2991 5120 initeg.
3021 5024 3075 5120 ξ,
3108 5024 3361 5116 ινειοιξω.
3392 5034 3427 5087 2
3467 5040 3524 5090 et
3545 5024 3674 5088 'edi-

304 5051 400 5088 Ius
432 5051 681 5104 primus,
701 5051 831 5100 Deg.
868 5051 1044 5084 DRBII.
1080 5051 1300 5084 ηᾶυειιι
1330 5051 1653 5096 ονειοιῳεσυε
1681 5051 1744 5083 ur.
1771 5051 1828 5084 81.
1857 5051 1917 5083 111

250 5051 463 5159 ἓνδιεο
492 5103 800 5173 Scriptura:
831 5105 992 5173 tegtu
1013 5100 1255 5173 legitur.
1291 5101 1440 5173 Editi
1471 5107 1525 5158 et
1574 5100 1694 5167 alii,
1729 5095 1921 5173 ὀνειδιο

260 5173 497 5247 ζομεθα.
534 5167 691 5247 lbid._
716 5178 847 5247 post
897 5167 1199 5247 δυνάμεως,
1233 5172 1453 5247 Regius
1509 5173 1754 5247 primus,
1787 5172 1916 5247 Seg.

2026 5102 2122 5166 tis,
2156 5100 2208 5154 ἓν
2243 5098 2288 5172 ᾧ
2318 5099 2408 5155 καὶ
2437 5098 2504 5154 τὰ
2532 5101 2733 5174 γενητᾶ
2764 5101 2791 5155 ὁ
2826 5098 3001 5174 Λόγῦς
3030 5098 3289 5157 θεοποιεῖ.

2102 5174 2214 5246 (26)
2244 5174 2339 5229 Sic
2371 5172 2587 5246 Regius
2615 5172 2859 5246 primus,
2891 5172 3021 5243 Seg.
3068 5174 3391 5246 Basilicus,
3425 5175 3590 5233 Gobl.
3624 5180 3682 5231 et

260 5242 495 5303 addunt
521 5244 613 5299 καὶ
643 5243 704 5298 τὸ
719 5242 820 5298 τοῦ
851 5246 1009 5315 Θεοῦ,
1038 5242 1169 5315 φασι
1198 5242 1386 5315 verba,
1404 5244 1475 5299 ab
1509 5242 1640 5315 aliis
1670 5248 1729 5299 et
1747 5244 1884 5299 editi

2030 5242 2283 5299 Felckm.
2319 5242 2567 5315 primus.
2602 5242 2708 5299 Alii
2739 5261 2871 5299 vero
2902 5242 3149 5315 et’editi,
3181 5244 3238 5298 ὲκ
3265 5242 3495 5304 τούτων.
3529 5253 3682 5304 Pau-

263 5320 512 5375 absunt.
546 5318 690 5373 Item
723 5317 902 5373 iidem
935 5313 1078 5370 ibid.
1112 5314 1335 5371 habent
1367 5313 1526 5385 ὑμᾶς·
1546 5314 1647 5371 alii
1677 5320 1734 5372 et
1759 5315 1919 5370 editi'

263 5392 447 5462 ἡμᾶς.

360 5410 424 5449 αξ

345 5462 454 5529 (24)
484 5460 579 5516 Sic
608 5462 750 5531 Reg.
784 5459 809 5513 1
844 5457 992 5531 eti2,
1018 5456 1149 5527 Seg.
1181 5453 1409 5531 Anglic.
1456 5455 1634 5531 Basil.
1670 5455 1834 5531 Gobl.
1871 5460 1929 5531 et

274 5526 531 5590 Felckrn.
567 5526 997 5601 primus.‘Editi
1027 5526 1165 5601 vero
1194 5539 1245 5584 et
1274 5526 1373 5583 alii
1406 5529 1693 5601 omittunt
1723 5526 1774 5582 ὲν
1801 5526 1927 5601 τοῦ·

270 5624 372 5677 τῳ.
411 5605 538 5677 Mox
563 5595 702 5677 Reg.
732 5605 791 5672 2,
812 5595 1084 5677 δοξάζων..
1109 5600 1356 5677 Ider_n_et
1379 5604 1504 5672 Seg.
1527 5596 1583 5677 δέ
1614 5617 1739 5672 seq.
1759 5600 1930 5677 omit-

275 5670 437 5732 tunt.
473 5670 907 5744 BasilfAnglic.
927 5671 1094 5728 Gobl.
1116 5676 1174 5744 et
1208 5670 1714 5744 F_elckm.pri_mus
1734 5671 1818 5728 sic
1835 5672 1933 5727 ha-

278 5748 421 5806 bent
450 5763 465 5802 :
499 5744 712 5817 δοξάζει
744 5738 1043 5817 θῖοποιῶν·
1069 5741 1162 5797 καὶ
1213 5738 1492 5817 υἱοποιῶν’
1634 5743 1928 5817 θίοηιὶῄό.

278 5836 387 5897 pro
441 5814 732 5889 συνάπτον,
763 5818 824 5874 in
879 5814 1103 5889 Anglic.
1138 5818 1280 5889 Reg.
1312 5814 1337 5872 4
1374 5819 1432 5871 et
1459 5814 1713 5871 Felckm.
1744 5816 1799 5887 2,
1832 5815 1930 5873 Ot-

2034 5315 2088 5370 lo
2125 5321 2267 5389 post
2286 5316 2462 5371 iidem
2486 5332 2641 5389 ‘mss.
2665 5316 2877 5386 Regius
2908 5317 3154 5387 primus,
3176 5318 3305 5389 Seg.
3326 5320 3495 5377 Basil.
3512 5319 3678 5375 Gobl.

2034 5392 2093 5462 et
2118 5386 2376 5462 _Felckm.
2413 5386 2749 5462 primus_,_u_t
2780 5393 2837 5441 et
2866 5386 3102 5462 Graecus
3132 5386 3440 5462 Scriptura:
3464 5397 3679 5458 textus,

2034 5459 2278 5533 habent,
2312 5455 2582 5533 παιδείας.
2616 5456 2814 5533 Aliiet
2842 5459 3006 5533 editi,
3042 5459 3253 5533 σοφίας.

2109 5530 2221 5600 (27)
2243 5531 2486 5602 Anglic.
2522 5529 2696 5602 Basil.
2728 5530 2867 5602 Reg.
2899 5532 2954 5599 2,
3008 5529 3262 5588 Felekm.
3321 5534 3376 5602 2,
3433 5536 3489 5588 et
3545 5530 3687 5588 editi

2038 5599 2160 5676 hic_
2187 5599 2415 5656 addunt
2465 5600 2555 5654 καὶ
2607 5599 2849 5676 ᾑσυχίῳθ,
2882 5604 3062 5676 quod
3091 5604 3163 5659 ab
3189 5604 3338 5676 (aliis
3361 5599 3427 5659 'et
3456 5608 3586 5676 Seg.
3622 5620 3687 5659 ac

2039 5670 2355 5746 Scriptum
2388 5678 2549 5746 textu
2579 5670 2934 5746 abrs't';‘seq'.
2968 5670 3133 5728 πάλιν
3166 5675 3330 5732 deest
3357 5676 3415 5731 in
3450 5670 3689 5734 Gobl.et

2044 5743 2301 5800 Felckm.
2336 5745 2546 5818 primo.
