  <div class='ocr_page' id='page_1' title='image "/cluster/home/n/w/nwhite01/storage/ocr_20150623/26/hvd.32044019208479/366.png"; bbox 0 0 4076 6370; ppageno 0'>
   <div class='ocr_carea' id='block_1_1' title="bbox 275 484 399 544">
    <p class='ocr_par' dir='ltr' id='par_1_1' title="bbox 275 484 399 544">
     <span class='ocr_line' id='line_1_1' title="bbox 275 484 399 544; baseline -0.008 0"><span class='ocrx_word' id='word_1_1' title='bbox 275 484 399 544; x_wconf 76' lang='grc'><strong>593</strong></span> 
     </span>
    </p>
   </div>
   <div class='ocr_carea' id='block_1_2' title="bbox 1422 448 2598 543">
    <p class='ocr_par' dir='ltr' id='par_1_2' title="bbox 1422 448 2598 543">
     <span class='ocr_line' id='line_1_2' title="bbox 1422 448 2598 543; baseline -0.001 0"><span class='ocrx_word' id='word_1_2' title='bbox 1422 482 1802 543; x_wconf 73' lang='grc' dir='ltr'><strong>ΕυΙΞἸῸῘιΑ</strong></span> <span class='ocrx_word' id='word_1_3' title='bbox 1850 483 1872 541; x_wconf 92' lang='lat'><strong>1</strong></span> <span class='ocrx_word' id='word_1_4' title='bbox 1916 481 2017 542; x_wconf 86' lang='lat' dir='ltr'><strong>AD</strong></span> <span class='ocrx_word' id='word_1_5' title='bbox 2066 448 2598 542; x_wconf 78' lang='lat' dir='ltr'><strong>SERAPIONEM.</strong></span> 
     </span>
    </p>
   </div>
   <div class='ocr_carea' id='block_1_3' title="bbox 3582 480 3700 539">
    <p class='ocr_par' dir='ltr' id='par_1_3' title="bbox 3582 480 3700 539">
     <span class='ocr_line' id='line_1_3' title="bbox 3582 480 3700 539; baseline 0 -1"><span class='ocrx_word' id='word_1_6' title='bbox 3582 480 3700 539; x_wconf 72' lang='grc'><strong>594</strong></span> 
     </span>
    </p>
   </div>
   <div class='ocr_carea' id='block_1_4' title="bbox 279 612 1921 691">
    <p class='ocr_par' dir='ltr' id='par_1_4' title="bbox 279 613 1921 691">
     <span class='ocr_line' id='line_1_4' title="bbox 279 613 1921 691; baseline -0.001 -21"><span class='ocrx_word' id='word_1_7' title='bbox 279 614 482 687; x_wconf 76' lang='grc' dir='ltr'>τούτῳ,</span> <span class='ocrx_word' id='word_1_8' title='bbox 530 615 619 671; x_wconf 81' lang='grc' dir='ltr'><strong>καὶ</strong></span> <span class='ocrx_word' id='word_1_9' title='bbox 668 615 793 672; x_wconf 85' lang='grc' dir='ltr'>ἔνθα</span> <span class='ocrx_word' id='word_1_10' title='bbox 832 615 1288 686; x_wconf 73' lang='grc' dir='ltr'><strong>ἀποστέλλονται,</strong></span> <span class='ocrx_word' id='word_1_11' title='bbox 1334 615 1446 670; x_wconf 81' lang='grc' dir='ltr'>ἐκεῖ</span> <span class='ocrx_word' id='word_1_12' title='bbox 1488 615 1733 691; x_wconf 83' lang='grc' dir='ltr'><strong>πάρεισιν</strong></span> <span class='ocrx_word' id='word_1_13' title='bbox 1773 633 1783 645; x_wconf 91' lang='grc'><strong>·</strong></span> <span class='ocrx_word' id='word_1_14' title='bbox 1835 613 1921 669; x_wconf 67' lang='grc' dir='ltr'><strong>οὐ)</strong></span> 
     </span>
    </p>
   </div>
   <div class='ocr_carea' id='block_1_5' title="bbox 2035 612 3696 691">
    <p class='ocr_par' dir='ltr' id='par_1_5' title="bbox 2050 612 3696 688">
     <span class='ocr_line' id='line_1_5' title="bbox 2050 612 3696 688; baseline -0.003 -17"><span class='ocrx_word' id='word_1_15' title='bbox 2050 615 2269 671; x_wconf 89' lang='lat' dir='ltr'><strong>adsunt</strong></span> <span class='ocrx_word' id='word_1_16' title='bbox 2289 631 2406 686; x_wconf 89' lang='lat' dir='ltr'><strong>quo</strong></span> <span class='ocrx_word' id='word_1_17' title='bbox 2427 615 2747 671; x_wconf 87' lang='lat' dir='ltr'><strong>mittuntur</strong></span> <span class='ocrx_word' id='word_1_18' title='bbox 2769 631 2784 673; x_wconf 85' lang='lat'><strong>:</strong></span> <span class='ocrx_word' id='word_1_19' title='bbox 2805 615 3052 671; x_wconf 89' lang='lat' dir='ltr'><strong>dubium</strong></span> <span class='ocrx_word' id='word_1_20' title='bbox 3070 615 3271 688; x_wconf 84' lang='lat' dir='ltr'><strong>utique</strong></span> <span class='ocrx_word' id='word_1_21' title='bbox 3291 629 3407 669; x_wconf 87' lang='lat' dir='ltr'><strong>non</strong></span> <span class='ocrx_word' id='word_1_22' title='bbox 3441 612 3696 685; x_wconf 86' lang='lat' dir='ltr'><strong>est,quin</strong></span> 
     </span>
    </p>
   </div>
   <div class='ocr_carea' id='block_1_6' title="bbox 281 699 1931 783">
    <p class='ocr_par' dir='ltr' id='par_1_6' title="bbox 281 699 1931 783">
     <span class='ocr_line' id='line_1_6' title="bbox 281 699 1931 783; baseline -0.001 -24"><span class='ocrx_word' id='word_1_23' title='bbox 281 699 595 783; x_wconf 74' lang='grc' dir='ltr'>ἀμφίϐολον</span> <span class='ocrx_word' id='word_1_24' title='bbox 629 706 748 772; x_wconf 79' lang='grc' dir='ltr'>οὖν,</span> <span class='ocrx_word' id='word_1_25' title='bbox 780 706 862 760; x_wconf 85' lang='grc' dir='ltr'><strong>ὅτι</strong></span> <span class='ocrx_word' id='word_1_26' title='bbox 893 703 1018 760; x_wconf 65' lang='grc' dir='ltr'>οὔτε</span> <span class='ocrx_word' id='word_1_27' title='bbox 1043 710 1151 760; x_wconf 92' lang='grc' dir='ltr'><strong>τῶν</strong></span> <span class='ocrx_word' id='word_1_28' title='bbox 1200 706 1466 780; x_wconf 79' lang='grc' dir='ltr'><strong>γενητῶν,</strong></span> <span class='ocrx_word' id='word_1_29' title='bbox 1500 701 1622 761; x_wconf 71' lang='grc' dir='ltr'>οὕτε</span> <span class='ocrx_word' id='word_1_30' title='bbox 1653 705 1802 765; x_wconf 79' lang='grc' dir='ltr'>ὅλως</span> <span class='ocrx_word' id='word_1_31' title='bbox 1834 703 1931 779; x_wconf 84' lang='grc' dir='ltr'><strong>ἆγ-</strong></span> 
     </span>
    </p>
   </div>
   <div class='ocr_carea' id='block_1_7' title="bbox 278 792 1932 871">
    <p class='ocr_par' dir='ltr' id='par_1_7' title="bbox 278 792 1932 871">
     <span class='ocr_line' id='line_1_7' title="bbox 278 792 1932 871; baseline 0 -22"><span class='ocrx_word' id='word_1_32' title='bbox 278 794 442 869; x_wconf 82' lang='grc' dir='ltr'>γελός</span> <span class='ocrx_word' id='word_1_33' title='bbox 474 793 639 863; x_wconf 80' lang='grc' dir='ltr'>ἐστιν,</span> <span class='ocrx_word' id='word_1_34' title='bbox 682 795 759 857; x_wconf 86' lang='grc' dir='ltr'>ὠς</span> <span class='ocrx_word' id='word_1_35' title='bbox 807 795 962 867; x_wconf 80' lang='grc' dir='ltr'>ὑμεῖς</span> <span class='ocrx_word' id='word_1_36' title='bbox 1011 794 1212 871; x_wconf 74' lang='grc' dir='ltr'>λέγετε,</span> <span class='ocrx_word' id='word_1_37' title='bbox 1242 795 1305 849; x_wconf 89' lang='grc' dir='ltr'>τὸ</span> <span class='ocrx_word' id='word_1_38' title='bbox 1355 797 1593 867; x_wconf 78' lang='grc' dir='ltr'><strong>Πνεῦμα,</strong></span> <span class='ocrx_word' id='word_1_39' title='bbox 1644 792 1771 849; x_wconf 78' lang='grc' dir='ltr'>ἀλλ’</span> <span class='ocrx_word' id='word_1_40' title='bbox 1821 793 1932 849; x_wconf 76' lang='grc' dir='ltr'><strong>ἄνω</strong></span> 
     </span>
    </p>
   </div>
   <div class='ocr_carea' id='block_1_8' title="bbox 279 882 1228 961">
    <p class='ocr_par' dir='ltr' id='par_1_8' title="bbox 279 882 1228 961">
     <span class='ocr_line' id='line_1_8' title="bbox 279 882 1228 961; baseline 0.005 -24"><span class='ocrx_word' id='word_1_41' title='bbox 279 888 381 953; x_wconf 85' lang='grc' dir='ltr'><strong>τῆς</strong></span> <span class='ocrx_word' id='word_1_42' title='bbox 410 887 519 938; x_wconf 88' lang='grc' dir='ltr'><strong>τῶν</strong></span> <span class='ocrx_word' id='word_1_43' title='bbox 550 882 801 959; x_wconf 76' lang='grc' dir='ltr'>ἀγγέλων</span> <span class='ocrx_word' id='word_1_44' title='bbox 829 883 1040 961; x_wconf 77' lang='grc' dir='ltr'>φύσεώς</span> <span class='ocrx_word' id='word_1_45' title='bbox 1064 882 1228 942; x_wconf 79' lang='grc' dir='ltr'>ἐστιν.</span> 
     </span>
    </p>
   </div>
   <div class='ocr_carea' id='block_1_9' title="bbox 360 969 1933 1051">
    <p class='ocr_par' dir='ltr' id='par_1_9' title="bbox 360 969 1933 1051">
     <span class='ocr_line' id='line_1_9' title="bbox 360 969 1933 1051; baseline -0.003 -22"><span class='ocrx_word' id='word_1_46' title='bbox 360 975 451 1030; x_wconf 81' lang='grc'><strong>27.</strong></span> <span class='ocrx_word' id='word_1_47' title='bbox 484 974 656 1031; x_wconf 81' lang='grc' dir='ltr'>Πάλιν</span> <span class='ocrx_word' id='word_1_48' title='bbox 686 974 786 1051; x_wconf 73' lang='grc' dir='ltr'><strong>γὰρ</strong></span> <span class='ocrx_word' id='word_1_49' title='bbox 817 974 908 1028; x_wconf 82' lang='grc' dir='ltr'><strong>καὶ</strong></span> <span class='ocrx_word' id='word_1_50' title='bbox 942 973 1002 1029; x_wconf 77' lang='grc' dir='ltr'>ἐκ</span> <span class='ocrx_word' id='word_1_51' title='bbox 1028 971 1236 1027; x_wconf 72' lang='grc' dir='ltr'>τούτων</span> <span class='ocrx_word' id='word_1_52' title='bbox 1269 970 1328 1026; x_wconf 78' lang='grc' dir='ltr'><strong>ἄν</strong></span> <span class='ocrx_word' id='word_1_53' title='bbox 1359 992 1441 1035; x_wconf 91' lang='grc' dir='ltr'><strong>τις</strong></span> <span class='ocrx_word' id='word_1_54' title='bbox 1474 969 1584 1026; x_wconf 83' lang='grc' dir='ltr'>ἷ¹δοι</span> <span class='ocrx_word' id='word_1_55' title='bbox 1621 972 1682 1026; x_wconf 89' lang='grc' dir='ltr'>τὸ</span> <span class='ocrx_word' id='word_1_56' title='bbox 1715 974 1933 1043; x_wconf 81' lang='grc' dir='ltr'>Πνεῦμα</span> 
     </span>
    </p>
   </div>
   <div class='ocr_carea' id='block_1_10' title="bbox 280 1057 1932 1141">
    <p class='ocr_par' dir='ltr' id='par_1_10' title="bbox 280 1057 1932 1141">
     <span class='ocr_line' id='line_1_10' title="bbox 280 1057 1932 1141; baseline -0.005 -18"><span class='ocrx_word' id='word_1_57' title='bbox 280 1070 342 1124; x_wconf 85' lang='grc' dir='ltr'>τὸ</span> <span class='ocrx_word' id='word_1_58' title='bbox 374 1068 553 1141; x_wconf 81' lang='grc' dir='ltr'>ἅγιον,</span> <span class='ocrx_word' id='word_1_59' title='bbox 587 1062 662 1125; x_wconf 84' lang='grc' dir='ltr'>ὡς</span> <span class='ocrx_word' id='word_1_60' title='bbox 714 1063 970 1135; x_wconf 82' lang='grc' dir='ltr'>μεθεκτόν</span> <span class='ocrx_word' id='word_1_61' title='bbox 1017 1061 1127 1116; x_wconf 80' lang='grc' dir='ltr'>ἐστι</span> <span class='ocrx_word' id='word_1_62' title='bbox 1173 1061 1263 1115; x_wconf 83' lang='grc' dir='ltr'><strong>καὶ</strong></span> <span class='ocrx_word' id='word_1_63' title='bbox 1312 1060 1373 1115; x_wconf 79' lang='grc' dir='ltr'>οὐ</span> <span class='ocrx_word' id='word_1_64' title='bbox 1427 1059 1656 1135; x_wconf 72' lang='grc' dir='ltr'>μετέχον</span> <span class='ocrx_word' id='word_1_65' title='bbox 1683 1059 1770 1131; x_wconf 74' lang='grc' dir='ltr'><strong>(τὰ</strong></span> <span class='ocrx_word' id='word_1_66' title='bbox 1800 1057 1932 1114; x_wconf 73' lang='grc' dir='ltr'>αὐτὰ</span> 
     </span>
    </p>
   </div>
   <div class='ocr_carea' id='block_1_11' title="bbox 279 1146 1928 1233">
    <p class='ocr_par' dir='ltr' id='par_1_11' title="bbox 279 1146 1928 1233">
     <span class='ocr_line' id='line_1_11' title="bbox 279 1146 1928 1233; baseline 0.007 -28"><span class='ocrx_word' id='word_1_67' title='bbox 279 1157 379 1233; x_wconf 78' lang='grc' dir='ltr'><strong>γὰρ</strong></span> <span class='ocrx_word' id='word_1_68' title='bbox 413 1154 589 1229; x_wconf 69' lang='grc' dir='ltr'>λέγειν</span> <span class='ocrx_word' id='word_1_69' title='bbox 616 1150 715 1207; x_wconf 78' lang='grc' dir='ltr'><strong>οὐκ</strong></span> <span class='ocrx_word' id='word_1_70' title='bbox 742 1150 1044 1223; x_wconf 67' lang='grc' dir='ltr'>ὀκνητέον).</span> <span class='ocrx_word' id='word_1_71' title='bbox 1073 1173 1102 1201; x_wconf 81' lang='grc' dir='ltr'>ι(</span> <span class='ocrx_word' id='word_1_72' title='bbox 1124 1146 1411 1207; x_wconf 81' lang='grc' dir='ltr'>’Λδόνατον</span> <span class='ocrx_word' id='word_1_73' title='bbox 1442 1148 1567 1224; x_wconf 77' lang='grc' dir='ltr'>γὰρ,</span> <span class='ocrx_word' id='word_1_74' title='bbox 1586 1172 1613 1200; x_wconf 69' lang='grc' dir='ltr'><strong>υ</strong></span> <span class='ocrx_word' id='word_1_75' title='bbox 1638 1146 1770 1225; x_wconf 75' lang='grc' dir='ltr'>φησὶ</span> <span class='ocrx_word' id='word_1_76' title='bbox 1792 1149 1928 1220; x_wconf 70' lang='grc'>(35),</span> 
     </span>
    </p>
   </div>
   <div class='ocr_carea' id='block_1_12' title="bbox 280 1233 1931 1320">
    <p class='ocr_par' dir='ltr' id='par_1_12' title="bbox 280 1233 1931 1320">
     <span class='ocr_line' id='line_1_12' title="bbox 280 1233 1931 1320; baseline -0.007 -20"><span class='ocrx_word' id='word_1_77' title='bbox 280 1271 309 1300; x_wconf 79' lang='grc' dir='ltr'><strong>α</strong></span> <span class='ocrx_word' id='word_1_78' title='bbox 342 1243 469 1307; x_wconf 73' lang='grc' dir='ltr'>τοὺς</span> <span class='ocrx_word' id='word_1_79' title='bbox 496 1241 633 1312; x_wconf 80' lang='grc' dir='ltr'>ἅπαξ</span> <span class='ocrx_word' id='word_1_80' title='bbox 665 1240 1049 1320; x_wconf 67' lang='grc' dir='ltr'><strong>φωτισθέντας,</strong></span> <span class='ocrx_word' id='word_1_81' title='bbox 1081 1236 1441 1315; x_wconf 74' lang='grc' dir='ltr'>γευσαμένους</span> <span class='ocrx_word' id='word_1_82' title='bbox 1478 1258 1537 1292; x_wconf 90' lang='grc' dir='ltr'><strong>τε</strong></span> <span class='ocrx_word' id='word_1_83' title='bbox 1577 1240 1677 1302; x_wconf 80' lang='grc' dir='ltr'><strong>τῆς</strong></span> <span class='ocrx_word' id='word_1_84' title='bbox 1726 1233 1931 1308; x_wconf 83' lang='grc' dir='ltr'>δωρεᾶς</span> 
     </span>
    </p>
   </div>
   <div class='ocr_carea' id='block_1_13' title="bbox 207 1325 1928 1406">
    <p class='ocr_par' dir='ltr' id='par_1_13' title="bbox 207 1325 1928 1406">
     <span class='ocr_line' id='line_1_13' title="bbox 207 1325 1928 1406; baseline -0.008 -15"><span class='ocrx_word' id='word_1_85' title='bbox 207 1403 211 1406; x_wconf 19' lang='grc' dir='ltr'>ν</span> <span class='ocrx_word' id='word_1_86' title='bbox 276 1342 376 1405; x_wconf 78' lang='grc' dir='ltr'><strong>τῆς</strong></span> <span class='ocrx_word' id='word_1_87' title='bbox 409 1329 755 1406; x_wconf 78' lang='grc' dir='ltr'>ἐπουρανίου,</span> <span class='ocrx_word' id='word_1_88' title='bbox 787 1328 879 1384; x_wconf 84' lang='grc' dir='ltr'><strong>καὶ</strong></span> <span class='ocrx_word' id='word_1_89' title='bbox 914 1329 1187 1403; x_wconf 81' lang='grc' dir='ltr'>μετόχους</span> <span class='ocrx_word' id='word_1_90' title='bbox 1232 1326 1543 1400; x_wconf 82' lang='grc' dir='ltr'>Πνεύματος</span> <span class='ocrx_word' id='word_1_91' title='bbox 1593 1325 1746 1402; x_wconf 76' lang='grc' dir='ltr'>ἁγίου</span> <span class='ocrx_word' id='word_1_92' title='bbox 1775 1345 1928 1399; x_wconf 67' lang='grc' dir='ltr'>γενος</span> 
     </span>
    </p>
   </div>
   <div class='ocr_carea' id='block_1_14' title="bbox 283 1414 1928 1500">
    <p class='ocr_par' dir='ltr' id='par_1_14' title="bbox 283 1414 1928 1500">
     <span class='ocr_line' id='line_1_14' title="bbox 283 1414 1928 1500; baseline -0.007 -21"><span class='ocrx_word' id='word_1_93' title='bbox 283 1425 474 1500; x_wconf 69' lang='grc' dir='ltr'>μένους</span> <span class='ocrx_word' id='word_1_94' title='bbox 509 1423 644 1493; x_wconf 81' lang='grc'>(36),</span> <span class='ocrx_word' id='word_1_95' title='bbox 664 1420 756 1475; x_wconf 80' lang='grc' dir='ltr'><strong>καὶ</strong></span> <span class='ocrx_word' id='word_1_96' title='bbox 785 1417 954 1473; x_wconf 85' lang='grc' dir='ltr'>καλὸν</span> <span class='ocrx_word' id='word_1_97' title='bbox 972 1417 1334 1493; x_wconf 68' lang='grc' dir='ltr'>γευσαμένους</span> <span class='ocrx_word' id='word_1_98' title='bbox 1356 1420 1489 1471; x_wconf 89' lang='grc' dir='ltr'>Θεοῦ</span> <span class='ocrx_word' id='word_1_99' title='bbox 1512 1414 1683 1491; x_wconf 73' lang='grc' dir='ltr'>ῥῆμα,</span> <span class='ocrx_word' id='word_1_100' title='bbox 1704 1438 1731 1465; x_wconf 81' lang='grc'><strong>››</strong></span> <span class='ocrx_word' id='word_1_101' title='bbox 1753 1414 1928 1470; x_wconf 79' lang='grc' dir='ltr'>καὶτὰ</span> 
     </span>
    </p>
   </div>
   <div class='ocr_carea' id='block_1_15' title="bbox 278 1501 1928 1584">
    <p class='ocr_par' dir='ltr' id='par_1_15' title="bbox 278 1501 1928 1584">
     <span class='ocr_line' id='line_1_15' title="bbox 278 1501 1928 1584; baseline -0.005 -17"><span class='ocrx_word' id='word_1_102' title='bbox 278 1513 425 1584; x_wconf 69' lang='grc' dir='ltr'>ἑξῆς.</span> <span class='ocrx_word' id='word_1_103' title='bbox 452 1512 517 1566; x_wconf 83' lang='lat' dir='ltr'><strong>O&#39;t</strong></span> <span class='ocrx_word' id='word_1_104' title='bbox 549 1507 608 1565; x_wconf 76' lang='grc' dir='ltr'>δὲ</span> <span class='ocrx_word' id='word_1_105' title='bbox 636 1506 886 1583; x_wconf 78' lang='grc' dir='ltr'>ἄγγελοι,</span> <span class='ocrx_word' id='word_1_106' title='bbox 920 1507 1011 1561; x_wconf 80' lang='grc' dir='ltr'><strong>καὶ</strong></span> <span class='ocrx_word' id='word_1_107' title='bbox 1039 1505 1106 1561; x_wconf 80' lang='grc' dir='ltr'><strong>τὰ</strong></span> <span class='ocrx_word' id='word_1_108' title='bbox 1136 1504 1280 1560; x_wconf 74' lang='grc' dir='ltr'>ἄλλα</span> <span class='ocrx_word' id='word_1_109' title='bbox 1307 1505 1575 1577; x_wconf 82' lang='grc' dir='ltr'>κτίσματα</span> <span class='ocrx_word' id='word_1_110' title='bbox 1629 1501 1928 1579; x_wconf 69' lang='grc' dir='ltr'>μετέχοντά</span> 
     </span>
    </p>
   </div>
   <div class='ocr_carea' id='block_1_16' title="bbox 278 1591 1923 1668">
    <p class='ocr_par' dir='ltr' id='par_1_16' title="bbox 278 1591 1923 1668">
     <span class='ocr_line' id='line_1_16' title="bbox 278 1591 1923 1668; baseline -0.007 -11"><span class='ocrx_word' id='word_1_111' title='bbox 278 1603 419 1657; x_wconf 79' lang='grc' dir='ltr'>ἐστιν</span> <span class='ocrx_word' id='word_1_112' title='bbox 452 1601 620 1656; x_wconf 81' lang='grc' dir='ltr'>αὐτοῦ</span> <span class='ocrx_word' id='word_1_113' title='bbox 664 1601 763 1652; x_wconf 87' lang='grc' dir='ltr'><strong>τοῦ</strong></span> <span class='ocrx_word' id='word_1_114' title='bbox 811 1595 1143 1668; x_wconf 81' lang='grc' dir='ltr'>Πνεύματος·</span> <span class='ocrx_word' id='word_1_115' title='bbox 1178 1591 1267 1649; x_wconf 78' lang='grc' dir='ltr'>διὰ</span> <span class='ocrx_word' id='word_1_116' title='bbox 1292 1598 1454 1649; x_wconf 88' lang='grc' dir='ltr'>τοῦτο</span> <span class='ocrx_word' id='word_1_117' title='bbox 1497 1593 1600 1668; x_wconf 72' lang='grc' dir='ltr'><strong>γάρ</strong></span> <span class='ocrx_word' id='word_1_118' title='bbox 1631 1596 1797 1648; x_wconf 88' lang='grc' dir='ltr'>ταῦτα</span> <span class='ocrx_word' id='word_1_119' title='bbox 1830 1593 1923 1665; x_wconf 80' lang='grc' dir='ltr'>μὶν</span> 
     </span>
    </p>
   </div>
   <div class='ocr_carea' id='block_1_17' title="bbox 277 1679 1928 1760">
    <p class='ocr_par' dir='ltr' id='par_1_17' title="bbox 277 1679 1928 1760">
     <span class='ocr_line' id='line_1_17' title="bbox 277 1679 1928 1760; baseline -0.007 -13"><span class='ocrx_word' id='word_1_120' title='bbox 277 1692 368 1747; x_wconf 83' lang='grc' dir='ltr'><strong>καὶ</strong></span> <span class='ocrx_word' id='word_1_121' title='bbox 400 1688 677 1746; x_wconf 74' lang='grc' dir='ltr'>ἐκπίπτειν</span> <span class='ocrx_word' id='word_1_122' title='bbox 710 1685 773 1742; x_wconf 76' lang='grc' dir='ltr'>οὗ</span> <span class='ocrx_word' id='word_1_123' title='bbox 808 1683 1072 1760; x_wconf 73' lang='grc' dir='ltr'>μετέσχον</span> <span class='ocrx_word' id='word_1_124' title='bbox 1104 1681 1322 1739; x_wconf 78' lang='grc' dir='ltr'>δύναται</span> <span class='ocrx_word' id='word_1_125' title='bbox 1355 1685 1486 1756; x_wconf 88' lang='grc'><strong>(37</strong></span> <span class='ocrx_word' id='word_1_126' title='bbox 1516 1684 1580 1737; x_wconf 88' lang='grc' dir='ltr'>τὸ</span> <span class='ocrx_word' id='word_1_127' title='bbox 1620 1679 1678 1737; x_wconf 74' lang='grc' dir='ltr'>δὲ</span> <span class='ocrx_word' id='word_1_128' title='bbox 1709 1685 1928 1754; x_wconf 85' lang='grc' dir='ltr'>Πνεῦμα</span> 
     </span>
    </p>
   </div>
   <div class='ocr_carea' id='block_1_18' title="bbox 277 1769 1923 1851">
    <p class='ocr_par' dir='ltr' id='par_1_18' title="bbox 277 1769 1923 1851">
     <span class='ocr_line' id='line_1_18' title="bbox 277 1769 1923 1851; baseline -0.007 -15"><span class='ocrx_word' id='word_1_129' title='bbox 277 1780 359 1836; x_wconf 77' lang='grc' dir='ltr'><strong>ἀεὶ</strong></span> <span class='ocrx_word' id='word_1_130' title='bbox 387 1781 452 1835; x_wconf 83' lang='grc' dir='ltr'><strong>τὸ</strong></span> <span class='ocrx_word' id='word_1_131' title='bbox 480 1777 615 1833; x_wconf 81' lang='grc' dir='ltr'>αὐτό</span> <span class='ocrx_word' id='word_1_132' title='bbox 644 1776 810 1832; x_wconf 78' lang='grc' dir='ltr'>ἐστιν·</span> <span class='ocrx_word' id='word_1_133' title='bbox 842 1773 906 1830; x_wconf 78' lang='grc' dir='ltr'>οὐ</span> <span class='ocrx_word' id='word_1_134' title='bbox 934 1774 1037 1851; x_wconf 81' lang='grc' dir='ltr'><strong>γὰρ</strong></span> <span class='ocrx_word' id='word_1_135' title='bbox 1070 1776 1179 1845; x_wconf 79' lang='grc'><strong>(38)</strong></span> <span class='ocrx_word' id='word_1_136' title='bbox 1232 1777 1338 1826; x_wconf 90' lang='grc' dir='ltr'><strong>τῶν</strong></span> <span class='ocrx_word' id='word_1_137' title='bbox 1389 1772 1730 1847; x_wconf 84' lang='grc' dir='ltr'>μετεχόντων</span> <span class='ocrx_word' id='word_1_138' title='bbox 1760 1769 1923 1839; x_wconf 75' lang='grc' dir='ltr'>ἐστὶν,</span> 
     </span>
    </p>
   </div>
   <div class='ocr_carea' id='block_1_19' title="bbox 483 1865 692 1888">
    <p class='ocr_par' dir='ltr' id='par_1_19' title="bbox 483 1865 692 1888">
     <span class='ocr_line' id='line_1_19' title="bbox 483 1865 692 1888; baseline 0 0"><span class='ocrx_word' id='word_1_139' title='bbox 483 1868 497 1888; x_wconf 74' lang='grc' dir='ltr'><strong>ι</strong></span> <span class='ocrx_word' id='word_1_140' title='bbox 573 1871 599 1882; x_wconf 73' lang='lat'><strong>~</strong></span> <span class='ocrx_word' id='word_1_141' title='bbox 676 1865 692 1888; x_wconf 64' lang='lat'>5</span> 
     </span>
    </p>
   </div>
   <div class='ocr_carea' id='block_1_20' title="bbox 280 1856 1924 1938">
    <p class='ocr_par' dir='ltr' id='par_1_20' title="bbox 280 1856 1924 1938">
     <span class='ocr_line' id='line_1_20' title="bbox 280 1856 1924 1938; baseline -0.007 -13"><span class='ocrx_word' id='word_1_142' title='bbox 280 1869 405 1926; x_wconf 81' lang='grc' dir='ltr'>ἀλλ’</span> <span class='ocrx_word' id='word_1_143' title='bbox 436 1868 604 1923; x_wconf 80' lang='grc' dir='ltr'>αὐτοῦ</span> <span class='ocrx_word' id='word_1_144' title='bbox 634 1865 701 1921; x_wconf 78' lang='grc' dir='ltr'><strong>τὰ</strong></span> <span class='ocrx_word' id='word_1_145' title='bbox 729 1866 904 1920; x_wconf 87' lang='grc' dir='ltr'>πάντα</span> <span class='ocrx_word' id='word_1_146' title='bbox 954 1862 1193 1938; x_wconf 73' lang='grc' dir='ltr'>μετέχει.</span> <span class='ocrx_word' id='word_1_147' title='bbox 1227 1860 1290 1916; x_wconf 72' lang='grc' dir='ltr'><strong>Εἴ</strong></span> <span class='ocrx_word' id='word_1_148' title='bbox 1334 1856 1391 1915; x_wconf 78' lang='grc' dir='ltr'>δὲ</span> <span class='ocrx_word' id='word_1_149' title='bbox 1418 1865 1579 1916; x_wconf 88' lang='grc' dir='ltr'>τοῦτο</span> <span class='ocrx_word' id='word_1_150' title='bbox 1632 1860 1726 1933; x_wconf 76' lang='grc' dir='ltr'>μὲν</span> <span class='ocrx_word' id='word_1_151' title='bbox 1750 1860 1831 1914; x_wconf 77' lang='grc' dir='ltr'>ἀεὶ</span> <span class='ocrx_word' id='word_1_152' title='bbox 1861 1860 1924 1914; x_wconf 88' lang='grc' dir='ltr'><strong>τὸ</strong></span> 
     </span>
    </p>
   </div>
   <div class='ocr_carea' id='block_1_21' title="bbox 277 1947 2003 2046">
    <p class='ocr_par' dir='ltr' id='par_1_21' title="bbox 277 1947 2003 2046">
     <span class='ocr_line' id='line_1_21' title="bbox 277 1947 2003 2046; baseline -0.008 -31"><span class='ocrx_word' id='word_1_153' title='bbox 277 1960 411 2015; x_wconf 78' lang='grc' dir='ltr'>αὐτό</span> <span class='ocrx_word' id='word_1_154' title='bbox 458 1957 573 2013; x_wconf 74' lang='grc' dir='ltr'>ἐστι</span> <span class='ocrx_word' id='word_1_155' title='bbox 613 1955 704 2012; x_wconf 84' lang='grc' dir='ltr'><strong>καὶ</strong></span> <span class='ocrx_word' id='word_1_156' title='bbox 756 1954 1034 2029; x_wconf 82' lang='grc' dir='ltr'>μεθεκτὸν,</span> <span class='ocrx_word' id='word_1_157' title='bbox 1085 1952 1154 2007; x_wconf 76' lang='grc' dir='ltr'>τὰ</span> <span class='ocrx_word' id='word_1_158' title='bbox 1200 1948 1257 2006; x_wconf 73' lang='grc' dir='ltr'>δὲ</span> <span class='ocrx_word' id='word_1_159' title='bbox 1304 1949 1573 2023; x_wconf 81' lang='grc' dir='ltr'>κτίσματα</span> <span class='ocrx_word' id='word_1_160' title='bbox 1627 1947 1926 2024; x_wconf 80' lang='grc' dir='ltr'>μετὲχοντά</span> <span class='ocrx_word' id='word_1_161' title='bbox 1956 1981 2003 2046; x_wconf 84' lang='grc' dir='ltr'><strong>Β</strong></span> 
     </span>
    </p>
   </div>
   <div class='ocr_carea' id='block_1_22' title="bbox 278 2033 1924 2113">
    <p class='ocr_par' dir='ltr' id='par_1_22' title="bbox 278 2033 1924 2113">
     <span class='ocr_line' id='line_1_22' title="bbox 278 2033 1924 2113; baseline -0.007 -9"><span class='ocrx_word' id='word_1_162' title='bbox 278 2048 419 2104; x_wconf 71' lang='grc' dir='ltr'>ἐστιν</span> <span class='ocrx_word' id='word_1_163' title='bbox 451 2045 637 2102; x_wconf 73' lang='grc' dir='ltr'>αὐτοῦ’</span> <span class='ocrx_word' id='word_1_164' title='bbox 696 2044 799 2099; x_wconf 78' lang='grc' dir='ltr'><strong>οὐκ</strong></span> <span class='ocrx_word' id='word_1_165' title='bbox 852 2041 911 2098; x_wconf 81' lang='grc' dir='ltr'><strong>ἂν</strong></span> <span class='ocrx_word' id='word_1_166' title='bbox 971 2038 1056 2112; x_wconf 64' lang='grc' dir='ltr'>εἴη</span> <span class='ocrx_word' id='word_1_167' title='bbox 1112 2041 1176 2096; x_wconf 87' lang='grc' dir='ltr'>τὸ</span> <span class='ocrx_word' id='word_1_168' title='bbox 1225 2044 1444 2113; x_wconf 84' lang='grc' dir='ltr'>Πνεῦμα</span> <span class='ocrx_word' id='word_1_169' title='bbox 1496 2040 1560 2095; x_wconf 89' lang='grc' dir='ltr'>τὸ</span> <span class='ocrx_word' id='word_1_170' title='bbox 1594 2039 1747 2113; x_wconf 78' lang='grc' dir='ltr'>ἅγιον</span> <span class='ocrx_word' id='word_1_171' title='bbox 1799 2033 1924 2092; x_wconf 73' lang='grc' dir='ltr'>οὔτε</span> 
     </span>
    </p>
   </div>
   <div class='ocr_carea' id='block_1_23' title="bbox 276 2125 1920 2214">
    <p class='ocr_par' dir='ltr' id='par_1_23' title="bbox 276 2125 1920 2214">
     <span class='ocr_line' id='line_1_23' title="bbox 276 2125 1920 2214; baseline -0.01 -20"><span class='ocrx_word' id='word_1_172' title='bbox 276 2135 531 2214; x_wconf 73' lang='grc' dir='ltr'>ἅγγελος,</span> <span class='ocrx_word' id='word_1_173' title='bbox 584 2128 709 2189; x_wconf 69' lang='grc' dir='ltr'>οὕτε</span> <span class='ocrx_word' id='word_1_174' title='bbox 733 2131 879 2194; x_wconf 89' lang='grc' dir='ltr'>ὅλως</span> <span class='ocrx_word' id='word_1_175' title='bbox 927 2129 1149 2203; x_wconf 81' lang='grc' dir='ltr'>κτίσμα,</span> <span class='ocrx_word' id='word_1_176' title='bbox 1204 2126 1330 2184; x_wconf 85' lang='grc' dir='ltr'>ἀλλ’</span> <span class='ocrx_word' id='word_1_177' title='bbox 1376 2125 1514 2183; x_wconf 70' lang='grc' dir='ltr'>ἴδιον</span> <span class='ocrx_word' id='word_1_178' title='bbox 1564 2128 1659 2182; x_wconf 88' lang='grc' dir='ltr'>τοὸ</span> <span class='ocrx_word' id='word_1_179' title='bbox 1714 2126 1920 2201; x_wconf 83' lang='grc' dir='ltr'>Λόγου,</span> 
     </span>
    </p>
   </div>
   <div class='ocr_carea' id='block_1_24' title="bbox 275 2215 1918 2301">
    <p class='ocr_par' dir='ltr' id='par_1_24' title="bbox 275 2215 1918 2301">
     <span class='ocr_line' id='line_1_24' title="bbox 275 2215 1918 2301; baseline -0.008 -19"><span class='ocrx_word' id='word_1_180' title='bbox 275 2227 402 2301; x_wconf 86' lang='grc' dir='ltr'>παρ’</span> <span class='ocrx_word' id='word_1_181' title='bbox 456 2225 518 2281; x_wconf 83' lang='grc' dir='ltr'><strong>οῦ</strong></span> <span class='ocrx_word' id='word_1_182' title='bbox 568 2220 854 2296; x_wconf 83' lang='grc' dir='ltr'>διδόμενον</span> <span class='ocrx_word' id='word_1_183' title='bbox 901 2218 1181 2295; x_wconf 66' lang='grc' dir='ltr'>μετέγεται</span> <span class='ocrx_word' id='word_1_184' title='bbox 1234 2216 1378 2294; x_wconf 70' lang='grc' dir='ltr'>παρὰ</span> <span class='ocrx_word' id='word_1_185' title='bbox 1428 2221 1536 2271; x_wconf 88' lang='grc' dir='ltr'><strong>τῶν</strong></span> <span class='ocrx_word' id='word_1_186' title='bbox 1586 2215 1918 2289; x_wconf 85' lang='grc' dir='ltr'>κτισμάτων·</span> 
     </span>
    </p>
   </div>
   <div class='ocr_carea' id='block_1_25' title="bbox 276 2304 1922 2391">
    <p class='ocr_par' dir='ltr' id='par_1_25' title="bbox 276 2304 1922 2391">
     <span class='ocr_line' id='line_1_25' title="bbox 276 2304 1922 2391; baseline -0.007 -20"><span class='ocrx_word' id='word_1_187' title='bbox 276 2316 389 2371; x_wconf 73' lang='grc' dir='ltr'>ἐπεὶ</span> <span class='ocrx_word' id='word_1_188' title='bbox 452 2314 569 2391; x_wconf 81' lang='grc' dir='ltr'>ὥρα</span> <span class='ocrx_word' id='word_1_189' title='bbox 624 2310 801 2388; x_wconf 70' lang='grc' dir='ltr'>λίγειν</span> <span class='ocrx_word' id='word_1_190' title='bbox 852 2310 1050 2371; x_wconf 80' lang='grc' dir='ltr'>αὐτοὺς</span> <span class='ocrx_word' id='word_1_191' title='bbox 1094 2306 1184 2363; x_wconf 84' lang='grc' dir='ltr'><strong>καὶ</strong></span> <span class='ocrx_word' id='word_1_192' title='bbox 1232 2308 1324 2362; x_wconf 86' lang='grc' dir='ltr'><strong>τὸν</strong></span> <span class='ocrx_word' id='word_1_193' title='bbox 1381 2306 1505 2362; x_wconf 73' lang='grc' dir='ltr'>Υίὸν</span> <span class='ocrx_word' id='word_1_194' title='bbox 1550 2305 1751 2379; x_wconf 83' lang='grc' dir='ltr'>κτίσμα</span> <span class='ocrx_word' id='word_1_195' title='bbox 1784 2348 1798 2373; x_wconf 94' lang='grc'><strong>,</strong></span> <span class='ocrx_word' id='word_1_196' title='bbox 1859 2304 1922 2359; x_wconf 81' lang='grc' dir='ltr'><strong>οὗ</strong></span> 
     </span>
    </p>
   </div>
   <div class='ocr_carea' id='block_1_26' title="bbox 276 2396 1923 2475">
    <p class='ocr_par' dir='ltr' id='par_1_26' title="bbox 276 2396 1923 2475">
     <span class='ocr_line' id='line_1_26' title="bbox 276 2396 1923 2475; baseline -0.007 -15"><span class='ocrx_word' id='word_1_197' title='bbox 276 2406 472 2468; x_wconf 86' lang='grc' dir='ltr'>πάντες</span> <span class='ocrx_word' id='word_1_198' title='bbox 499 2403 552 2457; x_wconf 81' lang='grc' dir='ltr'>ἐν</span> <span class='ocrx_word' id='word_1_199' title='bbox 600 2407 680 2475; x_wconf 80' lang='grc' dir='ltr'><strong>τῷ</strong></span> <span class='ocrx_word' id='word_1_200' title='bbox 729 2399 1003 2473; x_wconf 79' lang='grc' dir='ltr'>Πνεύματι</span> <span class='ocrx_word' id='word_1_201' title='bbox 1055 2396 1281 2472; x_wconf 68' lang='grc' dir='ltr'>μέτοχοι</span> <span class='ocrx_word' id='word_1_202' title='bbox 1329 2397 1644 2473; x_wconf 87' lang='grc' dir='ltr'>γεγόναμεν.</span> <span class='ocrx_word' id='word_1_203' title='bbox 1690 2396 1789 2450; x_wconf 82' lang='grc' dir='ltr'><strong>Καὶ</strong></span> <span class='ocrx_word' id='word_1_204' title='bbox 1820 2396 1923 2450; x_wconf 90' lang='grc' dir='ltr'>πά-</span> 
     </span>
    </p>
   </div>
   <div class='ocr_carea' id='block_1_27' title="bbox 277 2483 1925 2562">
    <p class='ocr_par' dir='ltr' id='par_1_27' title="bbox 277 2483 1925 2562">
     <span class='ocr_line' id='line_1_27' title="bbox 277 2483 1925 2562; baseline -0.005 -12"><span class='ocrx_word' id='word_1_205' title='bbox 277 2493 363 2551; x_wconf 92' lang='grc' dir='ltr'><strong>λιν</strong></span> <span class='ocrx_word' id='word_1_206' title='bbox 393 2490 449 2549; x_wconf 71' lang='grc' dir='ltr'>ἓν</span> <span class='ocrx_word' id='word_1_207' title='bbox 508 2492 620 2547; x_wconf 79' lang='grc' dir='ltr'>ἐστι</span> <span class='ocrx_word' id='word_1_208' title='bbox 675 2491 740 2546; x_wconf 88' lang='grc' dir='ltr'>τὸ</span> <span class='ocrx_word' id='word_1_209' title='bbox 800 2488 1021 2562; x_wconf 83' lang='grc' dir='ltr'>Πνεύμα</span> <span class='ocrx_word' id='word_1_210' title='bbox 1073 2488 1137 2542; x_wconf 88' lang='grc' dir='ltr'>τὸ</span> <span class='ocrx_word' id='word_1_211' title='bbox 1197 2488 1370 2561; x_wconf 78' lang='grc' dir='ltr'>ἅγιον’</span> <span class='ocrx_word' id='word_1_212' title='bbox 1424 2485 1491 2541; x_wconf 72' lang='grc' dir='ltr'><strong>τὰ</strong></span> <span class='ocrx_word' id='word_1_213' title='bbox 1548 2483 1605 2540; x_wconf 78' lang='grc' dir='ltr'>δὲ</span> <span class='ocrx_word' id='word_1_214' title='bbox 1658 2485 1925 2560; x_wconf 82' lang='grc' dir='ltr'>κτίσματα</span> 
     </span>
    </p>
   </div>
   <div class='ocr_carea' id='block_1_28' title="bbox 275 2572 1923 2657">
    <p class='ocr_par' dir='ltr' id='par_1_28' title="bbox 275 2572 1923 2657">
     <span class='ocr_line' id='line_1_28' title="bbox 275 2572 1923 2657; baseline -0.004 -21"><span class='ocrx_word' id='word_1_215' title='bbox 275 2580 482 2637; x_wconf 83' lang='grc' dir='ltr'>πολλά.</span> <span class='ocrx_word' id='word_1_216' title='bbox 515 2576 777 2657; x_wconf 80' lang='grc' dir='ltr'><strong>1’Λγγελοι</strong></span> <span class='ocrx_word' id='word_1_217' title='bbox 813 2578 906 2651; x_wconf 75' lang='grc' dir='ltr'>μὲν</span> <span class='ocrx_word' id='word_1_218' title='bbox 933 2578 1034 2652; x_wconf 72' lang='grc' dir='ltr'><strong>γὰρ</strong></span> <span class='ocrx_word' id='word_1_219' title='bbox 1083 2574 1264 2652; x_wconf 83' lang='grc' dir='ltr'>γίλιαι</span> <span class='ocrx_word' id='word_1_220' title='bbox 1311 2572 1562 2651; x_wconf 63' lang='grc' dir='ltr'>χιλιάδες</span> <span class='ocrx_word' id='word_1_221' title='bbox 1610 2576 1697 2630; x_wconf 84' lang='grc' dir='ltr'><strong>καὶ</strong></span> <span class='ocrx_word' id='word_1_222' title='bbox 1737 2574 1923 2651; x_wconf 72' lang='grc' dir='ltr'>μύριαι</span> 
     </span>
    </p>
   </div>
   <div class='ocr_carea' id='block_1_29' title="bbox 280 2663 1925 2747">
    <p class='ocr_par' dir='ltr' id='par_1_29' title="bbox 280 2663 1925 2747">
     <span class='ocr_line' id='line_1_29' title="bbox 280 2663 1925 2747; baseline -0.003 -22"><span class='ocrx_word' id='word_1_223' title='bbox 280 2667 561 2746; x_wconf 86' lang='grc' dir='ltr'>μυριάδες·</span> <span class='ocrx_word' id='word_1_224' title='bbox 596 2669 876 2747; x_wconf 75' lang='grc' dir='ltr'>φωστῆρες</span> <span class='ocrx_word' id='word_1_225' title='bbox 924 2663 983 2721; x_wconf 74' lang='grc' dir='ltr'>δὲ</span> <span class='ocrx_word' id='word_1_226' title='bbox 1030 2663 1259 2734; x_wconf 79' lang='grc' dir='ltr'>πολλοὶ,</span> <span class='ocrx_word' id='word_1_227' title='bbox 1307 2664 1397 2719; x_wconf 85' lang='grc' dir='ltr'><strong>καὶ</strong></span> <span class='ocrx_word' id='word_1_228' title='bbox 1429 2665 1611 2741; x_wconf 85' lang='grc' dir='ltr'>θρόνοι</span> <span class='ocrx_word' id='word_1_229' title='bbox 1660 2667 1793 2739; x_wconf 84' lang='grc'>(39),</span> <span class='ocrx_word' id='word_1_230' title='bbox 1834 2663 1925 2720; x_wconf 86' lang='grc' dir='ltr'><strong>καὶ</strong></span> 
     </span>
    </p>
   </div>
   <div class='ocr_carea' id='block_1_30' title="bbox 275 2748 1923 2834">
    <p class='ocr_par' dir='ltr' id='par_1_30' title="bbox 275 2748 1923 2834">
     <span class='ocr_line' id='line_1_30' title="bbox 275 2748 1923 2834; baseline -0.005 -19"><span class='ocrx_word' id='word_1_231' title='bbox 275 2757 618 2834; x_wconf 78' lang='grc' dir='ltr'>κυριότητες,</span> <span class='ocrx_word' id='word_1_232' title='bbox 648 2756 742 2812; x_wconf 79' lang='grc' dir='ltr'><strong>καὶ</strong></span> <span class='ocrx_word' id='word_1_233' title='bbox 789 2754 1034 2831; x_wconf 79' lang='grc' dir='ltr'>οὐρανοὶ,</span> <span class='ocrx_word' id='word_1_234' title='bbox 1079 2753 1170 2808; x_wconf 82' lang='grc' dir='ltr'><strong>καὶ</strong></span> <span class='ocrx_word' id='word_1_235' title='bbox 1216 2748 1513 2830; x_wconf 76' lang='grc' dir='ltr'>χερουϐὶμ,</span> <span class='ocrx_word' id='word_1_236' title='bbox 1544 2752 1633 2808; x_wconf 84' lang='grc' dir='ltr'><strong>καὶ</strong></span> <span class='ocrx_word' id='word_1_237' title='bbox 1665 2753 1923 2831; x_wconf 77' lang='grc' dir='ltr'>σεραφέμ,</span> 
     </span>
    </p>
   </div>
   <div class='ocr_carea' id='block_1_31' title="bbox 273 2839 1927 2923">
    <p class='ocr_par' dir='ltr' id='par_1_31' title="bbox 273 2839 1927 2923">
     <span class='ocr_line' id='line_1_31' title="bbox 273 2839 1927 2923; baseline -0.004 -20"><span class='ocrx_word' id='word_1_238' title='bbox 273 2849 363 2904; x_wconf 78' lang='grc' dir='ltr'><strong>καὶ</strong></span> <span class='ocrx_word' id='word_1_239' title='bbox 424 2844 758 2923; x_wconf 85' lang='grc' dir='ltr'>ἆρχάγγελοι</span> <span class='ocrx_word' id='word_1_240' title='bbox 806 2841 1013 2899; x_wconf 87' lang='grc' dir='ltr'>πολλοί</span> <span class='ocrx_word' id='word_1_241' title='bbox 1046 2860 1057 2873; x_wconf 86' lang='lat'><strong>&#39;</strong></span> <span class='ocrx_word' id='word_1_242' title='bbox 1118 2843 1206 2897; x_wconf 86' lang='grc' dir='ltr'><strong>καὶ</strong></span> <span class='ocrx_word' id='word_1_243' title='bbox 1292 2840 1482 2904; x_wconf 78' lang='grc' dir='ltr'>ἁπλῶς</span> <span class='ocrx_word' id='word_1_244' title='bbox 1541 2840 1640 2896; x_wconf 78' lang='grc' dir='ltr'>οὐκ</span> <span class='ocrx_word' id='word_1_245' title='bbox 1696 2839 1807 2896; x_wconf 83' lang='grc' dir='ltr'>ἔστι</span> <span class='ocrx_word' id='word_1_246' title='bbox 1858 2842 1927 2897; x_wconf 75' lang='grc' dir='ltr'><strong>τὰ</strong></span> 
     </span>
    </p>
   </div>
   <div class='ocr_carea' id='block_1_32' title="bbox 271 2927 1927 3009">
    <p class='ocr_par' dir='ltr' id='par_1_32' title="bbox 271 2927 1927 3009">
     <span class='ocr_line' id='line_1_32' title="bbox 271 2927 1927 3009; baseline -0.004 -17"><span class='ocrx_word' id='word_1_247' title='bbox 271 2937 542 3009; x_wconf 86' lang='grc' dir='ltr'>κτίσματα</span> <span class='ocrx_word' id='word_1_248' title='bbox 569 2935 646 3008; x_wconf 79' lang='grc' dir='ltr'>ἓν,</span> <span class='ocrx_word' id='word_1_249' title='bbox 677 2931 826 2989; x_wconf 76' lang='grc' dir='ltr'>ἀλλὰ</span> <span class='ocrx_word' id='word_1_250' title='bbox 872 2934 1049 2987; x_wconf 87' lang='grc' dir='ltr'>πάντα</span> <span class='ocrx_word' id='word_1_251' title='bbox 1096 2928 1281 2987; x_wconf 74' lang='grc' dir='ltr'>πολλὰ</span> <span class='ocrx_word' id='word_1_252' title='bbox 1322 2931 1412 2986; x_wconf 85' lang='grc' dir='ltr'><strong>καὶ</strong></span> <span class='ocrx_word' id='word_1_253' title='bbox 1464 2927 1723 3007; x_wconf 77' lang='grc' dir='ltr'>διάφορα.</span> <span class='ocrx_word' id='word_1_254' title='bbox 1756 2930 1819 2985; x_wconf 77' lang='lat' dir='ltr'><strong>Ei</strong></span> <span class='ocrx_word' id='word_1_255' title='bbox 1868 2927 1927 2986; x_wconf 82' lang='grc' dir='ltr'>δὲ</span> 
     </span>
    </p>
   </div>
   <div class='ocr_carea' id='block_1_33' title="bbox 269 3016 1927 3098">
    <p class='ocr_par' dir='ltr' id='par_1_33' title="bbox 269 3016 1927 3098">
     <span class='ocr_line' id='line_1_33' title="bbox 269 3016 1927 3098; baseline -0.005 -15"><span class='ocrx_word' id='word_1_256' title='bbox 269 3027 335 3083; x_wconf 86' lang='grc' dir='ltr'><strong>τὸ</strong></span> <span class='ocrx_word' id='word_1_257' title='bbox 400 3025 495 3098; x_wconf 74' lang='grc' dir='ltr'>μὲν</span> <span class='ocrx_word' id='word_1_258' title='bbox 555 3027 775 3096; x_wconf 81' lang='grc' dir='ltr'>Πνεῦμα</span> <span class='ocrx_word' id='word_1_259' title='bbox 826 3020 889 3076; x_wconf 89' lang='grc' dir='ltr'>τὸ</span> <span class='ocrx_word' id='word_1_260' title='bbox 944 3020 1094 3096; x_wconf 80' lang='grc' dir='ltr'>ἅγιον</span> <span class='ocrx_word' id='word_1_261' title='bbox 1147 3017 1203 3075; x_wconf 67' lang='grc' dir='ltr'>ἓν</span> <span class='ocrx_word' id='word_1_262' title='bbox 1262 3017 1491 3093; x_wconf 79' lang='grc' dir='ltr'>ἐστι,τά</span> <span class='ocrx_word' id='word_1_263' title='bbox 1547 3016 1603 3074; x_wconf 80' lang='grc' dir='ltr'>δὲ</span> <span class='ocrx_word' id='word_1_264' title='bbox 1658 3019 1927 3092; x_wconf 87' lang='grc' dir='ltr'>κτίσματα</span> 
     </span>
    </p>
   </div>
   <div class='ocr_carea' id='block_1_34' title="bbox 272 3107 1923 3189">
    <p class='ocr_par' dir='ltr' id='par_1_34' title="bbox 272 3107 1923 3189">
     <span class='ocr_line' id='line_1_34' title="bbox 272 3107 1923 3189; baseline -0.004 -19"><span class='ocrx_word' id='word_1_265' title='bbox 272 3112 480 3182; x_wconf 72' lang='grc' dir='ltr'>πολλὰ,</span> <span class='ocrx_word' id='word_1_266' title='bbox 530 3112 621 3167; x_wconf 82' lang='grc' dir='ltr'><strong>καὶ</strong></span> <span class='ocrx_word' id='word_1_267' title='bbox 666 3108 890 3189; x_wconf 74' lang='grc' dir='ltr'>ἄγγελοι</span> <span class='ocrx_word' id='word_1_268' title='bbox 938 3107 1163 3165; x_wconf 72' lang='grc' dir='ltr'><strong>πολλοί⁸</strong></span> <span class='ocrx_word' id='word_1_269' title='bbox 1198 3108 1327 3164; x_wconf 85' lang='grc' dir='ltr'>ποία</span> <span class='ocrx_word' id='word_1_270' title='bbox 1360 3109 1625 3183; x_wconf 84' lang='grc' dir='ltr'>ὁμοιότης</span> <span class='ocrx_word' id='word_1_271' title='bbox 1653 3112 1731 3180; x_wconf 80' lang='grc' dir='ltr'><strong>τῷ</strong></span> <span class='ocrx_word' id='word_1_272' title='bbox 1758 3107 1923 3164; x_wconf 73' lang='grc' dir='ltr'>Πνεῦ-</span> 
     </span>
    </p>
   </div>
   <div class='ocr_carea' id='block_1_35' title="bbox 275 3195 1923 3278">
    <p class='ocr_par' dir='ltr' id='par_1_35' title="bbox 275 3195 1923 3278">
     <span class='ocr_line' id='line_1_35' title="bbox 275 3195 1923 3278; baseline -0.004 -20"><span class='ocrx_word' id='word_1_273' title='bbox 275 3224 405 3278; x_wconf 84' lang='grc' dir='ltr'>ματι</span> <span class='ocrx_word' id='word_1_274' title='bbox 438 3203 574 3278; x_wconf 82' lang='grc' dir='ltr'>πρὸς</span> <span class='ocrx_word' id='word_1_275' title='bbox 611 3202 678 3256; x_wconf 75' lang='grc' dir='ltr'><strong>τὰ</strong></span> <span class='ocrx_word' id='word_1_276' title='bbox 706 3201 950 3276; x_wconf 85' lang='grc' dir='ltr'>γενητά;</span> <span class='ocrx_word' id='word_1_277' title='bbox 984 3200 1081 3254; x_wconf 82' lang='grc' dir='ltr'>Καὶ</span> <span class='ocrx_word' id='word_1_278' title='bbox 1125 3200 1226 3254; x_wconf 80' lang='grc' dir='ltr'>οὐκ</span> <span class='ocrx_word' id='word_1_279' title='bbox 1272 3195 1499 3268; x_wconf 70' lang='grc' dir='ltr'>ἄδηλον,</span> <span class='ocrx_word' id='word_1_280' title='bbox 1548 3198 1632 3252; x_wconf 81' lang='grc' dir='ltr'><strong>ὅτι</strong></span> <span class='ocrx_word' id='word_1_281' title='bbox 1684 3196 1782 3253; x_wconf 84' lang='grc' dir='ltr'><strong>οὐκ</strong></span> <span class='ocrx_word' id='word_1_282' title='bbox 1812 3196 1923 3252; x_wconf 78' lang='grc' dir='ltr'>ἔστι</span> 
     </span>
    </p>
   </div>
   <div class='ocr_carea' id='block_1_36' title="bbox 268 3285 1921 3363">
    <p class='ocr_par' dir='ltr' id='par_1_36' title="bbox 268 3285 1921 3363">
     <span class='ocr_line' id='line_1_36' title="bbox 268 3285 1921 3363; baseline -0.006 -13"><span class='ocrx_word' id='word_1_283' title='bbox 268 3297 381 3350; x_wconf 82' lang='grc' dir='ltr'><strong>τῶν</strong></span> <span class='ocrx_word' id='word_1_284' title='bbox 409 3288 638 3347; x_wconf 77' lang='grc' dir='ltr'>πολλῶν</span> <span class='ocrx_word' id='word_1_285' title='bbox 669 3289 733 3345; x_wconf 85' lang='grc' dir='ltr'>τὸ</span> <span class='ocrx_word' id='word_1_286' title='bbox 777 3291 1024 3361; x_wconf 83' lang='grc' dir='ltr'>Πνεῦμα,</span> <span class='ocrx_word' id='word_1_287' title='bbox 1074 3285 1201 3343; x_wconf 84' lang='grc' dir='ltr'>ἀλλ’</span> <span class='ocrx_word' id='word_1_288' title='bbox 1251 3285 1377 3342; x_wconf 76' lang='grc' dir='ltr'>οὐδὲ</span> <span class='ocrx_word' id='word_1_289' title='bbox 1427 3285 1674 3363; x_wconf 83' lang='grc' dir='ltr'>ἅγγελος,</span> <span class='ocrx_word' id='word_1_290' title='bbox 1710 3285 1839 3343; x_wconf 87' lang='grc' dir='ltr'>ἀλλ’</span> <span class='ocrx_word' id='word_1_291' title='bbox 1864 3286 1921 3342; x_wconf 81' lang='grc' dir='ltr'>ἓν</span> 
     </span>
    </p>
   </div>
   <div class='ocr_carea' id='block_1_37' title="bbox 2040 710 3697 786">
    <p class='ocr_par' dir='ltr' id='par_1_37' title="bbox 2040 710 3697 786">
     <span class='ocr_line' id='line_1_37' title="bbox 2040 710 3697 786; baseline -0.001 -19"><span class='ocrx_word' id='word_1_292' title='bbox 2040 710 2297 783; x_wconf 76' lang='lat' dir='ltr'><strong>Spiritus</strong></span> <span class='ocrx_word' id='word_1_293' title='bbox 2328 727 2433 768; x_wconf 87' lang='lat' dir='ltr'><strong>nec</strong></span> <span class='ocrx_word' id='word_1_294' title='bbox 2466 729 2560 768; x_wconf 90' lang='lat' dir='ltr'><strong>res</strong></span> <span class='ocrx_word' id='word_1_295' title='bbox 2588 713 2741 769; x_wconf 87' lang='lat' dir='ltr'><strong>facta</strong></span> <span class='ocrx_word' id='word_1_296' title='bbox 2772 727 2878 767; x_wconf 89' lang='lat' dir='ltr'><strong>nec</strong></span> <span class='ocrx_word' id='word_1_297' title='bbox 2910 712 3159 786; x_wconf 80' lang='lat' dir='ltr'><strong>angelus</strong></span> <span class='ocrx_word' id='word_1_298' title='bbox 3206 712 3304 779; x_wconf 91' lang='lat' dir='ltr'><strong>sit,</strong></span> <span class='ocrx_word' id='word_1_299' title='bbox 3340 710 3427 765; x_wconf 89' lang='lat' dir='ltr'><strong>uti</strong></span> <span class='ocrx_word' id='word_1_300' title='bbox 3456 716 3697 766; x_wconf 88' lang='lat' dir='ltr'><strong>conten-</strong></span> 
     </span>
    </p>
   </div>
   <div class='ocr_carea' id='block_1_38' title="bbox 2040 799 3694 874">
    <p class='ocr_par' dir='ltr' id='par_1_38' title="bbox 2040 799 3694 874">
     <span class='ocr_line' id='line_1_38' title="bbox 2040 799 3694 874; baseline 0.001 -19"><span class='ocrx_word' id='word_1_301' title='bbox 2040 802 2176 856; x_wconf 89' lang='lat' dir='ltr'><strong>dere</strong></span> <span class='ocrx_word' id='word_1_302' title='bbox 2207 801 2459 871; x_wconf 88' lang='lat' dir='ltr'><strong>audetis,</strong></span> <span class='ocrx_word' id='word_1_303' title='bbox 2486 803 2587 858; x_wconf 90' lang='lat' dir='ltr'><strong>sed</strong></span> <span class='ocrx_word' id='word_1_304' title='bbox 2620 801 2966 874; x_wconf 80' lang='lat' dir='ltr'><strong>angelorum</strong></span> <span class='ocrx_word' id='word_1_305' title='bbox 3000 805 3213 858; x_wconf 80' lang='lat' dir='ltr'><strong>natura</strong></span> <span class='ocrx_word' id='word_1_306' title='bbox 3241 799 3511 873; x_wconf 78' lang='lat' dir='ltr'><strong>superior</strong></span> <span class='ocrx_word' id='word_1_307' title='bbox 3540 804 3694 856; x_wconf 86' lang='lat' dir='ltr'><strong>certe</strong></span> 
     </span>
    </p>
   </div>
   <div class='ocr_carea' id='block_1_39' title="bbox 2040 890 2510 947">
    <p class='ocr_par' dir='ltr' id='par_1_39' title="bbox 2040 890 2510 947">
     <span class='ocr_line' id='line_1_39' title="bbox 2040 890 2510 947; baseline 0.002 -2"><span class='ocrx_word' id='word_1_308' title='bbox 2040 890 2370 945; x_wconf 76' lang='lat' dir='ltr'><strong>censendus</strong></span> <span class='ocrx_word' id='word_1_309' title='bbox 2402 895 2510 947; x_wconf 91' lang='lat' dir='ltr'><strong>est.</strong></span> 
     </span>
    </p>
   </div>
   <div class='ocr_carea' id='block_1_40' title="bbox 2107 977 3690 1051">
    <p class='ocr_par' dir='ltr' id='par_1_40' title="bbox 2107 977 3690 1051">
     <span class='ocr_line' id='line_1_40' title="bbox 2107 977 3690 1051; baseline 0.001 -21"><span class='ocrx_word' id='word_1_310' title='bbox 2107 978 2512 1036; x_wconf 89' lang='lat' dir='ltr'><strong>27.Enimvero</strong></span> <span class='ocrx_word' id='word_1_311' title='bbox 2545 997 2751 1036; x_wconf 79' lang='lat' dir='ltr'><strong>rursus</strong></span> <span class='ocrx_word' id='word_1_312' title='bbox 2781 996 2848 1036; x_wconf 82' lang='lat' dir='ltr'><strong>ex</strong></span> <span class='ocrx_word' id='word_1_313' title='bbox 2878 979 2972 1035; x_wconf 91' lang='lat' dir='ltr'><strong>bis</strong></span> <span class='ocrx_word' id='word_1_314' title='bbox 3005 995 3133 1051; x_wconf 72' lang='lat' dir='ltr'><strong>quas</strong></span> <span class='ocrx_word' id='word_1_315' title='bbox 3165 977 3516 1049; x_wconf 87' lang='lat' dir='ltr'><strong>subjicimus</strong></span> <span class='ocrx_word' id='word_1_316' title='bbox 3537 977 3690 1034; x_wconf 84' lang='lat' dir='ltr'><strong>Scri-</strong></span> 
     </span>
    </p>
   </div>
   <div class='ocr_carea' id='block_1_41' title="bbox 2040 1065 3698 1141">
    <p class='ocr_par' dir='ltr' id='par_1_41' title="bbox 2040 1065 3698 1141">
     <span class='ocr_line' id='line_1_41' title="bbox 2040 1065 3698 1141; baseline 0.001 -21"><span class='ocrx_word' id='word_1_317' title='bbox 2040 1070 2222 1137; x_wconf 64' lang='lat' dir='ltr'><strong>ptura;</strong></span> <span class='ocrx_word' id='word_1_318' title='bbox 2254 1068 2447 1122; x_wconf 83' lang='lat' dir='ltr'><strong>verbis</strong></span> <span class='ocrx_word' id='word_1_319' title='bbox 2470 1068 2707 1123; x_wconf 76' lang='lat' dir='ltr'><strong>evidens</strong></span> <span class='ocrx_word' id='word_1_320' title='bbox 2733 1069 2909 1123; x_wconf 83' lang='lat' dir='ltr'><strong>fuerit</strong></span> <span class='ocrx_word' id='word_1_321' title='bbox 2934 1068 3220 1141; x_wconf 84' lang='lat' dir='ltr'><strong>Spiritum</strong></span> <span class='ocrx_word' id='word_1_322' title='bbox 3244 1072 3515 1123; x_wconf 88' lang='lat' dir='ltr'><strong>sanctum</strong></span> <span class='ocrx_word' id='word_1_323' title='bbox 3546 1065 3698 1122; x_wconf 90' lang='lat' dir='ltr'><strong>alios</strong></span> 
     </span>
    </p>
   </div>
   <div class='ocr_carea' id='block_1_42' title="bbox 2038 1154 3691 1228">
    <p class='ocr_par' dir='ltr' id='par_1_42' title="bbox 2038 1154 3691 1228">
     <span class='ocr_line' id='line_1_42' title="bbox 2038 1154 3691 1228; baseline 0 -18"><span class='ocrx_word' id='word_1_324' title='bbox 2038 1154 2130 1210; x_wconf 91' lang='lat' dir='ltr'><strong>sui</strong></span> <span class='ocrx_word' id='word_1_325' title='bbox 2162 1156 2475 1228; x_wconf 82' lang='lat' dir='ltr'><strong>participes</strong></span> <span class='ocrx_word' id='word_1_326' title='bbox 2505 1157 2716 1224; x_wconf 85' lang='lat' dir='ltr'><strong>facere,</strong></span> <span class='ocrx_word' id='word_1_327' title='bbox 2743 1173 2858 1213; x_wconf 90' lang='lat' dir='ltr'><strong>non</strong></span> <span class='ocrx_word' id='word_1_328' title='bbox 2890 1172 3027 1213; x_wconf 89' lang='lat' dir='ltr'><strong>vero</strong></span> <span class='ocrx_word' id='word_1_329' title='bbox 3062 1155 3405 1228; x_wconf 76' lang='lat' dir='ltr'><strong>participem</strong></span> <span class='ocrx_word' id='word_1_330' title='bbox 3442 1154 3691 1211; x_wconf 81' lang='lat' dir='ltr'><strong>aliorum</strong></span> 
     </span>
    </p>
   </div>
   <div class='ocr_carea' id='block_1_43' title="bbox 2040 1243 3691 1318">
    <p class='ocr_par' dir='ltr' id='par_1_43' title="bbox 2040 1243 3691 1318">
     <span class='ocr_line' id='line_1_43' title="bbox 2040 1243 3691 1318; baseline 0.001 -21"><span class='ocrx_word' id='word_1_331' title='bbox 2040 1243 2162 1298; x_wconf 83' lang='lat' dir='ltr'><strong>fieri</strong></span> <span class='ocrx_word' id='word_1_332' title='bbox 2192 1244 2352 1315; x_wconf 86' lang='lat' dir='ltr'><strong>(nam</strong></span> <span class='ocrx_word' id='word_1_333' title='bbox 2385 1246 2585 1301; x_wconf 89' lang='lat' dir='ltr'><strong>eadem</strong></span> <span class='ocrx_word' id='word_1_334' title='bbox 2609 1250 2868 1318; x_wconf 84' lang='lat' dir='ltr'><strong>repetere</strong></span> <span class='ocrx_word' id='word_1_335' title='bbox 2893 1261 2964 1301; x_wconf 86' lang='lat' dir='ltr'><strong>ne</strong></span> <span class='ocrx_word' id='word_1_336' title='bbox 2986 1245 3059 1301; x_wconf 91' lang='lat' dir='ltr'><strong>sit</strong></span> <span class='ocrx_word' id='word_1_337' title='bbox 3083 1244 3589 1317; x_wconf 89' lang='lat' dir='ltr'><strong>molestum).Nem</strong></span> <span class='ocrx_word' id='word_1_338' title='bbox 3600 1261 3691 1316; x_wconf 86' lang='lat' dir='ltr'><strong>pe,</strong></span> 
     </span>
    </p>
   </div>
   <div class='ocr_carea' id='block_1_44' title="bbox 2041 1334 3690 1406">
    <p class='ocr_par' dir='ltr' id='par_1_44' title="bbox 2041 1334 3690 1406">
     <span class='ocr_line' id='line_1_44' title="bbox 2041 1334 3690 1406; baseline 0 -18"><span class='ocrx_word' id='word_1_339' title='bbox 2041 1355 2062 1382; x_wconf 80' lang='grc' dir='ltr'>ι</span> <span class='ocrx_word' id='word_1_340' title='bbox 2082 1334 2449 1406; x_wconf 87' lang='lat' dir='ltr'><strong>lmpossibile</strong></span> <span class='ocrx_word' id='word_1_341' title='bbox 2464 1340 2553 1391; x_wconf 90' lang='lat' dir='ltr'><strong>est</strong></span> <span class='ocrx_word' id='word_1_342' title='bbox 2568 1335 2724 1391; x_wconf 90' lang='lat' dir='ltr'><strong>enim</strong></span> <span class='ocrx_word' id='word_1_343' title='bbox 2745 1351 2843 1392; x_wconf 90' lang='lat' dir='ltr'><strong>eos</strong></span> <span class='ocrx_word' id='word_1_344' title='bbox 2864 1337 2964 1405; x_wconf 80' lang='lat' dir='ltr'><strong>qui</strong></span> <span class='ocrx_word' id='word_1_345' title='bbox 2989 1334 3166 1391; x_wconf 89' lang='lat' dir='ltr'><strong>semel</strong></span> <span class='ocrx_word' id='word_1_346' title='bbox 3191 1341 3332 1391; x_wconf 91' lang='lat' dir='ltr'><strong>sunt</strong></span> <span class='ocrx_word' id='word_1_347' title='bbox 3352 1334 3690 1401; x_wconf 87' lang='lat' dir='ltr'><strong>illuminati,</strong></span> 
     </span>
    </p>
   </div>
   <div class='ocr_carea' id='block_1_45' title="bbox 2034 1423 3690 1496">
    <p class='ocr_par' dir='ltr' id='par_1_45' title="bbox 2034 1423 3690 1496">
     <span class='ocr_line' id='line_1_45' title="bbox 2034 1423 3690 1496; baseline 0 -18"><span class='ocrx_word' id='word_1_348' title='bbox 2034 1424 2611 1493; x_wconf 81' lang='lat' dir='ltr'><strong>gustaveruntetiam</strong></span> <span class='ocrx_word' id='word_1_349' title='bbox 2625 1424 2848 1481; x_wconf 89' lang='lat' dir='ltr'><strong>donum</strong></span> <span class='ocrx_word' id='word_1_350' title='bbox 2872 1424 3107 1481; x_wconf 78' lang='lat' dir='ltr'><strong>sceleste</strong></span> <span class='ocrx_word' id='word_1_351' title='bbox 3134 1432 3187 1481; x_wconf 90' lang='lat' dir='ltr'><strong>et</strong></span> <span class='ocrx_word' id='word_1_352' title='bbox 3207 1425 3523 1496; x_wconf 88' lang='lat' dir='ltr'><strong>participes</strong></span> <span class='ocrx_word' id='word_1_353' title='bbox 3556 1423 3690 1479; x_wconf 87' lang='lat' dir='ltr'><strong>facti</strong></span> 
     </span>
    </p>
   </div>
   <div class='ocr_carea' id='block_1_46' title="bbox 2035 1512 3684 1586">
    <p class='ocr_par' dir='ltr' id='par_1_46' title="bbox 2035 1512 3684 1586">
     <span class='ocr_line' id='line_1_46' title="bbox 2035 1512 3684 1586; baseline 0.001 -21"><span class='ocrx_word' id='word_1_354' title='bbox 2035 1516 2176 1566; x_wconf 90' lang='lat' dir='ltr'><strong>sunt</strong></span> <span class='ocrx_word' id='word_1_355' title='bbox 2202 1512 2451 1584; x_wconf 82' lang='lat' dir='ltr'><strong>Spiritus</strong></span> <span class='ocrx_word' id='word_1_356' title='bbox 2465 1513 2652 1569; x_wconf 85' lang='lat' dir='ltr'><strong>sancti</strong></span> <span class='ocrx_word' id='word_1_357' title='bbox 2664 1517 3188 1586; x_wconf 87' lang='lat' dir='ltr'><strong>,gustaveruntque</strong></span> <span class='ocrx_word' id='word_1_358' title='bbox 3202 1514 3423 1569; x_wconf 89' lang='lat' dir='ltr'><strong>bonum</strong></span> <span class='ocrx_word' id='word_1_359' title='bbox 3438 1512 3541 1568; x_wconf 89' lang='lat' dir='ltr'><strong>Dei</strong></span> <span class='ocrx_word' id='word_1_360' title='bbox 3557 1528 3684 1568; x_wconf 82' lang='lat' dir='ltr'><strong>ver-</strong></span> 
     </span>
    </p>
   </div>
   <div class='ocr_carea' id='block_1_47' title="bbox 2034 1600 3692 1675">
    <p class='ocr_par' dir='ltr' id='par_1_47' title="bbox 2034 1600 3692 1675">
     <span class='ocr_line' id='line_1_47' title="bbox 2034 1600 3692 1675; baseline 0.001 -20"><span class='ocrx_word' id='word_1_361' title='bbox 2034 1600 2237 1669; x_wconf 74' lang='lat' dir='ltr'><strong>bum”,</strong></span> <span class='ocrx_word' id='word_1_362' title='bbox 2248 1605 2337 1657; x_wconf 71' lang='lat' dir='ltr'><strong>net</strong></span> <span class='ocrx_word' id='word_1_363' title='bbox 2351 1606 2572 1658; x_wconf 64' lang='lat' dir='ltr'><strong>caetera.</strong></span> <span class='ocrx_word' id='word_1_364' title='bbox 2586 1604 2654 1657; x_wconf 83' lang='lat' dir='ltr'><strong>At</strong></span> <span class='ocrx_word' id='word_1_365' title='bbox 2670 1601 2860 1675; x_wconf 87' lang='lat' dir='ltr'><strong>angeli</strong></span> <span class='ocrx_word' id='word_1_366' title='bbox 2876 1607 2932 1658; x_wconf 89' lang='lat' dir='ltr'><strong>et</strong></span> <span class='ocrx_word' id='word_1_367' title='bbox 2945 1606 3162 1657; x_wconf 55' lang='lat' dir='ltr'><strong>crateras</strong></span> <span class='ocrx_word' id='word_1_368' title='bbox 3179 1618 3269 1657; x_wconf 89' lang='lat' dir='ltr'><strong>res</strong></span> <span class='ocrx_word' id='word_1_369' title='bbox 3282 1605 3488 1658; x_wconf 67' lang='lat' dir='ltr'><strong>creatae</strong></span> <span class='ocrx_word' id='word_1_370' title='bbox 3501 1600 3692 1673; x_wconf 88' lang='lat' dir='ltr'><strong>ipsius</strong></span> 
     </span>
    </p>
   </div>
   <div class='ocr_carea' id='block_1_48' title="bbox 2031 1689 3692 1765">
    <p class='ocr_par' dir='ltr' id='par_1_48' title="bbox 2031 1689 3692 1765">
     <span class='ocr_line' id='line_1_48' title="bbox 2031 1689 3692 1765; baseline 0.002 -23"><span class='ocrx_word' id='word_1_371' title='bbox 2031 1689 2449 1763; x_wconf 83' lang='lat' dir='ltr'><strong>Bpiritusﬁunt</strong></span> <span class='ocrx_word' id='word_1_372' title='bbox 2481 1691 2958 1764; x_wconf 65' lang='lat' dir='ltr'><strong>participesﬂmc</strong></span> <span class='ocrx_word' id='word_1_373' title='bbox 2980 1692 3138 1747; x_wconf 88' lang='lat' dir='ltr'><strong>enim</strong></span> <span class='ocrx_word' id='word_1_374' title='bbox 3160 1692 3291 1765; x_wconf 88' lang='lat' dir='ltr'><strong>ipsa</strong></span> <span class='ocrx_word' id='word_1_375' title='bbox 3311 1694 3401 1747; x_wconf 89' lang='lat' dir='ltr'><strong>est</strong></span> <span class='ocrx_word' id='word_1_376' title='bbox 3427 1692 3574 1747; x_wconf 89' lang='lat' dir='ltr'><strong>ratio</strong></span> <span class='ocrx_word' id='word_1_377' title='bbox 3587 1707 3692 1746; x_wconf 89' lang='lat' dir='ltr'><strong>cur</strong></span> 
     </span>
    </p>
   </div>
   <div class='ocr_carea' id='block_1_49' title="bbox 2033 1776 3688 1853">
    <p class='ocr_par' dir='ltr' id='par_1_49' title="bbox 2033 1776 3688 1853">
     <span class='ocr_line' id='line_1_49' title="bbox 2033 1776 3688 1853; baseline 0.001 -20"><span class='ocrx_word' id='word_1_378' title='bbox 2033 1776 2106 1833; x_wconf 90' lang='lat' dir='ltr'><strong>ab</strong></span> <span class='ocrx_word' id='word_1_379' title='bbox 2146 1794 2212 1833; x_wconf 88' lang='lat' dir='ltr'><strong>eo</strong></span> <span class='ocrx_word' id='word_1_380' title='bbox 2237 1780 2410 1851; x_wconf 88' lang='lat' dir='ltr'><strong>cujus</strong></span> <span class='ocrx_word' id='word_1_381' title='bbox 2440 1787 2582 1835; x_wconf 92' lang='lat' dir='ltr'><strong>sunt</strong></span> <span class='ocrx_word' id='word_1_382' title='bbox 2613 1780 2927 1853; x_wconf 86' lang='lat' dir='ltr'><strong>participes</strong></span> <span class='ocrx_word' id='word_1_383' title='bbox 2960 1780 3190 1851; x_wconf 81' lang='lat' dir='ltr'><strong>possint</strong></span> <span class='ocrx_word' id='word_1_384' title='bbox 3218 1779 3688 1852; x_wconf 81' lang='lat' dir='ltr'><strong>excidere.8piri-</strong></span> 
     </span>
    </p>
   </div>
   <div class='ocr_carea' id='block_1_50' title="bbox 2032 1868 3689 1941">
    <p class='ocr_par' dir='ltr' id='par_1_50' title="bbox 2032 1868 3689 1941">
     <span class='ocr_line' id='line_1_50' title="bbox 2032 1868 3689 1941; baseline 0.001 -19"><span class='ocrx_word' id='word_1_385' title='bbox 2032 1870 2129 1922; x_wconf 86' lang='lat' dir='ltr'><strong>tus</strong></span> <span class='ocrx_word' id='word_1_386' title='bbox 2146 1883 2280 1924; x_wconf 91' lang='lat' dir='ltr'><strong>vero</strong></span> <span class='ocrx_word' id='word_1_387' title='bbox 2302 1868 2458 1923; x_wconf 91' lang='lat' dir='ltr'><strong>idem</strong></span> <span class='ocrx_word' id='word_1_388' title='bbox 2474 1870 2728 1941; x_wconf 84' lang='lat' dir='ltr'><strong>profecto</strong></span> <span class='ocrx_word' id='word_1_389' title='bbox 2751 1885 2985 1941; x_wconf 86' lang='lat' dir='ltr'><strong>semper</strong></span> <span class='ocrx_word' id='word_1_390' title='bbox 3003 1870 3335 1941; x_wconf 87' lang='lat' dir='ltr'><strong>est,quippe</strong></span> <span class='ocrx_word' id='word_1_391' title='bbox 3353 1869 3451 1940; x_wconf 89' lang='lat' dir='ltr'><strong>qui</strong></span> <span class='ocrx_word' id='word_1_392' title='bbox 3476 1884 3588 1924; x_wconf 92' lang='lat' dir='ltr'><strong>non</strong></span> <span class='ocrx_word' id='word_1_393' title='bbox 3620 1887 3689 1924; x_wconf 74' lang='lat' dir='ltr'><strong>ex</strong></span> 
     </span>
    </p>
   </div>
   <div class='ocr_carea' id='block_1_51' title="bbox 2033 1954 3687 2029">
    <p class='ocr_par' dir='ltr' id='par_1_51' title="bbox 2033 1954 3687 2029">
     <span class='ocr_line' id='line_1_51' title="bbox 2033 1954 3687 2029; baseline 0.002 -19"><span class='ocrx_word' id='word_1_394' title='bbox 2033 1954 2150 2011; x_wconf 91' lang='lat' dir='ltr'><strong>illis</strong></span> <span class='ocrx_word' id='word_1_395' title='bbox 2182 1957 2360 2013; x_wconf 89' lang='lat' dir='ltr'><strong>rebus</strong></span> <span class='ocrx_word' id='word_1_396' title='bbox 2390 1957 2469 2012; x_wconf 92' lang='lat' dir='ltr'><strong>sit</strong></span> <span class='ocrx_word' id='word_1_397' title='bbox 2497 1974 2623 2029; x_wconf 73' lang='lat' dir='ltr'><strong>quae</strong></span> <span class='ocrx_word' id='word_1_398' title='bbox 2655 1957 2966 2028; x_wconf 86' lang='lat' dir='ltr'><strong>participes</strong></span> <span class='ocrx_word' id='word_1_399' title='bbox 2996 1958 3344 2024; x_wconf 89' lang='lat' dir='ltr'><strong>redduntur,</strong></span> <span class='ocrx_word' id='word_1_400' title='bbox 3372 1958 3468 2012; x_wconf 88' lang='lat' dir='ltr'><strong>sed</strong></span> <span class='ocrx_word' id='word_1_401' title='bbox 3492 1958 3687 2028; x_wconf 85' lang='lat' dir='ltr'><strong>potius</strong></span> 
     </span>
    </p>
   </div>
   <div class='ocr_carea' id='block_1_52' title="bbox 2032 2046 3687 2119">
    <p class='ocr_par' dir='ltr' id='par_1_52' title="bbox 2032 2046 3687 2119">
     <span class='ocr_line' id='line_1_52' title="bbox 2032 2046 3687 2119; baseline 0 -19"><span class='ocrx_word' id='word_1_402' title='bbox 2032 2046 2204 2116; x_wconf 86' lang='lat' dir='ltr'><strong>cujus</strong></span> <span class='ocrx_word' id='word_1_403' title='bbox 2232 2062 2327 2103; x_wconf 88' lang='lat' dir='ltr'><strong>res</strong></span> <span class='ocrx_word' id='word_1_404' title='bbox 2356 2061 2562 2102; x_wconf 90' lang='lat' dir='ltr'><strong>omnes</strong></span> <span class='ocrx_word' id='word_1_405' title='bbox 2590 2047 2737 2102; x_wconf 78' lang='lat' dir='ltr'><strong>fiant</strong></span> <span class='ocrx_word' id='word_1_406' title='bbox 2765 2046 3237 2119; x_wconf 87' lang='lat' dir='ltr'><strong>participes.Jam</strong></span> <span class='ocrx_word' id='word_1_407' title='bbox 3259 2062 3394 2102; x_wconf 89' lang='lat' dir='ltr'><strong>vero</strong></span> <span class='ocrx_word' id='word_1_408' title='bbox 3424 2047 3473 2103; x_wconf 89' lang='lat' dir='ltr'><strong>si</strong></span> <span class='ocrx_word' id='word_1_409' title='bbox 3506 2046 3687 2118; x_wconf 88' lang='lat' dir='ltr'><strong>Spiri-</strong></span> 
     </span>
    </p>
   </div>
   <div class='ocr_carea' id='block_1_53' title="bbox 2032 2134 3679 2208">
    <p class='ocr_par' dir='ltr' id='par_1_53' title="bbox 2032 2134 3679 2208">
     <span class='ocr_line' id='line_1_53' title="bbox 2032 2134 3679 2208; baseline -0.001 -17"><span class='ocrx_word' id='word_1_410' title='bbox 2032 2137 2131 2191; x_wconf 89' lang='lat' dir='ltr'><strong>tus</strong></span> <span class='ocrx_word' id='word_1_411' title='bbox 2161 2134 2316 2190; x_wconf 90' lang='lat' dir='ltr'><strong>idem</strong></span> <span class='ocrx_word' id='word_1_412' title='bbox 2342 2150 2575 2207; x_wconf 89' lang='lat' dir='ltr'><strong>semper</strong></span> <span class='ocrx_word' id='word_1_413' title='bbox 2603 2138 2712 2204; x_wconf 87' lang='lat' dir='ltr'><strong>est,</strong></span> <span class='ocrx_word' id='word_1_414' title='bbox 2740 2134 3005 2206; x_wconf 84' lang='lat' dir='ltr'><strong>aliosque</strong></span> <span class='ocrx_word' id='word_1_415' title='bbox 3034 2134 3126 2190; x_wconf 90' lang='lat' dir='ltr'><strong>sui</strong></span> <span class='ocrx_word' id='word_1_416' title='bbox 3149 2134 3462 2208; x_wconf 86' lang='lat' dir='ltr'><strong>participes</strong></span> <span class='ocrx_word' id='word_1_417' title='bbox 3493 2134 3632 2191; x_wconf 85' lang='lat' dir='ltr'><strong>facit</strong></span> <span class='ocrx_word' id='word_1_418' title='bbox 3664 2152 3679 2190; x_wconf 90' lang='lat'><strong>:</strong></span> 
     </span>
    </p>
   </div>
   <div class='ocr_carea' id='block_1_54' title="bbox 2031 2222 3681 2296">
    <p class='ocr_par' dir='ltr' id='par_1_54' title="bbox 2031 2222 3681 2296">
     <span class='ocr_line' id='line_1_54' title="bbox 2031 2222 3681 2296; baseline -0.001 -16"><span class='ocrx_word' id='word_1_419' title='bbox 2031 2222 2080 2280; x_wconf 89' lang='lat' dir='ltr'><strong>si</strong></span> <span class='ocrx_word' id='word_1_420' title='bbox 2114 2228 2319 2279; x_wconf 89' lang='lat' dir='ltr'><strong>contra</strong></span> <span class='ocrx_word' id='word_1_421' title='bbox 2348 2239 2440 2278; x_wconf 91' lang='lat' dir='ltr'><strong>res</strong></span> <span class='ocrx_word' id='word_1_422' title='bbox 2471 2227 2681 2280; x_wconf 68' lang='lat' dir='ltr'><strong>creatae</strong></span> <span class='ocrx_word' id='word_1_423' title='bbox 2708 2224 2837 2294; x_wconf 88' lang='lat' dir='ltr'><strong>ejus</strong></span> <span class='ocrx_word' id='word_1_424' title='bbox 2868 2223 3019 2278; x_wconf 84' lang='lat' dir='ltr'><strong>fiunt</strong></span> <span class='ocrx_word' id='word_1_425' title='bbox 3048 2224 3532 2296; x_wconf 85' lang='lat' dir='ltr'><strong>participes,sane</strong></span> <span class='ocrx_word' id='word_1_426' title='bbox 3557 2223 3681 2295; x_wconf 89' lang='lat' dir='ltr'><strong>Spi-</strong></span> 
     </span>
    </p>
   </div>
   <div class='ocr_carea' id='block_1_55' title="bbox 2032 2310 3680 2385">
    <p class='ocr_par' dir='ltr' id='par_1_55' title="bbox 2032 2310 3680 2385">
     <span class='ocr_line' id='line_1_55' title="bbox 2032 2310 3680 2385; baseline 0 -18"><span class='ocrx_word' id='word_1_427' title='bbox 2032 2310 2184 2367; x_wconf 86' lang='lat' dir='ltr'><strong>ritus</strong></span> <span class='ocrx_word' id='word_1_428' title='bbox 2214 2316 2668 2382; x_wconf 88' lang='lat' dir='ltr'><strong>sanctus,neque</strong></span> <span class='ocrx_word' id='word_1_429' title='bbox 2699 2310 3165 2385; x_wconf 83' lang='lat' dir='ltr'><strong>angelus,neque</strong></span> <span class='ocrx_word' id='word_1_430' title='bbox 3197 2312 3312 2368; x_wconf 85' lang='lat' dir='ltr'><strong>alia</strong></span> <span class='ocrx_word' id='word_1_431' title='bbox 3343 2329 3434 2369; x_wconf 89' lang='lat' dir='ltr'><strong>res</strong></span> <span class='ocrx_word' id='word_1_432' title='bbox 3466 2318 3680 2381; x_wconf 86' lang='lat' dir='ltr'><strong>creata,</strong></span> 
     </span>
    </p>
   </div>
   <div class='ocr_carea' id='block_1_56' title="bbox 2033 2400 3683 2473">
    <p class='ocr_par' dir='ltr' id='par_1_56' title="bbox 2033 2400 3683 2473">
     <span class='ocr_line' id='line_1_56' title="bbox 2033 2400 3683 2473; baseline 0 -16"><span class='ocrx_word' id='word_1_433' title='bbox 2033 2401 2131 2457; x_wconf 85' lang='lat' dir='ltr'><strong>sed</strong></span> <span class='ocrx_word' id='word_1_434' title='bbox 2164 2401 2439 2473; x_wconf 89' lang='lat' dir='ltr'><strong>proprius</strong></span> <span class='ocrx_word' id='word_1_435' title='bbox 2466 2400 2639 2457; x_wconf 91' lang='lat' dir='ltr'><strong>Verbi</strong></span> <span class='ocrx_word' id='word_1_436' title='bbox 2671 2417 2800 2457; x_wconf 88' lang='lat' dir='ltr'><strong>esse</strong></span> <span class='ocrx_word' id='word_1_437' title='bbox 2829 2400 3255 2459; x_wconf 81' lang='lat' dir='ltr'><strong>existimandus</strong></span> <span class='ocrx_word' id='word_1_438' title='bbox 3286 2405 3395 2469; x_wconf 89' lang='lat' dir='ltr'><strong>est,</strong></span> <span class='ocrx_word' id='word_1_439' title='bbox 3415 2403 3588 2473; x_wconf 88' lang='lat' dir='ltr'><strong>cujus</strong></span> <span class='ocrx_word' id='word_1_440' title='bbox 3612 2400 3683 2457; x_wconf 89' lang='lat' dir='ltr'><strong>ab</strong></span> 
     </span>
    </p>
   </div>
   <div class='ocr_carea' id='block_1_57' title="bbox 2033 2490 3682 2563">
    <p class='ocr_par' dir='ltr' id='par_1_57' title="bbox 2033 2490 3682 2563">
     <span class='ocr_line' id='line_1_57' title="bbox 2033 2490 3682 2563; baseline 0.001 -18"><span class='ocrx_word' id='word_1_441' title='bbox 2033 2490 2163 2562; x_wconf 88' lang='lat' dir='ltr'><strong>ipso</strong></span> <span class='ocrx_word' id='word_1_442' title='bbox 2193 2490 2381 2545; x_wconf 88' lang='lat' dir='ltr'><strong>Verbo</strong></span> <span class='ocrx_word' id='word_1_443' title='bbox 2404 2490 2524 2546; x_wconf 90' lang='lat' dir='ltr'><strong>dati</strong></span> <span class='ocrx_word' id='word_1_444' title='bbox 2557 2507 2648 2546; x_wconf 88' lang='lat' dir='ltr'><strong>res</strong></span> <span class='ocrx_word' id='word_1_445' title='bbox 2666 2493 2872 2546; x_wconf 64' lang='lat' dir='ltr'><strong>creatae</strong></span> <span class='ocrx_word' id='word_1_446' title='bbox 2904 2490 3053 2546; x_wconf 83' lang='lat' dir='ltr'><strong>ﬁunt</strong></span> <span class='ocrx_word' id='word_1_447' title='bbox 3086 2490 3682 2563; x_wconf 65' lang='lat' dir='ltr'><strong>participesﬂaatero-</strong></span> 
     </span>
    </p>
   </div>
   <div class='ocr_carea' id='block_1_58' title="bbox 2034 2579 3686 2652">
    <p class='ocr_par' dir='ltr' id='par_1_58' title="bbox 2034 2579 3686 2652">
     <span class='ocr_line' id='line_1_58' title="bbox 2034 2579 3686 2652; baseline 0 -17"><span class='ocrx_word' id='word_1_448' title='bbox 2034 2579 2177 2651; x_wconf 88' lang='lat' dir='ltr'><strong>quin</strong></span> <span class='ocrx_word' id='word_1_449' title='bbox 2210 2579 2421 2635; x_wconf 90' lang='lat' dir='ltr'><strong>Filium</strong></span> <span class='ocrx_word' id='word_1_450' title='bbox 2445 2595 2680 2652; x_wconf 88' lang='lat' dir='ltr'><strong>quoque</strong></span> <span class='ocrx_word' id='word_1_451' title='bbox 2701 2595 2822 2635; x_wconf 88' lang='lat' dir='ltr'><strong>rem</strong></span> <span class='ocrx_word' id='word_1_452' title='bbox 2857 2584 3111 2636; x_wconf 87' lang='lat' dir='ltr'><strong>creatam</strong></span> <span class='ocrx_word' id='word_1_453' title='bbox 3139 2579 3330 2635; x_wconf 86' lang='lat' dir='ltr'><strong>dicere</strong></span> <span class='ocrx_word' id='word_1_454' title='bbox 3352 2580 3560 2635; x_wconf 90' lang='lat' dir='ltr'><strong>iisdem</strong></span> <span class='ocrx_word' id='word_1_455' title='bbox 3587 2596 3686 2636; x_wconf 84' lang='lat' dir='ltr'><strong>ne-</strong></span> 
     </span>
    </p>
   </div>
   <div class='ocr_carea' id='block_1_59' title="bbox 2032 2667 3680 2741">
    <p class='ocr_par' dir='ltr' id='par_1_59' title="bbox 2032 2667 3680 2741">
     <span class='ocr_line' id='line_1_59' title="bbox 2032 2667 3680 2741; baseline -0.001 -17"><span class='ocrx_word' id='word_1_456' title='bbox 2032 2683 2196 2724; x_wconf 83' lang='lat' dir='ltr'><strong>cosse</strong></span> <span class='ocrx_word' id='word_1_457' title='bbox 2226 2672 2402 2737; x_wconf 86' lang='lat' dir='ltr'><strong>esset,</strong></span> <span class='ocrx_word' id='word_1_458' title='bbox 2433 2669 2607 2739; x_wconf 87' lang='lat' dir='ltr'><strong>cujus</strong></span> <span class='ocrx_word' id='word_1_459' title='bbox 2636 2684 2846 2739; x_wconf 88' lang='lat' dir='ltr'><strong>nempe</strong></span> <span class='ocrx_word' id='word_1_460' title='bbox 2871 2684 3077 2724; x_wconf 90' lang='lat' dir='ltr'><strong>omnes</strong></span> <span class='ocrx_word' id='word_1_461' title='bbox 3111 2668 3169 2722; x_wconf 92' lang='lat' dir='ltr'><strong>in</strong></span> <span class='ocrx_word' id='word_1_462' title='bbox 3188 2667 3409 2739; x_wconf 88' lang='lat' dir='ltr'><strong>Spiritu</strong></span> <span class='ocrx_word' id='word_1_463' title='bbox 3443 2667 3680 2741; x_wconf 83' lang='lat' dir='ltr'><strong>partici-</strong></span> 
     </span>
    </p>
   </div>
   <div class='ocr_carea' id='block_1_60' title="bbox 2034 2756 3682 2830">
    <p class='ocr_par' dir='ltr' id='par_1_60' title="bbox 2034 2756 3682 2830">
     <span class='ocr_line' id='line_1_60' title="bbox 2034 2756 3682 2830; baseline -0.001 -17"><span class='ocrx_word' id='word_1_464' title='bbox 2034 2773 2137 2830; x_wconf 89' lang='lat' dir='ltr'><strong>pes</strong></span> <span class='ocrx_word' id='word_1_465' title='bbox 2171 2756 2304 2812; x_wconf 83' lang='lat' dir='ltr'><strong>facti</strong></span> <span class='ocrx_word' id='word_1_466' title='bbox 2336 2758 2711 2814; x_wconf 83' lang='lat' dir='ltr'><strong>sumus.Insu</strong></span> <span class='ocrx_word' id='word_1_467' title='bbox 2720 2774 2843 2830; x_wconf 91' lang='lat' dir='ltr'><strong>per,</strong></span> <span class='ocrx_word' id='word_1_468' title='bbox 2859 2774 3014 2815; x_wconf 86' lang='lat' dir='ltr'><strong>unus</strong></span> <span class='ocrx_word' id='word_1_469' title='bbox 3035 2763 3125 2814; x_wconf 90' lang='lat' dir='ltr'><strong>est</strong></span> <span class='ocrx_word' id='word_1_470' title='bbox 3145 2757 3399 2830; x_wconf 90' lang='lat' dir='ltr'><strong>Spiritus</strong></span> <span class='ocrx_word' id='word_1_471' title='bbox 3421 2761 3682 2826; x_wconf 88' lang='lat' dir='ltr'><strong>sanctus,</strong></span> 
     </span>
    </p>
   </div>
   <div class='ocr_carea' id='block_1_61' title="bbox 2036 2846 3679 2903">
    <p class='ocr_par' dir='ltr' id='par_1_61' title="bbox 2036 2846 3679 2903">
     <span class='ocr_line' id='line_1_61' title="bbox 2036 2846 3679 2903; baseline 0.001 -2"><span class='ocrx_word' id='word_1_472' title='bbox 2036 2846 2236 2903; x_wconf 62' lang='lat' dir='ltr'><strong>multa</strong></span> <span class='ocrx_word' id='word_1_473' title='bbox 2267 2851 2464 2902; x_wconf 86' lang='lat' dir='ltr'><strong>autem</strong></span> <span class='ocrx_word' id='word_1_474' title='bbox 2496 2850 2639 2902; x_wconf 87' lang='lat' dir='ltr'><strong>sunt</strong></span> <span class='ocrx_word' id='word_1_475' title='bbox 2668 2862 2760 2902; x_wconf 89' lang='lat' dir='ltr'><strong>res</strong></span> <span class='ocrx_word' id='word_1_476' title='bbox 2791 2846 3173 2902; x_wconf 72' lang='lat' dir='ltr'><strong>creatm.Nam</strong></span> <span class='ocrx_word' id='word_1_477' title='bbox 3209 2847 3392 2902; x_wconf 88' lang='lat' dir='ltr'><strong>millia</strong></span> <span class='ocrx_word' id='word_1_478' title='bbox 3425 2846 3679 2902; x_wconf 88' lang='lat' dir='ltr'><strong>millium</strong></span> 
     </span>
    </p>
   </div>
   <div class='ocr_carea' id='block_1_62' title="bbox 2035 2933 3687 3007">
    <p class='ocr_par' dir='ltr' id='par_1_62' title="bbox 2035 2933 3687 3007">
     <span class='ocr_line' id='line_1_62' title="bbox 2035 2933 3687 3007; baseline 0.001 -18"><span class='ocrx_word' id='word_1_479' title='bbox 2035 2935 2227 2991; x_wconf 91' lang='lat' dir='ltr'><strong>decies</strong></span> <span class='ocrx_word' id='word_1_480' title='bbox 2258 2936 2409 2991; x_wconf 90' lang='lat' dir='ltr'><strong>dena</strong></span> <span class='ocrx_word' id='word_1_481' title='bbox 2440 2935 2602 2991; x_wconf 90' lang='lat' dir='ltr'><strong>milia</strong></span> <span class='ocrx_word' id='word_1_482' title='bbox 2632 2939 2777 2991; x_wconf 90' lang='lat' dir='ltr'><strong>sunt</strong></span> <span class='ocrx_word' id='word_1_483' title='bbox 2806 2935 3150 3007; x_wconf 82' lang='lat' dir='ltr'><strong>angelorum</strong></span> <span class='ocrx_word' id='word_1_484' title='bbox 3185 2952 3199 2991; x_wconf 87' lang='lat'>:</span> <span class='ocrx_word' id='word_1_485' title='bbox 3234 2933 3419 2990; x_wconf 89' lang='lat' dir='ltr'><strong>multa</strong></span> <span class='ocrx_word' id='word_1_486' title='bbox 3469 2933 3687 3006; x_wconf 87' lang='lat' dir='ltr'><strong>pariter</strong></span> 
     </span>
    </p>
   </div>
   <div class='ocr_carea' id='block_1_63' title="bbox 2036 3022 3687 3095">
    <p class='ocr_par' dir='ltr' id='par_1_63' title="bbox 2036 3022 3687 3095">
     <span class='ocr_line' id='line_1_63' title="bbox 2036 3022 3687 3095; baseline 0 -14"><span class='ocrx_word' id='word_1_487' title='bbox 2036 3028 2171 3081; x_wconf 87' lang='lat' dir='ltr'><strong>sunt</strong></span> <span class='ocrx_word' id='word_1_488' title='bbox 2204 3024 2542 3094; x_wconf 88' lang='lat' dir='ltr'><strong>luminaria,</strong></span> <span class='ocrx_word' id='word_1_489' title='bbox 2573 3023 2744 3079; x_wconf 90' lang='lat' dir='ltr'><strong>multi</strong></span> <span class='ocrx_word' id='word_1_490' title='bbox 2780 3022 3205 3095; x_wconf 69' lang='lat' dir='ltr'><strong>tbroni,multae</strong></span> <span class='ocrx_word' id='word_1_491' title='bbox 3232 3023 3687 3091; x_wconf 86' lang='lat' dir='ltr'><strong>dominationes,</strong></span> 
     </span>
    </p>
   </div>
   <div class='ocr_carea' id='block_1_64' title="bbox 2034 3111 3685 3186">
    <p class='ocr_par' dir='ltr' id='par_1_64' title="bbox 2034 3111 3685 3186">
     <span class='ocr_line' id='line_1_64' title="bbox 2034 3111 3685 3186; baseline -0.002 -17"><span class='ocrx_word' id='word_1_492' title='bbox 2034 3112 2203 3169; x_wconf 90' lang='lat' dir='ltr'><strong>multi</strong></span> <span class='ocrx_word' id='word_1_493' title='bbox 2237 3112 2564 3182; x_wconf 84' lang='lat' dir='ltr'><strong>coali,multi</strong></span> <span class='ocrx_word' id='word_1_494' title='bbox 2597 3111 3230 3184; x_wconf 83' lang='lat' dir='ltr'><strong>cherubim,seraphim</strong></span> <span class='ocrx_word' id='word_1_495' title='bbox 3262 3119 3316 3168; x_wconf 89' lang='lat' dir='ltr'><strong>et</strong></span> <span class='ocrx_word' id='word_1_496' title='bbox 3346 3111 3685 3186; x_wconf 78' lang='lat' dir='ltr'><strong>archangeli</strong></span> 
     </span>
    </p>
   </div>
   <div class='ocr_carea' id='block_1_65' title="bbox 2033 3201 3682 3274">
    <p class='ocr_par' dir='ltr' id='par_1_65' title="bbox 2033 3201 3682 3274">
     <span class='ocr_line' id='line_1_65' title="bbox 2033 3201 3682 3274; baseline -0.001 -16"><span class='ocrx_word' id='word_1_497' title='bbox 2033 3219 2099 3258; x_wconf 85' lang='lat' dir='ltr'><strong>ac</strong></span> <span class='ocrx_word' id='word_1_498' title='bbox 2131 3202 2382 3274; x_wconf 90' lang='lat' dir='ltr'><strong>denique</strong></span> <span class='ocrx_word' id='word_1_499' title='bbox 2415 3219 2508 3258; x_wconf 92' lang='lat' dir='ltr'><strong>res</strong></span> <span class='ocrx_word' id='word_1_500' title='bbox 2538 3206 2744 3258; x_wconf 67' lang='lat' dir='ltr'><strong>creata:</strong></span> <span class='ocrx_word' id='word_1_501' title='bbox 2791 3218 2907 3257; x_wconf 90' lang='lat' dir='ltr'><strong>non</strong></span> <span class='ocrx_word' id='word_1_502' title='bbox 2942 3205 3083 3257; x_wconf 88' lang='lat' dir='ltr'><strong>sunt</strong></span> <span class='ocrx_word' id='word_1_503' title='bbox 3141 3201 3283 3273; x_wconf 90' lang='lat' dir='ltr'><strong>quid</strong></span> <span class='ocrx_word' id='word_1_504' title='bbox 3337 3218 3544 3270; x_wconf 87' lang='lat' dir='ltr'><strong>unum,</strong></span> <span class='ocrx_word' id='word_1_505' title='bbox 3580 3201 3682 3257; x_wconf 89' lang='lat' dir='ltr'><strong>sed</strong></span> 
     </span>
    </p>
   </div>
   <div class='ocr_carea' id='block_1_66' title="bbox 2034 3290 3686 3364">
    <p class='ocr_par' dir='ltr' id='par_1_66' title="bbox 2034 3290 3686 3364">
     <span class='ocr_line' id='line_1_66' title="bbox 2034 3290 3686 3364; baseline -0.001 -18"><span class='ocrx_word' id='word_1_506' title='bbox 2034 3307 2237 3348; x_wconf 84' lang='lat' dir='ltr'><strong>omnes</strong></span> <span class='ocrx_word' id='word_1_507' title='bbox 2272 3290 2468 3346; x_wconf 70' lang='lat' dir='ltr'><strong>multae</strong></span> <span class='ocrx_word' id='word_1_508' title='bbox 2500 3296 2556 3346; x_wconf 90' lang='lat' dir='ltr'><strong>et</strong></span> <span class='ocrx_word' id='word_1_509' title='bbox 2586 3292 2826 3346; x_wconf 81' lang='lat' dir='ltr'><strong>diversae</strong></span> <span class='ocrx_word' id='word_1_510' title='bbox 2859 3292 3015 3346; x_wconf 89' lang='lat' dir='ltr'><strong>sunt.</strong></span> <span class='ocrx_word' id='word_1_511' title='bbox 3050 3290 3211 3355; x_wconf 87' lang='lat' dir='ltr'><strong>Quod</strong></span> <span class='ocrx_word' id='word_1_512' title='bbox 3264 3292 3312 3346; x_wconf 91' lang='lat' dir='ltr'><strong>si</strong></span> <span class='ocrx_word' id='word_1_513' title='bbox 3345 3291 3527 3364; x_wconf 88' lang='lat' dir='ltr'><strong>igitur</strong></span> <span class='ocrx_word' id='word_1_514' title='bbox 3555 3292 3686 3363; x_wconf 85' lang='lat' dir='ltr'><strong>Spi-</strong></span> 
     </span>
    </p>
   </div>
   <div class='ocr_carea' id='block_1_67' title="bbox 270 3356 1921 3454">
    <p class='ocr_par' dir='ltr' id='par_1_67' title="bbox 270 3356 1919 3454">
     <span class='ocr_line' id='line_1_67' title="bbox 270 3356 1919 3454; baseline -0.005 -16"><span class='ocrx_word' id='word_1_515' title='bbox 270 3383 331 3438; x_wconf 88' lang='grc' dir='ltr'><strong>’ὀν</strong></span> <span class='ocrx_word' id='word_1_516' title='bbox 363 3383 501 3454; x_wconf 81' lang='grc'>(40),</span> <span class='ocrx_word' id='word_1_517' title='bbox 538 3378 749 3453; x_wconf 77' lang='grc' dir='ltr'>μᾶλλον</span> <span class='ocrx_word' id='word_1_518' title='bbox 801 3375 860 3433; x_wconf 72' lang='grc' dir='ltr'>δὲ</span> <span class='ocrx_word' id='word_1_519' title='bbox 907 3356 1018 3432; x_wconf 76' lang='grc' dir='ltr'><strong>τοῦ</strong></span> <span class='ocrx_word' id='word_1_520' title='bbox 1055 3378 1231 3453; x_wconf 82' lang='grc' dir='ltr'>Λόγου</span> <span class='ocrx_word' id='word_1_521' title='bbox 1279 3376 1397 3438; x_wconf 73' lang='grc' dir='ltr'>ἑνὸς</span> <span class='ocrx_word' id='word_1_522' title='bbox 1446 3356 1598 3437; x_wconf 67' lang='grc' dir='ltr'>ὅντος</span> <span class='ocrx_word' id='word_1_523' title='bbox 1642 3372 1803 3447; x_wconf 71' lang='grc' dir='ltr'>ἴδιον,</span> <span class='ocrx_word' id='word_1_524' title='bbox 1833 3377 1919 3431; x_wconf 87' lang='grc' dir='ltr'><strong>καὶ</strong></span> 
     </span>
    </p>
   </div>
   <div class='ocr_carea' id='block_1_68' title="bbox 2035 3356 3684 3454">
    <p class='ocr_par' dir='ltr' id='par_1_68' title="bbox 2037 3378 3684 3448">
     <span class='ocr_line' id='line_1_68' title="bbox 2037 3378 3684 3448; baseline 0.001 -15"><span class='ocrx_word' id='word_1_525' title='bbox 2037 3379 2187 3435; x_wconf 90' lang='lat' dir='ltr'><strong>ritus</strong></span> <span class='ocrx_word' id='word_1_526' title='bbox 2216 3383 2458 3436; x_wconf 89' lang='lat' dir='ltr'><strong>sanctus</strong></span> <span class='ocrx_word' id='word_1_527' title='bbox 2492 3396 2648 3435; x_wconf 91' lang='lat' dir='ltr'><strong>unus</strong></span> <span class='ocrx_word' id='word_1_528' title='bbox 2677 3380 2843 3448; x_wconf 90' lang='lat' dir='ltr'><strong>est,si</strong></span> <span class='ocrx_word' id='word_1_529' title='bbox 2875 3384 3081 3435; x_wconf 90' lang='lat' dir='ltr'><strong>contra</strong></span> <span class='ocrx_word' id='word_1_530' title='bbox 3110 3395 3202 3435; x_wconf 91' lang='lat' dir='ltr'><strong>res</strong></span> <span class='ocrx_word' id='word_1_531' title='bbox 3226 3384 3430 3435; x_wconf 67' lang='lat' dir='ltr'><strong>creata:</strong></span> <span class='ocrx_word' id='word_1_532' title='bbox 3462 3378 3684 3443; x_wconf 58' lang='lat' dir='ltr'><strong>multae,</strong></span> 
     </span>
    </p>
   </div>
   <div class='ocr_carea' id='block_1_69' title="bbox 269 3462 1927 3537">
    <p class='ocr_par' dir='ltr' id='par_1_69' title="bbox 269 3462 1927 3537">
     <span class='ocr_line' id='line_1_69' title="bbox 269 3462 1927 3537; baseline -0.004 -10"><span class='ocrx_word' id='word_1_533' title='bbox 269 3475 370 3528; x_wconf 88' lang='grc' dir='ltr'><strong>τοῦ</strong></span> <span class='ocrx_word' id='word_1_534' title='bbox 400 3473 534 3526; x_wconf 84' lang='grc' dir='ltr'>Θεοῦ</span> <span class='ocrx_word' id='word_1_535' title='bbox 566 3468 683 3531; x_wconf 78' lang='grc' dir='ltr'>ἐνὸς</span> <span class='ocrx_word' id='word_1_536' title='bbox 714 3463 867 3530; x_wconf 75' lang='grc' dir='ltr'>ὄντος</span> <span class='ocrx_word' id='word_1_537' title='bbox 898 3462 1039 3521; x_wconf 69' lang='grc' dir='ltr'>ἴδιον</span> <span class='ocrx_word' id='word_1_538' title='bbox 1086 3465 1177 3520; x_wconf 84' lang='grc' dir='ltr'><strong>καὶ</strong></span> <span class='ocrx_word' id='word_1_539' title='bbox 1229 3464 1523 3537; x_wconf 70' lang='grc' dir='ltr'>ὁμοοόσιόν</span> <span class='ocrx_word' id='word_1_540' title='bbox 1578 3462 1709 3522; x_wconf 85' lang='grc' dir='ltr'>ἐστι.</span> <span class='ocrx_word' id='word_1_541' title='bbox 1742 3467 1927 3522; x_wconf 85' lang='grc' dir='ltr'>Ταῦτα</span> 
     </span>
    </p>
   </div>
   <div class='ocr_carea' id='block_1_70' title="bbox 277 3552 1926 3635">
    <p class='ocr_par' dir='ltr' id='par_1_70' title="bbox 277 3552 1926 3635">
     <span class='ocr_line' id='line_1_70' title="bbox 277 3552 1926 3635; baseline -0.005 -20"><span class='ocrx_word' id='word_1_542' title='bbox 277 3561 375 3635; x_wconf 76' lang='grc' dir='ltr'>μὶν</span> <span class='ocrx_word' id='word_1_543' title='bbox 404 3557 496 3614; x_wconf 80' lang='grc' dir='ltr'><strong>οῦν</strong></span> <span class='ocrx_word' id='word_1_544' title='bbox 527 3557 618 3612; x_wconf 76' lang='grc' dir='ltr'><strong>καὶ</strong></span> <span class='ocrx_word' id='word_1_545' title='bbox 656 3556 940 3630; x_wconf 59' lang='grc' dir='ltr'>μόναηκαίΥ</span> <span class='ocrx_word' id='word_1_546' title='bbox 969 3554 1131 3610; x_wconf 70' lang='grc' dir='ltr'>ἑαυτᾶ</span> <span class='ocrx_word' id='word_1_547' title='bbox 1160 3552 1431 3629; x_wconf 85' lang='grc' dir='ltr'>λεγόμενα</span> <span class='ocrx_word' id='word_1_548' title='bbox 1460 3553 1585 3626; x_wconf 78' lang='grc' dir='ltr'>περὶ</span> <span class='ocrx_word' id='word_1_549' title='bbox 1631 3558 1728 3608; x_wconf 89' lang='grc' dir='ltr'><strong>τοῦ</strong></span> <span class='ocrx_word' id='word_1_550' title='bbox 1774 3554 1926 3628; x_wconf 83' lang='grc' dir='ltr'>ἁγίου</span> 
     </span>
    </p>
   </div>
   <div class='ocr_carea' id='block_1_71' title="bbox 272 3639 1921 3723">
    <p class='ocr_par' dir='ltr' id='par_1_71' title="bbox 272 3639 1921 3723">
     <span class='ocr_line' id='line_1_71' title="bbox 272 3639 1921 3723; baseline -0.006 -16"><span class='ocrx_word' id='word_1_551' title='bbox 272 3647 592 3723; x_wconf 73' lang='grc' dir='ltr'>ΙΙνεόματος</span> <span class='ocrx_word' id='word_1_552' title='bbox 635 3644 900 3702; x_wconf 85' lang='grc' dir='ltr'>δείκνυσιν</span> <span class='ocrx_word' id='word_1_553' title='bbox 947 3645 1081 3699; x_wconf 77' lang='grc' dir='ltr'>αὐτὸ</span> <span class='ocrx_word' id='word_1_554' title='bbox 1135 3641 1302 3716; x_wconf 72' lang='grc' dir='ltr'>μηδὲν</span> <span class='ocrx_word' id='word_1_555' title='bbox 1356 3643 1538 3698; x_wconf 88' lang='grc' dir='ltr'>κοινὸν</span> <span class='ocrx_word' id='word_1_556' title='bbox 1592 3639 1734 3715; x_wconf 77' lang='grc' dir='ltr'>μηδὲ</span> <span class='ocrx_word' id='word_1_557' title='bbox 1784 3639 1921 3697; x_wconf 63' lang='grc' dir='ltr'>ἴδιον</span> 
     </span>
    </p>
   </div>
   <div class='ocr_carea' id='block_1_72' title="bbox 272 3730 1921 3814">
    <p class='ocr_par' dir='ltr' id='par_1_72' title="bbox 272 3730 1921 3814">
     <span class='ocr_line' id='line_1_72' title="bbox 272 3730 1921 3814; baseline -0.003 -21"><span class='ocrx_word' id='word_1_558' title='bbox 272 3733 424 3814; x_wconf 82' lang='grc' dir='ltr'>ἔχειν</span> <span class='ocrx_word' id='word_1_559' title='bbox 482 3759 536 3792; x_wconf 91' lang='grc' dir='ltr'><strong>τι</strong></span> <span class='ocrx_word' id='word_1_560' title='bbox 592 3739 660 3809; x_wconf 79' lang='grc' dir='ltr'><strong>τῇ</strong></span> <span class='ocrx_word' id='word_1_561' title='bbox 721 3735 875 3813; x_wconf 70' lang='grc' dir='ltr'>φύσει</span> <span class='ocrx_word' id='word_1_562' title='bbox 917 3734 1004 3789; x_wconf 83' lang='grc' dir='ltr'><strong>καὶ</strong></span> <span class='ocrx_word' id='word_1_563' title='bbox 1050 3735 1117 3807; x_wconf 80' lang='grc' dir='ltr'><strong>τῇ</strong></span> <span class='ocrx_word' id='word_1_564' title='bbox 1150 3731 1310 3804; x_wconf 79' lang='grc' dir='ltr'>οὐσίᾳ</span> <span class='ocrx_word' id='word_1_565' title='bbox 1349 3730 1486 3806; x_wconf 79' lang='grc' dir='ltr'>πρὸς</span> <span class='ocrx_word' id='word_1_566' title='bbox 1531 3731 1600 3787; x_wconf 75' lang='grc' dir='ltr'><strong>τὰ</strong></span> <span class='ocrx_word' id='word_1_567' title='bbox 1635 3731 1921 3806; x_wconf 88' lang='grc' dir='ltr'>κτίσματα,</span> 
     </span>
    </p>
   </div>
   <div class='ocr_carea' id='block_1_73' title="bbox 271 3817 1920 3898">
    <p class='ocr_par' dir='ltr' id='par_1_73' title="bbox 271 3817 1920 3898">
     <span class='ocr_line' id='line_1_73' title="bbox 271 3817 1920 3898; baseline -0.004 -15"><span class='ocrx_word' id='word_1_568' title='bbox 271 3825 402 3883; x_wconf 82' lang='grc' dir='ltr'>ἀλλ’</span> <span class='ocrx_word' id='word_1_569' title='bbox 433 3823 574 3882; x_wconf 75' lang='grc' dir='ltr'>ἄλλο</span> <span class='ocrx_word' id='word_1_570' title='bbox 609 3824 702 3898; x_wconf 68' lang='grc' dir='ltr'>μὲν</span> <span class='ocrx_word' id='word_1_571' title='bbox 735 3823 872 3879; x_wconf 77' lang='grc' dir='ltr'>εἶναι</span> <span class='ocrx_word' id='word_1_572' title='bbox 900 3827 1010 3878; x_wconf 92' lang='grc' dir='ltr'><strong>τῶν</strong></span> <span class='ocrx_word' id='word_1_573' title='bbox 1057 3825 1324 3897; x_wconf 79' lang='grc' dir='ltr'>γενητῶν,</span> <span class='ocrx_word' id='word_1_574' title='bbox 1359 3818 1495 3875; x_wconf 68' lang='grc' dir='ltr'>ἴδιον</span> <span class='ocrx_word' id='word_1_575' title='bbox 1540 3817 1598 3875; x_wconf 74' lang='grc' dir='ltr'>δὲ</span> <span class='ocrx_word' id='word_1_576' title='bbox 1622 3820 1712 3875; x_wconf 74' lang='grc' dir='ltr'><strong>καὶ</strong></span> <span class='ocrx_word' id='word_1_577' title='bbox 1742 3821 1808 3876; x_wconf 79' lang='grc' dir='ltr'>οὐ</span> <span class='ocrx_word' id='word_1_578' title='bbox 1840 3821 1920 3891; x_wconf 76' lang='grc' dir='ltr'><strong>ξέ-</strong></span> 
     </span>
    </p>
   </div>
   <div class='ocr_carea' id='block_1_74' title="bbox 270 3906 1918 3987">
    <p class='ocr_par' dir='ltr' id='par_1_74' title="bbox 270 3906 1918 3987">
     <span class='ocr_line' id='line_1_74' title="bbox 270 3906 1918 3987; baseline -0.004 -15"><span class='ocrx_word' id='word_1_579' title='bbox 270 3938 363 3972; x_wconf 90' lang='grc' dir='ltr'><strong>νον</strong></span> <span class='ocrx_word' id='word_1_580' title='bbox 390 3922 489 3987; x_wconf 79' lang='grc' dir='ltr'>τῆς</span> <span class='ocrx_word' id='word_1_581' title='bbox 518 3919 614 3970; x_wconf 87' lang='grc' dir='ltr'><strong>τοῦ</strong></span> <span class='ocrx_word' id='word_1_582' title='bbox 645 3914 774 3969; x_wconf 76' lang='grc' dir='ltr'>Υἱοῦ</span> <span class='ocrx_word' id='word_1_583' title='bbox 804 3911 992 3974; x_wconf 79' lang='grc' dir='ltr'>οὐσίας</span> <span class='ocrx_word' id='word_1_584' title='bbox 1038 3910 1129 3966; x_wconf 85' lang='grc' dir='ltr'><strong>καὶ</strong></span> <span class='ocrx_word' id='word_1_585' title='bbox 1178 3911 1456 3982; x_wconf 81' lang='grc' dir='ltr'>θεότητος,</span> <span class='ocrx_word' id='word_1_586' title='bbox 1491 3906 1560 3964; x_wconf 89' lang='grc' dir='ltr'>δι’</span> <span class='ocrx_word' id='word_1_587' title='bbox 1604 3910 1666 3979; x_wconf 79' lang='grc' dir='ltr'>ἢν</span> <span class='ocrx_word' id='word_1_588' title='bbox 1700 3910 1789 3964; x_wconf 82' lang='grc' dir='ltr'><strong>καὶ</strong></span> <span class='ocrx_word' id='word_1_589' title='bbox 1817 3916 1918 3980; x_wconf 88' lang='grc' dir='ltr'><strong>τῆς</strong></span> 
     </span>
    </p>
   </div>
   <div class='ocr_carea' id='block_1_75' title="bbox 270 3996 1919 4081">
    <p class='ocr_par' dir='ltr' id='par_1_75' title="bbox 270 3996 1919 4081">
     <span class='ocr_line' id='line_1_75' title="bbox 270 3996 1919 4081; baseline -0.005 -20"><span class='ocrx_word' id='word_1_590' title='bbox 270 4004 424 4081; x_wconf 80' lang='grc' dir='ltr'>ἁγίας</span> <span class='ocrx_word' id='word_1_591' title='bbox 446 4000 680 4080; x_wconf 79' lang='grc' dir='ltr'>Τριάδος</span> <span class='ocrx_word' id='word_1_592' title='bbox 723 3999 805 4070; x_wconf 81' lang='grc' dir='ltr'><strong>δν,</strong></span> <span class='ocrx_word' id='word_1_593' title='bbox 854 3999 1203 4076; x_wconf 78' lang='grc' dir='ltr'>καταισχύνει</span> <span class='ocrx_word' id='word_1_594' title='bbox 1251 4000 1350 4068; x_wconf 82' lang='grc' dir='ltr'><strong>τήν</strong></span> <span class='ocrx_word' id='word_1_595' title='bbox 1398 3996 1615 4053; x_wconf 82' lang='grc' dir='ltr'>ἐκείνων</span> <span class='ocrx_word' id='word_1_596' title='bbox 1663 3997 1919 4070; x_wconf 79' lang='grc' dir='ltr'>ἀναισθη-</span> 
     </span>
    </p>
   </div>
   <div class='ocr_carea' id='block_1_76' title="bbox 267 4093 412 4151">
    <p class='ocr_par' dir='ltr' id='par_1_76' title="bbox 267 4093 412 4151">
     <span class='ocr_line' id='line_1_76' title="bbox 267 4093 412 4151; baseline 0.014 -2"><span class='ocrx_word' id='word_1_597' title='bbox 267 4093 387 4149; x_wconf 91' lang='grc' dir='ltr'>σίαν</span> <span class='ocrx_word' id='word_1_598' title='bbox 401 4139 412 4151; x_wconf 94' lang='grc'>.</span> 
     </span>
    </p>
   </div>
   <div class='ocr_carea' id='block_1_77' title="bbox 2034 3466 3685 3541">
    <p class='ocr_par' dir='ltr' id='par_1_77' title="bbox 2034 3466 3685 3541">
     <span class='ocr_line' id='line_1_77' title="bbox 2034 3466 3685 3541; baseline -0.001 -16"><span class='ocrx_word' id='word_1_599' title='bbox 2034 3477 2087 3526; x_wconf 89' lang='lat' dir='ltr'><strong>et</strong></span> <span class='ocrx_word' id='word_1_600' title='bbox 2115 3468 2285 3524; x_wconf 90' lang='lat' dir='ltr'><strong>multi</strong></span> <span class='ocrx_word' id='word_1_601' title='bbox 2319 3472 2458 3525; x_wconf 87' lang='lat' dir='ltr'><strong>sunt</strong></span> <span class='ocrx_word' id='word_1_602' title='bbox 2479 3468 2667 3541; x_wconf 89' lang='lat' dir='ltr'><strong>angeli</strong></span> <span class='ocrx_word' id='word_1_603' title='bbox 2696 3487 2711 3537; x_wconf 90' lang='lat'><strong>;</strong></span> <span class='ocrx_word' id='word_1_604' title='bbox 2744 3485 3012 3541; x_wconf 60' lang='lat' dir='ltr'><strong>quisnam</strong></span> <span class='ocrx_word' id='word_1_605' title='bbox 3046 3466 3376 3524; x_wconf 88' lang='lat' dir='ltr'><strong>similitudo</strong></span> <span class='ocrx_word' id='word_1_606' title='bbox 3427 3467 3685 3539; x_wconf 88' lang='lat' dir='ltr'><strong>Spiritus</strong></span> 
     </span>
    </p>
   </div>
   <div class='ocr_carea' id='block_1_78' title="bbox 2033 3556 3684 3629">
    <p class='ocr_par' dir='ltr' id='par_1_78' title="bbox 2033 3556 3684 3629">
     <span class='ocr_line' id='line_1_78' title="bbox 2033 3556 3684 3629; baseline -0.001 -16"><span class='ocrx_word' id='word_1_607' title='bbox 2033 3574 2168 3613; x_wconf 89' lang='lat' dir='ltr'><strong>cum</strong></span> <span class='ocrx_word' id='word_1_608' title='bbox 2203 3559 2378 3613; x_wconf 74' lang='lat' dir='ltr'><strong>rebus</strong></span> <span class='ocrx_word' id='word_1_609' title='bbox 2427 3557 2640 3615; x_wconf 82' lang='lat' dir='ltr'><strong>factis?</strong></span> <span class='ocrx_word' id='word_1_610' title='bbox 2681 3560 2923 3614; x_wconf 87' lang='lat' dir='ltr'><strong>Constat</strong></span> <span class='ocrx_word' id='word_1_611' title='bbox 2967 3556 3212 3629; x_wconf 90' lang='lat' dir='ltr'><strong>proinde</strong></span> <span class='ocrx_word' id='word_1_612' title='bbox 3253 3556 3534 3628; x_wconf 83' lang='lat' dir='ltr'><strong>Spiritum</strong></span> <span class='ocrx_word' id='word_1_613' title='bbox 3568 3574 3684 3613; x_wconf 89' lang='lat' dir='ltr'><strong>non</strong></span> 
     </span>
    </p>
   </div>
   <div class='ocr_carea' id='block_1_79' title="bbox 2031 3646 3678 3719">
    <p class='ocr_par' dir='ltr' id='par_1_79' title="bbox 2031 3646 3678 3719">
     <span class='ocr_line' id='line_1_79' title="bbox 2031 3646 3678 3719; baseline -0.001 -16"><span class='ocrx_word' id='word_1_614' title='bbox 2031 3664 2160 3703; x_wconf 90' lang='lat' dir='ltr'><strong>esse</strong></span> <span class='ocrx_word' id='word_1_615' title='bbox 2180 3646 2682 3718; x_wconf 81' lang='lat' dir='ltr'><strong>exmultis,neque</strong></span> <span class='ocrx_word' id='word_1_616' title='bbox 2702 3646 2877 3702; x_wconf 90' lang='lat' dir='ltr'><strong>etiam</strong></span> <span class='ocrx_word' id='word_1_617' title='bbox 2895 3646 3301 3719; x_wconf 90' lang='lat' dir='ltr'><strong>angelum,sed</strong></span> <span class='ocrx_word' id='word_1_618' title='bbox 3320 3662 3502 3701; x_wconf 89' lang='lat' dir='ltr'><strong>unum</strong></span> <span class='ocrx_word' id='word_1_619' title='bbox 3526 3661 3678 3717; x_wconf 87' lang='lat' dir='ltr'><strong>esse,</strong></span> 
     </span>
    </p>
   </div>
   <div class='ocr_carea' id='block_1_80' title="bbox 2028 3734 3681 3808">
    <p class='ocr_par' dir='ltr' id='par_1_80' title="bbox 2028 3734 3681 3808">
     <span class='ocr_line' id='line_1_80' title="bbox 2028 3734 3681 3808; baseline 0 -17"><span class='ocrx_word' id='word_1_620' title='bbox 2028 3735 2120 3793; x_wconf 90' lang='lat' dir='ltr'><strong>vel</strong></span> <span class='ocrx_word' id='word_1_621' title='bbox 2162 3736 2357 3808; x_wconf 90' lang='lat' dir='ltr'><strong>potius</strong></span> <span class='ocrx_word' id='word_1_622' title='bbox 2406 3736 2573 3792; x_wconf 83' lang='lat' dir='ltr'><strong>Verbi</strong></span> <span class='ocrx_word' id='word_1_623' title='bbox 2627 3736 2780 3808; x_wconf 90' lang='lat' dir='ltr'><strong>quod</strong></span> <span class='ocrx_word' id='word_1_624' title='bbox 2829 3752 3014 3791; x_wconf 88' lang='lat' dir='ltr'><strong>unum</strong></span> <span class='ocrx_word' id='word_1_625' title='bbox 3070 3739 3180 3805; x_wconf 89' lang='lat' dir='ltr'><strong>est,</strong></span> <span class='ocrx_word' id='word_1_626' title='bbox 3234 3735 3330 3789; x_wconf 85' lang='lat' dir='ltr'><strong>Dei</strong></span> <span class='ocrx_word' id='word_1_627' title='bbox 3389 3736 3489 3806; x_wconf 88' lang='lat' dir='ltr'><strong>qui</strong></span> <span class='ocrx_word' id='word_1_628' title='bbox 3539 3734 3681 3791; x_wconf 91' lang='lat' dir='ltr'><strong>item</strong></span> 
     </span>
    </p>
   </div>
   <div class='ocr_carea' id='block_1_81' title="bbox 2030 3823 3680 3897">
    <p class='ocr_par' dir='ltr' id='par_1_81' title="bbox 2030 3823 3680 3897">
     <span class='ocr_line' id='line_1_81' title="bbox 2030 3823 3680 3897; baseline -0.001 -16"><span class='ocrx_word' id='word_1_629' title='bbox 2030 3842 2187 3881; x_wconf 88' lang='lat' dir='ltr'><strong>unus</strong></span> <span class='ocrx_word' id='word_1_630' title='bbox 2209 3829 2299 3880; x_wconf 89' lang='lat' dir='ltr'><strong>est</strong></span> <span class='ocrx_word' id='word_1_631' title='bbox 2327 3824 2626 3897; x_wconf 87' lang='lat' dir='ltr'><strong>proprium</strong></span> <span class='ocrx_word' id='word_1_632' title='bbox 2661 3828 2720 3880; x_wconf 88' lang='lat' dir='ltr'><strong>et</strong></span> <span class='ocrx_word' id='word_1_633' title='bbox 2750 3823 3315 3880; x_wconf 85' lang='lat' dir='ltr'><strong>consubstantialem</strong></span> <span class='ocrx_word' id='word_1_634' title='bbox 3349 3839 3499 3879; x_wconf 86' lang='lat' dir='ltr'><strong>esse.</strong></span> <span class='ocrx_word' id='word_1_635' title='bbox 3548 3823 3680 3879; x_wconf 63' lang='lat' dir='ltr'><strong>Hac</strong></span> 
     </span>
    </p>
   </div>
   <div class='ocr_carea' id='block_1_82' title="bbox 2028 3911 3677 3985">
    <p class='ocr_par' dir='ltr' id='par_1_82' title="bbox 2028 3911 3677 3985">
     <span class='ocr_line' id='line_1_82' title="bbox 2028 3911 3677 3985; baseline -0.002 -16"><span class='ocrx_word' id='word_1_636' title='bbox 2028 3918 2182 3971; x_wconf 90' lang='lat' dir='ltr'><strong>certe</strong></span> <span class='ocrx_word' id='word_1_637' title='bbox 2211 3913 2298 3969; x_wconf 85' lang='lat' dir='ltr'><strong>vel</strong></span> <span class='ocrx_word' id='word_1_638' title='bbox 2331 3912 2477 3980; x_wconf 89' lang='lat' dir='ltr'><strong>sola,</strong></span> <span class='ocrx_word' id='word_1_639' title='bbox 2511 3929 2639 3984; x_wconf 70' lang='lat' dir='ltr'><strong>quae</strong></span> <span class='ocrx_word' id='word_1_640' title='bbox 2671 3914 2742 3968; x_wconf 92' lang='lat' dir='ltr'><strong>de</strong></span> <span class='ocrx_word' id='word_1_641' title='bbox 2786 3913 3003 3985; x_wconf 85' lang='lat' dir='ltr'><strong>Spiritu</strong></span> <span class='ocrx_word' id='word_1_642' title='bbox 3050 3916 3253 3969; x_wconf 89' lang='lat' dir='ltr'><strong>sancto</strong></span> <span class='ocrx_word' id='word_1_643' title='bbox 3302 3911 3576 3980; x_wconf 89' lang='lat' dir='ltr'><strong>dicimus,</strong></span> <span class='ocrx_word' id='word_1_644' title='bbox 3628 3913 3677 3969; x_wconf 88' lang='lat' dir='ltr'><strong>si</strong></span> 
     </span>
    </p>
   </div>
   <div class='ocr_carea' id='block_1_83' title="bbox 2027 3999 3679 4073">
    <p class='ocr_par' dir='ltr' id='par_1_83' title="bbox 2027 3999 3679 4073">
     <span class='ocr_line' id='line_1_83' title="bbox 2027 3999 3679 4073; baseline -0.003 -14"><span class='ocrx_word' id='word_1_645' title='bbox 2027 4001 2277 4059; x_wconf 88' lang='lat' dir='ltr'><strong>seorsim</strong></span> <span class='ocrx_word' id='word_1_646' title='bbox 2308 4000 2484 4056; x_wconf 87' lang='lat' dir='ltr'><strong>etiam</strong></span> <span class='ocrx_word' id='word_1_647' title='bbox 2515 4000 2984 4070; x_wconf 88' lang='lat' dir='ltr'><strong>oonsiderentur,</strong></span> <span class='ocrx_word' id='word_1_648' title='bbox 3035 4002 3228 4073; x_wconf 88' lang='lat' dir='ltr'><strong>palam</strong></span> <span class='ocrx_word' id='word_1_649' title='bbox 3258 3999 3485 4057; x_wconf 80' lang='lat' dir='ltr'><strong>faciunt</strong></span> <span class='ocrx_word' id='word_1_650' title='bbox 3531 3999 3679 4055; x_wconf 85' lang='lat' dir='ltr'><strong>nihil</strong></span> 
     </span>
    </p>
   </div>
   <div class='ocr_carea' id='block_1_84' title="bbox 2025 4088 3679 4163">
    <p class='ocr_par' dir='ltr' id='par_1_84' title="bbox 2025 4088 3679 4163">
     <span class='ocr_line' id='line_1_84' title="bbox 2025 4088 3679 4163; baseline -0.001 -16"><span class='ocrx_word' id='word_1_651' title='bbox 2025 4089 2193 4147; x_wconf 91' lang='lat' dir='ltr'><strong>illum</strong></span> <span class='ocrx_word' id='word_1_652' title='bbox 2225 4106 2539 4146; x_wconf 89' lang='lat' dir='ltr'><strong>commune</strong></span> <span class='ocrx_word' id='word_1_653' title='bbox 2568 4094 2669 4145; x_wconf 89' lang='lat' dir='ltr'><strong>aut</strong></span> <span class='ocrx_word' id='word_1_654' title='bbox 2699 4089 3002 4163; x_wconf 91' lang='lat' dir='ltr'><strong>proprium</strong></span> <span class='ocrx_word' id='word_1_655' title='bbox 3027 4094 3236 4146; x_wconf 87' lang='lat' dir='ltr'><strong>natura</strong></span> <span class='ocrx_word' id='word_1_656' title='bbox 3259 4094 3316 4144; x_wconf 91' lang='lat' dir='ltr'><strong>et</strong></span> <span class='ocrx_word' id='word_1_657' title='bbox 3344 4088 3679 4145; x_wconf 84' lang='lat' dir='ltr'><strong>substantia</strong></span> 
     </span>
    </p>
   </div>
   <div class='ocr_carea' id='block_1_85' title="bbox 266 4174 3678 4252">
    <p class='ocr_par' dir='ltr' id='par_1_85' title="bbox 266 4174 3678 4252">
     <span class='ocr_line' id='line_1_85' title="bbox 266 4174 3678 4252; baseline -0.002 -11"><span class='ocrx_word' id='word_1_658' title='bbox 266 4200 405 4241; x_wconf 88' lang='lat' dir='ltr'><strong>cum</strong></span> <span class='ocrx_word' id='word_1_659' title='bbox 438 4184 614 4239; x_wconf 88' lang='lat' dir='ltr'><strong>rebus</strong></span> <span class='ocrx_word' id='word_1_660' title='bbox 644 4181 857 4238; x_wconf 88' lang='lat' dir='ltr'><strong>creatis</strong></span> <span class='ocrx_word' id='word_1_661' title='bbox 891 4180 1108 4237; x_wconf 89' lang='lat' dir='ltr'><strong>habere</strong></span> <span class='ocrx_word' id='word_1_662' title='bbox 1139 4195 1152 4233; x_wconf 88' lang='lat'><strong>:</strong></span> <span class='ocrx_word' id='word_1_663' title='bbox 1180 4178 1278 4234; x_wconf 86' lang='lat' dir='ltr'><strong>sed</strong></span> <span class='ocrx_word' id='word_1_664' title='bbox 1312 4193 1445 4235; x_wconf 86' lang='lat' dir='ltr'><strong>vere</strong></span> <span class='ocrx_word' id='word_1_665' title='bbox 1475 4176 1652 4232; x_wconf 90' lang='lat' dir='ltr'><strong>alium</strong></span> <span class='ocrx_word' id='word_1_666' title='bbox 1687 4194 1819 4235; x_wconf 89' lang='lat' dir='ltr'><strong>eum</strong></span> <span class='ocrx_word' id='word_1_667' title='bbox 1854 4194 1983 4235; x_wconf 87' lang='lat' dir='ltr'><strong>esse</strong></span> <span class='ocrx_word' id='word_1_668' title='bbox 2013 4197 2047 4236; x_wconf 84' lang='lat' dir='ltr'><strong>a</strong></span> <span class='ocrx_word' id='word_1_669' title='bbox 2074 4180 2251 4237; x_wconf 91' lang='lat' dir='ltr'><strong>rebus</strong></span> <span class='ocrx_word' id='word_1_670' title='bbox 2280 4179 2464 4249; x_wconf 87' lang='lat' dir='ltr'><strong>factis,</strong></span> <span class='ocrx_word' id='word_1_671' title='bbox 2496 4179 2917 4252; x_wconf 88' lang='lat' dir='ltr'><strong>propriumque</strong></span> <span class='ocrx_word' id='word_1_672' title='bbox 2949 4194 3055 4235; x_wconf 87' lang='lat' dir='ltr'><strong>nec</strong></span> <span class='ocrx_word' id='word_1_673' title='bbox 3084 4178 3339 4237; x_wconf 86' lang='lat' dir='ltr'><strong>alienum</strong></span> <span class='ocrx_word' id='word_1_674' title='bbox 3373 4174 3501 4232; x_wconf 89' lang='lat' dir='ltr'><strong>Filii</strong></span> <span class='ocrx_word' id='word_1_675' title='bbox 3532 4176 3678 4234; x_wconf 90' lang='lat' dir='ltr'><strong>sub-</strong></span> 
     </span>
    </p>
   </div>
   <div class='ocr_carea' id='block_1_86' title="bbox 266 4266 3559 4341">
    <p class='ocr_par' dir='ltr' id='par_1_86' title="bbox 266 4266 3559 4341">
     <span class='ocr_line' id='line_1_86' title="bbox 266 4266 3559 4341; baseline -0.002 -11"><span class='ocrx_word' id='word_1_676' title='bbox 266 4273 498 4330; x_wconf 67' lang='lat' dir='ltr'><strong>stantiae</strong></span> <span class='ocrx_word' id='word_1_677' title='bbox 529 4276 589 4329; x_wconf 90' lang='lat' dir='ltr'><strong>et</strong></span> <span class='ocrx_word' id='word_1_678' title='bbox 620 4270 945 4327; x_wconf 88' lang='lat' dir='ltr'><strong>divinitatis</strong></span> <span class='ocrx_word' id='word_1_679' title='bbox 977 4286 1127 4335; x_wconf 88' lang='lat' dir='ltr'><strong>esse,</strong></span> <span class='ocrx_word' id='word_1_680' title='bbox 1161 4272 1396 4341; x_wconf 88' lang='lat' dir='ltr'><strong>propter</strong></span> <span class='ocrx_word' id='word_1_681' title='bbox 1417 4283 1592 4339; x_wconf 88' lang='lat' dir='ltr'><strong>quam</strong></span> <span class='ocrx_word' id='word_1_682' title='bbox 1620 4284 1750 4322; x_wconf 90' lang='lat' dir='ltr'><strong>cum</strong></span> <span class='ocrx_word' id='word_1_683' title='bbox 1780 4267 1859 4324; x_wconf 88' lang='lat' dir='ltr'><strong>sit</strong></span> <span class='ocrx_word' id='word_1_684' title='bbox 1889 4274 2098 4325; x_wconf 70' lang='lat' dir='ltr'><strong>sancta:</strong></span> <span class='ocrx_word' id='word_1_685' title='bbox 2122 4269 2447 4334; x_wconf 85' lang='lat' dir='ltr'><strong>Trinitatis,</strong></span> <span class='ocrx_word' id='word_1_686' title='bbox 2475 4268 2608 4324; x_wconf 91' lang='lat' dir='ltr'><strong>illos</strong></span> <span class='ocrx_word' id='word_1_687' title='bbox 2638 4268 2726 4325; x_wconf 88' lang='lat' dir='ltr'><strong>vel</strong></span> <span class='ocrx_word' id='word_1_688' title='bbox 2756 4268 2969 4324; x_wconf 90' lang='lat' dir='ltr'><strong>invitos</strong></span> <span class='ocrx_word' id='word_1_689' title='bbox 3000 4268 3224 4341; x_wconf 91' lang='lat' dir='ltr'><strong>pudore</strong></span> <span class='ocrx_word' id='word_1_690' title='bbox 3252 4266 3559 4324; x_wconf 76' lang='lat' dir='ltr'><strong>suffundit.</strong></span> 
     </span>
    </p>
   </div>
   <div class='ocr_carea' id='block_1_87' title="bbox 335 4354 1916 4433">
    <p class='ocr_par' dir='ltr' id='par_1_87' title="bbox 335 4354 1916 4433">
     <span class='ocr_line' id='line_1_87' title="bbox 335 4354 1916 4433; baseline -0.001 -20"><span class='ocrx_word' id='word_1_691' title='bbox 335 4363 425 4417; x_wconf 83' lang='lat'><strong>28.</strong></span> <span class='ocrx_word' id='word_1_692' title='bbox 461 4357 696 4432; x_wconf 84' lang='grc' dir='ltr'>’Ίδωμεν</span> <span class='ocrx_word' id='word_1_693' title='bbox 729 4356 787 4414; x_wconf 75' lang='grc' dir='ltr'>δὲ</span> <span class='ocrx_word' id='word_1_694' title='bbox 815 4360 970 4432; x_wconf 91' lang='grc' dir='ltr'>ὅμως</span> <span class='ocrx_word' id='word_1_695' title='bbox 999 4358 1088 4412; x_wconf 86' lang='grc' dir='ltr'><strong>καὶ</strong></span> <span class='ocrx_word' id='word_1_696' title='bbox 1134 4354 1271 4433; x_wconf 84' lang='grc' dir='ltr'><strong>πρὸς</strong></span> <span class='ocrx_word' id='word_1_697' title='bbox 1305 4355 1521 4417; x_wconf 71' lang='grc' dir='ltr'>τούτοις</span> <span class='ocrx_word' id='word_1_698' title='bbox 1555 4357 1667 4428; x_wconf 83' lang='grc'>(41)</span> <span class='ocrx_word' id='word_1_699' title='bbox 1697 4355 1786 4410; x_wconf 84' lang='grc' dir='ltr'><strong>καὶ</strong></span> <span class='ocrx_word' id='word_1_700' title='bbox 1820 4356 1916 4411; x_wconf 81' lang='grc' dir='ltr'><strong>αὖ·</strong></span> 
     </span>
    </p>
   </div>
   <div class='ocr_carea' id='block_1_88' title="bbox 260 4442 1915 4525">
    <p class='ocr_par' dir='ltr' id='par_1_88' title="bbox 260 4442 1915 4525">
     <span class='ocr_line' id='line_1_88' title="bbox 260 4442 1915 4525; baseline -0.003 -21"><span class='ocrx_word' id='word_1_701' title='bbox 260 4453 365 4521; x_wconf 74' lang='grc' dir='ltr'><strong>τήν</strong></span> <span class='ocrx_word' id='word_1_702' title='bbox 420 4451 523 4520; x_wconf 81' lang='grc' dir='ltr'><strong>τήν</strong></span> <span class='ocrx_word' id='word_1_703' title='bbox 577 4448 630 4520; x_wconf 78' lang='grc' dir='ltr'>ἐξ</span> <span class='ocrx_word' id='word_1_704' title='bbox 679 4449 857 4525; x_wconf 77' lang='grc' dir='ltr'>ἀρχῆς</span> <span class='ocrx_word' id='word_1_705' title='bbox 912 4444 1207 4520; x_wconf 75' lang='grc' dir='ltr'>παράδοσιν</span> <span class='ocrx_word' id='word_1_706' title='bbox 1265 4445 1354 4501; x_wconf 78' lang='grc' dir='ltr'><strong>καὶ</strong></span> <span class='ocrx_word' id='word_1_707' title='bbox 1417 4442 1766 4501; x_wconf 83' lang='grc' dir='ltr'>διδασκαλίαν</span> <span class='ocrx_word' id='word_1_708' title='bbox 1823 4445 1915 4501; x_wconf 85' lang='grc' dir='ltr'><strong>καὶ</strong></span> 
     </span>
    </p>
   </div>
   <div class='ocr_carea' id='block_1_89' title="bbox 260 4533 1914 4610">
    <p class='ocr_par' dir='ltr' id='par_1_89' title="bbox 260 4533 1914 4610">
     <span class='ocr_line' id='line_1_89' title="bbox 260 4533 1914 4610; baseline -0.005 -14"><span class='ocrx_word' id='word_1_709' title='bbox 260 4538 447 4596; x_wconf 83' lang='grc' dir='ltr'>πίστιν</span> <span class='ocrx_word' id='word_1_710' title='bbox 490 4544 591 4608; x_wconf 86' lang='grc' dir='ltr'><strong>τῆς</strong></span> <span class='ocrx_word' id='word_1_711' title='bbox 637 4538 939 4607; x_wconf 84' lang='grc' dir='ltr'>καΘοΛικῆς</span> <span class='ocrx_word' id='word_1_712' title='bbox 987 4533 1340 4606; x_wconf 79' lang='grc' dir='ltr'>Ἑκκλησίας,</span> <span class='ocrx_word' id='word_1_713' title='bbox 1382 4536 1443 4604; x_wconf 80' lang='grc' dir='ltr'>ἦν</span> <span class='ocrx_word' id='word_1_714' title='bbox 1491 4534 1520 4589; x_wconf 86' lang='grc' dir='ltr'>ὁ</span> <span class='ocrx_word' id='word_1_715' title='bbox 1571 4534 1666 4607; x_wconf 77' lang='grc' dir='ltr'>μὲν</span> <span class='ocrx_word' id='word_1_716' title='bbox 1714 4534 1914 4610; x_wconf 82' lang='grc' dir='ltr'>Κύριος</span> 
     </span>
    </p>
   </div>
   <div class='ocr_carea' id='block_1_90' title="bbox 260 4622 1910 4700">
    <p class='ocr_par' dir='ltr' id='par_1_90' title="bbox 260 4622 1910 4700">
     <span class='ocr_line' id='line_1_90' title="bbox 260 4622 1910 4700; baseline -0.003 -16"><span class='ocrx_word' id='word_1_717' title='bbox 260 4623 487 4699; x_wconf 80' lang='grc' dir='ltr'>ἔδωκεν,</span> <span class='ocrx_word' id='word_1_718' title='bbox 535 4628 588 4683; x_wconf 78' lang='grc' dir='ltr'>οἱ</span> <span class='ocrx_word' id='word_1_719' title='bbox 648 4624 706 4682; x_wconf 76' lang='grc' dir='ltr'>δὲ</span> <span class='ocrx_word' id='word_1_720' title='bbox 750 4623 1049 4682; x_wconf 84' lang='grc' dir='ltr'>ἀπόστολοι</span> <span class='ocrx_word' id='word_1_721' title='bbox 1107 4624 1389 4700; x_wconf 76' lang='grc' dir='ltr'>ἐκήρυξαν,</span> <span class='ocrx_word' id='word_1_722' title='bbox 1439 4622 1529 4679; x_wconf 83' lang='grc' dir='ltr'><strong>καὶ</strong></span> <span class='ocrx_word' id='word_1_723' title='bbox 1577 4644 1631 4678; x_wconf 92' lang='grc' dir='ltr'><strong>οι</strong></span> <span class='ocrx_word' id='word_1_724' title='bbox 1687 4624 1910 4700; x_wconf 74' lang='grc' dir='ltr'>πατέρες</span> 
     </span>
    </p>
   </div>
   <div class='ocr_carea' id='block_1_91' title="bbox 332 4755 778 4824">
    <p class='ocr_par' dir='ltr' id='par_1_91' title="bbox 332 4755 778 4824">
     <span class='ocr_line' id='line_1_91' title="bbox 332 4755 778 4824; baseline -0.002 -12"><span class='ocrx_word' id='word_1_725' title='bbox 332 4757 381 4792; x_wconf 76' lang='grc'>⁸⁸</span> <span class='ocrx_word' id='word_1_726' title='bbox 408 4755 579 4812; x_wconf 88' lang='lat' dir='ltr'><strong>Hebr.</strong></span> <span class='ocrx_word' id='word_1_727' title='bbox 612 4772 695 4824; x_wconf 86' lang='lat' dir='ltr'><strong>v1,</strong></span> <span class='ocrx_word' id='word_1_728' title='bbox 725 4755 778 4811; x_wconf 75' lang='grc'><strong>4.</strong></span> 
     </span>
    </p>
   </div>
   <div class='ocr_carea' id='block_1_92' title="bbox 259 4872 1912 4957">
    <p class='ocr_par' dir='ltr' id='par_1_92' title="bbox 259 4872 1912 4957">
     <span class='ocr_line' id='line_1_92' title="bbox 259 4872 1912 4957; baseline -0.004 -17"><span class='ocrx_word' id='word_1_729' title='bbox 259 4886 400 4957; x_wconf 78' lang='lat' dir='ltr'><strong>post</strong></span> <span class='ocrx_word' id='word_1_730' title='bbox 428 4874 1064 4957; x_wconf 41' lang='grc' dir='ltr'>ἀμφίᾷολονηρωίἥυοι</span> <span class='ocrx_word' id='word_1_731' title='bbox 1096 4897 1109 4935; x_wconf 89' lang='lat'>:</span> <span class='ocrx_word' id='word_1_732' title='bbox 1144 4878 1444 4957; x_wconf 68' lang='lat' dir='ltr'><strong>iidemque</strong></span> <span class='ocrx_word' id='word_1_733' title='bbox 1481 4881 1612 4957; x_wconf 82' lang='lat' dir='ltr'><strong>post</strong></span> <span class='ocrx_word' id='word_1_734' title='bbox 1659 4872 1782 4957; x_wconf 57' lang='grc' dir='ltr'>οὔτε</span> <span class='ocrx_word' id='word_1_735' title='bbox 1820 4894 1912 4957; x_wconf 75' lang='lat' dir='ltr'><strong>se-</strong></span> 
     </span>
    </p>
   </div>
   <div class='ocr_carea' id='block_1_93' title="bbox 260 4949 1913 5028">
    <p class='ocr_par' dir='ltr' id='par_1_93' title="bbox 260 4949 1913 5028">
     <span class='ocr_line' id='line_1_93' title="bbox 260 4949 1913 5028; baseline -0.005 -17"><span class='ocrx_word' id='word_1_736' title='bbox 260 4949 723 5028; x_wconf 48' lang='lat' dir='ltr'><strong>quens&#39;a&#39;ddunt</strong></span> <span class='ocrx_word' id='word_1_737' title='bbox 751 4950 918 5019; x_wconf 85' lang='grc' dir='ltr'>ὅλως,</span> <span class='ocrx_word' id='word_1_738' title='bbox 950 4968 1078 5023; x_wconf 70' lang='lat' dir='ltr'><strong>qum</strong></span> <span class='ocrx_word' id='word_1_739' title='bbox 1108 4968 1211 5007; x_wconf 86' lang='lat' dir='ltr'><strong>vox</strong></span> <span class='ocrx_word' id='word_1_740' title='bbox 1248 4952 1319 5006; x_wconf 87' lang='lat' dir='ltr'><strong>ab</strong></span> <span class='ocrx_word' id='word_1_741' title='bbox 1350 4949 1481 5005; x_wconf 87' lang='lat' dir='ltr'><strong>aliis</strong></span> <span class='ocrx_word' id='word_1_742' title='bbox 1519 4954 1578 5006; x_wconf 91' lang='lat' dir='ltr'><strong>et</strong></span> <span class='ocrx_word' id='word_1_743' title='bbox 1607 4950 1782 5004; x_wconf 88' lang='lat' dir='ltr'><strong>editis</strong></span> <span class='ocrx_word' id='word_1_744' title='bbox 1811 4949 1913 5005; x_wconf 88' lang='lat' dir='ltr'><strong>ab-</strong></span> 
     </span>
    </p>
   </div>
   <div class='ocr_carea' id='block_1_94' title="bbox 260 5031 1911 5168">
    <p class='ocr_par' dir='ltr' id='par_1_94' title="bbox 260 5031 1911 5168">
     <span class='ocr_line' id='line_1_94' title="bbox 260 5031 1911 5168; baseline -0.002 -16"><span class='ocrx_word' id='word_1_745' title='bbox 260 5031 453 5168; x_wconf 46' lang='lat' dir='ltr'><strong>esi.35)</strong></span> <span class='ocrx_word' id='word_1_746' title='bbox 485 5096 577 5151; x_wconf 86' lang='lat' dir='ltr'><strong>Sic</strong></span> <span class='ocrx_word' id='word_1_747' title='bbox 608 5094 1079 5168; x_wconf 8' lang='lat' dir='ltr'><strong>Regiusjprimus</strong></span> <span class='ocrx_word' id='word_1_748' title='bbox 1107 5098 1164 5148; x_wconf 92' lang='lat' dir='ltr'><strong>et</strong></span> <span class='ocrx_word' id='word_1_749' title='bbox 1180 5097 1321 5168; x_wconf 73' lang='lat' dir='ltr'><strong>Seg.</strong></span> <span class='ocrx_word' id='word_1_750' title='bbox 1360 5094 1417 5147; x_wconf 88' lang='lat' dir='ltr'><strong>In</strong></span> <span class='ocrx_word' id='word_1_751' title='bbox 1451 5090 1613 5168; x_wconf 53' lang='lat' dir='ltr'><strong>(lolii.</strong></span> <span class='ocrx_word' id='word_1_752' title='bbox 1634 5096 1690 5145; x_wconf 90' lang='lat' dir='ltr'><strong>et</strong></span> <span class='ocrx_word' id='word_1_753' title='bbox 1718 5092 1911 5168; x_wconf 84' lang='lat' dir='ltr'><strong>F&#39;elck_.</strong></span> 
     </span>
    </p>
   </div>
   <div class='ocr_carea' id='block_1_95' title="bbox 307 5162 1912 5240">
    <p class='ocr_par' dir='ltr' id='par_1_95' title="bbox 307 5162 1912 5240">
     <span class='ocr_line' id='line_1_95' title="bbox 307 5162 1912 5240; baseline -0.004 -17"><span class='ocrx_word' id='word_1_754' title='bbox 307 5162 461 5223; x_wconf 86' lang='lat' dir='ltr'><strong>rimo</strong></span> <span class='ocrx_word' id='word_1_755' title='bbox 491 5168 657 5240; x_wconf 81' lang='lat' dir='ltr'><strong>deest</strong></span> <span class='ocrx_word' id='word_1_756' title='bbox 687 5162 981 5240; x_wconf 73' lang='lat' dir='ltr'><strong>particula</strong></span> <span class='ocrx_word' id='word_1_757' title='bbox 1007 5162 1128 5240; x_wconf 82' lang='grc' dir='ltr'>γάρ.</span> <span class='ocrx_word' id='word_1_758' title='bbox 1164 5162 1293 5240; x_wconf 33' lang='lat' dir='ltr'><strong>alii&quot;</strong></span> <span class='ocrx_word' id='word_1_759' title='bbox 1321 5168 1378 5218; x_wconf 87' lang='lat' dir='ltr'><strong>et</strong></span> <span class='ocrx_word' id='word_1_760' title='bbox 1424 5163 1603 5240; x_wconf 35' lang='lat' dir='ltr'><strong>editi“</strong></span> <span class='ocrx_word' id='word_1_761' title='bbox 1623 5179 1725 5240; x_wconf 78' lang='lat' dir='ltr'><strong>pro</strong></span> <span class='ocrx_word' id='word_1_762' title='bbox 1756 5162 1912 5240; x_wconf 78' lang='grc' dir='ltr'>φησι,</span> 
     </span>
    </p>
   </div>
   <div class='ocr_carea' id='block_1_96' title="bbox 259 5187 1705 5316">
    <p class='ocr_par' dir='ltr' id='par_1_96' title="bbox 259 5187 1705 5316">
     <span class='ocr_line' id='line_1_96' title="bbox 307 5187 1705 5249; baseline -0.004 -26"><span class='ocrx_word' id='word_1_763' title='bbox 307 5187 461 5223; x_wconf 75' lang='grc' dir='ltr'><strong>ῙῚΠΙΟ</strong></span> <span class='ocrx_word' id='word_1_764' title='bbox 491 5187 657 5223; x_wconf 74' lang='grc' dir='ltr'>αΘΘΒῘι</span> <span class='ocrx_word' id='word_1_765' title='bbox 687 5187 981 5249; x_wconf 55' lang='lat' dir='ltr'><strong>partlcma</strong></span> <span class='ocrx_word' id='word_1_766' title='bbox 1007 5187 1076 5238; x_wconf 80' lang='grc' dir='ltr'><strong>γα</strong></span> <span class='ocrx_word' id='word_1_767' title='bbox 1117 5208 1128 5218; x_wconf 91' lang='grc'><em>.</em></span> <span class='ocrx_word' id='word_1_768' title='bbox 1164 5187 1268 5219; x_wconf 69' lang='lat' dir='ltr'><strong>ﬂlll</strong></span> <span class='ocrx_word' id='word_1_769' title='bbox 1321 5187 1378 5218; x_wconf 67' lang='lat' dir='ltr'><strong>UL</strong></span> <span class='ocrx_word' id='word_1_770' title='bbox 1424 5187 1580 5245; x_wconf 53' lang='lat' dir='ltr'><strong>BUILI.</strong></span> <span class='ocrx_word' id='word_1_771' title='bbox 1625 5187 1705 5245; x_wconf 68' lang='grc' dir='ltr'><strong>ρῐί</strong></span> 
     </span>
     <span class='ocr_line' id='line_1_97' title="bbox 259 5187 1705 5316; baseline -0.007 -18"><span class='ocrx_word' id='word_1_772' title='bbox 259 5187 642 5316; x_wconf 54' lang='lat' dir='ltr'><strong>Eabentfetl.</strong></span> <span class='ocrx_word' id='word_1_773' title='bbox 678 5243 893 5311; x_wconf 70' lang='lat' dir='ltr'><strong>Regius</strong></span> <span class='ocrx_word' id='word_1_774' title='bbox 920 5239 957 5292; x_wconf 89' lang='lat'><strong>2</strong></span> <span class='ocrx_word' id='word_1_775' title='bbox 987 5241 1045 5292; x_wconf 92' lang='lat' dir='ltr'><strong>et</strong></span> <span class='ocrx_word' id='word_1_776' title='bbox 1071 5187 1274 5316; x_wconf 50' lang='lat' dir='ltr'><strong>{aptet</strong></span> <span class='ocrx_word' id='word_1_777' title='bbox 1301 5233 1434 5316; x_wconf 66' lang='grc' dir='ltr'>φησι</span> <span class='ocrx_word' id='word_1_778' title='bbox 1466 5237 1705 5316; x_wconf 76' lang='lat' dir='ltr'><strong>omittit.</strong></span> 
     </span>
    </p>
   </div>
   <div class='ocr_carea' id='block_1_97' title="bbox 334 5308 1909 5383">
    <p class='ocr_par' dir='ltr' id='par_1_97' title="bbox 334 5308 1909 5383">
     <span class='ocr_line' id='line_1_98' title="bbox 334 5308 1909 5383; baseline -0.006 -16"><span class='ocrx_word' id='word_1_779' title='bbox 334 5312 455 5383; x_wconf 88' lang='lat'><strong>(36)</strong></span> <span class='ocrx_word' id='word_1_780' title='bbox 487 5310 582 5367; x_wconf 89' lang='lat' dir='ltr'><strong>Sic</strong></span> <span class='ocrx_word' id='word_1_781' title='bbox 611 5308 817 5383; x_wconf 77' lang='lat' dir='ltr'><strong>omnes</strong></span> <span class='ocrx_word' id='word_1_782' title='bbox 849 5308 1496 5383; x_wconf 76' lang='lat' dir='ltr'><strong>manuscripticOdices</strong></span> <span class='ocrx_word' id='word_1_783' title='bbox 1543 5311 1749 5383; x_wconf 79' lang='lat' dir='ltr'><strong>praeter</strong></span> <span class='ocrx_word' id='word_1_784' title='bbox 1788 5309 1909 5383; x_wconf 66' lang='lat' dir='ltr'><strong>lte-</strong></span> 
     </span>
    </p>
   </div>
   <div class='ocr_carea' id='block_1_98' title="bbox 302 5375 1913 5452">
    <p class='ocr_par' dir='ltr' id='par_1_98' title="bbox 302 5375 1913 5452">
     <span class='ocr_line' id='line_1_99' title="bbox 302 5375 1913 5452; baseline -0.005 -16"><span class='ocrx_word' id='word_1_785' title='bbox 302 5375 498 5439; x_wconf 48' lang='lat' dir='ltr'><strong>ium&#39;2</strong></span> <span class='ocrx_word' id='word_1_786' title='bbox 527 5386 585 5438; x_wconf 91' lang='lat' dir='ltr'><strong>et</strong></span> <span class='ocrx_word' id='word_1_787' title='bbox 615 5381 864 5437; x_wconf 76' lang='lat' dir='ltr'><strong>Felckm.</strong></span> <span class='ocrx_word' id='word_1_788' title='bbox 898 5382 974 5452; x_wconf 60' lang='grc' dir='ltr'><strong>2,Δ</strong></span> <span class='ocrx_word' id='word_1_789' title='bbox 1008 5380 1105 5452; x_wconf 85' lang='lat' dir='ltr'><strong>qui</strong></span> <span class='ocrx_word' id='word_1_790' title='bbox 1153 5375 1377 5452; x_wconf 74' lang='lat' dir='ltr'><strong>habent</strong></span> <span class='ocrx_word' id='word_1_791' title='bbox 1415 5375 1751 5452; x_wconf 53' lang='lat' dir='ltr'><strong>ysv‘nbévrac.</strong></span> <span class='ocrx_word' id='word_1_792' title='bbox 1786 5381 1913 5452; x_wconf 61' lang='lat' dir='ltr'><strong>M0);</strong></span> 
     </span>
    </p>
   </div>
   <div class='ocr_carea' id='block_1_99' title="bbox 314 5446 1912 5574">
    <p class='ocr_par' dir='ltr' id='par_1_99' title="bbox 314 5446 1912 5574">
     <span class='ocr_line' id='line_1_100' title="bbox 314 5446 1912 5541; baseline -0.008 -30"><span class='ocrx_word' id='word_1_793' title='bbox 314 5471 410 5541; x_wconf 81' lang='lat' dir='ltr'><strong>eg.</strong></span> <span class='ocrx_word' id='word_1_794' title='bbox 443 5456 467 5509; x_wconf 91' lang='grc'><strong>1</strong></span> <span class='ocrx_word' id='word_1_795' title='bbox 502 5458 559 5509; x_wconf 90' lang='lat' dir='ltr'><strong>et</strong></span> <span class='ocrx_word' id='word_1_796' title='bbox 585 5457 639 5520; x_wconf 88' lang='lat'><strong>2,</strong></span> <span class='ocrx_word' id='word_1_797' title='bbox 673 5454 804 5537; x_wconf 73' lang='lat' dir='ltr'><strong>Seg.</strong></span> <span class='ocrx_word' id='word_1_798' title='bbox 837 5446 1571 5539; x_wconf 26' lang='grc' dir='ltr'><strong>6051.ὀιοΙῆθΙοΙίλκρινῖιηημε</strong></span> <span class='ocrx_word' id='word_1_799' title='bbox 1603 5449 1821 5505; x_wconf 86' lang='lat' dir='ltr'><strong>habent</strong></span> <span class='ocrx_word' id='word_1_800' title='bbox 1849 5446 1912 5499; x_wconf 79' lang='lat' dir='ltr'><strong>Oi</strong></span> 
     </span>
     <span class='ocr_line' id='line_1_101' title="bbox 314 5517 1731 5574; baseline -0.001 0"><span class='ocrx_word' id='word_1_801' title='bbox 314 5548 321 5574; x_wconf 87' lang='lat'><strong>-.</strong></span> <span class='ocrx_word' id='word_1_802' title='bbox 353 5522 599 5574; x_wconf 73' lang='grc' dir='ltr'>αννελοι.</span> <span class='ocrx_word' id='word_1_803' title='bbox 638 5524 748 5574; x_wconf 84' lang='lat' dir='ltr'><strong>Alu</strong></span> <span class='ocrx_word' id='word_1_804' title='bbox 783 5541 914 5574; x_wconf 84' lang='lat' dir='ltr'><strong>vero</strong></span> <span class='ocrx_word' id='word_1_805' title='bbox 944 5528 1002 5574; x_wconf 86' lang='lat' dir='ltr'><strong>et</strong></span> <span class='ocrx_word' id='word_1_806' title='bbox 1029 5524 1191 5574; x_wconf 76' lang='lat' dir='ltr'><strong>editi-</strong></span> <span class='ocrx_word' id='word_1_807' title='bbox 1226 5520 1271 5574; x_wconf 77' lang='grc' dir='ltr'><strong>εἰ</strong></span> <span class='ocrx_word' id='word_1_808' title='bbox 1302 5535 1360 5574; x_wconf 88' lang='grc' dir='ltr'><strong>οε</strong></span> <span class='ocrx_word' id='word_1_809' title='bbox 1391 5520 1443 5573; x_wconf 75' lang='grc' dir='ltr'>οἱ</span> <span class='ocrx_word' id='word_1_810' title='bbox 1485 5517 1731 5574; x_wconf 80' lang='grc' dir='ltr'>αγγελοι.</span> 
     </span>
    </p>
   </div>
   <div class='ocr_carea' id='block_1_100' title="bbox 258 5522 1910 5670">
    <p class='ocr_par' dir='ltr' id='par_1_100' title="bbox 258 5522 1910 5670">
     <span class='ocr_line' id='line_1_102' title="bbox 258 5522 1731 5593; baseline -0.005 -12"><span class='ocrx_word' id='word_1_811' title='bbox 258 5524 321 5581; x_wconf 71' lang='grc' dir='ltr'>δὲ</span> <span class='ocrx_word' id='word_1_812' title='bbox 351 5522 390 5580; x_wconf 65' lang='grc' dir='ltr'><strong>ά</strong></span> <span class='ocrx_word' id='word_1_813' title='bbox 460 5522 599 5580; x_wconf 81' lang='grc' dir='ltr'>ελοι.</span> <span class='ocrx_word' id='word_1_814' title='bbox 637 5522 914 5581; x_wconf 49' lang='lat' dir='ltr'><strong>Alii—vero</strong></span> <span class='ocrx_word' id='word_1_815' title='bbox 944 5528 1002 5579; x_wconf 88' lang='lat' dir='ltr'><strong>et</strong></span> <span class='ocrx_word' id='word_1_816' title='bbox 1029 5522 1191 5593; x_wconf 83' lang='lat' dir='ltr'><strong>editi,</strong></span> <span class='ocrx_word' id='word_1_817' title='bbox 1226 5522 1271 5574; x_wconf 78' lang='grc' dir='ltr'><strong>εἰ</strong></span> <span class='ocrx_word' id='word_1_818' title='bbox 1302 5522 1360 5575; x_wconf 76' lang='grc' dir='ltr'>δὲ</span> <span class='ocrx_word' id='word_1_819' title='bbox 1391 5522 1443 5573; x_wconf 76' lang='grc' dir='ltr'>οἱ</span> <span class='ocrx_word' id='word_1_820' title='bbox 1485 5522 1731 5593; x_wconf 82' lang='grc' dir='ltr'>ἄγγελοι.</span> 
     </span>
     <span class='ocr_line' id='line_1_103' title="bbox 335 5547 1910 5670; baseline -0.006 -17"><span class='ocrx_word' id='word_1_821' title='bbox 335 5547 457 5670; x_wconf 46' lang='grc' dir='ltr'><strong>(ἐς)</strong></span> <span class='ocrx_word' id='word_1_822' title='bbox 483 5598 576 5652; x_wconf 91' lang='lat' dir='ltr'><strong>Sic</strong></span> <span class='ocrx_word' id='word_1_823' title='bbox 605 5613 812 5670; x_wconf 85' lang='lat' dir='ltr'><strong>omnes</strong></span> <span class='ocrx_word' id='word_1_824' title='bbox 838 5594 1509 5670; x_wconf 69' lang='lat' dir='ltr'><strong>manuscripti,quorum</strong></span> <span class='ocrx_word' id='word_1_825' title='bbox 1543 5597 1737 5648; x_wconf 86' lang='lat' dir='ltr'><strong>tamen</strong></span> <span class='ocrx_word' id='word_1_826' title='bbox 1770 5596 1910 5670; x_wconf 72' lang='lat' dir='ltr'><strong>tres,</strong></span> 
     </span>
    </p>
   </div>
   <div class='ocr_carea' id='block_1_101' title="bbox 258 5660 1961 5742">
    <p class='ocr_par' dir='ltr' id='par_1_101' title="bbox 258 5660 1961 5742">
     <span class='ocr_line' id='line_1_104' title="bbox 258 5660 1961 5742; baseline -0.009 -16"><span class='ocrx_word' id='word_1_827' title='bbox 258 5660 484 5742; x_wconf 71' lang='lat' dir='ltr'><strong>nempe</strong></span> <span class='ocrx_word' id='word_1_828' title='bbox 516 5668 730 5739; x_wconf 81' lang='lat' dir='ltr'><strong>Regius</strong></span> <span class='ocrx_word' id='word_1_829' title='bbox 758 5667 972 5742; x_wconf 15' lang='lat' dir='ltr'><strong>2,,Seg.</strong></span> <span class='ocrx_word' id='word_1_830' title='bbox 1004 5670 1062 5742; x_wconf 86' lang='lat' dir='ltr'><strong>e_t</strong></span> <span class='ocrx_word' id='word_1_831' title='bbox 1085 5660 1355 5742; x_wconf 55' lang='lat' dir='ltr'><strong>Felcltin.</strong></span> <span class='ocrx_word' id='word_1_832' title='bbox 1388 5666 1424 5742; x_wconf 54' lang='grc' dir='ltr'>ξ</span> <span class='ocrx_word' id='word_1_833' title='bbox 1467 5680 1818 5742; x_wconf 61' lang='lat' dir='ltr'><strong>anonyinus,</strong></span> <span class='ocrx_word' id='word_1_834' title='bbox 1852 5660 1913 5742; x_wconf 66' lang='grc' dir='ltr'>οὐ</span> <span class='ocrx_word' id='word_1_835' title='bbox 1960 5708 1961 5711; x_wconf 44' lang='grc' dir='ltr'><strong>η</strong></span> 
     </span>
    </p>
   </div>
   <div class='ocr_carea' id='block_1_102' title="bbox 255 5732 1911 5806">
    <p class='ocr_par' dir='ltr' id='par_1_102' title="bbox 255 5732 1911 5806">
     <span class='ocr_line' id='line_1_105' title="bbox 255 5732 1911 5806; baseline -0.007 -8"><span class='ocrx_word' id='word_1_836' title='bbox 255 5742 352 5798; x_wconf 87' lang='lat' dir='ltr'><strong>sic</strong></span> <span class='ocrx_word' id='word_1_837' title='bbox 385 5732 671 5798; x_wconf 66' lang='lat' dir='ltr'><strong>mendose</strong></span> <span class='ocrx_word' id='word_1_838' title='bbox 699 5732 985 5796; x_wconf 55' lang='lat' dir='ltr'><strong>scribun&#39;t.</strong></span> <span class='ocrx_word' id='word_1_839' title='bbox 1021 5737 1172 5795; x_wconf 87' lang='lat' dir='ltr'><strong>Editi</strong></span> <span class='ocrx_word' id='word_1_840' title='bbox 1205 5738 1288 5793; x_wconf 86' lang='lat' dir='ltr'><strong>sic</strong></span> <span class='ocrx_word' id='word_1_841' title='bbox 1330 5736 1549 5791; x_wconf 88' lang='lat' dir='ltr'><strong>habent</strong></span> <span class='ocrx_word' id='word_1_842' title='bbox 1592 5732 1759 5790; x_wconf 77' lang='grc' dir='ltr'>τᾶῦτα</span> <span class='ocrx_word' id='word_1_843' title='bbox 1818 5732 1911 5806; x_wconf 76' lang='grc' dir='ltr'>μὶν</span> 
     </span>
    </p>
   </div>
   <div class='ocr_carea' id='block_1_103' title="bbox 257 5807 1913 5887">
    <p class='ocr_par' dir='ltr' id='par_1_103' title="bbox 257 5807 1913 5887">
     <span class='ocr_line' id='line_1_106' title="bbox 257 5807 1913 5887; baseline -0.004 -19"><span class='ocrx_word' id='word_1_844' title='bbox 257 5812 548 5868; x_wconf 67' lang='grc' dir='ltr'>ἐκπίπτειν</span> <span class='ocrx_word' id='word_1_845' title='bbox 581 5810 883 5887; x_wconf 69' lang='grc' dir='ltr'>μετέχοντα</span> <span class='ocrx_word' id='word_1_846' title='bbox 915 5807 1154 5866; x_wconf 74' lang='grc' dir='ltr'>δύναται.</span> <span class='ocrx_word' id='word_1_847' title='bbox 1188 5807 1403 5881; x_wconf 83' lang='lat' dir='ltr'><strong>Regius</strong></span> <span class='ocrx_word' id='word_1_848' title='bbox 1433 5824 1667 5880; x_wconf 89' lang='lat' dir='ltr'><strong>quoque</strong></span> <span class='ocrx_word' id='word_1_849' title='bbox 1704 5822 1913 5865; x_wconf 88' lang='lat' dir='ltr'><strong>secun-</strong></span> 
     </span>
    </p>
   </div>
   <div class='ocr_carea' id='block_1_104' title="bbox 2094 4355 3675 4415">
    <p class='ocr_par' dir='ltr' id='par_1_104' title="bbox 2094 4355 3675 4415">
     <span class='ocr_line' id='line_1_107' title="bbox 2094 4355 3675 4415; baseline 0 -1"><span class='ocrx_word' id='word_1_850' title='bbox 2094 4359 2184 4415; x_wconf 88' lang='lat'><strong>28.</strong></span> <span class='ocrx_word' id='word_1_851' title='bbox 2218 4360 2629 4414; x_wconf 81' lang='lat' dir='ltr'><strong>Verumtamen</strong></span> <span class='ocrx_word' id='word_1_852' title='bbox 2662 4358 2816 4413; x_wconf 88' lang='lat' dir='ltr'><strong>haud</strong></span> <span class='ocrx_word' id='word_1_853' title='bbox 2848 4358 2954 4413; x_wconf 89' lang='lat' dir='ltr'><strong>abs</strong></span> <span class='ocrx_word' id='word_1_854' title='bbox 2984 4373 3047 4413; x_wconf 90' lang='lat' dir='ltr'><strong>re</strong></span> <span class='ocrx_word' id='word_1_855' title='bbox 3076 4357 3250 4412; x_wconf 82' lang='lat' dir='ltr'><strong>fuerit</strong></span> <span class='ocrx_word' id='word_1_856' title='bbox 3295 4361 3547 4413; x_wconf 88' lang='lat' dir='ltr'><strong>veterem</strong></span> <span class='ocrx_word' id='word_1_857' title='bbox 3580 4355 3675 4414; x_wconf 86' lang='lat' dir='ltr'><strong>in-</strong></span> 
     </span>
    </p>
   </div>
   <div class='ocr_carea' id='block_1_105' title="bbox 2025 4444 3675 4519">
    <p class='ocr_par' dir='ltr' id='par_1_105' title="bbox 2025 4444 3675 4519">
     <span class='ocr_line' id='line_1_108' title="bbox 2025 4444 3675 4519; baseline 0 -17"><span class='ocrx_word' id='word_1_858' title='bbox 2025 4464 2204 4519; x_wconf 90' lang='lat' dir='ltr'><strong>super</strong></span> <span class='ocrx_word' id='word_1_859' title='bbox 2223 4446 3085 4518; x_wconf 86' lang='lat' dir='ltr'><strong>traditionem,doctrinamque</strong></span> <span class='ocrx_word' id='word_1_860' title='bbox 3104 4460 3170 4505; x_wconf 83' lang='lat' dir='ltr'><strong>ac</strong></span> <span class='ocrx_word' id='word_1_861' title='bbox 3188 4445 3362 4502; x_wconf 81' lang='lat' dir='ltr'><strong>{idem</strong></span> <span class='ocrx_word' id='word_1_862' title='bbox 3378 4444 3675 4502; x_wconf 68' lang='lat' dir='ltr'><strong>catholicis</strong></span> 
     </span>
    </p>
   </div>
   <div class='ocr_carea' id='block_1_106' title="bbox 2025 4534 3678 4608">
    <p class='ocr_par' dir='ltr' id='par_1_106' title="bbox 2025 4534 3678 4608">
     <span class='ocr_line' id='line_1_109' title="bbox 2025 4534 3678 4608; baseline -0.001 -16"><span class='ocrx_word' id='word_1_863' title='bbox 2025 4535 2294 4593; x_wconf 73' lang='lat' dir='ltr'><strong>Ecclesiae</strong></span> <span class='ocrx_word' id='word_1_864' title='bbox 2325 4535 2699 4608; x_wconf 89' lang='lat' dir='ltr'><strong>investigare,</strong></span> <span class='ocrx_word' id='word_1_865' title='bbox 2725 4551 2903 4608; x_wconf 89' lang='lat' dir='ltr'><strong>quam</strong></span> <span class='ocrx_word' id='word_1_866' title='bbox 2936 4534 3160 4592; x_wconf 89' lang='lat' dir='ltr'><strong>scilicet</strong></span> <span class='ocrx_word' id='word_1_867' title='bbox 3191 4535 3473 4593; x_wconf 88' lang='lat' dir='ltr'><strong>Dominus</strong></span> <span class='ocrx_word' id='word_1_868' title='bbox 3502 4536 3678 4592; x_wconf 87' lang='lat' dir='ltr'><strong>tradi-</strong></span> 
     </span>
    </p>
   </div>
   <div class='ocr_carea' id='block_1_107' title="bbox 2025 4623 3676 4697">
    <p class='ocr_par' dir='ltr' id='par_1_107' title="bbox 2025 4623 3676 4697">
     <span class='ocr_line' id='line_1_110' title="bbox 2025 4623 3676 4697; baseline 0 -16"><span class='ocrx_word' id='word_1_869' title='bbox 2025 4625 2131 4695; x_wconf 89' lang='lat' dir='ltr'><strong>dit,</strong></span> <span class='ocrx_word' id='word_1_870' title='bbox 2163 4623 2414 4697; x_wconf 90' lang='lat' dir='ltr'><strong>apostoli</strong></span> <span class='ocrx_word' id='word_1_871' title='bbox 2446 4623 2852 4697; x_wconf 79' lang='lat' dir='ltr'><strong>praedicavere,</strong></span> <span class='ocrx_word' id='word_1_872' title='bbox 2883 4626 2942 4679; x_wconf 92' lang='lat' dir='ltr'><strong>et</strong></span> <span class='ocrx_word' id='word_1_873' title='bbox 2960 4626 3155 4696; x_wconf 90' lang='lat' dir='ltr'><strong>patres</strong></span> <span class='ocrx_word' id='word_1_874' title='bbox 3185 4627 3575 4681; x_wconf 88' lang='lat' dir='ltr'><strong>servavere.In</strong></span> <span class='ocrx_word' id='word_1_875' title='bbox 3608 4642 3676 4682; x_wconf 90' lang='lat' dir='ltr'><strong>ea</strong></span> 
     </span>
    </p>
   </div>
   <div class='ocr_carea' id='block_1_108' title="bbox 2025 4877 3242 4961">
    <p class='ocr_par' dir='ltr' id='par_1_108' title="bbox 2025 4877 3242 4961">
     <span class='ocr_line' id='line_1_111' title="bbox 2025 4877 3242 4961; baseline -0.001 0"><span class='ocrx_word' id='word_1_876' title='bbox 2025 4877 2473 4961; x_wconf 55' lang='lat' dir='ltr'><strong>duerezéxozw</strong></span> <span class='ocrx_word' id='word_1_877' title='bbox 2500 4878 2712 4961; x_wconf 51' lang='lat' dir='ltr'><strong>habet.</strong></span> <span class='ocrx_word' id='word_1_878' title='bbox 2907 4952 2939 4961; x_wconf 75' lang='lat'><strong>-</strong></span> <span class='ocrx_word' id='word_1_879' title='bbox 3090 4951 3101 4961; x_wconf 81' lang='lat'><em>.</em></span> <span class='ocrx_word' id='word_1_880' title='bbox 3205 4946 3242 4961; x_wconf 87' lang='lat'><strong>..</strong></span> 
     </span>
    </p>
   </div>
   <div class='ocr_carea' id='block_1_109' title="bbox 2025 4946 3669 5094">
    <p class='ocr_par' dir='ltr' id='par_1_109' title="bbox 2025 4946 3669 5094">
     <span class='ocr_line' id='line_1_112' title="bbox 2095 4946 3668 5075; baseline 0.001 -71"><span class='ocrx_word' id='word_1_881' title='bbox 2095 4946 2208 5075; x_wconf 39' lang='lat'><strong>$38)</strong></span> <span class='ocrx_word' id='word_1_882' title='bbox 2240 4946 2343 5005; x_wconf 61' lang='lat' dir='ltr'><strong>Sic&#39;</strong></span> <span class='ocrx_word' id='word_1_883' title='bbox 2382 4949 2594 5033; x_wconf 45' lang='lat' dir='ltr'><strong>I&#39;tegius</strong></span> <span class='ocrx_word' id='word_1_884' title='bbox 2628 4949 2875 5032; x_wconf 76' lang='lat' dir='ltr'><strong>primus,</strong></span> <span class='ocrx_word' id='word_1_885' title='bbox 2907 4952 3036 5020; x_wconf 89' lang='lat' dir='ltr'><strong>Seg.</strong></span> <span class='ocrx_word' id='word_1_886' title='bbox 3074 4946 3375 5074; x_wconf 50' lang='lat' dir='ltr'><strong>anglican.</strong></span> <span class='ocrx_word' id='word_1_887' title='bbox 3410 4948 3588 5033; x_wconf 30' lang='lat' dir='ltr'><strong>Gobl;</strong></span> <span class='ocrx_word' id='word_1_888' title='bbox 3610 4952 3668 5005; x_wconf 90' lang='lat' dir='ltr'><strong>et</strong></span> 
     </span>
     <span class='ocr_line' id='line_1_113' title="bbox 2025 5018 3669 5094; baseline 0.001 -19"><span class='ocrx_word' id='word_1_889' title='bbox 2025 5021 2280 5094; x_wconf 78' lang='lat' dir='ltr'><strong>Feckm.</strong></span> <span class='ocrx_word' id='word_1_890' title='bbox 2319 5039 2565 5094; x_wconf 77' lang='lat' dir='ltr'><strong>primus,</strong></span> <span class='ocrx_word' id='word_1_891' title='bbox 2600 5037 2728 5091; x_wconf 73' lang='lat' dir='ltr'><strong>qum</strong></span> <span class='ocrx_word' id='word_1_892' title='bbox 2758 5026 2932 5094; x_wconf 78' lang='lat' dir='ltr'><strong>etiam</strong></span> <span class='ocrx_word' id='word_1_893' title='bbox 2966 5024 3137 5094; x_wconf 77' lang='lat' dir='ltr'><strong>vertit</strong></span> <span class='ocrx_word' id='word_1_894' title='bbox 3213 5036 3444 5075; x_wconf 74' lang='lat' dir='ltr'><strong>anulus.</strong></span> <span class='ocrx_word' id='word_1_895' title='bbox 3482 5018 3589 5075; x_wconf 86' lang='lat' dir='ltr'><strong>Ain</strong></span> <span class='ocrx_word' id='word_1_896' title='bbox 3612 5026 3669 5077; x_wconf 88' lang='lat' dir='ltr'><strong>et</strong></span> 
     </span>
    </p>
   </div>
   <div class='ocr_carea' id='block_1_110' title="bbox 2023 5089 3667 5182">
    <p class='ocr_par' dir='ltr' id='par_1_110' title="bbox 2023 5089 3667 5182">
     <span class='ocr_line' id='line_1_114' title="bbox 2023 5089 3667 5182; baseline 0 -35"><span class='ocrx_word' id='word_1_897' title='bbox 2023 5092 2201 5182; x_wconf 68' lang='lat' dir='ltr'><strong>editio</strong></span> <span class='ocrx_word' id='word_1_898' title='bbox 2231 5089 2488 5149; x_wconf 73' lang='lat' dir='ltr'><strong>Cninznel</strong></span> <span class='ocrx_word' id='word_1_899' title='bbox 2544 5089 2827 5148; x_wconf 84' lang='lat' dir='ltr'><strong>omittunt</strong></span> <span class='ocrx_word' id='word_1_900' title='bbox 2857 5090 2920 5145; x_wconf 82' lang='grc' dir='ltr'>οὐ</span> <span class='ocrx_word' id='word_1_901' title='bbox 2949 5089 3075 5166; x_wconf 85' lang='grc' dir='ltr'>γάρ,</span> <span class='ocrx_word' id='word_1_902' title='bbox 3107 5094 3241 5159; x_wconf 79' lang='lat' dir='ltr'><strong>etc.,</strong></span> <span class='ocrx_word' id='word_1_903' title='bbox 3276 5108 3463 5165; x_wconf 87' lang='lat' dir='ltr'><strong>usque</strong></span> <span class='ocrx_word' id='word_1_904' title='bbox 3504 5094 3573 5150; x_wconf 92' lang='lat' dir='ltr'><strong>ad</strong></span> <span class='ocrx_word' id='word_1_905' title='bbox 3603 5094 3667 5147; x_wconf 85' lang='grc' dir='ltr'>τὸ</span> 
     </span>
    </p>
   </div>
   <div class='ocr_carea' id='block_1_111' title="bbox 2024 5162 3670 5308">
    <p class='ocr_par' dir='ltr' id='par_1_111' title="bbox 2024 5162 3670 5308">
     <span class='ocr_line' id='line_1_115' title="bbox 2024 5162 3670 5308; baseline -0.007 -16"><span class='ocrx_word' id='word_1_906' title='bbox 2024 5162 2512 5308; x_wconf 30' lang='grc' dir='ltr'><strong>έέῖἕςὶῗσῇζινίίουι.</strong></span> <span class='ocrx_word' id='word_1_907' title='bbox 2547 5232 2761 5308; x_wconf 18' lang='grc' dir='ltr'>καίνίὶίο</span> <span class='ocrx_word' id='word_1_908' title='bbox 2792 5238 2851 5289; x_wconf 88' lang='lat' dir='ltr'><strong>et</strong></span> <span class='ocrx_word' id='word_1_909' title='bbox 2884 5233 2939 5288; x_wconf 86' lang='lat' dir='ltr'><strong>iu</strong></span> <span class='ocrx_word' id='word_1_910' title='bbox 2973 5238 3256 5308; x_wconf 27' lang='lat' dir='ltr'><strong>sequenti</strong></span> <span class='ocrx_word' id='word_1_911' title='bbox 3277 5234 3523 5308; x_wconf 12' lang='lat' dir='ltr'><strong>deestgin</strong></span> <span class='ocrx_word' id='word_1_912' title='bbox 3558 5236 3670 5293; x_wconf 80' lang='lat' dir='ltr'><strong>Go-</strong></span> 
     </span>
    </p>
   </div>
   <div class='ocr_carea' id='block_1_112' title="bbox 2026 5302 3668 5377">
    <p class='ocr_par' dir='ltr' id='par_1_112' title="bbox 2026 5302 3668 5377">
     <span class='ocr_line' id='line_1_116' title="bbox 2026 5302 3668 5377; baseline 0.002 -17"><span class='ocrx_word' id='word_1_913' title='bbox 2026 5302 2260 5362; x_wconf 48' lang='lat' dir='ltr'><strong>blerfet</strong></span> <span class='ocrx_word' id='word_1_914' title='bbox 2296 5306 2542 5361; x_wconf 81' lang='lat' dir='ltr'><strong>Felckm.</strong></span> <span class='ocrx_word' id='word_1_915' title='bbox 2575 5306 2784 5377; x_wconf 82' lang='lat' dir='ltr'><strong>primo,</strong></span> <span class='ocrx_word' id='word_1_916' title='bbox 2819 5302 3131 5377; x_wconf 78' lang='lat' dir='ltr'><strong>anonymo,</strong></span> <span class='ocrx_word' id='word_1_917' title='bbox 3167 5302 3355 5368; x_wconf 77' lang='grc' dir='ltr'>ἁπλῶς</span> <span class='ocrx_word' id='word_1_918' title='bbox 3386 5306 3527 5362; x_wconf 84' lang='lat' dir='ltr'><strong>ibid.</strong></span> <span class='ocrx_word' id='word_1_919' title='bbox 3561 5310 3668 5363; x_wconf 83' lang='lat' dir='ltr'><strong>ab-</strong></span> 
     </span>
    </p>
   </div>
   <div class='ocr_carea' id='block_1_113' title="bbox 2024 5376 3182 5448">
    <p class='ocr_par' dir='ltr' id='par_1_113' title="bbox 2024 5376 3182 5448">
     <span class='ocr_line' id='line_1_117' title="bbox 2024 5376 3182 5448; baseline -0.002 -17"><span class='ocrx_word' id='word_1_920' title='bbox 2024 5382 2114 5431; x_wconf 86' lang='lat' dir='ltr'><strong>est</strong></span> <span class='ocrx_word' id='word_1_921' title='bbox 2143 5396 2173 5433; x_wconf 86' lang='lat' dir='ltr'><strong>a</strong></span> <span class='ocrx_word' id='word_1_922' title='bbox 2208 5378 2381 5448; x_wconf 81' lang='lat' dir='ltr'><strong>Regio</strong></span> <span class='ocrx_word' id='word_1_923' title='bbox 2411 5380 2446 5430; x_wconf 85' lang='lat'><strong><em>2</em></strong></span> <span class='ocrx_word' id='word_1_924' title='bbox 2471 5380 2523 5448; x_wconf 84' lang='lat' dir='ltr'><strong>et</strong></span> <span class='ocrx_word' id='word_1_925' title='bbox 2560 5376 2746 5429; x_wconf 72' lang='lat' dir='ltr'><strong>Frlck.</strong></span> <span class='ocrx_word' id='word_1_926' title='bbox 2779 5380 2835 5440; x_wconf 87' lang='lat'><strong>2,</strong></span> <span class='ocrx_word' id='word_1_927' title='bbox 2869 5376 3182 5448; x_wconf 80' lang='lat' dir='ltr'><strong>anonymo.</strong></span> 
     </span>
    </p>
   </div>
   <div class='ocr_carea' id='block_1_114' title="bbox 2096 5446 3669 5519">
    <p class='ocr_par' dir='ltr' id='par_1_114' title="bbox 2096 5446 3669 5519">
     <span class='ocr_line' id='line_1_118' title="bbox 2096 5446 3669 5519; baseline -0.001 -16"><span class='ocrx_word' id='word_1_928' title='bbox 2096 5449 2207 5516; x_wconf 79' lang='grc'>(40)</span> <span class='ocrx_word' id='word_1_929' title='bbox 2239 5446 2333 5503; x_wconf 85' lang='lat' dir='ltr'><strong>Sic</strong></span> <span class='ocrx_word' id='word_1_930' title='bbox 2365 5447 2598 5519; x_wconf 77' lang='lat' dir='ltr'><strong>Regius,</strong></span> <span class='ocrx_word' id='word_1_931' title='bbox 2631 5448 2762 5518; x_wconf 72' lang='lat' dir='ltr'><strong>Seg.</strong></span> <span class='ocrx_word' id='word_1_932' title='bbox 2790 5452 2927 5519; x_wconf 80' lang='lat' dir='ltr'><strong>Bas.</strong></span> <span class='ocrx_word' id='word_1_933' title='bbox 2964 5446 3130 5519; x_wconf 81' lang='lat' dir='ltr'><strong>Gobl.</strong></span> <span class='ocrx_word' id='word_1_934' title='bbox 3165 5453 3222 5503; x_wconf 91' lang='lat' dir='ltr'><strong>et</strong></span> <span class='ocrx_word' id='word_1_935' title='bbox 3260 5448 3513 5519; x_wconf 77' lang='lat' dir='ltr'><strong>Felckm.</strong></span> <span class='ocrx_word' id='word_1_936' title='bbox 3551 5448 3669 5518; x_wconf 85' lang='lat' dir='ltr'><strong>pri-</strong></span> 
     </span>
    </p>
   </div>
   <div class='ocr_carea' id='block_1_115' title="bbox 2025 5518 3668 5590">
    <p class='ocr_par' dir='ltr' id='par_1_115' title="bbox 2025 5518 3668 5590">
     <span class='ocr_line' id='line_1_119' title="bbox 2025 5518 3668 5590; baseline 0.001 -17"><span class='ocrx_word' id='word_1_937' title='bbox 2025 5520 2374 5587; x_wconf 82' lang='lat' dir='ltr'><strong>mus.lidern</strong></span> <span class='ocrx_word' id='word_1_938' title='bbox 2414 5536 2544 5590; x_wconf 77' lang='lat' dir='ltr'><strong>mox</strong></span> <span class='ocrx_word' id='word_1_939' title='bbox 2579 5522 2634 5572; x_wconf 90' lang='lat' dir='ltr'><strong>et</strong></span> <span class='ocrx_word' id='word_1_940' title='bbox 2656 5518 3014 5590; x_wconf 86' lang='lat' dir='ltr'><strong>Anglicanus</strong></span> <span class='ocrx_word' id='word_1_941' title='bbox 3047 5518 3466 5590; x_wconf 83' lang='lat' dir='ltr'><strong>habent_ut__hic</strong></span> <span class='ocrx_word' id='word_1_942' title='bbox 3490 5522 3668 5590; x_wconf 71' lang='lat' dir='ltr'><strong>extat,</strong></span> 
     </span>
    </p>
   </div>
   <div class='ocr_carea' id='block_1_116' title="bbox 2023 5583 3668 5658">
    <p class='ocr_par' dir='ltr' id='par_1_116' title="bbox 2023 5583 3668 5658">
     <span class='ocr_line' id='line_1_120' title="bbox 2023 5583 3668 5658; baseline -0.001 -14"><span class='ocrx_word' id='word_1_943' title='bbox 2023 5590 2136 5645; x_wconf 82' lang='lat' dir='ltr'><strong>Alii</strong></span> <span class='ocrx_word' id='word_1_944' title='bbox 2170 5597 2225 5647; x_wconf 81' lang='lat' dir='ltr'><strong>et</strong></span> <span class='ocrx_word' id='word_1_945' title='bbox 2256 5583 2393 5647; x_wconf 83' lang='lat' dir='ltr'><strong>editi</strong></span> <span class='ocrx_word' id='word_1_946' title='bbox 2427 5586 2483 5644; x_wconf 80' lang='grc' dir='ltr'><strong>ὅν</strong></span> <span class='ocrx_word' id='word_1_947' title='bbox 2512 5583 2809 5657; x_wconf 60' lang='lat' dir='ltr'><strong>omittunt,</strong></span> <span class='ocrx_word' id='word_1_948' title='bbox 2830 5592 3019 5658; x_wconf 67' lang='lat'><strong>01,105</strong></span> <span class='ocrx_word' id='word_1_949' title='bbox 3043 5588 3175 5643; x_wconf 78' lang='grc' dir='ltr'>θεοῦ</span> <span class='ocrx_word' id='word_1_950' title='bbox 3198 5588 3314 5651; x_wconf 73' lang='grc' dir='ltr'>ἑνὸς</span> <span class='ocrx_word' id='word_1_951' title='bbox 3349 5583 3504 5651; x_wconf 74' lang='grc' dir='ltr'>ὄντος</span> <span class='ocrx_word' id='word_1_952' title='bbox 3528 5583 3668 5644; x_wconf 70' lang='grc' dir='ltr'>ἴδιον</span> 
     </span>
    </p>
   </div>
   <div class='ocr_carea' id='block_1_117' title="bbox 2022 5682 3666 5824">
    <p class='ocr_par' dir='ltr' id='par_1_117' title="bbox 2022 5682 3666 5824">
     <span class='ocr_line' id='line_1_121' title="bbox 2022 5682 2130 5717; baseline 0.019 -3"><span class='ocrx_word' id='word_1_953' title='bbox 2022 5682 2130 5717; x_wconf 87' lang='grc' dir='ltr'>και.</span> 
     </span>
     <span class='ocr_line' id='line_1_122' title="bbox 2095 5731 3666 5824; baseline 0.001 -37"><span class='ocrx_word' id='word_1_954' title='bbox 2095 5734 2205 5824; x_wconf 32' lang='grc' dir='ltr'>ςῖιιί)</span> <span class='ocrx_word' id='word_1_955' title='bbox 2239 5731 2339 5824; x_wconf 43' lang='lat' dir='ltr'><strong>ﬁxi</strong></span> <span class='ocrx_word' id='word_1_956' title='bbox 2366 5731 2747 5824; x_wconf 45' lang='lat' dir='ltr'><strong>.npoqfo&#39;itotq</strong></span> <span class='ocrx_word' id='word_1_957' title='bbox 2782 5733 2995 5787; x_wconf 75' lang='lat' dir='ltr'><strong>desunt</strong></span> <span class='ocrx_word' id='word_1_958' title='bbox 3052 5733 3112 5787; x_wconf 84' lang='lat' dir='ltr'><strong>in</strong></span> <span class='ocrx_word' id='word_1_959' title='bbox 3157 5732 3331 5807; x_wconf 81' lang='lat' dir='ltr'><strong>Regio</strong></span> <span class='ocrx_word' id='word_1_960' title='bbox 3384 5736 3666 5804; x_wconf 76' lang='lat' dir='ltr'><strong>secundo,</strong></span> 
     </span>
    </p>
   </div>
   <div class='ocr_carea' id='block_1_118' title="bbox 2024 5805 2955 5879">
    <p class='ocr_par' dir='ltr' id='par_1_118' title="bbox 2024 5805 2955 5879">
     <span class='ocr_line' id='line_1_123' title="bbox 2024 5805 2955 5879; baseline 0.001 -21"><span class='ocrx_word' id='word_1_961' title='bbox 2024 5805 2112 5859; x_wconf 88' lang='grc' dir='ltr'><strong>καί</strong></span> <span class='ocrx_word' id='word_1_962' title='bbox 2144 5806 2204 5863; x_wconf 91' lang='lat' dir='ltr'><strong>in</strong></span> <span class='ocrx_word' id='word_1_963' title='bbox 2239 5805 2423 5878; x_wconf 82' lang='lat' dir='ltr'><strong>Regio</strong></span> <span class='ocrx_word' id='word_1_964' title='bbox 2450 5805 2639 5879; x_wconf 90' lang='lat' dir='ltr'><strong>primo</strong></span> <span class='ocrx_word' id='word_1_965' title='bbox 2669 5808 2726 5861; x_wconf 89' lang='lat' dir='ltr'><strong>et</strong></span> <span class='ocrx_word' id='word_1_966' title='bbox 2752 5811 2882 5878; x_wconf 73' lang='lat' dir='ltr'><strong>Seg.</strong></span> <span class='ocrx_word' id='word_1_967' title='bbox 2954 5874 2955 5877; x_wconf 18' lang='grc' dir='ltr'><strong>η</strong></span> 
     </span>
    </p>
   </div>
  </div>
