4076 6384
392 505 511 567 595

964 507 1029 567 S.
1078 507 1504 568 ATllANASII
1549 505 1725 566 OPP.
1777 505 1971 566 PARS
2017 504 2062 564 l.
2090 537 2168 548 —
2201 501 2617 565 [llSTOlthA
2662 500 2760 560 ET
2801 500 3286 563 DOGMATICA.

3703 489 3820 564 896

395 637 552 693 enim
589 637 845 694 Ecclesia
875 635 1120 692 fundata
1149 642 1256 704 est,
1291 654 1325 692 ιι
1351 653 1465 708 qua
1497 637 1547 692 si
1579 637 1713 708 quis
1742 635 2042 703 exciderit,

2169 629 2445 706 ἐφύλαξαν.
2482 632 2569 688 ’Ev
2621 637 2790 703 ταύτῃ
2835 630 2939 706 γὰρ
2988 630 3024 698 ἠ
3075 627 3371 699 Ἐκκλησία
3398 627 3813 704 τεθεμελίωται,

395 727 448 782 is
479 742 582 782 nec
612 743 740 782 esse
771 725 1142 797 necamplius
1171 724 1670 782 diciCbristianus
1687 724 1806 781 ulla
1827 723 2048 780 ratione

403 814 635 889 poterit.
669 815 870 886 Itaque
900 813 1158 869 Trinitas
1189 819 1389 870 saneta
1420 819 1477 870 et
1507 815 1760 886 perfecta
1789 819 1900 884 est,
1923 831 2048 886 quae

319 933 328 939 -
397 909 461 962 in
495 903 662 959 Patre
688 907 744 958 et
773 902 916 957 Filio
948 908 1006 956 et
1037 901 1256 974 Spiritu
1291 909 1493 958 sancto
1515 903 2053 975 agnoseitur,nihil-

403 1009 518 1065 que
543 991 802 1046 alienum
824 991 907 1046 vel
924 991 1288 1048 extrinsecus
1312 993 1633 1049 admistum
1660 993 2052 1064 habet,neque

397 1098 466 1138 ex
509 1084 769 1135 creatore
811 1083 870 1134 et
920 1095 979 1134 re
1031 1085 1225 1134 creata
1274 1086 1526 1150 constat,
1576 1082 1675 1136 sed
1729 1086 1849 1136 tota
1895 1083 2042 1139 541

397 1168 630 1226 creandi
663 1167 952 1224 efficiendi
993 1169 1047 1222 vi
1097 1169 1329 1239 praedita
1361 1175 1450 1226 est
1483 1187 1496 1224 :
1527 1169 1640 1226 sibi
1691 1187 1924 1243 quoque
1973 1171 2050 1226 si-

398 1257 556 1314 milis
585 1261 642 1314 et
672 1255 979 1312 individua
1013 1264 1098 1312 est
1134 1263 1362 1324 natura,
1387 1273 1622 1330 unaque
1651 1261 1781 1330 ejus
1810 1265 1900 1314 est
1927 1260 2049 1316 effi-

405 1347 568 1402 cacia
593 1350 652 1401 et
679 1344 852 1402 actio.
885 1347 1028 1401 Nam
1064 1351 1236 1401 Pater
1285 1364 1386 1418 per
1415 1349 1666 1404 Verbum
1717 1349 1773 1403 in
1833 1349 2050 1421 Spiritu

403 1439 606 1492 saneto
637 1434 836 1489 omnia
867 1434 1018 1502 facit,
1051 1451 1236 1506 eoque
1268 1437 1440 1492 modo
1485 1443 1698 1492 sanctae
1749 1438 2054 1494 Trinitatis

401 1523 603 1580 unitas
633 1524 1014 1578 servatur-lia
1045 1541 1200 1579 unus
1235 1527 1384 1580 Deus
1411 1525 1464 1579 in
1499 1525 1752 1582 Ecclesia
1781 1527 2054 1598 praedica-

403 1617 522 1682 tur,
554 1611 654 1683 qui
686 1618 778 1668 est
806 1631 836 1662 «
871 1629 1049 1684 super
1075 1614 1293 1683 omnia,
1325 1619 1382 1670 et
1414 1631 1516 1686 per
1541 1615 1821 1685 omnia,et
1849 1618 1904 1670 in
1928 1631 2054 1671 om-

405 1701 582 1756 nibus
611 1701 680 1756 “.
707 1721 730 1751 υ
767 1723 794 1750 ‹‹
829 1703 1016 1772 Super
1048 1701 1246 1757 omnia
1298 1724 1326 1752 »
1377 1703 1612 1774 quidem
1661 1709 1725 1760 ut
1772 1703 1958 1770 Pater,
1993 1708 2058 1759 ut

405 1787 762 1862 principium
795 1793 854 1844 et
885 1789 1013 1845 fons
1046 1807 1059 1844 :
1096 1813 1124 1841 «
1153 1807 1254 1864 per
1284 1792 1484 1846 omnia
1512 1814 1539 1842 ››
1563 1807 1935 1866 vero,nempe
1957 1810 2058 1865 per

405 1879 661 1933 Verbum
694 1894 709 1934 :
747 1900 775 1928 ‹‹
806 1877 864 1932 ἱη
901 1879 1180 1935 omnibus
1216 1903 1244 1929 »
1273 1881 1552 1952 denique,
1583 1881 1642 1936 in
1665 1882 1885 1954 Spiritu
1921 1899 2054 1938 san-

406 1971 519 2023 eto.
551 1967 726 2021 Porro
755 1967 1014 2022 Trinitas
1047 1985 1160 2024 non
1195 1969 1432 2025 nomine
1473 1975 1643 2028 tenus
1661 1974 1719 2025 et
1773 1970 1900 2026 sola
1926 1987 2053 2026 vcr-

406 2055 616 2112 borum
647 2053 839 2126 specie
867 2060 959 2110 est
987 2056 1262 2125 Trinitas,
1287 2057 1390 2112 sed
1422 2073 1552 2113 vere
1591 2062 1648 2112 et
1678 2058 1873 2131 reipsa
1901 2058 2053 2115 exsi-

405 2143 510 2199 stit
537 2143 818 2200 Trinitas.
849 2143 996 2200 Nam
1029 2145 1199 2200 sicuti
1232 2161 1362 2201 vere
1393 2150 1482 2202 est
1509 2147 1787 2215 Pater,ita
1811 2151 1869 2202 et
1903 2163 2058 2202 vere-

405 2235 496 2288 est
527 2232 655 2302 ejus
684 2231 944 2287 Verbum
977 2234 1131 2304 quod
1171 2238 1230 2290 et
1256 2233 1451 2306 ipsum
1493 2251 1672 2304 super
1715 2235 1918 2292 omnia
1964 2239 2057 2291 est

407 2323 582 2375 Deus.
614 2319 728 2375 Nec
759 2319 896 2375 item
930 2319 1188 2392 Spiritus
1218 2327 1457 2379 sanctus
1501 2339 1618 2378 non
1670 2323 1918 2392 exsistit,
1952 2323 2052 2379 sed

308 2451 312 2454 .
408 2407 611 2479 utique
641 2423 770 2463 vere
822 2411 912 2464 est
951 2414 1010 2464 et
1055 2410 1270 2466 existit.
1321 2411 1436 2467 Nec
1469 2411 1563 2468 his
1605 2413 1806 2469 minus
1837 2412 2054 2484 aliquid

410 2496 590 2554 sentit
618 2495 903 2554 catholica
933 2497 1286 2566 Ecclesia,ne
1318 2500 1634 2557 hodiernos
1655 2501 1894 2558 Judaaos
1922 2502 2055 2559 Cai-

412 2583 541 2656 phae
569 2585 722 2640 haud
757 2585 1060 2641 absimiles
1079 2591 1136 2642 et
1151 2586 1468 2644 Sabellium
1493 2595 1808 2662 sequatur,
1827 2607 1931 2646 nee
1964 2591 2056 2647 his

410 2672 550 2729 item
577 2672 711 2746 plus
723 2671 939 2745 aliquid
957 2675 1524 2741 comminiscitur,ne
1544 2677 1601 2734 in
1617 2678 2053 2735 multitudinem

411 2761 653 2818 deorum
669 2763 973 2834 gentilium
999 2764 1472 2824 devolvatur.Sed
1489 2769 1714 2824 uthanc
1727 2785 1854 2826 esse
1881 2771 2053 2826 ﬁdem

411 2849 682 2907 Ecclesiae
711 2850 1170 2924 intelligant,cos
1201 2856 1422 2912 discere
1452 2874 1638 2930 operas
1662 2859 1913 2931 pretium
1946 2865 2053 2928 est,

409 2956 666 3013 quonam
702 2941 875 2997 modo
905 2942 1190 2998 Dominus
1225 2944 1462 3002 mittens
1493 2947 1811 3019 apostolos,
1845 2947 2053 3004 iisdem

407 3028 755 3102 praaceperit
787 3036 851 3085 ut
878 3029 1035 3086 istud
1061 3033 1506 3090 fundamentum
1539 3035 1598 3090 in
1631 3035 2057 3107 Ecclesiajace-

405 3123 540 3173 rent
570 3133 584 3172 :
625 3137 647 3168 α
680 3119 920 3189 Euntes,
948 3120 1367 3192 inquit,docete
1398 3141 1604 3180 omnes
1634 3125 2055 3197 gentes,bapti-

406 3209 604 3263 zantes
635 3222 735 3262 eos
763 3207 821 3262 in
857 3208 1093 3264 nomine
1121 3209 1308 3267 Patris
1331 3215 1388 3267 et
1419 3210 1547 3268 Filii
1569 3217 1626 3268 et
1646 3213 1902 3285 Spiritus
1930 3231 2058 3270 san-

409 3295 487 3350 cti
517 3295 582 3350 ⁸⁵.
620 3317 647 3344 ››
680 3296 926 3352 Profecti
958 3315 1091 3354 vero
1121 3300 1389 3371 apostoli,
1432 3302 1514 3358 ita
1563 3303 1691 3360 sine
1740 3304 1919 3360 dubio
1949 3305 2057 3360 do-

2154 721 2246 775 καὶ
2297 721 2326 774 ὁ
2369 719 2571 788 ταύτης
2617 716 2892 774 ἐκπίπτων
2937 715 3050 774 οὔτ’
3095 715 3155 772 ἂν
3205 714 3311 786 εἴη,
3342 716 3460 774 οὔτ’
3489 721 3601 793 (42)
3633 717 3696 775 ἂν
3733 716 3815 775 ἔτι

2157 807 2372 884 λέγοιτο
2430 806 2771 881 Χριστιανός.
2831 809 3001 884 Τριᾶς
3057 807 3236 862 τοίνυν
3300 807 3424 884 ἁγία
3476 807 3566 862 καὶ
3629 805 3812 864 τελεία

2159 897 2322 966 ἐστὶν,
2354 899 2405 953 ἐν
2442 896 2614 974 Ιιατρί
2644 903 2734 954 καί
2765 899 2875 970 Υἱῷ
2900 899 2991 954 καῖ
3039 897 3178 974 ἁγίῳ
3216 898 3492 971 ῘΙνεὺματι
3522 897 3815 974 θεολογου-

2163 987 2320 1061 μένη,
2357 985 2508 1043 οὐδὲν
2556 985 2851 1061 ἀλλότριον
2895 989 2931 1058 ἢ
2986 983 3178 1058 ἔξωθεν
3229 985 3660 1063 ἐπιμιγνύμενον
3699 989 3814 1062 (43)

2160 1075 2385 1152 ἔχουσα,
2418 1074 2547 1132 οὐδὲ
2578 1076 2638 1132 ἐκ
2666 1075 3010 1153 δημιουργοῦ
3039 1077 3130 1131 καὶ
3157 1080 3388 1152 γενητοῦ
3430 1075 3786 1150 συνισταμένη
3804 1123 3818 1144 ,

2160 1164 2288 1222 ἀλλ’
2314 1165 2420 1236 ὅλη
2451 1169 2549 1220 τοῦ
2577 1166 2776 1236 κτίζειν
2826 1164 2916 1220 καὶ
2967 1162 3322 1242 δημιουργεῖν
3372 1162 3528 1221 οὖσα⁹
3561 1164 3728 1238 ὁμοία
3759 1163 3818 1220 δὲ

2161 1255 2324 1328 ἑαυτῇ
2355 1253 2442 1309 καὶ
2475 1251 2778 1328 ἀδιαίρετός
2829 1254 2939 1310 ἐστι
2987 1257 3058 1328 τῇ
3103 1253 3279 1332 φύσει,
3330 1252 3423 1309 καὶ
3475 1253 3572 1327 μία
3617 1252 3819 1324 ταύτης

2161 1345 2197 1412 ἡ
2230 1341 2491 1418 ἐνέργεια.
2523 1345 2579 1398 '0
2609 1345 2710 1419 γᾶρ
2742 1343 2928 1418 Πατήρ
2962 1340 3054 1398 διὰ
3078 1347 3176 1398 τοῦ
3206 1343 3384 1418 Λόγου
3437 1342 3490 1398 ἐν
3545 1338 3818 1416 Ιινεὺματι

2163 1433 2297 1508 ἁγίῳ
2323 1433 2394 1487 τὰ
2421 1438 2597 1488 πάντα
2621 1437 2790 1487 ποιεῖ·
2838 1433 2928 1488 καὶ
2979 1431 3152 1493 οὕτως
3181 1434 3217 1502 ἡ
3267 1431 3456 1502 ἑνότης
3505 1432 3608 1502 τῆς
3661 1431 3818 1507 ἁγίας

2161 1517 2387 1594 Τριάδος
2419 1521 2667 1591 σώζεταιο
2720 1522 2810 1576 καὶ
2859 1520 3033 1582 οὕτως
3075 1523 3156 1583 εἷς
3200 1520 3330 1582 Θεὸς
3380 1521 3433 1575 ἐν
3463 1525 3534 1595 τῇ
3581 1518 3819 1587 Ἐκκλη-

2165 1609 2256 1681 σίᾳ
2283 1607 2626 1682 κηρύττεται,
2661 1634 2689 1660 ‹‹
2721 1610 2750 1664 ὁ
2782 1609 2871 1664 ἐπὶ
2918 1611 3158 1678 πάντων,
3187 1610 3278 1664 καὶ
3325 1606 3415 1664 διὰ
3462 1609 3697 1678 πάντων,
3726 1609 3819 1665 καὶ

2166 1695 2220 1752 ἐν
2247 1703 2428 1754 πᾶσιν.
2469 1723 2495 1748 ››
2532 1722 2558 1748 ‹‹
2591 1699 2714 1752 Ἐπὶ
2747 1700 2958 1753 πάντων
2995 1721 3023 1750 ››
3057 1699 3154 1771 μὲν
3181 1697 3258 1760 ὡς
3290 1700 3506 1773 Πατήρ,
3536 1697 3612 1760 ὡς
3646 1698 3818 1774 ἀρχὴ,

2165 1787 2254 1840 καὶ
2286 1789 2460 1862 πηγή·
2513 1811 2541 1839 ‹‹
2605 1783 2696 1841 διὰ
2747 1788 2961 1841 πάντων
2996 1811 3025 1838 ››
3060 1783 3118 1842 δὲ
3174 1783 3264 1842 διὰ
3319 1790 3419 1842 τοῦ
3445 1807 3447 1811 ‘
3475 1785 3670 1863 Λόγου·
3712 1811 3734 1838 ι
3769 1785 3824 1841 ἐν

2165 1881 2294 1930 πᾶσι
2327 1899 2356 1928 ››
2389 1873 2446 1930 δὲ
2471 1874 2522 1930 ἐν
2563 1881 2645 1948 τῷ
2690 1875 2969 1948 ΙΙνεύμάτι
3015 1880 3095 1948 τῷ
3148 1875 3306 1952 ἁγίῳ.
3355 1877 3523 1951 Τριὰς
3575 1871 3634 1930 δέ
3680 1873 3822 1930 ἐστιν

2166 1964 2277 2040 οὑχ
2303 1960 2407 2026 ἓως
2460 1963 2728 2037 ὀνόματος
2772 1965 2936 2038 μόνον
2987 1966 3102 2038 (44)
3142 1965 3232 2020 καὶ
3280 1964 3574 2043 φαντασίας
3625 1961 3822 2036 λέξεως

2165 2049 2311 2107 ἀλλά
2362 2051 2592 2124 ἀληθείᾳ
2638 2053 2730 2108 καὶ
2779 2053 2998 2129 ὑπάρξει
3053 2054 3235 2127 Τριάς.
3285 2055 3490 2129 ’Ὠσπερ
3543 2053 3645 2130 γὰρ
3696 2054 3724 2108 ὁ
3774 2048 3820 2108 ὤ

2165 2139 2306 2196 ἐστιν
2334 2141 2363 2196 ὁ
2395 2142 2608 2218 Πατὴρ,
2635 2141 2812 2205 οὕτως
2843 2143 2872 2196 ὁ
2902 2137 2978 2196 ὥν
3027 2140 3138 2198 ἐστι
3183 2145 3301 2216 (45)
3341 2141 3435 2198 καὶ
3484 2141 3574 2198 ἐπὶ
3603 2143 3813 2198 πάντων

2163 2231 2291 2286 Θεὸς
2319 2229 2566 2286 ὁτούτου
2615 2231 2814 2307 Λόγος.
2869 2230 2968 2286 Καὶ
3020 2232 3083 2286 τὸ
3133 2233 3357 2304 Πνεῦμα
3397 2232 3462 2287 τὸ
3510 2232 3666 2306 ἅγιον
3718 2229 3818 2286 οὑκ

2163 2318 2500 2394 ἀνύπαρκτόν
2529 2319 2692 2389 ἐστιν,
2743 2319 2871 2376 ἀλλ’
2929 2321 3162 2396 ὑπάρχει
3205 2321 3293 2376 καὶ
3347 2319 3638 2398 ὑφέστηκεν
3670 2319 3818 2391 ἀλη-

2165 2409 2295 2471 θῶς.
2350 2409 2447 2464 Καὶ
2500 2411 2611 2482 (46)
2667 2406 2790 2464 οὔτε
2837 2404 3062 2465 ἔλαττον
3115 2410 3322 2465 τούτων
3369 2414 3556 2486 φρονεῖ
3582 2411 3617 2478 ἡ
3650 2419 3813 2471 καθο-

2167 2497 2296 2566 λική
2321 2495 2638 2568 Ἐκκλησία,
2673 2496 2768 2553 *ίνα
2819 2500 2896 2571 μή
2956 2498 3034 2561 εἰς
3079 2497 3208 2560 τοὺς
3252 2501 3343 2553 νῦν
3391 2499 3526 2552 κατὰ
3568 2497 3808 2576 Καϊάφαν

2165 2582 2456 2649 Ἰουδαίους
2488 2585 2577 2640 καὶ
2609 2585 2687 2648 εἰς
2719 2581 3022 2642 Σαϐἑλλιον
3055 2585 3261 2661 ἐμπέσῃ
3290 2588 3424 2663 (47)”
3459 2582 3580 2642 0"u'ce
3620 2583 3815 2641 πλεῖον

2164 2673 2388 2768 ἐπινοεῖ,
2415 2673 2506 2768 ἵνα
2554 2677 2630 2768 μὴ
2675 2675 2753 2768 είς
2800 2677 2901 2768 τὴν
2949 2674 3231 2768 Ἑλλήνων
3290 2673 3814 2768 ποῃθεότητα-κυ-

2167 2763 2352 2837 λισθῇ.
2404 2764 2500 2818 Καὶ
2548 2763 2633 2819 ὅτι
2679 2764 2813 2834 αὕτη
2846 2767 2881 2834 ὴ
2923 2763 3104 2827 πίστις
3153 2770 3254 2834 τῆς
3304 2763 3630 2835 Ἐιᾶλησίας
3678 2763 3813 2832 ἐστὶ,

2169 2853 2480 2926 μαθέτωσαν
2512 2857 2629 2915 πῶς
2661 2853 2689 2907 ὁ
2724 2852 2817 2926 μὶν
2870 2852 3066 2930 Κύριος
3114 2850 3471 2909 ἀποστέλλων
3521 2851 3649 2917 τοὺς
3679 2851 3814 2908 ἀπο-

2165 2939 2395 3003 στόλους
2443 2940 2780 3018 παρήγγειλε
2821 2945 3014 2998 τοῦτον
3065 2941 3320 3016 θεμὲλιον
3350 2942 3554 2997 τιθέναι
3593 2945 3664 3016 τῇ
3696 2943 3814 2997 Ἐκ-

2163 3029 2368 3102 γλησίᾳ
2413 3029 2607 3106 λέγων’
2644 3032 3060 3106 «Πορευθέντες
3111 3032 3478 3105 μαθητεῦσατε
3525 3032 3702 3086 πάντα
3751 3031 3819 3086 τὰ

2166 3116 2316 3191 ἔθνη,
2352 3119 2700 3196 βαπτίζοντες
2745 3118 2943 3182 αὐτοὺς
2973 3118 3050 3182 εἷς
3099 3121 3162 3174 τὸ
3213 3121 3324 3194 (48)
3359 3119 3540 3193 ὄνομα
3579 3123 3680 3175 τοῦ
3712 3125 3820 3175 ηα-

2163 3209 2292 3284 τρὸς
2322 3209 2409 3264 καὶ
2442 3213 2538 3264 τοῦ
2573 3209 2700 3262 Υἱοῦ
2751 3208 2842 3263 καὶ
2887 3212 2986 3263 τοῦ
3028 3207 3183 3283 ἁγίου
3229 3207 3567 3282 Πνεὺματος.
3604 3232 3633 3260 n
3663 3208 3725 3262 Oi
3760 3204 3819 3262 δὲ

2165 3297 2488 3364 ἀπόστολοι,
2540 3298 2926 3373 πορευθέντες,
2977 3295 3151 3360 οὕτως
3205 3293 3469 3368 ἐδίδαξαν·
3519 3296 3609 3353 καὶ
3651 3298 3818 3353 τοῦτό

409 3387 677 3454 suerunt,
708 3387 885 3454 atque
913 3386 1037 3440 haec
1065 3386 1194 3457 ipsa
1227 3389 1560 3461 praedicatio
1607 3390 1668 3446 in
1718 3393 2052 3449 universam

2169 3385 2308 3442 ἐστιν
2367 3387 2443 3450 εἰς
2499 3391 2674 3442 πᾶσαν
2745 3387 2846 3456 τὴν
2923 3386 3012 3442 ὑπ’
3071 3386 3298 3461 οὐρανὸν
3372 3384 3700 3457 Ἐκκλησίαν
3753 3386 3818 3442 τὸ

410 3469 732 3528 Ecclesium
766 3489 896 3543 quin
926 3475 1036 3529 sub
1065 3475 1204 3532 οωιο
1233 3485 1344 3543 est,
1376 3480 1759 3549 permanavit.

481 3561 572 3615 29.
605 3562 746 3614 Cum
779 3561 960 3631 igitur
997 3563 1152 3618 istud
1207 3565 1336 3620 ﬁdei
1370 3567 1816 3626 fundamentum
1849 3569 2060 3626 habeat

414 3647 872 3715 Ecclesia,nobis
903 3651 1112 3708 iterum
1136 3653 1221 3708 illi
1245 3657 1598 3725 respondere
1625 3674 1696 3712 ne
1713 3672 2053 3729 graventur:

409 3735 741 3793 Trinitasne
773 3745 882 3809 est,
913 3757 982 3795 an
1019 3741 1304 3798 dualitns?
1330 3744 1388 3800 Si
1413 3743 1666 3802 dualitas
1681 3753 1770 3802 est
1801 3765 1814 3804 :
1845 3765 1944 3819 per
1963 3763 2058 3804 me

408 3825 566 3889 licet,
597 3826 849 3898 Spiritus
882 3829 1059 3885 rebus
1087 3834 1298 3888 creatis
1329 3834 1733 3906 adiungite.At
1762 3835 1811 3892 si
1844 3837 1924 3892 ita
1945 3841 2053 3907 est,

408 3914 556 3971 ﬁdes
583 3920 779 3972 vestra
811 3917 933 3987 jam
971 3937 1080 3974 non
1115 3921 1290 3976 estin
1329 3923 1506 3979 Deum
1557 3941 1766 3990 unum,
1827 3927 1924 3998 qui
1977 3926 2056 3982 sit

408 4025 436 4053 «
468 4020 646 4076 super
674 4008 1001 4078 omnia,per
1023 4009 1221 4064 omnia
1236 4010 1366 4066 etin
1387 4012 1715 4069 omnibus»
1749 4014 1864 4070 Nec
1897 4016 2053 4070 enim

405 4114 434 4142 ‹‹
469 4092 524 4146 in
549 4093 826 4150 omnibus
861 4118 886 4143 ι)
919 4096 1230 4163 habebitis,
1266 4101 1312 4153 si
1347 4100 1630 4172 Spiritum
1665 4119 1698 4158 a
1748 4103 2054 4159 divinitate

404 4183 692 4252 separetis
723 4189 779 4238 et
809 4185 881 4240 ab
911 4202 975 4240 ea
999 4186 1256 4243 alienum
1287 4187 1752 4246 faciatis.Vestra
1781 4190 1919 4248 item
1943 4191 2053 4246 ini-
2087 4211 2093 4216 '

403 4269 590 4338 tiatio,
623 4285 800 4344 quam
855 4289 1129 4347 peragere
1179 4277 1642 4350 arbitramini,si
1692 4281 1771 4336 ita
1803 4281 2054 4349 sentitis,

405 4373 524 4414 non
549 4363 669 4416 tota
684 4367 741 4416 et
766 4363 990 4432 integra
1011 4363 1109 4420 lict
1133 4366 1189 4420 in
1214 4367 1541 4424 divinitatis
1557 4385 1766 4425 nomen
1793 4385 1807 4426 :
1837 4369 2056 4442 quippe

405 4460 538 4501 eum
570 4464 686 4503 rem
722 4456 977 4506 creatam
1013 4452 1125 4524 ipsi
1159 4455 1619 4526 adiniseeatis,et
1650 4459 1827 4514 veluti
1853 4459 2052 4514 Ariani

473 4627 521 4663 ³⁴
551 4627 762 4700 Ephes.
795 4648 874 4700 ιν,
901 4634 956 4687 6.
1031 4634 1079 4669 ⁸⁵
1107 4635 1311 4692 Matth.
1344 4655 1542 4707 xxvm,
1578 4640 1663 4696 19.

479 4819 592 4891 (42)
741 4823 957 4905 Regius
1003 4826 1229 4898 primus
1279 4833 1337 4886 et
1393 4832 1522 4904 Seg.
1552 4833 1749 4889 Cateri
1809 4839 1866 4891 et
1907 4835 2044 4890 editi
2080 4841 2127 4905 Ι)
2157 4832 2407 4905 Felckm.

407 4886 494 4946 ἔτι
517 4886 818 4950 omittunt.

480 4963 590 5036 (43)
627 4965 843 5040 Regius
887 4969 1185 5026 secundus
1231 4975 1290 5027 et
1344 4973 1641 5042 Ottobon.,
1687 4973 2050 5051 ἐπισυνηγμέ-

409 5053 498 5088 νον
509 5076 522 5090 ο

483 5105 598 5189 (44)
628 5107 732 5189 Sic
771 5109 916 5189 Reg.
947 5111 968 5165 1
1023 5116 1078 5167 et
1121 5114 1175 5174 2.
1207 5115 1333 5189 Sag.
1370 5114 1545 5189 Basil.
1579 5117 1742 5189 Gohl.
1778 5124 1834 5174 et
1863 5119 2051 5175 Felck.

412 5179 883 5262 primus,.Busil:
905 5187 1098 5262 tamen
1135 5189 1190 5239 et
1221 5179 1348 5257 Stig.
1387 5187 1602 5262 habent
1637 5185 1824 5262 μόνου.
1859 5191 1968 5246 Alii
2001 5198 2058 5247 et

411 5248 567 5332 editi
580 5249 801 5332 habeat
829 5259 884 5332 et
919 5253 1084 5332 μόνου
1114 5263 1168 5310 et
1199 5248 1480 5332 φαντασίᾳ.

481 5321 594 5402 (45)
618 5321 710 5402 sic
739 5321 959 5402 Rggius
988 5321 1220 5402 primur'
1235 5335 1298 5402 et
1326 5321 1454 5402 seg'.
1473 5331 1573 5402 qui
1604 5332 1746 5388 ibid.
1768 5333 1796 5386 ὁ
1829 5339 1962 5390 ante
1978 5327 2050 5386 ὤν

409 5396 713 5448 omittunt.
747 5396 842 5450 Abi
866 5396 1004 5454 aliis
1022 5404 1077 5452 et
1103 5401 1278 5456 editis
1307 5396 1610 5460 mi'ab'est.

485 5467 716 5540 (liti)8ie
775 5468 989 5540 Regius
1051 5471 1294 5540 primus,
1346 5478 1469 5537 See.
1541 5475 1708 5530 Basil.
1770 5476 1934 5530 Gebl.
1995 5481 2053 5530 et

411 5535 662 5610 Felckm.
700 5535 1068 5610 primusAlii
1103 5561 1233 5598 cum
1265 5535 1438 5599 editis
1469 5545 1558 5599 καί
1589 5547 2050 5603 omittuntJhid.

409 5609 549 5678 Reg.
585 5609 932 5684 let12.Seg.
963 5613 1124 5668 Gohl.
1187 5620 1246 5670 et
1301 5617 1552 5673 Felckm.
1594 5621 1612 5674 l
1671 5617 1888 5674 habent
1930 5617 2054 5672 τοὺ-

413 5695 542 5800 ξων.
573 5681 926 5755 Ottobonus,
955 5684 1170 5742 τοὺτου.
1205 5687 1318 5742 Alii
1349 5705 1479 5746 vero
1530 5694 1588 5746 et
1637 5690 1778 5746 editi
1837 5691 2055 5747 habent

451 5767 489 5801 ι.

2168 3477 2446 3552 κήρυγμα·

2236 3568 2326 3622 29.
2381 3565 2590 3623 Οὐκοῦν
2635 3569 2826 3621 τοῦτον
2887 3563 3125 3642 ἐχούσης
3177 3569 3280 3634 τῆς
3340 3563 3665 3636 Ἐκκλησίας
3719 3563 3813 3620 τὸν

2168 3655 2418 3728 θεμέλιον
2449 3660 2548 3720 τῆς
2581 3654 2834 3726 πίστεως,
2888 3656 3188 3712 εἰπάτωσαν
3237 3653 3401 3711 πάλιν
3450 3659 3586 3729 ἡμῖν
3617 3654 3814 3711 ἐκεῖνοι

2165 3750 2254 3800 καί
2309 3744 2778 3820 ἀποκρινάσθωσαν
2809 3763 2822 3776 ⁸
2871 3747 3040 3822 Τριάς
3089 3745 3250 3814 ἱστιν,
3301 3746 3336 3815 ἢ
3384 3742 3512 3807 δυάς
3545 3763 3558 3813 ;
3591 3743 3663 3802 Εἴ
3713 3745 3812 3818 μὶν

2166 3833 2256 3889 οὖν
2309 3832 2436 3896 δυάς
2484 3834 2626 3901 ἐστι,
2676 3835 3103 3910 συναριθμείσθω
3155 3841 3280 3912 παρ’
3329 3835 3480 3908 ὑμῶν
3533 3835 3644 3908 (49)
3691 3840 3814 3897 τοῖς

2163 3923 2417 3996 κτίσμασι
2447 3924 2512 3978 τὸ
2543 3925 2786 3996 Πνεῦμα.
2820 3922 2936 3982 Οὔκ
2964 3919 3077 3980 ἔστι
3125 3925 3222 3998 μὲν
3251 3925 3314 3980 τὸ
3358 3929 3607 3979 τοιοῦτον
3655 3923 3811 3997 ὑμῶν

2164 4012 2421 4089 φρόνημα
2450 4012 2526 4076 ελς
2550 4008 2643 4066 ενα
2689 4012 2840 4084 θεὸν,
2871 4012 2966 4067 τὸν
2998 4035 3026 4064 ι(
3059 4011 3146 4067 ἐπὶ
3196 4014 3432 4081 πάντων,
3467 4035 3496 4065 ››
3530 4011 3620 4067 καὶ
3654 4035 3680 4063 α
3723 4008 3815 4068 διὰ

2165 4101 2402 4170 πάντων,
2443 4126 2462 4150 ιο
2497 4100 2586 4156 καὶ
2621 4127 2647 4152 ‹‹
2685 4099 2736 4156 ἐν
2784 4105 2937 4158 πᾶσι.
2970 4125 2998 4153 ››
3029 4102 3100 4157 Τὸ
3137 4101 3261 4178 γὰρ,
3294 4125 3323 4154 ι(
3357 4099 3409 4156 ἐν
3439 4107 3624 4169 πᾶσιν,
3656 4124 3684 4152 ››
3707 4101 3812 4156 οὐκ

2164 4187 2338 4265 ἔχετε,
2399 4187 2732 4265 διαιροῦντες
2798 4189 2888 4245 καὶ
2945 4187 3322 4262 ἀποξενοῦντες
3549 4188 3656 4244 ἀπὸ
3710 4191 3813 4258 τῆς

2163 4278 2420 4349 θεότητος
2467 4279 2531 4334 τὸ
2580 4281 2822 4352 Πνεῦμα⁶
2858 4281 2946 4334 καὶ
2997 4281 3032 4350 ἡ
3076 4278 3359 4343 τελείωσις
3407 4275 3467 4333 δὲ
3513 4277 3690 4350 ὑμῶν,
3747 4279 3810 4346 ἢν

2161 4368 2409 4441 νομίζετε
2437 4373 2631 4437 ποιεῖν,
2677 4366 2820 4423 οὕτω
2869 4372 3215 4446 φρονοῦντες,
3247 4367 3350 4422 οὐκ
3375 4366 3518 4424 ἔστιν
3569 4363 3817 4436 ὀλόκλη-

2165 4477 2256 4532 ρος
2313 4452 2388 4520 εἷς
2457 4457 2685 4527 θεὸτητα
2741 4457 3026 4532 γινομένη.
3089 4455 3469 4532 Ἐπιμίγνυται
3525 4454 3626 4532 γὰρ
3681 4454 3815 4511 ταὺ-

2159 4832 2407 4914 Felclim.
2479 4832 2689 4916 rimus,
2722 4830 2823 4920 qui
2873 4831 3048 4914 iidem
3101 4831 3254 4888 infra
3299 4830 3516 4886 habent
3555 4827 3807 4920 κρλισθῖ

2159 4906 2306 4985 ξόιῐ]
2331 4909 2388 4959 et
2418 4849 2536 4985 siit-1,
2567 4921 2855 4985 περιπεσῃ,
2887 4903 3148 4985 et‘lnfra‘,
3181 4899 3626 4985 κατακυλισθαιη.

2165 4975 2379 5048 Regius
2413 4971 2646 5048 primus
2666 4981 2722 5030 et
2753 4971 2895 5048 Seg.
2921 4971 3083 5029 πλέον
3117 4971 3382 5048 habent;
3415 4973 3516 5048 alii
3557 4971 3612 5030 et
3634 4971 3810 5048 editi,

2163 5042 2378 5102 πλῖἶον.
2412 5042 2626 5120 Regius
2684 5042 2983 5103 secundus
3039 5064 3143 5120 pro
3199 5042 3598 5115 πολυθεότητα,
3632 5043 3810 5101 habet

2163 5115 2481 5172 πολυθεΐαν.

2163 5138 2369 5174 ποΛυιιε
2380 5138 2459 5172 ιαν
2469 5161 2481 5174 .

2235 5129 2666 5262 ΐάἓεῗιγίίοηιοε
2693 5186 2756 5243 τό
2786 5193 2844 5244 et
2868 5192 2966 5242 τοῦ
3010 5193 3101 5245 ter
3157 5192 3472 5262 sequentes
3529 5185 3814 5244 omittunt

2165 5264 2468 5334 Regiuset
2497 5262 2628 5334 St-g.
2724 5329 2786 5334 ,Α
2855 5332 2858 5334 ν

2233 5329 2345 5406 (49)
2378 5329 2736 5406 Βοεί1.,”παρ’
2767 5329 3076 5406 ὑμῖνηΜοκ
3107 5332 3262 5406 idem
3312 5334 3368 5406 et
3417 5330 3652 5406 Regius
3688 5329 3810 5401 pri-

2165 5401 2476 5476 mus,'ch.
2509 5401 2695 5458 Gobl.‘
2715 5401 3052 5476 ett’elekm.
3089 5403 3323 5476 primus,
3353 5401 3574 5476 habent
3600 5401 3663 5476 τὸ
3692 5419 3810 5476 tor-

2164 5479 2319 5530 οῦτον
2354 5471 2531 5545 ὑμῶν,
2564 5482 2670 5530 etc.
2705 5471 2814 5528 Alii
2874 5479 3068 5545 autem
3090 5471 3183 5531 'et
3235 5473 3398 5541 editi,
3430 5494 3519 5528 τοι
3569 5471 3713 5526 οὕτω
3742 5472 3806 5526 τὸ

2168 5547 2344 5618 ὑμῶν,
2377 5544 2480 5620 etc.
2523 5547 2735 5617 Regius
2763 5549 2829 5620 2,_
2854 5544 3110 5620 ὑμέτερον
3143 5563 3247 5619 pro
3282 5546 3454 5620 ὑμῶν.

2236 5621 2344 5691 (50)
2377 5619 2468 5674 Sic
2499 5614 2712 5691 Regius
2747 5614 2994 5691 primus.
3019 5614 3162 5691 Sag:
3187 5614 3365 5691 Basi'l.
3393 5614 3725 5691 Goblerian.
3747 5617 3807 5669 et

2163 5687 2785 5774 FClell]..'RriflillS.'A;t
2815 5689 2912 5745 alii
2937 5694 2995 5774 et
3024 5687 3184 5774 editi,
3217 5687 3640 5774 ﬁnﬁsvtﬁovie‘q.
3663 5687 3804 5774 frau-

2163 5759 2218 5832 le
2249 5768 2382 5832 post
2409 5754 2582 5818 iidem
2616 5757 2924 5832 ὁλόκληρος
2953 5754 3178 5818 habent
3203 5779 3218 5818 :
3251 5754 3350 5818 alii
3393 5754 3464 5818 et
3478 5759 3642 5825 editi,
3669 5754 3802 5811 ὀλο»

487 5819 600 5892 (47)
629 5822 722 5879 Sic
750 5823 964 5896 Regius
994 5827 1238 5900 primus,
1267 5831 1398 5901 Seg.
1431 5829 1606 5886 Basil.
1625 5829 1966 5890 Goblerian.
1993 5837 2053 5890 et

2169 5819 2404 5908 κλήροις.
