4076 6324
347 415 469 478 599
896 415 962 475 S.
1007 412 1438 478 ATHANASII
1482 416 1656 477 OPP.
1701 415 1906 475 PARS
1949 413 1998 473 Ι.

2149 411 2554 475 HISTORICA
2596 411 2698 472 ET
2743 410 3213 474 DOGMATICA.
3650 410 3774 472 600

348 546 480 602 dem
505 545 565 601 in
585 546 778 618 seipsa
799 549 909 613 est,
924 550 981 601 et
997 561 1193 601 secum
1219 546 1349 619 ipsa
1379 548 1695 619 conjuncta
1722 549 1834 613 est,
1850 543 1998 600 nihil
2029 608 2030 613 η

2149 541 2286 604 ὕτως
2339 543 2374 611 ἡ
2436 542 2561 617 ἀγία
2617 543 2810 617 Τριὰς,
2866 544 2903 612 ἡ
2931 541 3067 612 αὐτὴ
3121 540 3255 597 οῦσα
3299 543 3468 617 ἑαυτῇ
3680 544 3767 598 καὶ

347 636 409 692 in
440 651 503 691 se
521 650 716 691 rerum
740 636 1024 691 factarum
1059 635 1254 702 habet;
1289 636 1526 709 haecque
1546 634 1847 690 Trinitatis
1864 633 2002 689 uni-

2151 630 2374 703 νωμένη
2406 631 2542 704 πρὸς
2576 632 2794 700 ἑαυτὴν,
2828 628 2982 686 οὐδὲν
3030 625 3148 707 ἔχει
3199 629 3252 686 ἐν
3278 632 3442 706 ἑαυτῇ
3472 635 3581 686 τῶν
3610 652 3772 708 γενη-

346 729 439 782 tas
460 724 763 780 individua
791 728 898 794 est,
934 740 1169 796 unaque
1198 724 1257 779 in
1288 725 1491 781 eadem
1526 725 1671 779 fides
1702 727 1810 778 est.
1840 720 2003 788 Quod

2149 720 2238 773 ὧν·
2272 720 2363 775 καὶ
2394 719 2529 789 αὕτη
2563 723 2661 789 τῆς
2708 717 2946 796 Τριάδος
2995 723 3031 790 ἡ
3082 717 3389 797 ἀδιαίρετος
3415 721 3604 792 ἑνότης
3634 723 3773 796 (61),

349 813 399 870 si
431 813 518 868 uti
548 829 669 880 vos,
703 812 955 884 Tr0pici,
990 802 1308 869 commenti
1340 814 1503 883 estis,
1536 829 1650 869 non
1679 812 1763 868 ita
1815 826 1877 866 se
1911 825 2003 865 res

2149 809 2203 864 ai
2233 809 2329 884 μία
2376 811 2410 879 ἡ
2464 809 2539 872 εἷς
2580 810 2780 880 ταύτην
2830 808 3010 873 πίστις
3062 809 3223 866 ἐστίν.
3274 809 3337 865 Εἰ
3386 807 3445 865 δὲ
3493 810 3629 866 κατᾶ
3673 812 3773 881 τὴν

349 902 746 969 babet,sed,ut
776 901 1406 974 somniastis,Spiritus
1428 905 1669 958 sanctus
1701 916 1791 956 res
1812 902 2008 955 creata

2152 901 2267 970 μῶν
2314 903 2423 953 τῶν
2471 902 2762 974 Τροπικῶν
2826 898 3158 974 ἐπεξεύρεσιν
3223 899 3331 975 οὐχ
3373 898 3548 962 οὕτως
3604 898 3777 973 ἐστὶν,

352 1006 387 1046 a
417 990 580 1048 vobis
612 989 830 1045 dicitur
864 1006 877 1045 :
904 992 1029 1062 jam
1062 1008 1178 1046 non
1214 1008 1330 1047 una
1359 996 1447 1047 est
1478 991 1624 1046 fides
1654 993 1868 1056 vestra,
1887 1004 2005 1043 non

2150 986 2242 1062 γλ⁹
2289 985 2674 1059 ἐνυπιάσθητε
2717 987 2921 1061 κτίσμα
2971 990 3092 1063 (62)
3135 985 3310 1065 λέγειν
3358 989 3421 1043 τὸ
3468 992 3689 1063 Πνεῦμα
3714 991 3780 1045 τὸ

354 1093 537 1133 unum
572 1078 998 1149 baptisma,sed
1033 1080 1148 1135 duo
1179 1095 1191 1134 :
1229 1096 1414 1135 unum
1438 1078 1742 1136 scilicetin
1776 1080 2007 1132 Patrem

2149 1077 2290 1150 γιον·
2347 1075 2530 1132 οὐκέτι
2584 1075 2682 1149 μία
2729 1077 2910 1140 πίστις
2958 1075 3100 1132 ἐστὶν
3163 1076 3341 1150 ὑμῶν,
3402 1074 3532 1133 οὐδὲ
3573 1077 3631 1132 ἓν
3685 1079 3780 1153 βά-

358 1170 416 1221 et
446 1165 681 1237 Filium,
714 1166 875 1223 aliud
908 1167 965 1222 in
999 1168 1273 1240 angelum
1293 1169 1393 1240 qui
1426 1185 1518 1224 res
1543 1171 1736 1224 creata
1765 1168 1892 1232 est;
1918 1165 2007 1220 ni-

2149 1186 2347 1239 ττισμα,
2377 1163 2523 1220 ἀλλὰ
2554 1163 2669 1220 δόθ’
2711 1163 2769 1221 ’ὲν
2824 1167 2922 1239 μὲν
2980 1165 3057 1229 sic
3102 1164 3313 1241 Πατέρα
3356 1165 3448 1220 καὶ
3497 1164 3642 1220 Υἱόν·
3670 1162 3781 1221 ἓτε-

359 1255 564 1327 hilque
585 1256 713 1326 jam
743 1255 910 1312 vobis
938 1257 1199 1324 ﬁrmum,
1219 1256 1366 1312 nihil
1398 1274 1603 1314 verum
1634 1254 2008 1328 superfuerit.

2259 1252 2668 1309 δὶ’⁹”λ
2858 1254 2874 1309 ί
3056 1249 3739 1310 ””“”“ὶλ“

2157 1275 2213 1309 ον
2365 1275 2443 1317 εις
2501 1275 2632 1331 αγγε
2675 1275 2732 1309 ον
2788 1276 2850 1310 κτ
2879 1274 2990 1328 σμα
3047 1274 3178 1309 οντα
3247 1274 3337 1308 και
3382 1270 3535 1309 ουον
3621 1275 3778 1309 οιπον

362 1344 496 1408 Quae
516 1345 672 1401 enim
703 1346 1042 1402 communio
1074 1346 1227 1401 inter
1258 1362 1379 1402 rem
1411 1346 1625 1402 factam
1662 1351 1719 1402 et
1765 1346 1893 1415 ejus
1923 1342 2012 1397 ef-

2149 1344 2278 1417 ›μῶν
2324 1342 2561 1422 ἀσφαλὲς
2612 1340 2741 1399 οὐδὲ
2791 1341 3013 1414 ἀληθές.
3065 1341 3204 1397 Ποία
3246 1341 3347 1418 γὰρ
3390 1342 3649 1399 κοινωνία
3685 1363 3782 1420 γε-

364 1434 694 1489 fectorem?
740 1433 841 1489 Vel
890 1451 1018 1506 quas
1063 1434 1313 1491 societas
1369 1434 1522 1490 inter
1570 1450 1662 1490 res
1708 1432 2013 1489 inferiores

2155 1436 2273 1504 ητῷ
2321 1432 2413 1487 καὶ
2470 1429 2847 1507 δημιουργῷς
2907 1433 2974 1487 Ἦ
3026 1430 3160 1487 ποία
3217 1431 3408 1502 ἑνότης
3456 1436 3574 1494 τοῖς
3631 1432 3781 1487 κάτω
3854 1426 3859 1429 Δ

366 1526 594 1578 creatas
615 1526 672 1577 et
689 1521 944 1578 Verbum
968 1541 1001 1579 a
1028 1538 1142 1596 quo
1172 1523 1467 1595 productae
1490 1527 1630 1584 sunt
1647 1522 1675 1578 ?
1696 1526 1859 1577 Certe
1876 1522 2014 1577 bea-

2149 1519 2379 1594 ιτίσμασι
2446 1519 2536 1575 καὶ
2612 1526 2692 1594 τῷ
2762 1525 2929 1576 ταῦτα
3008 1519 3478 1597 δημιουργήσαντι
3567 1520 3778 1596 Λόγφς

368 1614 468 1667 tus
496 1610 736 1680 Paulus,
768 1611 866 1683 qui
896 1612 1010 1668 ista
1039 1612 1285 1669 minime
1315 1612 1777 1684 ignorabat,non
1809 1615 1876 1667 ut
1890 1626 2016 1676 vos,

2149 1612 2305 1667 Γοῦτο
2365 1608 2522 1672 εἰδὼς
2582 1611 2611 1664 6
2662 1611 2930 1684 μακάριος
2988 1608 3226 1679 Παῦλος,
3285 1609 3349 1664 οὗ
3417 1607 3621 1687 διαιρεῖ
3681 1610 3781 1680 τὴν

371 1700 720 1757 Trinitatem
751 1700 1086 1771 dividit,sed
1108 1702 1237 1773 ejus
1259 1701 1540 1767 unitatem
1568 1699 1898 1757 luculenter
1917 1698 2019 1753 do-

2149 1696 2348 1774 Γριάδα,
2382 1698 2562 1776 ὥσπερ
2617 1699 2794 1772 ὑμεῖς,
2847 1698 2993 1755 ἀλλᾶ
3039 1701 3140 1769 τήν
3197 1697 3430 1769 ἑνότητα
3471 1698 3673 1770 ταύτης
3705 1696 3785 1754 δι-

375 1794 465 1847 cet
495 1807 630 1846 cum
658 1792 730 1847 de
746 1791 1147 1863 spiritualibus
1165 1794 1341 1849 rebus
1360 1793 1432 1849 ad
1455 1792 1789 1849 Corinthios
1816 1788 2022 1847 scribit

2149 1787 2341 1843 ἷάσκὼν
2394 1785 2592 1865 ἔγραψε
2652 1785 2963 1863 Κορινθίοις
3019 1787 3146 1865 περῖ
3204 1791 3314 1843 τῶν
3373 1792 3781 1862 πνευματικῶν,

377 1884 435 1936 et
463 1879 661 1939 omnia
684 1881 753 1935 ad
777 1898 961 1938 unum
986 1882 1169 1938 Deum
1198 1883 1425 1939 Patrem
1443 1886 1727 1954 tanquam
1751 1880 1823 1936 ad
1846 1880 2023 1952 caput

2149 1878 2219 1932 ιαὶ
2247 1878 2314 1932 τδι
2338 1876 2507 1932 πάντα
2536 1877 2614 1940 εἷς
2661 1874 2755 1932 ἕνα
2803 1878 2932 1934 Θεὸν
2979 1878 3069 1932 τὸν
3127 1877 3343 1952 Ηπτὲρα
3389 1876 3783 1956 ἀνακεφαλαιοῖ

2149 1964 2199 1981 ..
2469 1974 2478 1981 .
2619 1965 2630 1981 .
2798 1963 2841 1981 κ.
3126 1966 3138 1981 ,
3335 1966 3349 1981 .
3391 1966 3406 1981 ι
3505 1965 3520 1981 .
3563 1964 3608 1981 ι..
3695 1967 3708 1981 .
3758 1966 3772 1981 .

380 1969 488 2025 hoc
502 1974 668 2040 pacto
689 1971 915 2027 reducit
938 1989 995 2027 :«
1010 1971 1333 2029 Divisiones
1352 1987 1489 2028 vero
1511 1971 1835 2044 gratiarum
1861 1972 2022 2040 sunt,

379 2057 535 2114 idem
557 2062 755 2116 autem
786 2060 1041 2130 Spiritus
1065 2078 1077 2116 :
1097 2066 1156 2117 et
1182 2061 1499 2119 divisiones
1519 2060 2024 2117 ministrationum

382 2148 699 2213 sunt,idem
730 2152 927 2207 autem
960 2149 1241 2205 Dominus
1272 2166 1287 2204 :
1320 2154 1378 2206 et
1399 2150 1716 2205 divisiones
1736 2147 2027 2220 operatio-

384 2252 528 2292 num
561 2241 721 2306 sunt,
753 2237 908 2293 idem
942 2255 1074 2293 vero
1110 2240 1281 2305 Deus,
1310 2238 1411 2310 qui
1443 2245 1717 2310 operatur
1746 2235 2025 2293 omniain

384 2325 662 2381 omnibus
692 2325 792 2380 ".-
824 2326 958 2389 Quaa
990 2327 1143 2382 enim
1165 2327 1413 2400 Spiritus
1432 2326 1683 2401 singulis
1700 2325 2026 2394 distribuit,

383 2429 453 2469 ea
482 2430 515 2469 a
535 2414 703 2470 Patre
730 2429 834 2486 per
855 2415 1105 2472 Verbum
1128 2416 1513 2473 dantur.Nam
1545 2416 1744 2472 omnia
1771 2432 1899 2487 quae
1922 2418 2029 2471 Pa-

385 2502 495 2558 tris
542 2507 701 2571 sunt,
752 2503 894 2559 item
959 2504 1087 2560 Filii
1143 2522 1155 2561 :
1210 2506 1363 2562 unde
1412 2522 1480 2560 ea
1522 2522 1646 2576 quae
1696 2522 1730 2560 a
1779 2503 1921 2560 Filio
1968 2503 2027 2558 in

380 2590 603 2664 Spiritu
635 2592 870 2660 dantur,
904 2609 1039 2649 vera
1068 2598 1207 2649 sunt
1236 2594 1425 2651 Patris
1456 2610 1719 2650 munera.
1747 2592 2033 2649 Similiter

385 2696 518 2735 cum
551 2680 806 2753 Spiritus
837 2682 896 2736 in
929 2683 1096 2738 nobis
1128 2684 1562 2749 est,Verbum,a
1594 2700 1709 2755 quo
1739 2682 1906 2738 illum
1935 2699 2027 2737 ac-

385 2769 722 2841 cipimus,in
758 2770 929 2827 nobis
960 2772 1133 2828 etiam
1166 2777 1339 2841 est,et
1368 2774 1425 2828 in
1458 2772 1645 2829 Verbo
1678 2777 1768 2829 est
1796 2787 2030 2845 quoque

386 2861 756 2932 Pater,atque
784 2860 867 2915 ita
895 2861 959 2917 iit
984 2861 1141 2919 istud
1176 2878 1189 2916 :
1223 2885 1252 2913 ι(
1290 2862 1603 2919 Veniemus
1633 2878 1738 2935 ego
1759 2866 1810 2918 et
1843 2861 2029 2927 Pater,

387 2952 444 3004 et
473 2951 840 3008 mansionem
872 2952 1026 3024 apud
1059 2968 1193 3008 eum
1226 2952 1509 3008 faciemus
1536 2953 1601 3019 ⁸³,
1624 2972 1652 3003 ιι
1691 2951 1775 3008 uti
1800 2951 1924 3022 jam
1947 2951 2031 3007 di-

387 3041 545 3094 ctum
575 3044 688 3095 est.
719 3040 829 3095 Ubi
854 3040 1005 3096 enim
1031 3040 1129 3097 lux
1157 3041 1393 3110 est,illio
1421 3046 1479 3097 et
1507 3040 1784 3113 splendor
1798 3056 2032 3112 quoque

386 3130 478 3183 est
508 3144 522 3181 :
558 3128 660 3185 ubi
690 3129 830 3185 item
863 3128 1142 3201 splendor
1162 3130 1359 3198 est,ibi
1380 3130 1654 3187 similiter
1681 3137 1738 3186 et
1766 3130 2031 3201 ejuseffi-

387 3215 602 3274 cientis
626 3221 684 3272 et
711 3218 1121 3289 splendidaest
1151 3219 1359 3291 gratia.
1382 3218 1714 3285 Quodidem
1732 3217 1948 3274 Paulus
1970 3218 2030 3274 in

2135 1964 2334 2041 λέγων·
2365 1990 2392 2018 ι(
2457 1965 2749 2043 Διαιρέσεις
2794 1963 2853 2021 δὲ
2893 1966 3258 2043 χαρισμάτων
3308 1966 3433 2039 εἶσὶ,
3466 1965 3530 2021 τὸ
3560 1964 3618 2022 δὲ
3647 1966 3782 2022 αὐτὸ

2136 2058 2374 2128 Πνεῦμα⁶
2425 2056 2515 2111 καὶ
2568 2048 2855 2130 διαιρέσεις
2904 2052 3189 2111 διακονιῶν
3240 2055 3396 2124 εἰσιν,
3435 2055 3465 2110 6
3511 2053 3570 2110 δὲ
3616 2055 3779 2117 αὐτὸς

2134 2143 2332 2220 Κύριος
2362 2147 2495 2218 (63)·
2543 2145 2630 2199 καὶ
2685 2142 2974 2221 διαιρέσεις
3021 2143 3399 2221 ἐνεργημάτων
3443 2141 3601 2212 εἰσὶν,
3646 2144 3675 2198 6
3722 2141 3783 2199 δὶ

2136 2234 2297 2296 αὐτὸς
2335 2233 2466 2298 Θεὸς
2514 2235 2542 2289 ὁ
2591 2231 2820 2309 ἐνεργῶν
2867 2234 2934 2289 τὰ
2980 2234 3151 2289 πάντα
3195 2233 3248 2288 έν
3298 2236 3483 2289 πᾶσιν.
3519 2256 3549 2285 ››
3579 2235 3649 2290 "A
3676 2233 3780 2309 γὰρ

2138 2323 2201 2377 τὸ
2233 2328 2451 2394 Πνεῦμα
2494 2323 2698 2396 ἑκάστῳ
2748 2321 2967 2399 διαιρεῖ,
3009 2327 3177 2394 ταῦτα
3228 2322 3374 2399 παρὰ
3417 2326 3514 2377 τοῦ
3571 2323 3780 2397 Πατρὸς

2138 2409 2228 2466 διὰ
2273 2416 2369 2466 τοῦ
2415 2412 2592 2486 Λόγου
2635 2417 2982 2488 χορηγεῖται.
3038 2412 3219 2483 Πάντα
3254 2411 3358 2487 γὰρ
3401 2410 3469 2467 τὰ
3515 2414 3611 2467 τοῦ
3668 2416 3779 2465 Πα-

2136 2502 2286 2577 τρὸς,
2315 2505 2411 2555 τοῦ
2442 2501 2569 2559 Υἳοῦ
2618 2500 2750 2556 έστιο
2802 2499 2887 2555 διὸ
2934 2502 3022 2556 καὶ
3082 2501 3151 2556 τὰ
3201 2501 3347 2576 παρὰ
3400 2503 3500 2555 τοῦ
3544 2500 3671 2554 Υἱοῦ
3728 2498 3781 2554 ἐν

2141 2588 2412 2663 Πνεόματι
2441 2587 2701 2664 διδόμενα
2747 2594 2843 2645 τοῦ
2891 2584 3100 2665 Πατρός
3154 2587 3264 2644 ἐστι
3314 2588 3647 2666 χαρίσματα.
3681 2590 3785 2645 Καὶ

2135 2683 2232 2735 τοῦ
2258 2680 2569 2753 Πνεόματος
2600 2677 2657 2735 δὲ
2687 2674 2843 2742 ὄντος
2876 2679 2928 2735 ἐν
2961 2681 3118 2752 ἡμῖν,
3160 2680 3250 2734 καὶ
3299 2678 3327 2733 6
3359 2678 3532 2755 Λόγος
3567 2680 3595 2733 ὁ
3623 2683 3788 2733 τοῦτο

2140 2766 2320 2832 διδούς
2370 2768 2511 2825 ἐστιν
2555 2768 2608 2824 έν
2658 2771 2794 2842 ἡμῖν
2836 2771 2971 2843 (64),
3015 2768 3106 2823 καὶ
3155 2766 3209 2822 έν
3264 2767 3343 2839 τῷ
3384 2766 3546 2844 Λόγῳ
3578 2765 3721 2822 ἐστὶν
3754 2766 3783 2820 ὁ

2139 2859 2347 2932 Πατήρ,
2405 2856 2495 2911 καὶ
2545 2854 2718 2921 οὕτως
2765 2857 2876 2912 ἐστὶ
2921 2857 3006 2925 τὸ,
3044 2880 3071 2907 ‹‹
3118 2852 3480 2929 Ἐλιυσόμεθα
3529 2853 3638 2929 ἐγὼ
3696 2853 3786 2909 καὶ

2139 2948 2168 3002 6
2198 2947 2405 3022 Πατὴρ,
2438 2948 2524 3003 καὶ
2563 2947 2735 3021 μονὴν
2765 2949 2893 3023 παρ’
2922 2942 3067 3018 αὸτῷ
3113 2945 3442 3017 ποιήσομεν,
3470 2966 3501 2996 ι)
3543 2941 3787 3019 καθάπερ

2140 3033 2373 3111 εἴρηται.
2406 3038 2565 3092 Ἔνθα
2608 3035 2709 3113 γὰρ
2746 3036 2809 3091 τὸ
2865 3039 3003 3112 φῶς,
3053 3034 3164 3090 εκεῖ
3209 3033 3299 3088 καὶ
3504 3032 3569 3087 τὸ
3614 3030 3788 3087 ἀπαύ-

2139 3146 2343 3202 γασμα·
2392 3125 2483 3180 καὶ
2536 3123 2660 3189 ἔνθα
2705 3124 2768 3179 τὸ
2823 3122 3171 3199 ἀπαύγασμα,
3220 3120 3330 3177 ἐκεῖ
3375 3122 3462 3177 καὶ
3514 3123 3551 3192 ἡ
3591 3120 3790 3177 τούτου

2141 3215 2382 3291 ἐνέργεια
2427 3214 2518 3270 καὶ
2572 3211 2861 3290 αὐγοειδῆς
2902 3214 3086 3289 χάρις.
3139 3211 3235 3266 Καὶ
3281 3214 3442 3267 τοῦτο
3490 3207 3654 3265 πάλιν
3707 3207 3788 3264 δι-

385 3305 644 3361 secunda
673 3281 933 3378 Epistula
959 3308 1031 3363 ad
1074 3281 1420 3364 Corinthios
1450 3308 1545 3364 his
1592 3306 1784 3363 verbis
1814 3307 1983 3363 docet
2014 3325 2027 3363 :

2149 3281 2351 3361 δάσκιον
2385 3306 2413 3359 6
2458 3281 2679 3366 Παῦλος
2724 3281 2950 3381 ἔλργαφεν
2982 3281 3150 3365 ἀὖθις
3198 3302 3310 3375 (66)
3362 3297 3669 3374 Κορινθίοις
3699 3298 3789 3353 καὶ

393 3412 417 3441 ι
448 3392 646 3449 Gratia
663 3394 889 3449 Domini
906 3395 1243 3452 nostriJesu
1263 3396 1561 3467 Christi,st
1577 3396 1831 3452 charitas
1848 3394 2035 3465 Dei,et

386 3483 837 3539 communicatio
868 3484 1053 3541 sancti
1087 3485 1340 3558 Spiritus
1371 3485 1447 3541 sit
1474 3501 1606 3541 cum
1631 3485 1908 3541 omnibus
1936 3500 2033 3542 vo-

385 3570 478 3626 bis
506 3572 572 3626 ”.
605 3592 634 3621 ››
661 3572 857 3629 Gratia
888 3574 1042 3631 548
1074 3575 1229 3629 enim
1250 3578 1307 3630 et
1328 3575 1547 3630 donum
1573 3574 1729 3646 quod
1752 3573 1810 3628 in
1843 3572 2034 3629 Trini-

385 3663 503 3715 tate
534 3660 905 3730 datur,datur
934 3680 968 3719 a
1000 3664 1162 3718 Patre
1194 3680 1296 3736 per
1324 3663 1535 3719 Filium
1569 3663 1624 3718 in
1659 3662 1879 3735 Spiritu
1898 3678 2034 3718 san-

392 3751 654 3807 cto.Nam
688 3754 1185 3825 quemadmodum
1217 3770 1286 3809 ex
1316 3757 1482 3809 Patre
1502 3769 1609 3826 per
1629 3752 1839 3809 Filium
1864 3752 2037 3809 datur

390 3839 597 3911 gratia,
627 3841 710 3897 ita
738 3842 795 3896 in
829 3843 1000 3899 nobis
1034 3844 1156 3899 ﬁeri
1188 3860 1303 3899 non
1332 3846 1520 3915 potest
1538 3842 1675 3898 doni
1705 3841 2033 3898 communi-

391 3928 541 3985 catio
573 3929 687 3986 nisi
720 3930 778 3986 in
810 3931 1033 4004 Spiritu
1067 3936 1291 3988 sancto.
1324 3932 1513 4002 Hujus
1529 3930 1823 4004 siquidem
1857 3930 2035 4003 parti-

390 4019 546 4092 cipes
577 4023 785 4092 effecti,
818 4023 1005 4080 Patris
1036 4023 1407 4094 charitatom,
1438 4023 1569 4079 Filii
1591 4023 1840 4095 gratiam
1876 4026 1933 4079 st
1953 4023 2036 4095 ip-

389 4108 515 4165 sius
544 4109 794 4182 Spiritus
825 4112 1420 4170 communicationem
1452 4113 1762 4170 habemus.

457 4376 553 4431 31:
581 4377 663 4432 Ex
690 4376 783 4432 his
814 4378 995 4450 igitur
1026 4395 1143 4434 una
1180 4378 1485 4436 Trinitatis
1545 4378 1859 4436 efficientia
1906 4395 2039 4438 esse

388 4463 856 4521 ostenditur.Nec
883 4467 1041 4522 enim
1065 4466 1292 4524 diversa
1322 4472 1378 4523 et
1405 4467 1593 4524 divisa
1623 4468 1746 4523 dari
1778 4484 1812 4524 a
1841 4468 2038 4541 singu-

387 4550 463 4610 lis
493 4552 787 4625 significat
816 4554 1154 4625 Apostolus,
1188 4554 1289 4612 sed
1320 4572 1389 4612 ea
1419 4572 1545 4627 quae
1572 4556 1808 4625 dantur,
1844 4556 1902 4613 in
1923 4557 2039 4613 Tri-

2143 3393 2197 3449 ἐν
2227 3396 2296 3468 τῇ
2338 3391 2559 3469 δευτέρᾳ
2612 3389 2912 3465 Ἐπιστολῇ
2959 3391 3157 3466 λέγων·
3209 3414 3239 3443 ‹‹
3267 3391 3335 3445 ἸΙ
3365 3387 3527 3465 χάρις
3556 3392 3654 3444 τοῦ
3682 3394 3791 3444 Κυ-

2146 3482 2266 3559 ρίου
2309 3485 2470 3556 ἡμῶν
2522 3484 2699 3554 Ἰησοῦ
2749 3483 3003 3557 Χριστοῦ,
3047 3480 3135 3536 καὶ
3187 3481 3224 3550 ἡ
3275 3478 3460 3554 ἀγάπη
3507 3482 3605 3534 τοῦ
3634 3482 3790 3547 Θεοῦ,

2144 3574 2231 3627 καὶ
2282 3574 2317 3642 ἡ
2362 3571 2621 3627 κοινωνία
2666 3575 2763 3627 τοῦ
2809 3570 2964 3646 ἁγὶου
3012 3568 3346 3642 Ιῐνεύματος,
3400 3566 3536 3642 μετὰ
3580 3565 3788 3623 πέντων

2146 3662 2320 3736 ὑμῶν.
2351 3688 2373 3716 ι
2407 3667 2467 3716 Ἡ
2496 3661 2600 3737 γὰρ
2650 3658 2910 3734 διδομένη
2961 3659 3124 3735 χάρις
3169 3656 3258 3714 καὶ
3308 3654 3485 3734 δωρεά
3514 3654 3567 3712 ἐν
3597 3653 3792 3731 Τριάδι

2146 3748 2350 3806 δίδοται
2372 3751 2520 3825 παρὰ
2545 3753 2642 3804 τοῦ
2686 3749 2900 3824 ΙῙατρὸς
2950 3745 3019 3803 δι’
3068 3748 3197 3802 Υἱοῦ
3238 3746 3289 3801 ἐν
3326 3744 3597 3819 ῐΙνεῦματι
3630 3743 3789 3821 ἁγίῳ.

2144 3842 2347 3916 Ὥσπερ
2394 3839 2495 3916 γὰρ
2544 3837 2604 3893 ἔκ
2647 3842 2745 3893 τοῦ
2794 3838 3005 3913 ΙΙατρὸς
3063 3834 3174 3891 ἐστι
3229 3832 3301 3890 δι’
3338 3835 3466 3890 Υἱοῦ
3495 3835 3613 3909 (67)
3640 3836 3675 3904 ἡ
3707 3831 3790 3889 δι-

2146 3925 2353 4002 δομένη
2413 3927 2600 4004 χαρίς,
2654 3926 2825 3990 οὕτως
2872 3926 2974 3982 οὒκ
3031 3924 3091 3981 ἂν
3142 3926 3352 4002 γένοιτο
3388 3922 3647 3979 κοινωνία
3690 3929 3793 3994 τῆς

2148 4016 2346 4082 δὸσεως
2406 4019 2458 4074 έν
2521 4021 2678 4093 ἡμῖν,
2728 4017 2775 4072 εἰ
2830 4017 2908 4091 μὴ
2958 4015 3009 4071 ἐν
3062 4019 3142 4088 τῷ
3196 4013 3477 4088 Πνεύματι
3522 4017 3604 4087 τῷ
3629 4014 3790 4088 ἁγίῳ.

2143 4108 2347 4164 Τούτου
2403 4108 2507 4185 γὰρ
2579 4107 2918 4183 μετέχοντες,
2986 4102 3191 4181 ἔχομεν
3274 4108 3371 4160 τοῦ
3428 4104 3643 4176 Ιῐατρὸς
3696 4104 3795 4173 τήν

2148 4200 2385 4274 ἀγάπην,
2444 4197 2534 4252 καὶ
2590 4200 2689 4252 τοῦ
2746 4196 2876 4250 Υἱοῦ
2932 4194 3034 4264 τὴν
3089 4194 3277 4270 χάριν,
3334 4193 3422 4249 καὶ
3478 4193 3649 4248 αὐτοῦ
3698 4192 3794 4248 τὸῦ

2149 4288 2464 4361 Ιῐνεύματος
2492 4287 2591 4355 τήν
2622 4283 2904 4341 κοινωνίαν
2916 4326 2928 4339 .
3216 4305 3220 4308 ’

2217 4380 2306 4435 31.
2357 4374 2467 4432 Μία
2514 4371 2618 4451 ἄρα
2655 4373 2746 4429 καὶ
2796 4371 2856 4428 ἐκ
2899 4372 3105 4429 τούτων
3155 4374 3191 4443 ἡ
3238 4376 3339 4441 τῆς
3391 4366 3623 4447 Τριάδος
3652 4369 3797 4447 ἐνερ-

2147 4488 2268 4544 γεια
2297 4464 2583 4523 δείκνυται.
2618 4464 2699 4522 Οὐ
2746 4464 2850 4539 γὰρ
2900 4464 2974 4526 ὡς
3033 4461 3160 4539 παρ’
3190 4461 3415 4516 ἑκάστου
3447 4456 3679 4539 διάφορα
3707 4458 3797 4515 καὶ

2149 4556 2452 4633 διῃρημένα
2492 4553 2559 4610 τὰ
2598 4549 2862 4627 διδόμενα
2912 4550 3164 4626 σημαίνει
3213 4550 3241 4605 6
3275 4546 3631 4612 ’Δπόστολος·
3666 4546 3796 4605 ἀλλ’

460 4728 505 4763 δ”
536 4730 559 4785 Ι
587 4730 713 4785 Cor.
745 4745 847 4796 xu,
881 4727 1000 4783 4-6.
1077 4727 1121 4764 ⁸⁸
1146 4728 1316 4785 Joan.
1348 4746 1462 4802 xxv,
1493 4730 1583 4785 23.
1660 4730 1706 4765 ⁸⁸
1736 4730 1784 4786 ΙΙ
1814 4734 1940 4787 Cor.
1973 4748 2100 4800 xm,
2134 4732 2221 4788 13.

460 4906 573 4989 (60)
600 4903 940 4989 Sic‘Regius
984 4904 1418 4989 prim-us,"S_eg..
1461 4905 1743 4989 (.a‘uo'blznet‘
1783 4904 2035 4989 Fplclgm:

393 4973 872 5098 primus.{0iette—ri
917 4973 1049 5033 vero
1099 4981 1156 5032 et
1203 4976 1365 5046 editi,
1395 4977 1430 5045 ἡ
1463 4975 1587 5050 ἁγία
1616 4975 1782 5052 Τριᾶς
1812 4973 1864 5030 ἐν
1900 4976 2036 5051 αὐτῇ

395 5067 548 5098 ουσα.
574 5067 642 5098 κα
671 5089 686 5098 .
718 5065 748 5098 8
778 5066 827 5098 ϐ.

395 5046 548 5111 οὖσα,
574 5046 686 5111 καί,
718 5053 827 5103 etc.

463 5089 859 5192 (666315136
916 5118 1169 5192 Felckm.
1220 5118 1466 5192 primus,
1527 5114 1739 5192 ἕνωσις.
1776 5119 1907 5192 Mox
1940 5120 2043 5176 Re-

392 5188 521 5263 gius
558 5188 788 5263 primus
810 5195 866 5245 et
895 5199 1049 5262 Seg.,
1073 5188 1294 5258 ταύτην.
1332 5190 1439 5245 Alii
1473 5196 1532 5246 et
1561 5191 1727 5258 editi,
1760 5188 1948 5260 αὐτήν.

462 5264 573 5335 (62)
607 5262 853 5335 Exumss.
890 5261 1028 5335 Reg.
1066 5264 1089 5316 1
1125 5268 1183 5335 et
1208 5265 1263 5331 2,
1300 5279 1521 5318 necnon
1549 5268 1677 5335 Seg.
1700 5279 1897 5318 vocem
1923 5261 2043 5316 κτί-

391 5332 502 5405 σμα
533 5334 589 5389 in
623 5332 754 5389 aliis
784 5337 840 5388 et
871 5333 1042 5389 editis
1073 5334 1354 5390 omissam
1387 5332 1775 5390 restituimus.

430 5403 572 5478 '(63)
605 5410 741 5493 Reg.
778 5407 829 5472 1,
861 5410 991 5478 Seg,
1022 5405 1249 5478 Anglic.
1282 5405 1447 5461 Gobl.
1492 5411 1548 5462 et
1574 5407 1827 5463 Felckm.
1865 5407 1913 5474 1,
1947 5403 2036 5458 καὶ

393 5476 420 5529 ὁ
450 5476 609 5529 αὐτος
641 5483 856 5529 Κυοιος.

450 5476 609 5539 αὐτος
641 5476 856 5539 Κύριος.

464 5497 609 5539 ιυτος
645 5496 856 5550 κυριος.

464 5550 575 5619 (64)
606 5550 700 5605 Sic
733 5549 947 5621 Regius
988 5547 1423 5621 primusLch.
1464 5547 1629 5604 Gobl.
1652 5552 1756 5621 iet
1786 5547 2037 5621 Felckm.

393 5616 639 5691 primuAS'
673 5616 1049 5691 Editi'autem
1081 5625 1137 5675 et
1177 5619 1296 5691 alii,
1331 5616 1429 5691 Καὶ
1477 5622 1573 5691 τοῦ
1624 5617 1935 5691 ΙΙνεόματος
1985 5616 2043 5673 δὶ

391 5690 545 5765 ὄντος
576 5688 626 5765 έν
658 5693 836 5765 ἡμῖν,Δ
874 5690 963 5744 καὶ
1014 5690 1065 5745 ἐν
1090 5690 1299 5765 -τούτῳ
1347 5689 1511 5765 αὐτῷ*
1549 5689 1687 5745 ἐστιν
1720 5688 1777 5765 ’ὅ
1830 5691 2037 5765 Πατήρ,

395 5761 635 5820 omissis
664 5760 790 5835 qua
823 5760 1170 5819 intermedia
1201 5760 1361 5819 sunt.
1390 5760 1535 5819 Ibid.
1571 5767 1677 5820 art.
1711 5761 1739 5814 ὁ
1770 5767 1907 5819 ante
1930 5760 2037 5816 ιιά-

2073 4914 2115 4979 ί)
2146 4907 2252 4978 τήρ
2286 4904 2459 4979 Basil.
2492 4922 2582 4979 ms
2637 4908 2695 4959 et
2725 4901 2862 4979 editi
2896 4903 3196 4979 omittunt.

2217 4969 2331 5049 (65)
2365 4978 2458 5033 Sic
2492 4977 2631 5049 Reg.
2664 4980 2721 5031 et
2748 4976 2883 5048 Seg.
2918 4973 3064 5028 Editi
3095 4989 3229 5030 vero
3268 4977 3325 5029 et
3354 4971 3450 5029 alii
3496 4969 3583 5026 καί
3624 4974 3800 5028 omit-

2152 5052 2870 5192 tu?66)8ic_Regius,_S_eg.
2919 5115 3085 5192 Gobl.
3138 5119 3195 5171 et
3244 5114 3799 5192 FelckmLprimus.

2153 5183 2418 5247 Attamen
2452 5190 2508 5245 hi
2541 5183 2656 5245 dvuo
2680 5183 2873 5245 ultimi
2900 5188 3201 5253 omittunt,
3223 5183 3412 5254 πάλιν,
3438 5183 3590 5247 αὖθις
3614 5190 3672 5242 et
3689 5184 3800 5241 καί.

2154 5262 2263 5334 Alii
2298 5270 2354 5318 et
2383 5262 2542 5327 editi,
2571 5259 2919 5334 Ἀπόστολος
2941 5256 3207 5315 διδάσκων
3230 5254 3482 5334 ἔγραψεν.
3510 5257 3726 5334 Regius
3747 5259 3800 5334 2,

2152 5331 2401 5410 ἔγραφεν.
2440 5334 2584 5387 Ibid.
2619 5331 2796 5416 Basil.
2832 5331 3083 5388 Felckm.
3115 5336 3151 5386 2
3185 5336 3242 5388 et
3271 5328 3467 5387 'edi'tio
3517 5328 3800 5416 Coipmel.

2152 5422 2350 5460 vocem
2383 5407 2542 5460 ’ἡμῶν
2575 5408 2874 5460 omittunt.
2917 5404 3081 5460 Gobl.
3134 5409 3193 5460 st
3234 5403 3489 5459 Felckm.
3543 5417 3799 5460 primus.

2152 5422 2350 5462 vocem
2383 5420 2542 5475 ἡμων
2575 5420 2874 5460 omnium.
2917 5420 3081 5460 uom.
3134 5420 3193 5460 et
3234 5420 3489 5459 reicxm.
3543 5420 3799 5475 primus,

2153 5494 2501 5552 anonymus,
2537 5481 2664 5552 post
2693 5478 2826 5530 Θεοῦ
2858 5476 3100 5533 addunt.
3148 5473 3240 5529 καὶ
3295 5473 3533 5551 ΙΙατρὸς,
3584 5478 3642 5531 et
3670 5478 3801 5547 post

2150 5547 2497 5621 ΙΙνεόματος,
2524 5547 2631 5621 εἴη,

2221 5613 2334 5692 (67)
2363 5621 2456 5677 Sic
2478 5613 2702 5692 Regius
2734 5619 2962 5693 primus
2994 5623 3053 5675 et
3081 5618 3397 5693 secundus,
3431 5613 3796 5693 BasilA._G_o_bl_.

2149 5684 2377 5818 ἓὲξξῐρ.
2408 5684 2634 5765 primis
2660 5684 3008 5766 anbnymus.
3036 5690 3145 5747 Alii
3197 5684 3391 5747 autem
3434 5694 3493 5747 et
3533 5689 3673 5745 editi
3706 5684 3794 5742 ἰπὶ

2304 5784 2385 5818 00.

2304 5784 2385 5820 ου.
