4076 6348
263 469 381 529 601

1427 435 1817 528 EPISTOLA
1858 465 1883 525 1
1930 466 2034 526 AD
2078 463 2611 526 SERAPIONEM.

2692 30 2986 40 ε--τ-τττιετπι
3043 15 3192 38 ΞέΤ¹
3229 16 3274 36 ῗ-Ξλ
3319 19 3328 22 “
3415 17 3418 20 “

3584 466 3701 527 602

275 603 358 657 ὅτι
385 602 454 655 τὰ
486 597 748 673 διδόμενα
779 601 888 672 (68)
920 598 971 654 ἐν
1026 597 1221 673 Τριάδι
1268 597 1498 669 δίδοται,
1531 600 1618 654 καὶ
1665 599 1729 654 τὰ
1757 598 1930 653 πάντα

2047 599 2223 656 nitate
2252 601 2401 667 dari,
2435 600 2749 672 omniaque
2778 618 2845 656 ex
2878 619 2992 656 uno
3045 606 3155 656 Deo
3214 617 3362 657 esse.
3396 600 3493 656 Ille
3522 601 3702 672 igitur

277 690 328 761 ἐξ
357 691 474 752 ἑνὸς
508 693 641 745 Θεοῦ
673 690 805 744 ἑστι.
837 689 908 743 Τὸ
937 686 1116 743 τοίνυν
1159 690 1234 761 μὴ
1266 689 1325 744 ὃν
1376 686 1598 761 κτίσμα,
1627 686 1754 742 ἀλλ’
1783 690 1928 757 ἡνω-

281 778 439 855 μένον
471 783 550 850 τῷ
579 779 711 850 Υἳῷ,
743 778 816 839 ὡς
846 778 873 832 6
906 778 1032 840 Υἱὸς
1083 777 1290 846 ἥνωται
1340 782 1420 849 τῷ
1469 778 1664 851 ΙΙατρὶ,
1693 778 1756 832 τὸ
1802 798 1929 831 συν-

273 866 636 940 δοξαζόμενον
676 867 845 941 ΙΙατρῖ
897 866 988 921 καὶ
1032 867 1164 938 Υὶῷ,
1197 867 1288 920 καὶ
1333 865 1760 942 θεολογούμενον
1797 865 1932 938 μετᾶ

270 963 368 1014 τοῦ
399 959 604 1033 Λόγου,
653 955 904 1030 ἐνεργοῦν
950 977 1007 1010 τε
1057 955 1190 1030 ἅπερ
1236 956 1264 1009 ὁ
1297 955 1482 1030 ΙΙατήρ
1533 952 1622 1009 διὰ
1666 959 1762 1009 τοῦ
1800 957 1928 1010 Υἱοῦ

273 1045 580 1122 ἐργάζεται,
630 1049 746 1106 πῶς
782 1046 809 1098 6
841 1043 1020 1119 λέγων
1064 1041 1264 1117 κτίσμα
1313 1042 1412 1098 οὐκ
1449 1041 1697 1117 ἄντικρυς
1728 1044 1804 1106 εἷς
1835 1043 1928 1098 αύ-

268 1137 361 1191 τόν
410 1135 504 1190 τὸν
550 1135 674 1188 Υἱὸν
724 1128 906 1188 ἀσεϐεῖ
939 1153 952 1203 ;
986 1131 1150 1188 Οὐδὲν
1204 1131 1306 1208 γάρ
1357 1131 1496 1188 ἐστιν
1530 1134 1559 1188 ’ὸ
1589 1135 1664 1206 μή
1718 1130 1805 1188 διὰ
1832 1138 1929 1188 τοῦ

273 1227 458 1300 Λόγου
489 1224 539 1278 ἐν
570 1227 650 1295 τῷ
680 1221 957 1294 Πνεύματι
1006 1223 1209 1296 γίνεται
1254 1221 1344 1276 καὶ
1395 1223 1710 1298 ἐνεργεῖται.
1760 1228 1928 1278 Τοῦτο

272 1313 363 1368 καὶ
409 1315 462 1368 ὲν
522 1316 779 1384 ΨαΛμοῖς
829 1305 1030 1381 ᾅδεταιο
1069 1334 1095 1362 ‹‹
1129 1316 1217 1382 Τῷ
1250 1310 1411 1385 Λόγῳ
1445 1312 1645 1386 Κυρίου
1685 1312 1736 1365 οἱ
1769 1311 1930 1386 οὖρα-

273 1403 358 1458 νοὶ
421 1401 843 1478 ἐστερεώθησαν,
893 1399 983 1455 καὶ
1041 1404 1118 1472 τῷ
1176 1399 1453 1472 ΙΙνεύματι
1504 1405 1602 1454 τοῦ
1659 1398 1928 1472 στόματος

271 1491 440 1548 αὐτοῦ
472 1496 618 1545 πᾶσα
648 1493 682 1560 ἡ
717 1487 944 1562 δύναμις
998 1488 1196 1544 αὐτῶν·
1230 1513 1258 1542 ››
1290 1489 1378 1543 καὶ
1433 1489 1484 1542 ἒν
1534 1492 1613 1559 τῷ
1661 1489 1932 1562 ἑκατοστῷ

273 1583 684 1656 τεσσαρακοστῷ
731 1573 952 1652 ἑϐδόμῳ
981 1577 1209 1651 ψαλμῷ
1257 1601 1285 1630 ι(
1313 1577 1630 1634 Ἀποστελεῖ
1677 1581 1789 1652 (69)
1838 1579 1928 1633 τὸν

161 1739 164 1742 λ
272 1671 454 1744 Λόγον
511 1667 695 1736 αὐτοῦ,
751 1667 840 1722 καὶ
904 1665 1053 1737 τήξει
1111 1665 1266 1722 αὐτά·
1327 1665 1539 1721 πνεύσει
1592 1668 1655 1721 τὸ
1710 1669 1933 1740 Πνεῦμα

269 1758 462 1824 αὐτοῦ,
515 1756 605 1812 καὶ
651 1755 901 1832 ῥυήσεται
950 1752 1135 1811 ὕδατα.
1193 1779 1220 1806 ››
1269 1754 1368 1808 Καὶ
1417 1752 1817 1828 ὲδικαιώθημεν
1851 1753 1928 1825 δὲ,

275 1847 352 1908 ὡς
385 1847 528 1901 εἶπεν
564 1847 592 1900 6
634 1843 993 1913 Ἀπόστολος,
1026 1869 1054 1896 ‹‹
1089 1844 1140 1898 ὲν
1188 1849 1268 1916 τῷ
1319 1843 1546 1917 ὀνόμανι
1590 1849 1686 1898 τοῦ
1735 1844 1931 1920 Κυρίου

277 1938 442 2009 ἡμῶν
476 1936 657 2005 Ἰησοῦ
708 1935 965 2009 Χριστοῦ,
996 1933 1085 1988 καὶ
1136 1933 1190 1988 ὲν
1218 1937 1299 2004 τῷ
1348 1931 1624 2006 ΙΙνεύματι
1655 1937 1751 1987 τοῦ
1795 1938 1932 1988 Θεοῦ
1966 1973 2014 2037 Β

279 2029 468 2098 ἡμῶν.
507 2049 528 2074 ι
565 2021 900 2100 ’Λδιαίρετυν
951 2021 1053 2097 γάρ
1103 2023 1213 2076 ἐστι
1243 2026 1339 2075 τοῦ
1392 2020 1571 2098 Λόγου
1599 2023 1661 2076 τὸ
1694 2025 1933 2096 Πνεῦμα,

284 2110 509 2186 Ἀμέλει
559 2109 816 2186 λὲγοντος
876 2115 972 2166 τοῦ
1027 2110 1228 2186 Κυρίου
1277 2112 1437 2183 (70),
1495 2134 1522 2160 ‹‹
1574 2109 1939 2183 Ἐλευσόμεθα

285 2203 401 2276 ἐγὼ
459 2200 549 2254 καὶ
608 2201 636 2254 6
698 2200 907 2275 ῐιατὴρ,
945 2224 968 2253 ι
1006 2199 1403 2275 συνεισέρχεται
1452 2199 1514 2253 τὺ
1565 2201 1784 2272 Πνεῦμα
1837 2200 1940 2254 οὐκ

284 2289 474 2352 ἄλλως
506 2289 541 2358 ἢ
576 2289 652 2351 ὡς
685 2291 712 2344 6
741 2289 865 2349 Υἱὸς
897 2291 1007 2362 (71)
1039 2289 1091 2343 ὲν
1138 2290 1273 2360 ἡμῖν
1321 2287 1578 2358 οἰκήσων,
1629 2287 1935 2365 γράφοντος

283 2377 558 2457 Ἐφεσίοις
610 2381 706 2432 τοῦ
766 2376 1008 2434 Παύλου·
1046 2400 1074 2428 ‹‹
1119 2379 1234 2433 Ἵνα
1291 2374 1405 2448 δῴη
1468 2376 1594 2450 ὑμῖν
1651 2377 1789 2431 κατᾶ
1843 2377 1935 2432 τὸν

280 2467 522 2522 πλοῦτον
554 2472 654 2535 τῆς
705 2460 865 2536 δόξης
914 2466 1104 2535 αὐτοῦ,
1137 2462 1360 2537 δυνάμει
1415 2468 1815 2536 κραταιωθῆναι
1849 2463 1937 2520 διὰ

279 2560 378 2611 τοῦ
413 2554 728 2628 Ιῐνεύματος
780 2553 944 2609 αὐτοῦ
977 2555 1054 2609 εἱς
1101 2554 1191 2609 τὸν
1243 2552 1348 2609 ἔσω
1397 2550 1705 2629 ἄνθρωπον,
1752 2577 1936 2610 κατοι-

281 2652 448 2714 κῆσαι
481 2645 573 2699 τὸν
605 2642 837 2720 Χριστόν
897 2667 924 2693 ››
958 2647 1061 2697 Τοῦ
1104 2640 1161 2697 δὲ
1191 2645 1318 2697 Υἰοῦ
1375 2643 1427 2698 ὲν
1481 2645 1616 2716 ἡμῖν
1650 2641 1825 2717 ὄντος,
1858 2640 1936 2699 ἔτι

281 2734 374 2788 καὶ
407 2735 435 2788 6
468 2733 678 2808 ΙΙατῆρ,
729 2731 986 2807 λεγοντος
1034 2736 1131 2786 τοῦ
1180 2732 1326 2786 Υἰοῦ⁶
1361 2756 1388 2782 ‹‹
1424 2733 1566 2806 Ἐγὼ
1615 2733 1667 2786 ἓν
1711 2739 1789 2806 τῷ
1820 2740 1936 2789 Πα-

279 2825 394 2896 τρῖ,
456 2822 545 2876 καὶ
577 2823 604 2876 6
636 2822 824 2897 Πατὴρ
857 2822 908 2875 ὲν
960 2819 1106 2892 ἐμοί.
1140 2844 1169 2871 ››
1202 2820 1294 2874 Διὸ
1342 2821 1452 2888 καὶ,
1490 2822 1780 2896 γινομένου
1837 2828 1934 2878 τοῦ

284 2912 464 2986 Λόγου
496 2913 547 2966 ἓν
578 2915 694 2972 τοῖς
750 2911 1080 2984 προφήταις,
1114 2909 1166 2964 ἓν
1221 2908 1367 2981 αύτῷ
1419 2914 1500 2982 τῷ
1550 2910 1825 2984 Ιῐνεύματι
1854 2918 1935 2986 τῷ

285 3001 429 3076 ἁγίῳ
485 2998 888 3078 προφητεύουσι
925 3041 936 3053 .
996 3004 1102 3068 Τῆς
1161 3003 1290 3073 γοῦν
1347 3005 1563 3077 Γραφῆς
1617 2999 1930 3074 λεγούσης,

288 3115 311 3141 ι
347 3089 446 3144 Καὶ
507 3093 619 3163 (72)
678 3090 888 3163 εγενετο
944 3087 1116 3162 Λόγος
1172 3087 1369 3163 Κύρίου
1405 3089 1601 3164 »πρὸς
1647 3087 1800 3145 τόνδε
1839 3092 1933 3147 τὸν

282 3181 602 3257 προφήτην,
635 3176 901 3234 δείκνυται
943 3176 1302 3254 προφητεύων
1329 3179 1380 3232 ὲν
1424 3183 1502 3251 τῷ
1551 3178 1824 3253 ΙΙνεύματι
1853 3187 1934 3254 τῷ

280 3269 448 3345 ἁγίῳ.
510 3269 596 3325 Ἐν
664 3268 757 3341 μὲν
815 3267 915 3344 γὰρ
983 3269 1100 3340 (73)
1153 3271 1234 3340 τῷ
1293 3268 1538 3345 Ζαχαρία
1591 3269 1928 3346 γέγραπται·

2041 689 2139 761 qui
2173 704 2264 744 res
2295 695 2490 745 creata
2536 707 2651 745 non
2684 695 2792 755 est,
2851 691 2948 744 sed
2984 707 3117 745 cum
3178 689 3321 746 Filio
3354 707 3466 745 non
3529 705 3700 746 secus

2037 780 2386 850 conjunctus
2419 784 2525 846 est,
2561 795 2627 834 ac
2657 779 2782 850 ipse
2815 779 2997 834 Filius
3026 796 3159 834 cum
3203 779 3406 834 Patre:
3433 779 3532 850 qui
3558 781 3698 835 item

2039 884 2172 922 cum
2204 869 2370 922 Patre
2401 874 2458 923 et
2496 868 2636 922 Filio
2669 869 3012 933 honoratur,
3064 873 3121 923 et
3149 884 3288 922 cum
3339 869 3513 923 verbo
3549 869 3699 924 Deus

2040 957 2396 1029 agnoscitur,
2434 973 2654 1012 necnon
2706 973 2773 1012 ea
2802 958 2932 1028 ipsa
2979 957 3099 1028 agit
3130 973 3257 1028 quae
3310 973 3412 1028 per
3439 957 3696 1012 Verbum

2038 1051 2207 1101 Pater
2235 1045 2452 1114 efﬁcit;
2487 1046 2586 1117 qui
2637 1063 2728 1101 res
2759 1051 2954 1101 creata
2986 1045 3095 1100 dici
3133 1045 3337 1118 possit,
3373 1045 3483 1101 nisi
3519 1043 3591 1100 ab
3629 1061 3697 1101 eo

2039 1133 2212 1206 plane
2235 1135 2333 1206 qui
2356 1134 2412 1188 in
2443 1134 2652 1189 Filium
2697 1135 2888 1206 ipsum
2915 1134 3132 1204 impius
3158 1134 3696 1207 fuerit?Siquidem

2040 1223 2184 1279 nihil
2219 1239 2460 1294 prorsus
2485 1227 2591 1291 est,
2618 1225 2771 1294 quod
2800 1240 2912 1277 non
2945 1239 3048 1294 per
3071 1222 3321 1276 Verbum
3346 1222 3442 1277 ﬁat
3475 1227 3531 1277 et
3561 1239 3698 1294 aga-

2039 1316 2138 1367 tur
2167 1313 2226 1366 in
2269 1312 2530 1383 Spiritu:
2566 1312 3060 1382 quemadmodum
3113 1312 3289 1366 etiam
3342 1311 3399 1364 in
3454 1311 3698 1367 Psalmis

2039 1401 2309 1457 canitur:
2345 1424 2373 1450 «
2405 1401 2592 1455 Verbo
2625 1400 2856 1456 Domini
2888 1400 3014 1456 caeli
3045 1400 3260 1456 ﬁrmati
3286 1405 3443 1470 sunt,
3467 1404 3523 1454 et
3565 1401 3696 1472 Spi-

2040 1490 2156 1546 ritu
2180 1490 2297 1546 oris
2315 1490 2442 1560 ejus
2461 1489 2654 1545 omnis
2669 1488 2853 1544 virtus
2874 1505 3073 1544 eorum
3098 1490 3170 1555 9°;
3193 1511 3218 1538 »
3232 1489 3360 1544 etin
3378 1488 3695 1544 centesimo

2041 1579 2494 1652 quadragesimo
2523 1579 2773 1650 septimo
2805 1578 3032 1650 psalmo
3062 1595 3075 1633 :
3107 1601 3134 1628 ‹‹
3168 1577 3409 1633 Emittet
3435 1577 3694 1633 Verbum

2041 1687 2241 1736 suum,
2263 1675 2320 1726 et
2339 1669 2674 1741 liquefaciet
2694 1686 2793 1738 ea;
2820 1669 2983 1724 flabit
3007 1669 3258 1742 Spiritus
3283 1671 3494 1741 ejus,et
3517 1670 3701 1725 fluent

2042 1776 2207 1831 aquae
2230 1761 2294 1814 θί.
2333 1782 2353 1811 ι
2395 1761 2480 1828 Et,
2515 1763 2578 1813 ut
2609 1759 2690 1813 ait
2732 1759 3068 1830 Apostolus,
3105 1759 3458 1831 ujustilicati
3490 1775 3699 1814 sumus

2041 1849 2102 1904 in
2135 1848 2369 1904 nomine
2425 1848 2652 1903 Domini
2705 1849 2884 1903 nostri
2933 1849 3069 1904 Jesu
3122 1849 3334 1904 Christi
3386 1853 3443 1902 et
3475 1848 3531 1902 in
3565 1848 3698 1919 Spi-

2041 1938 2156 1993 ritu
2191 1938 2290 1994 Dei
2324 1937 2509 1992 nostri
2531 1939 2597 1992 9’.
2635 1959 2662 1985 »
2710 1937 2974 2008 Namque
3021 1937 3275 2009 Spiritus
3303 1955 3333 1992 a
3378 1937 3564 1992 Verbo
3597 1953 3697 1991 ne-

2046 2027 2170 2097 quit
2199 2026 2399 2081 dividi.
2434 2026 2694 2081 Profecto
2726 2043 2858 2080 cum
2885 2026 3152 2080 Christus
3183 2025 3284 2095 ait,
3317 2049 3345 2074 «
3380 2025 3697 2082 Veniemus

2047 2130 2151 2187 ego
2182 2120 2236 2170 et
2267 2120 2434 2170 Pater
2452 2117 2517 2183 93,
2552 2135 2583 2167 ››
2628 2132 2743 2184 una
2793 2131 3021 2186 quoque
3072 2115 3251 2170 intrat
3299 2115 3551 2187 Spiritus
3584 2131 3698 2169 non

2048 2205 2161 2261 alio
2193 2205 2365 2260 modo
2418 2221 2594 2275 quam
2626 2204 2808 2259 Filius
2868 2203 2927 2258 in
2974 2204 3142 2259 nobis
3199 2203 3590 2272 habitaturus,
3639 2207 3704 2259 ut

2046 2292 2262 2348 Paulus
2296 2294 2366 2348 ad
2410 2292 2691 2364 Ephesios
2741 2293 2978 2348 scribit:
3017 2313 3043 2344 α
3075 2293 3147 2348 Ut
3175 2295 3270 2348 det
3297 2293 3458 2348 vobis
3491 2309 3700 2349 secun-

2046 2383 2188 2437 dum
2239 2381 2474 2437 divitias
2523 2381 2720 2454 gloriae
2770 2399 2908 2452 sua},
2949 2383 3161 2438 virtute
3199 2382 3559 2438 corroborari
3598 2399 3700 2453 per

2045 2471 2328 2543 Spiritum
2361 2473 2488 2542 ejus
2529 2471 2586 2525 in
2639 2471 2974 2527 interiorem
3028 2471 3350 2538 hominem,
3398 2471 3697 2527 Christum

2047 2560 2310 2616 habitare
2327 2561 2390 2614 9‘.
2427 2582 2454 2609 »
2488 2560 2659 2615 Porro
2691 2577 2823 2614 cum
2875 2559 3056 2615 Filius
3088 2560 3146 2614 in
3190 2560 3358 2616 nobis
3387 2565 3495 2624 est,
3527 2563 3698 2615 Pater

2046 2665 2280 2721 quoque
2311 2648 2484 2704 simul
2517 2653 2698 2713 est,ut
2727 2648 3050 2720 Filiusipsc
3079 2648 3160 2703 ita
3193 2652 3480 2704 testatur:
3523 2667 3546 2694 α
3579 2649 3697 2719 Ego

2044 2737 2102 2792 in
2138 2742 2319 2807 Patre,
2352 2742 2409 2793 et
2438 2741 2607 2792 Pater
2636 2738 2693 2792 in
2727 2754 2820 2792 me
2839 2738 2900 2792 9⁵.
2929 2761 2955 2785 ››
3009 2739 3149 2792 llinc
3181 2754 3312 2792 cum
3348 2738 3600 2792 Verbum
3638 2738 3696 2791 in

2047 2826 2348 2899 prophetis
2380 2828 2566 2894 adest,
2601 2825 2681 2880 illi
2729 2826 2787 2880 in
2838 2826 2965 2898 ipso
3006 2826 3223 2895 Spiritu
3259 2831 3462 2882 sancto
3493 2826 3694 2880 vatici-

2045 2920 2281 2972 nantur.
2318 2915 2480 2971 Unde
2510 2932 2640 2970 cum
2674 2915 2976 2986 Scriptura
3005 2914 3164 2978 dicit,
3200 2937 3228 2964 (ι
3261 2916 3325 2969 Et
3359 2916 3571 2969 factum
3606 2919 3697 2968 est

2045 3005 2299 3060 Verbum
2328 3027 2354 3054 ››
2379 3005 2448 3060 ad
2477 3004 2651 3060 talem
2675 3003 3214 3076 prophetam,illum
3240 3005 3294 3058 in
3325 3003 3544 3075 Spiritu
3566 3021 3695 3058 san-

2044 3098 2135 3150 cto
2164 3092 2466 3150 vaticinari
2497 3092 2811 3165 significat.
2842 3093 2984 3148 Nam
3010 3092 3066 3146 in
3103 3091 3376 3146 Zacharia
3409 3091 3692 3162 scriptum

2044 3187 2170 3236 est:
2205 3203 2232 3231 «
2270 3181 2678 3235 Verumtamen
2710 3179 2884 3235 verba
2916 3196 3045 3233 mea
3072 3183 3130 3234 et
3162 3178 3424 3252 legitima
3457 3195 3584 3233 mea
3603 3197 3695 3234 su-

2043 3269 2404 3341 scipite,que
2435 3285 2538 3340 ego
2572 3268 2785 3323 mando
2815 3268 2874 3322 in
2918 3267 3138 3340 Spiritu
3177 3284 3304 3324 meo
3335 3268 3518 3323 servis
3550 3267 3696 3324 meis

280 3383 314 3411 ι(
337 3344 509 3426 νῙΙλήν
542 3356 668 3418 τοὺς
699 3355 896 3431 λόγους
946 3376 1050 3430 μου
1081 3355 1169 3411 καὶ
1213 3358 1279 3411 τὰ
1313 3344 1523 3431 νόμιμά
1555 3379 1659 3430 μου
1689 3344 1934 3435 δέχεσθε,

2047 3357 2346 3431 prophetis
2367 3359 2430 3413 9‘.
2463 3377 2489 3410 ι
2524 3356 2704 3413 Paulo
2735 3361 2869 3429 post
2899 3357 3076 3412 etiam
3122 3357 3403 3430 pOpulum
3447 3356 3540 3412 his
3571 3374 3668 3411 ver

279 3446 383 3504 ὅσα
414 3447 526 3523 ἐγὼ
554 3444 876 3519 ἐντέλλομαι
901 3446 953 3500 ὲν
984 3445 1258 3520 Ιῐνεύματί
1294 3467 1397 3518 μου
1427 3451 1544 3508 τοῖς
1576 3445 1798 3510 δούλοις
1831 3471 1935 3523 μου

275 3543 401 3598 τοῖς
431 3537 764 3614 προφήταιςο
802 3559 829 3586 ››
862 3536 952 3590 ὅτε
979 3534 1069 3589 καὶ
1106 3535 1220 3608 μετ’
1267 3533 1432 3610 ὀλίγα
1478 3536 1803 3610 αἰτιώμενος
1840 3539 1934 3594 τὸν

278 3625 417 3681 λαὸν
451 3623 624 3702 ἔλεγε-ι⁹
662 3648 690 3675 ι(
725 3624 820 3680 Καὶ
868 3625 966 3693 τήν
1017 3621 1238 3698 καρδίαν
1291 3623 1463 3678 αὐτῶν
1496 3619 1681 3696 ἔταξαν
1712 3626 1932 3701 ἀπειθῆ,

276 3720 379 3771 τοῦ
415 3717 490 3788 μή
525 3713 818 3769 εἰσακούειν
851 3713 978 3775 τοὺς
1008 3713 1208 3786 νόμους
1258 3716 1370 3784 (74)
1404 3734 1508 3787 μου
1556 3714 1645 3769 καὶ
1675 3715 1802 3778 τοὺς
1836 3715 1931 3771 λό-

281 3823 436 3878 γουςο
470 3801 565 3864 οὓς
623 3801 965 3873 ἑξαπέστειλε
1025 3801 1221 3878 Κύριος
1260 3804 1648 3880 παντοκράτωρ
1682 3805 1733 3858 ὲν
1769 3805 1934 3862 Ιῐνεύο

287 3914 416 3966 ματι
449 3891 614 3947 αὐτοῦ
662 3893 718 3947 ὲν
775 3891 933 3967 χερσὶ
984 3895 1092 3946 τῶν
1131 3896 1430 3970 προφητῶν
1475 3891 1640 3947 αὐτοῦ
1685 3899 1792 3948 τῶν
1821 3897 1932 3968 (75)

283 3978 608 4056 ἔμπροσθεν’
643 4003 670 4032 ››
705 3982 732 4034 6
788 3979 845 4035 δὲ
894 3979 1100 4055 Πέτρος
1148 3981 1200 4034 ἓν
1259 3985 1377 4042 ταῖς
1429 3979 1688 4056 Ιῐράξεσιν
1731 3980 1931 4057 ἔλεγεν*

195 4058 200 4066 ’
287 4093 316 4121 ‹‹
349 4066 570 4145 Ἀνδρες
595 4065 844 4148 ἀδελφοὶ,
878 4065 986 4123 ἔδει
1030 4068 1393 4142 πληρωθῆναι
1443 4070 1539 4138 τὴν
1591 4073 1832 4149 Γραφήν,
1865 4073 1933 4142 ἢν

281 4164 515 4235 προεῖπε
539 4159 603 4212 τὸ
633 4160 853 4231 Πνεῦμα
889 4158 953 4212 τὸ
1002 4157 1174 4233 ἅγιον.
1210 4181 1239 4209 ››
1273 4157 1372 4213 Καὶ
1402 4163 1560 4234 κοινῇ
1606 4156 1662 4214 δὲ
1713 4161 1766 4214 οἱ
1796 4161 1930 4216 ἀπό-

282 4247 475 4303 στολοι
536 4242 704 4302 ἐϐόων
740 4245 935 4308 οὕτως’
972 4270 1001 4299 ‹‹
1030 4246 1291 4316 Δέσποτα,
1324 4248 1353 4301 6
1385 4249 1618 4318 ποιήσας
1647 4249 1740 4303 τὸν
1768 4249 1933 4325 ούρα-

278 4337 394 4405 νὸν,
425 4336 518 4392 καὶ
545 4337 644 4406 τὴν
689 4343 812 4412 γῆν,
845 4335 936 4390 καὶ
967 4338 1065 4406 τήν
1115 4334 1408 4406 θάλασσαν,
1440 4336 1529 4391 καὶ
1581 4335 1756 4392 πάντα
1781 4339 1848 4393 τὰ
1879 4340 1931 4393 ὲν

284 4427 495 4492 αὐτοῖς,
530 4427 558 4480 6
586 4429 682 4481 τοῦ
711 4426 915 4500 πατρὸς
945 4427 1104 4498 ἡμῶν
1137 4422 1226 4480 διὰ
1253 4424 1570 4498 Πνεύματος
1604 4425 1759 4501 ἁγίου
1810 4427 1934 4482 στό-

2043 3447 2134 3503 bis
2163 3447 2437 3518 objurgat
2461 3463 2473 3501 :
2498 3470 2518 3497 ι
2549 3448 2615 3500 Et
2635 3462 2735 3501 cor
2753 3463 2926 3501 suum
2951 3445 3313 3501 obstinatum
3335 3451 3695 3514 statuerunt,

2043 3553 2115 3592 ne
2147 3537 2420 3591 audirent
2484 3535 2666 3607 legem
2700 3551 2902 3601 meam,
2935 3539 2992 3588 et
3022 3535 3195 3589 verba
3233 3551 3364 3605 quae
3395 3536 3556 3590 misit
3588 3535 3696 3590 Do-

2045 3625 2241 3680 minus
2272 3625 2645 3697 omnipotens
2675 3624 2733 3678 in
2767 3624 2988 3695 Spiritu
3022 3641 3128 3679 suo
3161 3625 3216 3678 in
3252 3625 3526 3680 manibus
3557 3642 3696 3696 pro-

2045 3715 2349 3786 phetarum
2381 3715 2512 3784 ejus
2548 3713 2801 3784 priorum
2827 3714 2889 3768 ’7.
2917 3734 2944 3761 »
2981 3714 3181 3768 Petrus
3205 3713 3340 3768 item
3360 3713 3416 3766 in
3443 3714 3594 3768 Actis
3616 3713 3698 3767 ita

2043 3803 2334 3874 loquitur:
2372 3824 2400 3853 «
2433 3802 2552 3856 Viri
2587 3803 2815 3866 fratres,
2849 3801 3406 3874 oportebatimplcri
3439 3802 3698 3874 Scriptu-

2043 3910 2169 3949 ram
2193 3909 2366 3964 quam
2390 3892 2654 3962 prmdixit
2673 3891 2928 3962 Spiritus
2957 3896 3196 3946 sanctus
3217 3892 3277 3946 9⁸.
3305 3913 3331 3939 ››
3355 3891 3541 3946 Simul
3564 3907 3696 3946 vero

2044 3984 2129 4039 sic
2159 3982 2492 4036 clamabant
2508 3980 2753 4052 apostoli
2780 3997 2792 4034 :
2819 4003 2846 4030 ‹‹
2880 3979 3252 4051 Domine,qui
3275 3980 3457 4035 fecisti
3484 3979 3693 4034 cmlum

2043 4075 2102 4128 et
2121 4076 2356 4140 terram,
2376 4075 2433 4125 et
2452 4087 2609 4125 mare
2627 4075 2685 4125 et
2701 4070 2900 4124 omnia
2929 4087 3055 4141 quae
3073 4070 3132 4124 in
3151 4069 3235 4124 eis
3265 4072 3422 4136 sunt,
3438 4069 3535 4140 qui
3566 4068 3692 4140 Spi-

2043 4162 2159 4218 ritu
2177 4165 2344 4218 santo
2369 4176 2468 4231 per
2489 4176 2554 4214 os
2577 4159 2758 4232 patris
2787 4159 2968 4214 nostri
2998 4159 3198 4228 David,
3227 4157 3389 4230 pueri
3411 4158 3567 4215 544
3584 4158 3696 4227 tui,

2042 4249 2237 4306 dixisti
2261 4251 2323 4304 9°.
2361 4271 2387 4297 »
2419 4247 2637 4303 Paulus
2669 4263 2903 4318 quoque
2951 4263 3084 4302 cum
3118 4247 3312 4302 Romae
3343 4251 3693 4317 versaretur,

2041 4339 2262 4396 Judaeis
2295 4339 2366 4393 ad
2397 4355 2460 4392 se
2506 4336 2874 4391 venientibus
2922 4338 3172 4392 fidenter
3219 4336 3445 4392 aiebat:
3481 4359 3507 4386 ‹‹
3542 4341 3695 4392 Bene

2042 4427 2292 4501 Spiritus
2323 4430 2562 4482 sanctus
2592 4425 2823 4480 locutus
2855 4429 2943 4480 est
2973 4442 3074 4497 per
3105 4425 3315 4480 Isaiam
3348 4425 3690 4498 prophetam

357 4544 584 4602 90Psal.
643 4562 820 4611 xxxii,
851 4547 903 4601 6.
982 4546 1025 4582 ⁹ί
1060 4562 1270 4612 cxnvn,
1331 4547 1417 4602 18.
1496 4547 1594 4602 ⁰²Ι
1652 4551 1778 4603 Cor.
1838 4565 1914 4616 vx,

2050 4591 2062 4603 .
2139 4548 2184 4582 '3
2240 4546 2406 4602 Joan.
2467 4561 2582 4610 xw,
2633 4545 2724 4600 23.
2801 4545 2846 4579 “
2904 4544 3113 4616 Ephes.
3185 4562 3237 4614 v,
3293 4546 3380 4601 16.
3457 4546 3500 4580 ⁹⁵
3528 4546 3690 4602 Joan.

280 4635 399 4688 xxv,
433 4619 520 4674 10.
597 4617 640 4652 οδ
664 4617 832 4674 Zach.
869 4634 909 4688 ι,
939 4618 994 4671 6.
1071 4619 1113 4653 ’7
1142 4617 1314 4674 Zach.
1349 4635 1448 4686 v11,
1483 4619 1569 4673 12.
1648 4619 1692 4654 9°
1720 4623 1845 4674 Act.
1878 4637 1918 4690 ι,

2067 4621 2111 4654 ⁰⁰
2138 4622 2260 4674 Act.
2294 4635 2369 4687 1v,
2399 4617 2488 4684 24,
2521 4617 2610 4670 25.

356 4741 993 4824 (68.)_Regius.primus,
1025 4745 1274 4824 Seguer;
1296 4748 1353 4798 et
1381 4741 1698 4824 Anglic._¢6
1728 4739 1942 4824 διδρμετ
1972 4747 2020 4812 D

283 4836 398 4888 νον.
435 4813 568 4888 Mox
599 4813 824 4888 Regius
853 4813 1104 4888 primus,
1135 4819 1192 4870 et
1242 4813 1492 4888 Seguer.
1533 4814 1752 4871 habent
1807 4813 1940 4870 Θεοῦ

285 4886 420 4942 ἐστι.
457 4886 569 4940 Alii
600 4890 657 4941 et
686 4884 871 4951 editi;
888 4888 1021 4939 Θεοῦ
1052 4884 1176 4940 εἰσι.

359 4959 476 5030 (69)
507 4957 739 5030 Gobler.
774 4962 832 5013 et
857 4957 1013 5030 Felc.
1049 4955 1218 5030 1,_xai
1269 4953 1440 5030 αὖθις·
1475 4956 1801 5012 Ἀποστελεῖ
1846 4957 1935 5012 τὸν

286 5027 466 5103 Λόγον
499 5027 830 5103 αύτοῦ,ρῐο.
855 5029 1068 5103 Regius
1099 5028 1255 5103 item
1277 5029 1500 5103 primus
1531 5033 1588 5084 et
1618 5031 1938 5103 secundus,

284 5099 523 5175 Seguer.
581 5099 1040 5175 Basiliensis—et
1095 5100 1315 5175 Anglic.
1369 5099 1586 5175 habent
1625 5099 1936 5175 ἀποστελεῖ

284 5169 492 5257 ςᾶῖΐθτί
523 5178 600 5257 ei;
632 5171 792 5257 editi,
836 5169 1210 5257 ἐξαέοστελεῖί
1237 5172 1368 5257 Mox
1420 5173 1638 5257 Regius
1664 5174 1936 5257 ‘primus,

281 5251 522 5318 Seguer.
560 5243 792 5301 Gobler.
817 5241 881 5318 et
911 5243 1064 5298 Felc.
1101 5245 1150 5318 1,
1185 5241 1462 5318 βοήσεται,
1497 5241 1594 5318 ubi
1628 5241 1725 5318 alii
1762 5252 1818 5301 et
1844 5241 1935 5318 ed.

284 5314 776 5392 ῥυῆσονταιηΜοζ
813 5315 955 5392 item
1003 5314 1220 5392 liegiu's
1267 5317 1304 5371 2
1350 5319 1406 5371 et
1453 5316 1592 5372 edit.
1654 5317 1935 5374 Commel.

284 5387 568 5445 omittunt
600 5389 782 5456 Ἰησοῦ
813 5387 1071 5456 Χριστοῦ.

355 5405 568 5445 mttunt
601 5405 782 5456 ⁷1ησου
813 5405 857 5443 Λ
903 5405 1071 5440 ιστου.

355 5463 468 5532 (70)
501 5460 595 5516 Sic
631 5461 788 5532 (Reg.
851 5405 900 5530 10,
955 5459 1192 5530 Seguer.
1251 5459 1480 5514 Gobler.
1523 5463 1580 5515 et
1607 5457 1755 5514 Felc.
1792 5458 1840 5512 l.
1868 5459 1939 5513 At

283 5532 380 5588 alii
413 5538 472 5589 et
499 5531 794 5604 edituro?)
823 5531 1077 5604 Χριστοῦ.

358 5604 470 5676 (71)
503 5599 691 5660 Αριζὸ
751 5599 884 5658 ante
917 5599 1038 5676 Υξιός
1093 5601 1259 5676 deest
1296 5601 1354 5656 in
1413 5605 1647 5676 S_eg_uer_.
1691 5601 1934 5667 Ibidem,

286 5671 427 5748 Reg.
455 5671 518 5744 '1,
553 5681 792 5748 Seguer.
825 5672 1048 5745 Anglic.
1084 5671 1314 5748 Gobler.
1347 5677 1405 5748 et
1437 5671 1936 5748 Fel_c._1,_necnon

287 5743 726 5805 catEnamsTin
759 5743 998 5814 Lucam,
1020 5745 1190 5816 cujus
1223 5744 1491 5801 meminit
1509 5743 1662 5816 Felc.
1693 5744 1933 5814 habent,

291 5819 522 5891 οἰκήσει.
555 5819 804 5877 Videtur
850 5821 1048 5876 tamen
1092 5815 1439 5889 "legendum,
1473 5815 1732 5887 οἰκήσων,
1761 5821 1828 5874 ut
1873 5818 1936 5874 in

2051 4743 2185 4800 aliis
2214 4748 2272 4798 et
2319 4741 2496 4796 editis
2530 4744 2736 4795 exstat.
2774 4741 2900 4813 Mox
2930 4745 3065 4812 Reg.
3103 4743 3159 4813 1,_
3186 4742 3422 4813 Seguer.
3457 4740 3670 4813 Gobler

2051 4819 2107 4871 et
2139 4813 2289 4870 Felc.
2327 4815 2377 4877 1,
2409 4817 2465 4868 et
2488 4817 2694 4884 catena
2726 4829 2832 4868 ms.
2869 4809 3106 4879 habent,
3141 4811 3234 4881 δῷ.
3265 4809 3403 4882 Reg.
3437 4817 3490 4881 2,
3515 4809 3688 4884 δώσῃ.

2049 4886 2201 4942 Editi
2233 4902 2365 4941 vero
2396 4891 2453 4939 et
2475 4884 2595 4952 alii,
2631 4879 2868 4956 Scimut
2899 4889 2954 4939 et
2987 4879 3197 4956 legitur
3222 4885 3279 4938 in
3311 4879 3506 4938 Grzsco
3538 4879 3690 4956 Scri-

2051 4964 2234 5032 pturaa
2265 4963 2444 5013 textu.
2476 4954 2876 5032 lb_id._Ang_lic.
2908 4961 2965 5010 et
2998 4954 3164 5032 Basil.
3200 4954 3690 5032 habentzardjb

2048 5025 2310 5094 πλοῦτος,
2355 5036 2418 5083 ut
2447 5033 2505 5082 et
2536 5025 2837 5098 legitur'in
2871 5026 3389 5098 ms.Alexandrino
3420 5027 3557 5081 Novi
3589 5025 3692 5082 Tev

2049 5101 2348 5160 stamenti.
2381 5099 2530 5154 Editi
2585 5097 2766 5154 Oxon.
2824 5099 2980 5152 1675.
3030 5097 3204 5153 Βοείὶι.
3262 5103 3538 5170 praeterea
3591 5115 3690 5170 pro

2047 5181 2145 5244 τῆς
2179 5170 2357 5244 δόξης,
2394 5172 2586 5235 habet,
2620 5169 3002 5244 τῆς-χάριτος.

2120 5247 2230 5316 (72)
2255 5241 2357 5296 Καί
2389 5245 2556 5316 abest
2584 5259 2618 5316 ξι
2650 5241 2876 5296 Gobler.
2913 5247 2970 5296 et
3003 5241 3149 5295 Felc.
3186 5243 3236 5316 1_.

2117 5312 2232 5384 (73)
2269 5314 2478 5384 Regius
2511 5313 2756 5385 primus,
2790 5318 2845 5385 et
2876 5319 3106 5382 Seguer.
3143 5312 3246 5385 γάρ
3281 5313 3372 5368 hic
3421 5314 3686 5368 addunt:

2047 5388 2143 5443 alii
2177 5383 2233 5442 et
2259 5387 2398 5441 editi
2449 5383 2750 5440 omittunt.
2791 5384 2990 5455 lidem_
3021 5383 3232 5454 Regius
3270 5389 3316 5455 1,
3352 5389 3407 5440 et
3454 5385 3688 5455 Seguer.

2048 5459 2222 5532 paulo
2255 5456 2712 5532 postomittunt,
2747 5452 3126 5532 τοῖςβούλοις
3156 5475 3278 5526 μου.

2118 5531 2231 5603 (74)
2255 5525 2477 5600 Ἠοείυε
2510 5528 2754 5603 primus,
2774 5533 2829 5582 et
2858 5530 3094 5600 Seguer.
3114 5525 3175 5582 ut
3207 5533 3261 5582 et
3283 5529 3514 5583 Grmcus
3539 5525 3687 5580 Scri-

2048 5597 2229 5674 pturaé
2262 5597 2477 5674 tentus,
2503 5602 2597 5674 τοῦ
2629 5597 2822 5674 νόμου,

2116 5676 2226 5747 (75)
2265 5671 2442 5725 Αὐτοῦ
2473 5673 2581 5724 τῶν
2612 5667 2861 5747 deestjn
2896 5671 3069 5747 Regio
3103 5671 3383 5747 secundo,
3429 5667 3693 5747 Basil._ct

2116 5685 2226 5747 (75)
2265 5685 2442 5725 Αυτου
2473 5691 2581 5724 των
2612 5685 2774 5726 deest
2804 5688 2861 5725 In
2898 5685 3069 5797 negio
3103 5685 3383 5736 secundo,
3429 5685 3602 5724 bas“.
3636 5685 3688 5723 ct

2045 5745 2195 5803 Felc.
2230 5747 2283 5815 2,
2313 5761 2488 5801 anon.
2523 5748 2648 5800 Mox
2700 5738 2886 5816 ἄνδρες
2940 5741 2972 5796 ἆ
3010 5739 3168 5816 ελφοί
3217 5743 3496 5799 omittunt
3523 5742 3688 5796 Gobl.

2047 5823 2103 5874 et
2136 5817 2250 5875 Fel.
2289 5819 2338 5885 1,
2372 5833 2545 5874 anon.
