4076 6350
327 470 450 542 eos
544 464 547 467 “

1472 481 1851 543 EPISTOLA
1896 479 1920 539 Ι
1964 477 2069 540 AD
2115 476 2647 541 SERAPIONEM.

3625 474 3743 536 606

323 612 459 668 εἶναι
516 615 614 666 τοῦ
665 611 847 688 Λόγου
900 612 1001 681 τὴν
1061 611 1120 667 ἐκ
1177 617 1272 667 τοῦ
1321 611 1635 685 Πνεύματος
1682 606 1973 686 γινομένην

2090 626 2304 681 corpus
2332 609 2599 667 formavit
2631 614 2687 666 et
2716 609 2956 684 aptavit,
2986 626 3078 665 res
3101 612 3328 666 creatas
3357 624 3460 680 per
3480 607 3741 683 seipsum

326 696 742 775 διαμαρτυρίαν.
805 699 964 758 Οὕτω
1015 702 1105 756 καὶ
1181 699 1267 756 ἐπὶ
1336 701 1434 770 τὴν
1496 699 1649 776 ἁγίαν
1706 692 1975 772 Παρθένον

328 788 545 865 Μαρίαν
599 787 1001 862 ἐπιδημοῦντος
1067 793 1164 845 τοῦ
1214 789 1417 866 Λόγου,
1467 790 1854 865 συνεισήρχετο
1913 785 1977 841 τὸ

326 882 566 951 Πνεῦμα,
597 879 684 933 καὶ
721 878 893 954 Λόγος
926 878 979 934 ἐν
1007 884 1088 952 τῷ
1136 878 1411 952 Πνεύματι
1459 874 1691 933 ἔπλαττε
1737 876 1830 931 καὶ
1881 874 1977 950 ἥρ-

2092 699 2243 755 Patri
2273 700 2629 772 conjungere
2659 705 2715 755 et
2739 700 2962 764 offerre,
2985 698 3301 769 omniaque
3322 697 3382 752 in
3409 696 3510 751 illo
3543 712 3742 752 recon-

2086 787 2286 844 ciliare
2315 791 2578 861 cupiens,
2614 812 2641 839 «
2677 788 2994 861 pacificans
3023 787 3147 843 sive
3181 804 3306 859 quae
3338 787 3397 841 in
3429 785 3589 841 caelis
3620 787 3741 840 sive

2089 893 2214 949 quae
2248 877 2303 932 in
2336 879 2510 933 terris
2543 883 2683 933 sunt
2701 878 2744 932 ⁸.
2780 902 2801 929 ι

325 972 490 1040 μοζεν
550 967 724 1039 ἑαυτῷ
765 968 827 1022 τὸ
887 972 1066 1041 σῶμα,
1100 966 1326 1042 συνάψαι
1379 965 1555 1023 θέλων
1610 968 1698 1022 καὶ
1756 967 2131 1040 προσενεγκεῖν
2180 962 2249 1019 δι’
2298 966 2490 1020 ἑαυτοῦ
2548 966 2647 1035 τὴν
2697 964 2869 1020 κτίσιν
2914 968 2994 1037 τῷ
3055 965 3244 1040 Πατρῖ,
3278 964 3367 1018 καὶ
3425 961 3741 1018 ἀποκαταλ-

323 1054 480 1126 λάξαι
510 1055 578 1110 τὰ
604 1055 776 1110 πάντα
805 1054 857 1110 ἐν
889 1057 1058 1129 αὐτῷ,
1091 1080 1120 1109 ‹‹
1150 1056 1574 1133 εἰρηνοποιήσας
1603 1054 1750 1111 τὰ-έν
1780 1058 1896 1116 τοῖς
1928 1051 2178 1128 οὐρανοῖς
2205 1054 2293 1107 καὶ
2325 1053 2391 1108 τὰ
2421 1052 2507 1108 ἐπὶ
2531 1060 2630 1123 τῆς
2662 1061 2787 1129 γῆς.
2827 1078 2853 1104 ››

392 1147 482 1202 32.
519 1144 840 1222 Συμφώνως
873 1141 975 1220 ἄρα
1004 1145 1110 1199 ἀπὸ
1139 1149 1248 1200 τῶν
1282 1145 1439 1200 θείων
1482 1148 1709 1223 Γραφῶν
1761 1140 1972 1199 δείκνυ-

318 1255 408 1290 ται
441 1235 519 1307 μή
552 1235 687 1288 εἶναι
721 1233 921 1306 κτίσμα
948 1234 1011 1289 τὸ
1051 1235 1272 1307 Πνεῦμα
1319 1234 1380 1289 τὸ
1428 1234 1602 1309 ἅγιον,
1638 1232 1783 1288 ἀλλὰ
1836 1229 1972 1286 ἴδιον

320 1326 418 1377 τοῦ
471 1321 648 1398 Λόγου
699 1322 789 1377 καὶ
844 1329 944 1393 τῆς
1002 1327 1098 1378 τοῦ
1128 1323 1335 1400 Πατρὸς
1367 1323 1644 1393 θεότητος
1679 1320 1823 1377 οὕτω
1869 1320 1972 1396 γὰρ

318 1415 430 1466 τῶν
466 1410 561 1483 μὲν
596 1409 760 1486 ἁγίων
791 1413 827 1481 ἡ
861 1407 1182 1466 διδασκαλία
1212 1410 1288 1474 εἷς
1317 1411 1416 1480 τήν
1452 1409 1610 1486 ἁγίαν
1660 1409 1751 1464 καὶ
1797 1406 1972 1464 ἀδιαί-

317 1519 476 1574 ρετον
538 1496 747 1574 Τριάδα
805 1500 1114 1576 συνάγεται,
1153 1500 1244 1555 καὶ
1287 1499 1385 1573 μία
1439 1499 1620 1562 πίστις
1678 1498 1813 1569 αὕτη
1871 1504 1974 1568 τῆς

318 1587 621 1658 καθολικῆς
670 1588 1002 1661 Ἑκκλησίας
1060 1588 1171 1645 ἐστί
1221 1591 1362 1663 (87)°
1406 1593 1514 1644 τῶν
1571 1586 1628 1644 δὲ
1683 1591 1971 1664 Τροπικῶν

318 1681 356 1748 ἠ
420 1676 710 1754 ἀλόγιστος
770 1676 1147 1751 μυθοπλαστία
1214 1676 1476 1757 διαφωνεῖ
1530 1686 1623 1753 μέν
1684 1679 1820 1752 πρὸς
1878 1675 1972 1753 τὰς

320 1766 560 1846 Γραφὰς,
592 1773 875 1845 συμφωνεῖ
931 1765 989 1823 δὲ
1035 1771 1104 1842 τῇ
1144 1772 1252 1822 τῶν
1288 1769 1717 1844 Ἀρειομανιτῶν
1751 1765 1971 1841 ἁλογίᾳο

315 1856 409 1912 καὶ
464 1854 607 1918 εΐκὸς
662 1854 858 1919 αὐτοὺς
1089 1855 1262 1918 οὕτως
1325 1854 1714 1929 ὑποκρίνασθαι
1764 1854 1975 1924 ἀπάτης

320 1941 501 2000 ἕνεκεν
556 1947 664 1998 τῶν
725 1944 1015 2021 ἀκεραίων.
1048 1942 1221 2002 Ἀλλᾶ
1279 1945 1443 2020 χάρις
1494 1948 1572 2016 τῷ
1630 1942 1833 2020 Κυρίῳ,
1866 1941 1973 2011 ὅτι,

321 2034 397 2096 ὡς
453 2031 703 2112 γράφεις,
735 2031 836 2088 ούκ
890 2027 1083 2089 ἔλαθον
1143 2033 1432 2096 σκέποντες
1484 2031 1708 2095 ἑαυτοὺς
1735 2031 1804 2107 τῇ
1834 2033 1974 2107 πρὸς

274 2114 447 2185 κτους
480 2122 789 2197 ’Λρειανοὺς
833 2123 1194 2198 προσποιήτῳ
1242 2120 1541 2198 ἀντιλογίᾳ*
1572 2120 1666 2176 καὶ
1722 2120 1826 2196 γὰρ
1884 2120 1975 2175 καὶ

318 2213 449 2287 παρ’
500 2210 720 2267 ἐκείνων
778 2209 1117 2285 ἐμισήθησαν
1147 2212 1284 2286 (89),
1317 2209 1400 2266 ὅτι
1464 2210 1630 2284 μόνον
1663 2211 1726 2265 τὸ
1758 2214 1977 2283 Πνεῦμα

321 2301 412 2355 καὶ
475 2299 604 2376 οὐχὶ
648 2300 739 2355 καὶ
786 2301 880 2355 τὸν
930 2300 1109 2376 Λόγον
1154 2299 1356 2374 κτίσμα
1405 2299 1646 2377 λέγουσι·
1691 2298 1781 2354 καὶ
1830 2300 1979 2374 παρὰ

319 2387 535 2445 πάντων
575 2385 633 2444 δὶ
674 2384 1143 2466 κατεγνώσθησαν,
1177 2389 1252 2452 ὡς
1299 2394 1380 2463 τῷ
1426 2384 1539 2444 ὄντι
1588 2409 1975 2462 πνευματομα-

324 2481 572 2553 χοῦντες,
620 2478 711 2532 καὶ
754 2484 869 2551 μετ’
899 2477 1091 2554 ὀλίγον
1139 2477 1417 2554 γινόμενοι
1466 2479 1583 2552 (90)
1616 2478 1816 2555 νεκροὶ,
1845 2476 1977 2552 ἔρη-

324 2588 419 2640 μοι
469 2566 559 2622 καὶ
612 2567 758 2622 κενοὶ
814 2572 912 2623 τοῦ
970 2567 1284 2641 Πνεύματος
1334 2562 1505 2629 ὄντες.
1549 2569 1697 2624 Κατὰ
1724 2567 1828 2644 γὰρ
1885 2568 1976 2621 τὸν

334 2656 600 2732 μακάριον
650 2654 1007 2725 Ἀπόστολον,
1056 2659 1287 2733 ψυχικοί
1343 2652 1620 2731 ἅνθρωποι
1681 2652 1830 2719 ὄντες
1882 2655 1982 2711 οὐκ

331 2741 681 2815 ἠδυνήθησαν
732 2741 974 2815 δέξασθαι
1037 2745 1102 2800 τὰ
1166 2744 1262 2799 τοῦ
1316 2744 1630 2818 Πνεύματος
1677 2749 1773 2800 τοῦ
1821 2744 1977 2814 Θεοῦ,

329 2833 415 2888 ὅτι
464 2838 845 2908 πνευματικῶς
894 2834 1257 2909 ἀνεκρίνοντο·
1292 2834 1343 2889 οἳ
1394 2831 1451 2889 δέ
1492 2834 1561 2889 τὰ
1587 2841 1688 2905 τῆς
1720 2833 1978 2905 ἀληθείας

331 2927 656 3001 φρονοῦντες
712 2923 1062 2998 ἀνακρίνουσι
1122 2923 1218 2997 μὶν
1276 2922 1342 2979 τὰ
1398 2922 1587 2998 πάντα,
1618 2922 1769 2979 αὐτοὶ
1803 2921 1860 2978 δὲ
1892 2923 1981 2978 ὑπ’

326 3009 553 3075 οὐδενὸς
598 3011 994 3087 ἀνακρίνονται,
1024 3007 1244 3089 ἔχοντες
1293 3011 1345 3068 ἐν
1387 3013 1601 3076 ἑαυτοῖς
1646 3014 1737 3067 τὸν
1785 3012 1979 3088 Κύριον

328 3099 789 3156 ἀποκαλύπτοντα
818 3100 1001 3163 αὐτοῖς
1033 3100 1083 3157 ἰν
1117 3105 1196 3174 τῷ
1235 3101 1504 3176 Πνεύματι
1551 3097 1736 3157 ἑαυτόν
1786 3123 1845 3157 τε
1889 3101 1977 3157 καὶ

329 3187 405 3243 δι’
434 3190 627 3245 ἑαυτοῦ
653 3190 748 3246 τὸν
783 3192 1015 3266 Πατέρα.

2153 1145 2239 1199 32.
2276 1145 2473 1214 Itaque
2504 1162 2571 1200 ex
2602 1144 2932 1199 divinarum
2984 1143 3416 1215 Scripturarum
3447 1159 3736 1199 consensu
3780 1204 3781 1207 η

2083 1231 2318 1288 evidens
2336 1239 2425 1287 est
2444 1232 2727 1305 Spiritum
2748 1238 3017 1288 sanctum
3040 1249 3162 1288 rem
3185 1238 3442 1288 creatam
3458 1249 3571 1288 non
3585 1248 3736 1299 esse,

2082 1321 2183 1377 sed
2217 1320 2517 1392 proprium
2551 1338 2680 1377 esse
2708 1320 2881 1376 Verbi
2922 1326 2980 1376 et
3030 1321 3220 1376 Patris
3269 1320 3612 1376 divinitatis.
3646 1318 3741 1376 Sic

2083 1409 2237 1466 enim
2263 1415 2598 1466 sanctorum
2623 1410 2888 1466 doctrina
2910 1411 2981 1465 ad
3007 1414 3275 1466 sanctam
3298 1412 3354 1465 et
3375 1409 3739 1464 individuam

2083 1498 2433 1555 Trinitatem
2482 1500 2857 1555 astruendam
2905 1499 3226 1571 conspirat,
3267 1513 3450 1570 eaque
3488 1514 3608 1554 una
3654 1501 3743 1552 est

2084 1586 2384 1643 catholicis
2414 1587 2684 1645 Ecclesiae
2727 1589 2892 1644 ﬁdes.
2939 1593 3011 1643 At
3056 1588 3325 1644 absurdae
3357 1586 3740 1659 Tropicorum

2083 1675 2292 1732 fabulae
2325 1694 2357 1731 a
2388 1677 2706 1749 Scripturis
2738 1677 2906 1733 valde
2937 1676 3320 1744 dissentiunt,
3343 1675 3747 1733 consentiunt-

2085 1781 2200 1837 que
2232 1766 2469 1822 omnino
2497 1781 2633 1821 cum
2665 1766 3015 1822 Arianorum
3063 1765 3271 1822 haeresi
3298 1782 3310 1819 :
3347 1766 3503 1821 unde
3533 1764 3744 1821 verisi-

2085 1853 2225 1911 mile
2254 1856 2332 1911 sit
2363 1855 2498 1911 illos
2531 1873 2644 1912 non
2668 1856 2785 1911 alia
2815 1857 2885 1911 de
2904 1873 3082 1912 causa
3113 1855 3194 1910 ita
3224 1853 3742 1920 dissimulare,nisi

2085 1959 2201 2016 quo
2226 1943 2454 2000 facilius
2468 1944 2767 2016 simplices
2787 1945 3257 2018 deciperent.Sed
3273 1944 3472 2016 gratiae
3494 1943 3742 1999 Domino

2085 2032 2390 2099 habendae,
2421 2034 2601 2105 quod,
2634 2042 2695 2089 ut
2723 2034 2950 2100 scribis,
2988 2033 3181 2089 fictam
3212 2049 3381 2089 suam
3413 2048 3548 2087 cum
3579 2031 3743 2086 Aria-

2085 2123 2179 2179 nis
2211 2123 2644 2179 contentionem
2677 2125 2946 2197 obtegere
2977 2140 3088 2179 non
3109 2122 3741 2197 potuerint.Siquidem

2087 2217 2144 2271 et
2168 2214 2401 2270 illorum
2435 2215 2637 2271 odium
2670 2215 2729 2271 in
2762 2231 2825 2272 se
2856 2217 3017 2288 ipsos
3060 2215 3518 2285 concitaverunt,
3549 2218 3616 2270 ut
3644 2213 3744 2285 qui

2086 2302 2279 2360 solum
2313 2303 2601 2376 Spiritum
2649 2322 2760 2360 non
2793 2311 2992 2360 autem
3025 2305 3283 2359 Verbum
3333 2320 3453 2359 rem
3486 2307 3743 2359 creatam

2089 2409 2218 2448 esse
2249 2392 2479 2448 dicant:
2514 2397 2571 2448 et
2597 2394 2669 2448 ab
2701 2392 2833 2449 aliis
2866 2393 3143 2450 omnibus
3173 2393 3743 2465 reprobantur,quod

2087 2479 2310 2552 liqueat
2340 2498 2469 2537 vere
2513 2498 2614 2536 eos
2654 2481 2870 2537 bellum
2906 2486 3108 2538 contra
3157 2485 3427 2537 sanctum
3460 2480 3743 2553 Spiritum

2089 2586 2311 2642 gerere,
2343 2586 2409 2626 ac
2441 2570 2686 2643 proinde
2717 2571 2876 2626 brevi
2920 2571 3037 2626 fore
3067 2574 3352 2639 mortuos,
3385 2574 3587 2641 utpote
3614 2569 3744 2641 Spi-

2090 2660 2207 2714 ritu
2239 2676 2452 2715 vacuos
2482 2664 2539 2715 et
2566 2659 2903 2716 destitutos.
2931 2660 3150 2731 Nempe
3179 2659 3319 2730 quia
3348 2663 3489 2714 sunt
3517 2658 3744 2714 anima-

2088 2749 2173 2804 les
2204 2749 2495 2816 homines,
2528 2766 2639 2804 non
2679 2753 3015 2822 potuerunt,
3049 2750 3198 2806 545
3236 2752 3300 2803 ut
3339 2748 3510 2803 docet
3539 2747 3743 2803 beatus

2087 2837 2406 2910 Apostolus
2425 2839 2496 2902 δ’,
2523 2839 2817 2911 percipere
2835 2855 2961 2911 quae
2984 2842 3123 2894 sunt
3142 2837 3396 2909 Spiritus
3417 2835 3744 2907 Dei,utpote

2090 2928 2191 3001 qui
2222 2926 2610 2999 spiritualiter
2637 2927 3077 2999 diiudicaretur.
3112 2931 3187 2981 At
3215 2925 3315 2997 qui
3346 2943 3410 2981 ea
3443 2942 3570 2998 qum
3602 2934 3744 2980 sunt

2086 3014 2351 3073 veritatis
2401 3016 2659 3088 sapiunt,
2709 3017 2910 3073 omnia
2956 3015 3189 3086 quidem
3239 3014 3586 3086 dijudicant,
3628 3013 3743 3085 ipsi

2087 3122 2222 3161 vero
2245 3122 2278 3160 a
2309 3105 2542 3161 nemine
2572 3105 2991 3175 dijudicanlur,
3026 3103 3502 3177 quandoquidem
3545 3102 3739 3159 Domi-

2088 3210 2233 3251 num
2264 3195 2323 3250 in
2355 3194 2567 3267 seipsis
2614 3195 2855 3264 habent,
2890 3195 2990 3267 qui
3020 3193 3138 3249 illis
3169 3197 3226 3249 et
3262 3192 3522 3264 seipsum
3554 3196 3611 3247 et
3640 3206 3744 3264 per

2088 3284 2346 3356 seipsum
2383 3284 2610 3340 Patrem
2641 3282 2701 3340 in
2731 3284 2954 3357 Spiritu
2990 3283 3286 3357 patefacit.

399 3370 489 3426 33.
524 3369 669 3444 Ἐγὼ
722 3369 815 3441 μὲν
868 3367 958 3423 οὖν
1023 3368 1213 3444 καίπερ
1264 3368 1316 3423 έν
1366 3369 1561 3446 ἐρήμῳ
1614 3367 1838 3445 διάγων,
1887 3367 1973 3426 διὰ

2160 3375 2249 3430 33.
2283 3374 2401 3446 Ego
2431 3373 2648 3445 itaque,
2681 3372 2917 3428 tametsi
2949 3373 3007 3428 in
3038 3371 3356 3429 solitudine
3386 3371 3623 3445 degens,
3657 3374 3742 3425 ta-

324 3461 461 3534 γοῦν
518 3458 619 3527 τήν
650 3454 918 3513 ἀναίδειαν
968 3462 1074 3512 τῶν
1126 3457 1496 3534 ἐκτραπέντων
1544 3457 1652 3514 ἀπὸ
1702 3465 1802 3529 τῆς
1849 3457 1980 3526 ἀλη-

327 3544 501 3617 θείας,
532 3545 595 3603 ού
626 3546 921 3625 φροντίσας
940 3551 1047 3601 τῶν
1078 3546 1240 3622 γελᾷν
1275 3545 1570 3611 ἐθελόντων
1604 3545 1693 3603 διὰ
1736 3549 1800 3604 τὸ
1830 3548 1978 3612 ἀσθε-

324 3636 417 3697 νὲς
467 3635 557 3691 καὶ
602 3633 853 3692 ταπεινόν
905 3638 1004 3705 τῆς
1054 3632 1145 3691 διὰ
1172 3640 1276 3691 τῶν
1310 3634 1493 3713 λόγων
1526 3634 1874 3708 ἀποδείξεως,
1909 3634 1980 3692 δι’

327 3724 530 3802 ὀλίγων
591 3726 841 3801 γράψας,
901 3723 1194 3781 ἀπέστειλα
1256 3728 1325 3799 τῇ
1400 3729 1468 3801 σῇ
1529 3728 1641 3799 (91)
1701 3720 1975 3798 εὐλαϐείᾳ,

325 3811 515 3869 πολλὰ
562 3813 920 3887 παρακαλῶν,
947 3812 1055 3886 ἵνα,
1098 3813 1438 3890 ἆντυγχάνων
1494 3815 1733 3886 τούτοις,
1760 3815 1826 3870 τὰ
1884 3815 1979 3888 μὲν

326 3900 623 3978 διορθώσῃ,
655 3902 741 3958 ἐπὶ
795 3900 852 3957 δὲ
896 3907 1015 3965 τοῖς
1057 3903 1291 3967 ἀσθενῶς
1342 3901 1650 3979 εἰρημένοις
1702 3903 1978 3980 συγγινώ-

324 4012 484 4065 σκῃς.
515 3991 665 4048 Κατὰ
719 3992 825 4066 γὰρ
880 3991 981 4060 τὴν
1039 3987 1434 4066 παραδοθεῖσαν
1484 3994 1621 4065 ἡμῖν
1678 3993 1824 4069 παρὰ
1869 3997 1977 4049 τῶν

324 4078 579 4156 Πατέρων
630 4078 1003 4149 ἀποστολικὴν
1054 4078 1234 4134 πίστιν
1283 4077 1597 4157 παρέδωκα,
1632 4078 1802 4154 μηδὶν
1849 4079 1977 4155 ἔξω·

326 4181 415 4234 θεν
470 4168 762 4240 ἐπινοήσας
820 4170 954 4242 (92),
1012 4165 1138 4223 ἀλλ’
1195 4166 1327 4246 ὅπερ
1401 4166 1602 4242 ἔμαθον
1680 4170 1977 4248 ἐνεχάραξα

324 4257 637 4335 συμφώνως
682 4261 802 4319 ταῖς
853 4255 1035 4333 ἁγίαις
1083 4262 1338 4336 Γραφαῖς.
1372 4257 1676 4337 Σύμφωνον
1731 4260 1835 4335 γὰρ
1883 4260 1974 4316 καὶ

2087 3476 2223 3517 men
2255 3467 2492 3534 propter
2519 3478 2719 3519 eorum
2738 3462 3166 3535 impudentiam
3202 3460 3301 3534 qui
3332 3479 3365 3516 a
3389 3460 3628 3516 veritate
3650 3460 3744 3515 de-

2087 3551 2395 3619 ﬂexerunt,
2425 3551 2571 3607 nihil
2594 3551 2833 3608 omnino
2855 3552 2924 3607 de
2948 3551 3068 3607 illis
3090 3568 3327 3614 curans,
3358 3549 3572 3620 quibus
3597 3550 3741 3605 forte

2086 3657 2228 3697 mea:
2260 3640 2737 3696 ratiocinationes
2760 3641 3004 3696 inﬁrmae
3028 3645 3086 3695 et
3115 3639 3370 3695 humiles
3401 3644 3575 3710 atque
3596 3638 3740 3694 adeo

2086 3730 2395 3786 irridendae
2434 3730 2809 3798 videbuntur,
2844 3730 2967 3785 haec
3011 3746 3194 3801 pauca
3226 3744 3356 3799 qum
3405 3726 3635 3799 scripsi,
3668 3727 3740 3783 ad

2083 3822 2246 3876 tuam
2276 3820 2551 3894 pietatem
2585 3820 2807 3891 placuit
2851 3819 3100 3882 mittere,
3150 3825 3321 3889 teque
3368 3817 3743 3873 vehementer

2086 3923 2246 3982 rogo,
2282 3914 2347 3963 ut
2376 3909 2432 3962 in
2466 3908 2559 3964 his
2590 3908 2873 3980 legendis,
2899 3908 3014 3963 alia
3035 3908 3273 3979 quidem
3304 3906 3602 3974 emendes,
3626 3904 3741 3961 alia

2084 4013 2218 4054 vero
2244 4015 2372 4070 quas
2401 3996 2640 4053 infirma
2667 4001 2995 4064 occurrent,
3030 3995 3173 4051 mihi
3203 3994 3512 4050 condones.
3550 3994 3740 4065 Siqui-

2085 4087 2217 4143 dem
2251 4085 2397 4142 nihil
2433 4085 2557 4157 ipse
2590 4084 2802 4141 tradidi
2844 4084 2955 4140 nisi
2987 4084 3312 4140 secundum
3354 4079 3737 4153 apostolicam

2085 4177 2282 4244 ﬁdem,
2308 4180 2482 4248 prout
2511 4192 2579 4231 ea
2608 4173 2779 4231 nobis
2812 4191 2845 4230 ι
2875 4172 3141 4230 Patribus
3170 4171 3383 4228 tradita
3413 4175 3524 4237 est,
3560 4169 3741 4225 nihil-

2084 4283 2199 4338 que
2227 4270 2533 4322 externum
2580 4280 2712 4319 sum
2758 4267 3148 4335 commentus,
3182 4262 3284 4318 sed
3337 4261 3489 4334 quod
3539 4260 3739 4321 didici,

318 4351 484 4403 τοῦτο
532 4351 650 4408 τοῖς
706 4344 1290 4424 προαποπεφασμένοις
1368 4348 1505 4421 πρὸς
1570 4343 1858 4421 βεϐαίωσιν
1914 4349 1973 4406 ἐκ

2088 4356 2249 4428 iuxta
2277 4359 2534 4410 mentem
2565 4358 2906 4410 sanctarum
2936 4351 3370 4424 Scripturarum
3405 4349 3498 4406 his
3527 4348 3739 4406 litteris

320 4440 431 4491 τῶν
479 4434 647 4511 ἁγίων
704 4438 954 4513 Γραφῶν.
1008 4434 1108 4490 Καὶ
1182 4434 1303 4507 οὐκ,
1359 4434 1548 4507 ἔξωθεν
1609 4436 1972 4513 ἐπινενόηται,

323 4522 453 4580 ἀλλ’
483 4522 642 4586 αὐτὸς
675 4524 704 4577 ὁ
734 4522 932 4600 Κύριος
966 4525 1174 4595 Ἰησοῦς
1213 4526 1446 4602 Χριστὸς
1480 4523 1550 4581 δι’
1579 4524 1743 4582 αὐτοῦ
1795 4525 1975 4583 ἐδίδα-

2083 4446 2334 4502 exaravi.
2370 4446 2431 4501 ld
2462 4445 2619 4502 enim
2652 4444 2872 4516 optime
2895 4460 3031 4500 cum
3062 4442 3157 4499 his
3187 4441 3481 4513 congruit,
3509 4457 3635 4513 quae
3665 4439 3737 4495 ad

2081 4532 2343 4590 veritatis
2373 4531 2880 4588 conﬁrmationem
2933 4547 3002 4587 ex
3030 4529 3249 4587 sanctis
3292 4528 3611 4601 Scripturis
3638 4526 3741 4583 ad-

326 4633 421 4670 σκε
473 4613 572 4682 τήν
634 4616 989 4688 Σαμαρεῖτιν,
1019 4611 1112 4669 καὶ
1169 4610 1239 4669 δι’
1291 4614 1462 4686 αὐτῆς
1512 4617 1684 4689 ἡμᾶς,
1730 4617 1830 4686 τὴν
1871 4625 1973 4688 τῆς

2088 4622 2377 4679 duximus.
2408 4620 2533 4676 Non
2565 4635 2703 4694 ergo
2751 4621 3114 4676 extrinsecus
3165 4617 3450 4674 accersita
3497 4621 3586 4672 est
3616 4615 3737 4671 haec

325 4701 483 4798 ἁγίας
512 4698 746 4798 Τριάδος
774 4700 1114 4798 τελειότητα,
1147 4699 1452 4775 ἀδιαίρετον
1500 4705 1848 4782 ὑπάρχουσαν
1880 4707 1973 4762 καὶ

2088 4713 2285 4765 nostra
2314 4707 2613 4764 doctrina:
2647 4708 2745 4763 sed
2795 4707 2921 4777 ipse
2951 4706 3237 4763 Dominus
3265 4706 3440 4762 Jesus
3468 4703 3738 4759 Christus

329 4782 454 4866 μίαν
507 4790 747 4862 θεότητα
788 4791 922 4866 (93).
971 4790 1119 4861 Αύτή
1170 4794 1206 4862 ἡ
1266 4792 1498 4863 ἀλήθεια
1557 4800 1838 4871 μαρτυρεῖ,
1898 4797 1972 4860 ὥς

323 4900 458 4960 φησι
505 4884 573 4955 τῇ
626 4877 999 4957 Σαμαρείτιδι’
1041 4902 1064 4932 α
1115 4880 1337 4937 Πίστευέ
1388 4904 1504 4956 μοι,
1543 4883 1717 4960 γύναι,
1749 4886 1833 4940 ὅτι
1886 4883 1973 4963 ἔρ-

392 5063 414 5099 “
439 5061 661 5120 Goloss.
698 5081 737 5133 ι,
767 5062 857 5118 20.
932 5064 981 5100 ν
1013 5064 1035 5121 Ι
1064 5067 1192 5121 Cor.
1225 5082 1290 5133 ιι,
1324 5066 1410 5121 14.

315 5237 725 5312 συνεισήρχετο.
757 5235 873 5292 Alii
920 5239 979 5293 et
1023 5238 1186 5309 editi,
1219 5236 1399 5309 λαλεῖ,
1433 5245 1491 5297 et
1541 5241 1712 5308 infra,
1767 5244 1967 5317 συνήρ-

318 5327 505 5463 χῗῖἕῆ)
537 5380 680 5463 Ριιεξιςἶ
728 5380 1181 5463 κερ-δεειιιξικ,
1208 5378 1318 5463 ἐσξί
1375 5383 1778 5463 οᾴᾶυοιξοιὶἰ
1830 5402 1965 5463 cum

313 5451 489 5508 editis
519 5451 821 5528 omittunt.
851 5455 979 5528 M0}
1004 5451 1203 5528 liidem
1236 5454 1392 5528 ‘Reg.
1433 5456 1480 5522 1,
1514 5463 1598 5528 et
1623 5456 1961 5528 Seguerian.

316 5539 545 5601 necnon
581 5522 1124 5601 Gopbler_._et_lj‘elck.
1152 5525 1203 5592 1,
1236 5522 1452 5582 hab‘ent
1499 5522 1814 5601 ἀλόγισὲος.
1849 5532 1963 5584 ϐω-

315 5594 426 5650 teri
461 5611 594 5650 vero
624 5599 681 5651 et
708 5592 873 5661 editi,
905 5591 1262 5656 ἀλλόπιστος.

314 5667 611 5801 εἰ
642 5666 781 5739 Reg.
815 5665 868 5735 1,
899 5670 959 5722 et
985 5667 1320 5738 Seguerian.
1349 5668 1460 5724 Alii
1508 5686 1642 5726 vero
1690 5673 1751 5726 et
1792 5670 1960 5743 editi,

315 5756 697 5882 ωίὲἓῖἓιωο
742 5807 936 5865 locum
994 5808 1054 5864 in
1085 5810 1454 5869 restituimus
1484 5827 1551 5868 ex
1580 5827 1725 5870 mss.
1760 5813 1896 5886 Res.
1932 5815 1958 5870 1

2077 5546 2190 5585 non
2228 5546 2442 5600 uegius
2471 5546 2526 5595 Ζ,
2562 5546 2660 5599 qun
2697 5546 2892 5584 tamen
2922 5548 2990 5599 τῃ
3038 5547 3132 5580 σου
3184 5546 3382 5583 naoet.

2073 5602 2235 5661 editi.
2265 5604 2334 5672 τῇ
2368 5603 2435 5672 σῇ
2468 5606 2525 5656 et
2550 5602 2621 5672 τῇ
2653 5619 2748 5652 σου
2780 5605 2837 5654 et
2867 5596 3053 5672 πολλά
3084 5598 3385 5672 omittunt.

2086 4815 2188 4874 per
2216 4798 2475 4871 seipsum
2503 4796 2740 4870 quidem
2763 4798 3190 4853 Samaritanam
3226 4810 3291 4850 ac
3325 4811 3431 4850 nos
3452 4809 3552 4864 per
3573 4791 3735 4846 illam

2085 4888 2295 4945 deinde
2325 4885 2547 4955 docuit,
2579 4903 2753 4960 quam
2780 4887 3033 4960 perfecta
3062 4889 3118 4940 ct
3140 4881 3408 4939 absoluta
3439 4881 3515 4936 sit.
3535 4883 3740 4937 sancta

2077 5246 2415 5319 Seguerian.
2450 5242 2778 5319 Goblerian.
2815 5247 2874 5297 et
2905 5240 3050 5319 Felc.
3088 5243 3134 5295 1.
3159 5241 3230 5319 ⁸Ιιι
3264 5240 3397 5319 aliis
3455 5243 3513 5296 et
3559 5240 3730 5296 editis

2076 5309 2293 5373 ᾱθέυοι
2322 5314 2405 5369 ὅτι
2441 5313 2630 5385 μόνον,
2663 5331 2852 5384 usque
2884 5315 2954 5368 ad
2983 5309 3452 5385 κατεγκῖώσθησαν.

2168 5390 2260 5460 90)
2288 5381 2625 5460 Seguerian.
2663 5381 2827 5460 Basil.
2866 5390 2924 5440 et
2954 5381 3201 5460 Anglic“
3235 5381 3543 5460 γενόμενοι.

2168 5390 2260 5460 90)
2288 5390 2625 5459 Seguerian.
2663 5390 2827 5440 Basil.
2866 5390 2924 5440 et
2954 5390 3201 5457 Anglic.,
3235 5390 3543 5456 γενόμενοι.

2089 5510 2103 5523 ,
2146 5390 2259 5530 ί91)
2287 5458 2378 5514 Sic
2413 5457 2627 5530 Regius
2652 5457 2900 5530 primus.
2925 5462 2971 5511 el
3009 5456 3200 5530 Ottob:
3227 5455 3563 5530 Seguerian.
3600 5470 3727 5530 nec-

2277 5530 2442 5600 egius
2471 5525 2526 5595 2,
2562 5525 2669 5599 qui
2697 5534 2892 5584 tamen
2922 5530 2995 5600 τῇ
3038 5547 3132 5600 σου
3184 5525 3382 5600 habet.
3415 5525 3618 5582 Crateri
3670 5532 3728 5583 et

2142 5656 2255 5745 (ΘΞ)
2287 5656 2502 5740 Ιῗοεῖὐε
2561 5656 2621 5744 1',
2645 5677 2702 5727 et
2756 5671 3116 5744 Seguerian.,
3165 5667 3419 5739 ἐπινοῶν,
3469 5673 3526 5726 et
3583 5685 3717 5726 mox

2073 5743 2232 5815 ἅπερ.

2143 5811 2257 5890 (93)
2290 5815 2507 5889 Regius
2537 5815 2857 5901 secundus,
2885 5816 3080 5887 τῇμιᾷ
3110 5811 3358 5882 Θεότητι.
