4076 6324
356 393 479 454 607

946 392 1011 456 S.
1060 396 1487 459 ATHANASII
1531 395 1703 459 OPP.
1747 395 1949 457 PARS
1992 394 2043 456 Ι.
2083 426 2162 438 -
2192 392 2611 454 HISTORICA
2652 392 2753 453 ET
2796 388 3275 452 DOGMA'I‘ICA.

3655 386 3778 449 608

364 520 646 594 Trinitas,
679 544 923 600 eamque
954 527 1314 584 individuam
1339 546 1405 584 ac
1429 546 1605 584 unam
1638 527 2011 584 Divinitatem

2139 543 2283 599 χεται
2315 521 2451 598 ὥρα,
2480 523 2569 578 καὶ
2611 526 2695 577 νῦν
2727 518 2894 589 ἐστιν,
2926 521 3015 576 ὅτε
3057 521 3110 575 οἱ
3156 518 3413 587 ἀληθινοὶ
3460 538 3771 595 προσκυνη-

366 614 668 671 exsistere.
693 616 780 680 ld,
812 616 1071 687 inquam,
1102 616 1230 687 ipsa
1250 620 1499 672 testatur
1529 616 1768 686 veritas,
1789 615 1884 671 ubi
1914 616 2019 671 Sa-

363 704 663 758 maritana;
693 704 811 761 ait:
862 726 889 754 ‹‹
946 706 1121 759 Crede
1179 705 1346 774 mihi,
1408 704 1639 775 mulier,
1700 703 1840 776 quia
1867 704 2023 759 venit

364 790 531 860 hora,
559 797 615 847 et
646 809 802 848 nunc
834 799 940 858 est,
985 810 1117 849 cum
1167 795 1287 851 veri
1330 796 1667 851 adoratores
1697 794 2025 851 adorabunt

366 879 595 934 Patrem
622 879 679 933 in
714 880 933 952 Spiritu
968 885 1025 935 et
1069 881 1329 937 veritate.
1381 882 1524 937 Nam
1559 886 1616 937 et
1665 886 1835 936 Pater
1873 879 2022 936 tales

363 967 577 1039 quaerit
600 968 701 1039 qui
730 969 972 1024 adorent
997 987 1152 1025 eum.
1201 968 1456 1042 Spiritus
1495 974 1583 1029 est
1635 976 1803 1038 Deus,
1837 974 1895 1024 et
1922 983 2022 1024 eos

361 1055 465 1125 qui
499 1056 745 1111 adorant
776 1072 934 1123 eum,
954 1056 1011 1111 in
1044 1058 1259 1130 Spiritu
1285 1065 1343 1115 et
1362 1059 1604 1114 veritate
1634 1062 1860 1131 oportet
1888 1057 2024 1113 ado-

360 1160 492 1198 rare
513 1147 552 1198 ο.
585 1165 612 1192 ››
646 1145 787 1200 inde
808 1144 966 1200 enim
994 1147 1365 1218 perspicuum
1390 1153 1480 1203 est
1499 1148 1798 1204 veritatem
1824 1147 2021 1219 ipsum

360 1248 491 1289 esse
555 1232 788 1301 Filium,
822 1238 886 1288 ut
941 1234 1068 1307 ipse
1099 1235 1198 1301 ait,
1235 1259 1262 1285 «
1314 1237 1431 1309 Ego
1492 1254 1625 1292 sum
1658 1237 1869 1292 veritas
1890 1238 1960 1306 θ’,
1989 1256 2017 1288 η

366 1338 541 1395 quem
601 1326 659 1378 et
717 1324 998 1394 Propheta
1052 1324 1232 1380 David
1290 1325 1383 1381 his
1438 1326 1633 1382 verbis
1680 1326 2020 1381 invocabat:

366 1433 395 1461 «
432 1410 643 1466 Emitte
672 1410 863 1468 lucem
908 1417 1069 1468 tuam
1102 1417 1160 1470 et
1203 1415 1504 1470 veritatem
1537 1419 1699 1470 tuam
1724 1415 1786 1468 ¹⁰.
1831 1436 1859 1464 ››
1890 1406 2022 1471 Veri

365 1500 549 1572 igitur
578 1501 915 1557 adoratores
958 1502 1183 1559 Patrem
1232 1503 1471 1574 quidem
1523 1503 1870 1571 adorabunt,
1921 1504 2022 1559 sed

363 1587 424 1643 in
456 1588 681 1660 Spiritu
713 1593 769 1644 et
812 1591 1077 1662 veritate,
1126 1590 1335 1647 Filium
1384 1592 1653 1648 videlicet
1694 1595 1752 1648 et
1795 1592 1853 1647 in
1881 1591 2023 1648 Filio

364 1677 648 1749 Spiritum
681 1679 1037 1736 confitendo.
1068 1681 1213 1737 Nam
1247 1700 1280 1738 a
1311 1681 1452 1738 Filio
1482 1683 1742 1754 separari
1768 1698 1881 1739 non
1917 1700 2023 1756 po-

363 1769 483 1822 test
511 1766 787 1839 Spiritus,
811 1770 894 1824 uti
929 1786 1033 1825 nec
1067 1788 1101 1825 a
1122 1775 1289 1827 Patre
1313 1771 1772 1844 Filius,quemad
1786 1773 2022 1828 modum

2127 613 2215 668 ταὶ
2247 613 2682 688 προσκυνήσουσι
2711 615 2793 684 τῷ
2841 611 3009 686 Πατρὶ
3068 608 3119 664 ἐν
3154 609 3427 682 Πνειόματι
3482 609 3572 663 καὶ
3633 606 3773 677 ἀλη-

2131 700 2263 773 θείᾳ·
2297 700 2387 755 καὶ
2443 702 2545 777 γὰρ
2598 702 2627 756 ὁ
2682 701 2870 775 Πατὴρ
2917 697 3201 761 τοιούτους
3253 702 3404 769 ζητεῖ
3447 696 3574 760 τοὺς
3603 718 3775 774 προσο

2129 795 2422 853 κυνοῦντας
2447 788 2630 845 αὐτόν.
2663 793 2879 861 Πνεῦμα
2909 789 2937 843 6
2964 788 3092 849 Θεὸς
3128 789 3261 859 (94),
3295 787 3381 842 καὶ
3422 785 3551 850 τοὺς
3606 807 3776 861 προσ-

2129 884 2423 941 κυνοῦντας
2455 878 2612 934 αὐτὸν
2646 877 2699 933 ἐν
2740 876 3011 950 Πνεῦματι
3043 876 3133 931 καὶ
3193 874 3421 946 ἀληθείᾳ
3472 873 3554 931 δεῖ
3608 895 3780 951 προσ-

2129 974 2328 1026 κυνεῖν.
2367 993 2394 1019 ››
2422 964 2694 1023 Δέδεικται
2722 966 2902 1021 τοίνυν
2931 964 3190 1038 ἐντεῦθεν,
3217 964 3292 1027 ὡς
3325 967 3360 1035 ἡ
3394 963 3628 1036 ἀλήθεια
3678 965 3773 1037 μὲν

2132 1058 2294 1120 αὐτὸς
2345 1059 2372 1113 6
2421 1057 2545 1118 Υἱός
2592 1055 2757 1120 ἐστιν,
2790 1056 2863 1117 ὡς
2914 1054 3076 1117 αὐτός
3129 1073 3313 1132 φησιν·
3352 1078 3373 1104 ι
3411 1054 3554 1130 Ἐγώ
3592 1052 3706 1125 εἰμι
3736 1055 3773 1124 ὴ

2133 1144 2382 1217 ἀλήθεια·
2420 1170 2449 1198 »
2478 1147 2600 1223 περὶ
2637 1146 2697 1200 οὗ
2727 1144 2817 1199 καὶ
2849 1145 2876 1199 6
2908 1144 3198 1220 προφήτης
3250 1137 3416 1197 Δαὸἶδ
3457 1140 3776 1198 ἐπεκαλεῖτο

2133 1236 2306 1311 Λὲγων
2508 1258 2537 1287 «
2567 1232 2987 1304 Ἐξαπόστειλον
3015 1232 3078 1287 τὸ
3108 1236 3223 1308 φῶς
3257 1252 3352 1285 σου
3380 1231 3471 1285 καὶ
3501 1231 3598 1298 τήν
3630 1228 3776 1300 ἀλή-

2132 1323 2275 1388 θειάν
2309 1345 2427 1380 σου.
2464 1346 2493 1374 ››
2525 1324 2593 1381 Οἱ
2645 1321 2900 1392 ἀληθινοὶ
2951 1320 3134 1376 τοίνυν
3192 1319 3561 1395 προσκυνηταὶ
3606 1338 3774 1392 προσ-

2130 1417 2348 1469 κυνοῦσι
2383 1413 2477 1487 μὲν
2510 1410 2589 1485 τῷ
2615 1412 2807 1487 Πατρὶ,
2840 1407 2967 1466 ἀλλ’
2993 1409 3048 1465 ἐν
3080 1407 3350 1482 Πνεύματι
3380 1406 3470 1463 καὶ
3524 1405 3778 1479 ἀληθείᾳ,

2132 1502 2539 1578 ὁμολογοῦντες
2590 1501 2713 1555 Υίὸν
2773 1501 2861 1555 καὶ
2916 1498 2966 1555 ἐν
3008 1496 3154 1571 αὐτῷ
3176 1498 3239 1552 τὸ
3268 1501 3505 1571 Πνεῦμα.
3539 1496 3779 1572 ’Δχώρι-

2133 1613 2255 1647 στον
2332 1592 2436 1669 γὰρ
2509 1594 2607 1646 τοῦ
2676 1590 2805 1643 Υίοῦ
2874 1588 2937 1643 τὸ
3010 1591 3252 1661 Πνεῦμα,
3305 1586 3379 1648 ὡς
3466 1586 3778 1661 ἀχώριστος

2134 1682 2163 1736 6
2236 1681 2361 1744 Υἱὸς
2439 1685 2538 1736 τοῦ
2621 1677 2848 1755 Πατρός.
2924 1676 3075 1746 Αὖτή
3132 1678 3169 1746 ἡ
3230 1676 3496 1746 ’Δλήθεια
3571 1695 3775 1750 μαρτυ-

2135 1775 2217 1847 ρεῖ
2435 1772 2470 1839 ἡ
2531 1768 2786 1844 λέγουσα·
2826 1787 2854 1821 ι
2896 1765 3105 1839 Πὲμψω
3157 1765 3281 1838 ὑμῖν
3339 1764 3430 1819 τὸν
3490 1762 3780 1838 Παράκληο

365 1847 497 1960 ipsa
519 1854 748 1912 Veritas
794 1858 886 1913 his
916 1859 1107 1915 verbis
1155 1861 1355 1916 docet:
1390 1882 1418 1911 ‹‹
1466 1860 1689 1918 Mittam
1719 1862 1883 1918 vobis
1913 1866 2022 1918 Pa-

2139 1880 2244 1927 τον,
2274 1859 2337 1913 τὸ
2392 1862 2614 1932 Πνεῦμα
2663 1863 2764 1926 τῆς
2822 1854 3102 1926 ἀληθείας,
3148 1854 3178 1908 ’ὁ
3226 1853 3375 1928 παρά
3424 1856 3521 1906 τοῦ
3570 1851 3782 1927 Πατρὸς

2139 1948 2152 1960 ι
2345 1948 2357 1960 ι
2534 1948 2556 1960 η
2622 1948 2636 1960 ι
2730 1940 2754 1960 ul
2998 1943 3011 1960 ς
3070 1940 3126 1960 BI
3313 1941 3334 1960 Χ
3389 1936 3419 1960 ρ
3451 1946 3474 1957 -ι

366 1943 677 2017 raclctum,
708 1946 987 2019 Spiritum
1019 1949 1302 2015 veritatis,
1335 1950 1433 2021 qui
1480 1968 1514 2006 a
1543 1955 1712 2007 Patre
1742 1952 2022 2024 procedit,

366 2048 540 2103 quem
575 2036 837 2092 mundus
871 2055 985 2093 non
1008 2044 1201 2110 potest
1221 2041 1484 2110 accipere
1507 2042 1575 2111 “,
1609 2063 1637 2091 »
1670 2040 1780 2096 hoc
1810 2041 2022 2112 est,qui

364 2139 499 2178 eum
532 2140 601 2179 ex
630 2129 800 2181 Patre
847 2126 905 2181 in
941 2128 1085 2184 Filio
1132 2144 1262 2185 esse
1293 2134 1526 2202 negant.
1578 2131 1687 2196 Qui
1718 2130 1898 2203 igitur
1923 2147 2021 2186 vo-

362 2211 580 2269 luerint
636 2230 803 2270 veros
859 2215 1075 2273 imitari
1135 2218 1501 2287 adoratores,
1561 2236 1661 2276 eos
1717 2221 2023 2275 veritatem

365 2302 631 2359 confiteri
655 2308 710 2358 et
740 2305 1006 2376 amplecti
1052 2322 1289 2363 necesse
1319 2308 1558 2362 omnino
1607 2313 1715 2365 est.
1747 2308 2026 2373 Quocirca

367 2389 478 2457 illi,
510 2408 657 2464 quos
686 2392 782 2449 hic
825 2394 1173 2451 refellendos
1223 2396 1473 2468 suscepi,
1506 2397 1557 2452 si
1605 2414 1711 2453 nec
1743 2403 1875 2470 post
1903 2397 2026 2453 hiec

367 2479 549 2536 velint
580 2483 733 2553 quod
764 2499 963 2538 verum
1010 2487 1099 2540 est
1145 2486 1358 2556 dicere,
1389 2502 1493 2542 nec
1524 2484 1847 2560 intelligere
1885 2501 2024 2559 pos-

370 2568 488 2625 sint
515 2588 529 2638 ;
562 2570 771 2628 saltem
804 2573 987 2645 impia
1018 2575 1277 2646 proferre
1314 2574 1609 2647 desinant,
1642 2591 1747 2631 nec
1774 2575 2025 2630 Trinita-

369 2661 488 2714 tem
522 2661 777 2717 audeant
825 2678 1118 2735 separare,
1170 2680 1243 2720 ne
1272 2665 1383 2737 lpSl
1435 2682 1469 2719 a
1498 2664 1613 2719 vita
1639 2668 2024 2736 separentur;

373 2764 479 2804 nec
510 2749 794 2821 Spiritum
827 2757 1093 2808 sanctum
1127 2752 1282 2809 inter
1312 2771 1404 2809 res
1439 2758 1664 2810 creatas
1696 2755 2027 2818 numerent,

371 2853 444 2893 ne
474 2840 969 2909 quemadmodum
1020 2842 1200 2898 sancti
1246 2841 1503 2913 Spiritus
1550 2859 1725 2916 opera
1753 2840 2030 2898 Pharisaai

374 2927 511 2983 olim
543 2928 867 2987 Beelzebuli
920 2931 1337 2994 attribuebant.
1388 2935 1472 2990 sic
1502 2938 1561 2990 et
1608 2933 1694 2989 illi
1743 2933 1900 3006 paris
1931 2949 2030 2988 au-

2134 1948 2502 2023 ἐκπορεύεται,
2534 1948 2563 2002 ’ὀ
2616 1948 2644 2001 6
2690 1940 2898 2018 κὸσμος
2957 1943 3019 1999 οὐ
3067 1940 3285 1997 δύναται
3313 1936 3526 2011 λαϐεῖν,
3560 1963 3589 1992 ››
3617 1961 3777 1995 τουτ-

2133 2038 2272 2094 ἐστιν
2450 2037 2501 2091 οἱ
2531 2034 2855 2108 ἀρνούμενοι
2889 2032 3018 2088 αὐτὸ
3062 2031 3121 2087 ἐκ
3171 2031 3269 2087 τοῦ
3326 2030 3536 2107 Πατρὸς
3591 2028 3644 2085 ἐν
3703 2033 3784 2102 τῷ

2132 2128 2260 2198 Υἱῷ.
2294 2127 2412 2202 Χρὴ
2441 2124 2622 2180 τοίνυν
2651 2124 2789 2179 κατά
2821 2121 3056 2196 μίμησιν
3084 2126 3193 2176 τῶν
3244 2118 3523 2191 ἀληθινῶν
3574 2116 3779 2192 ὁμολο-

2130 2222 2243 2293 γεῖν
2291 2215 2383 2270 καὶ
2434 2211 2804 2290 προσδραμεῖν
2861 2211 2931 2287 τῇ
2989 2208 3237 2282 ἀληθεία.
3271 2211 3371 2265 ’Δν
3427 2206 3473 2264 δ’
3531 2205 3634 2283 ἄρα
3685 2206 3778 2262 καὶ

2138 2306 2271 2380 μετὰ
2298 2308 2467 2359 ταῦτα
2499 2305 2637 2377 μήτε
2663 2303 2849 2376 μαθεῖν
2875 2299 3099 2366 θέλωσι,
3135 2300 3273 2373 μήτε
3298 2302 3439 2353 νοεῖν
3493 2295 3773 2352 δύνωνται·

2132 2392 2227 2449 κᾶν
2259 2398 2366 2448 τῶν
2400 2389 2725 2470 δυσφημιῶν
2777 2390 3151 2458 παυέσθωσαν,
3184 2388 3275 2444 καὶ
3333 2388 3410 2461 μή
3469 2384 3774 2461 διαιρείτω-

2136 2502 2228 2537 σαν
2287 2483 2384 2551 τὴν
2444 2477 2787 2557 Τριάδα,⁹ίνα
2845 2481 2921 2554 μὴ
2981 2475 3324 2554 διαιρεθῶσιν
3366 2476 3478 2549 (98)
3525 2474 3631 2530 ἀπὸ
3675 2479 3776 2543 τῆς

2138 2574 2302 2639 ζωῆς’
2341 2565 2482 2642 μηδὲ,
2508 2573 2628 2630 τοῖς
2658 2566 2916 2641 κτίσμασι
2948 2563 3440 2641 συναριθμείτωσαν
3467 2563 3531 2618 τὸ
3561 2564 3782 2634 Πνεῦμα

2134 2661 2197 2715 τὸ
2228 2660 2405 2735 ἅγιον,
2424 2657 2515 2714 ’ίνα
2548 2659 2647 2733 μή,
2667 2659 2741 2721 ὡς
2775 2659 2833 2712 οἱ
2861 2656 2985 2712 τότε
3013 2660 3304 2729 Φαρισαῖοι
3335 2659 3415 2727 τῷ
3444 2645 3778 2722 Βεελζεϐοἰιλ

2134 2749 2201 2805 τὰ
2254 2753 2350 2803 τοῦ
2408 2748 2715 2821 Πνευῖματος
2768 2745 3098 2815 ἀνετίθεσαν,
3148 2743 3292 2799 οὕτω
3356 2744 3444 2797 καὶ
3509 2742 3682 2807 οὗτοι,
3715 2741 3785 2794 τὰ

2138 2835 2227 2893 ἴσα
2253 2836 2593 2912 τολμῶντες,
2625 2835 3003 2912 ἀσόγγνωστον
3030 2833 3120 2889 καὶ
3152 2830 3260 2888 ὦδε
3289 2834 3377 2889 καὶ
3431 2831 3566 2904 μετὰ
3614 2833 3782 2885 ταῦτα

2137 2929 2236 2998 τὴν
2269 2926 2538 3001 τιμωρίαν
2574 2926 2688 3001 μετ’
2719 2925 3070 2999 ἐκείνων
3104 2921 3491 2996 ὑπομείνωσιν.

379 3015 558 3071 daciae
589 3017 692 3083 rei,
727 3019 822 3075 hic
852 3024 911 3076 et
938 3020 995 3076 in
1030 3020 1228 3077 futura
1257 3020 1374 3077 vita
1402 3026 1616 3078 aaterno
1648 3022 1880 3095 supplic
1911 3020 2037 3077 sine
2065 3015 2189 3074 ulla
2215 3034 2318 3090 spe
2343 3017 2519 3073 venias
2551 3034 2685 3073 cum
2715 3015 2831 3071 illis
2862 3015 3216 3072 afﬁciantur.

377 3133 533 3189 540
607 3135 909 3192 EIUSDEM
964 3138 1054 3191 AD
1116 3138 1399 3195 EUMDBM
1452 3137 1849 3195 EPISCOPUM
1913 3135 2026 3191 SE-

2139 3132 2268 3189 τον
2343 3131 2558 3188 ΑΥΤΟΥ
2634 3134 2811 3184 ΠΡΟΣ
2877 3134 3004 3183 TON
3075 3124 3785 3202 ArTQN_'snizgonoa

449 3204 816 3278 agatque»!
918 3207 1263 3265 ADVERSUS
1381 3208 1504 3263 eos
1591 3209 1708 3278 QUI
1800 3207 2030 3266 num!

448 3276 586 3330 REM
624 3276 933 3334 CREATAM
969 3279 1136 3335 ESSE
1174 3276 1640 3337 CONTENDUNT.

448 3381 499 3436 1.
536 3380 650 3454 Ego
677 3384 916 3454 quidem
949 3401 1134 3457 pauca
1163 3402 1256 3441 me
1286 3386 1367 3442 ita
1403 3386 1703 3458 scripsisse
1731 3385 2029 3443 existima-

376 3467 553 3524 bam:
587 3473 762 3543 atque
790 3473 934 3529 adeo
980 3489 1072 3529 me
1114 3475 1237 3547 ipse
1290 3474 1555 3531 maximas
1604 3473 2029 3531 imbecillitatis

378 3558 751 3627 accusabam,
803 3561 903 3633 qui
955 3578 1059 3618 nec
1108 3566 1336 3618 tantum
1397 3562 1652 3618 scribere
1682 3562 2028 3634 potuissem,

361 3648 666 3716 quantum
698 3648 977 3706 adversus
1000 3666 1100 3706 eos
1132 3651 1231 3722 qui
1250 3650 1308 3706 in
1329 3650 1607 3723 Spiritum
1630 3654 1902 3708 sanctum
1927 3650 2030 3706 im-

377 3732 457 3804 pii
489 3740 629 3790 sunt
657 3735 793 3794 licet
840 3738 1177 3795 hominibus
1224 3741 1436 3796 dicere.
1490 3741 1731 3805 Quando
1778 3756 1933 3807 vero,
1968 3743 2033 3797 ut

376 3821 610 3891 scribis,
644 3826 887 3897 quidam
920 3843 989 3882 ex
1031 3828 1312 3883 fratribus
1342 3829 1788 3900 postulaverunt
1819 3832 1883 3883 ut
1911 3829 2031 3885 haec

375 3909 438 3965 in
478 3915 893 3986 compendium
944 3916 1367 3989 redigerentur,
1420 3933 1535 3989 quo
1592 3918 1915 3990 paratiores
1963 3934 2030 3975 ac

377 4002 768 4074 promptiores
795 4021 924 4062 esse
954 4005 1183 4079 possint
1222 4022 1356 4062 cum
1387 4006 1458 4062 ad
1491 4007 1741 4063 breviter
1794 4023 2033 4080 respon-

2214 3208 2604 3259 ΣΕΡΑΠΙΩΝΛ
2649 3204 2839 3259 ΚΑΤΑ
2890 3203 3026 3259 ΤΩΝ
3084 3198 3451 3256 ΛΕΓΟΝΤΩΝ
3514 3198 3783 3252 ΚΤΙΣΜΔ

2212 3276 2353 3331 TON
2393 3275 2556 3331 ΥιοΝ
2595 3275 2693 3348 (1).

2212 3383 2263 3439 1.
2297 3381 2441 3456 Ἐγὼ
2503 3380 2598 3454 μὶν
2660 3378 2910 3453 ἰνόμιζον
2968 3376 3058 3433 καὶ
3090 3379 3167 3452 (2)
3202 3374 3372 3437 οὕτως
3404 3372 3565 3449 ὀλίγα
3591 3391 3784 3449 γεγρα-

2138 3469 2315 3548 φέναι·
2374 3470 2463 3525 καὶ
2524 3469 2862 3543 κατηγόρουν
2919 3467 3158 3540 ἐμαυτοῦ
3209 3461 3431 3533 πολλῆς
3488 3459 3783 3532 ἀσθενείας,

2138 3559 2213 3622 ὡς
2251 3559 2327 3633 μὴ
2357 3555 2679 3629 δυνηθέντος
2736 3561 2990 3612 τοσοῦτον
3038 3556 3259 3631 γράψαι,
3294 3553 3417 3608 ὅσον
3475 3550 3785 3623 ἀνθρώποις

2139 3647 2308 3719 ἔξεστι
2338 3646 2515 3723 λέγειν
2548 3646 2684 3702 κατὰ
2704 3651 2811 3701 τῶν
2841 3640 3176 3701 ἀσεϐούντων
3220 3641 3296 3705 εἷς
3338 3642 3399 3697 τὸ
3451 3643 3670 3712 Πνεῦμα
3719 3638 3784 3692 τὸ

2138 3739 2310 3814 ἅγιον·
2369 3733 2558 3805 ἐπειδὴ
2617 3733 2695 3803 δὲ,
2746 3735 2819 3797 ὡς
2873 3734 3120 3814 γράφεις,
3177 3733 3314 3794 τινὲς
3366 3734 3471 3786 τῶν
3531 3726 3787 3805 ἀδελφῶν

2136 3827 2370 3898 ἠξίωσαν
2401 3825 2490 3881 καὶ
2538 3829 2705 3879 ταῦτα
2747 3823 3043 3897 ἐπιτεμεῖν,
3068 3821 3161 3876 ’ίνα
3206 3818 3407 3897 ἔχωσιν
3453 3817 3503 3891 ἐξ
3554 3815 3785 3889 ἑτοίμου

2136 3915 2225 3972 καὶ
2272 3912 2342 3970 δι’
2376 3913 2577 3991 ὀλίγων
2632 3911 3031 3988 ἀπολογεῖσθαι
3096 3910 3189 3984 μὶν
3220 3914 3338 3971 τοῖς
3384 3906 3630 3983 ἐρωτῶσι
3657 3904 3784 3980 περὶ

2136 4012 2237 4075 τῆς
2271 4002 2324 4059 ἐν
2355 4005 2492 4077 ἡμῖν
2519 3999 2771 4070 πίστεως,
2806 3998 3106 4077 διελέγχειν
3160 3995 3220 4054 δὲ
3258 3997 3386 4061 τοὺς
3430 3990 3780 4055 ἀσεϐοῦνταςο

448 4118 471 4152 ⁹
500 4117 668 4174 Joan.
702 4137 781 4187 1v,
810 4122 902 4188 21,
930 4123 1023 4178 22.
1100 4122 1152 4158 9*
1175 4121 1343 4179 Joan.
1376 4139 1489 4194 xxv,
1518 4124 1572 4177 6.
1650 4122 1694 4158 ¹⁰
1724 4122 1878 4178 Psal.
1910 4140 2044 4195 XLII,
2074 4124 2129 4179 3.
2209 4123 2249 4160 “
2279 4122 2449 4178 Joan.
2476 4136 2571 4187 xv,
2599 4120 2709 4188 26;
2743 4136 2860 4191 xxv,
2893 4120 2982 4174 17.

451 4233 564 4306 (94)
596 4235 735 4306 Reg.
766 4238 880 4306 2st
908 4234 1057 4292 Felc.
1088 4237 1125 4290 2
1154 4236 1380 4293 addunt
1408 4234 1513 4290 ὅτι.
1547 4239 1622 4290 At
1678 4235 1801 4291 haec
1852 4237 2029 4294 verba

381 4306 467 4382 δτι
520 4305 741 4382 Πνεῦμα
793 4305 822 4358 6
859 4306 1030 4382 βὼς,
1062 4307 1152 4382 καί
1210 4306 1336 4382 τοὺς
1379 4310 1821 4382 προσκυνοῦντας
1840 4307 2026 4382 αὐτόν,

383 4379 602 4450 desunt
618 4377 697 4450 in,
722 4377 949 4450 Anglic.
982 4379 1285 4450 Basiliensi
1313 4385 1370 4435 et
1396 4377 1535 4436 edit.
1568 4379 1847 4435 Commel.

460 4448 570 4518 (95)
596 4447 842 4525 ,Θοὺίθιξ
866 4455 922 4505 et
951 4448 1205 4525 Felckm.
1232 4452 1292 4525 _1,
1316 4451 1439 4525 περὶ
1468 4450 1647 4525 οὗᾼκαξ
1680 4451 1709 4504 ὁ
1736 4447 1901 4525 Δαοὶδ
1937 4449 2027 4525 λε-

424 4538 522 4587 ων,
554 4523 664 4592 etc.
696 4524 823 4575 Mox
856 4528 985 4592 post
1013 4521 1079 4577 Οἱ
1112 4518 1690 4592 ἀληθινοί,’ρο,ι”ιίοιι1ο
1715 4520 1896 4576 τοίνυν
1928 4523 2030 4579 ad-

424 4539 522 4587 ων,
554 4539 663 4574 οιο.
696 4539 823 4575 mox
894 4540 901 4572 ι

386 4539 610 4664 6itura
640 4591 819 4664 Regio
851 4539 901 4660 ἵ,

387 4662 625 4738 ab_al_iis
653 4671 711 4738 et
733 4662 907 4720 editis
933 4662 1118 4738 omitti
1132 4672 1243 4720 tur.
1277 4667 1498 4722 Ibidem
1532 4666 1745 4738 Regius
1778 4668 1829 4736 1,
1861 4666 2029 4723 Gobl.

388 4742 447 4792 et
466 4734 676 4809 Felcigl
690 4778 705 4803 ,
736 4736 1196 4809 προσκυνήσουσι.

460 4808 572 4883 (96)
602 4805 877 4883 Verbum
895 4812 1157 4883 μαρτυρεῖ
1186 4810 1353 4865 abest
1379 4826 1415 4864 ε.
1443 4808 1619 4880 Regio
1672 4809 1881 4880 primo,
1913 4813 2026 4864 Go-

386 4878 668 4953 hleriano,
700 4887 759 4936 et
793 4878 937 4953 Felc.
974 4878 1026 4947 1,
1058 4878 1371 4953 anonymo.

457 4951 571 5077 (97)
600 4951 694 5006 Sic
725 4952 943 5023 Regius
973 4950 1233 5079 primus,
1255 4954 1493 5035 Seguer.
1525 4950 1829 5031 Anglican.
1863 4950 2029 5006 Gobl.

477 5025 545 5076 Fe
572 5038 621 5077 c.
653 5025 703 5078 1.
739 5029 807 5078 At
835 5025 967 5078 Otto
1018 5066 1029 5078 .
1064 5024 1092 5076 ὁ
1127 5021 1237 5077 ἐστι
1293 5025 1405 5077 Αιιι
1450 5039 1580 5078 vero
1608 5028 1665 5077 et
1693 5024 1830 5077 edit.
1864 5028 2029 5078 Com-

388 5027 445 5075 et
477 5025 621 5077 Felc.
653 5025 703 5078 1.
739 5029 807 5078 At
835 5025 1029 5078 Ottob.

388 5091 522 5166 mel,
557 5093 617 5166 ὅς
643 5090 807 5162 ἐστιν,
840 5097 1276 5166 εοιιίωοηᾱοεο.
1303 5096 1386 5150 lb.
1422 5095 1557 5166 lieg.
1594 5094 1647 5159 1,
1681 5098 1737 5149 et
1766 5095 2030 5166 Seg_uer.,

386 5162 521 5237 αῷτό
570 5164 831 5237 habent:
864 5165 962 5222 alii
1020 5174 1077 5222 et
1127 5167 1290 5233 editi,
1322 5162 1686 5220 aiiro'vfltem
1740 5162 1922 5237 pro'év
1953 5162 2033 5237 τῷ

388 5234 531 5310 Ibi),
555 5242 620 5291 ut
652 5236 865 5310 legitur
900 5241 956 5293 ia
990 5239 1119 5309 Reg.
1158 5241 1206 5303 1,
1239 5238 1585 5310 Seguerian._
1611 5234 1942 5310 Goblerian.
1978 5234 2036 5293 et

388 5307 640 5382 Felckm.
678 5305 745 5375 1—;
777 5307 873 5363 alii
905 5326 1041 5382 cum
1071 5305 1247 5365 editis
1298 5305 1534 5382 Habent,
1567 5305 1619 5361 ἐν
1664 5312 1743 5379 τῷ
1772 5308 2029 5382 ΔΧριστῷ.

456 5380 838 5455 (98)_Seguer.
882 5380 1185 5455 αἱρεθῶσιν.
1220 5380 1552 5455 Goblerian.
1586 5384 1643 5435 et
1696 5379 1945 5455 Felckm.
1981 5379 2032 5451 1,

388 5445 821 5524 διαιρείσθῷσαν.
885 5445 1059 5508 Paulo
1119 5459 1249 5524 post
1302 5454 1438 5524 Reg.
1494 5455 1518 5508 1
1579 5456 1641 5507 et-
1693 5445 2032 5524 Seguerian.

389 5520 623 5590 habent,
657 5523 709 5575 οἱ
737 5523 878 5579 τότε.
916 5524 1071 5580 Editi
1100 5520 1157 5581 et
1186 5524 1283 5579 alii
1317 5522 1369 5577 οἵ
1394 5543 1550 5577 ποτε.

458 5594 565 5663 (99»
599 5595 753 5651 Editi
783 5601 842 5651 et
877 5595 1025 5651 Felc.
1058 5601 1093 5651 2
1122 5597 1405 5653 omittunt

464 5665 539 5735 (1)
564 5665 656 5721 Sic
687 5667 962 5724 Ottobon.
999 5669 1058 5722 In
1093 5668 1268 5724 Basil.
1293 5673 1350 5722 et
1378 5665 1677 5737 Anglican.
1700 5665 2041 5737 inscribitur

389 5732 552 5802 item,
605 5737 907 5806 ἘπιστοΛὴ
964 5738 1101 5812 πρὸς
1154 5738 1245 5793 τὸν
1305 5732 1497 5794 αὐτὸν’
1534 5736 1850 5808 Σεραπίωνα
1906 5737 2042 5791 κατά

1064 5022 1094 5076 ὅ
1127 5021 1237 5077 ἐστι
1293 5021 1405 5077 Alii
1450 5039 1580 5078 vero
1608 5028 1665 5077 et
1693 5023 1830 5077 edit.
1864 5028 2030 5078 Com-

1439 5600 1551 5667 μετ’
1583 5592 1817 5667 ἐκείνων.

2136 4238 2245 4309 τῶν
2302 4231 2572 4309 λεγᾷντων
2630 4229 2833 4309 κτίσμα
2882 4230 2973 4309 τὸν
3033 4228 3182 4299 Υἱόν,
3212 4226 3397 4309 οιΑαά
3439 4228 3789 4309 marginem-

2138 4297 2436 4386 Ἐπιστοὶῄ
2497 4297 2986 4386 δευτᾷριακἨιῖείυε
3018 4297 3250 4386 putem,
3283 4297 3768 4386 SeguerL‘prlef

2139 4384 2198 4434 et
2220 4377 2372 4433 Fele.
2408 4367 2459 4444 1,
2492 4393 2595 4453 pro
2626 4367 2967 4453 tituloﬁaac
3017 4374 3237 4453 habent
3280 4367 3479 4453 verba,
3510 4371 3688 4453 Ταῦτά
3710 4367 3791 4453 ,ἐκ

2136 4453 2243 4503 τῶν
2272 4439 2688 4523 προειρημένων
2715 4446 2832 4502 κατ’
2881 4445 3149 4571 ἐπιτομὴν
3197 4442 3402 4527 ἐγράφη
3451 4439 3570 4497 κατ’
3600 4439 3779 4525 αὐτῶν

2139 4517 2303 4574 πάλιν
2334 4524 2442 4574 τῶν
2478 4519 2748 4593 Λεγόντων
2773 4519 2976 4593 κτίσμα
3005 4538 3029 4573 ε
3053 4538 3136 4572 ναι
3164 4516 3227 4593 τῦ
3260 4521 3477 4593 Πνευμα
3513 4511 3576 4566 τὸ
3606 4513 3783 4593 ἀγιον.

932 4596 1167 4686 Seguer.
1204 4588 1626 4686 Go'lil_ejrian.net
1653 4594 1806 4686 ροισι.
1843 4596 1901 4686 1Ῐζ
1928 4595 2028 4686 sed
2067 4620 2111 4686 Β
2145 4594 2205 4686 id
2236 4597 2509 4686 estuch
2536 4588 2608 4676 ea:
2630 4588 3788 4686 prgdicgticqmpendfo‘sﬂiptansaaicﬂ:

2143 4672 2233 4720 (ra
2261 4666 2480 4739 eosdem
2508 4666 2608 4735 qui
2626 4663 2812 4720 dicunt
2835 4664 3105 4739 Spiritum
3122 4664 3376 4739 sanciunt
3389 4665 3791 4739 pangeret-itam

2137 4752 2271 4792 esse.
2293 4738 2428 4802 Quae
2458 4727 2598 4791 itém
2631 4727 2951 4793 exstant-in
2982 4729 3492 4805 marginecodicis
3509 4727 3786 4805 Basilien-

2142 4808 2246 4863 sis.
2280 4800 2343 4862 In
2374 4807 2651 4882 omnibus
2685 4824 2854 4882 porro
2886 4800 3220 4882 m_ss.eli'am
3253 4804 3313 4882 in
3344 4800 3595 4882 Felckm.
3616 4801 3787 4882 2,,est

2142 4895 2384 4935 numero
2396 4881 2655 4955 secunda
2668 4872 2790 4955 sive
2800 4878 3068 4950 sequitur
3079 4875 3523 4955 praecedentem.
3536 4872 3593 4927 ln
3610 4872 3787 4955 editis

2141 4958 2334 5006 autem
2369 4952 2556 5021 primo
2585 4952 2706 5009 loco
2738 4952 2861 5008 sive
2885 4947 3025 5021 ante
3075 4947 3786 5021 priscedentem_ponitur_.

2140 5038 2275 5105 cum
2306 5011 2647 5105 huiusmodi
2665 5023 2972 5105 titulqﬁl‘pﬁ
2993 5018 3045 5074 ἐν
3067 5011 3466 5105 ἆγίοιςριπὶλ.
3483 5011 3780 5105 Ἐπιστολὴ

2140 5093 2275 5166 πρὸς
2327 5084 2646 5167 Σξραπίωνα
2682 5095 2773 5148 τὸν
2822 5084 3125 5146 ἐπίσκοπον
3160 5084 3297 5145 κατὰ
3339 5092 3449 5143 τῶν
3492 5084 3785 5214 λεέόντων,

2142 5163 2225 5218 ὅτι
2259 5164 2287 5218 ὁ
2323 5165 2447 5225 Υἱὸς
2495 5164 2694 5229 κτίσμα
2749 5163 2913 5219 ἐστίν.
2947 5165 3131 5220 Sancti
3177 5162 3377 5229 putris,
3409 5163 3519 5215 etc.
3589 5159 3788 5229 pisiola

2142 5180 2225 5218 Οτι
2259 5184 2287 5218 Ο
2327 5180 2447 5225 Πος
2495 5180 2694 5237 κτίσμα
2749 5180 2913 5219 εστιν.
2947 5180 3131 5220 banc“
3176 5180 3377 5234 patris,
3409 5180 3519 5215 ϐω.
3546 5180 3788 5229 npzswm

2141 5237 2225 5312 ad
2246 5311 2251 5312 γ
2276 5236 2633 5308 Serapionem
2687 5241 3020 5310 episcopum,
3051 5236 3243 5312 contra
3297 5248 3389 5312 eos
3444 5230 3788 5312 qui__riicunt

2144 5309 2345 5363 Filium
2405 5305 2517 5364 esse
2573 5305 3035 5366 ram-creatam.
3098 5305 3242 5361 Vide
3322 5305 3787 5360 admonitionem

2145 5397 2275 5453 pag.
2306 5380 2432 5445 516,
2469 5397 2609 5435 num
2640 5384 2696 5436 2.
3640 5444 3649 5453 _

2220 5452 2294 5514 (2)
2328 5450 2580 5507 Felckm.
2614 5452 2650 5505 2
2678 5448 2767 5505 καί
2815 5449 3051 5505 omittit.
3094 5453 3222 5503 Mox
3281 5445 3453 5502 Basil.
3487 5442 3766 5514 Anglican

2152 5452 2157 5453 “
2220 5452 2294 5521 (2)
2328 5452 2580 5507 Felckm.
2614 5452 2650 5505 2
2678 5452 2767 5505 καί
2815 5452 3051 5505 omittit.
3094 5453 3222 5503 Mox
3281 5452 3453 5502 Basil.
3487 5452 3787 5514 Anglican.

2146 5526 2205 5578 et
2236 5520 2488 5597 Felckm.
2520 5527 2575 5588 2,
2608 5528 2666 5597 et
2712 5522 2873 5597 editi,
2904 5518 3348 5597 yeypaenxévat._
3370 5515 3516 5573 lbid.
3538 5513 3789 5597 ‘Sobler.

2148 5598 2206 5649 et
2226 5594 2495 5669 _lfe_lck_m:
2510 5586 2580 5669 .1,
2614 5586 3015 5669 ἐκατηγόροῦνΪ
3035 5586 3180 5669 lt'e_m
3234 5586 3790 5669 ibid._Anglic_anus,

2150 5661 2369 5736 πολλὴν
2402 5660 2693 5721 ἀσθένειαν.
2732 5660 2904 5723 Paulo
2936 5669 3068 5736 post
3097 5664 3237 5735 Reg.
3268 5670 3328 5719 et
3375 5660 3794 5732 Seguerianus,

2152 5734 2378 5811 γράψαι.
2404 5736 2515 5794 Alii
2549 5742 2607 5796 et
2629 5737 2794 5805 editi,
2824 5734 3065 5813 γράφειν.
