4076 6342
326 420 448 488 609

1434 364 1820 486 EPISTULA
1863 418 1917 482 ιι
1962 419 2064 482 AD
2109 416 2636 488 sesumam.

2842 6 3575 25 —mw
3590 2 3659 7 "m’
3714 0 3743 3 ’⁷

3621 426 3745 493 610

321 556 582 628 ἰποίησα,
614 554 705 609 καὶ
732 556 894 608 τοῦτο
926 548 1161 629 θαῤῥῶν,
1198 551 1282 608 ὅτι
1324 550 1623 623 συνείδησιν
1670 548 1816 629 ἔχων
1848 553 1977 628 ἀγα-

2093 555 2351 611 dendum
2383 557 2478 612 his
2525 557 2626 629 qui
2655 556 2816 628 ipsos
2847 558 2919 613 de
2967 558 3080 615 fide
3110 563 3311 618 nostra
3351 548 3751 636 interrogant,

318 649 445 717 θὴν,
557 666 609 699 τι
640 644 728 698 καὶ
783 640 835 698 ἐν
885 640 1101 703 τούτοις
1150 639 1608 718 παραλέλειπται,
1657 641 1982 717 ἀναπληρώ-

326 757 463 799 σεις.
504 736 573 793 Οἱ
604 731 900 809 ’Δρειανοὶ,
961 731 1037 795 εἷς
1083 731 1304 793 ἑαυτοῦς
1344 729 1689 809 στραφέντες,
1737 731 1825 786 καὶ
1874 752 1980 804 μη-

322 824 411 881 δὲν
447 822 614 880 πλέον
647 822 682 893 ἢ
735 818 928 891 ἔξωθεν
984 819 1187 874 ἑαυτῶν
1232 824 1450 882 νοοῦτες
1498 818 1635 875 κατὰ
1678 824 1805 882 τοῦς
1838 817 1981 874 Σαδ⁹

324 913 639 981 δουκαίους,
685 907 1052 986 ἀνθρωπίνοις
1100 907 1391 986 λογισμοῖς
1442 906 1741 984 ἐξεδέξαντο
1773 910 1851 983 (3)
1878 909 1978 977 τὴν

326 1003 678 1069 θεόπνευστον
733 1000 976 1077 Γραφήν.
1051 996 1366 1061 ’Δκοῦοντες
1441 1002 1567 1072 γοῦν
1624 996 1832 1076 σοφίαν,
1889 997 1980 1051 καὶ

321 1092 674 1166 ἀπαύγασμα,
733 1088 826 1144 καὶ
883 1086 1057 1164 Λόγον
1106 1086 1241 1143 εἶναι
1289 1091 1387 1143 τοῦ
1435 1088 1644 1159 Πατρὸς
1690 1086 1782 1141 τὸν
1832 1086 1979 1156 Υἱὸν,

323 1180 575 1236 εἶώθὰσιν
637 1177 928 1254 ἐπιλέγειν·
992 1180 1117 1239 Πῶς
1175 1173 1394 1231 δύναται
1450 1180 1612 1231 τοῦτο
1672 1175 1803 1230 εἶναι
1854 1178 1979 1248 (4);

324 1266 508 1344 ὣσπερ
558 1266 620 1324 o6
645 1266 944 1341 δυναμένου
977 1265 1134 1337 εἶναι,
1169 1265 1200 1320 ’ὸ
1234 1265 1311 1338 μὴ
1345 1262 1597 1320 δύνανται
1626 1263 1778 1320 αὐτοὶ
1812 1269 1978 1322 νοεῖν.

323 1361 463 1436 ’Ὥρα
510 1358 614 1434 γὰρ
659 1355 856 1419 αὐτοὺς
913 1356 1000 1411 καὶ
1050 1355 1173 1431 περὶ
1223 1358 1321 1409 τοῦ
1369 1354 1566 1419 παντὸς
1608 1358 1831 1409 τοιαῦτα
1870 1351 1982 1408 δια-

322 1452 562 1511 νοεῖσθαι
595 1465 611 1479 ⁶
662 1449 784 1507 Πῶς
834 1442 1054 1499 δόναται
1102 1446 1138 1514 ἡ
1186 1442 1384 1515 κτίσις,
1432 1444 1508 1516 μὴ
1546 1442 1677 1498 οὖσά
1707 1463 1856 1513 ποτε,
1887 1463 1981 1517 γε-

319 1537 503 1600 νέσθαι
535 1555 550 1605 ;
587 1536 623 1605 ἢ
656 1539 775 1597 πῶς
809 1530 1028 1589 δύναται
1082 1536 1221 1609 χοῦς
1271 1539 1373 1607 γῆς
1422 1524 1728 1601 πλασθῆναι
1761 1530 1980 1607 λογικὸς

320 1625 609 1701 ἄνθρωπος
642 1642 656 1693 ;
689 1623 726 1692 ἢ
757 1627 875 1685 πῶς
918 1623 981 1677 τὸ
1039 1622 1273 1701 φθαρτὸν
1310 1618 1578 1700 ἄφθαρτον
1610 1622 1857 1697 γενέσθαι
1895 1641 1909 1691 ;
1942 1622 1978 1691 ἢ

318 1715 440 1777 πώς
470 1716 508 1785 ἡ
536 1720 606 1789 γῆ
639 1711 729 1768 ἐπὶ
777 1710 1062 1767 Θαλασσῶν
1112 1709 1526 1784 τεθεμελίωται,
1577 1710 1667 1766 καὶ
1699 1709 1786 1766 ἐπὶ
1812 1730 1979 1764 ποτα-

326 1806 446 1877 μῶν
479 1800 775 1876 ἡτοίμασεν
808 1799 975 1869 αὐτήν
1026 1800 1054 1855 6
1103 1798 1277 1867 Θεός;
1328 1798 1429 1856 Καὶ
1483 1798 1677 1855 λοιπὸν
1707 1796 1978 1873 ἐπιλέγειν

317 1889 521 1953 αὐτοὺς
551 1890 781 1952 ὶαυτοῖς·
821 1912 845 1943 ιι
893 1889 1168 1963 Φάγωμεν
1216 1889 1303 1943 καὶ
1346 1889 1559 1961 πίωμεν
1594 1908 1609 1921 ο
1658 1885 1842 1964 αὔριον
1874 1886 1978 1963 γὰρ

315 1980 734 2052 ἀποθνήσκομεν
764 1980 840 2053 (5)
873 1998 886 2011 ⁸
922 2005 944 2033 ι
988 1975 1080 2033 ’ίνα
1130 1974 1409 2048 δηλονοτι,
1459 1976 1831 2055 φθειρομένων
1883 1975 1980 2030 αὐ-

314 2072 450 2141 τῶν,
485 2070 777 2144 συμφθαρῇ
808 2067 899 2122 καὶ
931 2068 967 2137 ἡ
996 2072 1097 2136 τῆς
1126 2066 1383 2141 αἱρέσεως
1413 2065 1589 2121 αὐτῶν
1627 2066 1809 2140 μανία.

2088 649 2216 700 tum
2249 647 2320 701 ad
2353 645 2568 717 impios
2600 646 2970 702 refutandos:
3005 649 3061 703 id
3092 666 3230 722 ergo
3260 667 3326 707 eo
3357 654 3576 721 majore
3598 654 3738 710 fidu-

2091 733 2179 789 cia
2209 733 2790 806 suscepi,quod,cum
2824 740 2979 791 recta
3011 736 3095 793 sis
3127 739 3404 810 praeditus
3435 745 3741 799 conscien-

2090 822 2192 893 tia,
2225 824 2275 879 si
2305 823 2446 895 quid
2479 823 2765 880 omissum
2794 825 2993 894 fuerit,
3026 831 3087 881 tu
3123 828 3248 899 ipse
3275 844 3390 883 non
3419 846 3571 901 aegre
3602 849 3745 904 sup-

2091 910 2295 983 plebis.
2349 910 2551 967 Ariani
2597 912 2701 968 toti
2754 914 2827 969 ad
2874 913 3099 986 seipsos
3148 918 3433 985 conversi,
3484 919 3745 993 nihilque

2091 999 2249 1055 aliud
2284 1017 2473 1072 neque
2516 1002 2670 1072 quod
2704 1006 2867 1057 extra
2917 1003 3074 1074 ipsos
3131 1006 3391 1076 positum
3439 1015 3549 1075 est,
3585 1026 3744 1067 more

2089 1087 2567 1157 Sadduceoruni,
2591 1089 2939 1161 cogitantes,
2962 1091 3216 1147 divinam
3241 1092 3599 1165 Scripturam
3632 1096 3743 1152 hu-

2093 1177 2285 1232 manis
2334 1176 2656 1233 ratiociniis
2700 1179 3056 1250 expendunt.
3088 1183 3231 1235 Cum
3287 1181 3467 1253 igitur
3505 1182 3744 1256 Filium,

2091 1266 2278 1321 Patris
2309 1266 2683 1338 sapientiam,
2709 1267 3101 1339 splendorem,
3136 1272 3193 1324 et
3208 1268 3465 1326 Verbum
3488 1288 3615 1329 esse
3646 1291 3745 1329 au-

2088 1355 2613 1427 diunt,percontari
2637 1354 2953 1427 solent,qui
2975 1357 3130 1412 istud
3158 1363 3343 1429 possit
3364 1375 3492 1415 esse
3522 1379 3537 1417 :
3562 1362 3743 1428 Quasi

2089 1443 2147 1499 id
2181 1461 2307 1501 esse
2333 1462 2448 1500 non
2484 1445 2670 1516 possit
2699 1445 2855 1517 quod
2873 1445 2985 1518 ipsi
3009 1446 3333 1519 intelligere
3356 1464 3469 1503 non
3494 1456 3740 1521 queunt.

2089 1537 2252 1589 Certe
2282 1532 2437 1589 idem
2469 1549 2739 1606 peraque
2770 1548 3091 1607 possumus
3122 1536 3192 1591 de
3222 1536 3491 1595 universo
3521 1541 3745 1597 mundo

2088 1622 2386 1693 inquirere
2420 1640 2433 1678 :
2464 1623 2766 1687 Quomodo
2794 1639 2887 1678 res
2917 1640 3045 1695 qua:
3076 1623 3396 1697 aliquando
3428 1643 3539 1683 non
3593 1634 3743 1700 erat,

2090 1711 2283 1782 potuit
2310 1711 2500 1776 ﬁeri?
2553 1711 2854 1775 Quomodo
2906 1712 3096 1783 pulvis
3141 1719 3306 1769 terra;
3356 1716 3546 1787 potuit
3592 1718 3744 1776 effici

2089 1799 2266 1855 homo
2290 1800 2513 1856 ratione
2534 1800 2814 1872 praeditus
2832 1800 2860 1855 ?
2879 1800 3179 1865 Quomodo
3201 1802 3355 1874 quod
3381 1806 3746 1879 corruptioni

2092 1889 2424 1960 subjectum
2455 1894 2567 1956 est,
2590 1888 2995 1961 incorruptum
3030 1890 3152 1947 fieri
3186 1892 3742 1963 potest?Quomodo

2089 1982 2244 2033 terra
2266 1994 2444 2049 super
2465 1978 2652 2033 maria
2674 1977 2923 2032 fundata
2944 1984 3115 2044 est,et
3134 1996 3310 2052 super
3328 1980 3573 2038 ﬂumina
3595 2001 3737 2056 prae-

2091 2064 2317 2137 paravit
2347 2082 2476 2121 eam
2508 2071 2658 2122 Deus
2682 2066 2775 2121 1’?
2816 2067 3073 2137 Denique
3103 2068 3249 2123 nihil
3280 2068 3439 2125 aliud
3468 2081 3744 2144 superest

321 2176 498 2231 quam
529 2163 597 2217 ut
625 2158 737 2230 ipsi
768 2158 882 2214 sibi
916 2158 1134 2225 dicant,
1167 2180 1195 2207 «
1231 2155 1655 2213 Manducemus
1703 2161 1760 2213 et
1789 2156 2063 2211 bibamus
2090 2171 2103 2222 ;
2137 2171 2265 2211 cras
2313 2154 2471 2210 enim
2522 2155 2844 2211 moriemur
2875 2157 2941 2223 ‘3,
2972 2178 3001 2207 »
3034 2161 3098 2211 ut
3143 2156 3413 2215 videlicet
3443 2161 3741 2234 corruptis

322 2246 468 2314 illis,
497 2247 677 2304 simul
706 2249 1122 2317 corrumpatur
1151 2244 1359 2301 insana
1389 2259 1593 2300 eorum
1625 2244 1885 2300 haeresis.

393 2340 449 2392 2.
484 2336 608 2391 Τῶν
646 2335 738 2408 μὲν
791 2331 882 2388 οὖν
930 2334 1224 2408 Ἀρειανῶν
1277 2331 1470 2403 θνητὸν
1519 2334 1609 2387 καὶ
1654 2330 1884 2409 φθαρτὸν
1914 2330 1976 2384 τὸ

319 2427 571 2478 τοιοῦτον
618 2421 876 2499 φρόνημα
909 2441 921 2453 ·
976 2422 1005 2475 ὁ
1056 2418 1113 2475 δὲ
1159 2423 1257 2490 τῆς
1303 2419 1561 2491 ἀληθείας
1594 2416 1784 2495 λόγος,
1814 2420 1977 2494 ὅνπερ

324 2510 524 2586 ἔπρεπε
578 2511 668 2565 καὶ
721 2510 915 2572 αὐτοὺς
981 2506 1327 2581 διανοεῖσθαι,
1386 2508 1631 2571 τοιοῦτός
1693 2507 1854 2563 ἐστιν’
1918 2506 1982 2561 Εἴ

319 2602 498 2677 πηγὴ,
547 2602 634 2655 καί
691 2604 827 2679 φῶς,
871 2601 957 2654 καί
1012 2601 1196 2673 Πατήρ
1254 2598 1394 2653 ἐστιν
1445 2599 1473 2653 6
1530 2599 1677 2660 Θεὸς.
1733 2598 1792 2660 ςύ
1823 2599 1977 2669 θέμις

322 2691 492 2746 εἰπεὶν
541 2687 665 2744 οὔτε
720 2690 818 2757 τήν
867 2690 1054 2763 πηγὴν
1102 2688 1291 2763 ξηρὰν,
1342 2685 1465 2743 οὔτε
1515 2688 1578 2742 τὸ
1630 2692 1743 2765 φῶς
1799 2687 1976 2762 χωρὶς

323 2780 518 2854 αὐγῆς,
554 2776 679 2833 οὔτε
734 2778 824 2833 τὸν
876 2778 1004 2833 Θεὸν
1057 2778 1233 2854 χωρὶς
1278 2777 1477 2853 Λόγου,
1516 2774 1610 2831 ’ἱνα
1643 2778 1719 2850 μὴ
1753 2773 1978 2854 ἄσοφος,

320 2870 411 2924 καὶ
446 2865 671 2941 ἄλογος,
702 2867 791 2922 καὶ
817 2866 1058 2944 ἀφεγγὴς
1088 2869 1168 2937 (6)
1195 2865 1232 2941 ᾗ
1262 2867 1291 2920 6
1322 2865 1473 2927 Θεός.
1508 2861 1718 2921 Ἀϊδίου
1756 2884 1980 2941 τοιγαρ-

326 2962 420 3012 οῦν
464 2953 618 3019 ὄντος
665 2956 760 3011 τοῦ
810 2956 1043 3031 Πατρὸς,
1092 2956 1300 3029 ἀνάγκη
1358 2954 1449 3010 καὶ
1495 2954 1588 3010 τὸν
1634 2955 1758 3009 Υἱον
1804 2952 1977 3008 ἀὶδιον

326 3046 465 3102 εἶναι
494 3063 506 3076 ·
542 3044 574 3099 ἃ
620 3045 721 3120 γὰρ
767 3044 827 3100 ’ἀν
873 3044 925 3100 ἐν
978 3048 1055 3117 τῷ
1113 3044 1280 3119 Πατρὶ
1336 3045 1645 3117 νοήσωμεν,
1695 3046 1862 3098 ταῦτα
1890 3042 1980 3097 καὶ

329 3134 383 3190 ἐν
413 3137 494 3206 τῷ
524 3131 637 3207 Υὶῷ
666 3134 800 3189 εἶναι
837 3133 936 3190 οὐκ
985 3127 1317 3212 ἀμφίϐολον,
1365 3130 1621 3207 λέγοντος
1670 3130 1833 3187 αὐτοῦ
1884 3134 1982 3186 τοῦ

332 3225 531 3299 Κυρίου
566 3242 579 3256 ο
617 3245 644 3276 α
675 3224 874 3291 Πάντα,
907 3222 1006 3277 ὅσα
1053 3218 1170 3298 ἔχει
1215 3223 1244 3277 6
1292 3223 1499 3298 Πατὴρ,
1529 3219 1636 3294 ἐμά
1666 3220 1796 3290 ἐστι,
1832 3246 1853 3275 ι
1891 3221 1979 3275 καὶ

326 3311 397 3367 τά
444 3310 550 3385 ἐμὰ
598 3311 771 3365 πάντα
818 3310 916 3367 τοῦ
966 3312 1171 3386 Πατρός
1219 3310 1357 3366 ἐστιν
1568 3309 1807 3374 Αἴώνιος
1851 3313 1980 3384 γοῦν

2161 2334 2215 2386 2.
2251 2330 2405 2386 Nihil
2436 2331 2616 2404 igitur
2646 2331 2757 2387 nisi
2811 2331 3054 2389 mortale
3084 2337 3141 2389 et
3187 2340 3528 2407 corruptum
3562 2340 3650 2393 est
3682 2338 3742 2394 in

2089 2420 2197 2476 hac
2228 2421 2574 2476 Arianorum
2607 2422 2994 2477 sententia.At
3023 2423 3281 2479 veritatis
3312 2442 3528 2494 sermo,
3564 2443 3739 2498 quem

2089 2509 2293 2580 utique
2343 2508 2476 2565 illos
2525 2509 2793 2565 meditari
2842 2504 3105 2579 decebat,
3138 2510 3480 2581 hujusmodi
3516 2519 3605 2570 est
3639 2533 3652 2570 :
3685 2515 3742 2571 Si

2089 2597 2240 2665 fons,
2269 2598 2319 2652 si
2366 2597 2485 2666 lux,
2520 2598 2569 2654 si
2603 2599 2765 2653 Pater
2810 2603 2900 2653 est
2948 2603 3119 2667 Deus,
3171 2604 3334 2656 nefas
3381 2608 3535 2658 certe
3579 2605 3738 2661 dictu

2088 2690 2197 2757 cst,
2230 2686 2316 2742 vel
2347 2686 2565 2742 fontem
2594 2687 2847 2757 aridum,
2880 2689 2966 2744 vel
3023 2688 3214 2745 lucem
3248 2690 3376 2746 sine
3407 2691 3741 2765 splendore,

2089 2774 2175 2830 vel
2208 2776 2389 2830 Deum
2436 2776 2563 2831 sine
2594 2776 2785 2831 Verbo
2817 2776 2935 2832 sive
2967 2777 3189 2834 ratione
3233 2796 3398 2848 esse;
3435 2798 3505 2837 ne
3535 2782 3740 2837 videli-

2090 2871 2182 2920 cet
2213 2865 2535 2936 sapientim,
2571 2865 2817 2920 rationis
2849 2870 2905 2921 et
2936 2866 3267 2938 splendoris
3305 2885 3511 2940 expers
3540 2874 3741 2927 creda-

2089 2958 2189 3010 tur
2220 2958 2390 3008 Deus.
2426 2953 2628 3025 Itaque
2675 2952 2811 3023 quia
2840 2958 3093 3009 aaternus
3141 2961 3230 3010 est
3282 2956 3470 3025 Pater,
3504 2975 3743 3015 necesse

2089 3046 2181 3099 est
2210 3041 2422 3098 Filium
2453 3057 2582 3098 esse
2612 3057 2844 3116 quoque
2875 3044 3553 3117 aeternum.Qua:cunque
3582 3048 3738 3105 enim

2089 3131 2147 3187 in
2183 3131 2348 3186 Patre
2379 3146 2507 3186 esse
2554 3129 3036 3197 intellexerimus,
3069 3148 3185 3187 non
3218 3138 3306 3188 est
3350 3134 3741 3192 dubitandum

2092 3220 2234 3292 quin
2291 3218 2408 3274 hinc
2437 3219 2641 3273 eadem
2690 3218 2810 3274 sint
2840 3219 2898 3275 in
2932 3218 3095 3290 Filio,
3124 3237 3258 3275 cum
3304 3221 3429 3293 ipse
3462 3224 3743 3280 Dominus

2092 3307 2249 3364 dicat
2306 3323 2321 3363 :
2386 3330 2413 3359 (ι
2471 3307 2683 3362 Omnia
2734 3324 3098 3380 quaecunque
3153 3308 3328 3365 habet
3383 3311 3572 3380 Pater,
3613 3329 3747 3372 mea

330 3399 474 3456 ἐστιν
507 3401 536 3455 6
568 3403 753 3476 Πατήρ
788 3420 801 3434 ·
833 3399 1053 3463 αἰώνιός
1089 3399 1197 3455 ἐστι
1229 3400 1316 3455 καὶ
1351 3400 1379 3453 6
1411 3398 1535 3461 Υἱός
1560 3417 1573 3432 ⁸
1604 3395 1673 3454 δι’
1694 3398 1858 3454 αὐτοῦ
1879 3398 1978 3476 γὰρ

2096 3402 2237 3453 sunt
2266 3398 2366 3465 ¹⁴,››
2386 3401 2442 3452 et
2474 3411 2604 3452 mea
2633 3398 2833 3452 omnia
2866 3396 3047 3453 Patris
3077 3403 3235 3454 sunt.
3259 3402 3465 3471 Itaque
3494 3406 3747 3459 internus

336 3491 389 3543 oi
416 3489 605 3551 αἰῶνες
648 3489 948 3565 γεγόνασιν.
1008 3492 1103 3544 Ὠν
1154 3488 1294 3545 ἐστιν
1346 3490 1375 3544 6
1428 3490 1613 3563 Πατήρ
1664 3490 1781 3561 (8)·
1826 3487 1985 3565 ἀνάγ-

330 3599 402 3649 κη
440 3580 516 3651 (9)
546 3578 687 3633 καὶ’ὁ
720 3578 862 3647 Υἱὸς,
898 3603 925 3632 ‹‹
959 3579 987 3633 6
1037 3575 1109 3633 ὢν
1145 3576 1229 3633 ἐπὶ
1281 3577 1493 3633 πάντων
1527 3577 1656 3639 Θεὸς
1688 3575 1983 3651 εὐλογητὸς

331 3666 409 3728 εἷς
439 3666 566 3729 τοὺς
614 3666 834 3731 αἰῶνας.
876 3668 932 3722 ’Λ
947 3670 1077 3740 μὴν,
1113 3691 1140 3720 »
1169 3668 1243 3730 ὡς
1276 3666 1420 3722 εἶπεν
1453 3667 1481 3721 6
1515 3664 1757 3729 Παῦλος.
1790 3665 1867 3724 Οὐ
1900 3664 1983 3730 θέ-

331 3777 425 3829 μις
455 3754 624 3810 εἰπεῖν
660 3755 746 3810 ἐπὶ
778 3756 1008 3832 Πατρὸς,
1041 3758 1140 3812 Ἠν
1172 3776 1323 3823 ποτε,
1379 3754 1467 3810 ὅτε
1517 3753 1615 3809 οὐκ
1642 3754 1708 3824 ἧν
1746 3773 1758 3787 ο
1794 3754 1986 3828 ἀθέμι-

324 3864 421 3898 τον
451 3843 621 3899 εἰπεῖν
654 3844 739 3899 ἐπὶ
762 3845 912 3909 Ποῦ,
945 3846 1043 3899 ’Ἠν
1076 3865 1227 3915 ποτε,
1276 3843 1364 3900 ὅτε
1404 3844 1503 3898 οὐκ
1551 3844 1640 3913 ἦν.
1675 3841 1979 3917 Παντοκράο

325 3953 444 4007 τωρ
494 3931 635 3988 ἐστὶν
696 3934 724 3988 6
778 3935 960 4005 Πατήρ
995 3953 1008 3967 ·
1070 3932 1458 4008 παντοκράτωρ
1506 3932 1616 3987 ἐστί
1664 3933 1750 3987 καὶ
1811 3934 1923 4005 (10)
1952 3932 1981 3986 6

324 4022 474 4089 Υἱὸς,
508 4019 765 4096 λέγοντος
811 4026 909 4077 τοῦ
957 4021 1207 4077 Ἰωάννου
1241 4042 1253 4054 ·
1288 4047 1315 4074 ‹‹
1349 4023 1411 4078 Ὀ
1448 4018 1544 4089 ὣν,
1579 4022 1606 4075 6
1635 4021 1724 4091 ἦν,
1758 4022 1787 4075 6
1818 4019 1978 4096 ἐρχό-

329 4130 511 4182 μενος,
540 4110 568 4164 6
598 4110 1008 4187 παντοκράτωρ.
1044 4135 1071 4163 ››
1127 4116 1256 4173 Φῶς
1283 4108 1422 4166 ἐστιν
1473 4109 1502 4164 6
1550 4111 1758 4185 Πατὴρ,
1808 4108 1980 4164 ἀπαύ-

327 4219 514 4274 γασμα
543 4199 571 4253 6
620 4195 744 4262 Υἱός
798 4201 887 4256 καὶ
935 4204 1050 4268 φῶς
1091 4200 1374 4273 ἀληθινόν,
1429 4196 1739 4270 ’Δληθίνόν,
1789 4198 1920 4260 Θεὸς
1950 4198 1978 4251 6

2094 3491 2185 3542 est
2215 3486 2383 3542 Pater
2413 3502 2426 3541 :
2460 3490 2711 3541 internus
2761 3486 2898 3541 item
2930 3490 3019 3541 est
3049 3485 3265 3556 Filius;
3300 3488 3594 3560 siquidem
3644 3508 3747 3563 per

2093 3573 2259 3630 illum
2312 3574 2461 3631 facta
2509 3579 2650 3629 sunt
2696 3573 2907 3630 saecula
2938 3575 3001 3611 ¹³ο
3035 3574 3183 3632 Vere
3230 3580 3320 3634 est
3364 3578 3580 3636 Pater:
3613 3597 3746 3638 vere

2093 3678 2326 3736 quoque
2358 3664 2688 3720 necessario
2719 3670 2809 3721 est
2840 3664 3078 3733 Filius,«
3105 3667 3203 3737 qui
3228 3671 3318 3723 est
3347 3685 3525 3740 super
3545 3671 3747 3729 omnia

2092 3754 2247 3810 Deus
2270 3753 2613 3809 benedictus
2638 3754 2696 3809 in
2717 3755 2950 3824 saecula,
2978 3760 3220 3824 Amen,»
3243 3760 3307 3811 ut
3332 3757 3414 3812 ait
3434 3758 3654 3815 Paulus
3678 3761 3744 3817 ιο.

2091 3843 2216 3899 Non
2249 3842 2385 3899 licet
2414 3843 2486 3897 de
2516 3846 2687 3898 Patre
2718 3844 2928 3910 dicere,
2954 3844 3086 3899 Fuit
3115 3843 3432 3916 aliquando
3463 3862 3595 3903 cum
3629 3865 3746 3905 non

2090 3935 2247 3988 esset
2279 3948 2291 3986 :
2327 3931 2489 3986 nefas
2518 3930 2795 3986 similiter
2823 3936 2912 3987 est
2956 3932 3027 3986 de
3058 3930 3202 3987 Filio
3233 3932 3442 4001 dicere,
3478 3935 3610 3990 Fuit
3639 3934 3745 3991 ali-

2090 4021 2327 4092 quando
2378 4035 2507 4075 cum
2556 4036 2669 4075 non
2718 4025 2895 4076 esset.
2944 4020 3330 4093 Omnipotens
3385 4026 3475 4078 est
3526 4023 3744 4081 Pater:

2089 4109 2461 4182 omnipotens
2493 4109 2668 4164 etiam
2699 4113 2789 4165 est
2816 4109 3187 4176 Filius,547
3223 4111 3449 4168 Joanne
3480 4112 3745 4171 dicente:

2089 4222 2116 4249 «
2153 4198 2260 4265 Qui
2294 4204 2404 4270 est,
2437 4198 2538 4269 qui
2590 4203 2717 4254 erat
2745 4204 2804 4254 et
2852 4200 2954 4270 qui
3003 4204 3286 4257 venturus
3337 4203 3447 4271 est,
3475 4201 3741 4274 omnipo-

404 4369 451 4404 ¹¹
479 4368 629 4424 Psal.
658 4387 821 4437 χχιιι,
850 4372 905 4427 2.
986 4372 1029 4407 ¹³
1060 4372 1081 4428 I
1109 4374 1236 4428 Cor.
1269 4387 1362 4439 xv,
1394 4371 1484 4427 32.
1562 4371 1606 4405 ¹⁴
1631 4371 1802 4427 Joan.
1834 4385 1954 4437 xw,

2151 4368 2197 4405 1³
2227 4368 2400 4425 Hebr.
2431 4384 2472 4434 1,
2501 4368 2557 4422 2.
2634 4368 2677 4404 ¹⁶
2708 4368 2871 4425 Rom.
2905 4385 2983 4439 ιιι,
3013 4370 3067 4425 5.

330 4534 479 4676 δὲἓθ)
507 4536 599 4590 εἶθ
625 4537 837 4608 Regius
867 4542 925 4593 et
953 4539 1290 4611 Seguerian.
1324 4542 1400 4593 At
1447 4538 1544 4594 alii
1590 4541 1650 4593 et
1678 4536 1840 4605 editi,
1874 4532 1980 4590 διε·

426 4623 571 4661 αντο.

426 4623 571 4661 αντο.

403 4647 746 4754 (ἱϊέᾢῦίωπ
782 4684 843 4754 et
869 4679 1124 4754 Felclgm.
1161 4682 1213 4749 1,
1244 4676 1443 4754 λέγειν.
1477 4681 1608 4737 Mox
1639 4680 1759 4754 haec
1787 4679 1985 4745 verba,
2020 4647 2063 4712 Β

546 4748 607 4803 οὐ
648 4746 949 4822 δυναμένου
1002 4751 1161 4822 εἷσαι,
1199 4746 1431 4808 absunt
1475 4754 1547 4808 ab
1599 4751 1897 4823 Anglican.
1930 4755 1987 4806 et

432 4836 464 4874 ο
513 4862 524 4874 .

383 4826 524 4874 ttob.

406 4892 483 4960 (5)
517 4892 742 4966 Ιῖρςὶιιε.Δ
784 4892 1232 4966 ἀποθνήσκωμεν.
1284 4896 1428 4949 Item
1483 4892 1698 4966 ibidem
1744 4894 1982 4966 Regius,

332 4962 569 5032 Seguer.
600 4962 931 5034 Goblerian.
962 4961 1019 5021 et
1049 4961 1422 5034 Felckmanni
1457 4967 1505 5032 1,
1553 4961 1985 5034 δηλονότιξϐω-

335 5031 444 5112 teri
482 5031 938 5112 P_i:-f‘dl_t_i._8‘7;lov
970 5034 1029 5091 ἂν
1058 5033 1169 5112 εἴη,
1201 5038 1306 5112 ὅτι.
1340 5041 1463 5093 Mox
1495 5031 1707 5109 Regius
1737 5036 1983 5112 συμφθα-

337 5107 426 5180 ρῇ.
456 5104 564 5158 Alii
613 5107 893 5179 editique,
929 5104 1369 5186 συμφθάήσεται

410 5178 481 5236 (6)
514 5176 801 5235 Basilicus
861 5180 1110 5236 Felckin.
1143 5127 1179 5236 Ξ
1208 5187 1264 5236 et
1287 5182 1369 5236 edi

410 5178 481 5246 (6)
514 5176 830 5254 Basilicus
861 5176 1110 5254 Felcki'n,
1143 5176 1179 5236 2
1205 5176 1264 5237 et
1287 5180 1462 5254 editio
1493 5178 1770 5254 Commel.
1820 5177 1984 5254 ἀφεγ-

333 5247 1031 5341 γήξηριιξξαυοιζιιδίἀθω
1129 5255 1294 5341 abest
1321 5271 1352 5307 a
1385 5252 1524 5341 Reg.
1548 5257 1605 5306 et
1635 5247 1875 5341 Soguer.

411 5320 487 5389 (7)
546 5318 674 5396 Hac
720 5324 925 5396 verba,
984 5316 1095 5377 καὶΓ
1129 5325 1197 5377 τὰ
1252 5322 1358 5396 ἐμα
1408 5316 1582 5396 πάντα
1610 5316 1744 5375 ,τοῖἷ
1774 5316 1986 5396 Πατρός

334 5385 622 5468 legique;
639 5385 1017 5468 habentlieg.
1049 5385 1384 5468 Segueri'an.
1417 5394 1718 5468 Anglican.
1753 5385 1984 5468 Gobler.

335 5467 393 5537 et
419 5461 565 5537 Felc.
604 5464 655 5531 1,
680 5484 745 5519 ac
777 5465 914 5537 legit
942 5461 1459 5537 Nanniixs,desunt
1487 5461 1549 5521 in
1570 5465 1704 5522 aliis
1720 5462 1985 5520 eteditis.

334 5531 530 5612 Paulo
544 5540 679 5612 post
708 5535 798 5612 καί
828 5531 995 5612 abest
1026 5557 1060 5595 a
1086 5531 1296 5612 Begiet
1319 5537 1655 5612 Seguerian.

406 5604 483 5675 (8)
514 5598 644 5685 Haec
674 5610 850 5685 verba
880 5609 908 5663 6
940 5598 1424 5685 Πατήρ’νάνάγκῆ’
1467 5608 1620 5685 x126
1647 5606 1797 5685 ὶξιὸς,
1827 5605 1856 5659 6
1888 5598 1985 5685 ῶν,

334 5673 551 5756 desunt
584 5679 639 5734 in
674 5679 860 5756 Regio,
897 5686 962 5756 et
1008 5673 1243 5756 Ser-guer.
1294 5673 1516 5756 Ibidem
1571 5679 1632 5735 in
1663 5673 1988 5756 Iiegio._Se-

333 5748 640 5822 gueriano,
674 5767 741 5807 ac
761 5748 942 5810 'e'ditis
973 5748 1272 5824 scribitur,
1304 5754 1378 5808 ὧν
1410 5750 1519 5808 ἔστι
1546 5752 1682 5809 :sed
1707 5748 1987 5807 mendum

2093 4539 2203 4614 est,
2236 4538 2300 4614 ut
2321 4533 2575 4614 videtur,
2608 4533 3126 4614 scribendumque,
3159 4528 3232 4589 ὥν
3269 4534 3409 4614 ἐστιν
3450 4536 3478 4590 ὁ
3528 4538 3739 4614 ῌατήρ,

2096 4612 2161 4680 ut
2190 4606 2363 4674 exigit
2393 4623 2624 4680 sensus.
2660 4606 2789 4662 Mox
2814 4606 3053 4680 Regius
3082 4610 3497 4680 Seguerianus,
3531 4606 3741 4666 Goble-

2096 4678 2301 4752 rjan‘us
2348 4678 2824 4752 et_l_"elckm_anni
2887 4678 3138 4752 primus,
3162 4678 3400 4752 habent,
3434 4680 3510 4743 ὡς
3544 4680 3684 4735 εἶπεν
3717 4681 3745 4734 ὁ

2098 4746 2336 4810 Παῦλος.
2371 4748 2480 4803 Alii
2513 4754 2570 4805 et
2598 4750 2760 4817 editi,
2794 4746 3041 4813 ὡςέἶπεν
3069 4752 3096 4804 6
3126 4750 3484 4811 Ἀπόστολος.
3520 4752 3743 4808 Ibidem

2095 4826 2227 4893 post
2258 4819 2676 4893 eépicﬁegius,
2713 4824 3053 4893 Seguerian.
3097 4824 3321 4879 Gobler.
3382 4829 3440 4878 et
3487 4821 3743 4879 Felckm.

2096 4888 2346 4964 primus.
2380 4888 2471 4945 οὖν
2504 4888 2830 4950 Emittunt":
2856 4901 2911 4949 at
2944 4895 3037 4949 alii
3072 4900 3127 4947 et
3158 4894 3318 4961 editi,
3348 4895 3595 4949 addunt.
3615 4894 3746 4950 Mox

2094 4965 2235 5019 item
2270 4965 2504 5034 Regius.
2538 4966 2896 5035 Seguerian._
2933 4964 3266 5035 Goblerian.
3310 4973 3367 5019 et
3406 4965 3655 5020 Felckin.
3692 4968 3746 5032 1,

2095 5033 2387 5109 omittunt,
2415 5036 2534 5090 haec
2585 5033 2778 5102 verba,
2812 5033 3051 5109 966th?
3095 5036 3233 5109 rios,
3270 5054 3398 5109 qua:
3431 5037 3485 5091 in
3520 5035 3653 5092 aliis
3687 5040 3746 5093 et

2095 5107 2269 5163 editis
2300 5108 2593 5179 habentur
2641 5113 2787 5179 post,
2822 5105 3183 5179 ἐπὶ-Πατρός.
3235 5105 3370 5175 om
3417 5113 3750 5179 sequuntur

2096 5179 2337 5242 ibidem,
2388 5177 2656 5248 ἀθέμιτον
2688 5177 2856 5233 εἰπεῖν
2911 5177 2999 5232 ἐπὶ
3040 5177 3186 5247 ficii,
3214 5183 3315 5235 Ἠν
3346 5177 3617 5248 ποτε,ὅτε
3647 5178 3747 5233 οὐκ

2095 5248 2162 5318 ἧν
2196 5268 2258 5305 ex
2294 5266 2402 5303 ms.
2438 5249 2614 5320 Regio
2646 5251 3032 5308 restituimus.

2168 5319 2695 5405 ίεῗὶηιθετῗθβθάγκβο
2752 5393 2782 5405 -
2936 5398 2968 5405 _
3160 5394 3172 5405 .
3333 5394 3367 5405 -
3417 5393 3467 5405 ..
3542 5392 3554 5405 .

2170 5392 2281 5515 (10)
2318 5389 2607 5474 Kaldeest
2636 5389 2693 5447 in
2750 5393 2882 5475 Reg.
2935 5394 3275 5466 Seguerian.
3327 5392 3658 5477 Goblerian.
3692 5397 3750 5476 et

2098 5466 2169 5517 Fe
2196 5464 2332 5537 cui.
2370 5464 2588 5519 Ibidem
2646 5464 3054 5537 Goblerlanus,
3112 5472 3174 5537 et
3218 5466 3590 5537 Felckmanm
3625 5480 3748 5537 prl-

2099 5549 2233 5606 mus
2266 5530 2542 5606 λέγοντος,
2569 5537 2665 5606 τοῦ
2705 5533 2973 5606 Ἰωάννου,
3136 5531 3233 5601 ὤν,
3289 5542 3399 5606 etc.
3437 5536 3545 5591 Alii
3580 5530 3745 5602 m—ssq

2099 5601 2359 5682 λέγοντος
2388 5608 2485 5682 10:3
2506 5605 2811 5682 ’ξιωάννοιη
2858 5601 2986 5682 τάδε
3010 5605 3199 5682 λέγει,
3239 5607 3295 5660 '0
3326 5602 3427 5675 ὤν,
3456 5614 3568 5665 etc.
3590 5601 3748 5665 Editi

2099 5673 2357 5751 λέγοντος
2382 5679 2478 5731 τοῦ
2506 5676 2776 5732 Ἰωάννου·
2794 5673 2935 5734 ⁷τόδε
2964 5673 3131 5754 λέγει,
3160 5685 3268 5737 etc.
