4076 6328
376 367 490 428 611
923 366 988 426 S.
1035 363 1460 427 ATHANASII
1504 361 1676 427 OPP.
1723 359 1922 426 PARS
1965 357 2014 423 Ῐ.
2047 393 2128 408 -
2169 357 2586 428 HISTORIGA
2627 360 2729 427 ET
2773 362 3255 432 D‘OGMATICA.
3669 364 3791 433 612

377 505 510 556 tens
541 499 606 556 ‘7.
642 522 671 551 ιο
706 499 829 556 Lux
857 502 946 556 est
991 503 1164 556 Pater
1195 515 1208 554 :
1241 497 1520 569 splendor
1565 503 1624 554 et
1649 497 1749 554 lux
1773 511 1908 552 vera
1935 499 2012 552 est

2143 495 2354 570 Πατὴρ,
2405 493 2661 566 ἀληθινὸς
2707 497 2835 559 Θεὸς
2884 499 2914 554 6
2962 493 3105 561 Υἱόςο
3151 495 3294 556 οὕτω
3343 499 3502 576 γάρὸ
3535 501 3790 572 Ἰωάννης

379 589 583 646 Filius.
616 589 772 646 Deus
799 605 971 648 verus
1001 592 1090 644 est
1136 591 1307 644 Pater
1337 603 1350 643 :
1387 592 1538 644 Deus
1567 603 1739 644 verus
1769 589 1860 642 est
1889 600 2012 658 quot

2141 576 2364 659 ἔγραψεν
2401 601 2414 614 °
2447 607 2476 634 «
2508 585 2699 658 Ἐσμὲν
2757 585 2808 640 ἐν
2857 591 2936 658 τῷ
2978 584 3248 658 ἀληθινῷ,
3281 584 3332 640 ἐν
3381 590 3460 658 τῷ
3489 586 3598 660 Υἱῷ
3627 585 3792 643 αὐτοῦ

381 695 498 754 que
525 677 730 735 Filius.
753 678 840 734 Ita
868 677 1023 734 enim
1055 675 1292 748 scripsit
1320 677 1574 734 Joannes
1607 692 1622 732 :
1659 696 1687 727 κ
1718 675 1938 731 Sumus
1969 672 2012 728 ir

2139 671 2322 741 Ἰησοῦ
2379 675 2616 746 Χριστῷ.
2675 673 2843 736 Οὗτός
2889 673 3029 729 ἐστιν
3097 675 3124 728 6
3175 673 3434 746 ἀληθινὸς
3492 677 3644 746 Θεὸς,
3701 674 3790 732 κᾶὶ

331 839 334 842 ἢ
381 784 538 835 vero,
563 768 622 823 in
653 766 795 824 Filio
823 767 954 839 ejus
979 767 1119 823 Jesu
1149 766 1398 822 Christo.
1431 765 1534 822 Hic
1559 769 1645 822 est
1672 779 1846 820 verus
1876 763 2012 819 Deut

2141 760 2254 830 ζωή
2287 762 2322 830 ἡ
2353 761 2470 834 (11)
2495 760 2738 824 αἰώνιος.
2769 785 2798 813 ››
2833 763 2926 818 Καὶ
2980 761 3126 824 ὅλως
3170 760 3326 819 οὐδὲν
3381 763 3547 838 ἐστιν,
3597 766 3642 820 ὧ
3672 761 3792 842 ἔχει

378 863 434 914 et
467 857 584 914 vita
611 863 826 912 aeterna
855 855 951 913 η.»
987 855 1253 927 Denique
1282 854 1428 910 nihil
1459 853 1638 911 habet
1665 851 2012 925 Pater,quoc‘

2138 849 2167 904 6
2195 850 2403 924 Πατὴρ,
2428 848 2459 905 6'
2491 851 2569 923 μή
2601 855 2697 906 τοῦ
2739 851 2869 906 Υἱοῦ
2917 850 3048 910 ἐστι.
3100 853 3198 907 Διᾶ
3242 857 3404 910 τοῦτο
3451 853 3555 930 γὰρ
3605 855 3632 909 6
3667 856 3792 918 Υἱὸς

378 963 494 1002 non
519 947 598 1002 sit
627 943 779 1002 Filii.
815 945 1035 1002 Idcirco
1063 944 1222 1001 enim
1257 944 1438 1003 Filius
1482 943 1541 1000 in
1573 948 1744 1000 Patre
1773 947 1832 998 et
1864 943 2012 999 Patei

2137 937 2190 993 ἐν
2219 943 2300 1011 τῷ
2331 940 2524 1015 Πατρὶ,
2555 939 2647 996 καὶ
2688 941 2716 995 6
2755 941 2938 1016 Πατὴρ
2985 939 3037 996 ἐν
3089 945 3168 1014 τῷ
3198 942 3308 1014 Υἱῷ
3332 961 3344 975 ·
3379 940 3568 1013 ἐπειδὴ
3600 944 3672 1000 τὰ
3692 948 3791 1000 τοῦ

375 1033 436 1090 in
467 1031 612 1089 Filio
642 1032 901 1106 est,quia
927 1049 1053 1104 quis
1081 1035 1222 1089 sunt
1236 1031 1573 1097 Patris,hsrc
1603 1031 1663 1086 in
1697 1029 1838 1086 Filio
1865 1037 2012 1099 sunt|

2136 1029 2372 1104 Ιίατρὸς,
2402 1033 2570 1085 ταῦτα
2621 1027 2672 1085 ἰν
2720 1035 2799 1102 τῷ
2849 1031 2959 1105 ΙἽῷ
3013 1028 3146 1102 ἐστι,
3201 1031 3293 1087 καὶ
3337 1030 3504 1088 πάλιν
3535 1037 3702 1090 ταῦτα
3732 1033 3784 1089 ἰν

376 1127 436 1180 et
477 1137 684 1178 rursus
731 1121 936 1178 eadem
984 1121 1042 1178 in
1091 1124 1260 1178 Patre
1307 1119 1735 1193 intelliguntur.
1771 1121 1857 1175 lta
1885 1134 2012 1175 sani

2135 1121 2215 1189 τῷ
2244 1117 2416 1192 Ηατρὶ
2463 1123 2686 1177 νοεῖται.
2731 1117 2889 1176 Οὕτω
2935 1120 3136 1176 νοεῖτᾶι
3185 1121 3273 1176 καὶ
3318 1121 3381 1176 τὸ
3412 1124 3546 1195 (l2),
3583 1144 3616 1175 cr
3644 1123 3788 1198 Ἐγὼ

375 1211 534 1267 istud
549 1209 799 1283 intelligi
821 1209 992 1268 debet
1017 1227 1066 1266 :a
1093 1211 1204 1280 Ego
1225 1213 1283 1266 et
1301 1210 1472 1266 Pater
1493 1226 1678 1266 unum
1700 1224 1908 1265 sumus
1923 1209 2012 1276 ",i

2132 1205 2224 1260 καὶ
2255 1205 2283 1260 6
2317 1207 2503 1280 Πατὴρ
2527 1204 2583 1262 ’ἐν
2625 1205 2807 1281 ἐσμεν.
2839 1232 2866 1259 ››
2918 1206 3106 1280 ἐπειδὴ
3163 1207 3262 1264 οὐκ
3309 1208 3452 1266 ἄλλα
3506 1209 3559 1266 ἐν
3585 1211 3786 1286 τούτῳ,

375 1299 517 1373 quia
543 1316 658 1355 non
690 1298 807 1356 alia
835 1299 1053 1356 suntin
1080 1303 1248 1354 Patre
1279 1304 1337 1355 et
1365 1299 1480 1353 alia
1511 1298 1569 1353 in
1607 1297 1872 1369 Filio,sed
1897 1314 2012 1370 qua

2133 1296 2222 1350 καὶ
2257 1294 2401 1352 ἄλλα
2429 1294 2481 1352 ἐν
2510 1301 2591 1370 τῷ
2620 1297 2730 1369 rh};
2761 1317 2774 1330 ·
2830 1295 2975 1354 ἀλλὰ
3009 1299 3076 1354 τὰ
3126 1297 3180 1354 ἐν
3208 1303 3288 1372 τῷ
3315 1299 3508 1376 ΙΙατρὶ,
3538 1305 3706 1356 ταῦτα
3734 1301 3788 1357 ἐν

374 1389 436 1445 in
470 1390 635 1446 Patre
663 1391 824 1460 sunt,
855 1389 1058 1444 eadem
1090 1391 1229 1444 sunt
1258 1387 1314 1442 in
1355 1387 1512 1443 Filio.
1539 1388 1700 1444 Unde
1729 1386 1868 1459 quia
1897 1403 2012 1457 qua

2131 1388 2212 1457 τῷ
2248 1386 2354 1458 Υἱῷ
2405 1383 2538 1444 ἐστι.
2595 1388 2689 1441 Καὶ
2742 1389 2776 1441 ἅ
2829 1386 3050 1464 βλέπεις
3103 1385 3160 1443 δὲ
3212 1387 3266 1443 ἐν
3301 1393 3380 1461 τῷ
3422 1388 3612 1466 "mp",
3642 1390 3786 1446 insi-

374 1478 432 1533 in
467 1482 635 1534 Patre
667 1478 848 1544 vides,
866 1477 1028 1532 vides
1050 1493 1284 1549 quoque
1307 1476 1366 1531 in
1404 1475 1564 1543 Filio,
1588 1480 1740 1532 recte
1761 1473 1902 1530 illud
1935 1475 2012 1530 in-

2135 1471 2204 1542 δὴ
2238 1477 2349 1548 (13)
2385 1473 2605 1550 βλέπεις
2649 1473 2700 1530 ἐν
2751 1480 2831 1549 τῷ
2881 1477 3011 1550 Υἱῴ,
3065 1477 3270 1534 voci-tau
3320 1475 3509 1543 καλῶς
3536 1478 3620 1549 τὸ,
3653 1505 3682 1532 ι(
3725 1481 3787 1538 Ὁ

373 1565 679 1639 telligitur,
713 1587 741 1616 ιι
771 1565 881 1630 Qui
909 1564 1064 1620 videt
1093 1578 1208 1635 me,
1239 1565 1393 1620 videt
1425 1569 1652 1621 Patrem
1685 1565 1752 1622 9°.
1782 1586 1810 1615 »

2134 1561 2231 1636 ἐμὲ
2261 1563 2519 1639 ἑωρακὼς
2550 1566 2756 1640 ἑώρακε
2782 1566 2874 1621 τὸν
2905 1565 3132 1641 Πατέρα.
3169 1592 3196 1619 ››

441 1654 607 1711 3.His
637 1671 773 1726 ergo
804 1653 886 1709 ita
915 1653 1526 1724 contirmatis,impius
1555 1653 1683 1710 sine
1715 1653 1895 1709 dubio
1926 1652 2024 1710 ille

373 1743 682 1800 habendus
709 1746 800 1800 est
819 1741 921 1814 qui
956 1741 1162 1798 Filium
1194 1758 1314 1797 rem
1347 1747 1602 1798 creatam
1635 1758 1763 1798 esse
1782 1746 2020 1800 conten-

2203 1656 2255 1710 3.
2283 1651 2504 1711 Τούτων
2564 1650 2622 1710 δὶ
2679 1653 2822 1710 οὕτω
2881 1652 3264 1730 δεικνυμένων,
3321 1652 3524 1728 ἀσεϐής
3575 1656 3716 1713 ἐστιν
3757 1659 3786 1714 6

2133 1742 2308 1818 λέγων
2359 1743 2562 1817 κτίσμα
2607 1745 2739 1800 εἶναι
2792 1747 2907 1819 (14)
2954 1746 3045 1801 τὸν
3089 1744 3237 1804 Υἱόν.
3285 1746 3781 1824 Ἀναγκασθήσεται

371 1832 478 1887 dit.
512 1831 660 1891 Hinc
689 1831 848 1888 enim
896 1829 1062 1886 fateri
1093 1836 1333 1904 cogetur
1386 1847 1507 1887 rem
1538 1836 1792 1888 creatam
1825 1831 2012 1904 ipsum

2131 1833 2235 1907 γὰρ
2267 1831 2436 1888 εἰπεῖν
2458 1831 2660 1906 κτίσμα
2711 1833 2803 1888 καὶ
2849 1833 2948 1903 τὴν
2999 1835 3184 1910 πηγὴν
3241 1833 3529 1911 βρύουσαν,
3580 1834 3786 1910 κτίσμα

371 1937 606 1994 quoque
635 1936 766 1976 esse
795 1921 1036 1987 fontem,
1066 1920 1220 1976 unde
1249 1923 1486 1976 emanat
1510 1925 1703 1976 creata
1731 1921 2012 1994 sapientia

2131 1923 2229 1991 τήν
2265 1921 2473 1999 σοφίαν,
2503 1921 2594 1976 τὸν
2650 1921 2850 1997 Λόγον,
2902 1922 2955 1980 ἐν
3011 1923 3058 1996 ᾧ
3107 1922 3218 1979 ἐστι
3247 1923 3423 1980 πάντα
3445 1923 3516 1980 τὰ
3542 1929 3640 1980 τοῦ
3671 1926 3786 1983 Ha-

369 2015 428 2065 et
463 2010 714 2066 Verbum
765 2010 822 2065 in
856 2026 971 2082 quo
1015 2009 1238 2076 omnia,
1273 2026 1401 2081 quas
1449 2010 1640 2065 Patris
1677 2015 1836 2081 sunt,
1869 2009 2021 2066 exsi-

369 2102 557 2155 stunt.
575 2097 856 2154 Praeterea
875 2096 966 2154 vel
989 2113 1056 2154 ex
1079 2096 1173 2152 his
1195 2097 1608 2170 comprehendi
1633 2103 1822 2170 potest
1843 2113 2020 2171 quam

369 2185 556 2242 futilis
579 2187 656 2242 sit
671 2186 1012 2243 Arianorum
1037 2186 1522 2259 haeresisNempe
1537 2203 1786 2260 quorum
1809 2204 2020 2244 sumus

369 2275 615 2342 similes,
648 2277 912 2332 eamdem
945 2291 1176 2348 quoque
1206 2291 1383 2346 quam
1417 2275 1503 2332 illi
1533 2281 1804 2332 naturam
1837 2276 2019 2332 habe-

370 2370 707 2437 mus,atque
737 2367 880 2421 adeo
909 2365 1449 2422 consubstantiales
1477 2383 1709 2422 sumus.
1733 2367 1879 2432 Quia
1910 2367 2019 2440 igi-

369 2460 467 2512 tur
494 2455 766 2511 homines
795 2455 1022 2511 similes
1049 2472 1260 2510 sumus
1283 2460 1340 2510 et
1367 2455 1571 2511 eadem
1604 2456 1774 2512 nobis
1802 2461 1892 2512 est
1923 2474 2020 2512 na-

368 2549 503 2601 tura
535 2562 548 2600 :
581 2559 792 2600 sumus
823 2543 1036 2599 idcirco
1065 2543 1312 2599 invicem
1345 2545 2019 2602 consubstantiales.Ea-

371 2634 503 2690 dem
555 2632 711 2688 enim
761 2633 1038 2689 omnibus
1084 2639 1174 2688 est
1222 2633 1508 2702 mortalis,
1541 2635 1860 2706 corruptio,
1895 2651 2021 2690 mu-

371 2721 647 2790 tabilitas,
681 2726 738 2777 et
767 2723 927 2792 origo
958 2737 1028 2777 ex
1057 2721 1260 2777 nihilo.
1295 2722 1495 2794 Angeli
1531 2723 1744 2795 pariter
1773 2724 1927 2779 inter
1955 2741 2018 2781 se

367 2810 599 2884 aliaque
647 2811 846 2866 omnia
893 2815 1114 2866 natura:
1142 2810 1532 2867 similitudine
1579 2829 1776 2868 secum
1809 2830 2016 2870 conve-

366 2901 555 2956 niunt.
578 2901 926 2956 Scrutentur
955 2916 1092 2971 ergo
1123 2898 1394 2956 homines
1424 2899 1557 2972 plus
1589 2918 1753 2973 aequo
1775 2903 2014 2970 curiosi,

365 2990 417 3046 si
446 2991 598 3046 inter
629 2987 840 3045 Filium
872 2994 929 3046 et
959 3006 1050 3046 res
1081 2994 1308 3046 creatas
1338 2990 1784 3063 intersitaliqua
1811 2991 2014 3048 simili-

367 3078 530 3145 tudo,
564 3077 648 3134 vel
683 3077 733 3133 si
763 3094 851 3148 ea,
882 3095 1010 3150 qua:
1057 3077 1115 3132 in
1154 3076 1291 3133 Filio
1340 3082 1500 3148 sunt,
1529 3079 1588 3134 in
1623 3080 1796 3136 rebus
1847 3081 2014 3138 factis

366 3165 620 3238 reperire
649 3165 896 3238 possint,
927 3183 1044 3238 quo
1094 3165 1213 3222 illis
1260 3165 1433 3223 liceat
1460 3167 1714 3224 Verbum
1759 3168 1858 3225 Dei
1888 3186 2008 3226 rem

367 3258 622 3312 creatam
670 3254 982 3327 appellare.
1016 3255 1226 3311 Verum
1256 3255 1312 3310 id
1365 3273 1667 3328 nunquam
1715 3257 2013 3316 invenient

366 3343 474 3400 viri
504 3359 789 3416 perquam
837 3343 1132 3400 temerarii
1163 3348 1338 3417 atque
1367 3363 1401 3401 a
1430 3362 1566 3402 vera
1592 3346 1806 3420 pietate
1835 3349 2007 3406 aber-

366 3432 742 3490 rantes.Nam
775 3430 833 3486 in
868 3433 1043 3488 rebus
1073 3432 1284 3488 creatis
1314 3432 1460 3490 nihil
1493 3439 1582 3494 est
1609 3437 2005 3509 omnipotens,

365 3520 646 3594 nullaque
691 3522 746 3576 in
781 3521 1023 3577 alterius
1069 3523 1167 3578 sed
1201 3522 1388 3578 solius
1435 3525 1528 3580 Dei
1581 3532 1672 3580 est
1702 3531 2003 3597 potestate.

363 3609 662 3682 Siquidem
697 3633 724 3660 ‹‹
757 3609 882 3665 caeli
913 3601 1188 3666 enarrant
1215 3611 1460 3683 gloriam
1499 3614 1593 3669 Dei
1625 3614 1668 3648 ³⁸
1691 3634 1742 3680 ς»
1765 3619 1880 3686 et,«
1901 3617 2007 3673 Do-

363 3696 508 3755 mini
537 3704 627 3756 est
654 3705 810 3755 terra
834 3711 892 3755 et
922 3699 1220 3771 plenitudo
1250 3701 1378 3771 ejus
1404 3701 1638 3758 ".Mare
1669 3704 1816 3760 vidit
1843 3710 1902 3760 et
1922 3707 2007 3762 l‘u-

361 3787 449 3860 git
477 3789 540 3843 ²³.
577 3810 607 3839 ››
639 3787 848 3844 Omnia
897 3790 1150 3861 denique
1195 3791 1440 3846 creatori
1488 3792 1870 3860 famulantur,
1919 3793 2008 3851 fa-

363 3877 642 3949 ciuntque
663 3879 905 3934 verbum
939 3879 1068 3950 ejus
1089 3880 1154 3944 ",
1185 3885 1244 3935 et
1263 3880 1389 3948 ejus
1414 3881 1687 3938 mandato
1707 3883 2006 3940 obediunt.

360 3970 436 4023 At
469 3965 644 4022 Filius
675 3967 1050 4039 omnipotens
1079 3972 1186 4038 est,
1219 3972 1284 4022 ut
1316 3969 1502 4034 Pater,
1536 3973 1688 4040 quod
1724 3971 1924 4044 utique
1955 3979 2012 4029 et

358 4055 644 4130 scriptum
676 4061 735 4113 et
763 4060 1064 4112 ostensum
1086 4062 1194 4113 est.
1222 4057 1364 4112 Item
1397 4057 1543 4114 nihil
1575 4058 1726 4116 inter
1745 4077 1839 4116 res
1859 4079 2013 4120 crea-

355 4149 448 4203 tas
480 4149 692 4203 natura
739 4145 1111 4201 immutabile
1157 4150 1264 4202 est.
1301 4146 1602 4218 Siquidem
1651 4148 1890 4220 quidam
1944 4167 2014 4208 ex

358 4231 584 4305 angelis
614 4233 881 4290 ordinem
913 4249 1089 4288 suum
1124 4249 1236 4290 non
1270 4239 1649 4292 servaverunt
1667 4235 1848 4308 ",et,«
1873 4238 2012 4295 stel-

358 4319 426 4375 las
457 4337 573 4376 non
604 4325 744 4377 sunt
770 4321 1004 4377 mundte
1027 4321 1085 4376 in
1109 4327 1423 4394 conspectu
1449 4325 1578 4396 ejus
1600 4325 1646 4361 ³⁸
1671 4343 1724 4382 :n
1744 4326 2014 4386 diabolus

361 4424 391 4462 e
423 4407 587 4464 caelis
619 4409 850 4476 cecidit,
883 4411 1067 4466 Adam
1099 4411 1512 4483 praevaricatus
1550 4418 1639 4470 est
1671 4431 1684 4468 :
1721 4421 2015 4488 postremo

2127 2008 2278 2084 τρός.
2307 2005 2532 2072 Ἄλλως
2560 2029 2619 2064 τε
2668 2007 2757 2064 καὶ
2806 2008 2912 2064 ἀπὸ
2957 2009 3164 2066 τούτων
3211 2008 3271 2067 ἄν
3323 2032 3406 2074 τις
3439 2005 3551 2066 ἴδοι
3579 2012 3642 2066 τὸ
3668 2013 3782 2086 (15)

2131 2099 2326 2174 σαθρὸν
2372 2105 2473 2168 τῆς
2527 2098 2783 2172 αἱρέσεως
2837 2103 2942 2154 τῶν
2997 2099 3444 2176 Ἀρειομανιτῶν.
3496 2101 3592 2154 Ὧν
3621 2099 3780 2162 ἐσμεν

2129 2187 2336 2262 ὅμοιοι,
2362 2189 2452 2244 καὶ
2487 2189 2586 2257 τήν
2613 2187 2916 2260 ταυτότητά
2964 2184 3166 2266 ἔχομεν
3195 2189 3428 2262 τούτων,
3459 2192 3546 2246 καὶ
3583 2190 3782 2263 ὁμοού-

2129 2277 2238 2332 σιοί
2265 2277 2444 2350 ἐσμεν·
2479 2274 2754 2352 ἅνθρωποι
2802 2281 2929 2354 γοῦν
2979 2277 3168 2351 ὅμοιοι
3216 2277 3306 2333 καὶ
3335 2279 3636 2350 ταυτότητα
3665 2282 3784 2350 (16)

2129 2365 2370 2442 ἔχοντες,
2403 2366 2688 2439 ὁμοοῦσιοί
2719 2363 2874 2440 ἐσμεν
2907 2365 3197 2438 ἀλλήλων.
3228 2370 3299 2423 Τὸ
3329 2367 3460 2422 αὐτὸ
3488 2368 3590 2443 γὰρ
3621 2373 3778 2442 πᾶσι,

2125 2457 2188 2512 τὸ
2219 2456 2432 2526 θνητὸν,
2463 2455 2526 2510 τὸ
2567 2455 2824 2531 φθαρτὸν,
2871 2455 2936 2510 τὸ
2984 2456 3232 2530 τρεπτὸν,
3285 2455 3348 2510 τὸ
3377 2454 3436 2510 ἐκ
3471 2458 3546 2529 μὴ
3578 2451 3770 2513 ὄντων.

2127 2545 2231 2603 Καὶ
2262 2541 2486 2622 ἄγγελοι
2519 2547 2631 2616 (17)
2664 2541 2722 2598 δὲ
2751 2543 2886 2621 πρὸς
2915 2543 3160 2606 ἑαυτοὺς.
3190 2543 3279 2599 καὶ
3310 2545 3376 2600 τά
3401 2541 3545 2600 ἄλλα
3574 2546 3770 2612 πάντα,

2126 2632 2385 2696 ὡσαύτως
2417 2633 2627 2706 ὁμοσυῆ
2654 2631 2795 2688 ἐστιν
2825 2631 3113 2703 αλλήλων.
3154 2633 3358 2688 Οὐκοῦν
3408 2632 3772 2709 ἐρευνάτωσαν

2126 2723 2178 2778 οἱ
2235 2721 2535 2798 περῖεργοι,
2591 2720 2636 2776 εἷ
2690 2718 2800 2776 ἔστι
2851 2743 2934 2784 τις
2989 2721 3254 2795 ὁμοιότης
3308 2723 3443 2796 πρὸς
3497 2722 3588 2778 τὸν
3650 2723 3772 2777 Υἱὸν

2121 2817 2239 2874 τοῖς
2269 2812 2576 2884 κτίσμασιν·
2627 2810 2663 2879 ἢ
2711 2811 2778 2865 τά
2823 2810 2873 2866 ἐν
2923 2815 3002 2884 τῷ
3057 2811 3166 2883 ι’ἱῴ
3221 2808 3464 2866 δύνανται
3517 2811 3689 2886 εὑρεῖν
3722 2809 3776 2866 ἐν

2119 2906 2237 2964 τοῖς
2270 2905 2542 2976 γενητοῖς,
2567 2897 2656 2955 ’ἶνα
2702 2899 2790 2954 καὶ
2834 2899 3036 2972 κτίσμα
3077 2897 3430 2973 τολμήσωσιν
3482 2897 3652 2955 εἰπεῖν
3681 2907 3774 2956 τὸν

2119 2989 2215 3046 τοῦ
2246 2993 2379 3045 Θεοῦ
2425 2988 2602 3064 Λόγον
2657 2990 2792 3061 (18),
2843 2985 2999 3044 Ἀλλ’
3042 2988 3142 3043 οὐκ
3192 2985 3254 3044 ἂν
3285 2987 3490 3063 εὕροιεν
3522 2989 3574 3044 οἱ
3601 2989 3774 3044 πάντα

2118 3084 2406 3155 προπετεῖς
2457 3079 2544 3132 καὶ
2599 3077 2950 3151 πλανώμενοι
2999 3077 3121 3146 περὶ
3175 3081 3273 3148 τήν
3328 3073 3620 3134 εὐσέϐειαν.
3677 3079 3768 3136 Ἐν

2124 3171 2219 3244 μὶν
2247 3169 2349 3245 γὰρ
2374 3172 2490 3225 τοῖς
2519 3164 2804 3239 κτίσμασιν
2859 3163 3012 3222 οὐδὲν
3066 3164 3176 3222 ἐστι
3231 3167 3643 3244 παντοκράτωρ,
3675 3169 3767 3223 καὶ

2122 3255 2276 3314 οὖδὶν
2333 3255 2480 3332 παρὰ
2528 3259 2625 3309 τοῦ
2673 3253 2857 3329 ἒτὲρου
2909 3260 3204 3331 κρατεῖται.
3243 3256 3506 3313 ’Ἑκαστον
3536 3255 3638 3332 γὰρ
3668 3255 3763 3312 αὖε

2117 3343 2576 3420 τοῦ(19)ἐστιςτοῦ
2589 3347 2742 3400 Θεοῦ.
2770 3369 2798 3396 u
2832 3345 2900 3403 Οἱ
2934 3368 2960 3395 ››
2993 3343 3193 3421 μὲνγὰρ
3227 3367 3254 3395 ‹‹
3287 3343 3497 3419 εὐρανοὶ
3515 3341 3764 3422 διηγοῦν.

2114 3458 2203 3492 ται
2234 3433 2386 3506 δόξαν
2419 3437 2572 3489 Θεοῦ·
2604 3434 2639 3502 ἡ
2674 3429 2732 3488 δὲ
2755 3439 2827 3508 γῆ
2867 3437 2964 3488 τοῦ
3005 3432 3204 3509 Κυρίου
3228 3432 3338 3488 ἐστὶ
3379 3434 3468 3488 καὶ
3521 3433 3583 3489 τὸ
3609 3433 3758 3506 πλή-

2116 3545 2278 3601 ρωμα
2327 3523 2494 3593 αὐτῆς
2675 3521 2918 3578 θάλασσα
2969 3519 3078 3577 εἶδε
3124 3523 3212 3577 καί
3263 3519 3444 3601 ἔφυγε.
3482 3546 3509 3575 ιι
3561 3523 3656 3579 Καὶ
3694 3525 3762 3580 τὰ

2114 3616 2288 3670 πάντα
2319 3610 2488 3668 δοῦλα
2539 3615 2636 3666 τοῦ
2689 3611 3057 3681 πεποιηκότος
3104 3607 3236 3678 ἐστὶ,
3268 3615 3529 3666 ποιοῦντα
3551 3613 3643 3668 τὸν
3666 3609 3763 3666 λό-

2115 3724 2212 3778 γον
2241 3699 2424 3768 αὐτοῦ,
2481 3699 2571 3754 καὶ
2631 3699 2972 3754 ὑπακούοντα
3025 3703 3103 3770 τῷ
3151 3699 3525 3775 προστάγματι
3575 3698 3761 3758 αὐτοῦ.

2115 3792 2172 3846 Ὀ
2230 3789 2288 3846 δὲ
2331 3791 2454 3852 Υἱὸς
2512 3787 2899 3864 παντοκράτωρ
2959 3786 3126 3854 ἐστὶν,
3185 3789 3260 3850 ὡς
3329 3789 3358 3844 6
3401 3791 3622 3865 Πατὴρ’
3673 3785 3763 3844 καὶ

2115 3884 2276 3936 τοῦτο
2333 3879 2656 3955 γέγραπται,
2716 3877 2803 3932 καὶ
2859 3873 3146 3934 δέδεικται.
3201 3875 3371 3933 Πάλιν
3433 3899 3492 3933 τε
3713 3876 3768 3933 ἐν

2117 3975 2235 4031 τοῖς
2267 3968 2550 4040 κτίσμασιν
2604 3962 2756 4020 οὐδὲν
2807 3963 2946 4021 ἐστιν
2994 3963 3252 4042 ἄτρεπτον
3297 3969 3366 4032 τῆ
3415 3965 3591 4045 φύσει.
3641 3970 3766 4025 Τῶν

2118 4063 2220 4136 γαρ
2278 4055 2524 4132 ἀγγέλων
2573 4055 2710 4116 τινὶς
2759 4053 2858 4109 οὐκ
2909 4053 3180 4129 ἐτήρησαν
3228 4056 3327 4124 τὴν
3381 4051 3518 4110 ἰδίαν
3564 4055 3712 4127 τάξιν
3749 4077 3763 4090 ο

2118 4147 2211 4204 καὶ
2259 4171 2286 4198 ‹‹
2320 4147 2489 4219 ἄστρα
2546 4143 2609 4198 οὐ
2655 4143 2862 4218 καθαρᾶ
2911 4140 3142 4198 ἐνώπιον
3188 4142 3349 4198 αὐτοῦ
3381 4163 3396 4176 ·
3424 4167 3453 4196 ιι
3486 4149 3577 4200 καί
3608 4145 3636 4199 6
3669 4143 3766 4218 μὲν

2123 4230 2382 4298 διάϐολος
2429 4230 2616 4289 ἔπεσεν
2663 4232 2753 4287 ἀπ’
2799 4231 3032 4309 οὐρανοῦ
3066 4251 3080 4265 ·
3133 4233 3161 4286 6
3209 4229 3266 4288 δὲ
3311 4229 3485 4307 ’Δδᾶμ
3507 4228 3720 4310 παρέϐη
3749 4250 3765 4266 ⁶

2121 4324 2212 4381 καὶ
2261 4326 2435 4378 πάντα
2482 4320 2856 4394 ἀλλοιοῦμινά
2901 4318 3063 4380 ἐστιν.
3117 4321 3176 4374 Ὃ
3225 4317 3283 4376 δὲ
3335 4322 3459 4384 Υἱὸς
3505 4321 3765 4395 ἂτρεπτός

2123 4414 2236 4470 ἐστι
2262 4412 2356 4469 καὶ
2382 4408 2776 4482 ἀναλλοίωτος,
2806 4410 2880 4472 ὡς
2905 4411 2934 4464 6
2966 4411 3174 4484 Πατήρ.
3211 4411 3305 4466 Καὶ
3349 4415 3514 4467 τοῦτο
3553 4412 3582 4466 6
3635 4415 3774 4468 ΙΙαῦ-

361 4500 586 4554 ουοοιω
616 4514 710 4554 res
757 4502 1082 4555 mutantur.
1119 4499 1297 4556 Filius
1325 4517 1461 4559 vero
1505 4502 1894 4564 immutabilis
1922 4510 2012 4564 est

2131 4504 2216 4567 λος
2251 4500 2552 4576 ὑπέμνησεν
2579 4499 2638 4556 ἐκ
2690 4502 2787 4554 τοῦ
2833 4498 3124 4555 ἑκατοστοῦ
3161 4498 3250 4554 καὶ
3291 4500 3512 4573 πρώτου
3542 4497 3768 4576 ψαλμοῦ

430 4670 475 4708 ιτ
505 4669 742 4746 Apocal.
775 4671 900 4746 1L8.
955 4672 1077 4746 _"_l
1105 4672 1276 4746 Joan.
1309 4691 1363 4741 v,
1393 4677 1482 4732 20.
1563 4677 1608 4714 ¹⁹
1634 4677 1803 4734 Joan.
1836 4697 1892 4746 x,
1922 4681 2012 4736 30.

2131 4679 2332 4737 'Joan.
2364 4691 2477 4746 xlv,
2507 4675 2564 4732 9.
2654 4675 2699 4711 ²¹
2735 4673 2880 4731 Psal.
2918 4689 3078 4742 xvm,
3106 4675 3162 4730 2.

3257 4675 3307 4710 ”
3336 4674 3489 4732 Psal.
3521 4691 3681 4742 xxm,
3715 4676 3766 4732 1.

355 4741 403 4778 ³³
434 4741 593 4799 Psal.
624 4759 786 4815 CXIII,
817 4744 871 4799 3.
949 4744 997 4779 9‘
1030 4744 1181 4802 Psal.
1213 4759 1312 4814 cn,
1342 4748 1432 4803 20.
1509 4747 1556 4783 ²⁶
1584 4750 1716 4806 lud.
1748 4751 1803 4805 6.
1879 4741 1924 4787 5‘
1949 4752 2062 4810 Job
2094 4767 2228 4820 xxv,
2251 4752 2306 4805 5.

431 4917 634 5001 (lli'H
667 4918 831 5000 deest
855 4919 915 4974 in
948 4919 1142 4992 Regio,
1173 4924 1406 4992 Seguer.
1440 4921 1675 4980 Gobler.
1715 4929 1774 4980 et
1819 4925 2012 4982 Felck-

361 5005 808 5060 manmprimo.

431 5059 544 5130 (12)
568 5058 744 5138 Basil.
778 5058 1029 5138 Felclam.
1063 5063 1359 5138 secundus
1383 5081 1734 5138 anonymus,
1759 5075 1816 5125 et
1835 5068 2008 5126 editio

361 5131 822 5189 Gommeliniana
849 5131 940 5186 καί
970 5133 1272 5190 omittunt.

431 5203 547 5279 (Ψ)
576 5203 672 5258 Sic
695 5204 920 5279 Regius
949 5209 1272 5279 etSeguer.
1296 5275 1305 5279 Δ
1331 5210 1402 5261 At
1447 5207 1544 5262 alii
1575 5213 1633 5263 et
1659 5211 1821 5279 editi,
1857 5206 1913 5266 δέ
1951 5216 2010 5268 et

358 5269 545 5344 ἐπειδή
589 5269 892 5332 οωὶιιιῖηι.
944 5269 1165 5333 Ibidem
1215 5275 1306 5331 καί
1359 5287 1493 5336 ante
1518 5284 1720 5336 νοεῖται
1754 5269 1918 5340 déest
1947 5283 2004 5339 in

355 5345 494 5416 Reg.
527 5347 769 5416 Seguer.
801 5346 1032 5404 Gobler.
1063 5354 1122 5404 et
1155 5350 1300 5404 Sele.
1336 5350 1385 5404 1.

429 5367 434 5398 ι
481 5389 494 5403 .
527 5363 769 5416 beguer.
801 5363 1032 5404 uenter.
1063 5363 1122 5404 et
1155 5363 1300 5404 bsic.
1336 5363 1385 5404 1.

429 5363 543 5544 fili)
573 5417 727 5473 Εἶναι
760 5419 981 5477 abesta
1012 5419 1150 5492 Reg.
1182 5421 1518 5494 Seguerian.
1570 5425 1900 5481 Goblerian.
1951 5431 2009 5481 et

455 5507 505 5544 c.
543 5492 593 5544 1.
627 5493 758 5544 Mox
787 5495 922 5544 nost
944 5488 1137 5544 εἰπεῖν.
1170 5493 1309 5544 Rea.
1349 5497 1407 5544 et
1431 5497 1671 5544 Senuer-
1727 5497 2008 5544 omittunt

354 5488 505 5614 Felc.
526 5488 593 5546 ’1.
627 5493 758 5550 Mox
787 5495 922 5565 post
944 5488 1137 5564 εἰπεῖν,
1169 5488 1309 5565 Reg.
1349 5497 1407 5548 et
1431 5497 1671 5566 Seguer.
1727 5497 2008 5554 omittunt

359 5579 424 5614 κτ
452 5579 584 5614 σμα.

359 5579 562 5616 κτισμα

429 5581 664 5764 (ἷξξὲὶο
697 5633 913 5706 Regius
954 5639 1014 5692 et
1048 5639 1294 5718 Seguer.
1320 5637 1390 5690 At
1420 5637 1712 5705 Ottobon.,
1744 5637 1850 5693 ἀπὸ
1875 5637 2003 5695 τού-

429 5721 467 5761 ιν
503 5725 517 5758 ι
556 5722 608 5760 οι
633 5723 738 5764 τις.
795 5706 999 5764 Ceteri
1045 5713 1105 5764 et
1157 5707 1322 5764 editi.
1375 5706 1481 5762 ἀπὸ
1526 5707 1736 5764 τούτων
1770 5707 2003 5764 ιιὰλιστα

358 5719 467 5761 των
501 5706 608 5764 ἴδοι
633 5723 738 5778 τις,
795 5706 999 5766 Ceteri
1045 5713 1105 5766 et
1157 5706 1322 5778 editi,
1375 5706 1481 5762 ἀπὸ
1526 5707 1736 5766 τούτων
1769 5707 2006 5786 μάλιστα

2123 4920 2231 4979 ἴδοι
2261 4921 2346 4994 τό,
2377 4925 2489 4978 etc.
2526 4920 2742 4978 Ibidem
2772 4918 2982 4991 Regius
3014 4923 3070 4976 et
3098 4921 3462 4994 Seguerian.,
3514 4918 3769 4996 αἱρέσεως

2117 5000 2226 5051 τῶν
2258 4995 2570 5066 Ἀρειανῶν.

2188 5061 2586 5138 (ιὸλΡθὶόιςω.
2617 5065 2672 5133 2,
2704 5069 2778 5138 et
2808 5064 2989 5138 editi,_
3021 5063 3119 5138 τὴν
3147 5062 3492 5138 παντότητα.
3543 5061 3669 5120 Mox
3701 5063 3766 5119 τὸ

2119 5134 2549 5217 φθαρτόν-δῷσι
2571 5153 2608 5216 _a
2637 5134 2869 5217 Go_bler.
2901 5134 3049 5217 Felg.
3069 5137 3121 5217 .l_
3147 5135 3386 5217 Περ-ςι-
3403 5141 3639 5217 Seguer.

2192 5159 2224 5192 α
2261 5157 2354 5191 τον
2383 5157 2549 5192 80881,
2575 5157 2608 5190 ll
2638 5157 2869 5193 UODIBI‘.
2901 5157 3049 5192 rem.
3090 5157 3106 5190 ι
3148 5157 3285 5206 ueg.
3317 5157 3373 5192 Cl
3404 5157 3639 5202 δεμυεξτ.

2190 5157 2421 5291 (ἅμα)ζ
2447 5205 2659 5291 Regius
2701 5207 3264 5291 Seguer.nGobl.‘et‘
3295 5207 3446 5264 Felc.
3483 5209 3530 5262 1.
3565 5206 3768 5291 θείνει]ἰί

2117 5288 2176 5337 et
2195 5273 2364 5345 editi.
2396 5273 2672 5353 ἀγγέλοις.
2714 5273 2871 5353 ibid.
2899 5279 3070 5353 _R_eg.
3127 5282 3184 5353 et
3231 5279 3497 5353 segnem,
3527 5277 3595 5332 τὰ
3623 5273 3768 5332 ἄλλα

2115 5353 2308 5408 πάντα.
2337 5344 2544 5408 Caetéri
2575 5355 2634 5406 et
2662 5350 2828 5421 editi,
2855 5348 2924 5404 τὰ
2953 5344 3099 5405 ἄλλα
3129 5345 3185 5421 δὲ
3214 5344 3410 5405 πάντεσι.

2211 5426 2300 5489 l8)
2330 5422 2552 5495 Regius
2581 5427 2640 5478 et
2667 5420 2930 5495 Seguer.,
2963 5424 3096 5476 Θεοῦ
3129 5420 3272 5495 ι’ἱᾴν.

2211 5490 2460 5578 19211952..
2493 5490 3069 5578 Srguer.‘Ang_lican.
3095 5493 3346 5578 ‘Gubler.
3391 5497 3448 5578 et
3494 5490 3768 5578 FEICB.'1,

2114 5562 2327 5622 ἑαυτοῦ.
2363 5562 2545 5638 [idem
2572 5562 2828 5638 (praeter.
2857 5562 3112 5638 Englic.)
3143 5565 3423 5638 omittunt
3461 5565 3558 5618 106
3611 5562 3766 5638 9166.

2180 5641 2296 5708 (20)
2328 5638 2423 5694 Sic
2455 5633 2618 5709 Regl'
2646 5642 2703 5694 et
2748 5633 2985 5709 SeguerT
3037 5633 3103 5694 In
3153 5636 3286 5693 aliis
3325 5652 3457 5693 vero
3488 5641 3548 5692 et
3593 5633 3768 5692 editis

2113 5711 2278 5770 deest
2301 5727 2386 5770 τε.

2186 5429 2202 5569 i
