4076 6372
399 407 515 472 615

961 413 1025 473 S.
1070 406 1501 473 ATHANASII
1542 412 1714 473 OPP.
1761 406 1959 471 PARS
2002 405 2050 468 Ι.
2088 435 2166 455 —
2192 404 2607 467 HlS'I‘ORICA
2653 404 2755 467 ET
2798 403 3274 468 DOGMA'I‘ICA.

3696 404 3819 469 616

404 549 463 601 et
489 544 662 601 Pater
688 543 749 600 in
781 544 946 615 Filio,
974 543 1470 615 quemadmodum
1498 543 1755 598 Joannes
1785 540 2039 611 scripsit,

2163 535 2350 610 Πατὴρ
2383 532 2435 589 ἒν
2464 539 2546 606 τῷ
2594 535 2705 607 Υἱῷ
2744 537 2883 610 (32)*
2927 535 3016 590 καὶ
3066 537 3095 590 6
3129 535 3226 609 μὲν
3279 534 3532 606 Ἰωάννης
3564 531 3814 612 ἔγραψεν,

408 633 493 688 uti
544 640 847 691 ostensum
896 637 1005 688 est.
1057 630 1238 687 David
1282 635 1477 685 autem
1528 629 1770 701 psallit:
1823 648 1845 677 ι
1878 627 2055 683 Sedes

406 728 532 789 tua,
581 726 755 787 Deus,
800 722 858 776 in
910 719 1191 775 saeculum
1237 718 1454 774 saeculi.
1499 717 1677 790 Virga
1732 716 2050 789 aequitatis,

320 834 325 835 ν
404 812 566 881 virga
614 809 777 882 regni
825 808 911 864 tui
948 809 1013 862 ³⁷.
1048 830 1078 858 ››
1107 812 1177 862 Et
1228 807 1507 880 propheta
1553 807 1736 863 Isaias
1779 806 1997 862 clamat
2036 822 2050 861 :

410 920 439 950 α
471 899 773 955 Laboravit
817 898 1118 970 rEgyptus,
1167 904 1225 952 et
1266 895 1582 967 negotiatio
1628 895 1948 967 Ethiopiaa,
1997 898 2055 951 et

403 987 639 1043 Sabaim
671 987 777 1043 viri
809 985 1019 1042 excelsi
1050 986 1122 1041 ad
1151 991 1206 1041 te
1234 984 1589 1055 transibunt,
1622 989 1682 1040 et
1711 989 1766 1041 te
1796 999 2049 1053 sequen-

401 1081 499 1133 tur
528 1075 704 1132 vincti
737 1074 1004 1142 manicis,
1027 1080 1085 1130 et
1113 1074 1443 1130 adorabunt
1471 1072 1694 1144 te,quia
1723 1073 1783 1128 in
1813 1077 1870 1127 te
1900 1077 2053 1129 Deus

399 1168 513 1221 est.
544 1165 632 1220 Tu
665 1164 824 1219 enim
857 1180 919 1219 es
966 1163 1121 1219 Deus
1156 1161 1353 1233 Israel,
1397 1167 1455 1218 et
1484 1161 1890 1219 nesciebamus
1918 1161 1985 1216 ³⁸.
2021 1180 2050 1210 ››

397 1253 540 1319 Quis
571 1270 704 1309 vero
736 1242 892 1310 Deus
940 1258 1048 1322 est,
1079 1251 1139 1306 in
1197 1267 1313 1323 quo
1361 1256 1451 1307 est
1503 1254 1672 1319 Deus,
1709 1250 1820 1307 nisi
1875 1249 2051 1305 Filius

399 1342 501 1414 qui
533 1341 674 1398 dicit
707 1360 721 1398 :
754 1364 781 1393 «
819 1342 937 1414 Ego
970 1341 1029 1396 in
1060 1341 1232 1397 Patre
1282 1344 1339 1396 et
1368 1340 1538 1395 Pater
1569 1341 1626 1396 in
1660 1356 1752 1396 me
1781 1344 1870 1395 est
1897 1337 1989 1391 3°?
2020 1361 2043 1390 ι

469 1610 525 1666 5.
556 1609 693 1675 Quae
723 1625 856 1665 cum
902 1608 985 1664 ita
1014 1624 1078 1665 se
1130 1607 1384 1664 habeant
1411 1624 1478 1663 ac
1527 1606 1860 1679 conscripta
1906 1605 2045 1673 sint,

396 1698 532 1771 quis
554 1714 669 1754 non
692 1698 852 1753 videt
884 1695 1089 1752 Filium
1123 1696 1281 1753 Patri
1306 1713 1436 1753 esse
1465 1694 2048 1764 consubstantialem,

395 1785 874 1858 quandoquidem
910 1784 1056 1839 nihil
1090 1784 1283 1840 simile
1315 1784 1488 1841 habet
1518 1801 1651 1840 cum
1683 1785 1859 1840 rebus
1889 1798 2046 1838 crea-

394 1877 495 1942 tis,
529 1877 629 1931 sed
664 1890 1035 1947 quaecunque
1064 1879 1205 1929 sunt
1238 1874 1447 1940 Patris,
1480 1877 1622 1930 sunt
1648 1873 1825 1929 etiam
1873 1870 2048 1927 Filii?

395 1963 902 2032 Quemadmodum
951 1963 1106 2018 enim
1142 1962 1193 2018 si
1225 1979 1402 2034 quam
1458 1978 1592 2021 cum
1623 1963 1799 2025 rebus
1838 1961 2048 2017 creatis

393 2052 846 2109 similitudidem
869 2057 929 2107 et
952 2051 1361 2124 cognationem
1386 2051 1770 2117 haberet,il1is
1792 2050 2049 2107 consub-

394 2140 689 2199 stantialis
718 2145 910 2197 esset:
940 2141 1022 2196 ita
1041 2141 1185 2212 quia
1205 2141 1277 2195 ab
1306 2140 1515 2196 iisdem
1550 2141 1874 2196 secundum
1908 2140 2047 2197 sub-

395 2233 672 2286 stantiam
696 2228 848 2284 alius
870 2236 977 2298 est,
1002 2229 1422 2301 propriumque
1445 2229 1633 2285 Patris
1652 2234 1744 2286 est
1766 2228 2044 2300 Verbum,

394 2335 500 2375 nec
531 2318 683 2375 alius
713 2319 784 2372 ab
815 2318 918 2373 illo
950 2322 1039 2373 est
1072 2334 1085 2371 :
1116 2335 1251 2372 cum
1285 2319 1425 2373 item
1471 2318 1670 2373 omnia
1699 2334 1829 2389 qua
1859 2316 2046 2373 Patris

393 2411 553 2475 sunt,
586 2408 848 2476 eiusdem
905 2406 1141 2477 propria
1192 2407 1351 2475 sint;
1385 2423 1587 2462 verum
1626 2423 1767 2462 sane
1792 2412 1881 2462 est
1908 2423 2042 2462 eum

393 2496 551 2553 Patri
599 2494 1164 2550 consubstantialem
1213 2511 1361 2551 esse.
1415 2494 1543 2551 Haec
1594 2494 1883 2566 siquidem
1933 2495 2046 2549 fuit

394 2601 561 2641 mens
589 2590 647 2640 et
677 2583 967 2639 sententia
992 2588 1259 2651 Patrum,
1291 2601 1425 2639 cum
1472 2584 1528 2638 in
1561 2584 1792 2640 Nicazna
1823 2584 2044 2656 synodo

396 2675 602 2731 Filium
652 2672 1214 2727 consubstantialem
1268 2679 1324 2728 et
1362 2690 1428 2728 ex
1477 2673 1810 2728 substantia
1860 2673 2045 2730 Patris

389 2780 521 2820 esse
550 2762 802 2819 confessi
854 2768 1011 2817 sunt.
1051 2762 1222 2818 Recte
1251 2762 1409 2817 enim
1460 2766 1879 2834 perspexerant
1910 2760 2041 2817 nul-

391 2852 509 2908 lam
537 2855 789 2908 creatam
840 2849 1231 2905 substantiam
1284 2867 1455 2921 posse
1502 2865 1762 2921 unquam
1802 2850 2039 2906 dicere:

395 2965 415 2992 σ
445 2941 655 2998 Omnia
672 2955 1035 3013 quiscunque
1052 2939 1227 2997 habet
1257 2940 1580 3005 Pater,mea
1599 2941 1754 2997 549
1776 2943 1917 2995 sunt
1937 2940 2041 2996 ιθ.»

390 3031 536 3087 Nam
561 3045 695 3086 cum
720 3028 1037 3085 exsistendi
1063 3028 1295 3083 initium
1321 3028 1550 3094 habeat,
1579 3045 1709 3084 eam
1731 3032 1789 3084 et
1810 3029 2041 3100 proprie

392 3133 522 3175 esse
534 3124 592 3174 et
603 3116 1026 3188 semperfuisse
1041 3116 1155 3171 dici
1170 3117 1394 3188 nequit.
1414 3123 1496 3172 Ac
1510 3117 1751 3188 proinde
1764 3120 1902 3189 quia
1918 3116 2041 3173 hac

2163 624 2238 686 ὡς
2271 621 2556 679 δέδεικται·
2609 625 2637 678 6
2670 622 2728 681 δὲ
2778 621 2944 680 Δαόὶδ
2991 623 3214 699 ψάλλει·
3269 650 3297 677 ‹‹
3349 626 3410 682 Ὁ
3454 626 3644 701 θρόνος
3696 648 3814 700 σου,

2164 712 2373 782 ὁΘεὸς,
2421 711 2499 775 εἷς
2553 712 2724 768 αἰῶνα
2769 713 2968 775 αἰῶνος
3018 715 3149 786 (33)·
3200 709 3403 790 ῥάϐδος
3453 713 3748 786 εὐθύτητος
3777 718 3813 787 ἡ

2164 795 2363 875 ῥάϐδος
2411 808 2512 870 τῆς
2573 800 2853 875 βασιλείας
2911 821 3027 857 σου·
3092 825 3121 855 ››
3178 804 3267 858 καὶ
3328 804 3357 858 6
3414 798 3706 883 προφήτης
3757 803 3816 861 δὶ

2161 888 2385 952 Ἡσαΐας
2432 891 2539 965 βοᾷ
2586 893 2719 964 (34y
2750 916 2777 944 «
2812 891 3127 949 Ἐκοπίασεν
3176 888 3450 969 Αἴγυπτος
3499 893 3588 948 καὶ
3640 892 3816 967 ἐμπο-

2162 977 2255 1052 ρία
2281 977 2589 1041 Αἰθιόπων
2630 979 2720 1034 καὶ
2771 981 2824 1034 οἱ
2874 975 3121 1054 Σαϐαεὶμ
3164 978 3354 1056 ἄνδρες
3402 980 3604 1056 ὑψηλοὶ
3636 981 3727 1037 ἐπὶ
3759 983 3819 1038 σέ

2160 1061 2542 1140 διαϐήσονται,
2591 1068 2681 1124 καὶ
2732 1066 3199 1140 ἀκολουθήσουσιν
3251 1071 3304 1126 οἱ
3338 1070 3516 1127 ὀπίσω
3548 1090 3646 1127 σου
3674 1068 3818 1127 δεδεο

2164 1154 2311 1228 μένοι
2345 1154 2716 1232 χειροπέδαις,
2748 1158 2839 1213 καὶ
2887 1159 3324 1235 προσκυνήσουσῖ
3369 1180 3477 1231 σοι,
3510 1160 3594 1215 δτι
3642 1158 3694 1215 ἐν
3729 1162 3817 1216 σοὶ

2160 1245 2188 1298 6
2218 1243 2370 1308 Θεός.
2406 1245 2480 1300 Σὺ
2510 1247 2613 1322 γὰρ
2647 1249 2697 1302 εἴ
2723 1248 2751 1301 ὁ
2784 1248 2917 1309 Θεὸς
2964 1251 3060 1303 τοῦ
3111 1247 3359 1325 Ἰσραὴλ,
3388 1248 3477 1304 καὶ
3529 1248 3629 1304 οὐκ
3661 1246 3808 1324 ᾔδει-

2162 1351 2278 1406 μεν·
2310 1358 2339 1386 ››
2367 1335 2458 1398 Τίς
2492 1333 2557 1407 δή
2594 1336 2733 1391 ἐστιν
2769 1337 2797 1392 6
2830 1334 2984 1410 Θεός,
3019 1336 3070 1392 ὲν
3181 1338 3210 1392 6
3242 1338 3390 1407 Θεὸς,
3438 1338 3487 1394 εἴ
3519 1339 3597 1411 μὴ
3627 1339 3656 1393 6
3688 1339 3812 1403 Υἱὸς

2158 1421 2188 1476 6
2220 1419 2419 1498 λέγων·
2451 1447 2481 1478 ‹‹
2511 1425 2649 1499 Ἐγὼ
2682 1424 2733 1481 ἐν
2788 1430 2870 1498 τῷ
2927 1426 3121 1501 ΙΙατρὶ,
3152 1426 3241 1482 καὶ
3273 1428 3302 1481 6
3360 1428 3556 1503 Πατὴρ
3587 1426 3637 1482 ἐν
3687 1426 3813 1503 ἐμοί

2159 1510 2300 1565 ἔστιν
2483 1532 2497 1584 ;
2532 1536 2561 1565 ››

2226 1603 2282 1658 5.
2312 1599 2428 1671 Τίς,
2455 1601 2662 1657 τούτων
2690 1598 2857 1658 ὄντων
2904 1603 2993 1658 καὶ
3043 1603 3463 1680 γεγραμμένων,
3496 1605 3560 1660 οὐ
3587 1609 3810 1682 συνορᾷ,

2158 1689 2274 1744 ὶπεὶ
2300 1692 2409 1764 (36)
2465 1695 2573 1746 τῶν
2637 1692 2730 1764 μὲν
2784 1692 3094 1766 κτισμάτων
3156 1690 3311 1749 οὐδὲν
3369 1693 3561 1767 ὅμοιον
3612 1695 3640 1749 6
3686 1695 3811 1757 Υἱὸς

2157 1771 2296 1852 ἔχει,
2348 1778 2520 1835 πάντα
2569 1776 2627 1835 δὶ
2671 1780 2737 1835 τά
2778 1785 2874 1836 τοῦ
2923 1782 3137 1859 Πατρὸς
3184 1786 3281 1836 τοῦ
3327 1783 3455 1836 Υἱοῦ
3506 1783 3672 1856 ἔστιν,
3722 1782 3807 1839 ὅτι

2159 1867 2456 1940 ὸμοούσιος
2504 1867 2565 1923 ἃν
2597 1867 2682 1939 εἴη
2727 1870 2755 1924 6
2805 1870 2930 1932 Υἱὸς
2978 1870 3059 1943 τῷ
3102 1870 3272 1947 Πατρί
3304 1888 3319 1940 ;
3351 1874 3554 1946 ’Ὠσπερ
3600 1871 3728 1948 γὰρ,
3761 1872 3808 1928 εἰ

2155 1960 2263 2010 τῶν
2295 1956 2604 2030 κτισμάτων
2646 1962 2766 2013 τινὰ
2813 1959 2960 2034 εἶχεν
3012 1960 3323 2033 ὁμοιότητα
3368 1960 3459 2015 καὶ
3505 1958 3644 2037 πρὸς
3675 1960 3809 2017 αὐτά

2156 2064 2277 2100 τινα
2326 2045 2442 2121 εἶχε
2491 2048 2818 2123 συγγένειαν,
2851 2047 3146 2121 ὁμοοόσιος
3178 2046 3237 2103 ἃν
3295 2050 3484 2114 αὐτοῖς
3511 2049 3594 2119 ἦν·
3633 2048 3807 2113 οὕτως

2155 2133 2451 2210 ἄλλότριος
2484 2135 2579 2208 μὲν
2626 2135 2699 2190 ὣν
2741 2138 2859 2192 κατ’
2907 2135 3091 2192 οὐσίαν
3136 2142 3244 2193 τῶν
3285 2142 3549 2213 γενητῶν,
3582 2135 3721 2201 ἴδιος
3752 2136 3810 2194 δὶ

2153 2228 2251 2279 τοῦ
2282 2225 2489 2301 Ματρὸς
2520 2225 2717 2301 Λόγος,
2750 2224 2850 2281 οὐκ
2897 2228 3009 2300 (37)
3058 2224 3233 2290 ἄλλος
3273 2226 3347 2282 ὢν
3379 2227 3540 2291 οὗτος
3572 2226 3801 2283 ἐκείνου·

2156 2309 2343 2382 ἐπειδὴ
2389 2312 2479 2368 καὶ
2523 2312 2688 2368 αὐτοῦ
2730 2314 2872 2369 ἔστιν
2924 2312 3036 2370 ἴδια
3082 2314 3255 2371 πάντα
3303 2315 3371 2371 τὰ
3422 2320 3517 2371 τοῦ
3564 2316 3799 2393 Πατρὸς,

2155 2401 2448 2475 ὁμοοόσιος
2481 2401 2702 2464 εἰκότως
2752 2402 2809 2457 ἂν
2853 2399 2937 2474 εἴη
2992 2408 3072 2477 τῷ
3121 2404 3317 2478 ΙΙατρί.
3349 2404 3536 2468 Οὕτως
3580 2404 3680 2480 γάρ
3711 2406 3803 2461 καὶ

2154 2491 2205 2544 o't
2239 2491 2470 2567 ΙΙατέρνς
2501 2492 2815 2561 νοήσαντες,
2837 2491 3207 2568 ὡμολόγησαν
3238 2494 3291 2548 ἓν
3322 2497 3390 2568 τῇ
3420 2494 3555 2550 κατᾶ
3576 2494 3802 2550 Νίκαιαν

2152 2575 2364 2652 συνόδῳ
2394 2579 2687 2652 ὀμοοόσιον
2736 2580 2825 2635 καὶ
2873 2581 2934 2636 ὲκ
2978 2588 3079 2651 τῆς
3120 2582 3303 2645 οὐσίας
3331 2586 3429 2639 τοῦ
3462 2583 3676 2657 ΙΙατρὸς
3704 2583 3801 2640 τὸν

2153 2666 2297 2724 Υῖόν.
2334 2666 2586 2723 Συνεῖδον
2618 2669 2721 2745 γὰρ
2751 2668 2955 2742 καλῶς,
3003 2666 3084 2726 ὅτι
3133 2672 3324 2741 κτιστὴ
3356 2671 3510 2728 οὐσία
3554 2671 3617 2727 οὗ
3648 2670 3805 2727 δόνα-

2148 2776 2238 2812 ται
2268 2757 2328 2812 ἄν
2372 2778 2503 2812 ποτε
2555 2757 2726 2813 εἴπεῖν
2940 2784 2968 2811 ‹‹
3006 2760 3203 2832 Πάντα,
3253 2759 3352 2815 ὅσα
3379 2759 3494 2836 ἔχει
3527 2762 3556 2815 6
3586 2763 3803 2838 Πατὴρ,

2151 2846 2258 2919 ἐμά
2304 2846 2465 2903 ἐστιν.
2504 2870 2532 2897 ››
2564 2848 2773 2923 Ἀρχὴν
2820 2850 2922 2924 γὰρ
2979 2846 3183 2923 ἔχουσα
3234 2854 3330 2903 τοῦ
3386 2848 3649 2924 γίνεσθαι,
3705 2850 3805 2905 οὐκ

2150 2929 2266 3011 ἔχει
2295 2936 2358 2990 τὸ
2386 2933 2482 3003 ὣν,
2513 2936 2603 2991 καὶ
2648 2935 2712 2992 τὸ
2760 2936 2825 3006 ἧν
2879 2934 3090 2999 ἀϊδίως.
3145 2938 3241 2993 Καὶ
3293 2935 3382 2993 διὰ
3422 2943 3609 3007 τοῦτο,
3658 2937 3803 2994 ἒπει-

2150 3021 2218 3094 δὴ
2251 3027 2363 3098 (39)
2390 3025 2539 3079 ταῦτ’
2570 3020 2687 3100 ἔχει
2725 3024 2753 3078 6
2784 3024 2933 3097 Υἱὸς,
2984 3025 3073 3081 καὶ
3123 3027 3299 3082 πάντα
3347 3025 3405 3082 δὲ
3433 3027 3501 3082 τὰ
3544 3048 3802 3104 προειρη-

2153 3113 2287 3187 μένα
2335 3117 2430 3168 τοῦ
2488 3114 2699 3190 [ἰατρὸς
2756 3118 2852 3168 τοῦ
2904 3115 3031 3169 Υἱοῦ
3086 3115 3251 3185 ἑστιν,
3298 3115 3501 3191 ἀνάγκη
3552 3120 3629 3190 μὴ
3688 3120 3803 3192 (40)

396 3208 536 3263 Filio
558 3206 931 3271 conveniunt,
961 3210 1021 3260 et
1041 3206 1259 3270 omnia,
1294 3222 1421 3276 quae
1447 3206 1632 3262 Patris
1654 3223 1783 3262 esse
1818 3207 2039 3262 dictum

2160 3204 2369 3271 ιτιστὴν
2415 3202 2549 3257 εἶναι
2592 3203 2692 3271 τήν
2743 3202 2926 3258 οὐσίαν
2976 3209 3073 3259 τοῦ
3121 3206 3271 3275 Ποῦ,
3328 3203 3454 3262 ἀλλ’
3505 3205 3801 3280 ὁμοούσιον

390 3302 500 3363 est,
535 3293 664 3351 Filii
694 3310 925 3365 quoque
976 3299 1153 3362 sunt;
1187 3310 1424 3350 necesse
1464 3300 1553 3350 est
1587 3293 1707 3349 Filii
1756 3295 2037 3350 substan-

2160 3296 2227 3364 τῷ
2257 3291 2451 3367 ΙΙατρί.
2484 3288 2708 3354 Ἄλλως
2738 3312 2797 3347 τε
2840 3292 2927 3347 καὶ
2960 3294 3096 3347 κατὰ
3119 3298 3279 3349 τοῦτο
3332 3294 3431 3349 οὐκ
3476 3294 3535 3349 ἂν
3565 3293 3650 3365 εἴη
3683 3316 3799 3350 κτι-

389 3384 535 3440 tiam
560 3398 672 3439 non
697 3397 827 3438 esse
847 3386 1125 3451 creatam,
1157 3383 1259 3437 sed
1285 3383 1431 3438 Patri
1450 3382 2036 3439 consubstantialem.

394 3473 552 3530 Unde
582 3487 717 3527 cum
747 3469 894 3526 alias
924 3470 996 3525 ob
1026 3486 1233 3527 causas
1262 3475 1389 3526 tum
1420 3476 1574 3526 certe
1607 3472 1822 3527 idcirco
1844 3476 2040 3528 creata

389 3562 505 3617 dici
539 3577 655 3617 non
689 3564 879 3630 potest
908 3558 1258 3626 substantia,
1292 3560 1447 3631 quod
1482 3560 1903 3633 proprietatum
1935 3560 2037 3616 Dei

388 3667 569 3723 capax
602 3649 700 3705 sit.
729 3647 1110 3719 Proprietates
1140 3656 1333 3703 autem
1366 3649 1493 3718 ejus
1523 3648 1772 3720 appello,
1804 3665 1872 3704 ex
1902 3649 2035 3720 qui-

388 3741 499 3795 bus
521 3739 677 3794 Deus
699 3736 1165 3808 cognoscitur,ut
1184 3737 1339 3808 quod
1363 3737 1441 3792 sit
1463 3737 1855 3808 omnipotens,
1880 3738 2037 3808 quod

387 3830 622 3902 proprie
652 3827 747 3893 sit,
771 3825 923 3897 quod
957 3827 1037 3879 sit
1063 3824 1475 3892 immutabilis,
1511 3824 1743 3897 aliaque
1766 3826 2038 3899 superius

2149 3380 2248 3449 στή
2270 3379 2447 3447 οὐσία,
2480 3376 2699 3450 δεκτικὴ
2749 3384 2856 3435 τῶν
2884 3378 3037 3436 ἰδίων
3066 3385 3162 3437 τοῦ
3193 3386 3345 3437 Θεοῦ.
3383 3380 3524 3438 Ἴδια
3546 3379 3603 3437 δὲ
3631 3383 3798 3439 αὐτοῦ

2147 3470 2312 3539 ἑστιν,
2346 3469 2397 3540 ἐξ
2428 3470 2500 3523 ὧν
2551 3468 2871 3544 γινώσκεται
2923 3471 2951 3526 ὁ
2981 3472 3095 3545 (41)
3143 3472 3292 3541 Θεὸς,
3338 3472 3451 3527 οἷον
3500 3471 3562 3526 τὸ
3600 3493 3797 3528 παντο-

2145 3559 2384 3635 κράτωρ,
2441 3559 2504 3613 τὸ
2563 3555 2662 3626 ὢν,
2713 3559 2776 3614 τὸ
2833 3557 3228 3628 ἀναλλοίωτον,
3274 3560 3360 3616 καὶ
3416 3561 3483 3616 τὰ
3516 3558 3673 3637 ἔτερα
3728 3561 3797 3616 τὰ

2146 3648 2541 3723 προειρημένα,
2577 3646 2670 3702 ἵνα
2721 3649 2797 3720 μὴ
2841 3646 3134 3720 ὁμοοόσιος
3185 3653 3292 3703 τῶν
3340 3648 3649 3720 κνισμάτων
3680 3652 3797 3724 (42)

2146 3735 2306 3797 αὐτὸς
2337 3737 2365 3790 ὁ
2397 3736 2525 3797 Θεὸς
2551 3736 2805 3810 φαίνηται
2836 3737 2973 3792 κατὰ
3016 3739 3143 3800 τοὺς
3191 3736 3445 3816 ἄφρονας,
3479 3736 3622 3814 ἔχων
3657 3740 3795 3816 ἅπερ

2146 3825 2327 3880 καὶτὰ
2353 3823 2621 3897 κτίσματα
2650 3818 2795 3900 ἔχειν
2831 3822 3073 3882 δύναται.

384 3918 560 3988 dicta,
593 3933 664 3972 ne
694 3914 961 3971 videlicet
991 3914 1115 3986 ipse
1166 3913 1320 3969 Deus
1369 3915 1544 3970 rebus
1585 3914 1819 3985 creatis,
1853 3916 1936 3970 uti
1987 3916 2191 3973 volunt
2235 3914 2603 3986 insipientes,
2634 3916 3158 3974 consubstantialis
3206 3933 3335 3975 esse
3382 3918 3698 3988 videretur,
3731 3934 3801 3975 ea

384 4022 593 4078 nempe
622 4004 846 4061 habens
877 4019 1003 4075 quis
1035 4002 1144 4058 illis
1176 4002 1393 4059 habere
1424 4008 1681 4075 possent.

451 4097 506 4151 6.
531 4095 627 4152 Sic
657 4097 851 4150 autem
885 4092 1062 4148 etiam
1096 4090 1337 4147 refutari
1368 4095 1559 4162 potest
1587 4107 1790 4147 eorum
1822 4092 2032 4163 impie-

381 4190 471 4245 tas
518 4183 621 4256 qui
671 4181 771 4239 Dei
820 4180 1030 4237 Filium
1082 4196 1205 4236 rem
1254 4185 1504 4236 creatam
1554 4195 1685 4236 esse
1742 4185 2029 4253 pugnant.

2211 4093 2265 4146 6.
2300 4089 2397 4145 Καὶ
2430 4088 2573 4145 οὕτω
2605 4086 2649 4145 δ’
2681 4093 2795 4165 (43)
2824 4088 2883 4146 ἄν
2928 4113 3011 4154 τις
3065 4090 3352 4171 διελέγξειε
3399 4094 3499 4165 τὴν
3541 4091 3798 4152 ἀσέϐειαν

2138 4182 2247 4234 τῶν
2286 4178 2557 4255 λεγόντων
2607 4176 2812 4253 κτίσμα
2857 4180 2990 4235 εἶναι
3033 4182 3124 4237 τὸν
3170 4186 3268 4237 τοῦ
3317 4188 3450 4238 Θεοῦ
3499 4185 3694 4262 Λόγον.
3724 4186 3792 4243 Ἦ

452 4320 495 4354 ³⁷
527 4316 681 4374 Psal.
713 4332 866 4383 XLIV,
894 4316 950 4371 7.
1028 4314 1073 4350 ³⁸
1103 4313 1214 4372 Isa.
1247 4329 1373 4384 xcv,
1407 4313 1495 4380 14,
1529 4313 1617 4368 15.
1692 4313 1739 4348 ³³
1764 4316 1933 4370 Joan.
1968 4330 2039 4370 xu

2160 4314 2204 4371 D.
2282 4315 2327 4349 ‘°
2354 4313 2524 4371 Joan.
2554 4329 2670 4385 xvr,
2704 4314 2791 4370 15.

455 4450 567 4533 (32)
597 4448 956 4533 Sigilegiusz
987 4452 1223 4533 Segue'r'.
1253 4446 1667 4533 Goblerian.3t
1695 4446 1848 4533 F'ele.
1962 4452 2038 4504 At

384 4492 1961 4594 ειίὲνὲίῐὶὗρῖῗᾷἷέσῖςῖξ’ὁῖἱαέζεῖἷέΐῖιῖἇὲήῖῖίεὶὲ.

2146 4447 2330 4520 deest.
2364 4445 2544 4520 Paulo
2574 4451 2706 4518 post
2734 4448 2871 4520 Reg.
2903 4452 3141 4520 Seguer.
3173 4449 3403 4507 Gobler.
3438 4450 3628 4507 Felck.
3657 4451 3683 4506 1
3736 4454 3797 4507 et

2146 4518 2450 4595 Anglican.
2483 4517 2701 4575 habent
2745 4517 2843 4573 τοῧ
2885 4517 3150 4595 γίνέσθαι.
3184 4522 3384 4578 Ceteri
3415 4527 3472 4579 et
3500 4523 3664 4588 editi,
3694 4522 3794 4576 τοῦ

455 4593 550 4680 (33
583 4593 669 4680 Ita
723 4589 939 4680 Regius
977 4589 1388 4680 eitlseguerz'et
1435 4589 1685 4680 Graecus
1727 4589 2035 4664 Scriptum

2160 4589 2413 4680 reide.-

387 4659 600 4723 teatus.
632 4659 835 4719 Crateri
867 4667 922 4718 et
951 4663 1111 4726 editi,
1139 4659 1234 4716 τόν
1268 4660 1440 4714 αἰῶνα
1468 4664 1563 4714 τοῦ
1595 4660 1810 4723 αἰῶνος.

455 4732 1026 4810 (34)Qoblerian.uet
1080 4734 1270 4789 lt‘elck.
1336 4733 1503 4810 l,_xai
1550 4730 1849 4810 ὁξΗσαΐας·
1880 4735 2034 4810 Ἐχο-

380 4802 591 4864 πῖασεν.
625 4805 773 4864 Ibid.
809 4804 1118 4861 liasiliens.
1153 4802 1872 4878 θῐΔΑζιεΙὶθυῐιηᾷμπορίαι.
1905 4809 2035 4861 Mox

382 4881 616 4939 Gobler.
648 4882 707 4935 et
742 4878 991 4933 Felckm.
1029 4878 1078 4947 1,
1115 4870 1382 4947 Σαϐαείιῖ,
1412 4879 1477 4931 ut
1508 4870 1564 4932 et
1593 4870 1769 4932 habet
1796 4881 2033 4933 Graecus

378 4954 696 5036 scripturae,
719 4955 931 5036 textus.
960 4946 1102 5020 Reg.
1144 4955 1219 5036 et
1257 4948 1498 5036 Seguer.
1530 4946 1781 5036 Σαοαείγ.
1816 4948 2035 5036 aliiAet

379 5016 546 5087 editi,
584 5016 809 5092 Σαϐαἷν.
842 5023 983 5077 item
1017 5016 1149 5076 mox
1182 5025 1319 5091 Reg.
1336 5016 1414 5076 ὀι
1441 5022 1701 5092 Seguer.,
1726 5018 2033 5091 ἀκολουθή-

385 5093 539 5150 σουσί
572 5113 657 5146 σοι
690 5090 888 5146 ὀπίσω.

472 5168 565 5234 35)
597 5164 772 5218 Ἐστιν
805 5165 968 5219 deest
998 5161 1069 5235 in
1092 5166 1232 5235 Reg.
1268 5163 1595 5235 etASeguer.

450 5170 573 5363 (332)
596 5170 1827 5360 §§§i‘§s“§Z§iéii35363312123?'reickm.
1863 5235 1915 5301 ι,
1948 5230 2031 5287 δτι

460 5352 470 5362 .
508 5329 547 5363 υ.
577 5327 603 5360 ν
634 5324 763 5363 των.
797 5323 827 5360 θ
856 5323 906 5363 Ο.

382 5309 470 5364 ἐπὶ
508 5309 603 5381 μξν
634 5312 763 5381 τῷν,
797 5311 906 5381 etc.

452 5371 526 5455 (3)
558 5380 646 5436 Ita
676 5371 887 5455 Regius
918 5376 1344 5455 etﬂSeguerian.
1378 5377 1444 5455 At
1471 5373 1569 5455 alii
1627 5376 1684 5455 et
1738 5374 1901 5455 editi,
1935 5371 2034 5455 οὐκ

378 5444 680 5510 omittunt.
718 5444 937 5505 [Eidem
971 5444 1200 5505 Gobier.
1234 5447 1385 5505 Felc.
1418 5448 1469 5515 1,
1503 5444 1953 5518 Αηειὶοεῐίθεὶυε
1975 5452 2033 5518 et

381 5526 646 5596 Seguer.,
677 5519 844 5596 o§toc
869 5518 1096 5596 ἐκείνου.
1129 5520 1333 5596 Caeteri
1370 5524 1427 5575 et
1485 5515 1647 5596 editi,
1679 5515 2033 5596 oﬁftocffaet-

378 5588 505 5653 νωῖἷ,
541 5588 667 5650 Mox
710 5593 1014 5665 Regiuset
1045 5591 1464 5665 Seguerianus,
1496 5589 1671 5644 πάντα
1694 5588 1763 5642 τὰ
1787 5590 1887 5643 τοῦ
1917 5594 2031 5644 lla-

382 5669 557 5741 τρός.
580 5666 690 5741 Alii
716 5669 783 5741 et
802 5664 1069 5741 editik'td
1098 5664 1398 5741 omittunt.

451 5737 566 5811 (38)
593 5737 685 5792 Sic
716 5737 854 5808 Reg.
886 5729 1214 5808 et'Seguer.
1248 5737 1320 5792 At
1358 5734 1417 5789 in
1449 5731 1581 5789 aliis
1628 5734 1686 5788 et
1743 5731 1940 5803 editis,
1970 5729 2032 5786 ἄν

2219 4662 2333 4746 (39)
2364 4662 2445 4717 lta
2474 4660 2713 4732 Regius,
2745 4665 2981 4746 Seguer.
3013 4662 3791 4746 AnglicgoblernetFelck.

2140 4731 2953 4865 asstaiessms
2973 4731 3236 4876 esse
3258 4731 3791 4864 ἓέἰῗῧὲἒεέἔὶίίἒῐζ

2141 4847 2416 4949 esset:
2440 4847 2680 4949 gas};
2690 4847 2858 4932 ἐἷλὲῖτί
2866 4847 2961 4949 ἦ)
2970 4847 3158 4938 υἷῗὲῐ
3170 4847 3794 4949 ’Κηῗτςὶἶὸ.’“ὲέ⁴ὀιῖιῖιῖἰῖιὶἱ

2142 4947 2497 5025 νοεῖ-πάντα.
2532 4948 2753 5025 Ibidem
2785 4947 2999 5025 Regius
3038 4955 3096 5005 et
3122 4947 3384 5025 Seguer.,
3417 4947 3793 5025 προειρημένα

2139 5017 2236 5097 ’ἱοῆ
2269 5018 2503 5095 Πατρός.
2548 5017 2653 5073 Alii
2683 5022 2741 5075 et
2769 5017 2933 5088 editi,
2964 5017 3337 5097 προειρημένα
3367 5017 3493 5097 περὶ
3547 5017 3646 5076 τοῦ
3681 5023 3788 5077 Ila-

2140 5090 2325 5233 τρῗιῐὸ)
2355 5161 2446 5216 Sic
2492 5159 2724 5231 Regius,
2762 5160 3018 5235 [δόμον.
3049 5162 3301 5235 Δ(ὶοῦξειι.
3338 5162 3792 5235 Felck.primus

2142 5230 2471 5315 anonymus
2494 5230 2597 5315 ‘et’
2627 5230 2956 5315 Anglicis}
3010 5232 3131 5315 alii,
3166 5231 3257 5288 οὖν
3289 5236 3388 5307 μή.
3422 5230 3597 5291 Paulo
3657 5240 3793 5305 post

2144 5297 2399 5372 Anglia,
2419 5298 2644 5364 ’Ἄλλως
2668 5297 2813 5356 τίδὲ
2838 5301 2949 5371 καί,
2984 5310 3094 5360 etc.

2236 5376 2326 5447 42)
2361 5376 2446 5430 Ita
2475 5379 2611 5447 Reg.
2636 5381 2689 5430 et
2720 5375 2959 5447 Seguer.
2996 5377 3057 5431 In
3089 5376 3220 5432 aliis
3251 5382 3308 5433 et
3336 5378 3512 5433 editis
3544 5376 3572 5429 ὁ
3604 5377 3788 5432 deest.

2236 5378 2305 5430 42
2361 5376 2446 5430 Ita
2475 5379 2611 5444 Reg.
2636 5381 2689 5430 et
2720 5376 2959 5447 Seguer.
2996 5377 3057 5431 In
3089 5376 3220 5432 aliis
3251 5382 3308 5433 et
3336 5378 3512 5433 editis
3544 5376 3572 5429 ὁ
3604 5377 3788 5432 deest.

2357 5446 2617 5529 B,ic~Reg~.
2648 5449 2885 5529 Seguer:
2920 5447 3091 5504 Basil.
3126 5453 3185 5505 et
3211 5449 3438 5520 Anglic.
3469 5454 3535 5505 At
3585 5446 3688 5504 alii
3734 5452 3795 5504 et

2143 5514 2319 5584 editi,’
2337 5514 2512 5570 αὐτῶν
2543 5514 2649 5570 {GN
2681 5514 3020 5589 κτισμάτων.

2214 5590 2329 5662 (43)
2362 5591 2450 5645 Ita
2481 5592 2630 5662 Reg.
2653 5594 2711 5644 et
2739 5584 2980 5662 Seguer.
3006 5594 3083 5646 At
3111 5589 3211 5662 alii
3240 5595 3297 5647 et
3326 5589 3467 5647 editi
3499 5584 3557 5642 δὲ
3614 5590 3793 5646 οωίῑο

2143 5658 2455 5718 ῐυὸιζΜοκ
2485 5658 2681 5732 Basil.,
2709 5659 2802 5715 τὸν
2818 5658 3029 5716 *τούτου
3058 5660 3256 5737 Λόγον.
