4076 6408
290 482 408 541 617
478 476 487 481 ’

1406 474 1781 536 EPISTULA
1828 474 1881 533 II
1926 476 2030 534 AD
2078 474 2603 539 SERAPIONEM.

3589 483 3707 543 6l8

291 609 474 672 πίστις
504 610 663 682 ἡμῶν
698 607 775 669 εἰς
805 605 1015 681 Πατέρα
1042 603 1139 659 καὶ
1187 604 1311 659 Υἱὸν
1370 603 1460 659 καί
1518 604 1668 678 ἅγιον
1729 604 1949 676 Πνεῦμα

2075 605 2281 677 .‘Iempe
2312 606 2456 663 fides
2488 611 2687 663 nostra
2730 611 2820 663 est
2860 607 2918 662 in
2952 610 3204 679 Patrem,
3251 608 3466 665 Filium
3498 618 3549 665 et
3579 612 3708 683 Spi-

290 697 406 754 ἰστι
436 699 578 772 (44),
611 694 865 773 λέγοντος
895 692 1060 748 αὐτοῦ
1109 697 1206 748 τοῦ
1235 694 1365 748 Υἱοῦ
1419 697 1534 755 τοῖς
1592 690 1943 753 ἀποστόλοις

295 813 325 841 ‹‹
359 786 742 865 Πορευθέντες,
803 782 1174 857 μαθητεύσατε
1228 782 1402 838 πάντα
1452 783 1517 836 τὰ
1565 776 1715 852 ἔθνη,
1750 778 1949 856 βαπτί-

299 881 483 946 ζοντες
507 871 703 934 αὐτοὺς
733 871 809 934 είς
840 870 902 925 τὸ
928 866 1104 943 ὄνομα
1132 873 1229 925 τοῦ
1268 870 1479 941 Πατρὸς
1529 869 1619 923 καὶ
1674 871 1772 922 τοῦ
1820 867 1947 920 Υἱοῦ

295 963 388 1020 καὶ
436 966 533 1018 τοῦ
583 959 741 1037 ἁγίου
788 957 1125 1033 Πνεύματος.
1159 982 1188 1010 ››
1240 958 1374 1013 Εἷπε
1423 953 1481 1011 δὲ
1529 955 1721 1029 οὕτως,
1756 953 1849 1009 ’ίνα
1896 953 1947 1024 ἐξ

298 1053 374 1108 ὧν
404 1048 652 1125 οἴδαμεν,
682 1049 790 1105 ἀπὸ
820 1046 1026 1103 τούτων
1055 1051 1266 1120 νοῶμεν
1293 1047 1381 1101 καὶ
1425 1044 1549 1121 περὶ
1595 1049 1702 1100 τῶν
1759 1063 1945 1120 προει-

300 1161 368 1216 ρη
380 1140 555 1215 μένων
587 1141 724 1213 (45).
756 1141 962 1213 ’Ὠσπερ
995 1135 1084 1192 οὖν
1118 1135 1216 1192 ούκ
1240 1134 1301 1190 ἂν
1335 1132 1581 1207 εἴποιμεν
1613 1132 1742 1197 τοὺς
1783 1131 1946 1187 πατέ-

297 1252 398 1308 ρας
446 1227 700 1298 ποιητὰς,
733 1224 881 1283 ἀλλὰ
927 1227 1277 1302 γεννήτορας⁴
1310 1223 1399 1279 καὶ
1449 1220 1643 1283 αὐτοὺς
1699 1218 1757 1276 δὲ
1798 1222 1946 1294 ἡμᾶς

295 1319 399 1374 ούκ
429 1317 492 1373 ἃν
524 1311 669 1371 εἷ’ποι
697 1336 780 1379 τις
810 1314 1010 1388 κτίσμα
1058 1315 1324 1387 πατέρων,
1360 1308 1505 1366 ἀλλὰ
1560 1309 1710 1372 υἱοὺς
1770 1309 1946 1387 φύσει,

290 1407 383 1463 καὶ
431 1405 759 1481 ὁμοουσίους
809 1408 915 1460 οῶν
972 1402 1257 1479 πατέρων’
1312 1399 1507 1469 οὕτως,
1569 1399 1614 1454 εἰ
1672 1399 1860 1468 Πατὴρ
1919 1397 1948 1450 6

294 1497 452 1565 Θεὸς,
482 1498 699 1557 πάντως
732 1493 862 1548 Υῖοῦ
893 1492 1044 1570 φύσει
1075 1491 1165 1547 καὶ
1212 1489 1509 1565 ὁμοουσίου
1568 1486 1677 1542 ἐστὶ
1737 1487 1945 1561 Πατήρ.

293 1579 549 1660 Ἀϐραὰμ
589 1587 718 1659 γοῦν
765 1582 867 1637 οὐκ
914 1577 1088 1636 ἔκτισε
1144 1580 1236 1635 τὸν
1270 1578 1449 1636 Ἰσαὰκ
1479 1578 1613 1651 (46),
1646 1573 1774 1631 ἀλλ’
1805 1574 1945 1649 ἐγέν-

295 1695 449 1745 νησε·
500 1670 770 1741 Βεσελεήλ
813 1669 871 1726 δὲ
928 1672 1020 1725 καὶ
1074 1662 1265 1724 Ἐλιὰϐ
1317 1668 1416 1722 ούκ
1448 1665 1771 1744 ἐγέννησαν,
1822 1662 1948 1719 ἀλλ’

297 1762 558 1834 ἰποίησαν
604 1762 778 1816 πάντα
822 1760 890 1814 τὰ
932 1752 1060 1835 ἔργα
1100 1758 1170 1813 τὰ
1212 1755 1264 1812 ἐν
1313 1759 1383 1831 τῇ
1434 1754 1626 1829 σκηνῇ.
1668 1753 1769 1810 Καὶ
1827 1773 1948 1807 ναυ-

294 1852 479 1928 πηγὸς
514 1848 572 1906 δὶ
599 1850 690 1906 καὶ
722 1845 1017 1922 οἰκοδόμος
1047 1848 1112 1902 οὐ
1145 1850 1397 1922 γεννῶσιν
1441 1844 1476 1899 ’ἁ
1518 1847 1789 1915 ποιοῦσιν,
1819 1839 1947 1896 ἀλλ’

293 1937 521 2002 ἕκαστος
550 1939 849 2017 ἐργάζεται,
882 1939 910 1993 6
948 1937 1042 2010 μὲν
1067 1935 1131 1992 τὸ
1161 1936 1381 2014 σκάφος,
1416 1934 1444 1987 6
1476 1930 1534 1988 et
1583 1932 1685 2001 τὴν
1746 1930 1941 1986 οἰκίαν.

293 2031 359 2089 Ὀ
420 2029 602 2103 μέντοι
648 2029 831 2086 Ἰσαὰκ
877 2025 939 2081 οὗ
994 2030 1163 2097 ποιεῖ,
1225 2021 1370 2079 ἀλλὰ
1425 2026 1584 2099 γεννᾷ
1641 2018 1793 2099 φύσει
1853 2019 1943 2074 καὶ

296 2118 595 2192 ὁμοούσιον
638 2118 730 2172 τὸν
778 2110 973 2173 Ἰακώϐ
1023 2117 1156 2189 (47)·
1191 2112 1279 2169 καὶ
1330 2114 1358 2168 6
1407 2104 1601 2168 Ἰακὼό
1657 2106 1714 2164 δέ
1771 2109 1944 2170 οὕτως

289 2207 387 2263 τὸν
445 2203 654 2264 Ἰούδαν
700 2206 790 2261 καὶ
846 2203 974 2266 τοὺς
1025 2201 1292 2280 ἀδελφοὺς
1352 2200 1537 2256 αὐτοῦ.
1589 2201 1792 2272 ’Ὠσπερ
1852 2194 1943 2252 οὖν

296 2296 531 2370 μαίνοιτ’
554 2294 614 2350 ἄν
640 2316 722 2357 τις
756 2293 931 2369 λέγων
966 2294 1061 2362 τήν
1096 2289 1267 2346 οἰκίαν
1306 2288 1599 2364 ὁμοούσιον
1642 2290 1739 2342 τοῦ
1790 2286 1944 2341 οἷκο-

295 2383 614 2460 δόμουικαὶ
642 2384 706 2439 τὸ
753 2380 954 2461 σκάφος
1002 2385 1100 2436 τοῦ
1148 2382 1449 2453 ναυπηγοῦ,
1482 2376 1653 2439 οὕτως
1705 2376 1941 2452 πρεπόν-

291 2496 403 2536 τως
437 2473 496 2528 ἅν
522 2494 605 2536 τις
639 2470 783 2527 εἷ’ποι
812 2471 985 2527 πάντα
1014 2470 1138 2524 Υἱὸν
1170 2466 1463 2542 ὁμοούσιον
1499 2467 1630 2522 εἶναι
1674 2462 1770 2520 τοῦ
1819 2465 1939 2519 ἑαυ-

290 2569 391 2620 τοῦ
426 2564 656 2639 Πατρός.
685 2561 749 2617 Εἰ
778 2561 956 2616 τοίνυν
998 2560 1184 2635 Πατήρ
1243 2558 1354 2613 ἐστι
1409 2555 1498 2612 καὶ
1556 2556 1700 2624 Υἱὸς,
1734 2555 1938 2631 ἀνάγκη

289 2654 385 2709 τὸν
409 2654 535 2707 Υὶὸν
568 2651 721 2731 φύσει
752 2649 842 2705 καὶ
872 2647 1107 2720 ἀληθείᾳ
1139 2646 1271 2702 εἶναι
1321 2644 1443 2700 Υὶόν
1494 2647 1627 2715 (48).
1660 2647 1855 2731 Τοῦτο⁸
1886 2640 1944 2731 δέ

295 2742 408 2798 ἐστι
441 2742 503 2796 τὸ
534 2728 831 2815 ὁμοούσιον
857 2738 989 2794 εἶναι
1019 2735 1100 2810 τῷ
1130 2735 1323 2812 Ιῐατρὶ.
1356 2735 1431 2797 ὡς
1462 2733 1520 2788 ἐκ
1548 2730 1774 2789 πολλῶν
1809 2728 1945 2786 ἰδεί-

297 2833 436 2908 χθη.
463 2829 689 2904 ’Δμέλει
719 2827 845 2904 περὶ
880 2828 974 2901 μὲν
1005 2830 1113 2882 τῶν
1145 2824 1493 2897 ποιημάτων·
1532 2845 1560 2875 ‹‹
1603 2821 1773 2883 Αὐτὸς
1807 2820 1942 2893 εἶπε,

294 2920 388 2976 καὶ
427 2919 781 2995 ἐγενήθησαν·
831 2916 994 2978 αὐτὸς
1042 2911 1361 2981 ἐνετείλατο,
1394 2911 1485 2967 καὶ
1543 2909 1881 2982 ἐκτίσθησαν.
1920 2932 1941 2960 ιι

296 3009 436 3086 Περὶ
460 3006 519 3064 δὲ
537 3012 633 3063 τοῦ
662 3008 814 3062 Υὶοῦ·
850 3031 878 3058 ‹‹
912 3003 1264 3081 Ἐξηρεύξατο
1301 3004 1337 3072 ἡ
1378 2997 1571 3077 καρδία
1630 3020 1734 3073 μου
1759 2999 1944 3086 ,Λόγον

294 3085 519 3175 ἀγαθόν.
551 3120 579 3152 n
612 3101 667 3150 Ὀ
699 3093 757 3151 δὲ
788 3092 990 3162 Δανιὴλ
1042 3090 1156 3147 οἶδε
1202 3091 1326 3145 Υἱὸν
1383 3094 1482 3144 τοῦ
1514 3093 1667 3175 Θεοῦ,
1696 3085 1809 3175 οἶδε
1854 3087 1944 3142 καὶ

291 3172 364 3242 τὰ
418 3184 545 3262 ἔργα
600 3189 699 3241 τοῦ
756 3187 910 3239 Θεοῦ·
966 3181 1054 3237 καὶ
1112 3181 1203 3236 τὸν
1267 3181 1360 3253 μὲν
1421 3179 1544 3233 Υἱὸν
1597 3174 1702 3232 εἶδε
1761 3172 1944 3251 δροσί-

294 3281 454 3346 ζοντα
482 3276 595 3350 (49)
624 3275 724 3343 τὴν
754 3271 1006 3346 κάμινον’
1038 3269 1161 3344 περὶ
1196 3266 1252 3323 δὲ
1297 3272 1404 3322 τῶν
1452 3264 1625 3343 ἔργων
1685 3265 1942 3341 εἰρηκὼς,

294 3392 323 3418 ‹‹
360 3362 681 3439 Εύλογεῖτε,
710 3363 883 3418 πάντα
937 3360 1005 3416 τὰ
1062 3356 1198 3435 ἔργα
1254 3357 1474 3434 Κυρίου,
1523 3356 1613 3410 τὸν
1672 3357 1940 3431 Κύριον,ι

2075 3356 2187 3411 Iit:
2221 3359 2282 3411 at
2327 3371 2461 3411 cum
2511 3356 2581 3411 de
2630 3356 2904 3428 operibus
2956 3357 3223 3424 dixisset,
3279 3383 3300 3409 ι

260 3451 521 3510 ἕκαστον
587 3453 681 3527 μὲν
734 3455 841 3506 τῶν
906 3447 1214 3522 κτισμάτων
1266 3443 1534 3515 κατέλεξε·
1568 3445 1658 3498 τὸν
1712 3440 1768 3497 δὲ
1824 3444 1946 3498 Υἱὸν

301 3544 368 3601 οὐ
430 3540 806 3618 συνηρίθμησε
858 3537 1099 3606 τούτοις,
1126 3532 1305 3604 εἰδὼς,
1365 3531 1447 3588 ὅτι
1508 3533 1609 3588 οὐκ
1666 3528 1804 3587 ἔστιν
1862 3529 1954 3607 ἔρ-

303 3652 400 3708 γον
433 3632 569 3705 (50),
597 3626 747 3684 ἀλλὰ
776 3625 819 3682 δ’
848 3625 1013 3682 αὐτοῦ
1045 3624 1231 3700 γέγονε
1265 3623 1357 3697 μὶν
1386 3623 1451 3676 τὰ
1494 3618 1646 3696 ἔργα,
1680 3619 1731 3675 ἐν
1783 3622 1956 3696 ΙΙατρὶ

307 3719 368 3777 δὲ
400 3719 735 3794 ὑμνούμενος
779 3715 871 3771 καὶ
921 3712 1364 3791 ὑπερυψούμενός
1414 3709 1576 3766 ἐστιν.
1608 3711 1956 3785 Ὥσπερο(51)

311 3809 405 3867 οὖν
438 3807 507 3864 δι’
537 3807 700 3863 αύνοῦ
732 3801 1173 3860 ἀποκαλύπτεται
1206 3802 1235 3856 6
1266 3801 1395 3861 Θεὸς
1424 3804 1542 3861 τοῖς
1580 3800 1956 3874 γινώσκουσιν,

316 3898 494 3961 οὕτως
545 3894 616 3952 δι’
646 3896 811 3951 αὐτοῦ
842 3895 877 3963 ἡ
911 3889 1153 3967 εὐλογία,
1184 3889 1272 3945 καὶ
1318 3890 1346 3943 6
1391 3887 1583 3962 ὕμνος,
1616 3888 1705 3943 καὶ
1737 3891 1771 3958 ἡ
1812 3886 1962 3962 δόξα,

312 3988 405 4045 καὶ
430 3988 493 4043 τὸ
526 3984 724 4061 κράτος
757 3979 1111 4057 ὁμολογεῖται
1141 3984 1220 4052 τῷ
1239 3977 1411 4053 ΙΙατρὶ
1446 3974 1517 4032 δι’
1545 3977 1712 4031 αὐτοῦ
1742 3979 1830 4032 καὶ
1852 3980 1962 4053 (52)

315 4078 370 4134 ἐν
432 4071 717 4148 αὐτῷ,“ίνα
768 4070 862 4128 καὶ
923 4064 1632 4147 εὐπρόσδεκτος-ἡτοιαύτη
1691 4064 1969 4142 ὁμολογία

311 4166 559 4245 γένηται,
590 4164 667 4227 ὡς
721 4162 778 4216 αἱ
833 4158 1051 4245 Γραφαὶ,
1101 4152 1377 4233 λέγουσιν.
1415 4156 1525 4245 ’Ἕκ
1575 4152 1803 4211 πολλῶν
1875 4156 1970 4230 μὲν

318 4241 413 4313 οὖν
468 4254 560 4309 καὶ
609 4252 669 4308 ἐκ
712 4247 920 4307 τούτων
973 4244 1240 4303 δέδεικται
1290 4245 1379 4300 καὶ
1412 4241 1677 4299 δείκνυται
1708 4246 1820 4319 (53)
1849 4245 1968 4300 ἀσε-

320 4341 425 4416 ϐὴς
460 4345 488 4401 6
522 4341 695 4418 λέγων
726 4339 930 4414 κτίσμα
960 4338 1091 4392 εἶναι
1120 4335 1213 4392 τὸν
1243 4337 1342 4390 τοῦ
1371 4337 1505 4388 Θεοῦ
1531 4332 1728 4408 Λόγον.

2058 695 2238 749 ritum
2288 700 2580 760 sanctum,
2613 695 2740 767 ipso
2789 696 2932 752 Filio
2985 696 3054 751 ad
3106 696 3401 769 apostolos
3432 699 3709 757 dicente:

2061 805 2087 832 ‹‹
2116 783 2354 853 Euntes,
2386 785 2585 840 docete
2635 801 2807 840 omne
2854 788 3082 855 gentes,
3125 787 3489 858 baptizantes
3521 805 3621 844 eos
3652 789 3713 844 in

2060 871 2293 927 nomine
2323 874 2514 929 Patris
2537 878 2593 928 et
2615 873 2744 928 Filii
2768 879 2824 929 et
2848 872 3102 945 Spiritus
3125 875 3311 930 sancti
3335 878 3401 930 ιι.
3429 898 3456 925 ››
3489 878 3715 943 Quibus

2058 976 2201 1015 sane
2240 960 2431 1017 verbis
2479 980 2620 1018 usus
2668 965 2778 1029 est,
2812 969 2873 1017 ut
2918 979 2985 1017 ex
3016 962 3111 1018 bis
3143 981 3270 1035 quae
3320 965 3615 1038 novimus,
3647 983 3716 1023 ea

2059 1065 2189 1120 quae
2207 1049 2360 1104 dicta
2380 1054 2521 1105 sunt
2547 1049 2927 1122 intelligerem
2941 1069 3028 1107 us.
3045 1052 3551 1116 Quemadmodum
3574 1072 3710 1128 ergo

2058 1142 2254 1210 patres
2299 1154 2415 1194 non
2461 1139 2696 1210 opiﬁces
2749 1140 2850 1194 sed
2881 1139 3175 1211 genitores
3227 1140 3612 1213 appellamus,
3647 1160 3713 1199 ac

2058 1226 2303 1297 proinde
2332 1242 2502 1282 nemo
2537 1244 2643 1283 nos
2693 1244 2725 1282 a
2751 1228 3019 1299 patribus
3066 1232 3314 1297 creatos,
3343 1231 3444 1286 sed
3479 1236 3712 1302 patrum

2058 1329 2186 1369 esse
2220 1317 2430 1369 natura
2452 1313 2603 1370 filios
2624 1319 2681 1371 et
2703 1315 3237 1372 consubstantiales
3260 1317 3453 1374 dicere
3486 1320 3673 1391 possit
3696 1338 3709 1377 :

2058 1400 2157 1472 ita,
2190 1401 2239 1458 si
2271 1406 2441 1459 Pater
2469 1408 2557 1459 est
2600 1404 2777 1471 Deus,
2828 1405 3081 1476 profecto
3139 1406 3301 1461 Pater
3330 1411 3420 1462 est
3450 1408 3579 1464 Filii
3613 1409 3715 1481 qui

2059 1489 2135 1544 sit
2164 1494 2369 1545 natura
2402 1490 2561 1546 filius
2609 1491 2842 1563 ipsique
2894 1493 3135 1563 proinde
3167 1494 3707 1554 consubstantialis.

2058 1578 2203 1634 Hinc
2237 1579 2525 1635 Abraham
2560 1597 2673 1636 non
2701 1582 2915 1636 creavit
2945 1582 3043 1637 sed
3072 1583 3293 1653 genuit.
3330 1584 3507 1639 Isaac.
3544 1589 3715 1641 Bese-

2056 1665 2166 1723 Ieel
2197 1671 2391 1722 autem
2440 1673 2494 1723 et
2536 1664 2696 1723 Eliab
2748 1686 2863 1724 non
2913 1675 3265 1742 genuerunt,
3316 1671 3417 1727 sed
3451 1673 3715 1729 fecerunt

2058 1756 2258 1811 omnia
2287 1772 2463 1828 opera
2494 1774 2621 1830 quae
2655 1758 2713 1812 in
2745 1759 3119 1815 tabernrculo
3150 1766 3316 1815 erant
3336 1761 3401 1814 ⁸⁸.
3432 1762 3714 1819 Similiter

2059 1844 2293 1901 navium
2339 1850 2396 1901 et
2437 1846 2816 1902 aedificiorum
2873 1848 3246 1904 fabricatores
3295 1866 3409 1905 non
3460 1851 3714 1924 gignunt

1976 1975 2025 2041 B
2058 1950 2186 2007 qua:
2236 1934 2456 2041 faciunt
2480 1935 2637 2041 ἐνεοί)
2686 1934 2769 1989 illi
2802 1936 3039 2041 quidem
3096 1954 3325 2006 navem,
3357 1938 3416 1993 bi
3467 1940 3708 1996 domum

2056 2026 2427 2080 construunt.
2480 2022 2573 2080 Sic
2614 2023 2756 2080 item
2810 2024 2971 2081 Isaac
3019 2043 3131 2082 non
3183 2026 3338 2099 fecit,
3371 2028 3471 2083 sed
3505 2030 3711 2101 genuit

2054 2111 2166 2169 sibi
2218 2116 2429 2167 natura
2479 2113 3046 2170 consubstantialem
3094 2115 3299 2181 Jacob,
3334 2121 3398 2172 ut
3447 2121 3501 2172 et
3530 2116 3709 2175 Jacob

2050 2202 2261 2257 Judam
2295 2218 2361 2257 ac
2391 2202 2597 2258 fratres
2629 2202 2778 2273 ejus.
2832 2204 3114 2269 Quocirca
3161 2213 3222 2259 ut
3251 2204 3301 2260 is
3334 2222 3480 2261 sana
3510 2212 3706 2277 mente

2054 2308 2168 2345 non
2205 2294 2380 2361 esset,
2413 2290 2512 2362 qui
2543 2291 2784 2346 domum
2817 2290 2903 2345 vel
2937 2309 3142 2348 navem
3174 2292 3368 2365 opifici
3401 2312 3530 2351 esse
3558 2311 3699 2352 con-

2054 2379 2504 2435 substantialem
2538 2379 2793 2435 diceret:
2828 2381 2902 2436 its
2948 2382 3204 2453 profecto
3232 2383 3396 2438 fateri
3431 2386 3703 2441 convenit

2054 2483 2290 2525 omnem
2339 2468 2526 2524 ﬁlium
2576 2487 2683 2524 suo
2734 2470 2884 2542 patri
2937 2487 3065 2526 esse
3111 2472 3696 2529 consubstantialem.

2055 2560 2418 2631 QuaprOpter
2455 2558 2504 2612 si
2545 2575 2675 2613 vere
2704 2564 2759 2614 et
2790 2562 2956 2614 Pater
2984 2564 3041 2615 et
3088 2560 3272 2616 Filius
3318 2565 3426 2629 est,
3461 2579 3700 2620 necesse

2053 2647 2293 2704 omnino
2333 2651 2422 2703 est
2452 2646 2663 2703 Filium
2716 2651 2924 2703 natura
2951 2653 3007 2703 et
3055 2649 3294 2706 veritate
3325 2650 3556 2720 Filium,
3590 2652 3702 2708 hoc

2052 2736 2306 2792 eetPatri
2331 2736 2890 2791 consubstantialem
2906 2740 3213 2810 esse,quod
3240 2740 3479 2811 quidem
3500 2741 3704 2797 multis

2053 2826 2521 2881 demonstratum
2545 2829 2654 2880 est.
2680 2826 2840 2881 Certe
2857 2826 2926 2881 de
2943 2826 3219 2898 operibus
3242 2828 3454 2884 dicitur
3478 2845 3492 2884 :
3520 2852 3549 2879 ‹‹
3575 2830 3705 2902 Ipse

2053 2912 2220 2978 dixit,
2274 2918 2331 2968 et
2393 2912 2542 2969 facta
2596 2918 2777 2982 sunt;
2841 2914 2967 2986 ipse
3025 2916 3339 2984 mandavit,
3400 2922 3459 2973 et
3515 2922 3707 2974 creata

2054 3002 2284 3057 sunt“.
2321 3023 2341 3050 ιι
2378 3000 2457 3055 De
2507 3000 2643 3055 Filio
2693 3004 2886 3057 autem
2924 3019 2935 3057 :
2972 3025 2999 3052 «
3032 3004 3330 3059 Eructavit
3376 3020 3476 3060 cor
3506 3022 3701 3062 meum

2052 3089 2306 3146 Verbum
2358 3090 2576 3144 bonum
2613 3090 2658 3125 “
2729 3114 2751 3143 ι
2810 3089 3011 3147 Daniel
3062 3109 3296 3164 quoque
3343 3093 3554 3149 Filium
3605 3095 3705 3151 Dei

2054 3178 2271 3251 optime
2315 3182 2552 3233 noverat
2584 3195 2597 3231 :
2630 3183 2866 3235 noverat
2913 3183 2969 3234 et
3007 3180 3108 3235 Dei
3157 3197 3352 3253 Opera.
3392 3181 3593 3254 Itaque
3624 3184 3711 3239 Fi-

2054 3267 2203 3322 lium
2233 3266 2468 3339 quidem
2501 3267 2771 3323 ﬂammas
2803 3268 3058 3324 fornacis
3093 3287 3219 3325 rore
3252 3270 3593 3344 irrigantcm
3624 3272 3709 3328 vi-

3356 3362 3707 3433 Benedicite,

2060 3445 2259 3502 omnia
2278 3462 2454 3517 opera
2473 3443 2725 3516 Domini,
2752 3446 3001 3501 Domino
3021 3447 3083 3517 ‘5,
3112 3470 3138 3496 ››
3171 3448 3439 3522 singulas
3470 3450 3710 3522 quidem

2066 3550 2158 3591 res
2188 3538 2414 3590 creatas
2454 3534 2817 3590 enumeravit
2847 3553 2860 3592 :
2894 3536 2991 3591 sed
3044 3536 3195 3592 inter
3224 3553 3323 3594 eas
3353 3539 3562 3595 Filium
3598 3542 3712 3596 mi-

2065 3625 2223 3679 nime
2251 3621 2554 3679 collocavit
2586 3639 2599 3677 :
2636 3622 2853 3696 quippe
2888 3624 2988 3696 qui
3021 3642 3135 3681 non
3169 3632 3325 3683 esset
3355 3629 3611 3698 nescius,
3645 3629 3714 3684 iI-

2066 3712 2190 3769 lum
2219 3728 2366 3784 opus
2399 3728 2512 3766 non
2545 3728 2696 3778 esse,
2724 3713 2824 3767 sed
2849 3729 2951 3783 per
2981 3714 3173 3786 ipsum
3202 3715 3351 3771 facta
3368 3733 3496 3773 esse
3520 3735 3720 3791 opera,

2069 3816 2324 3872 eumque
2354 3800 2415 3855 in
2457 3804 2624 3855 Patre
2673 3800 2901 3857 laudari
2952 3806 3010 3857 et
3060 3804 3500 3875 superexaltari.
3535 3807 3722 3879 Igitur

2072 3890 2574 3964 quemadmonum
2598 3890 2689 3945 Dei
2714 3891 2968 3963 cognitio
3004 3909 3105 3963 per
3124 3893 3319 3965 ipsum
3334 3893 3588 3951 Verbum
3614 3895 3719 3951 ha-

2074 3983 2247 4038 betur
2279 3998 2291 4037 :
2325 3980 2408 4036 ita
2458 3996 2560 4051 per
2605 3980 2800 4052 ipsum
2845 3986 2903 4036 et
2928 3982 2987 4036 in
3020 3982 3147 4053 ipso
3196 3982 3543 4054 benedictio,
3572 3984 3727 4041 lausi

2076 4069 2259 4143 gloria
2288 4073 2346 4125 et
2378 4068 2637 4140 potentia
2659 4069 2813 4124 Patri
2838 4070 3190 4141 concinitur,
3224 4088 3340 4143 quo
3371 4077 3535 4144 grata
3555 4077 3611 4129 et
3632 4090 3727 4129 ac-

2078 4164 2245 4231 cepta
2302 4159 2379 4215 sit
2437 4157 2779 4229 bujusmodi
2832 4159 3143 4226 confessio,
3203 4160 3372 4215 sicuti
3431 4161 3731 4234 Scriptura

2078 4251 2396 4304 testantur.
2434 4248 2634 4319 Itaque
2677 4262 2809 4301 cum
2865 4263 2934 4301 ex
2966 4246 3169 4302 multis
3221 4249 3569 4318 rationibus,
3599 4254 3729 4308 tum

2082 4336 2238 4394 550
2269 4352 2337 4390 ex
2364 4335 2495 4391 istis
2546 4333 2924 4407 perspicuum
2974 4338 3029 4391 et
3073 4335 3313 4392 evidens
3360 4343 3450 4394 est
3480 4337 3729 4412 impium

319 4452 455 4492 eum
491 4448 620 4490 esse
650 4431 987 4503 quicunque
1018 4425 1121 4484 Dei
1147 4425 1406 4482 Verbum
1440 4439 1561 4480 rem
1593 4426 1850 4479 creatam
1879 4439 2008 4480 esse
2040 4423 2361 4482 contendit.

395 4553 441 4588 η
474 4548 679 4606 Matth.
712 4562 914 4613 XXVIII,
947 4544 1034 4600 19.
1110 4542 1155 4577 ⁴²
1187 4540 1366 4598 Exod.
1398 4556 1594 4609 xxxw,
1626 4540 1677 4594 1.
1756 4539 1800 4574 ⁸³
1830 4538 1983 4596 Psal.
2006 4556 2238 4607 CXLVIII,
2262 4541 2318 4595 5.
2394 4537 2439 4573 “
2467 4537 2623 4594 Psal.
2657 4555 2808 4607 χειν,
2840 4541 2894 4595 2.
2971 4539 3016 4575 ⁸⁸
3048 4540 3190 4596 Dan.
3222 4558 3307 4610 III,
3337 4543 3427 4598 57.

397 4665 513 4738 (44)
543 4664 659 4738 Sic_
692 4661 904 4738 Regius
961 4663 1021 4738 et
1075 4658 1309 4738 Seguer.
1344 4653 1545 4738 Castori
1601 4670 1735 4738 vero
1765 4659 1818 4710 et
1848 4653 1985 4711 editi
2021 4658 2064 4722 Ι)

325 4723 614 4795 omittunt
642 4723 943 4789 ἐστιῘΜοχ
972 4730 1094 4786 haec
1127 4723 1323 4793 v'erba,
1356 4729 1473 4787 τοῖς
1501 4723 1854 4793 ἀποστόλοις,
1885 4744 1985 4778 πο-

363 4806 624 4873 ευθέντες,
651 4806 949 4861 habentur
975 4801 1036 4857 in
1063 4801 1141 4857 Re
1185 4799 1263 4869 io,
1314 4797 1555 4870 Seguer.
1605 4797 1831 4870 Anglic.
1884 4797 1989 4854 Go-

326 4828 475 4938 bler.
509 4884 566 4934 et
596 4876 786 4933 Felck.
819 4874 1032 4938 primo,
1064 4877 1121 4928 et
1146 4818 1295 4938 iegit
1325 4869 1611 4934 Nannius,
1646 4872 1742 4925 sed
1777 4870 1989 4924 desunt

371 4883 566 4958 ler.._et
596 4874 1121 4958 Felck._p_rim.o,.§t
1150 4874 1304 4958 1681i

327 4955 389 5009 in
440 4950 573 5007 aliis
629 4954 684 5005 et
739 4938 934 5003 editis.
968 4938 1452 5014 Ibidemr'Begius
1513 4946 1567 4996 et
1613 4945 1878 5014 Seguer.,
1911 4938 1988 5000 εἷς

330 5021 425 5077 dvo
538 5019 751 5092 Ιιατρὸς
781 5018 871 5072 καὶ
902 5015 1032 5070 Υὶοῦ
1061 5014 1149 5068 καὶ
1187 5012 1368 5087 ἁγίού,
1403 5017 1513 5067 etc.

404 5040 516 5165 (6?)
548 5092 760 5165 Regius
791 5097 850 5145 et
877 5093 1143 5165 §eguer._,
1166 5082 1291 5158 εῗρη
1304 5085 1502 5156 μένων,

333 5174 392 5222 et
411 5157 662 5221 'GoblerT
685 5179 751 5217 ac
806 5157 997 5229 Felck.
1035 5157 1295 5229 primus
1325 5171 1674 5226 anonymus,
1711 5157 1990 5229 εἴποιμεν,

335 5238 435 5294 ubi
467 5236 565 5293 alii
595 5239 652 5290 et
679 5232 842 5303 editi,
877 5223 1151 5303 εἴπωμεν..
1180 5223 1564 5303 Ibidem_post
1594 5223 1851 5303 πατέρας,
1877 5223 1994 5303 ’ΒΘ-ξ

336 5310 481 5383 gius
504 5312 562 5363 et
590 5298 839 5383 Seguerf
864 5298 1361 5383 adduntutaun‘bv.
1408 5298 1628 5353 Ibidem
1674 5300 1903 5353 Gobler.
1939 5301 1998 5353 et

336 5367 531 5436 Felck.
564 5367 814 5441 primus,
846 5371 948 5427 οὐκ
975 5392 1035 5427 αν
1070 5367 1214 5425 εἴποι
1246 5368 1469 5441 κτίσμα.

417 5395 531 5436 ιοκ.
605 5395 750 5433 rImu

412 5452 528 5525 (46)
557 5395 643 5506 iia
671 5449 750 5505 Re

341 5579 721 5676 MoxLBehgiu's
755 5579 1105 5676 etVSeguer.,
1137 5584 1228 5640 καὶ
1248 5579 1536 5676 ιΒεαῖελεῂλ
1563 5579 1654 5676 δέ,
1675 5588 1785 5676 ets.

412 5667 526 5740 (47)
556 5653 648 5720 Sic
679 5653 1176 5784 RegiusfSeéguer.
1215 5662 1272 5713 et
1294 5655 1659 5739 .Anglic._A_t
1706 5653 2003 5721 Ottobon.,

412 5759 500 5790 »σαι
556 5735 649 5790 τὸν
683 5727 879 5790 Ἰακὼϐ
936 5730 991 5785 υἱ
1026 5751 1075 5786 ν.
1106 5733 1313 5786 Creten
1372 5734 1431 5783 et
1489 5726 1668 5781 editio
1698 5723 2005 5790 Commel.,

342 5790 556 5867 ὲᾴὶῖέδν
591 5799 807 5864 Ἰακώϐ.
844 5808 973 5860 Mox
1017 5802 1162 5859 ibid.
1210 5798 1444 5857 Gobler.
1493 5802 1552 5854 et
1585 5796 1771 5854 Felck.
1805 5798 1855 5869 ι,
1891 5796 1919 5848 δ
1949 5790 2008 5849 δὲ

343 5727 522 5817 φύξσειί
556 5735 649 5817 τὲν
683 5727 897 5817 Ἰαξιὼξ
936 5730 991 5785 υἱ

666 5934 932 5997 ΡΔΊἩΟΙ..
962 5931 1091 5993 ϐπ.
1139 5927 1359 5993 XXVI.

1174 4871 1295 4942 egit
1325 4869 1611 4942 Nannius,
1646 4869 1742 4925 sed
1777 4870 1992 4942 desunt

549 5082 760 5170 Iteg'ius
791 5097 850 5170 et
877 5093 1143 5170 {Seguerv
1166 5082 1502 5158 εῗρημὲνων,
1528 5082 1826 5170 iidemqpe
1857 5099 1992 5137 mox

754 5437 912 5574 gius,
947 5451 1005 5500 et
1032 5448 1276 5525 Seguer.
1310 5437 1539 5522 Gobler.
1573 5444 1630 5495 et
1663 5440 1851 5521 Felck.
1876 5437 1999 5527 pri-

785 5525 906 5574 emt
950 5516 1260 5574 Nannius;
1297 5519 1358 5569 at
1403 5514 1500 5567 alll
1551 5518 1608 5566 et
1657 5513 1820 5574 editi,
1854 5509 1999 5562 ὶιόν.

342 5509 598 5591 ωὺε,ὐι
650 5525 709 5576 et
755 5509 909 5592 legit
950 5509 1358 5592 Nannius_;_at
1394 5513 1521 5592 alii
1551 5518 1613 5592 et
1657 5513 1820 5592 editi,
1854 5509 1999 5562 Υὶόν.

2094 4654 2187 4741 τδν
2223 4649 2419 4778 ξούδδα.
2454 4655 2657 4727 Ὥσπερ
2720 4650 2836 4723 οὖν,
2865 4660 2973 4711 etc.
3008 4655 3224 4729 Regius
3280 4657 3455 4714 habet
3513 4674 3749 4730 quoque

2095 4746 2189 4780 τον
2271 4745 2331 4779 0U
2371 4744 2423 4780 α.

2170 4766 2666 4870 ἱιέῖὲῖἓίιοείυε,
2699 4796 2936 4870 Seguer.
2971 4797 3202 4870 Gobler.
3234 4799 3422 4870 Felck.
3457 4799 3508 4865 4,
3541 4802 3598 4855 et
3625 4799 3742 4856 An-

2099 4868 2390 4940 glic.,sed
2423 4884 2455 4923 a
2484 4868 2674 4940 tribus
2707 4868 3021 4940 postremis
3070 4871 3233 4927 abest
3276 4868 3408 4925 ἐστι.
3438 4870 3637 4940 caeteri
3687 4875 3744 4927 et

2099 4936 2264 5004 editi,
2295 4939 2441 4999 Υἱὸν,
2472 4936 2742 4993 τουτέστίν
2777 4938 3091 5012 ὁμοούσιον.
3238 5011 3268 5012 η
3311 5010 3318 5012 _
3476 4936 3489 4947 ’

2171 5012 2284 5083 (49)
2317 5016 2400 5066 Ita
2430 5013 2666 5083 Regius,
2695 5010 2933 5082 Seguer.
2968 5012 3195 5067 Gobler.
3232 5010 3420 5066 Felck.
3458 5013 3482 5066 1
3531 5015 3589 5083 et
3644 5012 3742 5067 Ot-

2100 5080 2297 5139 tobon.
2321 5080 2539 5158 [lateri
2558 5090 2750 5158 autem
2775 5080 2911 5158 cum
2944 5084 3210 5158 editione
3228 5084 3530 5158 Commel.,
3563 5080 3744 5158 δροσί-

2102 5174 2284 5279 ἷξιὲἔα.
2320 5155 2464 5210 Ibid.
2497 5156 2708 5224 Regius
2738 5160 2796 5209 et
2840 5156 3101 5225 Seguer.,
3136 5149 3263 5209 εἶδε.
3296 5157 3407 5209 Alii
3467 5149 3525 5211 et
3578 5149 3741 5227 editi,

2178 5295 2506 5372 (50)‘Felc-k.
2539 5296 2573 5347 2
2620 5299 2698 5372 et“
2723 5295 2882 5360 editi,
2918 5294 3018 5347 ούκ
3076 5288 3184 5347 ἔστι
3239 5295 3356 5367 μέν,
3387 5300 3445 5352 et
3473 5314 3626 5367 mox,
3657 5294 3744 5372 γέ-

2104 5361 2228 5443 γονε
2252 5361 2363 5443 μὲν.
2386 5366 2567 5443 *ιιτοὶντοιΔ
2582 5366 2649 5419 τὰ
2673 5361 2818 5443 ἔργα.

2178 5386 2226 5420 νε
2261 5386 2352 5437 μεν
2386 5386 2556 5419 παντα
2582 5386 2649 5419 τα
2673 5386 2818 5492 ερ‹γα.

2326 5438 2515 5518 [θοι-ομ.
2543 5440 2662 5518 2Λ8ὶ
2692 5455 2722 5492 e
2770 5438 2871 5518 itio
2899 5437 3204 5518 commata
3234 5439 3436 5518 "tlo'xtep
3469 5457 3594 5518 γαρ..

2181 5512 2294 5581 (52)
2326 5510 2510 5563 Editio
2557 5509 2844 5581 Commel.
2891 5516 2957 5581 et
3016 5508 3205 5565 Felck.
3236 5514 3270 5562 2
3316 5509 3403 5561 καί
3466 5508 3755 5567 omittunt

2112 5576 2240 5637 Mox
2267 5576 2527 5654 Seguer.,
2557 5577 2650 5654 ’ίνα
2682 5576 3094 5654 εὐπρόσδεκτος,

2331 5653 2417 5735 Ita
2438 5656 2579 5735 ‘Reg.
2608 5652 2846 5735 Segpe'r.
2882 5653 3058 5708 Basil.
3091 5658 3147 5707 et
3174 5652 3403 5725 Anglic.
3433 5655 3504 5709 At
3550 5654 3649 5711 alii
3700 5656 3758 5712 et

2116 5719 2255 5781 editi
2280 5719 2567 5781 omittunt
2594 5719 3004 5781 XdiVSEiXVU‘tat.

3401 5928 3482 5989 20
