4076 6326
435 461 553 524 619
985 465 1049 522 S.
1097 461 1520 524 ATHANASII
1567 462 1741 525 OPP.
1788 463 1993 524 PARS
2037 461 2086 523 Ι.
2119 496 2194 507 -
2229 459 2642 524 HISTORICA
2688 457 2786 520 ET
2830 453 3306 519 DOGMATICA.
3719 455 3842 516 620

501 593 558 648 7.
589 593 806 650 Verum
839 609 974 649 cum
1007 593 1260 649 maxime
1291 593 1382 649 his
1412 594 1859 650 Proverbiorum
1891 592 2072 648 verbis

2262 593 2317 645 7.
2348 587 2502 648 Ἀλλ’
2529 586 2716 657 ἐπειδή
2777 587 3207 665 προφασίζονται
3251 585 3313 641 τὸ
3369 584 3422 641 ἐν
3467 590 3585 649 ταῖς
3635 591 3840 660 Παροι-

433 681 542 738 niti
571 681 899 749 videantur,
937 704 958 730 ε
992 682 1279 738 Dominus
1310 682 1530 738 creavit
1575 697 1667 739 me
1693 681 1925 738 initium
1959 681 2072 737 via-

2195 678 2345 752 μίαις
2388 678 2764 754 γεγραμμένον
2813 678 2914 748 τὸ,
2961 701 2988 728 ‹‹
3051 675 3250 751 Κύριος
3307 672 3478 730 ἔκτισέ
3537 695 3604 748 με
3662 675 3840 750 ἀρχὴν

433 787 564 826 rum
587 787 829 827 suarum
846 771 906 825 in
929 787 1104 842 opera
1117 773 1301 842 sua“,
1323 795 1343 820 ι
1373 775 1549 842 atque
1565 771 1635 826 ad
1661 771 1818 826 hunc
1842 771 2072 826 modum

2191 762 2330 819 ὁδῶν
2390 764 2555 819 αὐτοῦ
2614 763 2690 826 είς
2750 761 2879 839 ἔργα
2935 760 3120 831 αὐτοῦ,
3154 785 3182 814 ››
3215 760 3306 816 καὶ
3355 759 3700 837 ἐπιλέγουσιν
3729 763 3844 834 (54)

433 859 805 916 concludant.
839 859 982 914 Ecce
1011 859 1192 932 igitur
1217 861 1453 927 creavit,
1487 877 1552 915 ac
1586 860 1828 932 proinde
1873 877 1964 914 res
1993 863 2072 915 est

2191 853 2421 916 ἑαυτοῖς·
2467 850 2616 910 ιἸδοῖι
2674 847 2869 924 ἔκτισε,
2929 850 3019 906 καὶ
3075 849 3275 924 κτίσμα
3331 848 3488 905 ἐστίν’
3548 848 3840 926 ἀναγκαῖόν

431 952 666 1014 creata;
699 965 729 1003 e
758 964 820 1003 re
849 964 993 1003 sane
1041 948 1216 1004 fuerit
1243 966 1312 1005 ex
1344 949 1455 1006 hoc
1501 949 1678 1004 etiam
1716 950 1838 1004 loco
1880 952 2081 1003 osten-

431 1035 567 1092 dere
594 1039 883 1107 quantum
915 1035 999 1091 illi
1033 1035 1490 1108 ballucinentur,
1514 1042 1571 1093 et
1600 1055 1633 1092 a
1663 1053 1841 1109 scopo
1871 1037 2080 1092 divinas

428 1124 742 1196 Scriptum
793 1125 1084 1181 aberrent.
1143 1126 1452 1181 Enimvero
1510 1125 1559 1182 si
1611 1125 1789 1182 Filius
1838 1130 1947 1193 est,
1989 1141 2081 1181 res

429 1215 622 1269 creata
652 1230 724 1270 ne
753 1213 982 1270 dicatur
1015 1230 1027 1270 :
1061 1215 1160 1271 sed
1195 1215 1243 1270 si
1279 1232 1372 1270 res
1402 1220 1491 1271 est
1513 1222 1728 1280 creata,
1763 1214 1940 1269 Filius
1964 1231 2079 1270 non

431 1301 778 1374 appelletur.
809 1303 1076 1376 Namque
1107 1320 1288 1376 supra
1319 1305 1630 1376 probatum
1661 1308 1770 1371 est,
1793 1307 2079 1373 quantum

429 1395 585 1447 esset
614 1391 695 1446 rei
724 1397 932 1448 creatae
961 1397 1019 1448 et
1049 1392 1155 1446 filii
1187 1393 1525 1449 discrimen.
1551 1393 1790 1462 Deinde,
1815 1408 1950 1447 cum
1973 1391 2080 1446 ini-

427 1479 595 1535 tiatio
620 1479 741 1535 sive
792 1481 1122 1552 baptismus
1170 1481 1369 1536 nonin
1423 1483 1659 1536 nomine
1707 1481 1986 1536 creatoris
2024 1484 2082 1534 et

430 1567 512 1624 rei
543 1572 770 1634 creata,
797 1569 896 1624 sed
930 1569 988 1622 in
1017 1568 1266 1638 {nomine
1296 1569 1485 1624 Patris
1515 1576 1572 1623 et
1605 1568 1727 1623 Filii
1763 1569 2079 1640 perﬁcitur,

2192 941 2304 997 ἐστι
2351 942 2442 998 καὶ
2491 941 2550 997 ἐκ
2577 943 2778 997 τούτου
2809 939 2975 1012 δεῖξαι
3030 941 3155 996 ὅσον
3201 938 3540 1011 πλανῶνται,
3573 941 3650 1014 μή
3705 936 3846 994 είδό-

2188 1052 2275 1092 τες
2330 1032 2422 1086 τὸν
2485 1031 2686 1086 σκοπὸν
2743 1037 2842 1100 τῆς
2905 1028 3050 1094 θείας
3083 1032 3320 1107 Γραφῆς.
3355 1028 3416 1084 Ei
3449 1029 3546 1102 μὶν
3572 1025 3664 1082 οὖν
3715 1027 3842 1090 Υἱός

2191 1119 2323 1191 ἐστι,
2354 1122 2429 1192 μή
2481 1119 2721 1196 λεγέσθω
2749 1120 2972 1192 κτίσμα·
3009 1118 3054 1173 εἶ
3105 1116 3164 1173 δὲ
3205 1117 3429 1192 κτίσμα,
3466 1119 3542 1190 μὴ
3602 1115 3840 1194 λεγέσθω

2191 1210 2333 1270 Υἱός.
2367 1207 2638 1264 Δέδεικται
2671 1211 2774 1285 γὰρ
2819 1208 2872 1264 ὲν
2928 1213 3044 1270 τοῖς
3098 1201 3427 1281 ἔμπροσθεν,
3463 1208 3563 1278 ὅση
3608 1203 3841 1284 διαφορά

2190 1296 2301 1351 ἐστι
2331 1297 2620 1370 κτίσματος
2651 1297 2740 1352 καὶ
2773 1297 2921 1351 Υἱοῦ.
2947 1296 3047 1350 Καὶ
3093 1292 3280 1364 ἐπειδὴ
3323 1297 3358 1365 ἡ
3407 1293 3691 1358 τελείωσις
3738 1296 3842 1350 οὐκ

2189 1385 2265 1447 εἷς
2315 1386 2534 1457 κτίστην
2577 1386 2667 1441 καὶ
2715 1385 2918 1460 κτίσμα
2963 1387 3108 1458 (55),
3158 1382 3285 1439 ἄλλ’
3329 1383 3406 1446 είς
3466 1382 3682 1460 Πατέρα
3749 1383 3838 1439 καὶ

2191 1474 2310 1529 Υίὸν
2362 1480 2566 1550 κρατεῖ,
2595 1474 2800 1549 ἀνάγκη
2854 1474 2930 1547 μὴ
2982 1472 3232 1549 λέγεσθαι
3281 1471 3504 1546 κτίσμα,
3539 1471 3665 1528 ἀλλ’
3715 1474 3838 1528 Υἱὸν

2185 1564 2280 1617 τὸν
2313 1562 2537 1638 Κύριον.
2573 1563 2650 1622 0'3
2679 1565 2974 1638 γέγραπται
3003 1561 3096 1616 οὖν
3120 1582 3135 1631 ;
3163 1561 3316 1640 φησί.
3350 1561 3454 1616 Ναὶ
3513 1562 3841 1636 γέγραπται,

429 1671 667 1712 necesse
695 1661 785 1712 est
817 1658 1128 1712 Dominum
1161 1674 1274 1713 non
1312 1673 1432 1712 rem
1463 1663 1717 1712 creatam
1743 1658 1842 1712 sed
1869 1656 2072 1711 Filium

2191 1652 2276 1706 καὶ
2309 1652 2610 1728 ἀναγκαίως
2646 1648 2880 1726 εἷ’ρηταιυ
2913 1649 3058 1707 ἀλλᾶ
3085 1655 3264 1713 κακῶς
3308 1655 3493 1704 νοοῦσι
3539 1651 3604 1705 τὸ
3652 1647 3840 1714 καλῶς

427 1745 642 1801 vocari.
675 1749 770 1812 At,
799 1745 1094 1818 inquiunt,
1128 1762 1201 1801 an
1252 1763 1366 1802 non
1395 1747 1450 1801 id
1485 1747 1772 1817 scriptum
1821 1745 1955 1800 est?
1998 1744 2072 1800 Ita

2191 1740 2481 1816 εἰρημένον
2514 1742 2566 1795 οἱ
2598 1741 2881 1816 αἱρετικοί.
2914 1739 2977 1795 Ei
3031 1740 3134 1815 γὰρ
3183 1739 3364 1795 ἐνόουν
3415 1740 3505 1794 καὶ
3543 1737 3838 1815 ἐγίνωσκον

430 1849 570 1891 sane
595 1834 881 1906 scriptum
911 1840 1003 1890 est
1029 1839 1085 1890 et
1110 1835 1438 1890 necessario
1465 1835 1687 1889 dictum
1722 1851 1734 1888 :
1769 1835 1867 1889 sed
1904 1835 2072 1889 haere-

2191 1831 2278 1884 τὸν
2313 1836 2633 1904 χαρακτῆρα
2669 1833 2765 1884 τοῦ
2793 1831 3238 1902 Χριστιανισμοῦ,
3269 1829 3371 1883 οὐκ
3400 1825 3459 1883 ἂν
3491 1829 3582 1883 τὸν
3640 1827 3836 1904 Κύριον

430 1921 528 1978 tici
552 1923 706 1995 quod
732 1923 878 1978 bene
895 1923 1116 1978 dictum
1140 1928 1248 1988 est,
1269 1925 1422 1978 male
1445 1923 1700 1994 profecto
1721 1911 2072 1990 intelligunt.

2191 1925 2286 1987 τῆς
2319 1915 2476 1990 δόξης
2511 1915 2696 1994 ἔλεγον
2727 1918 2928 1991 κτίσμα
2973 1919 3128 1990 εἶναι,
3159 1915 3289 1972 οὐδὲ
3338 1917 3709 1992 προσέκοπτον
3759 1915 3838 1990 τῷ

427 2011 484 2066 Si
515 2011 671 2067 enim
721 2011 1145 2067 Christianismi
1198 2012 1443 2067 formam
1476 2016 1533 2068 et
1562 2011 1953 2066 characterem
1987 2012 2072 2066 in-

2191 2008 2556 2082 γεγραμμὲνῳ
2584 2006 2787 2069 καλῶς.
2824 2009 3054 2064 Ἐκεῖνοι
3099 2006 3193 2079 μὶν
3237 2003 3328 2062 οὖν
3379 2031 3407 2057 ‹‹
3451 2006 3551 2061 οὐκ
3580 2003 3835 2082 ἔγνωσαν,

430 2100 760 2172 telligerent
805 2104 1312 2172 cognoscerentve,
1369 2101 1675 2156 Dominum
1726 2101 1919 2171 gloriaa
1955 2117 2072 2155 rem

2191 2093 2316 2150 οὐδὲ
2345 2100 2597 2161 συνῆκανδ
2635 2121 2662 2147 ››
2694 2093 2784 2150 διὰ
2810 2094 2994 2166 τοῦτο,
3026 2095 3100 2158 ὡς
3132 2094 3456 2172 γέγραπται,
3497 2116 3519 2145 ε
3567 2095 3620 2150 ἐν
3654 2095 3834 2168 σκότῳ

431 2195 688 2244 creatam
718 2205 846 2244 esse
878 2205 1250 2260 nequaquam
1286 2190 1567 2256 dicerent,
1592 2205 1778 2260 neque
1811 2190 1966 2260 quod
1999 2205 2082 2244 re-

429 2280 524 2332 cte
550 2275 834 2348 scriptum
865 2281 974 2344 est,
997 2276 1115 2332 illis
1145 2277 1332 2332 instar
1351 2275 1577 2348 scopuli
1607 2283 1776 2332 esset.
1801 2277 1868 2331 Hi
1900 2278 2082 2348 igitur

437 2383 459 2412 ι
485 2363 822 2419 nescierunt
844 2381 1033 2436 neque
1060 2363 1470 2419 intellexerunt
1491 2366 1554 2432 ‘7,
1577 2385 1604 2413 ››
1640 2380 1812 2433 quam
1836 2365 1908 2418 ob
1931 2381 2075 2433 rem,

430 2452 516 2508 uti
547 2453 832 2526 scriptum
878 2457 990 2521 est,
1027 2474 1056 2501 «
1084 2453 1143 2508 in
1178 2453 1437 2508 tenebris
1489 2452 1794 2508 ambulant
1814 2454 1876 2505 ‘8.
1909 2476 1936 2502 ››
1971 2453 2076 2508 Ve-

429 2546 762 2597 rumtamen
813 2558 934 2597 rem
985 2540 1273 2613 explicare
1305 2557 1541 2597 necesse
1593 2547 1700 2608 est,
1730 2558 1862 2597 cum
1898 2547 1962 2597 ut
1991 2541 2075 2598 illi

426 2631 601 2686 etiam
633 2631 744 2686 hoc
790 2631 848 2685 in
901 2630 1026 2686 loco
1059 2631 1324 2702 desipere
1373 2631 1815 2696 convincantur,
1845 2637 1970 2686 tum
2007 2649 2077 2688 ne

426 2735 532 2775 nos
562 2719 672 2792 ipsi
709 2719 1117 2776 refutationem
1144 2719 1375 2775 illorum
1402 2719 1724 2791 impietatis
1756 2721 2074 2791 praetermi-

424 2808 574 2864 sisse
603 2809 928 2871 videamur.
962 2825 1029 2864 ac
1078 2809 1332 2879 denique
1379 2810 1625 2864 fortasse
1657 2815 1722 2863 ut
1749 2809 1927 2864 iidem
1962 2809 2074 2880 ipsi

424 2913 658 2970 quoque
689 2897 1052 2970 resipiscam.
1105 2899 1159 2954 Is
1206 2904 1296 2953 est
1323 2897 1523 2970 itaque
1567 2898 1906 2954 Christianae
1941 2897 2076 2953 fidei

423 2986 747 3056 character,
782 2987 991 3043 Filium
1027 2987 1146 3054 Dei,
1180 2989 1278 3060 qui
1315 2987 1562 3042 Verbum
1597 2993 1744 3042 Deus
1774 2991 1862 3042 est
1892 2993 2072 3056 (nam,

424 3095 454 3124 ‹‹
498 3075 559 3130 in
620 3073 905 3147 principio
958 3080 1083 3132 erat
1137 3075 1394 3132 Verbum
1453 3079 1510 3130 et
1556 3081 1702 3131 Deus
1760 3081 1886 3130 erat
1931 3075 2072 3130 Ver-

422 3163 566 3219 bum
587 3164 651 3234 ”,
672 3164 726 3233 »)
753 3163 871 3236 :qui
902 3164 1189 3236 sapientia
1217 3169 1275 3220 et
1322 3165 1508 3219 virtus
1553 3165 1740 3220 Patris
1771 3170 1859 3220 est
1889 3163 2072 3236 (Chri-

423 3257 553 3308 stus
603 3252 758 3308 enim
807 3253 905 3308 Dei
954 3253 1143 3309 virtus
1190 3258 1246 3308 et
1278 3254 1373 3309 Dei
1423 3253 1710 3325 sapientia
1729 3254 1818 3324 ⁵ο),
1851 3253 1911 3308 in
1958 3253 2072 3308 ﬁne

2191 2182 2641 2260 διαπορεύονται·
2692 2209 2720 2238 ››
2776 2188 2924 2258 ἡμᾶς
2974 2181 3032 2240 δὲ
3079 2183 3232 2257 ὅμως
3291 2184 3581 2259 ἀναγκαῖον
3640 2184 3832 2256 εἰπεῖν,

2182 2274 2256 2327 τίν⁹
2287 2273 2480 2328 ἐκεῖνοι
2518 2275 2611 2347 μὶν
2643 2275 2732 2329 καὶ
2762 2273 2814 2328 ἐν
2841 2273 3020 2346 τούτῳ
3054 2271 3345 2349 δειχθῶσιν
3388 2271 3638 2351 ἄφρονες,
3669 2276 3834 2347 ἡμεῖς

2189 2360 2246 2417 δὲ
2282 2365 2356 2436 μή
2408 2361 2807 2437 παραλίπωμεν
2855 2363 2947 2417 τὸν
3008 2363 3142 2417 κατὰ
3190 2369 3290 2432 τῆς
3350 2357 3595 2424 ἀσεϐείας
3651 2362 3830 2418 αὐτῶν

2188 2449 2442 2527 ἔλεγχον,
2476 2451 2606 2513 ἴσως
2665 2451 2755 2506 καὶ
2812 2451 2962 2507 αὐτοὶ
3027 2455 3380 2526 μεταγνῶσιν.
3425 2451 3486 2508 Ὀ
3543 2452 3832 2528 χαρακτὴρ

2185 2540 2366 2594 τοίνυν
2414 2547 2514 2609 τῆς
2558 2539 2611 2595 ἄν
2655 2545 2878 2615 Χριστῷ
2924 2537 3156 2602 πίστεώς
3188 2538 3330 2595 ἐστιν
3365 2539 3549 2609 οὗτος,
3579 2540 3670 2594 τὸν
3703 2540 3829 2594 Υίὸν

2185 2633 2280 2682 τοῦ
2327 2633 2482 2700 Θεοῦ,
2515 2631 2692 2704 Λόγον
2742 2624 2870 2684 ὄντα
2919 2630 3048 2684 Θεόν
3082 2631 3098 2702 (
3133 2651 3161 2680 α
3196 2630 3281 2686 Ἐν
3331 2628 3478 2703 ἀρχῇ
3529 2628 3632 2704 γὰρ
3665 2628 3694 2683 6
3728 2629 3834 2684 Λό-

2185 2737 2303 2792 γος,
2331 2718 2419 2772 καὶ
2470 2719 2600 2782 Θεὸς
2641 2719 2707 2786 ἦν
2763 2719 2791 2772 ὁ
2841 2719 3015 2794 Λόγος
3051 2720 3122 2790 n),
3156 2717 3343 2795 σοφίαν
3377 2713 3501 2772 ὄντα
3539 2717 3627 2772 καὶ
3680 2714 3837 2772 δύναο

2189 2828 2278 2878 μιν
2311 2811 2407 2861 τοῦ
2443 2805 2654 2883 Πατρός
2687 2808 2939 2883 (Χριστὸς
2969 2807 3071 2882 γὰρ
3099 2809 3233 2862 Θεοῦ
3271 2803 3501 2880 δύναμις
3549 2805 3638 2862 καὶ
3699 2811 3834 2862 Θεοῦ

2185 2896 2387 2972 σοφία),
2418 2900 2608 2950 τοῦτον
2662 2895 2749 2950 ἐπὶ
2803 2895 3079 2967 συντελείᾳ
3124 2901 3232 2951 τῶν
3280 2894 3494 2950 αἰώνων
3543 2896 3830 2970 ἄνθρωπον

2181 2987 2642 3060 γεγενῆσθαι
2693 2982 2782 3039 διὰ
2834 2986 2932 3055 τὴν
2979 2984 3251 3059 ἡμετέραν
3301 2983 3597 3059 σωτηρίαν.
3650 2983 3827 3048 Λῦτὸς

2182 3073 2286 3150 γὰρ
2336 3075 2364 3128 6
2397 3075 2675 3146 Ἰωάννης,
2708 3073 2965 3145 εἰρηκὼς,
2998 3097 3027 3125 ‹‹
3077 3075 3168 3130 'Ev
3217 3073 3363 3148 ἀρχῇ
3397 3073 3463 3142 ἦν
3491 3075 3519 3128 6
3571 3072 3765 3150 Λόγος,
3799 3097 3829 3125 ››

2186 3163 2300 3233 μετ’
2332 3161 2493 3238 ὀλίγα
2543 3163 2675 3218 εἷπε”
2712 3187 2740 3214 α
2771 3163 2861 3218 καὶ
2911 3163 2939 3217 ὁ
2993 3158 3161 3237 Λόγος
3211 3161 3338 3238 σὰρξ
3383 3160 3612 3239 ἐγένετο·
3650 3187 3676 3215 υ
3709 3161 3825 3219 ἴσον

2179 3256 2259 3323 τῷ
2307 3250 2498 3320 εἰπεῖν,
2533 3249 2816 3326 ἅνθρωπος
2871 3251 3075 3329 γέγονε.
3112 3252 3208 3306 Καὶ
3266 3252 3296 3306 6
3357 3251 3452 3324 μὶν
3487 3255 3598 3325 (57)
3633 3253 3828 3327 Κύριος

421 3340 771 3397 saaculorum
800 3339 1098 3397 hominem
1151 3345 1385 3413 propter
1415 3347 1671 3398 nostram
1704 3342 1952 3398 salutem
1987 3345 2067 3399 l'a-

2191 3341 2302 3414 ιτερὶ
2355 3341 2545 3395 ἑαυτοῦ
2589 3338 2759 3417 ἔλεγεν
2795 3366 2822 3394 ι‹
2869 3341 2930 3395 Τί
2986 3362 3052 3414 με
3096 3346 3304 3411 ζητεῖτε
3335 3341 3675 3406 ἀποκτεῖναι,
3735 3341 3825 3397 ἄν·

421 3433 585 3486 ctum
615 3445 764 3486 esse.
813 3429 1071 3486 Joannes
1099 3429 1256 3486 enim
1289 3431 1387 3502 qui
1421 3431 1590 3500 dixit,
1622 3454 1650 3481 «
1687 3432 1746 3485 ln
1784 3431 2068 3503 principio

417 3521 545 3574 erat
565 3516 822 3574 Verbum
857 3536 870 3574 :
902 3537 928 3570 ιι
968 3535 1102 3574 mox
1149 3519 1424 3590 subjecit,
1477 3541 1505 3568 «
1540 3520 1608 3574 Et
1649 3519 1902 3575 Verbum
1935 3537 2069 3577 caro

419 3605 636 3662 factum
669 3611 758 3662 est
781 3608 845 3675 “,
875 3629 904 3657 ››
936 3608 1091 3680 quod
1144 3608 1296 3664 idem
1331 3613 1421 3664 est
1450 3624 1514 3663 ac
1546 3608 1593 3662 si
1622 3608 1857 3676 diceret,
1892 3609 2068 3666 homo

419 3695 610 3752 factus
659 3701 768 3754 est.
821 3697 969 3764 Quin
1020 3697 1193 3753 etiam
1240 3697 1366 3768 ipse
1425 3697 1707 3754 Dominus
1750 3698 1821 3753 de
1875 3698 2068 3770 seipso

421 3783 614 3841 aiebat
645 3801 658 3840 :
695 3808 722 3836 ‹‹
751 3786 900 3854 Quid
934 3803 1026 3842 me
1074 3786 1334 3858 quaeritis
1387 3786 1733 3849 interﬁcere,
1767 3786 2067 3844 hominem

421 3873 524 3946 qui
545 3873 846 3930 veritatem
871 3873 1034 3930 vobis
1056 3873 1286 3930 locutus
1308 3892 1440 3930 sum
1463 3875 1508 3910 ⁸³
1529 3894 1554 3926 ι
1582 3875 1800 3931 Paulus
1829 3893 1964 3933 vero
1995 3877 2068 3933 ab

418 3961 620 4019 eodem
653 3963 862 4020 doctus
907 3962 1152 4018 scribit:
1187 3987 1214 4012 ‹‹
1251 3963 1412 4019 Unus
1464 3969 1632 4034 Deus,
1666 3981 1819 4019 unus
1857 3969 1915 4020 et
1946 3981 2068 4022 me-

418 4050 610 4108 diator
643 4052 740 4108 Dei
773 4057 831 4109 et
861 4052 1192 4117 hominum,
1226 4053 1401 4109 homo
1433 4052 1699 4109 Christus
1723 4057 1895 4109 Jesus
1916 4054 1960 4088 ⁸³
1987 4069 2000 4108 :
2039 4077 2061 4105 ι

2178 3432 2393 3506 Θρωπον
2426 3430 2484 3491 ’ὀς
2512 3432 2610 3500 τήν
2645 3428 2904 3502 ἀλήθειαν
2935 3431 3062 3504 ὑμῖν
3091 3428 3407 3499 λελάληκα;
3445 3455 3471 3481 ››
3504 3432 3532 3486 6
3573 3427 3630 3486 δὲ
3677 3435 3828 3486 Παῦ-

2179 3516 2299 3586 λος,
2331 3519 2458 3593 παρ’
2507 3518 2670 3574 αὐτοῦ
2725 3519 2928 3592 μαθὼν,
2960 3517 3164 3594 ἔλεγεν·
3199 3542 3227 3572 et
3258 3521 3355 3582 Εἷς
3406 3520 3534 3576 Θεὸς
3586 3523 3715 3594 (58),
3749 3521 3824 3583 εἷς

2177 3609 2263 3662 καὶ
2312 3607 2533 3680 μεσίτης
2579 3613 2715 3664 Θεοῦ
2762 3607 2854 3663 καὶ
2900 3609 3224 3684 ἀνθρώπων,
3257 3606 3541 3684 ἅνθρωπος
3599 3609 3827 3683 Χριστὸς

2179 3695 2408 3767 Ἰησοῦς·
2445 3721 2474 3748 υ
2505 3695 2792 3773 ἄνθρωπος
2853 3693 2911 3752 δὲ
2956 3698 3251 3772 γενόμενος
3310 3697 3399 3752 καὶ
3457 3695 3827 3770 οίκονομήσας

2174 3785 2240 3841 τὰ
2271 3785 2604 3857 ἀνθρώπινα,
2627 3787 2914 3861 τροπώσας
2942 3807 3001 3841 τε
3042 3785 3133 3840 καὶ
3185 3787 3526 3862 καταργήσας
3577 3785 3668 3841 τὸν
3708 3787 3831 3842 καθ’

2176 3877 2336 3947 ἡμῶν
2371 3878 2482 3948 (59)
2516 3877 2763 3948 θάνατον,
2791 3873 3019 3946 κάθηται
3050 3878 3140 3929 νῦν
3175 3873 3228 3930 ἐν
3259 3871 3404 3945 δεξιᾷ
3439 3878 3536 3930 τοῦ
3594 3876 3827 3950 Ιῐατρὸς,

2180 3963 2230 4019 tv
2287 3963 2434 4037 αὐτῷ
2484 3961 2580 4032 ὢν,
2611 3965 2701 4019 καὶ
2749 3968 2845 4018 τοῦ
2897 3965 3106 4040 Ιιατρὸς
3155 3959 3310 4027 ὄντος
3353 3963 3404 4018 ἐν
3438 3964 3607 4037 αὐτῷ,
3642 3963 3824 4041 ὥσπερ

2177 4053 2242 4122 ἦν
2279 4053 2382 4122 ἀεὶ,
2415 4053 2501 4108 καὶ
2533 4049 2642 4108 ἔστι
2673 4051 2986 4116 διαπαντός.

421 4139 614 4207 homo,
647 4140 912 4213 inquam,
947 4141 1134 4196 factus
1166 4141 1291 4213 qui,
1327 4142 1503 4196 rebus
1535 4141 1812 4198 humanis
1844 4143 2061 4214 Optime
2103 4143 2552 4210 administratis,
2584 4148 2640 4199 et
2686 4148 2892 4214 morte,
2925 4145 3096 4216 cujus
3125 4144 3206 4200 rei
3237 4160 3494 4214 eramus,
3527 4143 3730 4217 fugata
3757 4160 3826 4203 ac

417 4229 742 4298 destructa,
769 4231 892 4302 jam
925 4230 998 4284 ad
1027 4231 1290 4286 dextram
1324 4230 1514 4287 Patris
1546 4232 1727 4292 sedet.
1758 4230 1814 4285 in
1849 4248 1964 4302 quo
1996 4237 2052 4288 et
2082 4233 2208 4306 ipse
2237 4238 2346 4297 est,
2379 4238 2434 4288 et
2467 4235 2631 4288 Pater
2662 4233 2720 4288 in
2754 4234 2880 4306 ipso
2913 4233 3084 4290 sicuti
3121 4232 3230 4288 fuit
3258 4237 3313 4289 et
3345 4249 3598 4306 semper.

487 4319 542 4373 8.
575 4318 707 4374 Ha'c
737 4334 873 4390 ergo
917 4334 1052 4374 vera
1101 4324 1191 4374 est
1220 4318 1560 4374 Christiana:
1615 4321 1746 4375 fidei
1783 4321 1969 4376 forma
1997 4337 2067 4376 ex

416 4407 700 4483 apostolis
731 4425 833 4481 per
863 4413 1065 4466 Patres
1113 4409 1391 4465 derivata.
1426 4415 1706 4465 (ueterum
1740 4411 1839 4482 qui
1870 4411 2064 4483 Scrip-

417 4497 812 4556 turaalectioni
835 4502 1022 4567 vacat,
1048 4500 1405 4572 perpendere
1427 4504 1483 4555 et
1513 4500 1843 4559 discernere
1875 4501 2066 4556 debet.

420 4587 796 4660 quandonam
829 4587 899 4643 de
947 4587 1250 4644 divinitate
1285 4587 1458 4644 Verbi
1507 4588 1805 4660 loquatur,
1833 4589 2070 4660 quando

495 4760 540 4796 “
565 4763 736 4816 Prov.
769 4774 892 4826 vm,
924 4761 1013 4815 22.
1118 4760 1161 4794 ‘7
1191 4758 1343 4815 Psal.
1377 4776 1560 4828 LXXXI,
1592 4760 1646 4814 5.

418 4831 465 4868 ⁸³
493 4832 663 4889 Joan.
696 4848 794 4900 vn,
826 4831 934 4900 49;
967 4847 1090 4899 νιιι,
1120 4832 1208 4886 40.
1285 4831 1330 4866 ³³
1360 4831 1380 4886 Ι
1409 4832 1559 4886 Tim.
1595 4846 1658 4899 ιι,
1689 4831 1744 4886 5.

1750 4760 1795 4796 ⁴⁸
1822 4759 1992 4816 Joan.
2022 4776 2126 4831 χιι,
2155 4760 2245 4816 35.

2246 4323 2300 4380 8.
2333 4321 2394 4377 Ὁ
2425 4320 2520 4392 μὲν
2551 4321 2836 4396 χαρακτὴρ
2883 4321 3040 4383 οὗτος
3090 4319 3150 4376 ἐκ
3202 4324 3308 4374 τῶν
3363 4318 3686 4377 ἀποστόλων
3744 4316 3835 4376 διὰ

2211 4413 2283 4462 ὧν
2313 4408 2584 4484 Ιιατὲρων·
2621 4407 2704 4463 δεῖ
2732 4406 2788 4464 δὲ
2821 4407 3036 4478 λοιπὸν,
3067 4407 3458 4486 ἐντυγχάνοντα
3491 4413 3560 4483 τῇ
3621 4410 3830 4488 Γραφῇι

2179 4494 2492 4572 δοκιμάζειν
2525 4497 2614 4552 καὶ
2646 4496 2959 4574 διακρίνειν,
2989 4499 3121 4553 πότε
3151 4499 3246 4571 μὶν
3279 4498 3403 4574 περὶ
3433 4503 3534 4568 τῆς
3569 4498 3834 4570 θεότητος

2178 4591 2275 4641 τοῦ
2309 4587 2484 4664 Λόγου
2517 4585 2696 4662 λέγει,
2716 4587 2848 4643 πότε
2879 4584 2936 4642 δὲ
2961 4587 3085 4662 περὶ
3115 4591 3222 4642 τῶν
3258 4586 3610 4663 ἀνθρωπίνων
3642 4586 3831 4643 αὐτοῦ’

2843 4760 2888 4796 ⁸ο
2920 4761 2940 4815 Ι
2969 4764 3094 4817 Cor.
3130 4777 3168 4828 ι,
3200 4761 3291 4816 24.
3396 4759 3436 4796 ⁸¹
3467 4759 3634 4816 Joan.
3669 4775 3710 4828 ι,
3744 4757 3832 4814 14.

2349 4761 2394 4797 ⁸³
2419 4764 2590 4817 Joan.
2621 4777 2662 4830 ι,
2696 4761 2748 4815 1.

494 5001 624 5085 (βλί).
640 5001 735 5057 Sic
767 5002 908 5085 Reg.
939 5005 1176 5085 SAa-gum;
1210 5001 1439 5085 Anglic.
1473 5001 1698 5085 βοίδιον,
1737 5005 1794 5057 et
1838 5001 1996 5085 μοις,
2022 5003 2076 5057 1.
2109 5019 2154 5082 D
2187 5003 2245 5057 in
2279 5001 2501 5085 aliis‘et
2525 5001 2703 5085 editis
2730 5001 2998 5085 habetur.
3027 5001 3455 5085 Ibidem‘iide'm
3489 5000 3636 5085 ξὶθεζ
3652 5003 3834 5085 σινεσς

422 5069 625 5147 ρέιθιδὶ
661 5089 792 5147 vero
817 5069 882 5128 et—
902 5069 1080 5147 editio
1137 5069 1441 5147 Commel.,
1478 5069 1910 5147 tmiuyoumv.
1946 5076 2072 5147 Mox

2191 5091 2374 5147 guer.,
2402 5072 2584 5147 Αὐτός
2597 5073 2708 5147 -γᾲρ
2740 5073 2768 5127 ὁ
2802 5071 3062 5147 Ἰωάννης
3082 5071 3460 5147 εἲρηκὼςηἙν
3687 5069 3764 5147 ,ἦν

425 5141 654 5226 Begu“
695 5144 976 5226 ἔφερεν..
1017 5141 1357 5226 ἔκτισεῖἒΑΙῇὶ
1417 5151 1490 5226 et_
1529 5141 1727 5226 editio
1768 5145 2070 5226 Commel”

425 5159 564 5268 neq.
597 5159 654 5199 et
713 5159 976 5226 segnem.
1017 5159 1212 5199 εκτισε.
1245 5159 1357 5226 All!
1417 5159 1475 5199 et
1529 5159 1710 5199 eaiuo
1768 5159 2068 5211 uommel.,

423 5213 661 5297 tit-5301;.
695 5217 882 5297 Εᾱιιὶρ
939 5221 1380 5297 aut§m__Paris.
1443 5221 1500 5297 et
1521 5215 1776 5297 "Colon"
1825 5214 2068 5297 κτίστης.

423 5287 646 5413 ibidem
680 5293 812 5360 post
841 5287 1122 5361 ἀναγκαῖον
1155 5289 1366 5360 Regius
1417 5293 1472 5342 et
1521 5289 1753 5359 Seguer.
1788 5289 2074 5359 omittunt

451 5378 511 5413 στ
542 5402 555 5413 .

451 5378 555 5415 στι.

493 5433 608 5503 (55)
643 5435 724 5486 Ita
750 5431 990 5503 Regius,
1021 5436 1256 5503 Seguer.
1306 5429 1535 5486 Gobler.
1591 5429 1880 5503 etFelck.
1916 5431 1964 5484 1.
1996 5433 2072 5503 At

425 5499 714 5569 Ottobon.,
745 5499 960 5570 ἐκτίσθη
994 5499 1245 5566 καίξοιο.
1280 5503 1390 5556 Alii
1421 5508 1478 5557 et
1534 5501 1711 5558 editio
1767 5501 2070 5572 Commel.,

424 5573 597 5628 κτίσιν
627 5574 716 5628 καὶ
747 5572 970 5644 κτίσμα,
1005 5574 1176 5630 male.

497 5645 611 5716 (56(
639 5646 730 5701 δίο
787 5642 1020 5714 Regius,
1077 5653 1310 5716 Seguer.
1341 5642 1603 5716 _Gobler.
1664 5648 1722 5700 et
1775 5644 1964 5700 Felck.
2015 5643 2068 5698 4.

429 5713 540 5788 Alii
571 5713 628 5772 et
673 5717 850 5774 editio
875 5713 1204 5782 Commell,
1236 5713 1502 5788 vevéceqz.
1528 5716 1658 5770 Mox
1720 5721 1852 5786 post
1893 5733 2072 5788 σωτηέ

429 5784 544 5874 ρίαν
572 5792 708 5862 Reg.
741 5792 799 5845 et
827 5789 1067 5861 Seguer.
1101 5782 1381 5845 omittunt
1411 5782 1648 5857 ἐδέησεν,
1681 5782 1808 5859 quas
1841 5803 1947 5843 vox
1989 5782 2069 5843 ibi

2182 5141 2380 5229 λόγος,
2418 5145 2531 5215 μετ’
2564 5141 2750 5229 ὀλίγρι,
2783 5151 2891 5229 etc:
2923 5141 3152 5229 G‘obler'.
3180 5141 3466 5229 etfacit.
3491 5141 3832 5229 {Erl—uiti:an

2178 5211 2285 5292 γάρ
2336 5211 2586 5344 Pauci“...
2619 5211 2708 5302 καὶ
2735 5211 2746 5217 ⁷
2771 5216 2886 5289 μετ’
2947 5215 3130 5290 ὀλίγα.
3160 5217 3278 5274 Alii
3336 5221 3395 5273 et
3448 5216 3613 5284 editi,
3642 5211 3831 5276 Οῧτώς

2179 5287 2283 5344 γὰο
2315 5287 2328 5307 ’
2358 5307 2570 5344 ωαννης
2601 5307 2928 5344 ειρηκεν.....
2959 5287 3050 5342 καὶ
3085 5287 3200 5344 μετ’
3225 5285 3410 5344 ὀλίγα.

2179 5285 2283 5362 γὰρ
2315 5285 2570 5362 ’[ωᾴννης
2601 5285 2928 5362 εἶ’ρηκεν.....
2952 5285 3064 5362 -καῖ
3085 5287 3200 5360 μετ’
3225 5285 3410 5362 ὀλίγα.

2251 5354 2365 5431 (57)
2396 5354 2534 5430 Reg.
2560 5354 2794 5431 Seg'u'er.
2827 5360 3054 5416 Gobler.
3085 5354 3148 5416 et
3195 5354 3381 5417 Felcli.
3408 5361 3441 5431 Δ1
3497 5354 3590 5430 μὲν
3650 5361 3827 5414 omit-

2179 5428 2499 5504 tunt.'Moi
2524 5432 2586 5504 in
2618 5428 2856 5504 Seguer.
2885 5432 2985 5501 τήν
3014 5432 3178 5504 deest
3206 5437 3341 5490 ante
3370 5428 3649 5504 ᾀλήθειαν.

2250 5503 2363 5577 (58)
2394 5503 2626 5577 Gob_l_er.
2657 5497 2724 5559 cf
2764 5497 2958 5577 Felck.
2993 5506 3042 5577 1,
3076 5502 3105 5556 ὁ
3137 5498 3195 5577 δὲ
3253 5497 3476 5564 Ιιαῦλός
3522 5517 3703 5577 φησιν·
3729 5497 3823 5562 Εἷς

2179 5573 2332 5634 Θεός,
2364 5580 2473 5628 etc.
2510 5574 2654 5631 Ibid.
2685 5574 2772 5629 καί
2799 5575 2968 5630 abest
2996 5576 3068 5630 ab
3097 5575 3351 5632 editione
3380 5573 3658 5630 Commel.

2250 5647 2360 5715 (59)
2391 5645 2686 5718 Ottobon.,
2717 5645 2808 5700 τὸν
2868 5645 2993 5718 καθ’,
3017 5647 3185 5717 ἡμᾶς.
3222 5645 3368 5703 Ibid.
3405 5651 3544 5718 Reg.
3604 5649 3666 5718 et
3717 5643 3818 5718 Sc-

2176 5732 2364 5845 guelt'i,
2391 5714 2619 5844 κῗθηται
2649 5721 2762 5787 νῦν,
2794 5723 2904 5775 etc.
2937 5714 3070 5775 Alii.
3091 5725 3151 5775 et
3207 5719 3386 5776 editio
3413 5714 3694 5776 Coinmel.
3725 5716 3819 5768 νῦν

2177 5805 2294 5845 oml
2352 5805 2430 5844 un
2463 5831 2477 5845 .

2177 5794 2477 5845 omittunt.
