4076 6374
347 475 467 537 627
897 479 961 539 8.
1010 478 1433 540 A'I‘HANASII
1479 478 1652 540 OPP.
1699 478 1901 539 PARS
1947 479 1994 537 Ι.
2027 507 2103 521 -
2143 475 2559 539 HlS'l‘ORlCA
2607 474 2702 539 ET
2745 478 3223 539 DOGMATICA.
3643 476 3763 537 628

357 614 647 676 creatura,
672 608 772 665 sed
805 608 959 664 Patri
989 607 1533 677 consubstantialls,
1565 608 1650 665 sic
1679 624 1784 664 nec
1814 606 1996 680 Spiri-

2145 605 2211 661 ὐκ
2239 603 2348 661 ἔστι
2379 607 2603 680 κτίσμα,
2634 605 2760 663 ἀλλ’
2817 605 3111 679 ὁμοούσιος
3163 609 3259 662 τοῦ
3305 604 3533 681 Πατρός·
3587 604 3761 668 οὕτως

353 700 452 752 tus
483 701 725 753 sanctus
746 696 921 752 fuerit
968 701 1267 752 creatura:
1306 697 1448 768 quin
1496 697 1672 752 etiam
1737 698 1837 768 qui
1885 696 1996 752 hoc

2149 695 2214 749 ύκ
2244 692 2303 750 ἂν
2336 693 2419 766 εἴη
2471 694 2596 750 οὐδὲ
2639 695 2703 751 τὸ
2755 700 2973 767 Πνεῦμα
3018 695 3081 749 τὸ
3132 695 3281 770 ἅγιον
3331 695 3555 767 κτίσμα,
3617 691 3765 750 ἀλλά

354 786 496 841 dicit
532 786 750 858 impius
781 791 890 855 est,
923 786 995 841 ob
1031 786 1443 856 proprietatem
1501 785 1725 841 scilicet
1763 786 1890 856 ejus
1924 785 1997 840 ad

2144 784 2196 837 αἱ
2251 779 2454 854 ἀσεϐής
2513 785 2541 838 6
2600 783 2773 860 λὲγων
2834 787 3017 855 τοῦτο,
3070 780 3159 838 διὰ
3185 783 3287 851 τήν
3333 783 3471 859 πρὸς
3510 782 3603 837 τὸν
3636 783 3762 837 Υὶὸν

358 874 569 931 Filium
599 892 612 941 ;
639 879 695 929 et
724 873 863 945 quia
892 889 960 929 ex
989 872 1117 945 ipso
1149 875 1321 929 datur
1350 874 1712 941 omnibus,et
1740 890 1868 945 qua:
1900 874 2000 929 ha-

2143 869 2359 943 Βιότητα
2387 872 2572 942 αὐτοῦ,
2603 873 2694 927 καὶ
2741 872 2823 927 ὅτι
2873 872 2926 943 ἆξ
2958 870 3123 926 αὐτοῦ
3171 867 3380 926 δίδοται
3421 874 3577 941 πᾶσι,
3606 872 3694 926 καὶ
3729 870 3766 926 ἃ

353 962 451 1018 bet
479 962 576 1017 ille
609 961 735 1017 Filii
766 967 925 1017 sunt.

2143 980 2225 1035 χει
2255 966 2352 1015 τοῦ
2384 962 2512 1015 Υἲοῦ
2544 960 2706 1017 ἐστιν.

423 1051 477 1105 2.
510 1056 609 1105 Sat
640 1049 877 1121 quidem
918 1051 1037 1106 hinc
1093 1051 1343 1106 fuissent
1390 1052 1462 1107 ad
1523 1052 1998 1123 persuadendum

2180 1052 2234 1106 2.
2291 1050 2468 1106 Ἱκανά
2528 1051 2620 1123 μὲν
2682 1048 2772 1105 οὖν
2826 1048 2915 1105 καὶ
2982 1053 3151 1104 ταῦτα
3206 1054 3388 1104 πεῖσαι
3441 1047 3532 1104 καὶ
3588 1050 3768 1105 πάντα

354 1138 441 1195 vel
474 1139 658 1194 cuivis
689 1140 1074 1209 contentioso,
1102 1157 1171 1195 ne
1199 1146 1332 1212 post
1380 1140 1500 1196 haec
1533 1140 1751 1196 diceret
1775 1145 2001 1197 creatu-

2145 1142 2356 1193 ντινοῦν
2403 1141 2516 1211 (82)
2564 1137 2893 1216 φιλόνεικον,
2949 1136 3144 1210 μηκέτι
3195 1136 3376 1211 λέγειν
3425 1136 3629 1211 κτίσμα
3670 1143 3768 1193 τοῦ

357 1244 482 1284 ram
506 1244 636 1284 esse
666 1228 927 1297 Dei,eum
962 1229 1061 1299 qui
1092 1235 1180 1284 est
1211 1228 1269 1283 in
1303 1229 1439 1295 Deo,
1466 1230 1686 1301 quique
1719 1228 2007 1301 profunda

2143 1231 2268 1296 D506,
2299 1228 2361 1281 16
2393 1226 2445 1281 ἐν
2475 1232 2554 1299 τῷ
2592 1231 2727 1298 Θεῷ,
2781 1234 2873 1281 καὶ
2918 1227 2988 1280 τὰ
3039 1227 3173 1302 βάθη
3208 1224 3436 1301 ἐρευνῶν
3485 1230 3583 1280 τοῦ
3613 1225 3769 1299 Θεοῦ,

358 1316 459 1372 Dei
489 1320 809 1382 scrutatur,
841 1323 899 1372 et
927 1333 995 1372 ex
1026 1317 1191 1371 Patre
1224 1333 1325 1387 per
1373 1317 1587 1372 Filium
1647 1317 1820 1372 datur
1851 1334 1864 1371 :
1935 1333 2006 1373 ne

2143 1315 2202 1369 ,αὶ
2234 1315 2293 1370 ἐκ
2338 1316 2546 1391 Πατρὸς
2599 1314 2667 1371 δι’
2719 1316 2847 1370 Υἱοῦ
2900 1312 3224 1388 διδόμενον·
3276 1313 3365 1369 *ἱνα
3415 1314 3492 1388 μή
3543 1314 3603 1370 ἑκ
3645 1313 3770 1370 τού-

358 1405 498 1460 hinc
512 1404 845 1477 adigeretur
862 1410 926 1459 ut
941 1404 1148 1460 Filium
1169 1422 1399 1475 quoque
1416 1406 1633 1461 diceret
1653 1409 2006 1473 creaturam,

363 1493 464 1566 qui
495 1500 584 1549 est
615 1493 1209 1564 Verbum,sapientia,
1245 1494 1452 1564 ﬁgura,
1485 1493 1761 1565 splendor
1791 1511 1803 1547 :
1833 1510 2004 1564 quem

2114 1426 2222 1459 των
2268 1405 2576 1479 ἀναγκασθῇ
2608 1404 2698 1459 καὶ
2746 1404 2836 1459 τὸν
2892 1405 3013 1459 Υίὸν
3063 1403 3231 1459 εἰπεῖν
3275 1404 3498 1476 κτίσμα,
3529 1404 3621 1459 τὸν
3664 1402 3769 1458 A6-

2118 1514 2235 1569 γον,
2294 1496 2392 1562 τήν
2454 1492 2670 1567 σοφίαν,
2728 1493 2819 1547 τὸν
2879 1498 3241 1568 χαρακτῆρα,
3295 1492 3358 1546 τὸ
3415 1492 3770 1566 ἀπαύγασμα,

363 1581 465 1653 qui
495 1581 833 1647 videt,videt
861 1586 917 1637 et
946 1586 1175 1637 Patrem
1202 1599 1216 1649 ;
1248 1598 1314 1637 ae
1338 1598 1409 1636 ne
1438 1583 1714 1653 deinceps
1747 1583 2007 1637 audiret:

2143 1604 2177 1635 Ν
2211 1583 2352 1656 ὁρῶν
2384 1603 2464 1643 τις
2496 1583 2595 1655 ὁρᾷ
2636 1582 2727 1636 τὸν
2781 1582 3009 1657 Πατέρα,
3040 1581 3130 1635 καὶ
3182 1579 3376 1636 λοιπὸν
3404 1580 3607 1654 ἀκούσῃ
3633 1583 3769 1654 (83)·

365 1693 393 1720 α
426 1670 535 1734 Qui
570 1675 742 1742 negat
758 1670 987 1734 Filium,
1024 1686 1212 1742 neque
1234 1675 1466 1725 Patrem
1489 1670 1666 1725 habet
1689 1671 1792 1726 ⁸⁷.»
1844 1672 2011 1741 Ejus-

2143 1672 2244 1728 ιὉ
2285 1670 2615 1745 ἀρνούμενος
2666 1670 2758 1725 τὸν
2809 1670 2954 1741 Υἱὸν,
3005 1667 3129 1724 οὐδὲ
3174 1669 3265 1724 τὸν
3310 1668 3520 1736 Πατέρα
3567 1666 3706 1745 ἔχει.
3741 1693 3772 1721 ››

368 1759 525 1815 modi
557 1758 773 1830 quippe
806 1758 977 1815 homo
1016 1758 1298 1831 paulatim
1336 1759 1713 1830 progrediens
1746 1759 2012 1814 dicturus

2143 1758 2270 1831 λέξει
2300 1760 2401 1835 γὰρ
2432 1760 2548 1814 κατ’
2599 1758 2784 1835 ὀλίγον
2818 1759 2846 1813 ὁ
2875 1763 3147 1826 τοιοῦτος,
3181 1758 3255 1820 ὡς
3285 1758 3313 1812 6
3358 1756 3559 1836 ἄφρων·
3596 1782 3625 1811 (ι
3660 1757 3776 1815 Οὐκ

369 1850 458 1903 est
484 1853 546 1901 ut
567 1846 663 1901 ille
696 1847 982 1918 insipiens
1010 1862 1024 1903 :
1052 1868 1079 1896 ‹‹
1108 1847 1234 1902 Νοιι
1264 1855 1351 1903 est
1410 1853 1560 1902 Deus
1581 1848 1645 1899 ⁷³⁷.
1683 1868 1711 1895 ››
1743 1850 2013 1903 Attamen

2143 1844 2234 1902 ἷστι
2266 1848 2414 1909 Θεός.
2451 1872 2478 1899 ››
2508 1849 2700 1920 Ὅμως
2734 1845 2793 1903 δὲ
2844 1848 2976 1921 ὑπὲρ
3005 1852 3103 1903 τοῦ
3135 1846 3195 1902 ἐκ
3239 1845 3507 1903 πλειόνων
3541 1843 3774 1922 δειχθῆ-

371 1939 437 1990 ut
460 1934 725 2006 pluribus
756 1935 1121 2007 argumentis
1148 1935 1311 2006 impii
1351 1935 1793 2002 convincantur,
1828 1952 2013 2006 opera

2143 1958 2211 1991 ιαι
2256 1937 2350 1991 τὸν
2399 1938 2534 1991 κατά
2578 1941 2686 1991 τῶν
2736 1932 2943 1992 ἀσεϐῶν
2989 1935 3225 2011 ἔλεγχον
3281 1933 3475 2007 καλὸν,
3524 1934 3574 2008 ἐξ
3622 1933 3696 1989 ὧν
3748 1936 3778 1990 6

372 2023 624 2097 pretium
658 2023 941 2092 Iuerit,ex
972 2022 1186 2095 quibus
1218 2023 1401 2079 Filius
1430 2024 1869 2080 demonstratur
1901 2041 2017 2081 non

2143 2026 2248 2088 Γὶὸς
2282 2022 2546 2080 δείκνυται
2581 2027 2657 2099 μὴ
2713 2024 2787 2080 ὢν
2838 2025 3057 2098 κτίσμα,
3097 2024 3158 2079 ἐκ
3211 2024 3420 2080 τούτων
3472 2020 3641 2094 δεῖξαι
3690 2024 3780 2078 καὶ
3852 2031 3859 2037 ’

370 2130 500 2171 esse
521 2117 717 2169 creata
747 2130 859 2181 res,
910 2131 979 2170 ex
1021 2115 1230 2171 iisdem
1292 2116 1537 2187 probare
1585 2131 1690 2170 nec
1732 2114 2014 2187 Spiritum

2143 2115 2185 2169 :6
2216 2118 2436 2187 Πνεῦμα
2486 2115 2562 2187 μή
2622 2114 2751 2169 εἶναι
2802 2112 3023 2187 κτίσμα.
3070 2113 3154 2184 Ἐξ
3208 2112 3308 2168 οὐκ
3355 2108 3526 2168 ὄντων
3574 2111 3684 2167 ἐστὶ
3713 2114 3781 2168 τὰ

372 2208 638 2259 sanctum
698 2219 828 2259 esse
859 2219 979 2258 rem
1032 2209 1307 2259 creatam.
1350 2205 1431 2258 Ex
1478 2220 1591 2259 non
1651 2204 2016 2261 exstantibus

2143 2204 2407 2277 ιτίσματα,
2439 2203 2527 2257 καὶ
2559 2206 2671 2276 (84)
2704 2203 2882 2278 ἀρχὴν
2913 2196 3160 2278 ἔχειτοῦ
3195 2202 3348 2257 εἶναι·
3382 2226 3410 2253 ‹‹
3444 2203 3531 2259 Ἐν
3566 2202 3713 2277 ἀρχῇ
3750 2226 3776 2253 υ

372 2297 513 2348 sunt
543 2308 637 2346 res
667 2291 1203 2358 creatm,etinitium
1228 2292 1445 2348 habent
1474 2292 1791 2347 exsistendi
1818 2309 2012 2360 :nam,

2143 2293 2221 2367 pip
2266 2317 2294 2344 ί(
2346 2290 2597 2362 ἐποίησεν
2648 2292 2676 2345 6
2723 2292 2850 2353 Θεὸς
2894 2293 2984 2346 τὸν
3037 2290 3267 2365 οὐρανὸν
3305 2291 3395 2346 καὶ
3441 2291 3541 2359 τήν
3582 2297 3709 2364 γῆν,
3745 2314 3774 2341 ››

373 2403 401 2429 ‹‹
434 2379 497 2434 In
532 2378 814 2450 principio
848 2379 981 2435 fecit
1016 2381 1163 2435 Deus
1223 2379 1427 2435 caelum
1460 2385 1517 2435 et
1565 2385 1777 2436 terram
1804 2382 1869 2448 ⁷⁸,
1903 2401 1929 2432 ι
1957 2386 2015 2436 et

2143 2381 2209 2436 ιαὶ
2240 2381 2306 2435 τὰ
2363 2380 2414 2435 ἐν
2474 2380 2676 2442 αὐτοῖς.
2735 2380 2805 2435 Τὸ
2864 2377 2922 2435 δὶ
2982 2384 3202 2453 Πνεῦμα
3253 2380 3315 2434 τὸ
3372 2381 3526 2453 ἅγιον
3577 2382 3639 2433 ἐκ
3670 2383 3770 2433 τοῦ

370 2484 497 2540 quae
523 2468 581 2522 in
607 2467 724 2523 illis
749 2473 910 2523 sunt.
945 2470 1015 2523 At
1072 2468 1328 2540 Spiritus
1385 2474 1624 2524 sanctus
1674 2486 1743 2524 ex
1783 2469 1898 2525 Deo
1925 2473 2014 2526 est

2143 2474 2254 2525 ὶεοῦ
2285 2468 2420 2538 ἐστι,
2446 2469 2536 2523 καὶ
2580 2467 2811 2543 λέγεται,
2863 2469 2937 2531 ὡς
2987 2470 3128 2523 εἶπεν
3162 2470 3190 2523 6
3231 2464 3582 2529 ’Δπόστολος.
3610 2467 3674 2523 Εἰ
3707 2465 3770 2522 δὲ

369 2556 719 2628 diciturque,
754 2561 819 2611 ut
873 2557 956 2611 ait
1013 2556 1350 2628 Apostolus.
1382 2557 1544 2621 Quod
1595 2557 1645 2612 si
1670 2557 1852 2613 Filius
1877 2561 2014 2628 quia

2143 2584 2149 2611 ›
2184 2559 2328 2626 Υἱὸς,
2361 2554 2550 2627 ἐπειδὴ
2597 2560 2710 2632 (85)
2758 2557 2809 2629 ἐξ
2860 2557 2958 2612 οὐκ
3004 2555 3174 2612 ὄντων
3228 2556 3325 2612 οὐκ
3352 2551 3517 2627 ἔστιν,
3550 2554 3676 2612 ἀλλ’
3706 2555 3770 2611 ἐκ

372 2662 487 2702 non
520 2651 610 2702 est
639 2662 707 2701 ex
739 2662 852 2701 non
894 2646 1282 2716 exstantibus,
1304 2647 1405 2701 sed
1441 2662 1509 2701 ex
1538 2647 1653 2702 Deo
1678 2664 1791 2703 non
1823 2652 2013 2719 potest

2143 2652 2215 2703 :06
2245 2651 2398 2716 Θεοῦ,
2432 2647 2654 2708 εἰκότως
2696 2646 2794 2702 οὐκ
2842 2646 2901 2701 ἂν
2948 2644 3033 2718 εἰή
3088 2647 3311 2720 κτίσμα,
3363 2644 3569 2721 ἀνάγκη
3624 2642 3768 2719 μηδὲ

368 2752 497 2793 esse
520 2741 784 2793 creatura
818 2753 830 2791 :
866 2754 1003 2807 ergo
1036 2753 1140 2791 nec
1169 2737 1419 2808 Spiritus
1451 2744 1691 2793 sanctus
1732 2744 1821 2793 est
1851 2754 2008 2794 crea-

2143 2737 2181 2791 :6
2241 2740 2461 2808 Πνεῦμα
2515 2736 2578 2791 τὸ
2629 2736 2778 2811 ἅγιον
2839 2736 2971 2791 εἶναι
3027 2734 3253 2809 κτίσμα·
3314 2732 3503 2803 ἐπειδὴ
3557 2732 3618 2789 ἐκ
3671 2738 3767 2789 τοῦ

365 2828 535 2881 tura:
571 2825 1047 2897 quandoquidem
1097 2825 1155 2880 in
1213 2825 1478 2881 confesso
1516 2832 1602 2887 est
1634 2842 1768 2881 eum
1802 2843 1868 2881 ex
1898 2826 2013 2882 Deo

2143 2830 2255 2880 ἐοῦ
2311 2822 2690 2899 ὡμολόγηται.
2732 2825 2808 2879 Τὰ
2858 2825 2960 2900 γὰρ
3016 2823 3285 2897 κτίσματα
3341 2823 3394 2895 ἕξ
3444 2822 3545 2878 οὐκ
3596 2819 3767 2877 ὄντων

367 2929 517 2970 esse.
549 2913 695 2969 Nam
727 2921 1004 2970 creatura:
1037 2919 1176 2970 sunt
1205 2931 1273 2969 ex
1304 2931 1417 2970 non
1449 2916 1834 2971 exstantibus.
2122 2913 2283 2971 ἐστίν.

2191 3006 2245 3059 3.
2280 3002 2376 3056 Καὶ
2408 3001 2570 3057 πάλιν
2606 3002 2818 3077 χρίσμα
2865 3001 2953 3056 καὶ
3001 3001 3231 3079 σφραγὶς
3285 3000 3500 3077 λέγεται
3540 3000 3632 3056 καὶ
3662 2996 3775 3055 ἔστι

2120 3090 2183 3145 τὸ
2235 3092 2474 3162 Πνεῦμα·
2510 3092 2539 3145 6
2574 3091 2667 3162 μὲν
2700 3093 2811 3162 (86)
2860 3091 2964 3165 γὰρ
3015 3090 3269 3159 Ἰωάννης
3322 3088 3535 3167 γράφει·
3591 3115 3619 3142 ‹‹
3677 3089 3779 3144 Καὶ

439 3004 489 3058 3.
524 3007 784 3059 Rursum
832 3003 1029 3058 unctio
1054 3008 1111 3057 et
1139 3002 1510 3075 signaculum
1559 3003 1774 3058 dicitur
1818 3008 1875 3058 et
1926 3008 2016 3059 est

368 3092 618 3164 Spiritus
647 3097 909 3147 sanctus.
942 3092 1156 3146 Scribit
1202 3091 1357 3146 enim
1414 3090 1704 3147 Joannes:
1742 3113 1769 3142 «
1815 3093 1883 3147 Et
1913 3108 2014 3147 vos

371 3181 704 3235 unctionem
738 3196 916 3251 quam
938 3181 1246 3251 accepistis
1272 3180 1344 3235 ab
1397 3196 1463 3235 eo
1494 3186 1692 3236 manet
1736 3181 1797 3234 in
1828 3181 2011 3237 vobis.

2127 3180 2282 3253 ὑμεῖς
2312 3180 2375 3233 τὸ
2402 3178 2615 3254 χρίσμα
2645 3180 2674 3233 ’ὀ
2706 3174 2928 3235 ἐλάϐετε
2976 3179 3105 3254 παρ’
3150 3177 3314 3233 αὐτοῦ
3349 3179 3495 3250 μένει
3532 3176 3587 3232 ἐν
3622 3177 3776 3250 ὑμῖν·

369 3273 445 3325 Et
475 3285 591 3323 non
624 3284 862 3323 necesse
891 3268 1142 3336 habetis,
1177 3274 1239 3323 ut
1261 3268 1476 3340 aliquis
1507 3269 1712 3324 doceat
1741 3286 1839 3324 vos
1867 3288 1878 3323 :
1911 3270 2013 3324 sed

2143 3268 2213 3322 ιαὶ
2247 3267 2308 3322 οὐ
2340 3268 2527 3343 χρείαν
2578 3263 2753 3343 ἔχετε,
2788 3264 2867 3322 ἶνα
2912 3289 2998 3330 τις
3052 3265 3277 3341 διδάσκῃ
3310 3267 3449 3340 ὑμᾶς
3482 3270 3618 3341 (87),
3651 3265 3782 3322 ἀλλ’

374 3359 528 3413 sicut
556 3357 752 3411 unctio
781 3361 932 3425 ejus,
966 3357 1211 3425 spiritus
1244 3357 1371 3425 ejus
1401 3358 1568 3412 docet
1595 3375 1697 3414 vos
1723 3358 1794 3413 de
1824 3358 2013 3413 omni-

370 3445 485 3501 bus
508 3447 572 3501 τ’.
596 3466 624 3495 η
658 3446 722 3500 In
746 3444 896 3501 Isaia
926 3462 1056 3500 vero
1078 3445 1363 3518 prepheta
1384 3445 1668 3518 scriptum
1699 3452 1814 3502 est:
1842 3472 1867 3496 «
1892 3447 2015 3518 8ρὶ-

374 3535 526 3590 ritus
573 3534 799 3589 Domini
853 3550 1031 3606 super
1086 3551 1196 3599 me,
1220 3552 1287 3590 eo
1321 3534 1473 3605 quod
1500 3535 1844 3591 unxeritme
1872 3535 1953 3592 8°:
1988 3557 2016 3584 ››

373 3623 592 3679 Paulus
623 3628 819 3679 autem
875 3623 959 3678 sic
1016 3623 1258 3678 scribit:
1293 3647 1319 3673 «
1347 3625 1407 3678 In
1468 3640 1581 3695 quo
1631 3628 1687 3679 et
1717 3627 2019 3680 credentes

376 3712 591 3785 signati
623 3713 918 3777 estis“;»
967 3718 1024 3767 et
1077 3712 1322 3767 iterum:
1377 3734 1405 3762 «
1457 3711 1646 3769 Nolite
1677 3712 2021 3768 contristare

378 3801 664 3873 Spiritum
696 3807 991 3866 sanctum,
1024 3801 1081 3854 in
1114 3817 1227 3870 quo
1276 3800 1493 3872 signati
1535 3801 1696 3871 estis,
1748 3801 1806 3856 in
1866 3800 2019 3856 diem

377 3889 801 3962 redemptionis
827 3890 895 3944 ⁸³.
934 3913 961 3939 ››
994 3889 1207 3945 Creataa
1239 3894 1433 3944 autem
1469 3889 1636 3944 resin
1658 3889 1766 3945 hoc
1798 3906 2024 3961 ungun-

376 3984 475 4036 tur
504 3985 561 4035 et
582 3980 926 4051 signantur:
960 3978 1117 4049 quod
1150 3979 1197 4033 si
1222 3983 1425 4033 creata:
1457 3994 1546 4033 res
1568 3979 1626 4032 in
1660 3979 1764 4033 hoc
1798 3994 2025 4050 ungun-

378 4073 479 4126 tur
507 4074 565 4126 et
595 4069 926 4141 signantur,
955 4082 1323 4137 nequaquam
1355 4073 1621 4122 creatura
1652 4067 1825 4122 fuerit
1845 4066 2018 4138 Spiri-

378 4163 513 4215 tus:
548 4172 736 4229 neque
767 4160 923 4212 enim
950 4155 1142 4212 simile
1173 4156 1435 4226 estquod
1473 4156 1639 4227 ungit
1669 4155 1740 4211 iis
1771 4172 1895 4225 quae
1921 4173 2025 4210 un-

378 4254 616 4320 guntur.
651 4247 879 4302 Etenim
920 4245 1039 4300 haec
1089 4245 1285 4300 unctio
1316 4246 1488 4300 ﬂatus
1519 4248 1608 4299 est
1639 4243 1765 4299 Filii
1793 4264 1806 4313 ;
1834 4250 1897 4299 ut
1927 4244 2028 4317 qui

377 4337 553 4392 habet
601 4335 883 4407 Spiritum
944 4335 1136 4389 dicat:
1178 4354 1197 4383 α
1250 4334 1462 4390 Christi
1516 4333 1707 4390 bonus
1758 4334 1902 4390 odor
1930 4350 2028 4389 su-

450 4523 496 4558 ⁷⁶
528 4524 550 4577 l
577 4520 749 4576 Joan.
784 4536 847 4584 ιι,
875 4520 967 4576 23.

382 4596 429 4631 ⁸³
460 4593 672 4666 Ephes.
704 4608 780 4658 ιν,
812 4592 901 4645 30.

1081 4521 1123 4555 ’³⁷
1156 4520 1309 4577 Psal.
1339 4538 1465 4590 xm,
1500 4522 1549 4576 1.
1662 4520 1707 4556 ’³⁸
1736 4520 1877 4577 Gen.
1911 4536 1952 4588 ι,
1984 4520 2034 4575 1.

2129 3356 2203 3418 ὡς
2230 3355 2293 3410 τὸ
2323 3354 2485 3410 αὐτοῦ
2528 3356 2761 3431 χρίσμα,
2808 3356 2872 3411 τὸ
2919 3360 3129 3429 πνεῦμα
3169 3357 3336 3411 αὐτοῦ
3368 3352 3608 3410 διδάσκει
3639 3357 3780 3427 ὑμᾶς

2128 3444 2250 3516 περὶ
2308 3444 2540 3499 πάντων·
2578 3471 2600 3499 ι
2662 3444 2714 3499 ἐν
2765 3442 2822 3499 δὲ
2862 3450 2942 3517 τῷ
2989 3447 3246 3523 προφήτῃ
3293 3446 3406 3519 (88)
3451 3443 3645 3515 Ἡσαΐᾳ
3691 3443 3783 3520 γε·

2126 3554 2381 3608 γραπται·
2419 3558 2446 3587 ‹‹
2480 3537 2704 3606 Πνεῦμα
2742 3532 2947 3609 Κυρίου
2997 3532 3079 3589 ἦστ’
3120 3533 3237 3606 ἐμὲ,
3271 3534 3333 3588 06
3365 3531 3560 3588 ε’ίνεκεν
3593 3527 3784 3608 ἔχρισέ

2132 3642 2217 3694 με·
2253 3646 2281 3673 ››
2314 3621 2401 3676 καὶ
2432 3622 2460 3675 6
2512 3621 2728 3683 Ιιαῦλος
2777 3619 2834 3677 δὲ
2881 3624 3096 3697 γράφει·
3132 3647 3159 3674 ‹‹
3194 3623 3279 3679 Ἐν
3328 3623 3375 3695 ᾧ
3425 3621 3515 3676 καὶ
3562 3620 3784 3677 πιστεύ-

2131 3730 2311 3772 σαντες
2365 3709 2773 3787 ἐσφραγίσθητε·
2807 3734 2836 3762 ››
2876 3710 2966 3766 καὶ
3015 3709 3205 3766 πάλιν·
3240 3735 3268 3763 ‹‹
3303 3710 3395 3779 Μὴ
3451 3709 3669 3765 λυπεῖτε
3720 3710 3784 3763 τὸ

2131 3803 2355 3871 Πνεῦμα
2408 3799 2472 3853 16
2529 3799 2679 3875 ἅγιον
2717 3842 2731 3867 ,
2789 3797 2840 3854 ἐν
2895 3797 2941 3872 ᾧ
3000 3797 3386 3875 ἐσφραγίσθητε
3437 3798 3513 3860 είς
3569 3798 3784 3873 ἡμέραν

2132 3885 2590 3962 ἀπολυτρώσεως.
2622 3908 2649 3941 ιι
2687 3888 2767 3945 Τὰ
2796 3885 2855 3942 δὲ
2881 3887 3150 3960 κτίσματα
3175 3890 3289 3961 (89)
3320 3886 3371 3943 ἐν
3413 3886 3591 3959 τούτῳ
3630 3886 3784 3961 χρίεο

2131 3997 2222 4032 ται
2276 3975 2367 4030 καὶ
2429 3976 2800 4053 σφραγίζεται·
2863 3975 2910 4031 εί
2972 3973 3030 4031 δὲ
3084 3977 3151 4030 τὰ
3207 3975 3477 4049 κτίσματα
3529 3973 3580 4030 ἐν
3613 3973 3794 4047 τούτῳ

2134 4065 2345 4141 χρίεται
2396 4064 2484 4120 καὶ
2532 4065 2908 4140 σφραγίζεται,
2939 4064 3039 4120 οὐκ
3076 4063 3137 4119 ἃν
3171 4061 3256 4135 εἴη
3289 4064 3493 4139 κτίσμα
3524 4065 3584 4119 τὸ
3620 4068 3791 4120 ΙΙνεῦ-

2140 4174 2233 4226 μγ·
2269 4153 2330 4208 06
2361 4154 2463 4229 γὰρ
2496 4153 2688 4226 ὅμοιον
2723 4155 2785 4209 16
2828 4154 2989 4229 χρίον
3020 4158 3129 4209 τῶν
3179 4154 3493 4229 χριομὲνων
3694 4152 3792 4208 Καὶ

2137 4243 2240 4318 γὰρ
2270 4243 2333 4297 16
2364 4242 2575 4319 χρίσμα
2619 4248 2781 4298 τοῦτο
2830 4245 2969 4315 πνοή
3022 4241 3133 4298 ἐστι
3187 4247 3283 4297 τοῦ
3331 4244 3480 4297 Υἱοῦ·
3517 4243 3657 4298 ὥστε
3700 4242 3791 4296 τὸν

2140 4325 2339 4406 ἔχοντα
2360 4332 2423 4386 τὸ
2474 4332 2694 4404 Πνεῦμα
2743 4330 2944 4407 λέγειν·
2978 4356 3006 4384 α
3039 4332 3271 4408 Χριστοῦ
3300 4328 3503 4387 εὐωδία
3549 4329 3729 4404 ἐσμέν.
3762 4354 3791 4383 ι»

2146 4520 2192 4554 ’⁸ο
2222 4518 2244 4575 I
2272 4518 2441 4576 Joan.
2476 4536 2538 4589 ιι,
2569 4519 2659 4574 27.

2771 4520 2817 4554 "‘
2847 4518 2958 4575 Isa.
2995 4537 3104 4585 ut,
3138 4520 3191 4576 1.
3304 4520 3350 4557 '1
3385 4520 3596 4592 Ephes.
3629 4537 3671 4591 ι,
3704 4520 3790 4576 13·

459 4780 574 4868 (82)
641 4777 1035 4868 Segueriaqus
1095 4773 1676 4868 6WLva96v.LItegius
1732 4776 2024 4868 mqu‘dese‘.

2143 4774 2171 4828 ὃ
2200 4778 2335 4868 ante
2359 4767 2583 4868 ἒλάῦετε
2610 4774 2778 4856 deest
2811 4774 2871 4868 i‘n
2904 4773 3081 4853 Basil.

389 4845 616 4907 δτίοῦν.
653 4845 778 4905 Μόιι
837 4852 968 4920 post
1021 4845 1222 4917 κτίσμα
1280 4845 1586 4920 legebatur
1643 4847 1702 4902 iu
1762 4848 1940 4920 editis
1972 4846 2033 4899 16

390 4926 638 4995 Πνεῦμα,
671 4919 991 4995 quodcum
1025 4920 1178 4995 desit
1211 4920 1265 4972 in
1301 4919 1497 4995 Begio,
1529 4920 1768 4990 Seguer.
1804 4919 2029 4995 Gobler.

391 5003 449 5053 et
479 4990 935 5077 lj‘elckfprimo,
964 4997 1048 5077 ‘et
1097 4990 1314 5077 alio-qui
1370 5007 1878 5077 ‘super‘vaqa'neum
1926 4990 2034 5077 ‘si-t,

391 5066 679 5123 omissum
711 5060 817 5120 est.
858 5064 1075 5135 Ibidem
1104 5060 1266 5135 editi,
1297 5060 1385 5114 καὶ
1414 5060 1480 5114 τὰ
1517 5061 1609 5131 μὲν
1648 5060 1810 5135 βάθη,
1843 5062 2035 5135 sed_in

393 5140 533 5228 5188'.
567 5138 804 5208 Seguer.
838 5141 891 5190 et
924 5134 1093 5190 Basil.
1132 5131 1223 5204 μὲν
1260 5134 1441 5189 deest.
1497 5130 1623 5189 Mox
1648 5130 1889 5204 Regius,
1950 5130 2038 5186 διὰ

609 5283 840 5351 seguer.
876 5282 931 5332 et
960 5274 1136 5351 Basil.
1171 5273 1412 5351 ἀκούσει.

462 5346 576 5422 (84)
605 5346 712 5422 Γάρ
747 5350 908 5422 deest
956 5349 1045 5422 in_
1072 5348 1209 5417 Reg.
1271 5348 1509 5422 Seguer.
1569 5352 1645 5422 et_
1682 5346 1888 5422 Basil._
1914 5351 2037 5422 mox

391 5417 532 5512 aditi
561 5417 714 5512 ’ροεὶ
764 5419 896 5473 εἶναι
955 5420 1193 5512 habent.
1227 5417 1529 5512 Γέγραπται
1564 5418 1707 5507 ..γὰρ’
1749 5417 1799 5471 ἐν
1865 5418 2033 5501 ἀρχῇ.

391 5490 607 5572 Regius
637 5500 871 5572 Seguer.
938 5497 994 5549 et
1044 5490 1245 5557 Basil.,
1304 5490 1389 5543 Ἐν
1448 5490 1608 5564 ἀρχῇ
1647 5490 1770 5566 γάρ,
1817 5490 2037 5546 omisso

392 5565 705 5641 γέγραπται.
1664 5565 1669 5566 ⁷

466 5639 579 5708 (85)
611 5635 839 5692 Gobler.
874 5639 932 5691 et
962 5632 1154 5688 Felck.
1192 5634 1242 5700 1,
1274 5630 1411 5687 ἐπεί.
1457 5632 1635 5688 Iidem
1686 5632 1859 5704 paulo
1911 5640 2039 5704 post

397 5702 454 5757 δέ
482 5725 585 5757 nm
620 5704 780 5757 μηδέ.

397 5702 454 5758 δέ
480 5702 585 5779 prb
620 5704 780 5776 μηδέ.
1687 5702 1702 5704 ’
1912 5702 1925 5704 “

470 5778 583 5849 (86)
603 5777 713 5832 Μίιν
743 5779 907 5832 deest
937 5774 995 5829 in
1028 5774 1260 5829 Gobler.
1294 5779 1352 5830 et
1375 5773 1562 5831 Fclck.
1599 5775 1650 5829 1.
1682 5771 1860 5829 Paulo
1908 5782 2039 5845 post

2216 4848 2329 4930 (87)
2484 4845 2785 4930 Regious~et
2812 4850 3050 4930 Seguer.
3078 4846 3252 4930 Editi,
3280 4842 3539 4930 διδάσκει.
3570 4846 3790 4930 Ibidem

2145 4913 2316 4984 editi,
2345 4913 2753 4992 6166611563624
2772 4916 2835 4971 16
2864 4913 3109 4992 Πνεῦμα.
3144 4913 3284 4989 Reg.
3330 4922 3389 4974 et
3436 4924 3701 4992 Seguer.,
3730 4919 3794 4973 16

2148 4993 2372 5059 Πνεῦμα
2402 4988 2565 5073 αὐτοῦ
2597 4984 2832 5073 διδάσκει
2867 4984 3025 5073 ὑμᾶς..

2221 5063 2330 5131 (88)
2365 5062 2426 5115 In
2460 5060 2805 5116 Gobleriano
2837 5060 3178 5116 et’Felckm.
3217 5060 3428 5132 primo,
3486 5062 3652 5117 deest
3692 5078 3800 5116 vox

2146 5133 2416 5213 προφήτῃ,
2448 5136 2587 5213 μοι(
2618 5131 2833 5213 Regius
2863 5137 2919 5187 et
2979 5135 3396 5213 Seguerianus,
3439 5131 3518 5213 _06
3577 5130 3795 5213 sivexsv.

2146 5200 2328 5276 Editi,
2358 5200 2419 5255 οὗ
2448 5200 2662 5276 ἕνεκεν.
2682 5200 2897 5276 Ibidem
2935 5200 3123 5276 post?)
3148 5201 3392 5276 Παῦλος,
3422 5204 3635 5260 desunt
3658 5206 3801 5273 haec,

2148 5272 2205 5357 δὲ
2232 5275 2445 5357 γράφει,
2481 5275 2539 5357 in
2574 5274 2756 5357 editis.
2778 5272 3322 5357 etin'quibusdam
3348 5272 3521 5357 mss,
3560 5276 3660 5357 sed
3700 5272 3802 5357 ha;

2148 5345 2359 5418 bentur
2386 5345 2446 5400 in
2481 5345 2660 5418 Regio
2709 5351 2765 5400 et
2804 5345 3193 5418 ASegueriano.
3240 5346 3464 5403 Ibidem
3516 5346 3610 5401 καί
3667 5353 3803 5403 ante

2148 5416 2522 5477 πιστεύσαντες
2573 5416 2746 5473 ’ἀεοεῐ
2801 5416 2861 5473 in
2898 5416 3147 5474 ’Gobler.
3204 5424 3263 5474 et
3310 5418 3496 5475 Felck.
3534 5422 3584 5474 1.
3618 5422 3799 5476 Paulo

2148 5496 2280 5563 post
2311 5490 2547 5563 Seguer.
2560 5531 2573 5557 ,
2607 5485 2839 5563 λυςιτῆτε.

2362 5557 2559 5653 ﬁasi'l‘”
2591 5557 2889 5653 xpte'u‘a1a.
2923 5563 2980 5615 et
3009 5559 3092 5653 sic
3119 5576 3271 5653 mox.
3304 5631 3316 5643 .
3391 5631 3490 5653 nr
3527 5631 3538 5644 .

2219 5631 2336 5714 (90).
2358 5632 2448 5687 Sic
2480 5631 2715 5703 Regi—us,
2745 5638 2977 5701 Seguer.
3014 5631 3542 5689 Basiliensis.Editi
3572 5648 3709 5689 vero
3738 5636 3799 5690 et

2219 5710 2363 5760 item.
2392 5705 2489 5757 106
2519 5702 2841 5760 γριομένου.

2148 5719 2363 5772 caeteri,
2392 5722 2489 5757 του
2519 5719 2841 5776 χριομενου.
