4076 6338
333 416 440 476 631
876 416 940 474 S.
987 414 1414 476 ATHANASII
1459 413 1634 474 ΟΡΙ).
1680 411 1880 471 PARS
1923 411 1970 469 Ι.
2007 443 2015 450 -

2132 406 2525 468 FllSTORlCA
2582 405 2676 464 ET
2722 402 3198 466 DUGMATICA.
3628 403 3748 464 632

333 547 548 618 ubique
575 551 686 614 est,
718 551 776 603 et
805 564 936 604 cum
967 550 1130 602 extra
1160 544 1361 601 omnia
1390 545 1488 615 sit,
1519 561 1634 600 non
1684 545 1774 599 est
1825 556 1990 598 orea-

2132 541 2226 606 ‘ﬁc,
2262 537 2327 595 Εί
2360 535 2417 592 δὲ
2449 537 2476 591 6
2506 536 2651 604 Υἱὸς,
2707 533 2806 590 οὐκ
2851 534 2924 588 ὢν
2974 535 3030 590 ὲν
3091 535 3512 610 μεμερισμένοις
3537 532 3750 608 τόποις,

335 641 490 704 tura,
525 641 955 708 consequenter
987 651 1090 690 nec
1122 633 1378 706 Spiritus
1432 636 1674 688 sanctus
1721 634 1991 687 creatura

2135 625 2226 683 λλ’
2257 625 2311 682 έν
2344 624 2520 702 ΙΙατρὶ
2564 622 2661 694 ὣν,
2711 627 2994 699 πανταχοῦ
3049 621 3182 692 ἐστι,
3232 624 3323 678 καὶ
3375 620 3476 694 ἔξω
3520 627 3630 678 τῶν
3673 623 3752 698 (1)

336 725 530 784 fuerit.
563 741 696 780 cum
731 707 846 780 non
888 723 965 778 sit
994 723 1053 778 in
1085 721 1292 778 divisis
1316 721 1481 789 locis,
1511 721 1611 777 sed
1645 719 1846 776 omnia
1874 718 1989 773 im-

2132 715 2314 768 πάντων
2343 707 2441 784 ὥν,
2489 710 2589 766 οὐκ
2625 709 2738 766 ἔστι
2796 711 3022 785 κτίσμα,
3073 709 3390 774 ἀκολούθως
3441 709 3540 766 οὐκ
3568 709 3629 765 ἃν
3664 709 3752 782 εἴη

335 810 513 884 pleat,
547 828 612 866 ac
642 814 806 866 extra
839 809 1038 864 omnia
1061 810 1158 864 sit.
1202 810 1287 864 Ita
1317 809 1470 864 enim
1529 808 1817 879 scriptum
1840 808 1943 862 'est
1975 822 1987 860 :

2135 798 2228 856 ὖδὲ
2281 801 2344 855 τὸ
2398 803 2618 873 Πνεῦμα
2667 799 2890 872 κτίσμα,
2957 800 3034 872 μή
3092 797 3150 854 ὃν
3212 797 3264 884 ἐν
3329 799 3751 876 μεμερισμένοις

335 883 364 950 ξι
398 897 654 970 Spiritus
690 897 916 952 Domini
961 896 1203 968 replevit
1251 897 1453 952 orbem
1514 905 1799 952 terrarum
1833 896 1876 931 ⁰¹
1915 912 1928 962 ;
1961 916 1988 944 ››

2137 890 2317 959 όποις,
2373 885 2519 943 ἀλλὰ
2573 889 2746 942 πάντα
2792 886 3042 970 πληροῦν
3089 887 3178 942 καὶ
3227 883 3328 958 ἔξω
3368 892 3476 943 τῶν
3535 887 3750 944 πάντων

335 987 629 1056 Davidque
660 987 817 1042 canit
850 1002 864 1040 :
904 1007 932 1036 «
964 987 1087 1051 Quo
1121 985 1216 1040 ibo
1248 1005 1278 1040 a
1305 985 1526 1056 Spiritu
1561 992 1661 1040 tuo
1689 985 1791 1055 ",u
1825 982 1995 1055 quasi

2132 977 2186 1038 ἓν.
2218 975 2377 1036 Οὕτω
2427 976 2530 1052 λᾶρ
2580 977 2670 1032 καὶ
2715 974 3012 1053 γέγραπται
3045 995 3059 1008 '
3094 1001 3122 1028 ‹‹
3169 977 3393 1050 Ηνεῦμα
3421 977 3626 1055 Κυρίου
3655 998 3750 1034 πε-

337 1092 454 1132 non
471 1075 549 1130 sit
575 1075 700 1146 ipse
727 1077 784 1129 in
821 1075 1071 1143 loco,sed
1103 1080 1264 1130 extra
1305 1074 1716 1145 omnia,atque
1747 1073 1805 1128 in
1833 1071 1996 1137 Filio,

2132 1064 2371 1141 ιλήρωκε
2393 1067 2494 1136 τήν
2527 1065 2875 1138 οἰκουμένην.
2908 1088 2938 1118 »
2971 1065 3068 1121 Καὶ
3117 1060 3282 1120 Δαϐἰδ
3331 1063 3548 1122 κάλλει·
3582 1091 3608 1118 ‹‹
3644 1067 3758 1123 Ποῦ

340 1164 438 1228 sit,
473 1163 626 1218 sicut
655 1163 838 1219 Filius
867 1168 957 1218 est
980 1163 1042 1218 in
1083 1167 1248 1218 Patre
1285 1180 1298 1218 :
1332 1164 1462 1219 ideo
1513 1164 1670 1217 enim
1721 1178 1826 1218 nec
1875 1161 2000 1233 ipse

2132 1159 2359 1232 τορευθῶ
2390 1153 2495 1209 ἀπὸ
2544 1158 2640 1209 τοῦ
2685 1153 3001 1228 ΙΙνεύματός
3055 1175 3172 1223 σου,
3209 1175 3235 1206 s
3269 1151 3345 1216 ὠς
3381 1155 3456 1228 μή
3486 1151 3639 1217 ὄντος
3667 1153 3760 1210 αὖ·

341 1257 610 1308 creatura
639 1256 822 1321 est,ut
851 1253 1320 1308 demonstratum
1352 1251 1480 1307 fuit.
1503 1252 1586 1306 Ad
1619 1250 1741 1306 haec
1773 1249 1997 1316 omnia,

2132 1248 2204 1299 τοῦ
2253 1244 2305 1298 ἐν
2350 1242 2529 1316 τόπῳ,
2587 1240 2714 1298 ἀλλ’
2763 1240 2865 1315 ἔξω
2917 1242 3012 1315 μὶν
3057 1246 3164 1298 τῶν
3211 1241 3456 1312 πάντων,
3506 1241 3559 1298 ἐν
3602 1240 3660 1298 δὲ
3687 1248 3766 1315 τῷ

347 1341 486 1397 hino
515 1340 767 1397 validius
797 1341 1200 1398 confutabitur
1227 1340 1441 1396 Ariana
1473 1339 1736 1408 haeresis,
1767 1356 1832 1394 ac
1865 1357 1999 1394 rur-

2132 1333 2224 1406 Γὶῷ
2279 1328 2460 1400 ὄντος,
2517 1329 2589 1393 ὥς
2643 1329 2753 1386 ἐστι
2807 1331 2896 1386 καὶ
2941 1333 2970 1386 6
3025 1330 3150 1394 Υἱὸς
3201 1331 3252 1386 ἐν
3304 1353 3384 1406 τῳ
3431 1330 3624 1408 Πατρί.
3667 1333 3765 1387 Διᾶ

347 1447 482 1487 sum
513 1447 578 1486 ex
613 1429 756 1485 Filio
780 1431 1088 1503 perspicua
1106 1430 1206 1484 fiet
1233 1428 1686 1500 Spiritussancti
1722 1427 2001 1500 cognitio.

2132 1427 2273 1476 τοῦτο
2313 1421 2416 1496 γὰρ
2463 1417 2577 1476 οὐδ’
2620 1419 2752 1475 αὐτὸ
2799 1419 2999 1493 κτίσμα
3045 1418 3212 1489 ἐστὶν,
3266 1417 3446 1495 ὥσπερ
3479 1417 3767 1478 δέδεικται.

347 1522 586 1574 Creator
613 1517 812 1590 itaque
841 1521 931 1573 est
957 1517 1139 1574 Filius
1163 1517 1338 1573 sicuti
1371 1521 1536 1572 Pater
1572 1535 1584 1573 :
1618 1540 1646 1567 «
1680 1519 1814 1583 Quaa
1847 1515 2003 1572 enim

2132 1511 2262 1588 Πρὸς
2307 1515 2436 1564 πᾶσι
2483 1506 2540 1564 δὲ
2581 1509 2796 1570 τούτοις
2851 1507 2926 1564 ἔτι
2981 1507 3196 1583 μᾶλλον
3240 1508 3301 1564 ἐκ
3354 1507 3550 1564 τούτου
3607 1530 3769 1566 κατα-

349 1607 560 1679 inquit,
589 1606 757 1662 video
787 1605 1017 1662 Patrem
1051 1605 1380 1673 facientem,
1413 1605 1534 1660 hinc
1559 1609 1616 1660 et
1647 1621 1753 1677 ego
1787 1603 2004 1660 facio”.

2132 1598 2489 1674 γνωσθήσεται
2553 1597 2648 1670 μὶν
2705 1598 2740 1666 ἡ
2798 1597 3024 1672 ’Δριανή
3085 1593 3312 1673 α’ίρεσις,
3369 1594 3770 1672 ἰπιγνωσθήσε-

353 1695 584 1766 Omnia,
621 1717 648 1742 »ι
678 1693 914 1767 igitur,«
940 1710 1042 1764 per
1073 1693 1264 1765 ipsum
1300 1693 1450 1749 facta
1479 1697 1702 1759 sunt,et
1731 1692 1858 1748 sine
1883 1691 2008 1763 ipso

2132 1707 2204 1742 ται
2265 1683 2321 1740 δέ
2378 1683 2544 1740 πάλιν
2601 1684 2662 1740 ἐκ
2711 1688 2808 1739 τοῦ
2865 1685 2995 1738 Υἱοῦ
3041 1686 3076 1754 ὴ
3126 1683 3251 1761 περὶ
3319 1688 3415 1740 τοῦ
3455 1683 3769 1759 Πνεῦματος

353 1785 572 1840 factum
606 1788 697 1838 est
728 1781 871 1837 nihil
904 1783 965 1837 “.
992 1805 1018 1831 ››
1053 1781 1112 1838 Si
1143 1799 1277 1838 vero
1309 1780 1492 1838 Filius
1521 1786 1748 1838 creator
1776 1796 1909 1836 cum
1934 1778 2014 1836 sit

2132 1779 2341 1849 γνῶσις.
2392 1773 2630 1845 Κτίστης
2681 1772 2859 1827 τοίνυν
2908 1771 3048 1827 ἐστὶν
3094 1773 3123 1827 6
3166 1772 3292 1834 Υἱὸς
3339 1772 3415 1836 ὡς
3464 1773 3493 1827 6
3528 1773 3722 1850 Πατὴρ
3755 1791 3768 1805 ’

359 1871 861 1944 quemadmodum
896 1871 1204 1935 Pater,non
1235 1874 1326 1926 est
1355 1874 1625 1927 creatura
1658 1887 1672 1926 :
1705 1876 1763 1926 et
1793 1867 2014 1941 si,quia

2132 1889 2152 1916 ι(
2185 1865 2250 1917 ⁹’Λ
2293 1863 2395 1940 γὰρ
2458 1861 2669 1939 βλέπω,
2721 1885 2750 1912 ››
2800 1861 2954 1939 φησὶ,
3003 1885 3032 1914 ιι
3080 1861 3174 1916 τὸν
3221 1861 3435 1938 Πατέρα
3490 1865 3770 1932 ποιοῦντα,

2132 1951 2469 1979 -..τε-..ηλμλ
2511 1955 2651 1979 --.ε-ι.
2725 1951 2905 1979 111...-..
2961 1972 2986 1979 -.
3040 1954 3168 1979 -.-πη
3223 1973 3250 1979 --
3307 1946 3376 1979 ἓδ
3438 1948 3603 1979 ...2-..τ
3662 1949 3745 1979 ληι

362 1960 563 2016 omnia
593 1975 695 2031 per
719 1959 915 2031 ipsum
947 1962 1243 2030 creantur,
1278 1975 1394 2015 non
1441 1963 1532 2015 est
1560 1957 1688 2031 ipse
1741 1974 1809 2014 ex
1839 1957 2015 2013 rebus

2132 1956 2291 2008 ταῦτα
2320 1951 2474 2027 κάγὼ
2511 1955 2675 2008 ποιῶ.
2725 1951 2907 2008 Πάντα
2960 1972 2989 2001 ››
3040 1954 3168 2024 γοῦν
3220 1973 3250 2003 ι(
3306 1946 3376 2004 δι’
3436 1948 3605 2006 αὖτσῦ
3661 1949 3776 2027 ἐγέ-

363 2049 574 2106 creatis
609 2065 622 2104 :
655 2063 792 2120 ergo
833 2063 939 2104 nec
995 2046 1251 2120 Spiritus
1281 2051 1524 2104 sanctus
1581 2049 1850 2102 creatura
1906 2048 2013 2102 est.

363 2135 850 2203 Quandoquidem
883 2137 953 2192 de
982 2135 1082 2192 illo
1113 2135 1397 2208 scriptum
1429 2141 1518 2192 est
1547 2134 1774 2209 psalmo
1819 2139 2013 2191 cente-

347 2225 500 2282 simo
525 2225 698 2281 tertio
727 2239 740 2282 :
775 2247 804 2274 ‹‹
837 2224 1078 2280 Auferes
1105 2224 1380 2296 spiritum
1405 2241 1608 2280 eorum
1635 2223 2004 2293 etdeﬁcient,

350 2317 408 2370 et
436 2313 495 2368 in
529 2311 824 2384 pulverem
857 2327 1033 2368 suum
1065 2311 1701 2368 revertentur.Emittes
1720 2310 2002 2384 Spiritum

345 2406 516 2458 tuum
547 2405 604 2456 et
632 2402 1006 2456 creabuntur.
1040 2405 1098 2456 et
1129 2401 1437 2456 renovabis
1470 2401 1674 2457 faciem
1708 2405 1874 2456 terra!
1901 2399 1998 2454 ".-

2125 2062 2265 2112 νετο,
2295 2041 2386 2095 γαὶ
2416 2041 2596 2117 χωρὶς
2645 2039 2814 2095 αὐτοῦ
2863 2038 3076 2115 ἐγένετο
3129 2035 3254 2094 οὐδὲ
3280 2034 3360 2095 ἓν.
3393 2061 3421 2092 ι»
3455 2038 3522 2096 Ei
3551 2035 3630 2110 δὲ,
3657 2037 3779 2094 κτί-

2125 2150 2257 2200 στης
2289 2127 2386 2197 ὢν,
2419 2130 2494 2192 ὡς
2527 2129 2555 2183 6
2589 2129 2800 2204 Πατὴρ,
2851 2129 2880 2182 6
2933 2127 3080 2196 Υἱὸς,
3129 2126 3230 2182 οὐκ
3279 2123 3393 2182 ἔστι
3424 2128 3500 2202 (2)
3529 2125 3733 2202 κτίρμα
3760 2145 3776 2159 ⁸

2122 2219 2211 2273 καὶ
2244 2217 2312 2286 εί,
2364 2216 2446 2273 ὅτι
2513 2214 2583 2272 δι’
2635 2215 2800 2272 αὐτοῦ
2851 2215 3084 2286 κτίζεται
3131 2213 3198 2270 τὰ
3245 2217 3441 2284 πάντα,
3499 2216 3607 2271 οὐκ
3658 2211 3775 2271 ἔστι

2120 2307 2227 2362 τῶν
2258 2307 2594 2380 κτιζομένων
2629 2326 2642 2339 ·
2704 2302 2996 2375 δηλνονότι
3045 2301 3171 2360 οὐδὲ
3214 2304 3278 2359 τὸ
3328 2306 3546 2376 Πνεῦμα
3573 2302 3778 2377 κτίσμα

2120 2393 2262 2450 έστίν
2299 2414 2312 2427 ⁸
2347 2391 2536 2464 ἐπειδὴ
2566 2393 2658 2448 καὶ
2705 2393 2828 2470 περὶ
2877 2392 3042 2448 αὐτοῦ
3085 2391 3377 2469 γέγραπται
3426 2389 3478 2446 ἐν
3525 2395 3605 2466 τῷ
3645 2391 3770 2445 ἑκα-

348 2493 528 2560 τοστῷ
582 2487 752 2564 τρίτῳ
808 2491 1050 2562 ψαλμῷ*
1087 2512 1115 2540 ‹‹
1148 2489 1478 2551 Ἀντανελεῖς
1529 2489 1590 2543 τὸ
1649 2491 1863 2561 πνεῦμα
1917 2485 2120 2554 αὐτῶν,
2179 2485 2270 2538 καὶ
2319 2482 2652 2557 ἐκλείψουσι,
2705 2483 2795 2538 καὶ
2845 2481 2920 2546 είς
2973 2481 3064 2537 τὸν
3121 2485 3257 2558 χοῦν
3307 2479 3480 2536 αὐτῶν
3509 2477 3756 2556 ἐπιστρέ-

347 2581 540 2652 ψουσιν
575 2596 588 2610 ⁸
625 2575 998 2647 ἰξαποσοελεῖς
1025 2577 1089 2632 τὸ
1119 2577 1336 2650 Ιῐνεῦμά
1365 2599 1482 2647 σου,
1516 2575 1604 2632 καὶ
1633 2577 2037 2646 κτισθήσονται,
2067 2571 2156 2628 καὶ
2181 2572 2504 2635 ἆνακαινιεῖς
2533 2572 2596 2627 τὸ
2626 2570 2918 2647 πρόσωπον
2941 2577 3040 2641 τῆς
3069 2577 3193 2647 γῆς.
3226 2593 3255 2623 ››

417 2668 472 2722 5.
506 2670 648 2722 Cum
681 2667 790 2724 hoc
822 2666 1005 2739 igitur
1034 2667 1115 2722 ita
1144 2667 1430 2738 scriptum
1474 2666 1571 2735 sit,
1633 2665 2007 2721 manifestum

351 2759 442 2812 est
471 2755 758 2827 Spiritum
792 2772 906 2811 non
940 2771 1070 2810 esse
1113 2759 1471 2822 creaturam,
1521 2755 1622 2810 sed
1672 2755 1730 2809 in
1763 2753 2009 2810 creando

352 2843 579 2900 adesse.
613 2843 780 2899 Pater
808 2843 962 2900 enim
997 2860 1098 2916 per
1136 2841 1398 2898 Verbum
1457 2842 1516 2897 in
1575 2841 1794 2913 Spiritu
1853 2845 2012 2897 creat

351 2931 1053 3004 omnia,quandoquidem
1090 2931 1190 2986 ubi
1223 2930 1502 2998 Verbum,
1524 2930 1643 2987 illic
1673 2935 1732 2987 et
1759 2929 2012 3002 Spiritus

355 3025 413 3077 et
443 3036 570 3092 quae
601 3035 706 3091 per
757 3021 1010 3075 Verbum
1063 3024 1358 3084 creantur,
1405 3019 1625 3075 habent
1675 3035 1743 3075 ex
1789 3016 2012 3090 Spiritu

357 3126 464 3182 per
492 3108 700 3164 Filium
734 3108 852 3164 vim
883 3107 1230 3165 exsistendi.
1264 3109 1352 3164 Ita
1407 3108 1565 3165 enim
1611 3106 1897 3180 scriptum
1928 3113 2012 3162 est

360 3196 666 3252 tricesimo
687 3197 949 3252 secundo
989 3195 1218 3268 psalmo
1250 3221 1263 3253 :
1299 3221 1326 3246 ι(
1359 3195 1548 3252 Verbo
1609 3194 1835 3252 Domini
1883 3193 2014 3250 cmli

311 3300 324 3308 '
361 3284 574 3338 ﬁrmati
605 3289 766 3352 sunt,
795 3289 853 3339 et
881 3284 1100 3356 Spiritu
1129 3283 1248 3340 oris
1279 3286 1407 3355 ejus
1437 3284 1632 3340 omnis
1676 3283 1870 3339 virtus
1915 3299 2012 3338 eo-

359 3389 491 3428 rum
523 3373 626 3426 9‘.»
655 3372 948 3428 Nimirum
981 3372 1064 3428 ita
1083 3371 1341 3444 Spiritus
1365 3372 1656 3429 indivisus
1683 3377 1772 3426 est
1792 3388 1826 3426 a
1845 3370 2008 3438 Filio,

360 3465 428 3518 ut
457 3479 525 3516 ex
555 3462 706 3519 555
743 3477 921 3532 supra
953 3459 1126 3516 dictis
1157 3459 1356 3515 nullus
1393 3460 1652 3533 supersit
1698 3459 2008 3516 dubitandi

359 3551 540 3606 locus.
576 3549 818 3613 Quando
845 3565 1098 3621 namque
1125 3549 1381 3605 Verbum
1418 3552 1635 3606 factum
1660 3553 1750 3604 est
1775 3550 1846 3604 ad
1882 3565 2006 3620 pro-

361 3637 622 3710 phetam,
658 3653 784 3709 quae
816 3656 849 3693 a
877 3636 1066 3693 Verbo
1099 3639 1436 3710 prodibant,
1469 3638 1524 3693 in
1557 3638 1777 3710 Spiritu
1809 3637 2012 3710 loque-

363 3727 540 3782 batur
570 3726 872 3798 propheta.
906 3726 1000 3782 Sio
1033 3726 1189 3782 enim
1222 3727 1508 3800 scriptum
1543 3731 1652 3797 est,
1685 3727 1743 3780 in
1775 3727 2014 3782 Actibus

365 3815 533 3872 Petro
563 3815 838 3871 dicente:
889 3838 916 3866 α
961 3815 1082 3870 Viri
1138 3816 1364 3883 fratres,
1426 3817 1730 3889 oportebat
1782 3815 2017 3888 impleri

365 3903 750 3976 Scripturam,
783 3920 956 3976 quam
995 3904 1258 3975 prmdixit
1295 3904 1548 3977 Spiritus
1594 3909 1835 3960 sanctus
1860 3907 1902 3940 9"
1936 3920 1948 3960 :
1987 3927 2014 3955 ››

370 3993 524 4066 apud
547 3993 887 4048 Zachariam
909 4008 1044 4047 vero
1077 4009 1209 4047 cum
1233 3992 1490 4048 Verbum
1524 3991 1780 4048 adillum
1797 3993 2013 4048 factum

367 4084 545 4152 esset,
577 4079 863 4153 scriptum
897 4085 986 4136 est
1019 4097 1032 4136 :
1065 4103 1091 4130 «
1127 4081 1548 4137 Verumtamen
1577 4081 1754 4136 verba
1783 4095 1929 4149 mea,
1961 4083 2019 4136 et

365 4169 626 4242 legitima
656 4185 786 4224 mea
812 4168 1484 4240 suscipite,qu1ecunque
1523 4183 1629 4240 ego
1663 4166 1934 4240 pracipio
1957 4168 2015 4222 in

363 4257 585 4330 Spiritu
619 4273 745 4313 meo
777 4257 1076 4330 prophetis
1107 4257 1169 4312 ⁸⁸.
1209 4279 1238 4307 ››
1270 4258 1341 4312 Et
1371 4255 1543 4328 paulo
1573 4260 1705 4327 post
1734 4255 2016 4328 populum

367 4346 744 4417 coarguendo
794 4345 915 4401 haec
943 4345 1023 4400 ait
1057 4363 1070 4401 :
1102 4366 1130 4395 ‹‹
1162 4348 1447 4402 Coranum
1501 4350 1827 4418 posuerunt
1855 4345 2020 4400 inob-

369 4449 645 4504 sequens,
681 4449 751 4488 ne
777 4435 1047 4489 audirent
1079 4435 1263 4507 legem
1306 4450 1520 4501 meam,
1567 4438 1624 4489 et
1669 4432 1847 4490 verba
1891 4449 2017 4505 quis

2187 2663 2224 2716 5
2292 2660 2496 2716 Τούτου
2555 2657 2614 2716 δὲ
2669 2660 2839 2722 οὕτως
2903 2660 3303 2736 γεγραμμένου,
3365 2655 3537 2728 δῆλόν
3594 2655 3762 2725 ἔστιν,

2119 2749 2194 2812 ὡς
2226 2749 2326 2804 οὐκ
2353 2744 2463 2804 ἔστι
2493 2748 2695 2823 κτίσμα
2744 2748 2808 2804 τὸ
2862 2749 3101 2820 Πνεῦμα,
3159 2743 3288 2802 ἀλλ’
3333 2745 3388 2802 έν
3439 2749 3525 2818 τῷ
3571 2744 3770 2814 κτίζειν

2119 2835 2258 2892 ἰστίν
2293 2857 2306 2870 ·
2341 2838 2368 2892 6
2397 2838 2501 2914 γὰρ
2557 2837 2740 2911 Πατὴρ
2790 2833 2878 2891 διὰ
2923 2840 3021 2892 τοῦ
3077 2834 3254 2912 Δόγου
3304 2833 3356 2890 ἐν
3386 2839 3467 2907 τῷ
3497 2833 3774 2906 Ηνεύματι

2119 2925 2287 2996 κτίζει
2341 2926 2407 2981 τὰ
2456 2927 2650 2994 πάντα,
2698 2924 2813 2981 ἐπεὶ
2871 2921 2996 2989 ἔνθα
3051 2924 3080 2980 6
3141 2921 3339 3000 Δόγος,
3397 2922 3508 2978 ἐκεῖ
3570 2921 3660 2977 καὶ
3711 2921 3776 2977 τὸ

2122 3015 2341 3089 Πνεῦμα
2395 3037 2408 3050 ο
2440 3014 2530 3070 καὶ
2585 3015 2653 3071 τὰ
2707 3011 2798 3069 διὰ
2842 3017 2938 3068 τοῦ
2981 3011 3156 3090 Λόγου
3211 3011 3504 3086 κτιζόμένα
3557 3008 3681 3087 ἔχει
3719 3009 3780 3066 ἐκ

2119 3107 2216 3159 τοῦ
2267 3103 2582 3178 Ηνεύματος
2773 3101 2920 3179 παρὰ
2963 3105 3062 3156 τοῦ
3111 3100 3292 3177 Λόγου
3349 3099 3449 3169 τὴν
3495 3103 3593 3154 τοῦ
3637 3098 3772 3154 εἶναι

2123 3191 2304 3268 ἰσχύν.
2361 3191 2520 3250 Οὕτω
2574 3193 2678 3268 γὰρ
2727 3190 3027 3268 γέγραπται
3077 3189 3131 3245 ἐν
3183 3193 3262 3263 τῷ
3305 3193 3613 3262 τσιακοστῷ
3643 3183 3767 3243 δευ-

2121 3280 2264 3356 τέρῳ
2285 3279 2496 3354 ψαλμῷ
2525 3299 2536 3312 ·
2565 3305 2591 3332 ‹‹
2651 3278 2740 3354 Τῷ
2793 3279 2957 3354 Λόγῳ
3004 3277 3204 3355 Κυρίου
3248 3279 3301 3333 οἱ
3349 3277 3573 3353 οὐρανοὶ
3629 3275 3778 3332 ἐστε-

2125 3370 2428 3444 ρεώθησαν,
2483 3367 2572 3424 καὶ
2629 3372 2706 3440 τῷ
2770 3366 3046 3440 Ιίνεῦματι
3124 3370 3223 3422 τοῦ
3281 3363 3554 3439 στόματος
3619 3362 3782 3419 αὐτοῦ

2122 3464 2266 3512 πᾶσα
2322 3460 2356 3527 ἡ
2417 3453 2645 3529 δύναμις
2698 3454 2896 3511 αὐτῶν.
2957 3481 2984 3508 ››
3050 3453 3276 3529 Ἀμέλει
3335 3452 3508 3516 οὕτως
3555 3452 3662 3508 ἐστὶ
3719 3451 3784 3508 τὸ

2125 3549 2342 3619 Πνεῦμα
2400 3542 2700 3619 ἀδιαίρετον
2761 3544 2896 3620 πρὸς
2950 3544 3044 3599 τὸν
3124 3543 3268 3610 Υἳὸν,
3330 3543 3406 3604 ὡς
3476 3543 3554 3615 μὴ
3615 3541 3781 3619 ἀμφι-

2123 3630 2348 3690 ϐάλλειν
2402 3633 2462 3688 ἐκ
2515 3638 2614 3688 τοῦ
2672 3632 2998 3708 λεγομένου.
3059 3635 3187 3687 Ὅτε
3242 3632 3320 3704 (4)
3367 3630 3470 3706 γὰρ
3531 3631 3559 3684 ὁ
3601 3628 3782 3704 Λόγος

2123 3722 2366 3798 ἐγίγνετο
2397 3721 2532 3796 πρὸς
2579 3721 2669 3776 τὸν
2719 3723 3032 3798 προφήτην,
3079 3720 3146 3775 τὰ
3197 3719 3342 3790 παρά
3381 3723 3478 3778 τοῦ
3510 3717 3689 3792 Λόγου
3726 3716 3779 3771 ἐν

2122 3817 2202 3884 τῷ
2245 3811 2519 3884 Πνεύματι
2571 3808 2753 3887 ἐλάγει
2803 3811 2832 3864 6
2875 3811 3188 3888 προφήτης.
3247 3805 3405 3866 Οὕτω
3451 3805 3540 3862 καὶ
3591 3807 3783 3884 γέγρα-

2130 3921 2261 3955 πται
2321 3897 2374 3954 ἐν
2437 3899 2532 3972 μὲν
2588 3903 2707 3960 ταῖς
2768 3896 2990 3974 Πράξεσι
3064 3901 3161 3952 τοῦ
3217 3897 3432 3972 Πέτρου
3499 3893 3782 3972 λέγοντος·

2126 4013 2154 4042 ι(
2183 3985 2408 4062 ’Ἄνδρες
2469 3984 2722 4065 ἀδελφοὶ,
2772 3983 2880 4042 ἔδει
2927 3984 3289 4064 πληρωθῆναι
3318 3987 3418 4056 τὴν
3450 3985 3690 4063 Γραφὴν,
3718 3984 3784 4054 ἢν

2123 4080 2358 4152 προεῖπε
2383 4074 2446 4130 τὸ
2504 4077 2726 4148 Πνεῦμα
2773 4085 2836 4129 τὸ
2889 4073 3062 4150 ἃγιον·
3099 4098 3128 4128 ››
3175 4073 3228 4129 ἐν
3276 4071 3336 4128 δὲ
3387 4077 3470 4147 τῷ
3513 4071 3781 4148 Ζαχαρία,

2123 4169 2222 4221 τοῦ
2281 4165 2460 4240 Λόγου
2527 4164 2825 4238 γενομένου
2883 4163 3016 4237 πρὸς
3063 4162 3224 4219 αὐτὸν
3280 4163 3380 4235 (5),
3437 4159 3733 4238 γέγραπται
3761 4177 3775 4194 '

2128 4279 2156 4307 α
2187 4251 2342 4324 Πλὴν
2363 4252 2492 4315 τοὺς
2524 4251 2720 4327 λόγους
2757 4273 2860 4326 μου
2908 4251 3001 4307 καὶ
3051 4251 3118 4308 τὰ
3145 4247 3361 4326 νόμιμά
3411 4271 3518 4323 μου
3544 4247 3788 4324 δέχεσθε,

2127 4340 2227 4398 ὅσα
2254 4341 2366 4418 ἐγὼ
2415 4339 2742 4414 ἐντέλλομαι
2791 4339 2844 4396 ἐν
2900 4339 3178 4414 Ηνεύματί
3245 4360 3354 4414 μου
3397 4343 3516 4400 τοῖς
3572 4337 3788 4414 προφή-

2126 4453 2245 4494 ταις
2459 4455 2486 4482 ››
2541 4429 2644 4490 Καὶ
2696 4430 2812 4504 μετ’
2862 4427 3048 4506 ὀλίγα,
3099 4428 3429 4502 αἰτιώμενος
3481 4426 3573 4482 τὸν
3623 4423 3785 4495 λαὸν,

439 4541 483 4574 οι
515 4542 648 4611 Sap.
682 4555 722 4606 1,
753 4541 806 4595 7.
863 4541 929 4611 7”
963 4539 1113 4611 Psal.
1146 4541 1494 4610 cxxxv111,7.
1572 4540 1616 4576 ⁸⁸
1641 4537 1812 4596 Joan.
1843 4556 1900 4607 v,
1936 4541 2019 4596 19.
2096 4541 2142 4578 “
2169 4540 2338 4598 Joan.
2364 4557 2402 4609 1,
2433 4540 2486 4594 3.
2563 4539 2608 4574 ⁸⁸
2640 4537 2790 4596 Psal.
2865 4554 2984 4606 c111,
3017 4538 3214 4610 29,30.
3290 4537 3335 4574 ³⁸
3364 4535 3520 4593 Psal.
3544 4533 3786 4603 xu11,6,

371 4611 415 4646 ⁸⁷
445 4614 572 4666 Act.
597 4610 644 4678 ’1,
673 4611 756 4666 16.
833 4610 876 4646 ⁸⁸
905 4610 1076 4665 Zach.
1103 4628 1142 4680 1,
1171 4613 1226 4668 6.

447 4719 523 4792 (1)
559 4718 681 4792 Τῷν
739 4718 903 4792 deest
940 4717 1015 4792 iu‘
1051 4717 1294 4792 Gobler._
1328 4721 1390 4792 et
1439 4717 1630 4792 Eelck.
1662 4718 1714 4792 1.
1763 4718 2015 4792 Moxﬂhaai

2149 4735 2406 4792 γραπται.
2466 4716 2613 4772 Editi
2661 4721 2718 4772 et
2763 4716 2973 4792 caeteri,
3004 4715 3158 4792 Οῦτω
3186 4713 3296 4792 γὰρ
3311 4713 3624 4792 γέγραπται.
3657 4710 3789 4792 Mox

373 4783 549 4846 verba
575 4791 680 4846 abs
697 4795 803 4863 unt
848 4789 922 4863 ab
977 4787 1214 4863 iisdem,
1269 4786 1588 4863 ᾀκολοόθως
1641 4787 1740 4863 οὐκ
1769 4789 1829 4842 ἂν
1862 4785 1945 4855 εἴη
1978 4809 2015 4842 τ‹

2149 4783 2289 4863 haec,
2322 4785 2373 4842 ἐν
2427 4791 2533 4863 τῷῌ
2558 4787 2862 4863 τριακοστῷ
2910 4783 3144 4863 δευτέρῳ
3199 4783 3430 4860 ψαλμῷ,
3489 4783 3708 4840 absunt
3753 4797 3788 4836 α

375 4865 594 4933 Πνεῦμα
620 4859 843 4932 κτίσμα.
878 4861 1088 4933 Eodem
1124 4860 1248 4933 loco
1281 4861 1338 4914 in
1373 4861 1577 4933 iisdem
1632 4866 1690 4915 et
1720 4861 1777 4916 iu
1799 4867 2036 4933 Segguer.

376 4931 428 4986 ὲν
461 4930 849 4989 desideratur.
886 4937 946 4986 1n
981 4931 1126 5002 ipsis
1155 4932 1293 5002 item
1317 4930 1670 4988 Gobleriano
1689 4939 1746 4988 et
1776 4930 2026 5002 Felékm.

2147 4859 2373 4916 Gobler.
2409 4868 2464 4915 et
2500 4859 2749 4916 Felckm.
2785 4861 2835 4913 1.

2210 4931 2288 5014 (11)
2317 4931 2618 5014 Sicneditio
2644 4928 2925 5014 Comma].
2948 4933 3006 4985 et
3032 4944 3236 4984 omnes
3267 4944 3411 5010 mea.
3437 4942 3454 4994 ;
3483 4924 3631 5014 edit.
3649 4939 3788 5014 vero

375 5003 588 5076 primo,
620 5022 774 5072 mox,
804 5007 910 5058 τῶν
963 4996 1100 5076 ante
1151 5000 1389 5070 πάντων,
1420 5003 1732 5076 particula
1775 5001 1866 5058 καί
1896 5007 2015 5059 antt

2139 4996 2348 5076 Paris.
2411 5003 2537 5076 61:1._
2568 5002 2964 5076 Mox__lt_eg_ius
3001 5016 3190 5076 QIiem_
3233 5000 3399 5076 sequi
3448 4996 3782 5076 virsum‘esi.

373 5062 694 5157 γέγραπσαι,
753 5062 1042 5158 et.paulo,
1074 5081 1225 5155 .post
1262 5062 1605 5146 vox'qfdnu
1644 5075 1827 5146 deest,
1860 5077 2015 5131 incu.

2141 5069 2397 5148 ἐγίγνετον
2431 5073 2630 5158 alii.“
2658 5062 3132 5158 είὶίιξιῗέγένεὲοι,
3157 5062 3360 5158 ξιιιιὸ.
3385 5063 3680 5158 ροβΞηξεξιὶ
3697 5062 3789 5158 1‘;

377 5163 462 5200 P18
493 5162 942 5203 amanuensnum
971 5162 1214 5201 OlﬂlSSﬂ.

446 5217 520 5287 (2)
559 5217 650 5272 Sic
709 5217 928 5286 Regius
985 5221 1048 5289 et
1087 5223 1348 5289 Seguer._
1385 5215 1539 5289 Editi
1597 5233 1772 5289 vero,_
1819 5213 2026 5289 οὐκέτ-ι.

373 5286 554 5344 Paulo
587 5289 986 5374 postﬁegius,
1011 5286 1264 5374 “Segu'er;
1318 5287 1657 5374 Gobler."et
1686 5287 1874 5374 12911311.
1909 5286 2025 5374 pri:-

375 5377 530 5429 mus,
587 5355 784 5428 ἔπειδή
832 5355 978 5416 καί(
1007 5355 1181 5430 Editi,
1237 5355 1352 5412 ἐπεὶ
1388 5357 1499 5430 καί·
1543 5359 1674 5430 Mox
1706 5355 1935 5430 Gobler.
1970 5363 2029 5414 et

375 5428 915 5504 Felckm._primus,
967 5447 1080 5504 non
1130 5428 1347 5504 habent
1386 5428 1612 5504 hmc,_év
1645 5433 1724 5504 τῷ
1753 5429 2026 5504 ἑκατοστῶ

372 5500 796 5576 τρίτῳᾼψαλμῷ.
848 5503 978 5558 Mox
1026 5503 1258 5576 Regius,
1307 5502 1644 5576 Seguerian.
1693 5501 2022 5558 Goblerian.

376 5571 434 5629 et
465 5571 716 5632 Felckin.
752 5571 999 5646 primus.
1020 5573 1093 5646 ,τὸ
1127 5571 1344 5646 Πνεῦμα
1373 5571 1568 5646 αὐτῶν.

453 5646 530 5716 (3)
568 5641 797 5702 Gobler.
831 5652 889 5702 et
940 5645 1192 5701 Felckm.
1225 5641 1280 5707 ι.
1326 5643 1472 5716 παρὰ
1517 5646 1614 5716 τοῦ
1645 5641 2022 5716 Ιῐριτρόςιωὲ·

453 5662 530 5716 (ὁ)
568 5662 797 5702 UODICP.
831 5662 889 5702 θῐ
941 5662 1192 5701 reme.
1225 5662 1277 5707 ‘I,
1326 5663 1401 5696 πα
1440 5664 1472 5696 α
1517 5663 1614 5698 του
1645 5662 1876 5714 ιιατρος,
1911 5662 2022 5698 ml-

379 5729 494 5770 nus
528 5721 700 5782 recte,
736 5717 863 5772 Mox
921 5717 1056 5786 Reg.
1111 5716 1346 5787 Seguer.
1397 5662 1599 5784 Easil.,
1629 5710 1782 5766 Οὕτω
1815 5712 1903 5767 καὶ
1935 5711 2022 5787 γέ-

2138 5135 2635 5228 χραξπταιέζωειδ
2693 5135 2920 5200 Gobler'.
2979 5147 3038 5199 et
3090 5140 3282 5198 Felck.
3341 5135 3404 5208 1;
3451 5144 3508 5196 et
3547 5153 3684 5194 mox
3711 5135 3788 5192 ab

2138 5216 2370 5287 iisdem,
2407 5216 2528 5288 μὲν.

2138 5357 2150 5362 Δ
2208 5289 2286 5362 (ξ)
2316 5293 2445 5362 111130
2473 5281 2778 5362 TOB_A§Y_OD
2809 5281 3134 5362 ,γενομένου
3181 5281 3320 5362 πρὸς
3364 5275 3791 5362 αὐτόν,.ιὶθσρξιῐ

2135 5357 2194 5412 in
2215 5352 2458 5414 'Gobler.
2493 5365 2549 5412 et
2576 5352 3130 5429 _Felck._1.'_lbidem,
3162 5352 3486 5429 γέγραπται,
3535 5352 3700 5408 deest
3727 5352 3790 5406 in

2136 5429 2333 5498 editis,
2366 5430 2460 5500 sed
2500 5427 2747 5484 habetur
2773 5425 2843 5500 in
2865 5427 3002 5500 Reg.
3035 5433 3093 5483 et
3114 5425 3348 5500 Seguer.

2207 5501 2291 5574 (ῥ)Δ
2315 5489 2544 5574 Gobler.
2583 5503 2642 5574 et
2675 5497 2887 5574 _Felck.
3052 5489 3649 5574 τοῖςῗπροφήταιςῇκαῖ
3677 5490 3784 5559 τὴν

2134 5567 2382 5644 καρδίαν,
2409 5572 2646 5644 omissis
2672 5570 3056 5644 intermediis.
3092 5570 3239 5644 Ibid.
3270 5567 3408 5642 Reg.
3441 5571 3498 5624 et
3525 5567 3784 5644 Seguer._,

2135 5636 2225 5716 ὅτε
2252 5641 2342 5694 καὶ
2369 5636 2492 5714 ⁷μετ’
2525 5639 3083 5716 6117a.__Paulo_post
3112 5641 3250 5714 Reg.
3286 5636 3660 5712 6178831301.,
3685 5636 3784 5688 τοῦ

2133 5709 2326 5786 νόμου.
2360 5709 2556 5770 Ceteri
2585 5709 2643 5772 et
2664 5712 2826 5784 editi,
2857 5709 2985 5774 τοὺς
3015 5709 3221 5784 νόμους
