4076 6338
386 356 505 417 635

922 354 985 415 8.
1036 352 1455 415 ATHANASII
1502 355 1673 415 OPP.
1718 353 1917 413 PARS
1964 352 2012 412 Ι.
2046 385 2123 397 -—
2152 351 2567 415 HISTORICA
2611 353 2711 415 ET
2756 351 3234 414 DOGMATICA.

3675 356 3795 421 636

386 486 535 552 Quid
567 485 722 542 enim
755 486 871 542 Deo
900 486 1115 553 deerat,
1148 488 1213 539 ut
1240 484 1557 555 quidquam
1603 484 1842 539 diversa
1893 484 2032 539 sub-

2154 480 2408 555 ἰνόμοιος
2458 484 2619 557 ἑαυτῇ
2668 484 2703 547 ἠ
2754 481 2945 558 Τριὰς,
2974 481 3123 553 εὲνου
3164 484 3311 545 τινὸς
3361 483 3451 539 καὶ
3489 483 3792 563 ἀλλοτρίου

386 574 616 632 stantia;
648 578 995 639 assumeret,
1028 578 1084 628 et
1114 590 1244 629 cum
1280 572 1378 628 illo
1409 572 1883 645 glorificaretur?
1913 573 2030 627 Ab-

386 663 502 721 sit!
536 669 658 719 Non
689 665 769 720 ita
813 681 875 719 se
924 679 1014 718 res
1067 650 1259 717 habet.
1294 684 1322 711 «
1359 662 1573 718 Plenus
1606 679 1737 718 sum
1798 662 1862 728 ¹⁰,
1896 683 1923 709 ››
1955 661 2035 716 ait

386 756 533 826 ipse.
568 754 790 809 Idcirco
819 753 944 824 ipse
978 752 1258 807 Dominus
1289 769 1419 807 cum
1455 752 1691 807 nomine
1724 751 1909 807 Patris
1942 749 2033 807 sui

386 843 553 898 illum
590 842 747 900 556
788 840 1115 913 copulavit;
1150 846 1215 895 ut
1261 841 1612 907 ostenderet,
1667 857 1781 896 non
1827 857 1893 896 ex
1944 840 2033 894 di-

383 932 591 1002 versis,
621 931 679 985 id
711 934 799 986 est
828 947 892 985 ex
924 935 1182 986 creatore
1212 934 1267 985 et
1307 934 1592 1000 creatura,
1626 934 1890 986 sanctam
1930 929 2031 984 tri-

385 1020 627 1076 nitatem
689 1023 1003 1086 constare;
1056 1020 1155 1073 sed
1215 1036 1392 1074 unam
1469 1020 1599 1090 ejus
1669 1018 2033 1074 divinitatem

382 1123 529 1164 esse.
566 1112 683 1163 Hoc
711 1123 845 1162 eum
898 1107 1202 1162 didicisset
1258 1106 1495 1173 Paulus,
1556 1107 1800 1162 docebat
1857 1122 2035 1161 unam

377 1213 528 1264 esse,
562 1213 692 1268 quae
725 1195 782 1251 in
819 1196 945 1268 ipsa
977 1196 1310 1267 (Trinitatc)
1341 1197 1603 1263 daretur,
1638 1196 1913 1267 gratiam,
1946 1194 2033 1249 di-

377 1302 563 1341 cens:
604 1308 624 1333 ι
656 1284 820 1340 Unus
867 1283 1169 1351 Dominus,
1222 1300 1340 1339 una
1392 1284 1559 1349 fides,
1608 1300 1791 1338 unum
1839 1283 2034 1354 ltapti-

376 1390 508 1431 sma
539 1378 645 1427 “.n
669 1373 741 1429 Ut
769 1379 966 1428 autem
1001 1388 1184 1427 unum
1219 1373 1627 1443 baptisma,sic
1648 1377 1705 1427 et
1737 1389 1851 1427 una
1870 1372 2033 1427 ﬁdes.

379 1462 487 1528 Qui
520 1463 677 1517 enim
711 1461 895 1517 credit
925 1462 983 1515 in
1022 1466 1273 1528 Patrem,
1308 1462 1470 1517 novit
1505 1461 1563 1515 in
1600 1465 1766 1517 Patre
1798 1461 2033 1524 Filium,

378 1554 436 1607 et
464 1550 746 1622 Spiritum
782 1567 895 1604 non
928 1554 1091 1605 extra
1124 1549 1334 1604 Filium
1370 1566 1382 1604 :
1417 1555 1473 1604 et
1504 1550 1633 1605 ideo
1674 1551 1862 1605 credit
1890 1556 1947 1605 et
1975 1549 2034 1606 in

375 1638 589 1693 Filium
614 1642 671 1693 et
690 1639 748 1693 in
768 1637 1049 1708 Spiritum
1078 1645 1350 1695 sanctum
1378 1656 1391 1705 ;
1419 1638 1897 1710 quandoquidem
1922 1656 2037 1694 una

377 1731 469 1784 est
496 1718 803 1782 Trinitatis
837 1726 1136 1797 divinitas,
1170 1743 1298 1797 qua
1343 1743 1411 1782 ex
1443 1743 1560 1782 uno
1593 1727 1758 1783 Patre
1818 1744 2034 1800 cogno-

377 1816 586 1873 scitur.

447 1905 501 1959 7.
538 1904 667 1959 Haac
724 1908 814 1959 est
876 1902 1173 1958 catholicae
1226 1904 1359 1959 ﬁdei
1413 1906 1619 1960 forma.
1684 1904 1791 1969 Qui
1836 1909 2033 1960 autem

377 1992 794 2064 blasphemant
822 1992 882 2046 in
936 1993 1242 2064 Spiritum,
1285 1999 1340 2048 et
1397 1994 1601 2048 dicunt
1654 1993 1849 2066 ipsum
1907 2009 2036 2049 esse

378 2082 785 2147 creaturam,si
819 2097 886 2136 ex
920 2082 993 2136 iis
1024 2098 1151 2153 quas
1177 2082 1332 2136 dicta
1352 2087 1493 2137 sunt
1524 2099 1634 2137 non
1658 2082 2033 2153 resipiscunt,

382 2170 470 2227 vel
498 2186 567 2226 ex
598 2171 672 2225 iis
700 2187 824 2241 qua
852 2170 1097 2225 dicenda
1127 2176 1267 2225 sunt
1313 2172 1534 2242 pudore
1585 2171 1942 2226 afﬁciantur.
1975 2175 2037 2231 Si

382 2258 639 2315 Trinitas
670 2264 757 2314 est
785 2265 844 2315 et
874 2259 927 2313 in
957 2259 1239 2314 Trinitate
1258 2258 1475 2314 sitaest
1493 2260 1657 2325 ﬁdes,
1676 2260 1873 2314 dicant
1893 2276 2036 2314 num

385 2363 621 2419 semper
648 2346 904 2402 Trinitas
927 2346 1215 2412 fuerit,vel
1246 2364 1317 2401 an
1359 2348 1531 2401 fuerit
1561 2364 1695 2402 cum
1729 2364 1844 2402 non
1877 2351 2041 2402 esset

386 2436 728 2491 Trinitas.Si
760 2435 952 2507 itaque
984 2436 1341 2507 sempiterna
1363 2440 1452 2491 est
1473 2436 1874 2503 Trinitas,uon
1901 2452 2037 2509 ergo

387 2528 581 2580 creata
609 2540 702 2579 res
733 2527 820 2579 est
848 2523 1121 2595 Spiritus,
1156 2524 1256 2596 qui
1275 2540 1507 2596 semper
1526 2523 1715 2580 Verbo
1736 2524 2040 2581 coexsistit

384 2613 441 2668 in
478 2615 725 2686 ipsoque
750 2618 857 2670 est.
890 2614 1035 2669 Nam
1069 2618 1345 2669 eratcum
1380 2618 1657 2669 creaturae
1682 2630 1796 2669 non
1820 2617 2035 2669 essent.

383 2704 546 2768 Quod
578 2704 626 2759 si
657 2708 925 2759 creatura
973 2709 1082 2771 est,
1129 2720 1261 2758 cum
1312 2708 1588 2759 creaturae
1637 2704 1760 2760 sint
1806 2719 1875 2759 ex
1922 2720 2037 2758 non

384 2792 969 2864 exstantibus,palam
1003 2797 1092 2846 est
1104 2792 1286 2846 fuisse
1306 2808 1437 2846 cum
1459 2808 1573 2847 non
1589 2796 1745 2847 esset
1759 2790 2036 2857 Trinitas,

387 2881 488 2937 sed
522 2880 812 2936 dualitas:
838 2897 953 2953 quo
975 2881 1114 2953 quid
1134 2880 1322 2953 magis
1355 2881 1602 2953 impium
1637 2881 1772 2953 quis
1804 2880 2045 2936 dixerit?

383 2973 461 3024 Ex
495 2974 820 3025 mutatione
850 2973 907 3025 et
939 2968 1193 3042 profectu
1227 2969 1431 3024 dicunt
1486 2974 1753 3025 constare
1782 2968 2037 3024 Trinita-

383 3063 524 3124 tem,
557 3074 623 3114 ac
664 3057 1010 3113 dualitatem
1062 3058 1299 3131 quidem
1350 3075 1502 3123 esse,
1553 3059 1654 3114 sed
1706 3063 2039 3129 exspectare

384 3151 663 3202 creatura:
696 3146 1164 3219 productionem,
1207 3151 1270 3201 ut
1301 3163 1434 3203 cum
1467 3146 1636 3202 Patre
1678 3150 1735 3203 et
1767 3144 1906 3201 Filio
1937 3162 2038 3201 co-

2143 570 2570 645 συπασσομένου
2600 570 2755 643 αὐτῇ.
2790 571 2859 628 Τί
2884 571 2985 648 γὰρ
3033 566 3216 626 ἔλειπε
3249 574 3360 645 (16)
3394 578 3473 645 τῷ
3526 579 3672 647 Θεῷ,
3695 572 3793 631 ’ἶνα

2144 657 2592 736 ἀλλοτριοούσιον
2623 654 3026 735 προσλάϐηται,
3059 658 3150 714 καὶ
3177 659 3269 715 σὺν
3298 660 3446 734 αύτῷ
3478 659 3792 734 δοξάζηταις

2145 750 2240 818 Μή
2288 748 2532 825 γένοιτοί
2579 749 2695 807 Οὐκ
2739 744 2879 803 ἔστιν
2949 746 3144 811 οὕτως.
3194 775 3221 801 ‹‹
3276 749 3526 825 Πλήρης,
3557 776 3584 803 »ι
3636 751 3798 816 αὐτὸς

2146 837 2307 906 εἶπε),
2344 862 2371 889 ‹‹
2401 837 2535 911 εἶμί,
2560 861 2588 891 ››
2624 837 2722 893 Διὰ
2750 841 2909 893 τοῦτο
2940 836 3102 901 αὐτὸς
3134 839 3161 893 6
3188 839 3384 912 Κύριος
3433 844 3511 913 τῷ
3563 841 3797 916 ὀνόματι

2142 929 2239 980 τοῦ
2270 926 2481 1003 Ιῐατρὸς
2514 927 2626 1000 (17)
2657 926 2786 982 αὐτὸ
2817 926 3110 997 συνέταξεν·
3134 924 3227 981 *ίνα
3258 923 3425 1002 δείξῃ,
3454 927 3540 983 ὅτι
3585 930 3686 985 ούκ
3736 930 3799 987 ἐκ

2146 1011 2443 1092 διαφόρων,
2491 1014 2765 1072 τουτέστιν
2814 1013 2875 1071 ἐκ
2921 1014 3140 1070 κτίστου
3187 1016 3278 1071 καὶ
3321 1016 3640 1090 κτίσματος,
3675 1041 3795 1074 cov-

2146 1103 2365 1174 ἔστηκεν
2392 1106 2424 1174 ἦ
2462 1103 2584 1181 ἁγία
2610 1103 2799 1177 Τριάς’
2828 1103 2974 1160 ἀλλὰ
3010 1104 3105 1176 μία
3133 1104 3337 1176 ταύτης
3367 1108 3402 1175 ἡ
3439 1106 3631 1178 θεότης
3659 1107 3793 1165 ἔστί.

2144 1196 2316 1247 Τοῦτο
2371 1194 2553 1267 μαθὼν
2598 1195 2627 1248 6
2677 1192 2914 1263 Παῦλος,
2958 1190 3201 1255 ἐδίδασκε
3248 1193 3374 1266 μίαν
3422 1195 3553 1249 εἶναι
3597 1198 3697 1265 τὴν
3745 1196 3800 1252 ἐν

2148 1280 2283 1356 αὐτῇ
2318 1279 2609 1355 διδομένην
2650 1282 2832 1358 χάριν,
2866 1281 3065 1357 λέγων·
3102 1307 3129 1333 ‹‹
3162 1284 3257 1344 Εἷς
3307 1283 3529 1359 Κύριος,
3563 1283 3662 1357 μία
3705 1284 3796 1340 πί-

2146 1390 2280 1442 στις,
2311 1369 2368 1425 ἓν
2399 1371 2701 1446 βάπτισμα.
2746 1394 2776 1422 ι)
2804 1373 3007 1447 Ὥσπερ
3066 1368 3125 1426 δὶ
3181 1371 3236 1426 ’ὲν
3286 1370 3586 1447 βάπτισμα,
3618 1373 3793 1437 οὕτως

2144 1458 2233 1512 καὶ
2270 1459 2366 1531 μία
2395 1460 2596 1523 πίστις·
2630 1460 2659 1514 6
2690 1461 2790 1535 γὰρ
2819 1458 3088 1514 πιστεύων
3135 1459 3209 1521 εἷς
3256 1460 3346 1514 τὸν
3390 1460 3601 1536 Πατὲρα
3651 1460 3796 1517 οἶδεν

2146 1544 2197 1601 ἒν
2228 1552 2308 1619 τῷ
2339 1549 2507 1622 Πατρὶ
2535 1548 2627 1604 τὸν
2661 1548 2808 1617 Υἳὸν,
2839 1548 2931 1603 καὶ
2979 1548 3042 1603 τὸ
3090 1552 3329 1621 Πνεῦμα,
3362 1547 3460 1604 οὐκ
3504 1548 3656 1612 ἐκτὸς
3695 1555 3795 1605 τοῦ

2146 1637 2295 1690 Υἱοῦο
2327 1636 2417 1691 καὶ
2476 1634 2564 1691 διὰ
2620 1641 2780 1692 τοῦτο
2837 1636 3079 1692 πιστεύει
3126 1636 3216 1692 καὶ
3259 1639 3369 1711 (18)
3412 1637 3487 1700 εἷς
3524 1639 3616 1693 τὸν
3666 1640 3791 1694 Υἱὸν

2143 1725 2233 1778 καὶ
2265 1724 2340 1787 είς
2371 1725 2433 1780 τὸ
2465 1730 2682 1799 Πνεῦμα
2704 1725 2768 1780 τὸ
2799 1726 2971 1801 ἅγιονο
3007 1723 3194 1795 ἐπειδὴ
3224 1726 3312 1781 καῖ
3350 1725 3447 1799 μία
3484 1733 3585 1796 τῆς
3627 1729 3793 1803 Τριά-

2066 1849 2112 1914 B
2146 1810 2237 1875 δος
2269 1816 2304 1883 ἡ
2340 1814 2551 1885 θεότης,
2586 1813 2637 1885 ἐξ
2669 1816 2785 1877 ἑνὸς
2812 1818 2908 1869 τοῦ
2936 1814 3146 1887 Πατρὸς
3173 1816 3575 1891 γινωσκομένη.

2212 1906 2267 1960 7.
2298 1909 2406 1973 Τῆς
2442 1905 2535 1977 μὶν
2569 1902 2660 1959 οὖν
2689 1906 2801 1979 (19)
2831 1902 3132 1975 καθολικῆς
3163 1904 3395 1967 πίστεως
3427 1907 3455 1961 6
3503 1908 3790 1983 χαρακτὴρ

2144 1993 2320 2055 οὗτος.
2349 1994 2416 2050 Οἱ
2448 1990 2505 2048 δὶ
2536 1991 2946 2071 δυσφημοῦντες
2977 1993 3053 2056 είς
3091 1994 3153 2049 τὸ
3193 1998 3430 2068 Πνεῦμα,
3461 1995 3549 2050 καὶ
3598 1992 3788 2070 λύγον-

2142 2101 2229 2142 τες
2284 2080 2414 2135 αύτὸ
2471 2082 2693 2156 κτίσμα,
2727 2082 2772 2137 εἰ
2822 2083 2898 2156 μή
2958 2082 3017 2137 ὲκ
3062 2086 3172 2137 τῶν
3221 2082 3523 2157 εἰρημένων
3576 2105 3791 2158 μεταγι-

2144 2168 2431 2238 νώσκουσι,
2481 2166 2577 2224 κᾶν
2636 2168 2695 2224 ἐκ
2748 2173 2857 2223 τῶν
2917 2168 3343 2245 λεχθησομὲνων
3404 2168 3790 2245 αἶσχυνόμενοι

2145 2255 2572 2312 καταδυὲτωσαν.
2608 2256 2669 2311 El
2708 2257 2867 2333 Τριάς
2919 2256 3052 2325 ἐστι,
3085 2258 3176 2312 καὶ
3225 2257 3276 2313 ἰν
3339 2256 3529 2335 Τριάδι
3580 2258 3720 2313 ἐστὶν
3754 2260 3789 2327 ἡ

2145 2344 2347 2416 πίστις,
2379 2344 2702 2414 εἴπάτωσαν,
2734 2345 2778 2401 εἷ
2810 2345 2893 2400 ἀεὶ
2942 2347 3105 2421 Τριάς
3145 2346 3305 2414 ἐστιν,
3346 2347 3380 2416 ἢ
3431 2346 3519 2415 ἦν,
3555 2347 3643 2401 ὅτε
3692 2344 3794 2401 ούκ

2146 2432 2212 2501 ἧν
2258 2432 2437 2509 Τριάς.
2470 2432 2535 2491 Et
2588 2434 2682 2507 μὲν
2728 2431 2818 2489 οὖν
2865 2431 3037 2496 ἀίδιός
3082 2434 3223 2489 ἐστιν
3251 2437 3285 2503 ἡ
3315 2432 3492 2508 Τριδις,
3529 2432 3627 2489 οὐκ
3675 2428 3790 2487 ἔστι

2146 2523 2349 2595 κτίσμα
2376 2522 2438 2577 τὸ
2470 2526 2708 2596 Πνεῦμα,
2740 2519 2932 2587 ἀϊδίως
2962 2523 3117 2578 συνὸν
3146 2527 3226 2595 τῷ
3258 2522 3415 2599 Λόγῳ
3445 2523 3535 2577 καὶ
3583 2521 3637 2577 ἐν
3690 2520 3789 2576 αύ-

2145 2616 2226 2684 τῷ
2256 2607 2337 2668 ὄν.
2364 2611 2445 2669 T6
2472 2611 2571 2688 γὰρ
2602 2613 2872 2685 κτίσματα
2899 2612 2991 2683 ἦν,
3024 2613 3113 2667 ὅτε
3142 2611 3241 2667 οὐκ
3269 2611 3359 2681 ἦν.
3391 2611 3458 2669 Εἰ
3489 2608 3547 2666 δὶ
3586 2611 3794 2684 κτίσμα

2146 2698 2280 2770 ἐστὶ,
2311 2701 2379 2754 τὰ
2422 2697 2479 2755 δὶ
2524 2700 2792 2774 κτίσματα
2840 2700 2890 2774 ἐξ
2940 2699 3039 2755 οὐκ
3085 2696 3254 2755 ὄντων
3308 2699 3440 2772 ἐστὶ,
3485 2697 3678 2772 δῆλον,
3711 2698 3793 2754 ὅτι

2146 2789 2236 2859 ἦν,
2269 2788 2358 2844 ὅτε
2387 2788 2486 2844 οὐκ
2512 2790 2579 2859 ἦν
2611 2788 2780 2865 Τριᾶς
2813 2791 2947 2862 (20),
2981 2786 3126 2844 ἀλλὰ
3166 2786 3316 2851 δυάς.
3350 2788 3448 2843 Καὶ
3496 2789 3550 2843 τί
3598 2788 3794 2843 τούτου

2147 2871 2493 2952 ἀσεϐέστερον
2523 2874 2583 2932 ἄν
2614 2898 2697 2940 τις
2739 2876 2883 2932 εἷ’ποι
2909 2897 2922 2947 ;
2950 2878 3048 2933 Ἐκ
3094 2871 3406 2950 μεταϐολῆς
3453 2877 3543 2931 καὶ
3586 2897 3793 2951 προκο-

2146 2973 2253 3036 πῆς
2287 2964 2503 3043 λέγουσι
2555 2966 2898 3031 ουνίστασθαι
2945 2966 3045 3035 τὴν
3090 2962 3313 3043 Τριάδα,
3343 2965 3433 3021 καὶ
3484 2962 3651 3021 δυάδα
3697 2965 3790 3039 μὲν

2148 3057 2303 3122 εἶναι,
2356 3051 2669 3131 ἐκδέχεσθαι
2732 3054 2791 3110 δὶ
2845 3054 3141 3129 κτίσματος
3213 3056 3437 3130 γένεσιν,
3493 3052 3584 3109 ’ίνα
3661 3054 3795 3128 μετὰ

2150 3142 2360 3216 Πατρὸς
2387 3142 2477 3197 καὶ
2502 3143 2631 3197 Υἳοῦ
2663 3141 2940 3218 συνταχθῇ
2985 3141 3074 3197 καὶ
3122 3141 3341 3217 γένηται
3389 3143 3424 3211 ἡ
3472 3141 3665 3218 Τριάς.
3699 3142 3792 3210 Μὴ

385 3234 624 3307 puletur
663 3209 719 3289 et
758 3235 859 3289 flat
905 3209 1179 3290 Trinitas.
1225 3236 1393 3291 Absit
1424 3239 1490 3290 ut
1510 3235 1649 3308 quid
1699 3233 2039 3306 hujusmodi

2154 3231 2365 3306 γένοιτο
2389 3232 2487 3287 κᾶν
2518 3230 2594 3294 εἲς
2620 3235 2743 3286 νοῦν
2775 3252 2908 3286 ποτε
2932 3228 3107 3295 ἰλθεῖν
3137 3227 3472 3306 Χριστιανῶν
3503 3230 3566 3285 τὸ
3612 3232 3796 3285 τοιοῦ-

381 3321 470 3378 vel
503 3322 561 3377 in
595 3326 849 3377 mentem
864 3339 1126 3394 unquam
1150 3322 1614 3379 Christianorum
1636 3324 2045 3387 cadat.Quem—

385 3411 706 3468 admodum
747 3411 902 3466 enim
950 3410 1132 3467 Filius
1180 3427 1311 3466 cum
1347 3427 1580 3482 semper
1629 3411 1725 3478 sit,
1786 3428 1901 3466 non
1951 3415 2042 3467 est

386 3504 650 3557 creatura
679 3519 692 3569 ;
722 3502 807 3557 sic
838 3501 1115 3574 quoniam
1167 3518 1399 3575 semper
1436 3507 1526 3559 est
1569 3503 1851 3569 Trinitas,
1883 3502 1939 3558 in
1973 3519 2041 3558 ea

387 3588 553 3646 nulla
599 3593 688 3646 est
726 3595 1014 3657 creatura,
1066 3595 1241 3663 atque
1288 3591 1429 3647 adeo
1480 3608 1595 3647 non
1636 3596 1728 3647 est
1775 3596 2043 3647 creatura

382 3678 661 3751 Spiritus.
693 3679 858 3735 Sicut
887 3679 1045 3735 enim
1078 3696 1311 3753 semper
1341 3681 1470 3747 fuit,
1504 3681 1587 3736 ita
1628 3685 1685 3737 et
1715 3697 1873 3736 nunc
1903 3684 1992 3736 est
2025 3697 2038 3736 :

388 3771 446 3825 et
469 3767 623 3823 sicut
653 3785 809 3825 nunc
840 3773 948 3837 est,
983 3769 1065 3824 ita
1095 3786 1326 3842 semper
1359 3770 1487 3839 fuit,
1529 3775 1735 3841 estque
1766 3769 2041 3839 Trinitas,

387 3860 445 3914 et
473 3857 533 3913 in
560 3858 687 3928 ipsa
720 3862 907 3924 Pater,
943 3857 1213 3925 Filius,et
1240 3858 1500 3931 Spiritus
1531 3860 1867 3915 sanctus.Et
1888 3875 2044 3914 unus

390 3950 481 4002 est
510 3946 663 4002 Deus
694 3947 884 4014 Pater,
914 3947 1013 4019 qui
1047 3955 1133 4003 est
1163 3964 1341 4019 super
1369 3948 1586 4017 omnia,
1606 3952 1664 4003 et
1697 3964 1796 4020 per
1824 3948 2040 4016 omnia,

390 4039 447 4090 et
476 4034 533 4089 in
567 4036 843 4091 omnibus
878 4052 891 4102 ;
927 4035 1025 4107 qui
1059 4039 1148 4090 est
1166 4036 1588 4091 benedictusin
1622 4037 2041 4092 smonla.Amen

390 4123 508 4196 Ego
539 4124 803 4195 quidem,
837 4128 899 4179 ut
930 4124 1300 4195 significasti,
1324 4124 1444 4180 haec
1477 4125 1681 4196 paucis
1712 4125 2045 4197 conscripta

391 4216 465 4271 ad
498 4220 555 4270 te
584 4215 743 4269 misi.
774 4216 860 4271 Tu
893 4232 1024 4271 vero
1065 4217 1324 4287 prudens
1374 4232 1506 4271 cum
1557 4216 1661 4282 sis,
1712 4216 1758 4271 si
1810 4217 1952 4289 quid
1984 4216 2041 4270 in

392 4304 486 4359 his
516 4304 721 4373 deerit,
753 4303 833 4369 id,
870 4320 1087 4375 quaeso,
1120 4304 1419 4377 suppleas,
1452 4308 1510 4359 et
1540 4306 1878 4361 domesticis
1911 4304 2045 4360 fidei

392 4390 593 4463 legas;
626 4407 725 4446 eos
758 4396 976 4456 autem,
1010 4393 1110 4464 qui
1142 4408 1245 4461 per
1274 4393 1708 4449 contentionem
1765 4393 2045 4466 blasphe-

396 4482 583 4545 mant,
632 4480 988 4552 redarguito.
1040 4485 1308 4537 Fortasse
1357 4481 1445 4536 vel
1490 4499 1618 4537 sero
1663 4483 1899 4538 tandem
1952 4473 2042 4538 re.-

2144 3321 2268 3376 1ov!
2297 3323 2499 3395 ’Ὠσπερ
2530 3319 2633 3396 γὰρ
2666 3320 2746 3376 ἀεὶ
2776 3320 2850 3374 ὣν
2892 3321 2921 3375 6
2970 3320 3093 3385 Υἱὸς
3137 3320 3236 3375 οὐκ
3283 3315 3392 3374 ἔστι
3442 3320 3664 3393 κτίσμα,
3698 3316 3793 3373 οὕ-

2145 3430 2256 3463 τως
2287 3408 2369 3465 ἀεὶ
2396 3406 2562 3480 οῦσης
2591 3416 2689 3479 τῆς
2719 3406 2977 3484 Τριάδος,
3013 3404 3169 3465 οὐδέν
3205 3407 3351 3464 ἐστιν
3398 3407 3453 3463 ἐν
3500 3407 3636 3482 αὐτῇ
3683 3407 3799 3462 κτίο

2150 3517 2279 3571 σμα’
2315 3495 2399 3554 διὸ
2427 3500 2527 3554 ούκ
2552 3492 2662 3553 ἔστι
2690 3500 2893 3572 κτίσμα
2922 3498 2983 3553 16
3017 3502 3256 3572 Πνεῦμα.
3283 3499 3371 3559 Ὠς
3420 3496 3520 3574 γὰρ
3573 3496 3654 3551 ἀεὶ
3701 3496 3793 3565 ἦν,

2150 3586 2324 3650 οὕτως
2373 3587 2483 3643 ἐστὶ
2532 3587 2620 3643 καὶ
2664 3591 2771 3642 νῦν·
2800 3587 2891 3642 καὶ
2942 3588 3017 3649 ὡς
3066 3591 3158 3642 νῦν
3190 3585 3354 3655 ἐστιν,
3388 3585 3562 3647 οὕτως
3593 3586 3673 3640 ἀεὶ
3702 3584 3794 3654 ἦν,

2148 3675 2239 3730 καὶ
2283 3671 2422 3732 ἔστιν
2471 3677 2507 3745 ἡ
2546 3678 2737 3748 Τριᾶς,
2766 3674 2857 3731 καὶ
2907 3674 2961 3731 ἐν
2996 3675 3133 3750 αὐτῇ
3166 3676 3375 3751 Πατὴρ,
3406 3675 3495 3731 καὶ
3528 3674 3671 3746 Υἱὸς,
3702 3675 3793 3728 καὶ

2152 3771 2371 3839 Πνεῦμα
2401 3766 2573 3842 ἅγιον.
2610 3766 2706 3820 Καὶ
2734 3767 2810 3831 εἷς
2839 3766 2969 3828 Θεὸς
3002 3766 3114 3840 (21)
3147 3766 3174 3820 6
3223 3766 3411 3840 Πατὴρ
3459 3764 3487 3818 6
3526 3762 3611 3817 ἐπὶ
3665 3761 3798 3817 πάν-

2150 3877 2281 3924 των,
2313 3854 2402 3911 καὶ
2449 3853 2537 3911 διὰ
2577 3855 2817 3923 πάντων,
2849 3855 2937 3910 καὶ
2981 3852 3034 3909 ἰν
3082 3860 3235 3922 πᾶσι,
3267 3853 3326 3916 ὅς
3374 3852 3513 3909 ἐστιν
3559 3850 3798 3927 εὐλογη-

2150 3946 2242 4007 τὸς
2292 3943 2370 4006 είς
2415 3942 2542 4006 τοὺς
2592 3942 2811 4006 αἰῶνας.
2846 3944 3043 4016 ’Δμήν.
3075 3944 3217 4019 Ἐγὼ
3267 3942 3362 4016 μὲν
3396 3940 3512 4010 οὗν,
3544 3942 3619 4003 ὡς
3674 3937 3797 4011 ἐδή-

2154 4032 2357 4101 λωσας,
2387 4030 2456 4087 δι’
2495 4030 2705 4108 ὀλίγων
2762 4031 2849 4087 καὶ
2907 4036 3075 4087 ταῦτα
3125 4029 3472 4107 καταγράψας
3533 4032 3647 4104 (22)
3699 4030 3798 4084 ἁπ-

2154 4121 2386 4178 ἐστειλα⁶
2421 4121 2483 4176 σὺ
2516 4118 2573 4177 δὲ
2603 4121 2677 4183 ὡς
2705 4122 2943 4193 συνετὸς,
2978 4119 3033 4176 εἷ’
3073 4142 3126 4176 τι
3170 4119 3261 4176 καῖ
3304 4119 3359 4176 ἐν
3405 4120 3621 4181 τούτοις
3683 4118 3800 4175 λεί-

2153 4233 2264 4285 πει,
2297 4210 2527 4282 θελησον
2581 4209 2912 4287 πληρῶσαι·
2946 4212 3032 4266 καὶ
3088 4215 3204 4273 τοῖς
3266 4210 3361 4283 μὲν
3421 4208 3647 4270 οἴκείοις
3699 4210 3801 4273 τῆς

2153 4303 2389 4363 πίστεως
2420 4298 2707 4375 ἀνάγνωθι,
2733 4299 2860 4363 τοὺς
2903 4297 2962 4355 δὶ
3010 4299 3451 4378 φιλονεικοῦντας
3494 4295 3798 4375 δυσρημεῖν

2154 4388 2372 4467 ἔλεγχε·
2404 4391 2549 4467 τάχα
2584 4388 2680 4445 κᾶν
2728 4388 2828 4463 ὀψέ
2874 4410 3008 4444 ποτε
3053 4387 3425 4464 μεταγνόντες,
3459 4388 3799 4460 ἀπονίψωσιν

2156 4480 2261 4536 ἀπὸ
2290 4483 2390 4546 τῆς
2420 4482 2606 4555 ψυχῆς
2640 4479 2840 4534 ἑαυτῶν
2870 4479 2970 4548 τὴν
3146 4475 3547 4555 προγενομὲνην
3598 4475 3649 4531 ἐν
3698 4475 3801 4531 αύο

397 4568 767 4640 sipiscentes,
816 4574 949 4625 ante
999 4570 1241 4625 insitum
1303 4587 1558 4627 errorem
1609 4572 1945 4643 abstergent
1974 4572 2039 4626 ab

2155 4574 2275 4631 τοῖς
2305 4568 2613 4625 κακόνοιαν.
2647 4566 2826 4623 Καλὸν
2866 4569 2969 4645 γὰρ
3017 4565 3233 4640 αὐτοὺς,
3282 4565 3417 4621 κατὰ
3456 4566 3519 4620 τὸ
3567 4584 3800 4641 γεγραμ-

396 4656 597 4713 anima
627 4674 755 4712 sua.
788 4658 829 4713 E
858 4674 916 4713 re
946 4658 1104 4713 enim
1154 4658 1331 4714 fuerit
1376 4675 1603 4725 eorum,
1652 4664 1717 4714 ut
1762 4659 2045 4733 scriptum

399 4745 882 4818 est,resilire,nec
912 4748 1433 4819 comperendinare
1454 4765 1467 4803 :
1485 4764 1557 4803 ne
1573 4750 1621 4804 si
1646 4754 2049 4820 permaneant,

472 4892 517 4929 ¹⁰
549 4892 661 4950 Isa.
694 4909 735 4963 ι,
769 4894 856 4949 11.
936 4896 979 4930 ιι
1004 4891 1217 4966 Ephes.
1249 4909 1327 4959 IV,
1359 4892 1414 4948 5.

614 5043 753 5112 Reg.
786 5044 843 5094 et
872 5041 1135 5110 Seguer.,
1168 5033 1578 5112 ἔλειπεβάίῐὶ,
1611 5036 1785 5112 ἔλιπε.

504 5110 590 5179 17)
612 5110 877 5183 ita—Reg.
910 5115 1148 5183 Seguer.
1181 5116 1240 5166 et
1269 5110 1463 5175 Basil.,
1494 5116 1669 5167 recte.
1705 5110 1856 5166 Editi
1887 5126 2044 5179 vero,

402 5179 790 5255 661oB.Paulo
809 5179 1093 5251 postediti
1119 5200 1249 5238 cum
1285 5183 1638 5255 quibusdam
1673 5183 2052 5255 mss.habent

399 5254 498 5304 τοῦ
530 5256 668 5308 ante
693 5252 927 5319 κτίστου,
964 5255 1062 5309 sed
1098 5252 1577 5325 articulusdeest
1610 5255 1665 5308 in
1718 5254 1915 5325 Regio,
1948 5255 2047 5310 Se-

402 5325 684 5396 gueriano
715 5330 773 5381 et
800 5324 1126 5381 Basiliensi.
1152 5323 1403 5381 lbid.xai
1428 5326 1593 5381 deest
1621 5324 1679 5381 in
1704 5323 2051 5383 Gobieriano

403 5399 461 5450 et
490 5395 742 5451 Felckm.
780 5397 991 5451 primo.

403 5399 461 5450 et
490 5399 742 5451 Felckm.

475 5468 585 5539 (18)
615 5467 709 5540 Sic
766 5465 917 5540 Reg.
940 5473 996 5522 et
1054 5467 1292 5540 seguer.
1329 5472 1414 5540 In,
1449 5467 1622 5540 editis
1672 5472 1729 5523 et
1780 5467 1912 5524 aliis
1962 5465 2052 5540 καί

404 5534 587 5661 (ligat.
625 5539 752 5596 Mox
785 5534 1001 5613 Re'gius
1023 5543 1080 5595 et
1099 5534 1364 5611 S'eguen,
1398 5534 1607 5608 ἐπειδή.
1643 5540 1793 5595 nditi
1824 5545 1883 5596 et
1931 5539 2051 5610 alii,

432 5626 538 5662 πει.

478 5680 588 5751 (19)
621 5676 727 5735 Οῦν
759 5682 918 5738 deest
950 5681 1009 5738 in
1033 5680 1440 5751 Basiliensi,et
1472 5697 1604 5737 mox
1635 5679 1920 5737 articulus
1942 5679 1970 5733 ὁ
1994 5680 2052 5737 in

780 5397 991 5467 primo.

2164 4659 2346 4731 μενον,
2397 4653 2749 4726 ἀποπηδῆσαι
2798 4654 2887 4711 καί
2937 4656 3014 4729 μὴ
3061 4652 3514 4732 ἆγχρονίσαι·“ίνα
3566 4654 3643 4726 μὴ
3688 4650 3803 4707 ἐπι-

2165 4748 2415 4821 μένοντες
2473 4744 2744 4801 ἀκούσωσι
2801 4746 2864 4800 τὸ
2925 4743 3210 4821 είρημὲνον
3272 4744 3375 4799 ὑπὸ
3431 4746 3527 4797 τοῦ
3584 4739 3800 4815 Κυρίου·

2152 5040 2350 5097 Restio.
3160 5064 3161 5067 η

2202 5057 2350 5184 8(8218).
2377 5113 2438 5184 ln
2471 5109 2644 5167 editis
2677 5114 2785 5166 art.
2818 5112 2853 5179 ἡ
2888 5113 3020 5167 ante
3045 5108 3214 5183 Τριάς
3246 5108 3476 5182 legitur.
3501 5113 3609 5168 Sed
3645 5114 3808 5169 deest

2159 5183 2219 5240 in
2254 5183 2449 5240 Beaio.

2232 5199 2733 5327 (gfflSCicGohler.
2769 5257 2827 5310 et
2854 5251 3044 5327 Eelck.
3079 5253 3127 5327 1.
3163 5252 3224 5327 In
3257 5251 3428 5327 editis
3476 5257 3536 5327 at
3582 5256 3806 5312 caeteris

2162 5320 2336 5392 mss,
2366 5324 2441 5385 εἷς
2472 5325 2500 5378 ὁ
2529 5323 2676 5385 Θεός.
2713 5329 2841 5382 Mox
2870 5324 2898 5378 6
2928 5330 3061 5381 ante
3092 5320 3207 5377 ἐπεὶ
3237 5323 3447 5378 πάντων
3505 5325 3805 5385 desidera-

2160 5402 2258 5454 tur
2289 5398 2347 5470 in
2379 5395 2573 5470 editis,
2601 5397 2701 5452 sed
2735 5397 2986 5470 habetur
3013 5396 3072 5451 in
3106 5399 3245 5470 Reg.
3280 5405 3328 5452 el
3361 5401 3599 5470 Seguer.

2235 5469 2348 5541 (22)
2375 5466 2604 5541 Gobler.
2634 5472 2691 5541 et
2722 5467 2911 5525 Felok.
2947 5469 2999 5539 1,
3030 5466 3262 5541 γράψας.

2234 5537 2347 5613 (23)
2379 5539 2473 5595 Sic
2527 5537 2763 5613 Regius,
2793 5537 3294 5613 SegueiaGobler.
3350 5543 3409 5596 et
3463 5539 3716 5598 Felckm.
3753 5541 3801 5597 1.

2163 5610 2314 5667 Editi
2332 5607 2500 5681 'vero,
2532 5607 2727 5666 αὐξῶν.
