4076 6330
268 377 388 440 63⁵1

1375 374 1756 437 EPISTULA
1800 377 1876 437 ιν
1917 379 2020 436 AD
2067 377 2592 440 SERAPIONEM.

3571 383 3692 443 638

271 537 302 564 (ι
334 515 430 573 Ὃς
464 508 510 564 δ’
541 509 599 564 ἂν
631 508 757 584 εἷ’πῃ
789 509 927 564 κατὰ
962 512 1060 564 τοῦ
1109 507 1419 582 Πνεύματος
1469 512 1565 562 τοῦ
1615 509 1772 584 ἁγίου
1824 508 1918 564 οὐκ

2038 512 2280 568 audiant
2329 514 2485 584 quod
2525 514 2745 570 dictum
2781 518 2872 570 est
2898 532 2930 569 a
2963 516 3208 570 Domino
3245 531 3257 572 :
3292 538 3319 564 «
3349 515 3696 588 Quicunque

267 601 600 675 ἀφεθήσεται
633 598 779 670 αὐτῷ
811 595 934 652 οὔτε
965 597 1015 652 ἐν
1043 603 1121 671 τῷ
1153 598 1311 653 αἶ’ὧνι
1341 596 1518 671 τούτῳ
1548 600 1682 672 (24),
1717 596 1838 654 οὕτε
1869 597 1919 654 ἐν

270 695 352 764 τῷ
393 687 682 764 μέλλοντι.

266 1010 623 1065 ΕΠΙΣΤΟΛΗ
661 1011 792 1062 ΤΟΥ
837 1005 1045 1063 ΑΥΤΟΥ
1094 1006 1272 1061 ΠΡΟΣ
1330 1006 1461 1060 ΤΟΝ
1521 1008 1740 1060 ΑΥΤΟΝ
1801 1007 1917 1060 ΣΕ-

338 1082 648 1135 ΡΑΗΙΩΝΑ
688 1078 962 1134 ΟΜΟΙΩΣ
1005 1078 1167 1132 ΠΕΡΙ
1205 1081 1332 1131 ΤΟΥ
1374 1081 1561 1132 ΑΓΙΟΥ
1602 1078 1919 1133 ΗΝΕΥΜΑ-

337 1151 478 1207 ΤοΣ
505 1152 641 1220 (25).

337 1275 630 1347 Ἐνὲτυχον
665 1272 752 1326 καὶ
784 1274 851 1342 τῇ
881 1275 976 1325 νῦν
1005 1270 1264 1349 γραφείσῃ
1293 1273 1438 1346 παρὰ
1465 1278 1566 1341 τῆς
1607 1279 1708 1340 σῆς
1760 1271 1921 1327 εὐλα-

2033 601 2243 656 dixerit
2271 603 2508 658 verbum
2542 609 2744 657 contra
2763 604 3049 674 Spiritum
3070 609 3338 659 sanctum
3360 621 3471 659 non
3492 605 3693 659 remit—

2032 693 2188 745 tetur
2210 689 2285 760 ei,
2311 707 2502 762 neque
2535 693 2590 746 in
2626 691 2734 748 hoc
2773 691 3006 760 saeculo,
3034 709 3220 763 neque
3251 694 3307 748 in
3342 694 3536 749 futuro
3570 695 3631 750 ¹².
3670 717 3690 742 ν

2086 1008 2382 1063 EIUSDEM
2420 1009 2507 1062 AD
2537 1009 2810 1063 EUMDEM
2842 1008 3272 1065 SERAPIONEM
3309 1011 3636 1066 EPISTOLA

2410 1081 2568 1134 ΙΤΕΜ
2604 1081 2693 1134 DE
2732 1080 2981 1136 SANCTO
3021 1081 3304 1138 SPlRlTU.

2105 1275 2154 1328 1.
2192 1275 2325 1347 Legi
2359 1275 2664 1345 epistolam
2701 1293 2734 1330 a
2763 1280 2864 1330 tua
2893 1275 3111 1346 pietate
3158 1277 3330 1332 modo
3383 1276 3690 1347 scriptam,

266 1358 415 1424 ὅείας
449 1359 741 1433 ἐπιστολῇ,
776 1361 864 1413 καὶ
901 1359 1040 1413 πάνυ
1069 1361 1346 1432 θαυμάσας
1375 1361 1473 1428 τὴν
1508 1357 1778 1414 ἀναίδειαν
1806 1365 1918 1415 τῶν

2038 1361 2522 1434 vehementerque
2548 1363 2877 1420 admiratus
2909 1364 3314 1420 hzereticorum
3375 1365 3692 1436 impuden-

261 1452 574 1525 αἱρετικῶν,
612 1445 874 1514 συνεῖδον,
908 1449 979 1508 ὡς
1012 1445 1162 1502 οὐδὲν
1193 1447 1364 1510 οὕτως
1417 1448 1640 1524 ἁρμόζει
1673 1448 1794 1524 περὶ
1829 1450 1921 1503 αὖ·

259 1541 372 1594 τῶν
401 1539 572 1593 εἰπεῖν
605 1539 640 1606 ἢ
674 1537 738 1592 τὸ
763 1541 861 1591 τοῦ
892 1536 1232 1592 Ἀποστόλου
1263 1536 1652 1611 παράγγελμα’
1692 1562 1712 1587 ι
1760 1538 1919 1614 Αἶρε-

258 1629 412 1684 τικὸν
449 1625 733 1698 ἄνθρωπον
775 1627 907 1699 μετά
939 1627 1064 1698 μίαν
1091 1627 1179 1680 καὶ
1210 1625 1459 1702 δευτέραν
1483 1629 1758 1682 νουθεσίαν
1781 1648 1920 1705 παρ-

2029 1449 2194 1518 tiam,
2254 1451 2639 1506 animadverti
2698 1451 2845 1506 nihil
2899 1469 3065 1524 aeque
3109 1453 3227 1508 illis
3272 1453 3579 1507 convenire
3625 1470 3692 1509 ac

2028 1542 2288 1612 Apostoli
2323 1548 2676 1613 praeceptum
2711 1560 2724 1599 ε
2761 1567 2786 1592 α
2828 1545 3168 1600 Haereticum
3203 1544 3532 1615 hominem,
3564 1549 3697 1616 post

2032 1645 2209 1684 unam
2240 1635 2298 1685 et
2326 1632 2644 1686 secundam
2705 1633 3146 1700 correctionem,
3209 1633 3435 1700 devita;
3498 1633 3694 1690 sciens

262 1721 446 1785 αιτοῦ,
477 1713 634 1777 εἰδὼς
663 1714 744 1770 ὅτι
801 1715 1146 1790 ἐξέστραπται
1197 1717 1225 1770 ὁ
1269 1720 1543 1786 τοιοῦτος,
1591 1717 1681 1771 καὶ
1736 1719 1915 1792 ἁμαρ-

2038 1719 2169 1789 quia
2199 1719 2518 1774 subversus
2549 1725 2659 1785 est,
2690 1721 2786 1790 qui
2821 1722 3111 1790 ejusmodi
3143 1726 3258 1787 est,
3294 1726 3352 1777 et
3381 1721 3692 1793 delinquit.

260 1806 411 1862 τάνει
444 1803 518 1859 ὢν
553 1804 1025 1880 αὐτοκατάκριτος.
1081 1828 1108 1856 ι)
1161 1807 1599 1880 Διεστραμμὲνην
1649 1805 1752 1881 γὰρ
1803 1809 1918 1877 (26)

263 1893 415 1971 ἔχων
446 1895 543 1962 τήν
575 1891 837 1963 διάνοιαν,
872 1895 982 1968 οὐχ
1006 1891 1076 1946 τίν’
1119 1893 1352 1955 ἀκούσας
1401 1895 1618 1967 πεισθῇ,
1670 1892 1784 1948 οὐδ’
1827 1893 1920 1949 ’ίνα

266 1985 458 2057 μαθὼν
493 1987 761 2058 μεταγνῷ,
794 1983 1136 2051 πυνθάνεται,
1171 1980 1298 2036 ἀλλ’
1324 1979 1479 2036 ἕνεκά
1507 2003 1568 2056 γε
1615 1986 1723 2036 τῶν
1778 1982 1919 2037 ἀπα·-

261 2073 543 2142 τηθέντων
570 2072 699 2140 παρ’
733 2071 918 2137 αὐτοῦ,
957 2072 1031 2143 μή
1084 2069 1186 2145 ἄρα
1235 2073 1517 2140 σιωπήσας
1564 2076 1918 2146 καταγνωσθῇ

261 2159 358 2215 καὶ
391 2161 520 2234 παρ’
567 2159 766 2215 αὐτῶν.
819 2161 1008 2233 Ἤρκει
1061 2157 1152 2212 οὖν
1204 2159 1268 2212 τὰ
1315 2158 1706 2234 προειρημένα*
1739 2159 1916 2232 ἤρκει,

262 2249 534 2310 τοσαύτας
564 2247 862 2318 ἀποδείξεις
894 2243 1157 2309 Λαϐόντας
1210 2247 1428 2316 αὐτοὺς,
1478 2247 1777 2302 παύσασθαι
1822 2251 1920 2317 τῆς

266 2340 408 2393 κατὰ
439 2342 536 2393 τοῦ
566 2337 719 2414 ἁγίου
751 2337 1061 2410 Πνεύματος
1087 2333 1416 2414 δυσφημίας.
1452 2334 1608 2391 Ἀλλ’
1641 2336 1739 2391 οὐκ
1758 2339 1919 2413 ἠρκε-

271 2429 477 2497 σθησαν
513 2429 644 2498 (27)·
677 2423 844 2480 πάλιν
877 2423 934 2480 δὶ
965 2422 1355 2493 ἀναιδεύονται,
1384 2423 1476 2479 ’ίνα
1523 2422 1784 2495 δείξωσιν,
1837 2426 1918 2481 ὅτι

273 2515 618 2591 λογομαχεῖν
679 2513 1094 2588 μελετήσαντες,
1147 2513 1238 2568 καὶ
1293 2513 1486 2568 λοιπὸν
1525 2520 1919 2587 ιῐνευματομα-

269 2609 524 2680 χοῦντες,
558 2601 769 2659 ἔσονται
805 2605 921 2676 μετ’
953 2601 1139 2679 ὀλίγον
1172 2603 1348 2678 νεκροὶ
1377 2606 1446 2676 τῇ
1487 2603 1704 2677 ἀλογίᾳ.
1753 2606 1915 2677 Ἀμὲ-

270 2692 358 2749 λει
391 2692 487 2748 κᾶν
515 2692 874 2768 ἀποκρίνηταί
903 2713 986 2754 τις
1017 2691 1106 2746 καὶ
1137 2692 1273 2767 πρὸς
1303 2692 1397 2752 τὰς
1435 2696 1526 2746 νῦν
1578 2691 1751 2746 αὐτῶν
1785 2692 1920 2768 ἐρω-

269 2784 481 2852 τήσεις,
517 2778 672 2836 οὐδὲν
702 2781 864 2849 ἦττον
917 2779 1192 2857 ἓφευρεταὶ
1243 2784 1420 2834 κακῶν
1471 2779 1700 2834 ἔσονται·
1757 2780 1917 2852 μόνον

262 2868 357 2925 ’ίνα
393 2874 680 2940 ζητοῦντες
715 2870 789 2942 μή
825 2867 1074 2940 εὕρωσιν,
1116 2868 1151 2938 ἢ
1186 2868 1509 2930 ἀκούσαντες
1537 2871 1649 2941 (24)
1686 2871 1761 2941 μὴ
1794 2871 1921 2939 νοή-

263 2979 457 3014 σωσιν.
507 2962 630 3016 Οἴαι
681 2955 739 3032 δὲ
782 2957 956 3012 αὐτῶν
1010 2959 1062 3012 αἱ
1117 2958 1276 3034 σοφαὶ
1331 2956 1658 3030 ἐρωτήσειςς
1709 2957 1772 3011 Ei
1823 2957 1922 3012 οὐκ

2029 1823 2158 1862 cum
2193 1808 2272 1862 sit
2301 1809 2534 1878 proprio
2561 1809 2787 1880 judicio
2819 1811 3246 1865 condemnatus
3281 1812 3342 1864 ¹³.
3381 1833 3407 1858 ››
3463 1811 3693 1866 Perver-

2029 1912 2154 1951 sam
2188 1896 2343 1951 enim
2377 1902 2633 1952 mentem
2666 1913 2798 1952 cum
2836 1897 3066 1965 habeat,
3103 1915 3216 1954 non
3253 1900 3382 1953 ideo
3431 1899 3692 1954 sciscita-

2029 1987 2127 2038 tur
2157 1990 2222 2038 ut
2243 2001 2373 2039 cum
2430 1985 2682 2040 audierit
2727 1987 3110 2057 obtemperet,
3135 2003 3325 2058 neque
3355 1991 3419 2040 ut
3443 2003 3576 2041 cum
3608 1987 3694 2040 di-

2029 2073 2257 2138 dicerit,
2288 2073 2633 2145 resipiscat;
2669 2075 2766 2130 sed
2801 2091 3004 2129 eorum
3039 2092 3220 2130 causa
3252 2092 3399 2146 quos
3430 2076 3557 2146 ipse
3587 2075 3690 2132 de-

2029 2162 2202 2233 cepit,
2220 2178 2291 2216 ne
2321 2162 2564 2231 scilicet,
2585 2163 2633 2217 si
2667 2167 2877 2229 taceat,
2902 2165 2974 2218 ab
3003 2163 3149 2235 ipsis
3181 2181 3418 2235 quoque
3450 2165 3692 2219 damne-

2029 2254 2146 2305 tur.
2181 2251 2359 2305 Erant
2388 2268 2526 2305 sane
2557 2268 2682 2322 quaz
2717 2252 2879 2323 prius
2910 2252 3067 2306 dicta
3099 2257 3241 2307 sunt
3274 2253 3418 2308 satis
3451 2271 3463 2308 :
3526 2253 3692 2308 sufﬁ-

2030 2337 2262 2393 ciebant
2318 2338 2420 2393 illa
2450 2343 2536 2394 tot
2565 2344 2842 2408 tantaque
2873 2347 3223 2411 argumenta
3257 2341 3367 2395 sibi
3405 2340 3690 2412 opposita,

2029 2431 2096 2482 ut
2127 2428 2300 2482 linem
2333 2427 2588 2483 facerent
2619 2428 3068 2499 blasphemaudi
3100 2429 3155 2483 in
3204 2429 3486 2501 Spiritum
3549 2447 3690 2485 san-

2028 2520 2208 2570 ctum.
2242 2515 2456 2571 Verum
2490 2533 2604 2570 non
2638 2522 2730 2571 sat
2760 2517 2875 2571 illis
2911 2517 3038 2586 fuit,
3073 2519 3170 2573 sed
3211 2535 3450 2574 rursum
3494 2519 3691 2588 impu-

2030 2604 2232 2659 denter
2259 2621 2383 2660 sese
2413 2610 2645 2677 gerunt,
2679 2612 2742 2660 ut
2773 2605 2908 2660 hinc
2939 2607 3131 2677 palam
3170 2606 3390 2662 faciant
3419 2623 3480 2662 se
3528 2623 3692 2662 exer-

2029 2692 2237 2748 citatos
2259 2694 2329 2747 ad
2353 2695 2731 2764 pugnandum
2767 2694 2913 2751 551
2952 2711 3083 2749 cum
3119 2696 3312 2764 verbo,
3338 2699 3691 2766 tandemque

2029 2781 2313 2851 Spiritum
2350 2787 2620 2836 sanctum
2656 2789 3089 2854 oppugnantes,
3147 2784 3302 2838 brevi
3367 2787 3484 2838 l'ore
3543 2784 3686 2838 insi-

2029 2869 2248 2942 pientia
2279 2887 2387 2924 sua
2420 2871 2974 2935 mortuos,Profecto
3005 2873 3180 2926 etiam
3216 2873 3262 2926 si
3297 2871 3428 2942 quis
3457 2873 3527 2927 ad
3577 2872 3686 2926 hu-

2021 2959 2286 3030 jusmodi
2346 2975 2545 3014 rerum
2579 2959 3065 3030 interrogationes
3098 2961 3469 3032 respondeat,
3500 2959 3682 3015 nihilo

267 3045 383 3103 ἔστι
433 3047 634 3115 κτίσμα
685 3047 748 3101 τὸ
801 3047 954 3120 ἅγιον
1004 3049 1247 3118 Πνεῦμα,
1297 3045 1514 3115 οὐκοῦν,
1569 3046 1747 3123 φασὶν,
1798 3047 1918 3108 Υἱός

2038 3047 2228 3102 minus
2259 3048 2430 3103 malis
2459 3049 2860 3119 excogitandis
2893 3049 3258 3116 incumbent,
3285 3066 3351 3104 eo
3376 3049 3566 3104 solum
3620 3054 3685 3103 ut

268 3136 406 3204 ἐστι,
439 3135 528 3191 καὶ
558 3133 784 3212 ἀδελφοὶ
837 3132 930 3188 δύο
981 3136 1008 3188 ὁ
1063 3134 1232 3209 Λόγος
1281 3136 1368 3189 καὶ
1422 3120 1591 3196 αὐτός.
1624 3137 1754 3208 (29).
1790 3135 1918 3190 Εἶτα

2038 3141 2359 3207 querentes
2392 3154 2504 3191 non
2540 3136 2954 3203 inveniant,vel
2989 3137 3292 3192 audientes
3325 3155 3439 3192 non
3467 3136 3683 3191 intelli-

265 3223 638 3300 ἐπιλέγουσιν,
690 3225 765 3285 ὡς
807 3223 1055 3300 γράφεις.
1108 3223 1172 3279 Εἰ
1212 3221 1271 3277 ἐκ
1297 3221 1394 3278 τοῦ
1437 3224 1562 3278 Υἱοῦ
1593 3222 1823 3296 λήψεται
1852 3225 1914 3279 τὸ

265 3312 514 3386 Πνεῦμα,
575 3313 664 3368 καὶ
707 3314 835 3388 παρ’
881 3311 1044 3366 αὐτοῦ
1089 3308 1298 3366 δίδοται
1350 3310 1544 3384 (οὕτως
1589 3312 1689 3387 γὰρ
1720 3314 1913 3388 γέγρα-

264 3404 442 3474 πται),
476 3400 632 3466 εὐθὺς
663 3399 970 3474 ἐπάγουσιν·
1025 3399 1229 3453 Οὐκοῦν
1261 3399 1486 3461 πάππος
1528 3400 1555 3453 ὁ
1586 3401 1794 3474 Πατὴρ,
1825 3399 1914 3454 καὶ

268 3488 490 3564 ἕκγονόν
523 3491 636 3562 (30)
669 3487 808 3544 ἐστιν
841 3488 1008 3543 αὐτοῦ
1036 3488 1099 3542 τὸ
1129 3492 1369 3560 Πνεῦμα.

2024 3229 2184 3296 gaut.
2220 3225 2581 3294 Cujusmodo
2610 3241 2779 3295 porro
2814 3231 2953 3280 sunt
2983 3224 3209 3280 callidas
3268 3227 3528 3297 ipsorum
3591 3227 3681 3281 in-

2023 3313 2474 3385 terrogationes?
2499 3313 2557 3368 Si
2580 3313 2836 3384 Spiritus
2868 3323 3110 3370 sanctus
3141 3331 3254 3370 non
3289 3315 3363 3369 sit
3395 3319 3683 3380 creatura,

2024 3417 2185 3474 ergo,
2218 3402 2403 3468 aiunt,
2441 3401 2624 3458 Filius
2653 3409 2825 3466 est,et
2855 3404 3060 3458 fratres
3089 3404 3206 3458 duo
3238 3409 3376 3459 sunt
3426 3404 3683 3458 Verbum

2025 3494 2201 3561 atque
2233 3490 2384 3560 ipse.
2421 3491 2626 3548 Postea
2653 3492 3038 3561 subsumunt,
3070 3497 3136 3546 ut
3167 3492 3373 3547 scribis
3406 3510 3418 3546 :
3453 3493 3511 3548 Si
3561 3493 3687 3564 Spi-

271 3582 425 3637 ritus
457 3585 700 3636 sanctus
731 3598 764 3635 a
797 3580 940 3635 Filio
970 3579 1234 3650 accipiet,
1267 3585 1326 3635 et
1354 3579 1426 3635 ab
1460 3579 1584 3650 ipso
1607 3579 1780 3635 datur
1809 3579 1913 3651 (ita
1944 3580 2100 3636 enim
2136 3580 2422 3652 scriptum
2453 3582 2583 3652 est),
2616 3587 2672 3636 et
2703 3581 2973 3653 protinus
3022 3581 3284 3638 inferunt
3315 3599 3328 3638 :
3363 3599 3498 3654 ergo
3547 3599 3687 3638 avus

271 3675 364 3726 est
389 3671 576 3736 Pater,
611 3675 670 3724 et
701 3685 882 3740 nepos
911 3675 1000 3725 est
1028 3669 1299 3741 Spiritus.

339 3759 394 3812 2.
435 3755 546 3820 Τίς,
604 3756 811 3811 τούτων
864 3755 1093 3823 ἀκούων,
1144 3752 1220 3809 ἔτι
1270 3754 1649 3828 Χριστιανοὺς,
1710 3755 1800 3809 καὶ
1851 3756 1914 3809 οὗ

273 3842 487 3916 μᾶλλον
518 3841 800 3914 ’Έλληνας
826 3843 1019 3904 αὐτοὺς
1039 3842 1251 3916 νομίσει
1280 3863 1292 3912 ;
1327 3840 1556 3897 Τοιαῦτα
1576 3843 1676 3917 γὰο
1703 3841 1918 3912 Ἕλλη-

266 3954 354 3994 νες
386 3934 506 3997 καθ’
552 3935 712 4005 ἡμῶν
766 3931 1056 4004 ὁμιλοῦσιν
1103 3932 1337 3994 ἑαυτοῖς.
1391 3930 1484 3993 Τίς
1526 3931 1915 4008 ἀποκρίνασθαι

271 4022 492 4092 θελήσει
523 4023 657 4094 πρὸς
688 4022 786 4089 τὴν
835 4021 1094 4091 τοιαύτην
1143 4020 1450 4098 ἀφροσύνην
1501 4021 1680 4075 αὐτῶν
1707 4039 1720 4089 ;
1772 4020 1916 4094 Ἐγὼ

268 4116 420 4187 γοῦν,
450 4109 638 4166 πολλά
668 4109 1053 4185 λογισάμενος,
1085 4110 1172 4164 καὶ
1207 4113 1382 4178 ζῐιτῶν
1416 4108 1755 4184 ἁρμόζουσαν
1783 4110 1918 4182 πρὸς

270 4199 467 4261 αὐτοὺς
519 4194 828 4275 ἀπόκρισιν,
883 4196 1137 4271 οὐδεμίαν
1192 4195 1346 4272 εῦρον
1389 4199 1423 4266 ἢ
1472 4199 1574 4266 τὴν
1622 4197 1760 4273 πρὸς
1789 4197 1918 4260 τοὺς

271 4289 601 4365 Φαρισαίους
631 4288 755 4343 τότε
800 4287 1124 4362 γενομένην.
1173 4293 1260 4349 Ὡς
1302 4286 1402 4362 γὰρ
1453 4285 1704 4358 ἐκείνους,
1752 4307 1916 4340 κακο-

271 4380 421 4448 ήθως
448 4377 823 4452 ιρωτήσαντας
855 4375 1240 4450 ἀντηρώτησεν
1272 4377 1300 4430 ὁ
1329 4376 1547 4449 Σωτὴρ,
1574 4373 1648 4428 ’ίν’
1687 4371 1916 4438 αἴσθων-

271 4487 358 4522 ται
389 4469 486 4535 τῆς
519 4464 655 4528 ἰδίας
683 4465 992 4537 κακονοίας,
1025 4465 1222 4536 οὕτως,
1264 4461 1450 4532 ἐπειδὴ
1483 4464 1575 4518 καὶ
1625 4461 1772 4518 οῦτοι
1803 4466 1918 4536 (31)

271 4560 496 4610 τοιαῦτα
525 4552 820 4629 ἐρωτῶσιν,
853 4552 1154 4608 εἷπάτωσαν
1185 4556 1320 4626 ἡμῖν
1371 4551 1544 4621 αὐτοὶ,
1601 4551 1813 4624 μᾶλλον
1861 4549 1918 4606 δὲ

2098 3761 2150 3812 2.
2186 3759 2326 3822 Quis
2360 3757 2482 3813 haec
2513 3759 2782 3825 audiens,
2815 3759 3201 3826 Christianos,
3237 3764 3294 3814 et
3325 3776 3438 3814 non
3493 3759 3686 3830 potius

2028 3863 2288 3919 paganos
2347 3846 2479 3901 illos
2538 3847 2940 3902 existimabit?
2990 3847 3135 3901 Nam
3167 3848 3304 3902 talis
3335 3847 3547 3918 pagani
3579 3848 3686 3900 ad-

2025 3952 2261 3992 versum
2298 3936 2581 3991 nosinter
2619 3953 2680 3990 se
2710 3935 3143 4007 colloquuntur.
3203 3936 3342 3998 Quis
3398 3934 3554 3989 volet
3611 3935 3683 3988 ad

2029 4024 2318 4093 ejusmodi
2349 4024 2584 4079 illorum
2619 4025 2909 4080 insaniam
2947 4024 3339 4094 respondere?
3367 4023 3500 4077 Mihi
3547 4039 3687 4077 sane

2028 4111 2218 4167 multa
2249 4128 2478 4168 mecum
2514 4113 2830 4182 reputanti,
2852 4130 2918 4166 ac
2949 4112 3230 4182 quaerenti
3263 4116 3681 4183 congruentem

2027 4199 2150 4256 illis
2181 4199 2813 4270 responsionem,nulla
2845 4201 3098 4255 occurrit
3128 4204 3335 4271 praeter
3364 4198 3522 4254 illam
3559 4215 3687 4270 qum

2029 4292 2170 4344 tunc
2202 4288 2512 4344 Pbarisaais
2544 4289 2683 4343 data
2712 4289 3334 4354 est.0uemadmodum
3381 4288 3537 4344 enim
3589 4305 3688 4343 eos

2030 4375 2183 4432 malo
2234 4376 2430 4431 animo
2462 4375 2812 4442 sciscitatos,
2844 4376 3104 4431 vicissim
3139 4377 3410 4432 Servator
3440 4377 3688 4431 interro-

2029 4468 2278 4538 gavit,ut
2307 4466 2489 4520 menti
2524 4482 2642 4520 suae
2702 4466 3144 4537 perversitatem
3203 4466 3315 4538 ipsi
3377 4466 3683 4530 sentirent,

2030 4554 2114 4611 sic
2146 4554 2424 4626 quoniam
2455 4559 2511 4610 et
2539 4554 2635 4610 isti
2671 4555 2808 4610 talia
2839 4556 3483 4627 percontantur,dicant
3515 4556 3686 4611 nobis

276 4619 754 4716 ἀποκρινάσθωσαν
787 4641 1132 4717 ἐρωτώμενοι
1164 4619 1240 4704 ὡς
1270 4640 1541 4718 ἐρωτῶσιν
1572 4642 1706 4716 (32).
1735 4641 1914 4698 Ἐπει-

2047 4619 2252 4715 psi,vel
2285 4642 2479 4714 potius
2508 4619 2901 4716 respondeant
2933 4619 3684 4716 interrogati,quemadmo-

277 4729 346 4802 δὴ
377 4734 500 4809 γὰρ,
536 4732 808 4807 λέγοντες,
830 4733 925 4793 τὰς
953 4733 1081 4807 παρ’
1112 4732 1288 4786 αὐτῶν
1321 4729 1622 4807 ἐφευρὲσεις
1653 4729 1715 4785 οὐ
1737 4731 1920 4785 νοοῦσι

271 4822 442 4897 τάχα,
474 4819 568 4875 κᾶν
619 4819 925 4892 ἀκούοντες,
979 4820 1241 4895 ἐπιγνῶσι
1290 4821 1389 4890 τὴν
1437 4818 1640 4874 ἑαυτῶν
1685 4819 1921 4897 ἀφροσύ-

349 4975 395 5008 ¹²
427 4973 630 5028 Matth.
665 4989 764 5042 xu,
795 4971 883 5027 32.
965 4973 1008 5007 ¹³
1038 4972 1150 5028 Tit.
1179 4987 1265 5043 ιιι,
1298 4973 1384 5026 10.

345 5127 459 5196 (24)
493 5124 688 5195 Τούτῳ
710 5125 882 5196 deest
920 5123 980 5178 in
1005 5122 1179 5179 Basil.

495 5192 762 5269 Intit'ulo
794 5197 972 5267 Regio
1004 5200 1352 5269 et__Seguer.,
1409 5192 1756 5269 Σαραπίωνα.
1806 5194 1919 5250 Ibi-

274 5265 411 5326 dem
445 5265 651 5339 ὁμοίως
687 5268 852 5323 abest
883 5265 914 5322 ξι
946 5265 1118 5339 Basil.

347 5341 460 5412 (26)
482 5334 581 5394 ’8ἱο
607 5339 752 5412 Beg.
787 5344 843 5394 et
871 5338 1072 5408 Basil.,
1106 5338 1206 5412 sed
1237 5339 1296 5392 in
1329 5336 1502 5412 e_di_ti_s
1532 5334 1847 5412 γάρ-ᾄσσει.

346 5407 454 5537 (2'2
490 5415 574 5466 lta
604 5407 745 5484 Reg.
773 5415 1010 5482 Seguer.
1045 5407 1220 5466 Basil.
1255 5413 1312 5465 et
1335 5407 1562 5466 Gobler.
1589 5407 1741 5464 Editi
1765 5424 1919 5474 vero,

346 5500 410 5537 en
457 5499 578 5537 ose.
613 5480 975 5537 ἠοκίσθτξσαν.

275 5480 578 5550 mendose,
613 5480 975 5554 ἠρκίσθησαν.

351 5556 463 5626 (28)
496 5551 694 5621 Basil.,
743 5551 1278 5626 ἀκούοντεςηῑξιιιιιο
1332 5551 1648 5626 post__Reg.
1687 5554 1742 5607 et
1770 5553 1919 5620 Seg.,

276 5625 339 5679 τιὸ
359 5620 522 5698 ’ἅγὶον
553 5620 797 5698 Πνεῦμα.
833 5625 1000 5698 Editi.
1035 5623 1096 5676 τὸ
1128 5620 1351 5698 Ιξνεῦμλᾶ
1375 5621 1437 5674 τὸ
1465 5620 1641 5698 divisi}.

370 5646 403 5679 α
445 5646 519 5678 ιον
553 5646 797 5697 ιινευμα.
837 5646 1000 5680 ωαιιι.
1035 5646 1096 5676 το
1129 5646 1347 5694 ιινευμα
1375 5646 1437 5674 το
1469 5646 1641 5698 αγιον.

350 5646 463 5770 (23)
495 5697 732 5771 Regius,
764 5696 1096 5768 Seguerian.
1152 5695 1343 5764 Basili,
1393 5691 1481 5747 καὶ
1530 5688 1713 5754 uti-13c.
1767 5692 1919 5748 Editi

2031 4732 2170 4788 dum
2204 4733 2314 4804 ipsi
2348 4732 3222 4806 interrogant.Quandoquidem
3255 4733 3582 4799 enim,dum
3609 4731 3688 4786 lo-

2031 4824 2558 4893 quuntur,inventa
2581 4839 2694 4879 non
2719 4823 3058 4895 intelligunt
3079 4822 3460 4889 sua,l‘ortasse
3481 4819 3569 4876 vel
3590 4837 3688 4874 au-

2029 5140 2185 5180 vero.
2218 5123 2305 5177 καὶ
2340 5124 2401 5177 τὸ
2435 5127 2678 5195 Πνεῦμα.

2103 5196 2216 5266 (30)
2252 5196 2336 5250 Ita
2366 5189 2593 5266 Regius
2613 5201 2670 5251 et
2700 5196 2860 5252 editi.
2891 5199 3150 5266 Seguer.,
3184 5189 3424 5266 ἔγγονον,
3448 5191 3678 5247 Gobler.

2031 5271 2088 5322 et
2116 5263 2277 5340 Eelc._
2330 5309 2342 5330 ,
2377 5263 2609 5340 ἔγγονος.

2105 5338 2216 5410 (3t)
2247 5335 2605 5410 O-Sroz'deest
2633 5337 2689 5391 in
2725 5336 2956 5392 Gobler.
2988 5341 3044 5390 et
3081 5335 3230 5410 Ij‘elc.
3278 5336 3326 5410 ξ.
3369 5337 3499 5410 yox
3548 5336 3682 5410 ante

2031 5405 2273 5481 αὐτοίίη
2308 5410 2481 5481 editis
2512 5409 2562 5461 οἱ
2593 5409 2913 5481 legebatur,
2947 5410 3048 5463 sed
3081 5408 3246 5462 deest
3275 5405 3334 5460 in
3369 5405 3507 5475 Reg.
3542 5407 3672 5474 Seg.

2033 5480 2264 5536 Gobler.
2298 5486 2353 5536 et
2385 5480 2532 5535 Felc.
2570 5483 2618 5534 1.

2104 5552 2223 5624 (32)
2243 5551 2334 5606 Sic
2368 5551 2578 5624 Regius
2609 5555 2666 5606 et
2693 5554 2938 5624 Segu_er._
2962 5551 3024 5624 in
3072 5548 3245 5603 editis
3281 5562 3421 5624 vero
3438 5549 3530 5624 “et
3566 5560 3680 5624 caa-

2031 5616 2174 5698 teris
2200 5616 2356 5698 hac,
2382 5616 2794 5698 ὡςνέρωτῷσινξ
2819 5621 3416 5698 de_sidera_ntuy._Mox_
3438 5616 3678 5698 Segius,

2030 5687 2440 5768 Segusrianus,
2477 5687 2814 5752 B'asiliensis
2843 5692 2939 5754 τὰς
2973 5693 3101 5767 παρ’
3153 5688 3348 5744 αὐτῶν.
3378 5687 3552 5760 Editi,
3582 5687 3679 5749 τὰς
