  <div class='ocr_page' id='page_1' title='image "/cluster/home/n/w/nwhite01/storage/ocr_20150623/26/hvd.32044019208479/389.png"; bbox 0 0 4076 6360; ppageno 0'>
   <div class='ocr_carea' id='block_1_1' title="bbox 341 457 459 519">
    <p class='ocr_par' dir='ltr' id='par_1_1' title="bbox 341 457 459 519">
     <span class='ocr_line' id='line_1_1' title="bbox 341 457 459 519; baseline -0.017 0"><span class='ocrx_word' id='word_1_1' title='bbox 341 457 459 519; x_wconf 85' lang='grc'><strong>639</strong></span> 
     </span>
    </p>
   </div>
   <div class='ocr_carea' id='block_1_2' title="bbox 893 456 3205 522">
    <p class='ocr_par' dir='ltr' id='par_1_2' title="bbox 893 456 3205 522">
     <span class='ocr_line' id='line_1_2' title="bbox 893 456 3205 522; baseline -0.002 -2"><span class='ocrx_word' id='word_1_2' title='bbox 893 461 952 520; x_wconf 92' lang='lat' dir='ltr'><strong>S.</strong></span> <span class='ocrx_word' id='word_1_3' title='bbox 1004 461 1424 522; x_wconf 80' lang='lat' dir='ltr'><strong>A&#39;l‘HANASII</strong></span> <span class='ocrx_word' id='word_1_4' title='bbox 1471 463 1642 522; x_wconf 82' lang='lat' dir='ltr'><strong>UPP.</strong></span> <span class='ocrx_word' id='word_1_5' title='bbox 1692 461 1892 522; x_wconf 75' lang='lat' dir='ltr'><strong>PARS</strong></span> <span class='ocrx_word' id='word_1_6' title='bbox 1938 463 1983 521; x_wconf 88' lang='grc' dir='ltr'><strong>Ι.</strong></span> <span class='ocrx_word' id='word_1_7' title='bbox 2017 493 2092 504; x_wconf 92' lang='grc'><strong><em>-</em></strong></span> <span class='ocrx_word' id='word_1_8' title='bbox 2123 458 2539 522; x_wconf 85' lang='lat' dir='ltr'><strong>HISTORICA</strong></span> <span class='ocrx_word' id='word_1_9' title='bbox 2583 458 2684 518; x_wconf 87' lang='lat' dir='ltr'><strong>ET</strong></span> <span class='ocrx_word' id='word_1_10' title='bbox 2729 456 3205 520; x_wconf 85' lang='lat' dir='ltr'><strong>DOGMATICA.</strong></span> 
     </span>
    </p>
   </div>
   <div class='ocr_carea' id='block_1_3' title="bbox 3633 459 3756 520">
    <p class='ocr_par' dir='ltr' id='par_1_3' title="bbox 3633 459 3756 520">
     <span class='ocr_line' id='line_1_3' title="bbox 3633 459 3756 520; baseline 0.033 -5"><span class='ocrx_word' id='word_1_11' title='bbox 3633 459 3756 520; x_wconf 80' lang='grc'><strong>640</strong></span> 
     </span>
    </p>
   </div>
   <div class='ocr_carea' id='block_1_4' title="bbox 345 585 1989 664">
    <p class='ocr_par' dir='ltr' id='par_1_4' title="bbox 345 591 1988 664">
     <span class='ocr_line' id='line_1_4' title="bbox 345 591 1988 664; baseline 0 -18"><span class='ocrx_word' id='word_1_12' title='bbox 345 591 594 663; x_wconf 88' lang='lat' dir='ltr'><strong>dientes,</strong></span> <span class='ocrx_word' id='word_1_13' title='bbox 655 593 946 650; x_wconf 78' lang='lat' dir='ltr'><strong>insaniam</strong></span> <span class='ocrx_word' id='word_1_14' title='bbox 1004 608 1172 647; x_wconf 87' lang='lat' dir='ltr'><strong>suam</strong></span> <span class='ocrx_word' id='word_1_15' title='bbox 1227 600 1566 664; x_wconf 80' lang='lat' dir='ltr'><strong>agnoscent.</strong></span> <span class='ocrx_word' id='word_1_16' title='bbox 1625 593 1682 649; x_wconf 88' lang='lat' dir='ltr'><strong>Si</strong></span> <span class='ocrx_word' id='word_1_17' title='bbox 1739 591 1988 664; x_wconf 83' lang='lat' dir='ltr'><strong>Spiritus</strong></span> 
     </span>
    </p>
   </div>
   <div class='ocr_carea' id='block_1_5' title="bbox 2104 585 3753 664">
    <p class='ocr_par' dir='ltr' id='par_1_5' title="bbox 2104 585 3753 664">
     <span class='ocr_line' id='line_1_5' title="bbox 2104 585 3753 664; baseline 0.001 -23"><span class='ocrx_word' id='word_1_18' title='bbox 2104 610 2198 660; x_wconf 87' lang='grc' dir='ltr'>νην</span> <span class='ocrx_word' id='word_1_19' title='bbox 2231 590 2363 661; x_wconf 89' lang='lat'>(33).</span> <span class='ocrx_word' id='word_1_20' title='bbox 2399 586 2466 644; x_wconf 78' lang='lat' dir='ltr'><strong>Ei’</strong></span> <span class='ocrx_word' id='word_1_21' title='bbox 2499 588 2574 659; x_wconf 74' lang='grc' dir='ltr'>μὴ</span> <span class='ocrx_word' id='word_1_22' title='bbox 2607 585 2810 660; x_wconf 89' lang='grc' dir='ltr'>κτίσμα</span> <span class='ocrx_word' id='word_1_23' title='bbox 2841 585 2951 641; x_wconf 78' lang='grc' dir='ltr'>ἐστὶ</span> <span class='ocrx_word' id='word_1_24' title='bbox 2982 587 3043 642; x_wconf 87' lang='grc' dir='ltr'>τὸ</span> <span class='ocrx_word' id='word_1_25' title='bbox 3076 591 3296 660; x_wconf 79' lang='grc' dir='ltr'>Πνεῦμα</span> <span class='ocrx_word' id='word_1_26' title='bbox 3334 589 3395 642; x_wconf 83' lang='grc' dir='ltr'>τὸ</span> <span class='ocrx_word' id='word_1_27' title='bbox 3446 588 3622 664; x_wconf 76' lang='grc' dir='ltr'>ἅγιον,</span> <span class='ocrx_word' id='word_1_28' title='bbox 3677 589 3753 649; x_wconf 87' lang='grc' dir='ltr'>ὡς</span> 
     </span>
    </p>
   </div>
   <div class='ocr_carea' id='block_1_6' title="bbox 346 682 1991 754">
    <p class='ocr_par' dir='ltr' id='par_1_6' title="bbox 346 682 1991 754">
     <span class='ocr_line' id='line_1_6' title="bbox 346 682 1991 754; baseline 0.001 -20"><span class='ocrx_word' id='word_1_29' title='bbox 346 688 588 737; x_wconf 88' lang='lat' dir='ltr'><strong>sanctus</strong></span> <span class='ocrx_word' id='word_1_30' title='bbox 640 699 753 737; x_wconf 90' lang='lat' dir='ltr'><strong>non</strong></span> <span class='ocrx_word' id='word_1_31' title='bbox 812 687 899 736; x_wconf 90' lang='lat' dir='ltr'><strong>est</strong></span> <span class='ocrx_word' id='word_1_32' title='bbox 948 685 1234 747; x_wconf 81' lang='lat' dir='ltr'><strong>creatura,</strong></span> <span class='ocrx_word' id='word_1_33' title='bbox 1268 687 1331 735; x_wconf 84' lang='lat' dir='ltr'><strong>ut</strong></span> <span class='ocrx_word' id='word_1_34' title='bbox 1363 699 1416 752; x_wconf 63' lang='lat' dir='ltr'><strong>in</strong></span> <span class='ocrx_word' id='word_1_35' title='bbox 1453 682 1856 754; x_wconf 80' lang='lat' dir='ltr'><strong>superioribus</strong></span> <span class='ocrx_word' id='word_1_36' title='bbox 1887 682 1991 736; x_wconf 88' lang='lat' dir='ltr'><strong>de-</strong></span> 
     </span>
    </p>
   </div>
   <div class='ocr_carea' id='block_1_7' title="bbox 349 769 1988 838">
    <p class='ocr_par' dir='ltr' id='par_1_7' title="bbox 349 769 1988 838">
     <span class='ocr_line' id='line_1_7' title="bbox 349 769 1988 838; baseline 0.001 -16"><span class='ocrx_word' id='word_1_37' title='bbox 349 777 738 825; x_wconf 87' lang='lat' dir='ltr'><strong>monstratum</strong></span> <span class='ocrx_word' id='word_1_38' title='bbox 769 776 875 838; x_wconf 85' lang='lat' dir='ltr'><strong>est,</strong></span> <span class='ocrx_word' id='word_1_39' title='bbox 905 769 1004 824; x_wconf 83' lang='lat' dir='ltr'><strong>sed</strong></span> <span class='ocrx_word' id='word_1_40' title='bbox 1041 769 1096 823; x_wconf 86' lang='lat' dir='ltr'><strong>in</strong></span> <span class='ocrx_word' id='word_1_41' title='bbox 1135 771 1244 824; x_wconf 90' lang='lat' dir='ltr'><strong>Deo</strong></span> <span class='ocrx_word' id='word_1_42' title='bbox 1276 776 1448 837; x_wconf 85' lang='lat' dir='ltr'><strong>est,et</strong></span> <span class='ocrx_word' id='word_1_43' title='bbox 1477 788 1545 826; x_wconf 84' lang='lat' dir='ltr'><strong>ex</strong></span> <span class='ocrx_word' id='word_1_44' title='bbox 1604 773 1713 826; x_wconf 92' lang='lat' dir='ltr'><strong>Deo</strong></span> <span class='ocrx_word' id='word_1_45' title='bbox 1771 771 1945 825; x_wconf 87' lang='lat' dir='ltr'><strong>datur</strong></span> <span class='ocrx_word' id='word_1_46' title='bbox 1977 787 1988 824; x_wconf 88' lang='lat'>:</span> 
     </span>
    </p>
   </div>
   <div class='ocr_carea' id='block_1_8' title="bbox 345 857 1992 931">
    <p class='ocr_par' dir='ltr' id='par_1_8' title="bbox 345 857 1992 931">
     <span class='ocr_line' id='line_1_8' title="bbox 345 857 1992 931; baseline 0.001 -20"><span class='ocrx_word' id='word_1_47' title='bbox 345 874 481 929; x_wconf 87' lang='lat' dir='ltr'><strong>ergo</strong></span> <span class='ocrx_word' id='word_1_48' title='bbox 538 857 694 912; x_wconf 82' lang='lat' dir='ltr'><strong>ﬁlius</strong></span> <span class='ocrx_word' id='word_1_49' title='bbox 753 863 841 912; x_wconf 85' lang='lat' dir='ltr'><strong>est</strong></span> <span class='ocrx_word' id='word_1_50' title='bbox 871 857 1073 928; x_wconf 86' lang='lat' dir='ltr'><strong>ipso,et</strong></span> <span class='ocrx_word' id='word_1_51' title='bbox 1107 859 1220 912; x_wconf 92' lang='lat' dir='ltr'><strong>duo</strong></span> <span class='ocrx_word' id='word_1_52' title='bbox 1253 865 1392 913; x_wconf 89' lang='lat' dir='ltr'><strong>sunt</strong></span> <span class='ocrx_word' id='word_1_53' title='bbox 1423 861 1632 914; x_wconf 82' lang='lat' dir='ltr'><strong>fratres</strong></span> <span class='ocrx_word' id='word_1_54' title='bbox 1665 861 1788 931; x_wconf 88' lang='lat' dir='ltr'><strong>ipse</strong></span> <span class='ocrx_word' id='word_1_55' title='bbox 1817 865 1874 914; x_wconf 88' lang='lat' dir='ltr'><strong>et</strong></span> <span class='ocrx_word' id='word_1_56' title='bbox 1903 859 1992 913; x_wconf 86' lang='lat' dir='ltr'><strong>Fi-</strong></span> 
     </span>
    </p>
   </div>
   <div class='ocr_carea' id='block_1_9' title="bbox 351 945 1994 1018">
    <p class='ocr_par' dir='ltr' id='par_1_9' title="bbox 351 945 1994 1018">
     <span class='ocr_line' id='line_1_9' title="bbox 351 945 1994 1018; baseline 0.002 -20"><span class='ocrx_word' id='word_1_57' title='bbox 351 945 464 1000; x_wconf 90' lang='lat' dir='ltr'><strong>lius</strong></span> <span class='ocrx_word' id='word_1_58' title='bbox 500 963 512 1000; x_wconf 91' lang='lat'><strong>:</strong></span> <span class='ocrx_word' id='word_1_59' title='bbox 547 950 603 999; x_wconf 91' lang='lat' dir='ltr'><strong>et</strong></span> <span class='ocrx_word' id='word_1_60' title='bbox 633 948 682 1000; x_wconf 90' lang='lat' dir='ltr'><strong>si</strong></span> <span class='ocrx_word' id='word_1_61' title='bbox 709 945 832 998; x_wconf 79' lang='lat' dir='ltr'><strong>Filii</strong></span> <span class='ocrx_word' id='word_1_62' title='bbox 863 951 950 1000; x_wconf 87' lang='lat' dir='ltr'><strong>est</strong></span> <span class='ocrx_word' id='word_1_63' title='bbox 980 947 1252 1016; x_wconf 78' lang='lat' dir='ltr'><strong>Spiritus,</strong></span> <span class='ocrx_word' id='word_1_64' title='bbox 1287 952 1457 1018; x_wconf 87' lang='lat' dir='ltr'><strong>atque</strong></span> <span class='ocrx_word' id='word_1_65' title='bbox 1505 967 1537 1002; x_wconf 81' lang='grc' dir='ltr'><strong>ιι</strong></span> <span class='ocrx_word' id='word_1_66' title='bbox 1597 949 1738 1003; x_wconf 79' lang='lat' dir='ltr'><strong>Filio</strong></span> <span class='ocrx_word' id='word_1_67' title='bbox 1796 948 1994 1003; x_wconf 83' lang='lat' dir='ltr'>omnia</span> 
     </span>
    </p>
   </div>
   <div class='ocr_carea' id='block_1_10' title="bbox 349 1033 1995 1106">
    <p class='ocr_par' dir='ltr' id='par_1_10' title="bbox 349 1033 1995 1106">
     <span class='ocr_line' id='line_1_10' title="bbox 349 1033 1995 1106; baseline 0.003 -19"><span class='ocrx_word' id='word_1_68' title='bbox 349 1033 559 1104; x_wconf 84' lang='lat' dir='ltr'><strong>accipit</strong></span> <span class='ocrx_word' id='word_1_69' title='bbox 589 1034 939 1105; x_wconf 89' lang='lat' dir='ltr'><strong>Spiritus,ut</strong></span> <span class='ocrx_word' id='word_1_70' title='bbox 970 1035 1048 1088; x_wconf 84' lang='lat' dir='ltr'><strong>ait</strong></span> <span class='ocrx_word' id='word_1_71' title='bbox 1079 1036 1224 1106; x_wconf 87' lang='lat' dir='ltr'><strong>ipse,</strong></span> <span class='ocrx_word' id='word_1_72' title='bbox 1263 1049 1318 1091; x_wconf 84' lang='lat' dir='ltr'><strong>et</strong></span> <span class='ocrx_word' id='word_1_73' title='bbox 1349 1054 1360 1090; x_wconf 75' lang='grc' dir='ltr'>ε</span> <span class='ocrx_word' id='word_1_74' title='bbox 1397 1062 1422 1086; x_wconf 90' lang='grc'><em>‹‹</em></span> <span class='ocrx_word' id='word_1_75' title='bbox 1459 1044 1599 1092; x_wconf 67' lang='lat' dir='ltr'><strong>Cum</strong></span> <span class='ocrx_word' id='word_1_76' title='bbox 1635 1038 1995 1092; x_wconf 85' lang='lat' dir='ltr'><strong>insufﬂasset</strong></span> 
     </span>
    </p>
   </div>
   <div class='ocr_carea' id='block_1_11' title="bbox 349 1121 1989 1194">
    <p class='ocr_par' dir='ltr' id='par_1_11' title="bbox 349 1121 1989 1194">
     <span class='ocr_line' id='line_1_11' title="bbox 349 1121 1989 1194; baseline 0.002 -18"><span class='ocrx_word' id='word_1_77' title='bbox 349 1121 510 1177; x_wconf 90' lang='lat' dir='ltr'><strong>dedit</strong></span> <span class='ocrx_word' id='word_1_78' title='bbox 541 1121 706 1176; x_wconf 88' lang='lat' dir='ltr'><strong>illum</strong></span> <span class='ocrx_word' id='word_1_79' title='bbox 739 1123 1045 1194; x_wconf 83' lang='lat' dir='ltr'><strong>discipulis</strong></span> <span class='ocrx_word' id='word_1_80' title='bbox 1076 1127 1119 1160; x_wconf 65' lang='grc' dir='ltr'><strong><em>ιδ</em></strong></span> <span class='ocrx_word' id='word_1_81' title='bbox 1153 1142 1165 1179; x_wconf 89' lang='lat'><strong>:</strong></span> <span class='ocrx_word' id='word_1_82' title='bbox 1198 1149 1224 1174; x_wconf 87' lang='grc'><strong>››</strong></span> <span class='ocrx_word' id='word_1_83' title='bbox 1262 1143 1393 1179; x_wconf 84' lang='lat' dir='ltr'><strong>nam</strong></span> <span class='ocrx_word' id='word_1_84' title='bbox 1429 1132 1485 1180; x_wconf 90' lang='lat' dir='ltr'><strong>et</strong></span> <span class='ocrx_word' id='word_1_85' title='bbox 1525 1143 1624 1181; x_wconf 87' lang='lat' dir='ltr'><strong>vos</strong></span> <span class='ocrx_word' id='word_1_86' title='bbox 1676 1127 1938 1181; x_wconf 82' lang='lat' dir='ltr'><strong>fatemini</strong></span> <span class='ocrx_word' id='word_1_87' title='bbox 1977 1144 1989 1180; x_wconf 74' lang='grc' dir='ltr'>ε</span> 
     </span>
    </p>
   </div>
   <div class='ocr_carea' id='block_1_12' title="bbox 346 1212 1992 1286">
    <p class='ocr_par' dir='ltr' id='par_1_12' title="bbox 346 1212 1992 1286">
     <span class='ocr_line' id='line_1_12' title="bbox 346 1212 1992 1286; baseline 0.001 -20"><span class='ocrx_word' id='word_1_88' title='bbox 346 1227 482 1282; x_wconf 85' lang='lat' dir='ltr'><strong>ergo</strong></span> <span class='ocrx_word' id='word_1_89' title='bbox 515 1228 658 1266; x_wconf 86' lang='lat' dir='ltr'><strong>avus</strong></span> <span class='ocrx_word' id='word_1_90' title='bbox 698 1217 786 1266; x_wconf 82' lang='lat' dir='ltr'><strong>est</strong></span> <span class='ocrx_word' id='word_1_91' title='bbox 819 1212 988 1266; x_wconf 81' lang='lat' dir='ltr'><strong>Pater</strong></span> <span class='ocrx_word' id='word_1_92' title='bbox 1008 1218 1064 1266; x_wconf 91' lang='lat' dir='ltr'><strong>et</strong></span> <span class='ocrx_word' id='word_1_93' title='bbox 1087 1230 1265 1284; x_wconf 86' lang='lat' dir='ltr'><strong>nepos</strong></span> <span class='ocrx_word' id='word_1_94' title='bbox 1289 1215 1414 1284; x_wconf 83' lang='lat' dir='ltr'><strong>ejus</strong></span> <span class='ocrx_word' id='word_1_95' title='bbox 1439 1219 1527 1269; x_wconf 88' lang='lat' dir='ltr'><strong>est</strong></span> <span class='ocrx_word' id='word_1_96' title='bbox 1558 1215 1830 1286; x_wconf 84' lang='lat' dir='ltr'><strong>Spiritus.</strong></span> <span class='ocrx_word' id='word_1_97' title='bbox 1859 1218 1992 1278; x_wconf 88' lang='lat' dir='ltr'><strong>Qua</strong></span> 
     </span>
    </p>
   </div>
   <div class='ocr_carea' id='block_1_13' title="bbox 343 1299 1990 1372">
    <p class='ocr_par' dir='ltr' id='par_1_13' title="bbox 343 1299 1990 1372">
     <span class='ocr_line' id='line_1_13' title="bbox 343 1299 1990 1372; baseline 0.003 -18"><span class='ocrx_word' id='word_1_98' title='bbox 343 1299 500 1354; x_wconf 91' lang='lat' dir='ltr'><strong>enim</strong></span> <span class='ocrx_word' id='word_1_99' title='bbox 533 1299 896 1355; x_wconf 88' lang='lat' dir='ltr'><strong>sciscitentes</strong></span> <span class='ocrx_word' id='word_1_100' title='bbox 933 1320 966 1355; x_wconf 87' lang='lat' dir='ltr'><strong>a</strong></span> <span class='ocrx_word' id='word_1_101' title='bbox 994 1302 1162 1356; x_wconf 85' lang='lat' dir='ltr'><strong>nobis</strong></span> <span class='ocrx_word' id='word_1_102' title='bbox 1191 1302 1478 1372; x_wconf 87' lang='lat' dir='ltr'><strong>quaritis,</strong></span> <span class='ocrx_word' id='word_1_103' title='bbox 1511 1304 1580 1357; x_wconf 92' lang='lat' dir='ltr'><strong>de</strong></span> <span class='ocrx_word' id='word_1_104' title='bbox 1609 1303 1817 1358; x_wconf 79' lang='lat' dir='ltr'><strong>iisdem</strong></span> <span class='ocrx_word' id='word_1_105' title='bbox 1869 1320 1990 1369; x_wconf 89' lang='lat' dir='ltr'><strong>vos,</strong></span> 
     </span>
    </p>
   </div>
   <div class='ocr_carea' id='block_1_14' title="bbox 343 1388 1992 1463">
    <p class='ocr_par' dir='ltr' id='par_1_14' title="bbox 343 1388 1992 1463">
     <span class='ocr_line' id='line_1_14' title="bbox 343 1388 1992 1463; baseline 0.002 -21"><span class='ocrx_word' id='word_1_106' title='bbox 343 1394 400 1442; x_wconf 90' lang='lat' dir='ltr'><strong>et</strong></span> <span class='ocrx_word' id='word_1_107' title='bbox 448 1405 517 1442; x_wconf 84' lang='lat' dir='ltr'><strong>ex</strong></span> <span class='ocrx_word' id='word_1_108' title='bbox 566 1388 772 1443; x_wconf 80' lang='lat' dir='ltr'><strong>iisdem</strong></span> <span class='ocrx_word' id='word_1_109' title='bbox 806 1389 1151 1461; x_wconf 88' lang='lat' dir='ltr'><strong>interrogari</strong></span> <span class='ocrx_word' id='word_1_110' title='bbox 1184 1402 1413 1461; x_wconf 84' lang='lat' dir='ltr'><strong>aquu‘m</strong></span> <span class='ocrx_word' id='word_1_111' title='bbox 1449 1398 1554 1446; x_wconf 91' lang='lat' dir='ltr'><strong>est.</strong></span> <span class='ocrx_word' id='word_1_112' title='bbox 1590 1393 1747 1457; x_wconf 82' lang='lat' dir='ltr'><strong>Quod</strong></span> <span class='ocrx_word' id='word_1_113' title='bbox 1785 1394 1831 1446; x_wconf 95' lang='lat' dir='ltr'><strong>si</strong></span> <span class='ocrx_word' id='word_1_114' title='bbox 1866 1409 1992 1463; x_wconf 86' lang='lat' dir='ltr'><strong>qua</strong></span> 
     </span>
    </p>
   </div>
   <div class='ocr_carea' id='block_1_15' title="bbox 343 1478 1992 1549">
    <p class='ocr_par' dir='ltr' id='par_1_15' title="bbox 343 1478 1992 1549">
     <span class='ocr_line' id='line_1_15' title="bbox 343 1478 1992 1549; baseline 0.001 -17"><span class='ocrx_word' id='word_1_115' title='bbox 343 1478 560 1548; x_wconf 88' lang='lat' dir='ltr'><strong>scripta</strong></span> <span class='ocrx_word' id='word_1_116' title='bbox 590 1483 728 1532; x_wconf 89' lang='lat' dir='ltr'><strong>sunt</strong></span> <span class='ocrx_word' id='word_1_117' title='bbox 760 1479 1006 1549; x_wconf 80' lang='lat' dir='ltr'><strong>negatis,</strong></span> <span class='ocrx_word' id='word_1_118' title='bbox 1043 1497 1156 1534; x_wconf 91' lang='lat' dir='ltr'><strong>non</strong></span> <span class='ocrx_word' id='word_1_119' title='bbox 1191 1479 1342 1535; x_wconf 83' lang='lat' dir='ltr'><strong>ultra</strong></span> <span class='ocrx_word' id='word_1_120' title='bbox 1392 1480 1705 1535; x_wconf 83' lang='lat' dir='ltr'><strong>Christiani</strong></span> <span class='ocrx_word' id='word_1_121' title='bbox 1764 1482 1992 1536; x_wconf 88' lang='lat' dir='ltr'><strong>dicendi</strong></span> 
     </span>
    </p>
   </div>
   <div class='ocr_carea' id='block_1_16' title="bbox 342 1567 1993 1640">
    <p class='ocr_par' dir='ltr' id='par_1_16' title="bbox 342 1567 1993 1640">
     <span class='ocr_line' id='line_1_16' title="bbox 342 1567 1993 1640; baseline 0.001 -18"><span class='ocrx_word' id='word_1_122' title='bbox 342 1567 504 1634; x_wconf 83' lang='lat' dir='ltr'><strong>estis,</strong></span> <span class='ocrx_word' id='word_1_123' title='bbox 538 1571 595 1621; x_wconf 92' lang='lat' dir='ltr'><strong>et</strong></span> <span class='ocrx_word' id='word_1_124' title='bbox 626 1584 730 1638; x_wconf 90' lang='lat' dir='ltr'><strong>par</strong></span> <span class='ocrx_word' id='word_1_125' title='bbox 759 1573 847 1623; x_wconf 88' lang='lat' dir='ltr'><strong>est</strong></span> <span class='ocrx_word' id='word_1_126' title='bbox 878 1571 941 1623; x_wconf 80' lang='lat' dir='ltr'><strong>nt</strong></span> <span class='ocrx_word' id='word_1_127' title='bbox 974 1585 1099 1633; x_wconf 90' lang='lat' dir='ltr'><strong>nos,</strong></span> <span class='ocrx_word' id='word_1_128' title='bbox 1135 1572 1334 1640; x_wconf 84' lang='lat' dir='ltr'><strong>utpote</strong></span> <span class='ocrx_word' id='word_1_129' title='bbox 1375 1569 1754 1638; x_wconf 84' lang='lat' dir='ltr'><strong>Christianos,</strong></span> <span class='ocrx_word' id='word_1_130' title='bbox 1813 1571 1993 1624; x_wconf 91' lang='lat' dir='ltr'><strong>inter-</strong></span> 
     </span>
    </p>
   </div>
   <div class='ocr_carea' id='block_1_17' title="bbox 340 1655 1994 1732">
    <p class='ocr_par' dir='ltr' id='par_1_17' title="bbox 340 1655 1994 1732">
     <span class='ocr_line' id='line_1_17' title="bbox 340 1655 1994 1732; baseline 0.002 -22"><span class='ocrx_word' id='word_1_131' title='bbox 340 1655 576 1724; x_wconf 77' lang='lat' dir='ltr'><strong>rogatis.</strong></span> <span class='ocrx_word' id='word_1_132' title='bbox 602 1656 703 1711; x_wconf 90' lang='lat' dir='ltr'><strong>Sin</strong></span> <span class='ocrx_word' id='word_1_133' title='bbox 731 1657 934 1712; x_wconf 87' lang='lat' dir='ltr'><strong>eadem</strong></span> <span class='ocrx_word' id='word_1_134' title='bbox 967 1674 1093 1728; x_wconf 86' lang='lat' dir='ltr'><strong>qua</strong></span> <span class='ocrx_word' id='word_1_135' title='bbox 1127 1675 1232 1713; x_wconf 91' lang='lat' dir='ltr'><strong>nos</strong></span> <span class='ocrx_word' id='word_1_136' title='bbox 1264 1657 1477 1732; x_wconf 75' lang='lat' dir='ltr'><strong>legitis,</strong></span> <span class='ocrx_word' id='word_1_137' title='bbox 1509 1675 1745 1714; x_wconf 85' lang='lat' dir='ltr'><strong>necesse</strong></span> <span class='ocrx_word' id='word_1_138' title='bbox 1776 1665 1865 1715; x_wconf 87' lang='lat' dir='ltr'><strong>est</strong></span> <span class='ocrx_word' id='word_1_139' title='bbox 1893 1677 1994 1714; x_wconf 90' lang='lat' dir='ltr'><strong>vos</strong></span> 
     </span>
    </p>
   </div>
   <div class='ocr_carea' id='block_1_18' title="bbox 342 1745 1991 1820">
    <p class='ocr_par' dir='ltr' id='par_1_18' title="bbox 342 1745 1991 1820">
     <span class='ocr_line' id='line_1_18' title="bbox 342 1745 1991 1820; baseline 0.002 -22"><span class='ocrx_word' id='word_1_140' title='bbox 342 1760 577 1816; x_wconf 90' lang='lat' dir='ltr'><strong>quoque</strong></span> <span class='ocrx_word' id='word_1_141' title='bbox 599 1745 669 1799; x_wconf 90' lang='lat' dir='ltr'><strong>de</strong></span> <span class='ocrx_word' id='word_1_142' title='bbox 694 1745 898 1800; x_wconf 88' lang='lat' dir='ltr'><strong>iisdem</strong></span> <span class='ocrx_word' id='word_1_143' title='bbox 924 1745 1008 1801; x_wconf 92' lang='lat' dir='ltr'><strong>sic</strong></span> <span class='ocrx_word' id='word_1_144' title='bbox 1029 1764 1062 1802; x_wconf 89' lang='lat' dir='ltr'><strong>a</strong></span> <span class='ocrx_word' id='word_1_145' title='bbox 1088 1747 1260 1802; x_wconf 92' lang='lat' dir='ltr'><strong>nobis</strong></span> <span class='ocrx_word' id='word_1_146' title='bbox 1283 1747 1647 1819; x_wconf 88' lang='lat' dir='ltr'><strong>interrogari.</strong></span> <span class='ocrx_word' id='word_1_147' title='bbox 1682 1748 1863 1803; x_wconf 90' lang='lat' dir='ltr'><strong>Dicite</strong></span> <span class='ocrx_word' id='word_1_148' title='bbox 1885 1748 1991 1820; x_wconf 83' lang='lat' dir='ltr'><strong>igi-</strong></span> 
     </span>
    </p>
   </div>
   <div class='ocr_carea' id='block_1_19' title="bbox 337 1834 1994 1908">
    <p class='ocr_par' dir='ltr' id='par_1_19' title="bbox 337 1834 1994 1908">
     <span class='ocr_line' id='line_1_19' title="bbox 337 1834 1994 1908; baseline 0.003 -21"><span class='ocrx_word' id='word_1_149' title='bbox 337 1839 436 1888; x_wconf 89' lang='lat' dir='ltr'><strong>tur</strong></span> <span class='ocrx_word' id='word_1_150' title='bbox 456 1837 512 1887; x_wconf 88' lang='lat' dir='ltr'><strong>et</strong></span> <span class='ocrx_word' id='word_1_151' title='bbox 535 1849 605 1887; x_wconf 89' lang='lat' dir='ltr'><strong>ne</strong></span> <span class='ocrx_word' id='word_1_152' title='bbox 627 1834 1005 1900; x_wconf 90' lang='lat' dir='ltr'><strong>cunctemini,</strong></span> <span class='ocrx_word' id='word_1_153' title='bbox 1031 1852 1100 1889; x_wconf 89' lang='lat' dir='ltr'><strong>an</strong></span> <span class='ocrx_word' id='word_1_154' title='bbox 1128 1836 1308 1890; x_wconf 88' lang='lat' dir='ltr'><strong>Filius</strong></span> <span class='ocrx_word' id='word_1_155' title='bbox 1340 1842 1430 1891; x_wconf 87' lang='lat' dir='ltr'><strong>est</strong></span> <span class='ocrx_word' id='word_1_156' title='bbox 1458 1837 1737 1908; x_wconf 80' lang='lat' dir='ltr'><strong>Spiritus,</strong></span> <span class='ocrx_word' id='word_1_157' title='bbox 1763 1843 1820 1891; x_wconf 90' lang='lat' dir='ltr'><strong>et</strong></span> <span class='ocrx_word' id='word_1_158' title='bbox 1851 1854 1994 1892; x_wconf 85' lang='lat' dir='ltr'><strong>avus</strong></span> 
     </span>
    </p>
   </div>
   <div class='ocr_carea' id='block_1_20' title="bbox 339 1920 1992 1991">
    <p class='ocr_par' dir='ltr' id='par_1_20' title="bbox 339 1920 1992 1991">
     <span class='ocr_line' id='line_1_20' title="bbox 339 1920 1992 1991; baseline 0.004 -17"><span class='ocrx_word' id='word_1_159' title='bbox 339 1920 538 1975; x_wconf 84' lang='lat' dir='ltr'><strong>Pater?</strong></span> <span class='ocrx_word' id='word_1_160' title='bbox 559 1923 719 1986; x_wconf 77' lang='lat' dir='ltr'><strong>Quod</strong></span> <span class='ocrx_word' id='word_1_161' title='bbox 754 1923 800 1976; x_wconf 92' lang='lat' dir='ltr'><strong>si</strong></span> <span class='ocrx_word' id='word_1_162' title='bbox 836 1923 1270 1990; x_wconf 86' lang='lat' dir='ltr'><strong>ratiocinantes,</strong></span> <span class='ocrx_word' id='word_1_163' title='bbox 1299 1931 1360 1978; x_wconf 92' lang='lat' dir='ltr'><strong>ut</strong></span> <span class='ocrx_word' id='word_1_164' title='bbox 1391 1924 1663 1980; x_wconf 75' lang='lat' dir='ltr'><strong>Pharisai</strong></span> <span class='ocrx_word' id='word_1_165' title='bbox 1698 1925 1804 1991; x_wconf 89' lang='lat' dir='ltr'><strong>illi,</strong></span> <span class='ocrx_word' id='word_1_166' title='bbox 1835 1925 1992 1980; x_wconf 86' lang='lat' dir='ltr'><strong>dixe-</strong></span> 
     </span>
    </p>
   </div>
   <div class='ocr_carea' id='block_1_21' title="bbox 341 2009 1986 2082">
    <p class='ocr_par' dir='ltr' id='par_1_21' title="bbox 341 2009 1986 2082">
     <span class='ocr_line' id='line_1_21' title="bbox 341 2009 1986 2082; baseline 0.004 -19"><span class='ocrx_word' id='word_1_167' title='bbox 341 2009 470 2063; x_wconf 89' lang='lat' dir='ltr'><strong>ritis</strong></span> <span class='ocrx_word' id='word_1_168' title='bbox 509 2010 661 2081; x_wconf 85' lang='lat' dir='ltr'><strong>apud</strong></span> <span class='ocrx_word' id='word_1_169' title='bbox 690 2012 1080 2082; x_wconf 78' lang='lat' dir='ltr'><strong>vosmetipsos</strong></span> <span class='ocrx_word' id='word_1_170' title='bbox 1115 2031 1126 2067; x_wconf 92' lang='lat'>:</span> <span class='ocrx_word' id='word_1_171' title='bbox 1161 2013 1219 2068; x_wconf 94' lang='lat' dir='ltr'><strong>Si</strong></span> <span class='ocrx_word' id='word_1_172' title='bbox 1243 2013 1526 2080; x_wconf 84' lang='lat' dir='ltr'><strong>dicamus,</strong></span> <span class='ocrx_word' id='word_1_173' title='bbox 1552 2014 1729 2069; x_wconf 87' lang='lat' dir='ltr'><strong>Filius</strong></span> <span class='ocrx_word' id='word_1_174' title='bbox 1751 2019 1859 2077; x_wconf 89' lang='lat' dir='ltr'><strong>est,</strong></span> <span class='ocrx_word' id='word_1_175' title='bbox 1884 2032 1986 2070; x_wconf 89' lang='lat' dir='ltr'><strong>au-</strong></span> 
     </span>
    </p>
   </div>
   <div class='ocr_carea' id='block_1_22' title="bbox 339 2097 1986 2172">
    <p class='ocr_par' dir='ltr' id='par_1_22' title="bbox 339 2097 1986 2172">
     <span class='ocr_line' id='line_1_22' title="bbox 339 2097 1986 2172; baseline 0.004 -20"><span class='ocrx_word' id='word_1_176' title='bbox 339 2097 555 2153; x_wconf 86' lang='lat' dir='ltr'><strong>liemus</strong></span> <span class='ocrx_word' id='word_1_177' title='bbox 588 2116 600 2154; x_wconf 93' lang='lat'>:</span> <span class='ocrx_word' id='word_1_178' title='bbox 636 2099 884 2154; x_wconf 88' lang='lat' dir='ltr'><strong>Ubinam</strong></span> <span class='ocrx_word' id='word_1_179' title='bbox 916 2101 974 2154; x_wconf 92' lang='lat' dir='ltr'><strong>id</strong></span> <span class='ocrx_word' id='word_1_180' title='bbox 1007 2101 1292 2172; x_wconf 85' lang='lat' dir='ltr'><strong>scriptum</strong></span> <span class='ocrx_word' id='word_1_181' title='bbox 1325 2106 1454 2158; x_wconf 82' lang='lat' dir='ltr'><strong>est?</strong></span> <span class='ocrx_word' id='word_1_182' title='bbox 1494 2103 1593 2158; x_wconf 91' lang='lat' dir='ltr'><strong>Sin</strong></span> <span class='ocrx_word' id='word_1_183' title='bbox 1644 2102 1986 2169; x_wconf 83' lang='lat' dir='ltr'><strong>dixerimus,</strong></span> 
     </span>
    </p>
   </div>
   <div class='ocr_carea' id='block_1_23' title="bbox 343 2186 1989 2264">
    <p class='ocr_par' dir='ltr' id='par_1_23' title="bbox 343 2186 1989 2264">
     <span class='ocr_line' id='line_1_23' title="bbox 343 2186 1989 2264; baseline 0.003 -23"><span class='ocrx_word' id='word_1_184' title='bbox 343 2186 466 2241; x_wconf 88' lang='lat' dir='ltr'><strong>Non</strong></span> <span class='ocrx_word' id='word_1_185' title='bbox 499 2191 589 2242; x_wconf 87' lang='lat' dir='ltr'><strong>est</strong></span> <span class='ocrx_word' id='word_1_186' title='bbox 619 2187 1102 2257; x_wconf 87' lang='lat' dir='ltr'><strong>Filius,timemus</strong></span> <span class='ocrx_word' id='word_1_187' title='bbox 1135 2207 1205 2245; x_wconf 87' lang='lat' dir='ltr'><strong>ne</strong></span> <span class='ocrx_word' id='word_1_188' title='bbox 1235 2191 1430 2246; x_wconf 87' lang='lat' dir='ltr'><strong>dicant</strong></span> <span class='ocrx_word' id='word_1_189' title='bbox 1460 2191 1630 2247; x_wconf 90' lang='lat' dir='ltr'><strong>nobis</strong></span> <span class='ocrx_word' id='word_1_190' title='bbox 1664 2207 1677 2247; x_wconf 90' lang='lat'>:</span> <span class='ocrx_word' id='word_1_191' title='bbox 1711 2195 1824 2246; x_wconf 85' lang='lat' dir='ltr'><strong>Cur</strong></span> <span class='ocrx_word' id='word_1_192' title='bbox 1853 2207 1989 2264; x_wconf 84' lang='lat' dir='ltr'><strong>ergo</strong></span> 
     </span>
    </p>
   </div>
   <div class='ocr_carea' id='block_1_24' title="bbox 342 2274 1989 2351">
    <p class='ocr_par' dir='ltr' id='par_1_24' title="bbox 342 2274 1989 2351">
     <span class='ocr_line' id='line_1_24' title="bbox 342 2274 1989 2351; baseline 0.002 -20"><span class='ocrx_word' id='word_1_193' title='bbox 342 2274 626 2345; x_wconf 86' lang='lat' dir='ltr'><strong>scriptum</strong></span> <span class='ocrx_word' id='word_1_194' title='bbox 663 2281 746 2330; x_wconf 82' lang='lat' dir='ltr'><strong>est</strong></span> <span class='ocrx_word' id='word_1_195' title='bbox 773 2299 798 2325; x_wconf 84' lang='lat'><strong>«</strong></span> <span class='ocrx_word' id='word_1_196' title='bbox 827 2277 942 2331; x_wconf 90' lang='lat' dir='ltr'><strong>Nos</strong></span> <span class='ocrx_word' id='word_1_197' title='bbox 975 2294 1090 2332; x_wconf 91' lang='lat' dir='ltr'><strong>non</strong></span> <span class='ocrx_word' id='word_1_198' title='bbox 1159 2279 1431 2349; x_wconf 89' lang='lat' dir='ltr'><strong>spiritum</strong></span> <span class='ocrx_word' id='word_1_199' title='bbox 1495 2280 1701 2334; x_wconf 90' lang='lat' dir='ltr'><strong>mundi</strong></span> <span class='ocrx_word' id='word_1_200' title='bbox 1769 2281 1989 2351; x_wconf 88' lang='lat' dir='ltr'><strong>accepi-</strong></span> 
     </span>
    </p>
   </div>
   <div class='ocr_carea' id='block_1_25' title="bbox 343 2363 1986 2435">
    <p class='ocr_par' dir='ltr' id='par_1_25' title="bbox 343 2363 1986 2435">
     <span class='ocr_line' id='line_1_25' title="bbox 343 2363 1986 2435; baseline 0.003 -18"><span class='ocrx_word' id='word_1_201' title='bbox 343 2379 500 2429; x_wconf 87' lang='lat' dir='ltr'><strong>mus,</strong></span> <span class='ocrx_word' id='word_1_202' title='bbox 535 2363 634 2418; x_wconf 89' lang='lat' dir='ltr'><strong>sed</strong></span> <span class='ocrx_word' id='word_1_203' title='bbox 665 2364 940 2433; x_wconf 82' lang='lat' dir='ltr'><strong>Spiritum</strong></span> <span class='ocrx_word' id='word_1_204' title='bbox 973 2365 1072 2435; x_wconf 90' lang='lat' dir='ltr'><strong>qui</strong></span> <span class='ocrx_word' id='word_1_205' title='bbox 1103 2383 1170 2421; x_wconf 81' lang='lat' dir='ltr'><strong>ex</strong></span> <span class='ocrx_word' id='word_1_206' title='bbox 1202 2367 1314 2421; x_wconf 90' lang='lat' dir='ltr'><strong>Deo</strong></span> <span class='ocrx_word' id='word_1_207' title='bbox 1345 2371 1431 2422; x_wconf 87' lang='lat' dir='ltr'><strong>est</strong></span> <span class='ocrx_word' id='word_1_208' title='bbox 1467 2369 1507 2403; x_wconf 81' lang='grc'><strong>¹⁵</strong></span> <span class='ocrx_word' id='word_1_209' title='bbox 1537 2369 1610 2423; x_wconf 75' lang='lat' dir='ltr'><strong>n?</strong></span> <span class='ocrx_word' id='word_1_210' title='bbox 1640 2369 1738 2424; x_wconf 89' lang='lat' dir='ltr'><strong>Sin</strong></span> <span class='ocrx_word' id='word_1_211' title='bbox 1793 2373 1986 2423; x_wconf 88' lang='lat' dir='ltr'><strong>autem</strong></span> 
     </span>
    </p>
   </div>
   <div class='ocr_carea' id='block_1_26' title="bbox 343 2451 1984 2528">
    <p class='ocr_par' dir='ltr' id='par_1_26' title="bbox 343 2451 1984 2528">
     <span class='ocr_line' id='line_1_26' title="bbox 343 2451 1984 2528; baseline 0.004 -24"><span class='ocrx_word' id='word_1_212' title='bbox 343 2452 497 2522; x_wconf 87' lang='lat' dir='ltr'><strong>apud</strong></span> <span class='ocrx_word' id='word_1_213' title='bbox 551 2468 650 2506; x_wconf 89' lang='lat' dir='ltr'><strong>vos</strong></span> <span class='ocrx_word' id='word_1_214' title='bbox 703 2451 862 2523; x_wconf 89' lang='lat' dir='ltr'><strong>ipsos</strong></span> <span class='ocrx_word' id='word_1_215' title='bbox 891 2455 1301 2524; x_wconf 52' lang='lat' dir='ltr'><strong>_,decertantes,</strong></span> <span class='ocrx_word' id='word_1_216' title='bbox 1334 2473 1433 2511; x_wconf 85' lang='lat' dir='ltr'><strong>vos</strong></span> <span class='ocrx_word' id='word_1_217' title='bbox 1467 2473 1700 2528; x_wconf 89' lang='lat' dir='ltr'><strong>quoque</strong></span> <span class='ocrx_word' id='word_1_218' title='bbox 1729 2457 1938 2512; x_wconf 85' lang='lat' dir='ltr'><strong>dicatis</strong></span> <span class='ocrx_word' id='word_1_219' title='bbox 1972 2473 1984 2511; x_wconf 93' lang='lat'>:</span> 
     </span>
    </p>
   </div>
   <div class='ocr_carea' id='block_1_27' title="bbox 341 2538 1988 2616">
    <p class='ocr_par' dir='ltr' id='par_1_27' title="bbox 341 2538 1988 2616">
     <span class='ocr_line' id='line_1_27' title="bbox 341 2538 1988 2616; baseline 0.003 -20"><span class='ocrx_word' id='word_1_220' title='bbox 341 2538 684 2606; x_wconf 88' lang='lat' dir='ltr'><strong>Nescimus;</strong></span> <span class='ocrx_word' id='word_1_221' title='bbox 742 2547 1200 2598; x_wconf 87' lang='lat' dir='ltr'><strong>consentaneum</strong></span> <span class='ocrx_word' id='word_1_222' title='bbox 1258 2549 1347 2599; x_wconf 90' lang='lat' dir='ltr'><strong>est</strong></span> <span class='ocrx_word' id='word_1_223' title='bbox 1376 2551 1432 2599; x_wconf 88' lang='lat' dir='ltr'><strong>et</strong></span> <span class='ocrx_word' id='word_1_224' title='bbox 1456 2562 1590 2600; x_wconf 90' lang='lat' dir='ltr'><strong>eum</strong></span> <span class='ocrx_word' id='word_1_225' title='bbox 1622 2563 1796 2616; x_wconf 88' lang='lat' dir='ltr'><strong>quem</strong></span> <span class='ocrx_word' id='word_1_226' title='bbox 1828 2547 1898 2601; x_wconf 91' lang='lat' dir='ltr'><strong>de</strong></span> <span class='ocrx_word' id='word_1_227' title='bbox 1930 2563 1988 2601; x_wconf 88' lang='lat' dir='ltr'><strong>re</strong></span> 
     </span>
    </p>
   </div>
   <div class='ocr_carea' id='block_1_28' title="bbox 341 2629 1988 2706">
    <p class='ocr_par' dir='ltr' id='par_1_28' title="bbox 341 2629 1988 2706">
     <span class='ocr_line' id='line_1_28' title="bbox 341 2629 1988 2706; baseline 0.002 -23"><span class='ocrx_word' id='word_1_228' title='bbox 341 2629 632 2699; x_wconf 89' lang='lat' dir='ltr'><strong>ejusmodi</strong></span> <span class='ocrx_word' id='word_1_229' title='bbox 659 2629 1082 2703; x_wconf 89' lang='lat' dir='ltr'><strong>interrogaslis,</strong></span> <span class='ocrx_word' id='word_1_230' title='bbox 1129 2631 1321 2698; x_wconf 86' lang='lat' dir='ltr'><strong>silere,</strong></span> <span class='ocrx_word' id='word_1_231' title='bbox 1379 2635 1878 2706; x_wconf 83' lang='lat' dir='ltr'><strong>obtemperantem</strong></span> <span class='ocrx_word' id='word_1_232' title='bbox 1939 2635 1988 2688; x_wconf 83' lang='lat' dir='ltr'><strong>ei</strong></span> 
     </span>
    </p>
   </div>
   <div class='ocr_carea' id='block_1_29' title="bbox 343 2717 1988 2794">
    <p class='ocr_par' dir='ltr' id='par_1_29' title="bbox 343 2717 1988 2794">
     <span class='ocr_line' id='line_1_29' title="bbox 343 2717 1988 2794; baseline 0.005 -25"><span class='ocrx_word' id='word_1_233' title='bbox 343 2717 443 2788; x_wconf 88' lang='lat' dir='ltr'><strong>qui</strong></span> <span class='ocrx_word' id='word_1_234' title='bbox 475 2717 614 2772; x_wconf 89' lang='lat' dir='ltr'><strong>dicit</strong></span> <span class='ocrx_word' id='word_1_235' title='bbox 646 2734 658 2773; x_wconf 91' lang='lat'>:</span> <span class='ocrx_word' id='word_1_236' title='bbox 693 2740 720 2767; x_wconf 85' lang='lat'><strong>«</strong></span> <span class='ocrx_word' id='word_1_237' title='bbox 754 2719 835 2774; x_wconf 90' lang='lat' dir='ltr'><strong>Ne</strong></span> <span class='ocrx_word' id='word_1_238' title='bbox 866 2721 1220 2792; x_wconf 80' lang='lat' dir='ltr'><strong>respondeas</strong></span> <span class='ocrx_word' id='word_1_239' title='bbox 1253 2721 1614 2794; x_wconf 84' lang='lat' dir='ltr'><strong>stultojuxta</strong></span> <span class='ocrx_word' id='word_1_240' title='bbox 1673 2722 1988 2778; x_wconf 89' lang='lat' dir='ltr'><strong>stultitiam</strong></span> 
     </span>
    </p>
   </div>
   <div class='ocr_carea' id='block_1_30' title="bbox 345 2808 1989 2884">
    <p class='ocr_par' dir='ltr' id='par_1_30' title="bbox 345 2808 1989 2884">
     <span class='ocr_line' id='line_1_30' title="bbox 345 2808 1989 2884; baseline 0.002 -22"><span class='ocrx_word' id='word_1_241' title='bbox 345 2821 534 2870; x_wconf 88' lang='lat' dir='ltr'><strong>suam,</strong></span> <span class='ocrx_word' id='word_1_242' title='bbox 570 2823 639 2861; x_wconf 91' lang='lat' dir='ltr'><strong>ne</strong></span> <span class='ocrx_word' id='word_1_243' title='bbox 665 2808 938 2863; x_wconf 80' lang='lat' dir='ltr'><strong>efﬁciaris</strong></span> <span class='ocrx_word' id='word_1_244' title='bbox 969 2810 1018 2864; x_wconf 89' lang='lat' dir='ltr'><strong>ei</strong></span> <span class='ocrx_word' id='word_1_245' title='bbox 1051 2809 1266 2865; x_wconf 87' lang='lat' dir='ltr'><strong>similis</strong></span> <span class='ocrx_word' id='word_1_246' title='bbox 1300 2828 1310 2864; x_wconf 93' lang='lat'>:</span> <span class='ocrx_word' id='word_1_247' title='bbox 1347 2812 1448 2866; x_wconf 90' lang='lat' dir='ltr'><strong>sed</strong></span> <span class='ocrx_word' id='word_1_248' title='bbox 1480 2813 1765 2884; x_wconf 89' lang='lat' dir='ltr'><strong>responde</strong></span> <span class='ocrx_word' id='word_1_249' title='bbox 1809 2811 1989 2868; x_wconf 88' lang='lat' dir='ltr'><strong>stulto</strong></span> 
     </span>
    </p>
   </div>
   <div class='ocr_carea' id='block_1_31' title="bbox 339 2896 1988 2973">
    <p class='ocr_par' dir='ltr' id='par_1_31' title="bbox 339 2896 1988 2973">
     <span class='ocr_line' id='line_1_31' title="bbox 339 2896 1988 2973; baseline 0.004 -23"><span class='ocrx_word' id='word_1_250' title='bbox 339 2896 509 2965; x_wconf 83' lang='lat' dir='ltr'><strong>juxta</strong></span> <span class='ocrx_word' id='word_1_251' title='bbox 563 2896 872 2952; x_wconf 84' lang='lat' dir='ltr'><strong>stultitiam</strong></span> <span class='ocrx_word' id='word_1_252' title='bbox 905 2915 1098 2964; x_wconf 83' lang='lat' dir='ltr'><strong>suam,</strong></span> <span class='ocrx_word' id='word_1_253' title='bbox 1132 2916 1201 2955; x_wconf 89' lang='lat' dir='ltr'><strong>ne</strong></span> <span class='ocrx_word' id='word_1_254' title='bbox 1231 2901 1340 2954; x_wconf 89' lang='lat' dir='ltr'><strong>sibi</strong></span> <span class='ocrx_word' id='word_1_255' title='bbox 1373 2901 1606 2973; x_wconf 86' lang='lat' dir='ltr'><strong>sapiens</strong></span> <span class='ocrx_word' id='word_1_256' title='bbox 1638 2918 1766 2956; x_wconf 84' lang='lat' dir='ltr'><strong>esse</strong></span> <span class='ocrx_word' id='word_1_257' title='bbox 1798 2901 1988 2957; x_wconf 89' lang='lat' dir='ltr'><strong>videa-</strong></span> 
     </span>
    </p>
   </div>
   <div class='ocr_carea' id='block_1_32' title="bbox 345 2983 1989 3059">
    <p class='ocr_par' dir='ltr' id='par_1_32' title="bbox 345 2983 1989 3059">
     <span class='ocr_line' id='line_1_32' title="bbox 345 2983 1989 3059; baseline 0.007 -25"><span class='ocrx_word' id='word_1_258' title='bbox 345 2986 442 3035; x_wconf 90' lang='lat' dir='ltr'><strong>tur</strong></span> <span class='ocrx_word' id='word_1_259' title='bbox 475 2983 534 3033; x_wconf 70' lang='lat'><strong>‘9.</strong></span> <span class='ocrx_word' id='word_1_260' title='bbox 569 3005 595 3030; x_wconf 84' lang='grc'><strong>››</strong></span> <span class='ocrx_word' id='word_1_261' title='bbox 629 2983 950 3055; x_wconf 82' lang='lat' dir='ltr'><strong>Responsio</strong></span> <span class='ocrx_word' id='word_1_262' title='bbox 981 2991 1172 3041; x_wconf 87' lang='lat' dir='ltr'><strong>autem</strong></span> <span class='ocrx_word' id='word_1_263' title='bbox 1206 3004 1333 3059; x_wconf 87' lang='lat' dir='ltr'><strong>qua</strong></span> <span class='ocrx_word' id='word_1_264' title='bbox 1367 2989 1529 3043; x_wconf 88' lang='lat' dir='ltr'><strong>vobis</strong></span> <span class='ocrx_word' id='word_1_265' title='bbox 1562 2989 1814 3045; x_wconf 84' lang='lat' dir='ltr'><strong>maxime</strong></span> <span class='ocrx_word' id='word_1_266' title='bbox 1856 3005 1989 3046; x_wconf 88' lang='lat' dir='ltr'><strong>oon-</strong></span> 
     </span>
    </p>
   </div>
   <div class='ocr_carea' id='block_1_33' title="bbox 348 3071 1986 3150">
    <p class='ocr_par' dir='ltr' id='par_1_33' title="bbox 348 3071 1986 3150">
     <span class='ocr_line' id='line_1_33' title="bbox 348 3071 1986 3150; baseline 0.006 -26"><span class='ocrx_word' id='word_1_267' title='bbox 348 3071 528 3138; x_wconf 86' lang='lat' dir='ltr'><strong>venit,</strong></span> <span class='ocrx_word' id='word_1_268' title='bbox 589 3078 678 3126; x_wconf 88' lang='lat' dir='ltr'><strong>est</strong></span> <span class='ocrx_word' id='word_1_269' title='bbox 725 3071 1063 3143; x_wconf 81' lang='lat' dir='ltr'><strong>silentium;</strong></span> <span class='ocrx_word' id='word_1_270' title='bbox 1097 3080 1160 3130; x_wconf 90' lang='lat' dir='ltr'><strong>ut</strong></span> <span class='ocrx_word' id='word_1_271' title='bbox 1186 3081 1436 3132; x_wconf 89' lang='lat' dir='ltr'><strong>vestram</strong></span> <span class='ocrx_word' id='word_1_272' title='bbox 1471 3078 1857 3150; x_wconf 85' lang='lat' dir='ltr'><strong>ignorantiam</strong></span> <span class='ocrx_word' id='word_1_273' title='bbox 1889 3080 1986 3134; x_wconf 88' lang='lat' dir='ltr'><strong>de-</strong></span> 
     </span>
    </p>
   </div>
   <div class='ocr_carea' id='block_1_34' title="bbox 346 3158 740 3231">
    <p class='ocr_par' dir='ltr' id='par_1_34' title="bbox 346 3158 740 3231">
     <span class='ocr_line' id='line_1_34' title="bbox 346 3158 740 3231; baseline 0.003 -18"><span class='ocrx_word' id='word_1_274' title='bbox 346 3158 740 3231; x_wconf 88' lang='lat' dir='ltr'><strong>prehendatis.</strong></span> 
     </span>
    </p>
   </div>
   <div class='ocr_carea' id='block_1_35' title="bbox 2102 673 3751 753">
    <p class='ocr_par' dir='ltr' id='par_1_35' title="bbox 2102 673 3751 753">
     <span class='ocr_line' id='line_1_35' title="bbox 2102 673 3751 753; baseline -0.001 -22"><span class='ocrx_word' id='word_1_275' title='bbox 2102 675 2152 731; x_wconf 84' lang='grc' dir='ltr'>ἐν</span> <span class='ocrx_word' id='word_1_276' title='bbox 2185 683 2300 739; x_wconf 90' lang='grc' dir='ltr'>τοῖς</span> <span class='ocrx_word' id='word_1_277' title='bbox 2333 676 2632 753; x_wconf 81' lang='grc' dir='ltr'>ἔμπροσθεν</span> <span class='ocrx_word' id='word_1_278' title='bbox 2663 673 2948 748; x_wconf 73' lang='grc' dir='ltr'><strong>δέδεικται,</strong></span> <span class='ocrx_word' id='word_1_279' title='bbox 2983 676 3109 732; x_wconf 85' lang='grc' dir='ltr'>ἀλλ’</span> <span class='ocrx_word' id='word_1_280' title='bbox 3140 675 3190 731; x_wconf 84' lang='grc' dir='ltr'><strong>ἐν</strong></span> <span class='ocrx_word' id='word_1_281' title='bbox 3222 681 3301 749; x_wconf 78' lang='grc' dir='ltr'>τῷ</span> <span class='ocrx_word' id='word_1_282' title='bbox 3353 681 3469 749; x_wconf 84' lang='grc' dir='ltr'>Θεῷ</span> <span class='ocrx_word' id='word_1_283' title='bbox 3498 676 3630 747; x_wconf 79' lang='grc' dir='ltr'>ἐστι,</span> <span class='ocrx_word' id='word_1_284' title='bbox 3663 677 3751 732; x_wconf 77' lang='grc' dir='ltr'><strong>καὶ</strong></span> 
     </span>
    </p>
   </div>
   <div class='ocr_carea' id='block_1_36' title="bbox 2101 763 3752 834">
    <p class='ocr_par' dir='ltr' id='par_1_36' title="bbox 2101 763 3752 834">
     <span class='ocr_line' id='line_1_36' title="bbox 2101 763 3752 834; baseline 0 -13"><span class='ocrx_word' id='word_1_285' title='bbox 2101 765 2162 821; x_wconf 80' lang='grc' dir='ltr'>ἐκ</span> <span class='ocrx_word' id='word_1_286' title='bbox 2189 771 2286 820; x_wconf 91' lang='grc' dir='ltr'><strong>τοῦ</strong></span> <span class='ocrx_word' id='word_1_287' title='bbox 2319 771 2452 821; x_wconf 94' lang='grc' dir='ltr'>Θεοῦ</span> <span class='ocrx_word' id='word_1_288' title='bbox 2495 763 2721 820; x_wconf 81' lang='grc' dir='ltr'>δίδοται“</span> <span class='ocrx_word' id='word_1_289' title='bbox 2771 765 2965 820; x_wconf 82' lang='grc' dir='ltr'>οὐκοῦν</span> <span class='ocrx_word' id='word_1_290' title='bbox 3016 766 3132 828; x_wconf 75' lang='grc' dir='ltr'>υἱός</span> <span class='ocrx_word' id='word_1_291' title='bbox 3186 765 3295 821; x_wconf 81' lang='grc' dir='ltr'>ἐστι</span> <span class='ocrx_word' id='word_1_292' title='bbox 3340 765 3429 820; x_wconf 84' lang='grc' dir='ltr'><strong>καὶ</strong></span> <span class='ocrx_word' id='word_1_293' title='bbox 3481 764 3629 834; x_wconf 62' lang='lat' dir='ltr'><strong>aii-t6,</strong></span> <span class='ocrx_word' id='word_1_294' title='bbox 3661 767 3752 821; x_wconf 79' lang='grc' dir='ltr'><strong>καὶ</strong></span> 
     </span>
    </p>
   </div>
   <div class='ocr_carea' id='block_1_37' title="bbox 2103 851 3750 933">
    <p class='ocr_par' dir='ltr' id='par_1_37' title="bbox 2103 851 3750 933">
     <span class='ocr_line' id='line_1_37' title="bbox 2103 851 3750 933; baseline 0.001 -25"><span class='ocrx_word' id='word_1_295' title='bbox 2103 851 2198 909; x_wconf 68' lang='grc' dir='ltr'><strong>δύο</strong></span> <span class='ocrx_word' id='word_1_296' title='bbox 2230 852 2478 933; x_wconf 80' lang='grc' dir='ltr'>ἀδελφοὶ,</span> <span class='ocrx_word' id='word_1_297' title='bbox 2519 854 2651 908; x_wconf 84' lang='grc' dir='ltr'>αὐτὸ</span> <span class='ocrx_word' id='word_1_298' title='bbox 2681 875 2738 908; x_wconf 87' lang='grc' dir='ltr'><strong>τε</strong></span> <span class='ocrx_word' id='word_1_299' title='bbox 2762 855 2850 908; x_wconf 86' lang='grc' dir='ltr'><strong>καί</strong></span> <span class='ocrx_word' id='word_1_300' title='bbox 2887 855 2913 908; x_wconf 90' lang='grc' dir='ltr'>ὁ</span> <span class='ocrx_word' id='word_1_301' title='bbox 2945 853 3090 915; x_wconf 74' lang='grc' dir='ltr'>Υἱόςο</span> <span class='ocrx_word' id='word_1_302' title='bbox 3126 855 3212 908; x_wconf 79' lang='grc' dir='ltr'><strong>καὶ</strong></span> <span class='ocrx_word' id='word_1_303' title='bbox 3246 855 3291 909; x_wconf 80' lang='grc' dir='ltr'>εἰ</span> <span class='ocrx_word' id='word_1_304' title='bbox 3338 859 3434 908; x_wconf 89' lang='grc' dir='ltr'><strong>τοῦ</strong></span> <span class='ocrx_word' id='word_1_305' title='bbox 3465 856 3594 909; x_wconf 70' lang='grc' dir='ltr'>Υἱοῦ</span> <span class='ocrx_word' id='word_1_306' title='bbox 3640 854 3750 910; x_wconf 78' lang='grc' dir='ltr'>ἐστι</span> 
     </span>
    </p>
   </div>
   <div class='ocr_carea' id='block_1_38' title="bbox 2099 942 3750 1019">
    <p class='ocr_par' dir='ltr' id='par_1_38' title="bbox 2099 942 3750 1019">
     <span class='ocr_line' id='line_1_38' title="bbox 2099 942 3750 1019; baseline 0 -21"><span class='ocrx_word' id='word_1_307' title='bbox 2099 944 2162 998; x_wconf 82' lang='grc' dir='ltr'>τὸ</span> <span class='ocrx_word' id='word_1_308' title='bbox 2194 949 2430 1016; x_wconf 90' lang='grc' dir='ltr'>Πνεῦμα,</span> <span class='ocrx_word' id='word_1_309' title='bbox 2462 943 2550 998; x_wconf 80' lang='grc' dir='ltr'><strong>καὶ</strong></span> <span class='ocrx_word' id='word_1_310' title='bbox 2583 943 2727 1017; x_wconf 84' lang='grc' dir='ltr'><strong>παρὰ</strong></span> <span class='ocrx_word' id='word_1_311' title='bbox 2756 947 2852 997; x_wconf 91' lang='grc' dir='ltr'><strong>τοῦ</strong></span> <span class='ocrx_word' id='word_1_312' title='bbox 2883 943 3010 996; x_wconf 77' lang='grc' dir='ltr'>Υἱοῦ</span> <span class='ocrx_word' id='word_1_313' title='bbox 3042 945 3213 998; x_wconf 75' lang='grc' dir='ltr'>πάντα</span> <span class='ocrx_word' id='word_1_314' title='bbox 3244 942 3460 1019; x_wconf 82' lang='grc' dir='ltr'>δέχεται</span> <span class='ocrx_word' id='word_1_315' title='bbox 3490 944 3554 999; x_wconf 85' lang='grc' dir='ltr'>τὸ</span> <span class='ocrx_word' id='word_1_316' title='bbox 3585 949 3750 1000; x_wconf 82' lang='grc' dir='ltr'>Ηνεῦ-</span> 
     </span>
    </p>
   </div>
   <div class='ocr_carea' id='block_1_39' title="bbox 2106 1029 3754 1108">
    <p class='ocr_par' dir='ltr' id='par_1_39' title="bbox 2106 1029 3754 1108">
     <span class='ocr_line' id='line_1_39' title="bbox 2106 1029 3754 1108; baseline 0.001 -23"><span class='ocrx_word' id='word_1_317' title='bbox 2106 1053 2200 1105; x_wconf 87' lang='grc' dir='ltr'><strong>μα,</strong></span> <span class='ocrx_word' id='word_1_318' title='bbox 2233 1034 2305 1093; x_wconf 82' lang='grc' dir='ltr'>ὡς</span> <span class='ocrx_word' id='word_1_319' title='bbox 2337 1031 2496 1094; x_wconf 74' lang='grc' dir='ltr'>αὐτὸς</span> <span class='ocrx_word' id='word_1_320' title='bbox 2545 1029 2750 1107; x_wconf 77' lang='grc' dir='ltr'>εἷ’ρηκε,</span> <span class='ocrx_word' id='word_1_321' title='bbox 2796 1032 2885 1085; x_wconf 78' lang='grc' dir='ltr'><strong>καὶ</strong></span> <span class='ocrx_word' id='word_1_322' title='bbox 2927 1056 2954 1083; x_wconf 90' lang='grc'><strong>‹‹</strong></span> <span class='ocrx_word' id='word_1_323' title='bbox 3008 1031 3320 1108; x_wconf 78' lang='grc' dir='ltr'>έμφυσήσας</span> <span class='ocrx_word' id='word_1_324' title='bbox 3374 1030 3603 1087; x_wconf 85' lang='grc' dir='ltr'>δέδωκεν</span> <span class='ocrx_word' id='word_1_325' title='bbox 3657 1032 3754 1088; x_wconf 83' lang='grc' dir='ltr'>αῦ-</span> 
     </span>
    </p>
   </div>
   <div class='ocr_carea' id='block_1_40' title="bbox 2100 1118 3752 1197">
    <p class='ocr_par' dir='ltr' id='par_1_40' title="bbox 2100 1118 3752 1197">
     <span class='ocr_line' id='line_1_40' title="bbox 2100 1118 3752 1197; baseline 0 -21"><span class='ocrx_word' id='word_1_326' title='bbox 2100 1122 2163 1176; x_wconf 86' lang='grc' dir='ltr'>τὸ</span> <span class='ocrx_word' id='word_1_327' title='bbox 2198 1124 2304 1191; x_wconf 81' lang='grc'>(34)</span> <span class='ocrx_word' id='word_1_328' title='bbox 2336 1126 2454 1183; x_wconf 87' lang='grc' dir='ltr'>τοῖς</span> <span class='ocrx_word' id='word_1_329' title='bbox 2508 1123 2775 1193; x_wconf 84' lang='grc' dir='ltr'><strong>μαθηταῖς</strong></span> <span class='ocrx_word' id='word_1_330' title='bbox 2827 1144 2855 1172; x_wconf 87' lang='grc'><strong>››</strong></span> <span class='ocrx_word' id='word_1_331' title='bbox 2906 1118 3263 1196; x_wconf 73' lang='grc' dir='ltr'><strong>(ὁμολογεῖτε</strong></span> <span class='ocrx_word' id='word_1_332' title='bbox 3309 1122 3412 1197; x_wconf 76' lang='grc' dir='ltr'>γὰρ</span> <span class='ocrx_word' id='word_1_333' title='bbox 3462 1127 3628 1176; x_wconf 89' lang='grc' dir='ltr'>ταῦτα</span> <span class='ocrx_word' id='word_1_334' title='bbox 3658 1123 3752 1176; x_wconf 79' lang='grc' dir='ltr'><strong>καὶ</strong></span> 
     </span>
    </p>
   </div>
   <div class='ocr_carea' id='block_1_41' title="bbox 2105 1208 3752 1286">
    <p class='ocr_par' dir='ltr' id='par_1_41' title="bbox 2105 1208 3752 1286">
     <span class='ocr_line' id='line_1_41' title="bbox 2105 1208 3752 1286; baseline 0.001 -22"><span class='ocrx_word' id='word_1_335' title='bbox 2105 1210 2304 1282; x_wconf 78' lang='grc' dir='ltr'>ὑμεῖς),</span> <span class='ocrx_word' id='word_1_336' title='bbox 2361 1209 2554 1264; x_wconf 75' lang='grc' dir='ltr'>οὐκοῦν</span> <span class='ocrx_word' id='word_1_337' title='bbox 2610 1210 2830 1271; x_wconf 73' lang='grc' dir='ltr'>πάππος</span> <span class='ocrx_word' id='word_1_338' title='bbox 2877 1209 3015 1264; x_wconf 80' lang='grc' dir='ltr'>ἐστὶν</span> <span class='ocrx_word' id='word_1_339' title='bbox 3067 1212 3094 1264; x_wconf 97' lang='lat'><strong>6</strong></span> <span class='ocrx_word' id='word_1_340' title='bbox 3146 1211 3351 1283; x_wconf 75' lang='grc' dir='ltr'>Πατήρ,</span> <span class='ocrx_word' id='word_1_341' title='bbox 3403 1208 3752 1286; x_wconf 70' lang='grc' dir='ltr'>καὶὲκγονον</span> 
     </span>
    </p>
   </div>
   <div class='ocr_carea' id='block_1_42' title="bbox 2103 1297 3755 1373">
    <p class='ocr_par' dir='ltr' id='par_1_42' title="bbox 2103 1297 3755 1373">
     <span class='ocr_line' id='line_1_42' title="bbox 2103 1297 3755 1373; baseline 0.001 -20"><span class='ocrx_word' id='word_1_342' title='bbox 2103 1298 2264 1353; x_wconf 77' lang='grc' dir='ltr'>αὐτοῦ</span> <span class='ocrx_word' id='word_1_343' title='bbox 2307 1297 2415 1352; x_wconf 86' lang='grc' dir='ltr'>ἐστι</span> <span class='ocrx_word' id='word_1_344' title='bbox 2453 1300 2515 1353; x_wconf 89' lang='grc' dir='ltr'>τὸ</span> <span class='ocrx_word' id='word_1_345' title='bbox 2567 1303 2802 1370; x_wconf 85' lang='grc' dir='ltr'>Πνεῦμα.</span> <span class='ocrx_word' id='word_1_346' title='bbox 2853 1301 3022 1372; x_wconf 79' lang='grc' dir='ltr'>’Ἀπερ</span> <span class='ocrx_word' id='word_1_347' title='bbox 3083 1300 3183 1373; x_wconf 81' lang='grc' dir='ltr'>γὰρ</span> <span class='ocrx_word' id='word_1_348' title='bbox 3238 1297 3546 1373; x_wconf 73' lang='grc' dir='ltr'><strong>ἐρωτῶντες</strong></span> <span class='ocrx_word' id='word_1_349' title='bbox 3595 1300 3755 1354; x_wconf 80' lang='grc' dir='ltr'>ἀπαι-</span> 
     </span>
    </p>
   </div>
   <div class='ocr_carea' id='block_1_43' title="bbox 2100 1385 3760 1460">
    <p class='ocr_par' dir='ltr' id='par_1_43' title="bbox 2100 1385 3760 1460">
     <span class='ocr_line' id='line_1_43' title="bbox 2100 1385 3760 1460; baseline 0.001 -19"><span class='ocrx_word' id='word_1_350' title='bbox 2100 1392 2240 1441; x_wconf 88' lang='grc' dir='ltr'>τεῖτε</span> <span class='ocrx_word' id='word_1_351' title='bbox 2288 1388 2414 1460; x_wconf 88' lang='grc' dir='ltr'>παρ’</span> <span class='ocrx_word' id='word_1_352' title='bbox 2462 1389 2644 1459; x_wconf 80' lang='grc' dir='ltr'>ἡμῶν,</span> <span class='ocrx_word' id='word_1_353' title='bbox 2695 1387 2763 1440; x_wconf 77' lang='grc' dir='ltr'>τὰ</span> <span class='ocrx_word' id='word_1_354' title='bbox 2805 1385 2938 1440; x_wconf 79' lang='grc' dir='ltr'>αὐτὰ</span> <span class='ocrx_word' id='word_1_355' title='bbox 2984 1387 3072 1440; x_wconf 82' lang='grc' dir='ltr'><strong>καὶ</strong></span> <span class='ocrx_word' id='word_1_356' title='bbox 3124 1387 3262 1459; x_wconf 73' lang='grc' dir='ltr'>ὑμᾶς</span> <span class='ocrx_word' id='word_1_357' title='bbox 3315 1385 3373 1441; x_wconf 83' lang='grc' dir='ltr'>ἐκ</span> <span class='ocrx_word' id='word_1_358' title='bbox 3425 1393 3533 1442; x_wconf 79' lang='grc' dir='ltr'><strong>τῶν</strong></span> <span class='ocrx_word' id='word_1_359' title='bbox 3585 1387 3760 1442; x_wconf 79' lang='grc' dir='ltr'>αὐτῶν</span> 
     </span>
    </p>
   </div>
   <div class='ocr_carea' id='block_1_44' title="bbox 2102 1473 3751 1552">
    <p class='ocr_par' dir='ltr' id='par_1_44' title="bbox 2102 1473 3751 1552">
     <span class='ocr_line' id='line_1_44' title="bbox 2102 1473 3751 1552; baseline 0 -22"><span class='ocrx_word' id='word_1_360' title='bbox 2102 1475 2399 1548; x_wconf 78' lang='grc' dir='ltr'>ἐρωτᾶσθαι</span> <span class='ocrx_word' id='word_1_361' title='bbox 2433 1473 2659 1531; x_wconf 82' lang='grc' dir='ltr'>δίκαιον.</span> <span class='ocrx_word' id='word_1_362' title='bbox 2708 1475 2771 1528; x_wconf 78' lang='lat' dir='ltr'><strong>Ei</strong></span> <span class='ocrx_word' id='word_1_363' title='bbox 2823 1476 2917 1547; x_wconf 75' lang='grc' dir='ltr'>μὲν</span> <span class='ocrx_word' id='word_1_364' title='bbox 2971 1476 3060 1529; x_wconf 81' lang='grc' dir='ltr'><strong>οῦν</strong></span> <span class='ocrx_word' id='word_1_365' title='bbox 3109 1475 3355 1551; x_wconf 82' lang='grc' dir='ltr'>ἀρνεῖσθε</span> <span class='ocrx_word' id='word_1_366' title='bbox 3402 1476 3469 1530; x_wconf 75' lang='grc' dir='ltr'>τὰ</span> <span class='ocrx_word' id='word_1_367' title='bbox 3517 1496 3751 1552; x_wconf 80' lang='grc' dir='ltr'>γεγραμ-</span> 
     </span>
    </p>
   </div>
   <div class='ocr_carea' id='block_1_45' title="bbox 2106 1563 3750 1640">
    <p class='ocr_par' dir='ltr' id='par_1_45' title="bbox 2106 1563 3750 1640">
     <span class='ocr_line' id='line_1_45' title="bbox 2106 1563 3750 1640; baseline 0.001 -22"><span class='ocrx_word' id='word_1_368' title='bbox 2106 1563 2388 1638; x_wconf 77' lang='grc' dir='ltr'>μένα,οῦκ</span> <span class='ocrx_word' id='word_1_369' title='bbox 2442 1563 2518 1618; x_wconf 79' lang='grc' dir='ltr'><strong>ἔτι</strong></span> <span class='ocrx_word' id='word_1_370' title='bbox 2572 1565 2664 1636; x_wconf 75' lang='grc' dir='ltr'>μὲν</span> <span class='ocrx_word' id='word_1_371' title='bbox 2719 1566 2834 1636; x_wconf 90' lang='grc'><strong>(35)</strong></span> <span class='ocrx_word' id='word_1_372' title='bbox 2887 1564 3040 1636; x_wconf 82' lang='grc' dir='ltr'>ὑμεῖς</span> <span class='ocrx_word' id='word_1_373' title='bbox 3090 1565 3403 1639; x_wconf 81' lang='grc' dir='ltr'><strong>Χριστιανοὶ</strong></span> <span class='ocrx_word' id='word_1_374' title='bbox 3464 1564 3750 1640; x_wconf 81' lang='grc' dir='ltr'>λεχθείητε</span> 
     </span>
    </p>
   </div>
   <div class='ocr_carea' id='block_1_46' title="bbox 2103 1651 3749 1730">
    <p class='ocr_par' dir='ltr' id='par_1_46' title="bbox 2103 1651 3749 1730">
     <span class='ocr_line' id='line_1_46' title="bbox 2103 1651 3749 1730; baseline 0.001 -22"><span class='ocrx_word' id='word_1_375' title='bbox 2103 1653 2184 1708; x_wconf 71' lang='grc' dir='ltr'><strong>ἂψ</strong></span> <span class='ocrx_word' id='word_1_376' title='bbox 2221 1652 2429 1708; x_wconf 80' lang='grc' dir='ltr'>δίκαιον</span> <span class='ocrx_word' id='word_1_377' title='bbox 2463 1651 2522 1707; x_wconf 72' lang='grc' dir='ltr'><strong>δὲ</strong></span> <span class='ocrx_word' id='word_1_378' title='bbox 2552 1655 2699 1724; x_wconf 78' lang='grc' dir='ltr'>ἡμᾶς</span> <span class='ocrx_word' id='word_1_379' title='bbox 2729 1653 2857 1714; x_wconf 81' lang='grc' dir='ltr'>τοῦς</span> <span class='ocrx_word' id='word_1_380' title='bbox 2890 1652 3245 1728; x_wconf 81' lang='grc' dir='ltr'>Χριστιανοὺς</span> <span class='ocrx_word' id='word_1_381' title='bbox 3296 1652 3594 1728; x_wconf 70' lang='grc' dir='ltr'>ἐρωτᾶσθαι</span> <span class='ocrx_word' id='word_1_382' title='bbox 3620 1655 3749 1730; x_wconf 84' lang='grc' dir='ltr'>παρ’</span> 
     </span>
    </p>
   </div>
   <div class='ocr_carea' id='block_1_47' title="bbox 2107 1740 3755 1818">
    <p class='ocr_par' dir='ltr' id='par_1_47' title="bbox 2107 1740 3755 1818">
     <span class='ocr_line' id='line_1_47' title="bbox 2107 1740 3755 1818; baseline 0.001 -21"><span class='ocrx_word' id='word_1_383' title='bbox 2107 1744 2282 1815; x_wconf 78' lang='grc' dir='ltr'>ὑμῶν’</span> <span class='ocrx_word' id='word_1_384' title='bbox 2317 1741 2365 1796; x_wconf 79' lang='grc' dir='ltr'><strong>εἷ’</strong></span> <span class='ocrx_word' id='word_1_385' title='bbox 2396 1740 2453 1796; x_wconf 77' lang='grc' dir='ltr'>δὲ</span> <span class='ocrx_word' id='word_1_386' title='bbox 2479 1742 2547 1796; x_wconf 70' lang='grc' dir='ltr'>τὰ</span> <span class='ocrx_word' id='word_1_387' title='bbox 2585 1741 2719 1796; x_wconf 79' lang='grc' dir='ltr'>αῦτά</span> <span class='ocrx_word' id='word_1_388' title='bbox 2765 1744 2902 1814; x_wconf 76' lang='grc' dir='ltr'>ἡμῖν</span> <span class='ocrx_word' id='word_1_389' title='bbox 2947 1743 3358 1817; x_wconf 76' lang='grc' dir='ltr'>ἀναγινώσκετε,</span> <span class='ocrx_word' id='word_1_390' title='bbox 3409 1741 3610 1818; x_wconf 78' lang='grc' dir='ltr'>ἀνάγκη</span> <span class='ocrx_word' id='word_1_391' title='bbox 3661 1743 3755 1798; x_wconf 86' lang='grc' dir='ltr'><strong>καὶ</strong></span> 
     </span>
    </p>
   </div>
   <div class='ocr_carea' id='block_1_48' title="bbox 2102 1829 3752 1907">
    <p class='ocr_par' dir='ltr' id='par_1_48' title="bbox 2102 1829 3752 1907">
     <span class='ocr_line' id='line_1_48' title="bbox 2102 1829 3752 1907; baseline 0 -21"><span class='ocrx_word' id='word_1_392' title='bbox 2102 1831 2243 1903; x_wconf 77' lang='grc' dir='ltr'>ὑμᾶς</span> <span class='ocrx_word' id='word_1_393' title='bbox 2272 1831 2394 1907; x_wconf 82' lang='grc' dir='ltr'>περὶ</span> <span class='ocrx_word' id='word_1_394' title='bbox 2446 1836 2552 1885; x_wconf 81' lang='grc' dir='ltr'><strong>τῶν</strong></span> <span class='ocrx_word' id='word_1_395' title='bbox 2603 1829 2777 1885; x_wconf 84' lang='grc' dir='ltr'>αὐτῶν</span> <span class='ocrx_word' id='word_1_396' title='bbox 2829 1829 3001 1893; x_wconf 76' lang='grc' dir='ltr'>οὕτως</span> <span class='ocrx_word' id='word_1_397' title='bbox 3053 1830 3350 1905; x_wconf 79' lang='grc' dir='ltr'>ἐρωτᾶσθαι</span> <span class='ocrx_word' id='word_1_398' title='bbox 3399 1833 3525 1906; x_wconf 89' lang='grc' dir='ltr'>παρ’</span> <span class='ocrx_word' id='word_1_399' title='bbox 3569 1835 3752 1905; x_wconf 80' lang='grc' dir='ltr'>ἡμῶν.</span> 
     </span>
    </p>
   </div>
   <div class='ocr_carea' id='block_1_49' title="bbox 2103 1917 3750 1993">
    <p class='ocr_par' dir='ltr' id='par_1_49' title="bbox 2103 1917 3750 1993">
     <span class='ocr_line' id='line_1_49' title="bbox 2103 1917 3750 1993; baseline 0 -17"><span class='ocrx_word' id='word_1_400' title='bbox 2103 1917 2307 1976; x_wconf 69' lang='grc' dir='ltr'>Εἴπατε</span> <span class='ocrx_word' id='word_1_401' title='bbox 2337 1921 2448 1993; x_wconf 87' lang='grc'>(36)</span> <span class='ocrx_word' id='word_1_402' title='bbox 2477 1918 2672 1987; x_wconf 81' lang='grc' dir='ltr'>τοίνυν,</span> <span class='ocrx_word' id='word_1_403' title='bbox 2706 1921 2795 1974; x_wconf 87' lang='grc' dir='ltr'><strong>καὶ</strong></span> <span class='ocrx_word' id='word_1_404' title='bbox 2844 1922 2920 1992; x_wconf 80' lang='grc' dir='ltr'>μή</span> <span class='ocrx_word' id='word_1_405' title='bbox 2969 1917 3221 1991; x_wconf 89' lang='grc' dir='ltr'>μέλλετε,</span> <span class='ocrx_word' id='word_1_406' title='bbox 3275 1920 3320 1975; x_wconf 84' lang='grc' dir='ltr'>εἷ</span> <span class='ocrx_word' id='word_1_407' title='bbox 3354 1921 3485 1984; x_wconf 76' lang='grc' dir='ltr'>Υἱός</span> <span class='ocrx_word' id='word_1_408' title='bbox 3532 1920 3642 1976; x_wconf 71' lang='grc' dir='ltr'>ἔστι</span> <span class='ocrx_word' id='word_1_409' title='bbox 3689 1922 3750 1976; x_wconf 87' lang='grc' dir='ltr'>τὸ</span> 
     </span>
    </p>
   </div>
   <div class='ocr_carea' id='block_1_50' title="bbox 2102 2007 3748 2086">
    <p class='ocr_par' dir='ltr' id='par_1_50' title="bbox 2102 2007 3748 2086">
     <span class='ocr_line' id='line_1_50' title="bbox 2102 2007 3748 2086; baseline 0 -23"><span class='ocrx_word' id='word_1_410' title='bbox 2102 2013 2339 2081; x_wconf 81' lang='grc' dir='ltr'>Πνεῦμα,</span> <span class='ocrx_word' id='word_1_411' title='bbox 2369 2009 2458 2063; x_wconf 78' lang='grc' dir='ltr'><strong>καὶ</strong></span> <span class='ocrx_word' id='word_1_412' title='bbox 2489 2011 2708 2070; x_wconf 74' lang='grc' dir='ltr'>πάππος</span> <span class='ocrx_word' id='word_1_413' title='bbox 2738 2009 2765 2062; x_wconf 92' lang='lat'><strong>6</strong></span> <span class='ocrx_word' id='word_1_414' title='bbox 2799 2010 3007 2083; x_wconf 82' lang='grc' dir='ltr'>Πατήρ.</span> <span class='ocrx_word' id='word_1_415' title='bbox 3043 2010 3143 2064; x_wconf 81' lang='grc' dir='ltr'>Ἀν</span> <span class='ocrx_word' id='word_1_416' title='bbox 3176 2007 3233 2064; x_wconf 75' lang='grc' dir='ltr'>δὶ</span> <span class='ocrx_word' id='word_1_417' title='bbox 3274 2007 3748 2086; x_wconf 80' lang='grc' dir='ltr'>διαλογιζόμενοι,</span> 
     </span>
    </p>
   </div>
   <div class='ocr_carea' id='block_1_51' title="bbox 2099 2095 3748 2172">
    <p class='ocr_par' dir='ltr' id='par_1_51' title="bbox 2099 2095 3748 2172">
     <span class='ocr_line' id='line_1_51' title="bbox 2099 2095 3748 2172; baseline 0.002 -22"><span class='ocrx_word' id='word_1_418' title='bbox 2099 2098 2172 2159; x_wconf 90' lang='grc' dir='ltr'>ὡς</span> <span class='ocrx_word' id='word_1_419' title='bbox 2204 2098 2255 2152; x_wconf 77' lang='grc' dir='ltr'>οἱ</span> <span class='ocrx_word' id='word_1_420' title='bbox 2283 2096 2407 2152; x_wconf 87' lang='grc' dir='ltr'>τότε</span> <span class='ocrx_word' id='word_1_421' title='bbox 2454 2103 2744 2170; x_wconf 73' lang='grc' dir='ltr'>Φαρισαῖοι</span> <span class='ocrx_word' id='word_1_422' title='bbox 2794 2099 3177 2168; x_wconf 80' lang='grc' dir='ltr'>πεποιήκασιν,</span> <span class='ocrx_word' id='word_1_423' title='bbox 3228 2095 3420 2168; x_wconf 79' lang='grc' dir='ltr'>εἶ’πητε</span> <span class='ocrx_word' id='word_1_424' title='bbox 3460 2098 3549 2153; x_wconf 78' lang='grc' dir='ltr'><strong>καὶ</strong></span> <span class='ocrx_word' id='word_1_425' title='bbox 3591 2099 3748 2172; x_wconf 81' lang='grc' dir='ltr'>ὑμεῖς·</span> 
     </span>
    </p>
   </div>
   <div class='ocr_carea' id='block_1_52' title="bbox 2097 2183 3742 2260">
    <p class='ocr_par' dir='ltr' id='par_1_52' title="bbox 2097 2183 3742 2260">
     <span class='ocr_line' id='line_1_52' title="bbox 2097 2183 3742 2260; baseline 0.001 -20"><span class='ocrx_word' id='word_1_426' title='bbox 2097 2187 2232 2260; x_wconf 90' lang='grc' dir='ltr'>πρὸς</span> <span class='ocrx_word' id='word_1_427' title='bbox 2265 2185 2507 2249; x_wconf 69' lang='grc' dir='ltr'>ἑαυτούς.</span> <span class='ocrx_word' id='word_1_428' title='bbox 2543 2185 2664 2240; x_wconf 79' lang='grc' dir='ltr'><strong>Ἐὰν</strong></span> <span class='ocrx_word' id='word_1_429' title='bbox 2697 2183 2963 2259; x_wconf 80' lang='grc' dir='ltr'>εἷ’πωμεν,</span> <span class='ocrx_word' id='word_1_430' title='bbox 2997 2187 3079 2241; x_wconf 75' lang='grc' dir='ltr'>ὅτι</span> <span class='ocrx_word' id='word_1_431' title='bbox 3137 2185 3254 2248; x_wconf 72' lang='grc' dir='ltr'>Υἱός</span> <span class='ocrx_word' id='word_1_432' title='bbox 3298 2185 3466 2258; x_wconf 83' lang='grc' dir='ltr'>ἐστιν,</span> <span class='ocrx_word' id='word_1_433' title='bbox 3516 2186 3742 2242; x_wconf 77' lang='grc' dir='ltr'>ἀκουσό-</span> 
     </span>
    </p>
   </div>
   <div class='ocr_carea' id='block_1_53' title="bbox 2102 2272 3750 2351">
    <p class='ocr_par' dir='ltr' id='par_1_53' title="bbox 2102 2272 3750 2351">
     <span class='ocr_line' id='line_1_53' title="bbox 2102 2272 3750 2351; baseline 0 -22"><span class='ocrx_word' id='word_1_434' title='bbox 2102 2278 2253 2348; x_wconf 84' lang='grc' dir='ltr'>μεθα·</span> <span class='ocrx_word' id='word_1_435' title='bbox 2288 2280 2400 2330; x_wconf 87' lang='grc' dir='ltr'>Ποῦ</span> <span class='ocrx_word' id='word_1_436' title='bbox 2431 2276 2724 2351; x_wconf 86' lang='grc' dir='ltr'>γέγραπται</span> <span class='ocrx_word' id='word_1_437' title='bbox 2751 2294 2764 2344; x_wconf 88' lang='grc'><strong>;</strong></span> <span class='ocrx_word' id='word_1_438' title='bbox 2798 2274 2884 2329; x_wconf 75' lang='grc' dir='ltr'>ἐὰν</span> <span class='ocrx_word' id='word_1_439' title='bbox 2920 2272 2978 2329; x_wconf 70' lang='grc' dir='ltr'><strong>δέ</strong></span> <span class='ocrx_word' id='word_1_440' title='bbox 3009 2274 3272 2347; x_wconf 80' lang='grc' dir='ltr'>εἷ’πωμεν·</span> <span class='ocrx_word' id='word_1_441' title='bbox 3303 2275 3418 2333; x_wconf 77' lang='grc' dir='ltr'>Οῦκ</span> <span class='ocrx_word' id='word_1_442' title='bbox 3439 2272 3580 2330; x_wconf 83' lang='grc' dir='ltr'>ἔστιν</span> <span class='ocrx_word' id='word_1_443' title='bbox 3601 2277 3750 2346; x_wconf 77' lang='grc' dir='ltr'>Υἱὸς,</span> 
     </span>
    </p>
   </div>
   <div class='ocr_carea' id='block_1_54' title="bbox 2098 2358 3860 2439">
    <p class='ocr_par' dir='ltr' id='par_1_54' title="bbox 2098 2358 3860 2439">
     <span class='ocr_line' id='line_1_54' title="bbox 2098 2358 3860 2439; baseline -0.001 -22"><span class='ocrx_word' id='word_1_444' title='bbox 2098 2358 2412 2439; x_wconf 67' lang='grc' dir='ltr'>φοϐούμεθα</span> <span class='ocrx_word' id='word_1_445' title='bbox 2471 2365 2546 2435; x_wconf 80' lang='grc' dir='ltr'>μὴ</span> <span class='ocrx_word' id='word_1_446' title='bbox 2607 2362 2831 2416; x_wconf 70' lang='grc' dir='ltr'>εἴπωσιν</span> <span class='ocrx_word' id='word_1_447' title='bbox 2890 2365 3063 2434; x_wconf 79' lang='grc' dir='ltr'>ἡμῖν.</span> <span class='ocrx_word' id='word_1_448' title='bbox 3124 2367 3246 2424; x_wconf 79' lang='grc' dir='ltr'><strong>Πῶς</strong></span> <span class='ocrx_word' id='word_1_449' title='bbox 3303 2364 3392 2416; x_wconf 71' lang='grc' dir='ltr'><strong>οὖν</strong></span> <span class='ocrx_word' id='word_1_450' title='bbox 3447 2361 3745 2438; x_wconf 87' lang='grc' dir='ltr'>γέγραπται</span> <span class='ocrx_word' id='word_1_451' title='bbox 3849 2365 3860 2375; x_wconf 88' lang='grc'><strong>’</strong></span> 
     </span>
    </p>
   </div>
   <div class='ocr_carea' id='block_1_55' title="bbox 2100 2445 3747 2523">
    <p class='ocr_par' dir='ltr' id='par_1_55' title="bbox 2100 2445 3747 2523">
     <span class='ocr_line' id='line_1_55' title="bbox 2100 2445 3747 2523; baseline 0.002 -23"><span class='ocrx_word' id='word_1_452' title='bbox 2100 2475 2127 2500; x_wconf 89' lang='grc'><em>‹‹</em></span> <span class='ocrx_word' id='word_1_453' title='bbox 2157 2453 2349 2523; x_wconf 82' lang='grc' dir='ltr'>Ἡμεῖς</span> <span class='ocrx_word' id='word_1_454' title='bbox 2383 2450 2444 2506; x_wconf 82' lang='grc' dir='ltr'><strong>οὐ</strong></span> <span class='ocrx_word' id='word_1_455' title='bbox 2474 2452 2536 2506; x_wconf 83' lang='grc' dir='ltr'>τὸ</span> <span class='ocrx_word' id='word_1_456' title='bbox 2593 2455 2803 2523; x_wconf 85' lang='grc' dir='ltr'>πνεῦμα</span> <span class='ocrx_word' id='word_1_457' title='bbox 2855 2455 2953 2505; x_wconf 91' lang='grc' dir='ltr'><strong>τοῦ</strong></span> <span class='ocrx_word' id='word_1_458' title='bbox 2999 2451 3210 2522; x_wconf 88' lang='grc' dir='ltr'>κόσμου</span> <span class='ocrx_word' id='word_1_459' title='bbox 3256 2445 3542 2523; x_wconf 71' lang='grc' dir='ltr'>ἐλάϐομεν,</span> <span class='ocrx_word' id='word_1_460' title='bbox 3595 2449 3747 2504; x_wconf 82' lang='grc' dir='ltr'><strong>ἀλλά</strong></span> 
     </span>
    </p>
   </div>
   <div class='ocr_carea' id='block_1_56' title="bbox 2095 2535 3740 2612">
    <p class='ocr_par' dir='ltr' id='par_1_56' title="bbox 2095 2535 3740 2612">
     <span class='ocr_line' id='line_1_56' title="bbox 2095 2535 3740 2612; baseline -0.001 -19"><span class='ocrx_word' id='word_1_461' title='bbox 2095 2540 2156 2594; x_wconf 85' lang='grc' dir='ltr'>τὸ</span> <span class='ocrx_word' id='word_1_462' title='bbox 2187 2543 2407 2612; x_wconf 84' lang='grc' dir='ltr'>Πνεῦμα</span> <span class='ocrx_word' id='word_1_463' title='bbox 2436 2541 2550 2612; x_wconf 88' lang='lat'><strong>(37)</strong></span> <span class='ocrx_word' id='word_1_464' title='bbox 2579 2539 2642 2594; x_wconf 83' lang='lat'><strong>1:6</strong></span> <span class='ocrx_word' id='word_1_465' title='bbox 2675 2537 2732 2593; x_wconf 85' lang='grc' dir='ltr'>ἐκ</span> <span class='ocrx_word' id='word_1_466' title='bbox 2757 2543 2854 2593; x_wconf 90' lang='grc' dir='ltr'><strong>τοῦ</strong></span> <span class='ocrx_word' id='word_1_467' title='bbox 2886 2543 3019 2592; x_wconf 86' lang='grc' dir='ltr'>Θεοῦ</span> <span class='ocrx_word' id='word_1_468' title='bbox 3054 2563 3079 2588; x_wconf 76' lang='grc' dir='ltr'><strong>υ</strong></span> <span class='ocrx_word' id='word_1_469' title='bbox 3109 2558 3122 2606; x_wconf 88' lang='grc'><strong>;</strong></span> <span class='ocrx_word' id='word_1_470' title='bbox 3167 2541 3402 2595; x_wconf 86' lang='grc' dir='ltr'>Τοιαῦτα</span> <span class='ocrx_word' id='word_1_471' title='bbox 3447 2535 3504 2592; x_wconf 70' lang='grc' dir='ltr'>δὲ</span> <span class='ocrx_word' id='word_1_472' title='bbox 3548 2535 3740 2610; x_wconf 86' lang='grc' dir='ltr'>διαμα-</span> 
     </span>
    </p>
   </div>
   <div class='ocr_carea' id='block_1_57' title="bbox 2097 2625 3747 2704">
    <p class='ocr_par' dir='ltr' id='par_1_57' title="bbox 2097 2625 3747 2704">
     <span class='ocr_line' id='line_1_57' title="bbox 2097 2625 3747 2704; baseline -0.001 -22"><span class='ocrx_word' id='word_1_473' title='bbox 2097 2625 2328 2704; x_wconf 87' lang='grc' dir='ltr'>χόμενοι</span> <span class='ocrx_word' id='word_1_474' title='bbox 2368 2629 2503 2703; x_wconf 88' lang='grc' dir='ltr'>πρὸς</span> <span class='ocrx_word' id='word_1_475' title='bbox 2536 2627 2779 2695; x_wconf 69' lang='grc' dir='ltr'>ἑαυτοὺς,</span> <span class='ocrx_word' id='word_1_476' title='bbox 2813 2627 2898 2682; x_wconf 79' lang='grc' dir='ltr'><strong>ἐὰν</strong></span> <span class='ocrx_word' id='word_1_477' title='bbox 2934 2625 3123 2697; x_wconf 77' lang='grc' dir='ltr'>εἷ’πητε</span> <span class='ocrx_word' id='word_1_478' title='bbox 3151 2628 3240 2681; x_wconf 83' lang='grc' dir='ltr'><strong>καὶ</strong></span> <span class='ocrx_word' id='word_1_479' title='bbox 3282 2628 3459 2701; x_wconf 85' lang='grc' dir='ltr'>ὑμεῖς.</span> <span class='ocrx_word' id='word_1_480' title='bbox 3506 2626 3621 2684; x_wconf 79' lang='grc' dir='ltr'>Οὐκ</span> <span class='ocrx_word' id='word_1_481' title='bbox 3670 2625 3747 2681; x_wconf 71' lang='grc' dir='ltr'><strong>οἷ’-</strong></span> 
     </span>
    </p>
   </div>
   <div class='ocr_carea' id='block_1_58' title="bbox 2099 2715 3744 2792">
    <p class='ocr_par' dir='ltr' id='par_1_58' title="bbox 2099 2715 3744 2792">
     <span class='ocr_line' id='line_1_58' title="bbox 2099 2715 3744 2792; baseline -0.001 -20"><span class='ocrx_word' id='word_1_482' title='bbox 2099 2716 2264 2790; x_wconf 89' lang='grc' dir='ltr'>δαμεν</span> <span class='ocrx_word' id='word_1_483' title='bbox 2297 2762 2310 2786; x_wconf 95' lang='grc'><strong>,</strong></span> <span class='ocrx_word' id='word_1_484' title='bbox 2366 2716 2572 2792; x_wconf 73' lang='grc' dir='ltr'>ἀνάγκη</span> <span class='ocrx_word' id='word_1_485' title='bbox 2651 2717 2739 2772; x_wconf 83' lang='grc' dir='ltr'><strong>καὶ</strong></span> <span class='ocrx_word' id='word_1_486' title='bbox 2793 2717 2884 2771; x_wconf 87' lang='grc' dir='ltr'>τὸν</span> <span class='ocrx_word' id='word_1_487' title='bbox 2935 2715 3282 2792; x_wconf 83' lang='grc' dir='ltr'>ἐρωτώμενον</span> <span class='ocrx_word' id='word_1_488' title='bbox 3334 2721 3556 2771; x_wconf 89' lang='grc' dir='ltr'>τοιαῦτα</span> <span class='ocrx_word' id='word_1_489' title='bbox 3616 2718 3744 2792; x_wconf 82' lang='grc' dir='ltr'>παρ’</span> 
     </span>
    </p>
   </div>
   <div class='ocr_carea' id='block_1_59' title="bbox 2102 2803 3745 2881">
    <p class='ocr_par' dir='ltr' id='par_1_59' title="bbox 2102 2803 3745 2881">
     <span class='ocr_line' id='line_1_59' title="bbox 2102 2803 3745 2881; baseline -0.001 -21"><span class='ocrx_word' id='word_1_490' title='bbox 2102 2808 2252 2879; x_wconf 81' lang='grc' dir='ltr'>ὑμῶν</span> <span class='ocrx_word' id='word_1_491' title='bbox 2283 2812 2514 2877; x_wconf 83' lang='grc' dir='ltr'>σιωπᾷν,</span> <span class='ocrx_word' id='word_1_492' title='bbox 2545 2807 2864 2878; x_wconf 81' lang='grc' dir='ltr'>πειθόμενον</span> <span class='ocrx_word' id='word_1_493' title='bbox 2895 2810 2975 2877; x_wconf 74' lang='grc' dir='ltr'>τῷ</span> <span class='ocrx_word' id='word_1_494' title='bbox 3003 2804 3244 2880; x_wconf 86' lang='grc' dir='ltr'>λέγοντι·</span> <span class='ocrx_word' id='word_1_495' title='bbox 3293 2830 3321 2856; x_wconf 90' lang='grc'>‹‹</span> <span class='ocrx_word' id='word_1_496' title='bbox 3375 2807 3463 2874; x_wconf 83' lang='grc' dir='ltr'><strong>Μὴ</strong></span> <span class='ocrx_word' id='word_1_497' title='bbox 3515 2803 3745 2881; x_wconf 82' lang='grc' dir='ltr'>ἀποκρί-</span> 
     </span>
    </p>
   </div>
   <div class='ocr_carea' id='block_1_60' title="bbox 2097 2889 3748 2974">
    <p class='ocr_par' dir='ltr' id='par_1_60' title="bbox 2097 2889 3748 2974">
     <span class='ocr_line' id='line_1_60' title="bbox 2097 2889 3748 2974; baseline -0.003 -23"><span class='ocrx_word' id='word_1_498' title='bbox 2097 2918 2188 2951; x_wconf 90' lang='grc' dir='ltr'><strong>νου</strong></span> <span class='ocrx_word' id='word_1_499' title='bbox 2220 2897 2409 2974; x_wconf 77' lang='grc' dir='ltr'>ἄφρονι</span> <span class='ocrx_word' id='word_1_500' title='bbox 2443 2895 2580 2970; x_wconf 84' lang='grc' dir='ltr'>πρὸς</span> <span class='ocrx_word' id='word_1_501' title='bbox 2610 2897 2707 2963; x_wconf 76' lang='grc' dir='ltr'>τὴν</span> <span class='ocrx_word' id='word_1_502' title='bbox 2738 2893 2942 2949; x_wconf 76' lang='grc' dir='ltr'>ἐκείνου</span> <span class='ocrx_word' id='word_1_503' title='bbox 2973 2893 3301 2970; x_wconf 79' lang='grc' dir='ltr'>ἀφροσύνην,</span> <span class='ocrx_word' id='word_1_504' title='bbox 3327 2892 3418 2947; x_wconf 72' lang='grc' dir='ltr'>’ἱνα</span> <span class='ocrx_word' id='word_1_505' title='bbox 3444 2896 3519 2967; x_wconf 80' lang='grc' dir='ltr'>μὴ</span> <span class='ocrx_word' id='word_1_506' title='bbox 3553 2889 3748 2966; x_wconf 78' lang='grc' dir='ltr'>ὅμοιος</span> 
     </span>
    </p>
   </div>
   <div class='ocr_carea' id='block_1_61' title="bbox 2097 2981 3741 3061">
    <p class='ocr_par' dir='ltr' id='par_1_61' title="bbox 2097 2981 3741 3061">
     <span class='ocr_line' id='line_1_61' title="bbox 2097 2981 3741 3061; baseline -0.002 -21"><span class='ocrx_word' id='word_1_507' title='bbox 2097 2985 2223 3061; x_wconf 75' lang='grc' dir='ltr'>γένῃ</span> <span class='ocrx_word' id='word_1_508' title='bbox 2257 2983 2402 3058; x_wconf 83' lang='grc' dir='ltr'><strong>αὖτῷ</strong></span> <span class='ocrx_word' id='word_1_509' title='bbox 2599 2981 2726 3038; x_wconf 84' lang='grc' dir='ltr'>ἀλλ’</span> <span class='ocrx_word' id='word_1_510' title='bbox 2759 2983 3055 3057; x_wconf 75' lang='grc' dir='ltr'>ἀποκρίνου</span> <span class='ocrx_word' id='word_1_511' title='bbox 3087 2981 3279 3059; x_wconf 78' lang='grc' dir='ltr'>ἄφρονι</span> <span class='ocrx_word' id='word_1_512' title='bbox 3299 2983 3434 3037; x_wconf 73' lang='grc' dir='ltr'>κατὰ</span> <span class='ocrx_word' id='word_1_513' title='bbox 3454 2982 3552 3051; x_wconf 75' lang='grc' dir='ltr'>τὴν</span> <span class='ocrx_word' id='word_1_514' title='bbox 3574 2983 3741 3060; x_wconf 82' lang='grc' dir='ltr'>ἀφρο-</span> 
     </span>
    </p>
   </div>
   <div class='ocr_carea' id='block_1_62' title="bbox 2098 3071 3743 3149">
    <p class='ocr_par' dir='ltr' id='par_1_62' title="bbox 2098 3071 3743 3149">
     <span class='ocr_line' id='line_1_62' title="bbox 2098 3071 3743 3149; baseline -0.004 -22"><span class='ocrx_word' id='word_1_515' title='bbox 2098 3073 2261 3144; x_wconf 72' lang='grc' dir='ltr'>σύνην</span> <span class='ocrx_word' id='word_1_516' title='bbox 2303 3073 2488 3145; x_wconf 82' lang='grc' dir='ltr'>αὐτοῦ,</span> <span class='ocrx_word' id='word_1_517' title='bbox 2533 3071 2620 3126; x_wconf 50' lang='grc' dir='ltr'>τίνα</span> <span class='ocrx_word' id='word_1_518' title='bbox 2669 3073 2743 3145; x_wconf 82' lang='grc' dir='ltr'>μὴ</span> <span class='ocrx_word' id='word_1_519' title='bbox 2797 3071 3046 3149; x_wconf 79' lang='grc' dir='ltr'>φαίνηται</span> <span class='ocrx_word' id='word_1_520' title='bbox 3097 3073 3262 3149; x_wconf 86' lang='grc' dir='ltr'>σοφὸς</span> <span class='ocrx_word' id='word_1_521' title='bbox 3308 3072 3436 3147; x_wconf 86' lang='grc' dir='ltr'>παρ’</span> <span class='ocrx_word' id='word_1_522' title='bbox 3484 3071 3677 3144; x_wconf 64' lang='grc' dir='ltr'>ἑαυτῷ.</span> <span class='ocrx_word' id='word_1_523' title='bbox 3717 3095 3743 3121; x_wconf 75' lang='grc' dir='ltr'>ι)</span> 
     </span>
    </p>
   </div>
   <div class='ocr_carea' id='block_1_63' title="bbox 2099 3159 3740 3238">
    <p class='ocr_par' dir='ltr' id='par_1_63' title="bbox 2099 3159 3740 3238">
     <span class='ocr_line' id='line_1_63' title="bbox 2099 3159 3740 3238; baseline -0.002 -21"><span class='ocrx_word' id='word_1_524' title='bbox 2099 3162 2414 3238; x_wconf 82' lang='grc' dir='ltr'>Ἀπόκρισις</span> <span class='ocrx_word' id='word_1_525' title='bbox 2449 3159 2506 3216; x_wconf 74' lang='grc' dir='ltr'>δὲ</span> <span class='ocrx_word' id='word_1_526' title='bbox 2540 3163 2666 3234; x_wconf 82' lang='grc' dir='ltr'>ὑμῖν</span> <span class='ocrx_word' id='word_1_527' title='bbox 2831 3159 3150 3235; x_wconf 78' lang='grc' dir='ltr'>ἁρμόζουσα</span> <span class='ocrx_word' id='word_1_528' title='bbox 3184 3159 3420 3233; x_wconf 84' lang='grc' dir='ltr'>μᾶλιστα</span> <span class='ocrx_word' id='word_1_529' title='bbox 3449 3161 3484 3230; x_wconf 77' lang='grc' dir='ltr'><strong>ἡ</strong></span> <span class='ocrx_word' id='word_1_530' title='bbox 3538 3162 3740 3231; x_wconf 62' lang='grc' dir='ltr'>σιωπή</span> 
     </span>
    </p>
   </div>
   <div class='ocr_carea' id='block_1_64' title="bbox 2091 3248 3104 3326">
    <p class='ocr_par' dir='ltr' id='par_1_64' title="bbox 2091 3248 3104 3326">
     <span class='ocr_line' id='line_1_64' title="bbox 2091 3248 3104 3326; baseline 0.001 -20"><span class='ocrx_word' id='word_1_531' title='bbox 2091 3250 2184 3306; x_wconf 68' lang='grc' dir='ltr'>ἵνα</span> <span class='ocrx_word' id='word_1_532' title='bbox 2212 3253 2310 3320; x_wconf 74' lang='grc' dir='ltr'>τὴν</span> <span class='ocrx_word' id='word_1_533' title='bbox 2345 3253 2546 3306; x_wconf 69' lang='grc' dir='ltr'>ἑαυτῶν</span> <span class='ocrx_word' id='word_1_534' title='bbox 2579 3248 2795 3326; x_wconf 79' lang='grc' dir='ltr'>ἄγνοιαν</span> <span class='ocrx_word' id='word_1_535' title='bbox 2827 3249 3104 3324; x_wconf 78' lang='grc' dir='ltr'>ἐπιγνῶτε.</span> 
     </span>
    </p>
   </div>
   <div class='ocr_carea' id='block_1_65' title="bbox 417 3330 1989 3417">
    <p class='ocr_par' dir='ltr' id='par_1_65' title="bbox 417 3339 1989 3417">
     <span class='ocr_line' id='line_1_65' title="bbox 417 3339 1989 3417; baseline 0.005 -25"><span class='ocrx_word' id='word_1_536' title='bbox 417 3339 470 3392; x_wconf 89' lang='grc'><strong>3.</strong></span> <span class='ocrx_word' id='word_1_537' title='bbox 503 3339 757 3394; x_wconf 82' lang='lat' dir='ltr'><strong>Rursum</strong></span> <span class='ocrx_word' id='word_1_538' title='bbox 788 3340 968 3414; x_wconf 81' lang='lat' dir='ltr'><strong>igitur</strong></span> <span class='ocrx_word' id='word_1_539' title='bbox 996 3359 1227 3413; x_wconf 86' lang='lat' dir='ltr'><strong>aquum</strong></span> <span class='ocrx_word' id='word_1_540' title='bbox 1252 3348 1426 3400; x_wconf 80' lang='lat' dir='ltr'><strong>estex</strong></span> <span class='ocrx_word' id='word_1_541' title='bbox 1448 3344 1518 3401; x_wconf 90' lang='lat' dir='ltr'><strong>iis</strong></span> <span class='ocrx_word' id='word_1_542' title='bbox 1540 3363 1669 3417; x_wconf 85' lang='lat' dir='ltr'><strong>qua</strong></span> <span class='ocrx_word' id='word_1_543' title='bbox 1698 3363 1798 3402; x_wconf 90' lang='lat' dir='ltr'><strong>vos</strong></span> <span class='ocrx_word' id='word_1_544' title='bbox 1820 3347 1989 3401; x_wconf 76' lang='lat' dir='ltr'><strong>ati&#39;er-</strong></span> 
     </span>
    </p>
   </div>
   <div class='ocr_carea' id='block_1_66' title="bbox 2104 3330 3744 3417">
    <p class='ocr_par' dir='ltr' id='par_1_66' title="bbox 2172 3335 3744 3412">
     <span class='ocr_line' id='line_1_66' title="bbox 2172 3335 3744 3412; baseline -0.004 -15"><span class='ocrx_word' id='word_1_545' title='bbox 2172 3344 2224 3397; x_wconf 90' lang='lat'><strong>3.</strong></span> <span class='ocrx_word' id='word_1_546' title='bbox 2261 3339 2430 3395; x_wconf 85' lang='grc' dir='ltr'>Πάλιν</span> <span class='ocrx_word' id='word_1_547' title='bbox 2463 3341 2553 3394; x_wconf 78' lang='grc' dir='ltr'><strong>οὗν</strong></span> <span class='ocrx_word' id='word_1_548' title='bbox 2587 3339 2646 3394; x_wconf 81' lang='grc' dir='ltr'>ἐκ</span> <span class='ocrx_word' id='word_1_549' title='bbox 2671 3343 2779 3394; x_wconf 81' lang='grc' dir='ltr'><strong>τῶν</strong></span> <span class='ocrx_word' id='word_1_550' title='bbox 2803 3338 2955 3411; x_wconf 73' lang='grc' dir='ltr'>ὑμῶν</span> <span class='ocrx_word' id='word_1_551' title='bbox 2989 3335 3197 3392; x_wconf 87' lang='grc' dir='ltr'>δίκαιον</span> <span class='ocrx_word' id='word_1_552' title='bbox 3235 3338 3372 3410; x_wconf 77' lang='grc' dir='ltr'>ὑμᾶς</span> <span class='ocrx_word' id='word_1_553' title='bbox 3403 3335 3575 3399; x_wconf 74' lang='grc' dir='ltr'>οῦτως</span> <span class='ocrx_word' id='word_1_554' title='bbox 3609 3337 3744 3412; x_wconf 74' lang='grc' dir='ltr'><strong>ἱρω-</strong></span> 
     </span>
    </p>
   </div>
   <div class='ocr_carea' id='block_1_67' title="bbox 345 3427 1990 3506">
    <p class='ocr_par' dir='ltr' id='par_1_67' title="bbox 345 3427 1990 3506">
     <span class='ocr_line' id='line_1_67' title="bbox 345 3427 1990 3506; baseline 0.005 -24"><span class='ocrx_word' id='word_1_555' title='bbox 345 3427 550 3492; x_wconf 87' lang='lat' dir='ltr'><strong>tis,vos</strong></span> <span class='ocrx_word' id='word_1_556' title='bbox 581 3428 665 3483; x_wconf 90' lang='lat' dir='ltr'><strong>sic</strong></span> <span class='ocrx_word' id='word_1_557' title='bbox 696 3429 1070 3502; x_wconf 88' lang='lat' dir='ltr'><strong>interrogare.</strong></span> <span class='ocrx_word' id='word_1_558' title='bbox 1093 3434 1574 3503; x_wconf 87' lang='lat' dir='ltr'><strong>Quandoquidem</strong></span> <span class='ocrx_word' id='word_1_559' title='bbox 1607 3435 1900 3506; x_wconf 89' lang='lat' dir='ltr'><strong>propheta</strong></span> <span class='ocrx_word' id='word_1_560' title='bbox 1932 3436 1990 3491; x_wconf 89' lang='lat' dir='ltr'><strong>in</strong></span> 
     </span>
    </p>
   </div>
   <div class='ocr_carea' id='block_1_68' title="bbox 345 3519 1993 3597">
    <p class='ocr_par' dir='ltr' id='par_1_68' title="bbox 345 3519 1993 3597">
     <span class='ocr_line' id='line_1_68' title="bbox 345 3519 1993 3597; baseline 0.005 -24"><span class='ocrx_word' id='word_1_561' title='bbox 345 3519 564 3590; x_wconf 86' lang='lat' dir='ltr'><strong>Spiritu</strong></span> <span class='ocrx_word' id='word_1_562' title='bbox 598 3521 691 3575; x_wconf 87' lang='lat' dir='ltr'><strong>Dei</strong></span> <span class='ocrx_word' id='word_1_563' title='bbox 722 3520 1068 3592; x_wconf 89' lang='lat' dir='ltr'><strong>loquuntur,</strong></span> <span class='ocrx_word' id='word_1_564' title='bbox 1112 3528 1168 3578; x_wconf 89' lang='lat' dir='ltr'><strong>et</strong></span> <span class='ocrx_word' id='word_1_565' title='bbox 1196 3525 1254 3579; x_wconf 88' lang='lat' dir='ltr'><strong>in</strong></span> <span class='ocrx_word' id='word_1_566' title='bbox 1289 3524 1438 3580; x_wconf 85' lang='lat' dir='ltr'><strong>Isaia</strong></span> <span class='ocrx_word' id='word_1_567' title='bbox 1468 3525 1718 3597; x_wconf 83' lang='lat' dir='ltr'><strong>Spiritus</strong></span> <span class='ocrx_word' id='word_1_568' title='bbox 1749 3531 1993 3582; x_wconf 89' lang='lat' dir='ltr'><strong>sanctus</strong></span> 
     </span>
    </p>
   </div>
   <div class='ocr_carea' id='block_1_69' title="bbox 345 3609 1988 3684">
    <p class='ocr_par' dir='ltr' id='par_1_69' title="bbox 345 3609 1988 3684">
     <span class='ocr_line' id='line_1_69' title="bbox 345 3609 1988 3684; baseline 0.005 -22"><span class='ocrx_word' id='word_1_569' title='bbox 345 3609 677 3680; x_wconf 86' lang='lat' dir='ltr'><strong>prophetat,</strong></span> <span class='ocrx_word' id='word_1_570' title='bbox 706 3616 770 3664; x_wconf 90' lang='lat' dir='ltr'><strong>ut</strong></span> <span class='ocrx_word' id='word_1_571' title='bbox 798 3611 857 3666; x_wconf 89' lang='lat' dir='ltr'><strong>in</strong></span> <span class='ocrx_word' id='word_1_572' title='bbox 886 3613 1289 3684; x_wconf 86' lang='lat' dir='ltr'><strong>superioribus</strong></span> <span class='ocrx_word' id='word_1_573' title='bbox 1339 3615 1804 3670; x_wconf 87' lang='lat' dir='ltr'><strong>demonstratum</strong></span> <span class='ocrx_word' id='word_1_574' title='bbox 1855 3619 1943 3670; x_wconf 89' lang='lat' dir='ltr'><strong>est</strong></span> <span class='ocrx_word' id='word_1_575' title='bbox 1976 3633 1988 3670; x_wconf 88' lang='lat'><strong>:</strong></span> 
     </span>
    </p>
   </div>
   <div class='ocr_carea' id='block_1_70' title="bbox 344 3697 1988 3774">
    <p class='ocr_par' dir='ltr' id='par_1_70' title="bbox 344 3697 1988 3774">
     <span class='ocr_line' id='line_1_70' title="bbox 344 3697 1988 3774; baseline 0.005 -23"><span class='ocrx_word' id='word_1_576' title='bbox 344 3713 482 3768; x_wconf 89' lang='lat' dir='ltr'><strong>ergo</strong></span> <span class='ocrx_word' id='word_1_577' title='bbox 502 3697 752 3768; x_wconf 81' lang='lat' dir='ltr'><strong>Spiritus</strong></span> <span class='ocrx_word' id='word_1_578' title='bbox 783 3705 874 3755; x_wconf 85' lang='lat' dir='ltr'><strong>cst</strong></span> <span class='ocrx_word' id='word_1_579' title='bbox 916 3701 1168 3756; x_wconf 87' lang='lat' dir='ltr'><strong>Verbum</strong></span> <span class='ocrx_word' id='word_1_580' title='bbox 1202 3703 1319 3768; x_wconf 83' lang='lat' dir='ltr'><strong>Dei,</strong></span> <span class='ocrx_word' id='word_1_581' title='bbox 1354 3703 1585 3774; x_wconf 90' lang='lat' dir='ltr'><strong>duoque</strong></span> <span class='ocrx_word' id='word_1_582' title='bbox 1615 3703 1803 3759; x_wconf 83' lang='lat' dir='ltr'><strong>Verba</strong></span> <span class='ocrx_word' id='word_1_583' title='bbox 1831 3707 1988 3771; x_wconf 90' lang='lat' dir='ltr'><strong>sunt,</strong></span> 
     </span>
    </p>
   </div>
   <div class='ocr_carea' id='block_1_71' title="bbox 342 3787 1990 3864">
    <p class='ocr_par' dir='ltr' id='par_1_71' title="bbox 342 3787 1990 3864">
     <span class='ocr_line' id='line_1_71' title="bbox 342 3787 1990 3864; baseline 0.005 -24"><span class='ocrx_word' id='word_1_584' title='bbox 342 3787 596 3859; x_wconf 85' lang='lat' dir='ltr'><strong>Spiritus</strong></span> <span class='ocrx_word' id='word_1_585' title='bbox 624 3789 893 3846; x_wconf 84' lang='lat' dir='ltr'><strong>videlicet</strong></span> <span class='ocrx_word' id='word_1_586' title='bbox 921 3796 978 3845; x_wconf 92' lang='lat' dir='ltr'><strong>et</strong></span> <span class='ocrx_word' id='word_1_587' title='bbox 1010 3790 1206 3847; x_wconf 88' lang='lat' dir='ltr'><strong>Filius.</strong></span> <span class='ocrx_word' id='word_1_588' title='bbox 1241 3792 1467 3847; x_wconf 87' lang='lat' dir='ltr'><strong>Etenim</strong></span> <span class='ocrx_word' id='word_1_589' title='bbox 1503 3793 1792 3864; x_wconf 89' lang='lat' dir='ltr'><strong>propheta</strong></span> <span class='ocrx_word' id='word_1_590' title='bbox 1852 3799 1990 3849; x_wconf 86' lang='lat' dir='ltr'><strong>tunc</strong></span> 
     </span>
    </p>
   </div>
   <div class='ocr_carea' id='block_1_72' title="bbox 345 3877 1988 3949">
    <p class='ocr_par' dir='ltr' id='par_1_72' title="bbox 345 3877 1988 3949">
     <span class='ocr_line' id='line_1_72' title="bbox 345 3877 1988 3949; baseline 0.004 -18"><span class='ocrx_word' id='word_1_591' title='bbox 345 3877 792 3948; x_wconf 86' lang='lat' dir='ltr'><strong>prophetabant,</strong></span> <span class='ocrx_word' id='word_1_592' title='bbox 821 3881 1054 3949; x_wconf 88' lang='lat' dir='ltr'><strong>quando</strong></span> <span class='ocrx_word' id='word_1_593' title='bbox 1081 3881 1338 3936; x_wconf 88' lang='lat' dir='ltr'><strong>Verbum</strong></span> <span class='ocrx_word' id='word_1_594' title='bbox 1369 3881 1470 3936; x_wconf 90' lang='lat' dir='ltr'><strong>Dei</strong></span> <span class='ocrx_word' id='word_1_595' title='bbox 1501 3883 1572 3937; x_wconf 86' lang='lat' dir='ltr'><strong>ad</strong></span> <span class='ocrx_word' id='word_1_596' title='bbox 1614 3881 1744 3938; x_wconf 89' lang='lat' dir='ltr'><strong>illos</strong></span> <span class='ocrx_word' id='word_1_597' title='bbox 1793 3883 1988 3938; x_wconf 81' lang='lat' dir='ltr'><strong>fiebat.</strong></span> 
     </span>
    </p>
   </div>
   <div class='ocr_carea' id='block_1_73' title="bbox 343 3964 1992 4040">
    <p class='ocr_par' dir='ltr' id='par_1_73' title="bbox 343 3964 1992 4040">
     <span class='ocr_line' id='line_1_73' title="bbox 343 3964 1992 4040; baseline 0.005 -22"><span class='ocrx_word' id='word_1_598' title='bbox 343 3965 428 4018; x_wconf 80' lang='lat' dir='ltr'><strong>Ad</strong></span> <span class='ocrx_word' id='word_1_599' title='bbox 461 3964 602 4030; x_wconf 84' lang='lat' dir='ltr'><strong>hac,</strong></span> <span class='ocrx_word' id='word_1_600' title='bbox 638 3967 1111 4039; x_wconf 83' lang='lat' dir='ltr'><strong>quandoquidem</strong></span> <span class='ocrx_word' id='word_1_601' title='bbox 1146 3970 1343 4026; x_wconf 88' lang='lat' dir='ltr'><strong>omnia</strong></span> <span class='ocrx_word' id='word_1_602' title='bbox 1391 3987 1492 4040; x_wconf 90' lang='lat' dir='ltr'><strong>per</strong></span> <span class='ocrx_word' id='word_1_603' title='bbox 1537 3971 1790 4026; x_wconf 88' lang='lat' dir='ltr'><strong>Verbum</strong></span> <span class='ocrx_word' id='word_1_604' title='bbox 1844 3973 1992 4028; x_wconf 84' lang='lat' dir='ltr'><strong>facta</strong></span> 
     </span>
    </p>
   </div>
   <div class='ocr_carea' id='block_1_74' title="bbox 344 4056 1984 4130">
    <p class='ocr_par' dir='ltr' id='par_1_74' title="bbox 344 4056 1984 4130">
     <span class='ocr_line' id='line_1_74' title="bbox 344 4056 1984 4130; baseline 0.004 -22"><span class='ocrx_word' id='word_1_605' title='bbox 344 4058 506 4124; x_wconf 89' lang='lat' dir='ltr'><strong>sunt,</strong></span> <span class='ocrx_word' id='word_1_606' title='bbox 552 4058 610 4110; x_wconf 89' lang='lat' dir='ltr'><strong>et</strong></span> <span class='ocrx_word' id='word_1_607' title='bbox 657 4056 783 4112; x_wconf 87' lang='lat' dir='ltr'><strong>sine</strong></span> <span class='ocrx_word' id='word_1_608' title='bbox 829 4057 982 4113; x_wconf 75' lang='lat'><strong>558</strong></span> <span class='ocrx_word' id='word_1_609' title='bbox 1036 4057 1162 4130; x_wconf 88' lang='lat' dir='ltr'><strong>ipso</strong></span> <span class='ocrx_word' id='word_1_610' title='bbox 1213 4059 1426 4115; x_wconf 80' lang='lat' dir='ltr'><strong>factum</strong></span> <span class='ocrx_word' id='word_1_611' title='bbox 1479 4063 1568 4115; x_wconf 89' lang='lat' dir='ltr'><strong>est</strong></span> <span class='ocrx_word' id='word_1_612' title='bbox 1617 4060 1758 4115; x_wconf 87' lang='lat' dir='ltr'><strong>nihil</strong></span> <span class='ocrx_word' id='word_1_613' title='bbox 1792 4062 1853 4128; x_wconf 77' lang='lat'><strong>‘7,</strong></span> <span class='ocrx_word' id='word_1_614' title='bbox 1887 4065 1984 4116; x_wconf 91' lang='lat' dir='ltr'><strong>et:</strong></span> 
     </span>
    </p>
   </div>
   <div class='ocr_carea' id='block_1_75' title="bbox 351 4142 1988 4216">
    <p class='ocr_par' dir='ltr' id='par_1_75' title="bbox 351 4142 1988 4216">
     <span class='ocr_line' id='line_1_75' title="bbox 351 4142 1988 4216; baseline 0.004 -18"><span class='ocrx_word' id='word_1_615' title='bbox 351 4166 371 4192; x_wconf 76' lang='grc' dir='ltr'><strong>ι</strong></span> <span class='ocrx_word' id='word_1_616' title='bbox 407 4142 560 4199; x_wconf 89' lang='lat' dir='ltr'><strong>Deus</strong></span> <span class='ocrx_word' id='word_1_617' title='bbox 592 4145 883 4216; x_wconf 85' lang='lat' dir='ltr'><strong>sapientia</strong></span> <span class='ocrx_word' id='word_1_618' title='bbox 916 4147 1180 4202; x_wconf 81' lang='lat' dir='ltr'><strong>fundavit</strong></span> <span class='ocrx_word' id='word_1_619' title='bbox 1211 4154 1424 4204; x_wconf 86' lang='lat' dir='ltr'><strong>terram</strong></span> <span class='ocrx_word' id='word_1_620' title='bbox 1458 4150 1520 4216; x_wconf 66' lang='lat'><strong>‘9,</strong></span> <span class='ocrx_word' id='word_1_621' title='bbox 1557 4173 1584 4199; x_wconf 91' lang='grc'><strong>››</strong></span> <span class='ocrx_word' id='word_1_622' title='bbox 1617 4154 1674 4205; x_wconf 92' lang='lat' dir='ltr'><strong>et</strong></span> <span class='ocrx_word' id='word_1_623' title='bbox 1702 4149 1900 4205; x_wconf 89' lang='lat' dir='ltr'><strong>omnia</strong></span> <span class='ocrx_word' id='word_1_624' title='bbox 1929 4149 1988 4204; x_wconf 91' lang='lat' dir='ltr'><strong>in</strong></span> 
     </span>
    </p>
   </div>
   <div class='ocr_carea' id='block_1_76' title="bbox 345 4233 1991 4311">
    <p class='ocr_par' dir='ltr' id='par_1_76' title="bbox 345 4233 1991 4311">
     <span class='ocr_line' id='line_1_76' title="bbox 345 4233 1991 4311; baseline 0.004 -23"><span class='ocrx_word' id='word_1_625' title='bbox 345 4233 632 4304; x_wconf 88' lang='lat' dir='ltr'><strong>sapientia</strong></span> <span class='ocrx_word' id='word_1_626' title='bbox 653 4235 789 4291; x_wconf 86' lang='lat' dir='ltr'><strong>facit</strong></span> <span class='ocrx_word' id='word_1_627' title='bbox 811 4237 856 4270; x_wconf 83' lang='grc'><strong>¹⁹</strong></span> <span class='ocrx_word' id='word_1_628' title='bbox 880 4252 891 4290; x_wconf 93' lang='lat'><strong>:</strong></span> <span class='ocrx_word' id='word_1_629' title='bbox 915 4237 1319 4309; x_wconf 89' lang='lat' dir='ltr'><strong>scriptumque</strong></span> <span class='ocrx_word' id='word_1_630' title='bbox 1339 4243 1428 4294; x_wconf 89' lang='lat' dir='ltr'><strong>est</strong></span> <span class='ocrx_word' id='word_1_631' title='bbox 1463 4241 1550 4309; x_wconf 93' lang='lat' dir='ltr'><strong>(ut</strong></span> <span class='ocrx_word' id='word_1_632' title='bbox 1587 4239 1647 4294; x_wconf 88' lang='lat' dir='ltr'><strong>in</strong></span> <span class='ocrx_word' id='word_1_633' title='bbox 1679 4238 1991 4311; x_wconf 90' lang='lat' dir='ltr'><strong>superiori-</strong></span> 
     </span>
    </p>
   </div>
   <div class='ocr_carea' id='block_1_77' title="bbox 346 4322 1992 4400">
    <p class='ocr_par' dir='ltr' id='par_1_77' title="bbox 346 4322 1992 4400">
     <span class='ocr_line' id='line_1_77' title="bbox 346 4322 1992 4400; baseline 0.005 -24"><span class='ocrx_word' id='word_1_634' title='bbox 346 4322 457 4378; x_wconf 86' lang='lat' dir='ltr'><strong>bus</strong></span> <span class='ocrx_word' id='word_1_635' title='bbox 489 4323 848 4380; x_wconf 86' lang='lat' dir='ltr'><strong>declaratum</strong></span> <span class='ocrx_word' id='word_1_636' title='bbox 879 4326 988 4396; x_wconf 90' lang='lat' dir='ltr'><strong>est)</strong></span> <span class='ocrx_word' id='word_1_637' title='bbox 1023 4343 1034 4380; x_wconf 90' lang='lat'><strong>:</strong></span> <span class='ocrx_word' id='word_1_638' title='bbox 1071 4350 1098 4376; x_wconf 87' lang='lat'><strong>«</strong></span> <span class='ocrx_word' id='word_1_639' title='bbox 1133 4327 1374 4383; x_wconf 85' lang='lat' dir='ltr'><strong>Emittes</strong></span> <span class='ocrx_word' id='word_1_640' title='bbox 1403 4327 1685 4400; x_wconf 88' lang='lat' dir='ltr'><strong>Spiritum</strong></span> <span class='ocrx_word' id='word_1_641' title='bbox 1719 4333 1884 4384; x_wconf 88' lang='lat' dir='ltr'><strong>tuum</strong></span> <span class='ocrx_word' id='word_1_642' title='bbox 1936 4333 1992 4384; x_wconf 89' lang='lat' dir='ltr'><strong>et</strong></span> 
     </span>
    </p>
   </div>
   <div class='ocr_carea' id='block_1_78' title="bbox 347 4411 1994 4487">
    <p class='ocr_par' dir='ltr' id='par_1_78' title="bbox 347 4411 1994 4487">
     <span class='ocr_line' id='line_1_78' title="bbox 347 4411 1994 4487; baseline 0.005 -23"><span class='ocrx_word' id='word_1_643' title='bbox 347 4411 705 4466; x_wconf 89' lang='lat' dir='ltr'><strong>creabuntur</strong></span> <span class='ocrx_word' id='word_1_644' title='bbox 731 4414 776 4448; x_wconf 79' lang='grc' dir='ltr'><strong>³ο</strong></span> <span class='ocrx_word' id='word_1_645' title='bbox 808 4430 820 4469; x_wconf 90' lang='lat'><strong>:</strong></span> <span class='ocrx_word' id='word_1_646' title='bbox 860 4436 886 4463; x_wconf 88' lang='grc'>››</span> <span class='ocrx_word' id='word_1_647' title='bbox 919 4431 1054 4486; x_wconf 88' lang='lat' dir='ltr'><strong>ergo</strong></span> <span class='ocrx_word' id='word_1_648' title='bbox 1086 4420 1186 4470; x_wconf 87' lang='lat' dir='ltr'><strong>aut</strong></span> <span class='ocrx_word' id='word_1_649' title='bbox 1214 4416 1467 4487; x_wconf 84' lang='lat' dir='ltr'><strong>Spiritus</strong></span> <span class='ocrx_word' id='word_1_650' title='bbox 1491 4418 1738 4473; x_wconf 87' lang='lat' dir='ltr'><strong>Verbum</strong></span> <span class='ocrx_word' id='word_1_651' title='bbox 1772 4422 1862 4474; x_wconf 92' lang='lat' dir='ltr'><strong>est</strong></span> <span class='ocrx_word' id='word_1_652' title='bbox 1892 4422 1994 4473; x_wconf 87' lang='lat' dir='ltr'><strong>aut</strong></span> 
     </span>
    </p>
   </div>
   <div class='ocr_carea' id='block_1_79' title="bbox 347 4497 1994 4578">
    <p class='ocr_par' dir='ltr' id='par_1_79' title="bbox 347 4497 1994 4578">
     <span class='ocr_line' id='line_1_79' title="bbox 347 4497 1994 4578; baseline 0.007 -28"><span class='ocrx_word' id='word_1_653' title='bbox 347 4497 406 4551; x_wconf 88' lang='lat' dir='ltr'><strong>in</strong></span> <span class='ocrx_word' id='word_1_654' title='bbox 434 4497 664 4553; x_wconf 91' lang='lat' dir='ltr'><strong>duobus</strong></span> <span class='ocrx_word' id='word_1_655' title='bbox 696 4499 830 4555; x_wconf 86' lang='lat' dir='ltr'><strong>fecit</strong></span> <span class='ocrx_word' id='word_1_656' title='bbox 859 4501 1012 4556; x_wconf 88' lang='lat' dir='ltr'><strong>Deus</strong></span> <span class='ocrx_word' id='word_1_657' title='bbox 1043 4503 1260 4573; x_wconf 90' lang='lat' dir='ltr'><strong>omnia,</strong></span> <span class='ocrx_word' id='word_1_658' title='bbox 1285 4503 1344 4558; x_wconf 89' lang='lat' dir='ltr'><strong>in</strong></span> <span class='ocrx_word' id='word_1_659' title='bbox 1371 4503 1669 4576; x_wconf 81' lang='lat' dir='ltr'><strong>Sapientia</strong></span> <span class='ocrx_word' id='word_1_660' title='bbox 1698 4510 1754 4560; x_wconf 91' lang='lat' dir='ltr'><strong>et</strong></span> <span class='ocrx_word' id='word_1_661' title='bbox 1785 4506 1842 4560; x_wconf 90' lang='lat' dir='ltr'><strong>in</strong></span> <span class='ocrx_word' id='word_1_662' title='bbox 1872 4506 1994 4578; x_wconf 89' lang='lat' dir='ltr'><strong>Spi-</strong></span> 
     </span>
    </p>
   </div>
   <div class='ocr_carea' id='block_1_80' title="bbox 347 4586 1993 4659">
    <p class='ocr_par' dir='ltr' id='par_1_80' title="bbox 347 4586 1993 4659">
     <span class='ocr_line' id='line_1_80' title="bbox 347 4586 1993 4659; baseline 0.005 -19"><span class='ocrx_word' id='word_1_663' title='bbox 347 4586 495 4652; x_wconf 88' lang='lat' dir='ltr'><strong>ritu;</strong></span> <span class='ocrx_word' id='word_1_664' title='bbox 529 4590 585 4641; x_wconf 89' lang='lat' dir='ltr'><strong>et</strong></span> <span class='ocrx_word' id='word_1_665' title='bbox 613 4602 737 4655; x_wconf 90' lang='lat' dir='ltr'><strong>cur,</strong></span> <span class='ocrx_word' id='word_1_666' title='bbox 771 4605 984 4659; x_wconf 87' lang='lat' dir='ltr'><strong>quaso,</strong></span> <span class='ocrx_word' id='word_1_667' title='bbox 1019 4590 1234 4647; x_wconf 90' lang='lat' dir='ltr'><strong>Paulus</strong></span> <span class='ocrx_word' id='word_1_668' title='bbox 1278 4591 1356 4647; x_wconf 90' lang='lat' dir='ltr'><strong>ait</strong></span> <span class='ocrx_word' id='word_1_669' title='bbox 1389 4609 1400 4646; x_wconf 89' lang='lat'>:</span> <span class='ocrx_word' id='word_1_670' title='bbox 1436 4616 1461 4641; x_wconf 86' lang='lat'><strong>«</strong></span> <span class='ocrx_word' id='word_1_671' title='bbox 1517 4591 1679 4648; x_wconf 89' lang='lat' dir='ltr'><strong>Unus</strong></span> <span class='ocrx_word' id='word_1_672' title='bbox 1729 4597 1878 4648; x_wconf 85' lang='lat' dir='ltr'><strong>Deus</strong></span> <span class='ocrx_word' id='word_1_673' title='bbox 1923 4611 1993 4650; x_wconf 81' lang='lat' dir='ltr'><strong>ex</strong></span> 
     </span>
    </p>
   </div>
   <div class='ocr_carea' id='block_1_81' title="bbox 345 4676 1990 4752">
    <p class='ocr_par' dir='ltr' id='par_1_81' title="bbox 345 4676 1990 4752">
     <span class='ocr_line' id='line_1_81' title="bbox 345 4676 1990 4752; baseline 0.005 -22"><span class='ocrx_word' id='word_1_674' title='bbox 345 4691 462 4745; x_wconf 92' lang='lat' dir='ltr'><strong>quo</strong></span> <span class='ocrx_word' id='word_1_675' title='bbox 491 4676 772 4747; x_wconf 89' lang='lat' dir='ltr'><strong>omnia,et</strong></span> <span class='ocrx_word' id='word_1_676' title='bbox 805 4694 956 4733; x_wconf 83' lang='lat' dir='ltr'><strong>unus</strong></span> <span class='ocrx_word' id='word_1_677' title='bbox 988 4679 1269 4734; x_wconf 89' lang='lat' dir='ltr'><strong>Dominus</strong></span> <span class='ocrx_word' id='word_1_678' title='bbox 1300 4697 1404 4752; x_wconf 90' lang='lat' dir='ltr'><strong>per</strong></span> <span class='ocrx_word' id='word_1_679' title='bbox 1435 4697 1608 4752; x_wconf 87' lang='lat' dir='ltr'><strong>quem</strong></span> <span class='ocrx_word' id='word_1_680' title='bbox 1637 4682 1834 4737; x_wconf 88' lang='lat' dir='ltr'><strong>omnia</strong></span> <span class='ocrx_word' id='word_1_681' title='bbox 1859 4682 1990 4737; x_wconf 75' lang='lat' dir='ltr'><strong>“‘I»</strong></span> 
     </span>
    </p>
   </div>
   <div class='ocr_carea' id='block_1_82' title="bbox 344 4765 1990 4840">
    <p class='ocr_par' dir='ltr' id='par_1_82' title="bbox 344 4765 1990 4840">
     <span class='ocr_line' id='line_1_82' title="bbox 344 4765 1990 4840; baseline 0.005 -22"><span class='ocrx_word' id='word_1_682' title='bbox 344 4765 682 4835; x_wconf 88' lang='lat' dir='ltr'><strong>Iterumque</strong></span> <span class='ocrx_word' id='word_1_683' title='bbox 718 4781 731 4820; x_wconf 90' lang='lat'><strong>:</strong></span> <span class='ocrx_word' id='word_1_684' title='bbox 765 4789 791 4815; x_wconf 78' lang='grc' dir='ltr'><strong>α</strong></span> <span class='ocrx_word' id='word_1_685' title='bbox 827 4767 968 4821; x_wconf 89' lang='lat' dir='ltr'><strong>Cum</strong></span> <span class='ocrx_word' id='word_1_686' title='bbox 1000 4766 1180 4822; x_wconf 88' lang='lat' dir='ltr'><strong>Filius</strong></span> <span class='ocrx_word' id='word_1_687' title='bbox 1211 4768 1288 4823; x_wconf 92' lang='lat' dir='ltr'><strong>sit</strong></span> <span class='ocrx_word' id='word_1_688' title='bbox 1321 4769 1513 4840; x_wconf 83' lang='lat' dir='ltr'><strong>imago</strong></span> <span class='ocrx_word' id='word_1_689' title='bbox 1547 4769 1734 4825; x_wconf 88' lang='lat' dir='ltr'><strong>Putris</strong></span> <span class='ocrx_word' id='word_1_690' title='bbox 1792 4771 1990 4828; x_wconf 88' lang='lat' dir='ltr'><strong>invisi-</strong></span> 
     </span>
    </p>
   </div>
   <div class='ocr_carea' id='block_1_83' title="bbox 417 4918 2027 4994">
    <p class='ocr_par' dir='ltr' id='par_1_83' title="bbox 417 4918 2027 4994">
     <span class='ocr_line' id='line_1_83' title="bbox 417 4918 2027 4994; baseline 0.002 -19"><span class='ocrx_word' id='word_1_691' title='bbox 417 4918 462 4994; x_wconf 49' lang='grc' dir='ltr'><strong>ἒξ</strong></span> <span class='ocrx_word' id='word_1_692' title='bbox 485 4918 658 4994; x_wconf 70' lang='lat' dir='ltr'><strong>Joan.</strong></span> <span class='ocrx_word' id='word_1_693' title='bbox 693 4936 788 4994; x_wconf 69' lang='lat' dir='ltr'><strong>xx.</strong></span> <span class='ocrx_word' id='word_1_694' title='bbox 819 4921 926 4994; x_wconf 10' lang='lat'><strong>22.7</strong></span> <span class='ocrx_word' id='word_1_695' title='bbox 989 4921 1032 4956; x_wconf 71' lang='grc'>1⁵</span> <span class='ocrx_word' id='word_1_696' title='bbox 1064 4920 1083 4974; x_wconf 96' lang='grc' dir='ltr'>Ι</span> <span class='ocrx_word' id='word_1_697' title='bbox 1114 4924 1238 4975; x_wconf 92' lang='lat' dir='ltr'><strong>Cor.</strong></span> <span class='ocrx_word' id='word_1_698' title='bbox 1269 4938 1332 4988; x_wconf 85' lang='grc' dir='ltr'><strong>ιι,</strong></span> <span class='ocrx_word' id='word_1_699' title='bbox 1359 4923 1446 4978; x_wconf 86' lang='grc'><strong>12.</strong></span> <span class='ocrx_word' id='word_1_700' title='bbox 1525 4922 1566 4957; x_wconf 79' lang='grc'><strong>¹⁸</strong></span> <span class='ocrx_word' id='word_1_701' title='bbox 1598 4927 1755 4980; x_wconf 85' lang='lat' dir='ltr'><strong>Prov.</strong></span> <span class='ocrx_word' id='word_1_702' title='bbox 1789 4941 1940 4994; x_wconf 80' lang='lat' dir='ltr'><strong>xxvx,</strong></span> <span class='ocrx_word' id='word_1_703' title='bbox 1975 4926 2027 4979; x_wconf 88' lang='grc'><strong>4.</strong></span> 
     </span>
    </p>
   </div>
   <div class='ocr_carea' id='block_1_84' title="bbox 343 4989 1272 5062">
    <p class='ocr_par' dir='ltr' id='par_1_84' title="bbox 343 4989 1272 5062">
     <span class='ocr_line' id='line_1_84' title="bbox 343 4989 1272 5062; baseline 0.004 -20"><span class='ocrx_word' id='word_1_704' title='bbox 343 4989 390 5024; x_wconf 86' lang='grc'>²⁰</span> <span class='ocrx_word' id='word_1_705' title='bbox 420 4989 559 5043; x_wconf 92' lang='lat' dir='ltr'><strong>ibid.</strong></span> <span class='ocrx_word' id='word_1_706' title='bbox 593 4991 686 5047; x_wconf 88' lang='lat'><strong>30.</strong></span> <span class='ocrx_word' id='word_1_707' title='bbox 771 4991 812 5026; x_wconf 80' lang='grc'>²¹</span> <span class='ocrx_word' id='word_1_708' title='bbox 851 4995 873 5044; x_wconf 90' lang='grc' dir='ltr'>Ι</span> <span class='ocrx_word' id='word_1_709' title='bbox 904 4993 1028 5048; x_wconf 92' lang='lat' dir='ltr'><strong>Cor.</strong></span> <span class='ocrx_word' id='word_1_710' title='bbox 1061 5009 1185 5062; x_wconf 84' lang='grc' dir='ltr'>νιιι,</span> <span class='ocrx_word' id='word_1_711' title='bbox 1217 4994 1272 5046; x_wconf 90' lang='lat'><strong>6.</strong></span> 
     </span>
    </p>
   </div>
   <div class='ocr_carea' id='block_1_85' title="bbox 343 5133 1983 5208">
    <p class='ocr_par' dir='ltr' id='par_1_85' title="bbox 343 5133 1983 5208">
     <span class='ocr_line' id='line_1_85' title="bbox 343 5133 1983 5208; baseline 0.007 -25"><span class='ocrx_word' id='word_1_712' title='bbox 343 5133 568 5208; x_wconf 52' lang='grc' dir='ltr'>ξαρ-τῷν.</span> <span class='ocrx_word' id='word_1_713' title='bbox 605 5133 758 5189; x_wconf 85' lang='lat' dir='ltr'><strong>Infra</strong></span> <span class='ocrx_word' id='word_1_714' title='bbox 788 5136 1178 5208; x_wconf 82' lang='lat' dir='ltr'><strong>Seguerianus</strong></span> <span class='ocrx_word' id='word_1_715' title='bbox 1208 5151 1384 5208; x_wconf 89' lang='lat' dir='ltr'><strong>quem</strong></span> <span class='ocrx_word' id='word_1_716' title='bbox 1413 5137 1722 5208; x_wconf 91' lang='lat' dir='ltr'><strong>sequimur</strong></span> <span class='ocrx_word' id='word_1_717' title='bbox 1769 5136 1983 5194; x_wconf 75' lang='grc' dir='ltr'>οὐκοῦν.</span> 
     </span>
    </p>
   </div>
   <div class='ocr_carea' id='block_1_86' title="bbox 343 5204 1982 5285">
    <p class='ocr_par' dir='ltr' id='par_1_86' title="bbox 343 5204 1982 5285">
     <span class='ocr_line' id='line_1_86' title="bbox 343 5204 1982 5285; baseline 0.003 -26"><span class='ocrx_word' id='word_1_718' title='bbox 343 5204 503 5285; x_wconf 39' lang='lat' dir='ltr'><strong>Editi.</strong></span> <span class='ocrx_word' id='word_1_719' title='bbox 523 5221 658 5259; x_wconf 91' lang='lat' dir='ltr'><strong>vero</strong></span> <span class='ocrx_word' id='word_1_720' title='bbox 689 5211 746 5260; x_wconf 89' lang='lat' dir='ltr'><strong>et</strong></span> <span class='ocrx_word' id='word_1_721' title='bbox 775 5204 1007 5275; x_wconf 48' lang='lat' dir='ltr'><strong>alii—sic,</strong></span> <span class='ocrx_word' id='word_1_722' title='bbox 1043 5205 1140 5260; x_wconf 81' lang='grc' dir='ltr'><strong>οὐκ</strong></span> <span class='ocrx_word' id='word_1_723' title='bbox 1169 5204 1283 5275; x_wconf 69' lang='grc' dir='ltr'>οὖν,</span> <span class='ocrx_word' id='word_1_724' title='bbox 1333 5213 1390 5263; x_wconf 87' lang='lat' dir='ltr'><strong>et</strong></span> <span class='ocrx_word' id='word_1_725' title='bbox 1446 5204 1526 5263; x_wconf 79' lang='lat' dir='ltr'><strong>ita</strong></span> <span class='ocrx_word' id='word_1_726' title='bbox 1581 5209 1824 5265; x_wconf 79' lang='lat' dir='ltr'><strong>inferius</strong></span> <span class='ocrx_word' id='word_1_727' title='bbox 1883 5210 1982 5266; x_wconf 86' lang='lat' dir='ltr'><strong>sli-</strong></span> 
     </span>
    </p>
   </div>
   <div class='ocr_carea' id='block_1_87' title="bbox 343 5283 1978 5424">
    <p class='ocr_par' dir='ltr' id='par_1_87' title="bbox 343 5283 1978 5424">
     <span class='ocr_line' id='line_1_87' title="bbox 343 5283 1978 5424; baseline 0.003 -24"><span class='ocrx_word' id='word_1_728' title='bbox 343 5283 695 5424; x_wconf 52' lang='lat' dir='ltr'><strong>quégfsliac</strong></span> <span class='ocrx_word' id='word_1_729' title='bbox 721 5351 920 5424; x_wconf 73' lang='lat' dir='ltr'><strong>confer</strong></span> <span class='ocrx_word' id='word_1_730' title='bbox 949 5367 1082 5424; x_wconf 81' lang='lat' dir='ltr'><strong>cum</strong></span> <span class='ocrx_word' id='word_1_731' title='bbox 1117 5351 1521 5424; x_wconf 82' lang='lat' dir='ltr'><strong>superioribus</strong></span> <span class='ocrx_word' id='word_1_732' title='bbox 1549 5351 1729 5424; x_wconf 87' lang='lat' dir='ltr'><strong>Epist.</strong></span> <span class='ocrx_word' id='word_1_733' title='bbox 1770 5353 1978 5416; x_wconf 79' lang='grc' dir='ltr'><strong>1,η.15.</strong></span> 
     </span>
    </p>
   </div>
   <div class='ocr_carea' id='block_1_88' title="bbox 2099 3423 3742 3504">
    <p class='ocr_par' dir='ltr' id='par_1_88' title="bbox 2099 3423 3742 3504">
     <span class='ocr_line' id='line_1_88' title="bbox 2099 3423 3742 3504; baseline -0.002 -20"><span class='ocrx_word' id='word_1_734' title='bbox 2099 3431 2309 3485; x_wconf 80' lang='grc' dir='ltr'>τᾶσθαι.</span> <span class='ocrx_word' id='word_1_735' title='bbox 2344 3425 2565 3497; x_wconf 81' lang='grc' dir='ltr'>Ἐπειδή</span> <span class='ocrx_word' id='word_1_736' title='bbox 2598 3428 2648 3482; x_wconf 78' lang='grc' dir='ltr'>οἱ</span> <span class='ocrx_word' id='word_1_737' title='bbox 2680 3429 2954 3504; x_wconf 76' lang='grc' dir='ltr'>προφῆται</span> <span class='ocrx_word' id='word_1_738' title='bbox 2985 3423 3036 3480; x_wconf 87' lang='grc' dir='ltr'>ἐν</span> <span class='ocrx_word' id='word_1_739' title='bbox 3068 3430 3146 3498; x_wconf 87' lang='grc' dir='ltr'>τῷ</span> <span class='ocrx_word' id='word_1_740' title='bbox 3177 3425 3445 3498; x_wconf 82' lang='grc' dir='ltr'>Πνεῦματι</span> <span class='ocrx_word' id='word_1_741' title='bbox 3476 3430 3575 3480; x_wconf 88' lang='grc' dir='ltr'><strong>τοῦ</strong></span> <span class='ocrx_word' id='word_1_742' title='bbox 3608 3430 3742 3480; x_wconf 86' lang='grc' dir='ltr'>Θεοῦ</span> 
     </span>
    </p>
   </div>
   <div class='ocr_carea' id='block_1_89' title="bbox 2102 3513 3743 3592">
    <p class='ocr_par' dir='ltr' id='par_1_89' title="bbox 2102 3513 3743 3592">
     <span class='ocr_line' id='line_1_89' title="bbox 2102 3513 3743 3592; baseline -0.003 -20"><span class='ocrx_word' id='word_1_743' title='bbox 2102 3516 2354 3587; x_wconf 83' lang='grc' dir='ltr'>λαλοῦσι,</span> <span class='ocrx_word' id='word_1_744' title='bbox 2387 3517 2476 3572; x_wconf 83' lang='grc' dir='ltr'><strong>καὶ</strong></span> <span class='ocrx_word' id='word_1_745' title='bbox 2509 3517 2560 3571; x_wconf 71' lang='grc' dir='ltr'>ἰν</span> <span class='ocrx_word' id='word_1_746' title='bbox 2585 3521 2664 3588; x_wconf 80' lang='grc' dir='ltr'>τῷ</span> <span class='ocrx_word' id='word_1_747' title='bbox 2692 3513 2886 3586; x_wconf 67' lang='grc' dir='ltr'>Ἡσαΐᾳ</span> <span class='ocrx_word' id='word_1_748' title='bbox 2909 3515 2971 3569; x_wconf 85' lang='grc' dir='ltr'><strong>τὸ</strong></span> <span class='ocrx_word' id='word_1_749' title='bbox 3003 3516 3223 3586; x_wconf 84' lang='grc' dir='ltr'>Πνεῦμα</span> <span class='ocrx_word' id='word_1_750' title='bbox 3250 3513 3312 3568; x_wconf 86' lang='grc' dir='ltr'>τὸ</span> <span class='ocrx_word' id='word_1_751' title='bbox 3343 3516 3496 3588; x_wconf 81' lang='grc' dir='ltr'>ἅγιον</span> <span class='ocrx_word' id='word_1_752' title='bbox 3529 3534 3743 3592; x_wconf 87' lang='grc' dir='ltr'>προφη-</span> 
     </span>
    </p>
   </div>
   <div class='ocr_carea' id='block_1_90' title="bbox 2098 3600 3745 3680">
    <p class='ocr_par' dir='ltr' id='par_1_90' title="bbox 2098 3600 3745 3680">
     <span class='ocr_line' id='line_1_90' title="bbox 2098 3600 3745 3680; baseline -0.002 -18"><span class='ocrx_word' id='word_1_753' title='bbox 2098 3607 2262 3677; x_wconf 75' lang='grc' dir='ltr'>τεύει,</span> <span class='ocrx_word' id='word_1_754' title='bbox 2295 3609 2368 3669; x_wconf 83' lang='grc' dir='ltr'>ὡς</span> <span class='ocrx_word' id='word_1_755' title='bbox 2401 3605 2453 3660; x_wconf 79' lang='grc' dir='ltr'><strong>ἒν</strong></span> <span class='ocrx_word' id='word_1_756' title='bbox 2481 3611 2598 3667; x_wconf 89' lang='grc' dir='ltr'>τοῖς</span> <span class='ocrx_word' id='word_1_757' title='bbox 2649 3603 2951 3680; x_wconf 74' lang='grc' dir='ltr'>ἔμπροσθεν</span> <span class='ocrx_word' id='word_1_758' title='bbox 3004 3600 3288 3669; x_wconf 77' lang='grc' dir='ltr'>δέδεικται,</span> <span class='ocrx_word' id='word_1_759' title='bbox 3341 3604 3532 3657; x_wconf 73' lang='grc' dir='ltr'>οῦκοῦν</span> <span class='ocrx_word' id='word_1_760' title='bbox 3563 3603 3654 3658; x_wconf 88' lang='grc' dir='ltr'><strong>καὶ</strong></span> <span class='ocrx_word' id='word_1_761' title='bbox 3683 3605 3745 3658; x_wconf 90' lang='grc' dir='ltr'>τὸ</span> 
     </span>
    </p>
   </div>
   <div class='ocr_carea' id='block_1_91' title="bbox 2102 3689 3745 3770">
    <p class='ocr_par' dir='ltr' id='par_1_91' title="bbox 2102 3689 3745 3770">
     <span class='ocr_line' id='line_1_91' title="bbox 2102 3689 3745 3770; baseline -0.003 -19"><span class='ocrx_word' id='word_1_762' title='bbox 2102 3701 2322 3769; x_wconf 84' lang='grc' dir='ltr'>Πνεῦμα</span> <span class='ocrx_word' id='word_1_763' title='bbox 2352 3695 2526 3770; x_wconf 86' lang='grc' dir='ltr'>Λόγος</span> <span class='ocrx_word' id='word_1_764' title='bbox 2559 3693 2668 3748; x_wconf 79' lang='grc' dir='ltr'>ἐστὶ</span> <span class='ocrx_word' id='word_1_765' title='bbox 2699 3697 2794 3747; x_wconf 85' lang='grc' dir='ltr'><strong>τοῦ</strong></span> <span class='ocrx_word' id='word_1_766' title='bbox 2825 3696 2956 3747; x_wconf 87' lang='grc' dir='ltr'>Θεοῦ</span> <span class='ocrx_word' id='word_1_767' title='bbox 2987 3693 3098 3765; x_wconf 76' lang='grc'>(40)</span> <span class='ocrx_word' id='word_1_768' title='bbox 3129 3691 3218 3745; x_wconf 83' lang='grc' dir='ltr'><strong>καὶ</strong></span> <span class='ocrx_word' id='word_1_769' title='bbox 3242 3689 3336 3746; x_wconf 81' lang='grc' dir='ltr'>δύο</span> <span class='ocrx_word' id='word_1_770' title='bbox 3362 3691 3461 3746; x_wconf 82' lang='grc' dir='ltr'>εἶσὶ</span> <span class='ocrx_word' id='word_1_771' title='bbox 3487 3691 3745 3767; x_wconf 84' lang='grc' dir='ltr'>Λόγοι,τό</span> 
     </span>
    </p>
   </div>
   <div class='ocr_carea' id='block_1_92' title="bbox 2098 3781 3746 3859">
    <p class='ocr_par' dir='ltr' id='par_1_92' title="bbox 2098 3781 3746 3859">
     <span class='ocr_line' id='line_1_92' title="bbox 2098 3781 3746 3859; baseline -0.003 -18"><span class='ocrx_word' id='word_1_772' title='bbox 2098 3809 2155 3841; x_wconf 89' lang='grc' dir='ltr'><strong>τε</strong></span> <span class='ocrx_word' id='word_1_773' title='bbox 2186 3789 2402 3858; x_wconf 86' lang='grc' dir='ltr'>Πνεῦμα</span> <span class='ocrx_word' id='word_1_774' title='bbox 2430 3785 2518 3839; x_wconf 84' lang='grc' dir='ltr'><strong>καὶ</strong></span> <span class='ocrx_word' id='word_1_775' title='bbox 2552 3785 2580 3838; x_wconf 90' lang='lat'><strong>6</strong></span> <span class='ocrx_word' id='word_1_776' title='bbox 2610 3783 2755 3845; x_wconf 71' lang='grc' dir='ltr'>Υἱός.</span> <span class='ocrx_word' id='word_1_777' title='bbox 2790 3782 2886 3836; x_wconf 80' lang='grc' dir='ltr'><strong>Καὶ</strong></span> <span class='ocrx_word' id='word_1_778' title='bbox 2917 3781 3016 3858; x_wconf 71' lang='grc' dir='ltr'>γὰρ</span> <span class='ocrx_word' id='word_1_779' title='bbox 3048 3782 3100 3836; x_wconf 82' lang='lat' dir='ltr'><strong>o&#39;t</strong></span> <span class='ocrx_word' id='word_1_780' title='bbox 3129 3789 3407 3859; x_wconf 83' lang='grc' dir='ltr'>προφῆται</span> <span class='ocrx_word' id='word_1_781' title='bbox 3435 3783 3557 3835; x_wconf 89' lang='grc' dir='ltr'>τότε</span> <span class='ocrx_word' id='word_1_782' title='bbox 3587 3781 3746 3854; x_wconf 67' lang='grc' dir='ltr'>ἐπρο-</span> 
     </span>
    </p>
   </div>
   <div class='ocr_carea' id='block_1_93' title="bbox 2100 3870 3742 3954">
    <p class='ocr_par' dir='ltr' id='par_1_93' title="bbox 2100 3870 3742 3954">
     <span class='ocr_line' id='line_1_93' title="bbox 2100 3870 3742 3954; baseline -0.002 -24"><span class='ocrx_word' id='word_1_783' title='bbox 2100 3878 2355 3954; x_wconf 76' lang='grc' dir='ltr'>φήτευον,</span> <span class='ocrx_word' id='word_1_784' title='bbox 2387 3872 2475 3928; x_wconf 75' lang='grc' dir='ltr'>ὅτε</span> <span class='ocrx_word' id='word_1_785' title='bbox 2503 3871 2707 3947; x_wconf 78' lang='grc' dir='ltr'>ὶγίνετο</span> <span class='ocrx_word' id='word_1_786' title='bbox 2736 3873 2762 3926; x_wconf 88' lang='lat'><strong>6</strong></span> <span class='ocrx_word' id='word_1_787' title='bbox 2791 3873 2963 3947; x_wconf 84' lang='grc' dir='ltr'>Λόγος</span> <span class='ocrx_word' id='word_1_788' title='bbox 3012 3875 3108 3925; x_wconf 87' lang='grc' dir='ltr'><strong>τοῦ</strong></span> <span class='ocrx_word' id='word_1_789' title='bbox 3165 3875 3298 3926; x_wconf 85' lang='grc' dir='ltr'>Θεοῦ</span> <span class='ocrx_word' id='word_1_790' title='bbox 3343 3870 3479 3946; x_wconf 82' lang='grc' dir='ltr'>πρὸς</span> <span class='ocrx_word' id='word_1_791' title='bbox 3524 3871 3742 3934; x_wconf 78' lang='grc' dir='ltr'>αὐτούς.</span> 
     </span>
    </p>
   </div>
   <div class='ocr_carea' id='block_1_94' title="bbox 2099 3959 3746 4039">
    <p class='ocr_par' dir='ltr' id='par_1_94' title="bbox 2099 3959 3746 4039">
     <span class='ocr_line' id='line_1_94' title="bbox 2099 3959 3746 4039; baseline -0.003 -18"><span class='ocrx_word' id='word_1_792' title='bbox 2099 3964 2200 4021; x_wconf 74' lang='grc' dir='ltr'>Καί</span> <span class='ocrx_word' id='word_1_793' title='bbox 2229 3962 2304 4020; x_wconf 80' lang='grc' dir='ltr'><strong>ἔτι</strong></span> <span class='ocrx_word' id='word_1_794' title='bbox 2335 3964 2470 4039; x_wconf 87' lang='grc' dir='ltr'>πρὸς</span> <span class='ocrx_word' id='word_1_795' title='bbox 2500 3963 2737 4033; x_wconf 78' lang='grc' dir='ltr'>τούτοις,</span> <span class='ocrx_word' id='word_1_796' title='bbox 2772 3959 2957 4030; x_wconf 79' lang='grc' dir='ltr'>ἐπειδή</span> <span class='ocrx_word' id='word_1_797' title='bbox 2984 3963 3095 4033; x_wconf 83' lang='grc'>(41)</span> <span class='ocrx_word' id='word_1_798' title='bbox 3125 3960 3298 4015; x_wconf 76' lang='grc' dir='ltr'>πάντα</span> <span class='ocrx_word' id='word_1_799' title='bbox 3331 3959 3419 4016; x_wconf 81' lang='grc' dir='ltr'>διὰ</span> <span class='ocrx_word' id='word_1_800' title='bbox 3447 3967 3542 4016; x_wconf 83' lang='grc' dir='ltr'><strong>τοῦ</strong></span> <span class='ocrx_word' id='word_1_801' title='bbox 3569 3961 3746 4038; x_wconf 79' lang='grc' dir='ltr'>Λόγου</span> 
     </span>
    </p>
   </div>
   <div class='ocr_carea' id='block_1_95' title="bbox 2099 4045 3747 4128">
    <p class='ocr_par' dir='ltr' id='par_1_95' title="bbox 2099 4045 3747 4128">
     <span class='ocr_line' id='line_1_95' title="bbox 2099 4045 3747 4128; baseline -0.002 -20"><span class='ocrx_word' id='word_1_802' title='bbox 2099 4053 2325 4128; x_wconf 81' lang='grc' dir='ltr'>ἐγένετο,</span> <span class='ocrx_word' id='word_1_803' title='bbox 2357 4052 2446 4107; x_wconf 84' lang='grc' dir='ltr'><strong>καὶ</strong></span> <span class='ocrx_word' id='word_1_804' title='bbox 2505 4051 2682 4127; x_wconf 83' lang='grc' dir='ltr'>χωρὶς</span> <span class='ocrx_word' id='word_1_805' title='bbox 2741 4048 2904 4105; x_wconf 81' lang='grc' dir='ltr'>αὐτοῦ</span> <span class='ocrx_word' id='word_1_806' title='bbox 2962 4049 3172 4124; x_wconf 81' lang='grc' dir='ltr'>ἐγένετο</span> <span class='ocrx_word' id='word_1_807' title='bbox 3227 4046 3351 4104; x_wconf 73' lang='grc' dir='ltr'>οῦδὶ</span> <span class='ocrx_word' id='word_1_808' title='bbox 3398 4045 3476 4119; x_wconf 74' lang='grc' dir='ltr'>ἓν,</span> <span class='ocrx_word' id='word_1_809' title='bbox 3507 4048 3596 4103; x_wconf 87' lang='grc' dir='ltr'><strong>καὶ</strong></span> <span class='ocrx_word' id='word_1_810' title='bbox 3656 4073 3684 4101; x_wconf 91' lang='grc'><strong>‹‹</strong></span> <span class='ocrx_word' id='word_1_811' title='bbox 3720 4071 3747 4104; x_wconf 91' lang='grc' dir='ltr'><strong>ο</strong></span> 
     </span>
    </p>
   </div>
   <div class='ocr_carea' id='block_1_96' title="bbox 2100 4139 3743 4221">
    <p class='ocr_par' dir='ltr' id='par_1_96' title="bbox 2100 4139 3743 4221">
     <span class='ocr_line' id='line_1_96' title="bbox 2100 4139 3743 4221; baseline -0.004 -21"><span class='ocrx_word' id='word_1_812' title='bbox 2100 4144 2229 4206; x_wconf 83' lang='grc' dir='ltr'>Θεὸς</span> <span class='ocrx_word' id='word_1_813' title='bbox 2275 4148 2342 4218; x_wconf 77' lang='grc' dir='ltr'>τῇ</span> <span class='ocrx_word' id='word_1_814' title='bbox 2394 4143 2554 4221; x_wconf 79' lang='grc' dir='ltr'>σοφίᾳ</span> <span class='ocrx_word' id='word_1_815' title='bbox 2602 4139 2931 4215; x_wconf 85' lang='grc' dir='ltr'>έθεμελίωσε</span> <span class='ocrx_word' id='word_1_816' title='bbox 2980 4141 3080 4209; x_wconf 80' lang='grc' dir='ltr'>τήν</span> <span class='ocrx_word' id='word_1_817' title='bbox 3136 4146 3262 4216; x_wconf 83' lang='grc' dir='ltr'>γῆν,</span> <span class='ocrx_word' id='word_1_818' title='bbox 3312 4164 3338 4190; x_wconf 92' lang='grc'><strong>››</strong></span> <span class='ocrx_word' id='word_1_819' title='bbox 3369 4142 3458 4195; x_wconf 82' lang='grc' dir='ltr'><strong>καὶ</strong></span> <span class='ocrx_word' id='word_1_820' title='bbox 3489 4139 3661 4194; x_wconf 85' lang='grc' dir='ltr'>πάντα</span> <span class='ocrx_word' id='word_1_821' title='bbox 3692 4140 3743 4194; x_wconf 77' lang='grc' dir='ltr'>ἐν</span> 
     </span>
    </p>
   </div>
   <div class='ocr_carea' id='block_1_97' title="bbox 2100 4226 3748 4313">
    <p class='ocr_par' dir='ltr' id='par_1_97' title="bbox 2100 4226 3748 4313">
     <span class='ocr_line' id='line_1_97' title="bbox 2100 4226 3748 4313; baseline -0.005 -23"><span class='ocrx_word' id='word_1_822' title='bbox 2100 4235 2262 4313; x_wconf 78' lang='grc' dir='ltr'>σοφίᾳ</span> <span class='ocrx_word' id='word_1_823' title='bbox 2319 4233 2538 4305; x_wconf 77' lang='grc' dir='ltr'>ἐποίησε</span> <span class='ocrx_word' id='word_1_824' title='bbox 2583 4231 2899 4307; x_wconf 84' lang='grc' dir='ltr'>(γέγραπται</span> <span class='ocrx_word' id='word_1_825' title='bbox 2951 4227 3030 4300; x_wconf 73' lang='grc' dir='ltr'>δὲ,</span> <span class='ocrx_word' id='word_1_826' title='bbox 3077 4229 3152 4292; x_wconf 85' lang='grc' dir='ltr'>ὡς</span> <span class='ocrx_word' id='word_1_827' title='bbox 3197 4227 3248 4283; x_wconf 83' lang='grc' dir='ltr'>ἐν</span> <span class='ocrx_word' id='word_1_828' title='bbox 3298 4233 3413 4291; x_wconf 89' lang='grc' dir='ltr'>τοῖς</span> <span class='ocrx_word' id='word_1_829' title='bbox 3447 4226 3748 4304; x_wconf 75' lang='grc' dir='ltr'>ἔμπροσθεν</span> 
     </span>
    </p>
   </div>
   <div class='ocr_carea' id='block_1_98' title="bbox 2102 4316 3747 4392">
    <p class='ocr_par' dir='ltr' id='par_1_98' title="bbox 2102 4316 3747 4392">
     <span class='ocr_line' id='line_1_98' title="bbox 2102 4316 3747 4392; baseline -0.007 -12"><span class='ocrx_word' id='word_1_830' title='bbox 2102 4321 2386 4380; x_wconf 80' lang='grc' dir='ltr'>δέδεικται·</span> <span class='ocrx_word' id='word_1_831' title='bbox 2421 4347 2449 4375; x_wconf 93' lang='grc'><em>‹‹</em></span> <span class='ocrx_word' id='word_1_832' title='bbox 2485 4319 2895 4392; x_wconf 78' lang='grc' dir='ltr'>Ἐξαποστελεῖς</span> <span class='ocrx_word' id='word_1_833' title='bbox 2921 4320 2983 4374; x_wconf 85' lang='grc' dir='ltr'>τὸ</span> <span class='ocrx_word' id='word_1_834' title='bbox 3014 4317 3233 4390; x_wconf 85' lang='grc' dir='ltr'>Πνεῦμά</span> <span class='ocrx_word' id='word_1_835' title='bbox 3263 4339 3379 4390; x_wconf 85' lang='grc' dir='ltr'>σου,</span> <span class='ocrx_word' id='word_1_836' title='bbox 3411 4316 3500 4372; x_wconf 87' lang='grc' dir='ltr'><strong>καὶ</strong></span> <span class='ocrx_word' id='word_1_837' title='bbox 3523 4319 3747 4388; x_wconf 79' lang='grc' dir='ltr'>κτισθή-</span> 
     </span>
    </p>
   </div>
   <div class='ocr_carea' id='block_1_99' title="bbox 2102 4405 3752 4486">
    <p class='ocr_par' dir='ltr' id='par_1_99' title="bbox 2102 4405 3752 4486">
     <span class='ocr_line' id='line_1_99' title="bbox 2102 4405 3752 4486; baseline -0.005 -18"><span class='ocrx_word' id='word_1_838' title='bbox 2102 4415 2332 4486; x_wconf 88' lang='grc' dir='ltr'>σονται),</span> <span class='ocrx_word' id='word_1_839' title='bbox 2366 4413 2562 4467; x_wconf 81' lang='grc' dir='ltr'>οὐκοῦν</span> <span class='ocrx_word' id='word_1_840' title='bbox 2621 4411 2656 4479; x_wconf 78' lang='grc' dir='ltr'><strong>ἢ</strong></span> <span class='ocrx_word' id='word_1_841' title='bbox 2713 4410 2775 4464; x_wconf 85' lang='grc' dir='ltr'>τὸ</span> <span class='ocrx_word' id='word_1_842' title='bbox 2827 4412 3045 4481; x_wconf 86' lang='grc' dir='ltr'>Πνεῦμα</span> <span class='ocrx_word' id='word_1_843' title='bbox 3101 4408 3128 4462; x_wconf 88' lang='grc' dir='ltr'>ὁ</span> <span class='ocrx_word' id='word_1_844' title='bbox 3189 4405 3363 4481; x_wconf 86' lang='grc' dir='ltr'>Λόγος</span> <span class='ocrx_word' id='word_1_845' title='bbox 3409 4405 3639 4476; x_wconf 75' lang='grc' dir='ltr'>ἐστὶν,ἢ</span> <span class='ocrx_word' id='word_1_846' title='bbox 3699 4406 3752 4460; x_wconf 69' lang='grc' dir='ltr'>ἐν</span> 
     </span>
    </p>
   </div>
   <div class='ocr_carea' id='block_1_100' title="bbox 2103 4493 3747 4572">
    <p class='ocr_par' dir='ltr' id='par_1_100' title="bbox 2103 4493 3747 4572">
     <span class='ocr_line' id='line_1_100' title="bbox 2103 4493 3747 4572; baseline -0.005 -16"><span class='ocrx_word' id='word_1_847' title='bbox 2103 4499 2221 4557; x_wconf 85' lang='grc' dir='ltr'>δυσὶ</span> <span class='ocrx_word' id='word_1_848' title='bbox 2253 4501 2549 4572; x_wconf 84' lang='grc' dir='ltr'>πεποίηκεν</span> <span class='ocrx_word' id='word_1_849' title='bbox 2583 4499 2610 4553; x_wconf 91' lang='lat'><strong>6</strong></span> <span class='ocrx_word' id='word_1_850' title='bbox 2644 4497 2774 4560; x_wconf 84' lang='grc' dir='ltr'>Θεὸς</span> <span class='ocrx_word' id='word_1_851' title='bbox 2805 4498 2871 4552; x_wconf 74' lang='grc' dir='ltr'>τὰ</span> <span class='ocrx_word' id='word_1_852' title='bbox 2900 4499 3094 4564; x_wconf 81' lang='grc' dir='ltr'>πάντα,</span> <span class='ocrx_word' id='word_1_853' title='bbox 3128 4494 3181 4550; x_wconf 83' lang='grc' dir='ltr'>ἕν</span> <span class='ocrx_word' id='word_1_854' title='bbox 3212 4516 3268 4550; x_wconf 82' lang='grc' dir='ltr'><strong>τε</strong></span> <span class='ocrx_word' id='word_1_855' title='bbox 3314 4499 3384 4568; x_wconf 79' lang='grc' dir='ltr'>τῇ</span> <span class='ocrx_word' id='word_1_856' title='bbox 3436 4493 3611 4572; x_wconf 82' lang='grc' dir='ltr'>Σοφίᾳ</span> <span class='ocrx_word' id='word_1_857' title='bbox 3657 4495 3747 4549; x_wconf 82' lang='grc' dir='ltr'><strong>καὶ</strong></span> 
     </span>
    </p>
   </div>
   <div class='ocr_carea' id='block_1_101' title="bbox 2099 4581 3746 4662">
    <p class='ocr_par' dir='ltr' id='par_1_101' title="bbox 2099 4581 3746 4662">
     <span class='ocr_line' id='line_1_101' title="bbox 2099 4581 3746 4662; baseline -0.005 -17"><span class='ocrx_word' id='word_1_858' title='bbox 2099 4595 2179 4662; x_wconf 78' lang='grc' dir='ltr'>τῷ</span> <span class='ocrx_word' id='word_1_859' title='bbox 2209 4587 2502 4662; x_wconf 78' lang='grc' dir='ltr'>Πνεῦματι.</span> <span class='ocrx_word' id='word_1_860' title='bbox 2555 4587 2650 4642; x_wconf 83' lang='grc' dir='ltr'>Καὶ</span> <span class='ocrx_word' id='word_1_861' title='bbox 2696 4590 2810 4647; x_wconf 82' lang='grc' dir='ltr'><strong>πῶς</strong></span> <span class='ocrx_word' id='word_1_862' title='bbox 2858 4586 2886 4640; x_wconf 92' lang='lat'><strong>6</strong></span> <span class='ocrx_word' id='word_1_863' title='bbox 2940 4583 3157 4645; x_wconf 88' lang='grc' dir='ltr'>ΙΙαῦλός</span> <span class='ocrx_word' id='word_1_864' title='bbox 3207 4604 3371 4660; x_wconf 90' lang='grc' dir='ltr'>φησιν</span> <span class='ocrx_word' id='word_1_865' title='bbox 3405 4606 3433 4634; x_wconf 90' lang='grc'><strong>‹‹</strong></span> <span class='ocrx_word' id='word_1_866' title='bbox 3465 4583 3558 4643; x_wconf 80' lang='grc' dir='ltr'><strong>Εἷς</strong></span> <span class='ocrx_word' id='word_1_867' title='bbox 3591 4581 3746 4650; x_wconf 80' lang='grc' dir='ltr'>Θεός,</span> 
     </span>
    </p>
   </div>
   <div class='ocr_carea' id='block_1_102' title="bbox 2103 4669 3744 4749">
    <p class='ocr_par' dir='ltr' id='par_1_102' title="bbox 2103 4669 3744 4749">
     <span class='ocr_line' id='line_1_102' title="bbox 2103 4669 3744 4749; baseline -0.005 -15"><span class='ocrx_word' id='word_1_868' title='bbox 2103 4679 2154 4749; x_wconf 78' lang='grc' dir='ltr'><strong>ἐξ</strong></span> <span class='ocrx_word' id='word_1_869' title='bbox 2180 4677 2241 4733; x_wconf 78' lang='grc' dir='ltr'><strong>οῦ</strong></span> <span class='ocrx_word' id='word_1_870' title='bbox 2270 4679 2336 4733; x_wconf 77' lang='grc' dir='ltr'>τὰ</span> <span class='ocrx_word' id='word_1_871' title='bbox 2359 4680 2551 4749; x_wconf 76' lang='grc' dir='ltr'>πάντα,</span> <span class='ocrx_word' id='word_1_872' title='bbox 2583 4676 2672 4730; x_wconf 80' lang='grc' dir='ltr'><strong>καὶ</strong></span> <span class='ocrx_word' id='word_1_873' title='bbox 2706 4678 2781 4737; x_wconf 76' lang='grc' dir='ltr'>εἷς</span> <span class='ocrx_word' id='word_1_874' title='bbox 2815 4674 3033 4749; x_wconf 77' lang='grc' dir='ltr'>Κύριος,</span> <span class='ocrx_word' id='word_1_875' title='bbox 3069 4669 3137 4727; x_wconf 83' lang='grc' dir='ltr'>δι’</span> <span class='ocrx_word' id='word_1_876' title='bbox 3169 4670 3230 4726; x_wconf 84' lang='grc' dir='ltr'><strong>οῦ</strong></span> <span class='ocrx_word' id='word_1_877' title='bbox 3259 4671 3326 4726; x_wconf 79' lang='grc' dir='ltr'>τὰ</span> <span class='ocrx_word' id='word_1_878' title='bbox 3345 4671 3517 4726; x_wconf 86' lang='grc' dir='ltr'>πάντα</span> <span class='ocrx_word' id='word_1_879' title='bbox 3553 4695 3580 4720; x_wconf 82' lang='grc'><strong>››</strong></span> <span class='ocrx_word' id='word_1_880' title='bbox 3607 4691 3621 4742; x_wconf 85' lang='lat'><strong>;</strong></span> <span class='ocrx_word' id='word_1_881' title='bbox 3646 4670 3744 4725; x_wconf 80' lang='grc' dir='ltr'><strong>Καὶ</strong></span> 
     </span>
    </p>
   </div>
   <div class='ocr_carea' id='block_1_103' title="bbox 2100 4761 3745 4836">
    <p class='ocr_par' dir='ltr' id='par_1_103' title="bbox 2100 4761 3745 4836">
     <span class='ocr_line' id='line_1_103' title="bbox 2100 4761 3745 4836; baseline -0.007 -11"><span class='ocrx_word' id='word_1_882' title='bbox 2100 4769 2286 4826; x_wconf 58' lang='grc' dir='ltr'>πάλιν</span> <span class='ocrx_word' id='word_1_883' title='bbox 2321 4794 2347 4821; x_wconf 88' lang='grc'><em>‹‹</em></span> <span class='ocrx_word' id='word_1_884' title='bbox 2384 4763 2605 4835; x_wconf 78' lang='grc' dir='ltr'>Ἐπειδὴ</span> <span class='ocrx_word' id='word_1_885' title='bbox 2641 4768 2668 4820; x_wconf 91' lang='lat'><strong>6</strong></span> <span class='ocrx_word' id='word_1_886' title='bbox 2699 4765 2821 4826; x_wconf 72' lang='grc' dir='ltr'><strong>Υἱὸς</strong></span> <span class='ocrx_word' id='word_1_887' title='bbox 2872 4762 3029 4817; x_wconf 75' lang='grc' dir='ltr'>εἰκών</span> <span class='ocrx_word' id='word_1_888' title='bbox 3086 4761 3195 4816; x_wconf 70' lang='grc' dir='ltr'>ἐστι</span> <span class='ocrx_word' id='word_1_889' title='bbox 3243 4764 3340 4815; x_wconf 90' lang='grc' dir='ltr'><strong>τοῦ</strong></span> <span class='ocrx_word' id='word_1_890' title='bbox 3389 4761 3601 4836; x_wconf 85' lang='grc' dir='ltr'>Ιῐατρὸς</span> <span class='ocrx_word' id='word_1_891' title='bbox 3646 4763 3745 4815; x_wconf 86' lang='grc' dir='ltr'><strong>τοῦ</strong></span> 
     </span>
    </p>
   </div>
   <div class='ocr_carea' id='block_1_104' title="bbox 2143 4915 3747 4992">
    <p class='ocr_par' dir='ltr' id='par_1_104' title="bbox 2143 4915 3747 4992">
     <span class='ocr_line' id='line_1_104' title="bbox 2143 4915 3747 4992; baseline -0.007 -13"><span class='ocrx_word' id='word_1_892' title='bbox 2143 4926 2184 4961; x_wconf 75' lang='grc' dir='ltr'><strong><em>ιτ</em></strong></span> <span class='ocrx_word' id='word_1_893' title='bbox 2214 4927 2379 4979; x_wconf 89' lang='lat' dir='ltr'><strong>Joan.</strong></span> <span class='ocrx_word' id='word_1_894' title='bbox 2415 4938 2455 4992; x_wconf 84' lang='grc' dir='ltr'><strong>ι,</strong></span> <span class='ocrx_word' id='word_1_895' title='bbox 2485 4922 2540 4976; x_wconf 90' lang='grc'><strong>3.</strong></span> <span class='ocrx_word' id='word_1_896' title='bbox 2655 4921 2697 4956; x_wconf 80' lang='grc'><strong>¹³</strong></span> <span class='ocrx_word' id='word_1_897' title='bbox 2729 4919 2894 4974; x_wconf 89' lang='lat' dir='ltr'><strong>Prov.</strong></span> <span class='ocrx_word' id='word_1_898' title='bbox 2927 4935 3009 4988; x_wconf 80' lang='lat' dir='ltr'><strong>Ill,</strong></span> <span class='ocrx_word' id='word_1_899' title='bbox 3045 4915 3130 4971; x_wconf 90' lang='grc'><strong>19.</strong></span> <span class='ocrx_word' id='word_1_900' title='bbox 3247 4915 3468 4971; x_wconf 70' lang='grc' dir='ltr'><strong>ηῬεει.</strong></span> <span class='ocrx_word' id='word_1_901' title='bbox 3503 4931 3626 4983; x_wconf 85' lang='lat' dir='ltr'><strong>cm,</strong></span> <span class='ocrx_word' id='word_1_902' title='bbox 3653 4915 3747 4969; x_wconf 78' lang='grc'><strong>24.</strong></span> 
     </span>
    </p>
   </div>
   <div class='ocr_carea' id='block_1_105' title="bbox 2099 5127 3748 5204">
    <p class='ocr_par' dir='ltr' id='par_1_105' title="bbox 2099 5127 3748 5204">
     <span class='ocr_line' id='line_1_105' title="bbox 2099 5127 3748 5204; baseline -0.007 -10"><span class='ocrx_word' id='word_1_903' title='bbox 2099 5143 2156 5194; x_wconf 88' lang='lat' dir='ltr'><strong>et</strong></span> <span class='ocrx_word' id='word_1_904' title='bbox 2189 5136 2439 5193; x_wconf 83' lang='lat' dir='ltr'><strong>Felckm.</strong></span> <span class='ocrx_word' id='word_1_905' title='bbox 2466 5136 2515 5204; x_wconf 87' lang='grc'>1,</span> <span class='ocrx_word' id='word_1_906' title='bbox 2548 5131 2788 5189; x_wconf 88' lang='lat' dir='ltr'><strong>omissis</strong></span> <span class='ocrx_word' id='word_1_907' title='bbox 2815 5127 3220 5204; x_wconf 81' lang='lat' dir='ltr'><strong>intermedi_is._</strong></span> <span class='ocrx_word' id='word_1_908' title='bbox 3263 5131 3392 5184; x_wconf 83' lang='lat' dir='ltr'><strong>Mox</strong></span> <span class='ocrx_word' id='word_1_909' title='bbox 3450 5128 3510 5184; x_wconf 90' lang='lat' dir='ltr'><strong>in</strong></span> <span class='ocrx_word' id='word_1_910' title='bbox 3569 5127 3748 5201; x_wconf 83' lang='lat' dir='ltr'><strong>Regio</strong></span> 
     </span>
    </p>
   </div>
   <div class='ocr_carea' id='block_1_106' title="bbox 2089 5197 3366 5268">
    <p class='ocr_par' dir='ltr' id='par_1_106' title="bbox 2089 5197 3366 5268">
     <span class='ocr_line' id='line_1_106' title="bbox 2089 5197 3366 5268; baseline -0.009 -5"><span class='ocrx_word' id='word_1_911' title='bbox 2089 5208 2170 5263; x_wconf 78' lang='grc' dir='ltr'><strong>ὅτι</strong></span> <span class='ocrx_word' id='word_1_912' title='bbox 2203 5210 2382 5265; x_wconf 87' lang='lat' dir='ltr'><strong>deest.</strong></span> <span class='ocrx_word' id='word_1_913' title='bbox 2417 5197 2561 5262; x_wconf 75' lang='lat' dir='ltr'><strong>Ibid.</strong></span> <span class='ocrx_word' id='word_1_914' title='bbox 2592 5203 2951 5268; x_wconf 75' lang='lat' dir='ltr'><strong>Seguerian.,</strong></span> <span class='ocrx_word' id='word_1_915' title='bbox 2985 5199 3012 5253; x_wconf 89' lang='lat'><strong>6</strong></span> <span class='ocrx_word' id='word_1_916' title='bbox 3046 5197 3169 5260; x_wconf 69' lang='grc' dir='ltr'>Υἱός</span> <span class='ocrx_word' id='word_1_917' title='bbox 3202 5197 3366 5253; x_wconf 72' lang='grc' dir='ltr'>ἐστιν.</span> 
     </span>
    </p>
   </div>
   <div class='ocr_carea' id='block_1_107' title="bbox 2162 5271 3672 5355">
    <p class='ocr_par' dir='ltr' id='par_1_107' title="bbox 2162 5271 3672 5355">
     <span class='ocr_line' id='line_1_107' title="bbox 2162 5271 3672 5355; baseline -0.005 -24"><span class='ocrx_word' id='word_1_918' title='bbox 2162 5282 2273 5355; x_wconf 63' lang='lat'><strong>(37)</strong></span> <span class='ocrx_word' id='word_1_919' title='bbox 2303 5278 2379 5355; x_wconf 76' lang='grc' dir='ltr'>Τρ</span> <span class='ocrx_word' id='word_1_920' title='bbox 2414 5271 2821 5355; x_wconf 22' lang='grc' dir='ltr'>ῃνεῢμα-ἇῌεθει</span> <span class='ocrx_word' id='word_1_921' title='bbox 2846 5275 2904 5329; x_wconf 93' lang='lat' dir='ltr'><strong>in</strong></span> <span class='ocrx_word' id='word_1_922' title='bbox 2937 5271 3166 5355; x_wconf 56' lang='lat' dir='ltr'><strong>Gobler.</strong></span> <span class='ocrx_word' id='word_1_923' title='bbox 3201 5276 3256 5326; x_wconf 88' lang='lat' dir='ltr'><strong>et</strong></span> <span class='ocrx_word' id='word_1_924' title='bbox 3288 5271 3539 5355; x_wconf 69' lang='lat' dir='ltr'><strong>Felckm.</strong></span> <span class='ocrx_word' id='word_1_925' title='bbox 3662 5342 3672 5354; x_wconf 41' lang='lat'><em>.</em></span> 
     </span>
    </p>
   </div>
   <div class='ocr_carea' id='block_1_108' title="bbox 2160 5341 3742 5422">
    <p class='ocr_par' dir='ltr' id='par_1_108' title="bbox 2160 5341 3742 5422">
     <span class='ocr_line' id='line_1_108' title="bbox 2160 5341 3742 5422; baseline -0.006 -16"><span class='ocrx_word' id='word_1_926' title='bbox 2160 5341 2272 5422; x_wconf 83' lang='grc'>(38)</span> <span class='ocrx_word' id='word_1_927' title='bbox 2304 5351 2396 5405; x_wconf 88' lang='lat' dir='ltr'><strong>Sic</strong></span> <span class='ocrx_word' id='word_1_928' title='bbox 2423 5341 2653 5422; x_wconf 32' lang='lat' dir='ltr'><strong>Regiet</strong></span> <span class='ocrx_word' id='word_1_929' title='bbox 2680 5342 3105 5422; x_wconf 33' lang='lat' dir='ltr'><strong>Segusiaﬁditi</strong></span> <span class='ocrx_word' id='word_1_930' title='bbox 3138 5360 3292 5422; x_wconf 78' lang='lat' dir='ltr'><strong>vero,</strong></span> <span class='ocrx_word' id='word_1_931' title='bbox 3345 5341 3530 5422; x_wconf 45' lang='lat' dir='ltr'><strong>atros:</strong></span> <span class='ocrx_word' id='word_1_932' title='bbox 3585 5342 3742 5398; x_wconf 89' lang='lat' dir='ltr'><strong>Ibid.</strong></span> 
     </span>
    </p>
   </div>
   <div class='ocr_carea' id='block_1_109' title="bbox 412 5413 1989 5495">
    <p class='ocr_par' dir='ltr' id='par_1_109' title="bbox 412 5413 1986 5495">
     <span class='ocr_line' id='line_1_109' title="bbox 412 5413 1986 5495; baseline 0.003 -21"><span class='ocrx_word' id='word_1_933' title='bbox 555 5417 697 5495; x_wconf 72' lang='grc' dir='ltr'>Αὐτό</span> <span class='ocrx_word' id='word_1_934' title='bbox 730 5421 896 5476; x_wconf 86' lang='lat' dir='ltr'><strong>abest</strong></span> <span class='ocrx_word' id='word_1_935' title='bbox 925 5440 958 5476; x_wconf 83' lang='lat' dir='ltr'><strong>a</strong></span> <span class='ocrx_word' id='word_1_936' title='bbox 987 5413 1220 5480; x_wconf 37' lang='lat' dir='ltr'><strong>Gobler‘.</strong></span> <span class='ocrx_word' id='word_1_937' title='bbox 1263 5430 1320 5479; x_wconf 89' lang='lat' dir='ltr'><strong>et</strong></span> <span class='ocrx_word' id='word_1_938' title='bbox 1353 5423 1500 5479; x_wconf 88' lang='lat' dir='ltr'><strong>Fclc.</strong></span> <span class='ocrx_word' id='word_1_939' title='bbox 1540 5413 1740 5480; x_wconf 28' lang='lat' dir='ltr'><strong>tiMox</strong></span> <span class='ocrx_word' id='word_1_940' title='bbox 1773 5413 1986 5495; x_wconf 60' lang='lat' dir='ltr'><strong>Regat</strong></span> 
     </span>
    </p>
   </div>
   <div class='ocr_carea' id='block_1_110' title="bbox 2104 5413 3567 5495">
    <p class='ocr_par' dir='ltr' id='par_1_110' title="bbox 2104 5413 3567 5495">
     <span class='ocr_line' id='line_1_110' title="bbox 2104 5413 3567 5495; baseline -0.008 -17"><span class='ocrx_word' id='word_1_941' title='bbox 2104 5413 2688 5495; x_wconf 25' lang='lat' dir='ltr'><strong>Sdblérian._etheIg.</strong></span> <span class='ocrx_word' id='word_1_942' title='bbox 2724 5413 2787 5488; x_wconf 62' lang='lat'><strong>1:</strong></span> <span class='ocrx_word' id='word_1_943' title='bbox 2809 5413 2936 5495; x_wconf 78' lang='grc' dir='ltr'>ἀλλ’</span> <span class='ocrx_word' id='word_1_944' title='bbox 2965 5413 3256 5495; x_wconf 71' lang='grc' dir='ltr'>ἀκρκρίνου</span> <span class='ocrx_word' id='word_1_945' title='bbox 3286 5415 3567 5495; x_wconf 43' lang='grc' dir='ltr'>πρὸςκτῄνε</span> 
     </span>
    </p>
   </div>
   <div class='ocr_carea' id='block_1_111' title="bbox 339 5490 1982 5566">
    <p class='ocr_par' dir='ltr' id='par_1_111' title="bbox 339 5490 1982 5566">
     <span class='ocr_line' id='line_1_111' title="bbox 339 5490 1982 5566; baseline 0.004 -21"><span class='ocrx_word' id='word_1_946' title='bbox 339 5491 602 5566; x_wconf 59' lang='grc' dir='ltr'><strong>δοευθςη</strong></span> <span class='ocrx_word' id='word_1_947' title='bbox 638 5490 1018 5566; x_wconf 38' lang='grc' dir='ltr'>ῦμεῖςηῐίθοὶε.</span> <span class='ocrx_word' id='word_1_948' title='bbox 1049 5495 1221 5561; x_wconf 86' lang='lat' dir='ltr'><strong>Editi,</strong></span> <span class='ocrx_word' id='word_1_949' title='bbox 1255 5496 1449 5566; x_wconf 56' lang='lat' dir='ltr'><strong>1’}de</strong></span> <span class='ocrx_word' id='word_1_950' title='bbox 1499 5496 1674 5551; x_wconf 85' lang='lat' dir='ltr'><strong>Paulo</strong></span> <span class='ocrx_word' id='word_1_951' title='bbox 1706 5502 1836 5566; x_wconf 87' lang='lat' dir='ltr'><strong>post</strong></span> <span class='ocrx_word' id='word_1_952' title='bbox 1858 5490 1982 5551; x_wconf 52' lang='lat' dir='ltr'><strong>&quot;Se-</strong></span> 
     </span>
    </p>
   </div>
   <div class='ocr_carea' id='block_1_112' title="bbox 343 5559 1984 5640">
    <p class='ocr_par' dir='ltr' id='par_1_112' title="bbox 343 5559 1984 5640">
     <span class='ocr_line' id='line_1_112' title="bbox 343 5559 1984 5640; baseline 0.005 -24"><span class='ocrx_word' id='word_1_953' title='bbox 343 5559 503 5640; x_wconf 69' lang='lat' dir='ltr'><strong>guér.</strong></span> <span class='ocrx_word' id='word_1_954' title='bbox 538 5559 969 5640; x_wconf 68' lang='lat' dir='ltr'><strong>Ba§i1._Go_bler.</strong></span> <span class='ocrx_word' id='word_1_955' title='bbox 1031 5570 1088 5619; x_wconf 86' lang='lat' dir='ltr'><strong>et</strong></span> <span class='ocrx_word' id='word_1_956' title='bbox 1134 5559 1390 5640; x_wconf 30' lang='lat' dir='ltr'><strong>Eelcf},</strong></span> <span class='ocrx_word' id='word_1_957' title='bbox 1425 5559 1663 5640; x_wconf 80' lang='grc' dir='ltr'>ἔγγονον.</span> <span class='ocrx_word' id='word_1_958' title='bbox 1701 5559 1917 5623; x_wconf 65' lang='lat' dir='ltr'><strong>Ibidem</strong></span> <span class='ocrx_word' id='word_1_959' title='bbox 1950 5585 1984 5624; x_wconf 89' lang='lat' dir='ltr'><strong>a</strong></span> 
     </span>
    </p>
   </div>
   <div class='ocr_carea' id='block_1_113' title="bbox 339 5634 1647 5702">
    <p class='ocr_par' dir='ltr' id='par_1_113' title="bbox 339 5634 1647 5702">
     <span class='ocr_line' id='line_1_113' title="bbox 339 5634 1647 5702; baseline 0.008 -17"><span class='ocrx_word' id='word_1_960' title='bbox 339 5638 568 5702; x_wconf 78' lang='lat' dir='ltr'><strong>Seguer.</strong></span> <span class='ocrx_word' id='word_1_961' title='bbox 603 5634 934 5702; x_wconf 86' lang='lat' dir='ltr'><strong>Goblerian.</strong></span> <span class='ocrx_word' id='word_1_962' title='bbox 996 5641 1052 5690; x_wconf 86' lang='lat' dir='ltr'><strong>et</strong></span> <span class='ocrx_word' id='word_1_963' title='bbox 1086 5637 1228 5693; x_wconf 84' lang='lat' dir='ltr'><strong>Felc.</strong></span> <span class='ocrx_word' id='word_1_964' title='bbox 1266 5642 1284 5693; x_wconf 91' lang='grc'><strong>1</strong></span> <span class='ocrx_word' id='word_1_965' title='bbox 1319 5635 1431 5690; x_wconf 83' lang='grc' dir='ltr'>ἐστι</span> <span class='ocrx_word' id='word_1_966' title='bbox 1463 5634 1647 5696; x_wconf 82' lang='lat' dir='ltr'><strong>abest.</strong></span> 
     </span>
    </p>
   </div>
   <div class='ocr_carea' id='block_1_114' title="bbox 434 5702 1568 5775">
    <p class='ocr_par' dir='ltr' id='par_1_114' title="bbox 434 5702 1568 5775">
     <span class='ocr_line' id='line_1_114' title="bbox 434 5702 1568 5775; baseline 0.005 -17"><span class='ocrx_word' id='word_1_967' title='bbox 434 5705 524 5775; x_wconf 88' lang='lat'><strong>35)</strong></span> <span class='ocrx_word' id='word_1_968' title='bbox 554 5702 637 5775; x_wconf 52' lang='lat' dir='ltr'><strong>Mt</strong></span> <span class='ocrx_word' id='word_1_969' title='bbox 668 5705 830 5762; x_wconf 87' lang='lat' dir='ltr'><strong>deest</strong></span> <span class='ocrx_word' id='word_1_970' title='bbox 859 5707 917 5762; x_wconf 91' lang='lat' dir='ltr'><strong>in</strong></span> <span class='ocrx_word' id='word_1_971' title='bbox 983 5707 1209 5766; x_wconf 89' lang='lat' dir='ltr'><strong>Oobler.</strong></span> <span class='ocrx_word' id='word_1_972' title='bbox 1243 5716 1300 5766; x_wconf 87' lang='lat' dir='ltr'><strong>et</strong></span> <span class='ocrx_word' id='word_1_973' title='bbox 1330 5709 1478 5764; x_wconf 89' lang='lat' dir='ltr'><strong>Felc.</strong></span> <span class='ocrx_word' id='word_1_974' title='bbox 1519 5713 1568 5764; x_wconf 83' lang='lat'><strong>1.</strong></span> 
     </span>
    </p>
   </div>
   <div class='ocr_carea' id='block_1_115' title="bbox 413 5773 1973 5852">
    <p class='ocr_par' dir='ltr' id='par_1_115' title="bbox 413 5773 1973 5852">
     <span class='ocr_line' id='line_1_115' title="bbox 413 5773 1973 5852; baseline 0.005 -24"><span class='ocrx_word' id='word_1_975' title='bbox 555 5773 756 5829; x_wconf 69' lang='grc' dir='ltr'>Εἴπατε</span> <span class='ocrx_word' id='word_1_976' title='bbox 787 5778 923 5852; x_wconf 88' lang='grc' dir='ltr'>πρὸς</span> <span class='ocrx_word' id='word_1_977' title='bbox 965 5777 1181 5842; x_wconf 73' lang='grc' dir='ltr'>αὐτούς’</span> <span class='ocrx_word' id='word_1_978' title='bbox 1246 5780 1368 5837; x_wconf 75' lang='grc' dir='ltr'>Ἐὰν</span> <span class='ocrx_word' id='word_1_979' title='bbox 1429 5777 1536 5837; x_wconf 87' lang='grc' dir='ltr'>εἷ’π.</span> <span class='ocrx_word' id='word_1_980' title='bbox 1595 5774 1686 5835; x_wconf 84' lang='lat' dir='ltr'><strong>Sic</strong></span> <span class='ocrx_word' id='word_1_981' title='bbox 1745 5780 1973 5839; x_wconf 84' lang='lat' dir='ltr'><strong>Gobler.</strong></span> 
     </span>
    </p>
   </div>
   <div class='ocr_carea' id='block_1_116' title="bbox 2165 5485 3739 5566">
    <p class='ocr_par' dir='ltr' id='par_1_116' title="bbox 2165 5485 3739 5566">
     <span class='ocr_line' id='line_1_116' title="bbox 2165 5485 3739 5566; baseline -0.006 -18"><span class='ocrx_word' id='word_1_982' title='bbox 2165 5495 2270 5565; x_wconf 74' lang='lat'><strong>(39)</strong></span> <span class='ocrx_word' id='word_1_983' title='bbox 2303 5493 2516 5566; x_wconf 84' lang='lat' dir='ltr'><strong>Regius</strong></span> <span class='ocrx_word' id='word_1_984' title='bbox 2549 5498 2605 5548; x_wconf 89' lang='lat' dir='ltr'><strong>et</strong></span> <span class='ocrx_word' id='word_1_985' title='bbox 2633 5485 2996 5562; x_wconf 81' lang='lat' dir='ltr'><strong>Seguerian.,</strong></span> <span class='ocrx_word' id='word_1_986' title='bbox 3033 5485 3183 5558; x_wconf 72' lang='grc' dir='ltr'>ὑμῖν,</span> <span class='ocrx_word' id='word_1_987' title='bbox 3213 5485 3384 5543; x_wconf 82' lang='lat' dir='ltr'><strong>recte.</strong></span> <span class='ocrx_word' id='word_1_988' title='bbox 3422 5485 3572 5541; x_wconf 90' lang='lat' dir='ltr'><strong>Editi</strong></span> <span class='ocrx_word' id='word_1_989' title='bbox 3602 5502 3739 5540; x_wconf 89' lang='lat' dir='ltr'><strong>vero</strong></span> 
     </span>
    </p>
   </div>
   <div class='ocr_carea' id='block_1_117' title="bbox 2095 5565 2268 5637">
    <p class='ocr_par' dir='ltr' id='par_1_117' title="bbox 2095 5565 2268 5637">
     <span class='ocr_line' id='line_1_117' title="bbox 2095 5565 2268 5637; baseline 0.006 -19"><span class='ocrx_word' id='word_1_990' title='bbox 2095 5565 2268 5637; x_wconf 76' lang='grc' dir='ltr'>ὑμῶν.</span> 
     </span>
    </p>
   </div>
   <div class='ocr_carea' id='block_1_118' title="bbox 2162 5630 3377 5707">
    <p class='ocr_par' dir='ltr' id='par_1_118' title="bbox 2162 5630 3377 5707">
     <span class='ocr_line' id='line_1_118' title="bbox 2162 5630 3377 5707; baseline -0.005 -17"><span class='ocrx_word' id='word_1_991' title='bbox 2162 5638 2276 5707; x_wconf 80' lang='grc'>(40)</span> <span class='ocrx_word' id='word_1_992' title='bbox 2301 5637 2405 5688; x_wconf 88' lang='grc' dir='ltr'>Τοῦ</span> <span class='ocrx_word' id='word_1_993' title='bbox 2432 5637 2566 5707; x_wconf 69' lang='grc' dir='ltr'><strong>βεοῦ</strong></span> <span class='ocrx_word' id='word_1_994' title='bbox 2597 5635 2766 5707; x_wconf 82' lang='lat' dir='ltr'><strong>abest</strong></span> <span class='ocrx_word' id='word_1_995' title='bbox 2794 5631 3034 5707; x_wconf 37' lang='lat' dir='ltr'><strong>Gobler..</strong></span> <span class='ocrx_word' id='word_1_996' title='bbox 3060 5635 3116 5687; x_wconf 89' lang='lat' dir='ltr'><strong>et</strong></span> <span class='ocrx_word' id='word_1_997' title='bbox 3145 5630 3294 5687; x_wconf 87' lang='lat' dir='ltr'><strong>Felc.</strong></span> <span class='ocrx_word' id='word_1_998' title='bbox 3328 5631 3377 5685; x_wconf 90' lang='grc'>1.</span> 
     </span>
    </p>
   </div>
   <div class='ocr_carea' id='block_1_119' title="bbox 2161 5700 3056 5781">
    <p class='ocr_par' dir='ltr' id='par_1_119' title="bbox 2161 5700 3056 5781">
     <span class='ocr_line' id='line_1_119' title="bbox 2161 5700 3056 5781; baseline -0.01 -18"><span class='ocrx_word' id='word_1_999' title='bbox 2161 5700 2274 5781; x_wconf 80' lang='grc'>(41)</span> <span class='ocrx_word' id='word_1_1000' title='bbox 2305 5705 2534 5764; x_wconf 89' lang='lat' dir='ltr'><strong>Gobler.</strong></span> <span class='ocrx_word' id='word_1_1001' title='bbox 2571 5711 2630 5764; x_wconf 92' lang='lat' dir='ltr'><strong>et</strong></span> <span class='ocrx_word' id='word_1_1002' title='bbox 2649 5705 2800 5762; x_wconf 83' lang='lat' dir='ltr'><strong>Felc.</strong></span> <span class='ocrx_word' id='word_1_1003' title='bbox 2834 5706 2888 5772; x_wconf 83' lang='grc'>4,</span> <span class='ocrx_word' id='word_1_1004' title='bbox 2921 5700 3056 5757; x_wconf 69' lang='grc' dir='ltr'>ἐπεί.</span> 
     </span>
    </p>
   </div>
  </div>
