4076 6346
343 384 456 448 641

1441 387 1817 451 EPISTOLA
1863 384 1943 451 ιν
1983 389 2085 450 AD
2130 391 2657 463 SERAPIONEM.

3632 412 3752 473 642

336 514 597 590 ἀοράτου,
630 536 658 568 τι
692 510 803 570 ἔστι
837 512 894 570 δὲ
919 516 983 570 τὸ
1014 520 1232 591 Πνεῦμα
1261 517 1419 573 εἰκὼν
1463 522 1562 573 τοῦ
1612 518 1739 573 Υἳοῦ
1770 519 1977 594 (γέγρα-

2099 521 2233 576 hilis
2263 523 2332 612 3?,
2368 545 2396 574 »
2427 528 2517 580 est
2545 531 2742 582 autem
2774 528 3026 601 Spiritus
3056 531 3249 605 imago
3280 533 3429 605 Filii,
3462 540 3748 612 scriptum

336 624 469 659 πται
502 603 626 679 γάρ·
664 627 692 656 ‹‹
727 602 830 667 Οὓς
876 606 1122 681 προέγνω
1170 608 1257 661 καὶ
1308 610 1584 682 προώρισε
1633 606 1991 683 συμμόρφους

336 698 439 761 τῆς
474 689 679 754 εἰκόνος
709 696 805 747 τοῦ
837 692 966 747 Υἲοῦ
998 693 1164 747 αὐτοῦ
1190 694 1475 765 »),οὖκοῦν
1502 693 1638 748 κατᾶ
1666 698 1826 749 τοῦτο
1851 694 1991 748 πάπ-

337 801 444 843 πος
477 781 506 834 6
537 781 745 856 Πατήρ.
776 781 873 835 Καὶ
926 778 1113 851 ἐπειδὴ
1148 782 1176 836 6
1211 782 1306 854 μὶν
1350 783 1475 844 Υἱὸς
1531 782 1582 838 ἐν
1634 786 1711 855 τῷ
1759 782 1989 857 ὀνόματι

337 873 439 925 τοῦ
468 870 682 945 Πατρὸς
713 869 873 938 ἦλθε·
908 894 934 922 (ι
969 871 1045 927 Τὸ
1074 867 1131 925 δὲ
1179 874 1397 944 Πνεῦμα
1442 871 1505 927 τὸ
1554 871 1733 947 ἅγιον,
1766 896 1793 923 ››
1824 871 1986 950 φησὶν

340 960 369 1013 6
400 959 550 1026 Υἱὸς,
584 982 613 1011 ‹‹
644 958 674 1013 ὃ
721 958 926 1032 πέμψει
975 960 1004 1013 6
1052 959 1239 1034 Πατὴρ
1288 957 1341 1014 έν
1392 964 1471 1031 τῷ
1520 958 1743 1033 ὀνόματί
1797 979 1922 1033 μου·
1960 982 1987 1010 ››

341 1046 535 1103 οὐκοῦν
563 1047 652 1102 καὶ
687 1046 830 1102 οὕτω
864 1050 975 1122 (42)
999 1047 1218 1111 πάππος
1251 1049 1278 1103 6
1306 1049 1513 1123 Πατήρ.
1538 1046 1607 1106 Τί
1638 1049 1775 1123 πρὸς
1800 1052 1985 1119 ταῦτα,

338 1137 520 1191 καίτοι
551 1137 725 1191 πάντα
757 1134 1005 1213 λέγοντες
1036 1136 1275 1213 εὐχερῶς
1301 1158 1314 1209 ;
1340 1138 1408 1195 Τί
1443 1134 1815 1213 διαλογίζεσθε
1853 1138 1989 1213 πρὸς

340 1224 602 1294 Eant-06¢;
649 1231 718 1280 Ἢ
791 1226 1024 1301 ὁρῶντες
1083 1224 1304 1288 ἑαυτοὺς
1360 1225 1713 1302 ἀποροῦντας,
1773 1227 1989 1301 μέμφε-

339 1325 432 1377 σθε
490 1315 601 1386 (43)
645 1313 740 1375 τὰς
792 1314 1046 1376 τοιαύτας
1102 1313 1437 1387 ἐρωτήσειςς
1491 1313 1668 1370 Ἀλλὰ
1719 1315 1985 1390 πρότερον

339 1401 542 1456 ἑαυτῶν
604 1401 912 1478 κατάγνωτε
940 1403 1120 1477 (ὑμεῖς
1176 1402 1280 1479 γὰρ
1337 1407 1562 1458 τοιαῦτα
1608 1401 1809 1478 ἐρωτᾷν
1860 1403 1985 1458 εἰώ-

338 1492 510 1564 θατε),
563 1490 653 1545 καὶ
711 1492 960 1556 πείθεσθε
1013 1497 1133 1555 ταῖς
1192 1496 1448 1571 Γραφαῖς,
1507 1493 1594 1548 καὶ
1658 1492 1984 1569 ἀποροῦντες

338 1578 533 1650 εἰπεῖν,
570 1580 766 1653 μάθετε
796 1578 1011 1636 λοιπόν·
1046 1581 1173 1643 Υἱὸς
1228 1582 1322 1655 μὲν
1366 1580 1419 1636 ἐν
1468 1586 1587 1643 ταῖς
1642 1586 1878 1658 Γραφαῖς
1921 1583 1985 1637 τὸ

336 1672 559 1741 Πνεῦμα
587 1669 689 1723 οὐκ
718 1666 1199 1745 ὠνομάσθη,ἆλλὰ
1222 1673 1444 1742 Πνεῦμα
1465 1671 1620 1745 ἅγιον
1650 1670 1739 1724 καὶ
1762 1671 1984 1744 Πνεῦμα

334 1760 433 1811 τοῦ
464 1762 618 1814 Θεοῦ.
645 1760 849 1834 Ὥσπερ
909 1742 967 1813 δὲ
1008 1759 1111 1813 οὐκ
1159 1757 1453 1832 ὠνομάσθη
1502 1742 1624 1821 Ῠίὸς
1650 1759 1712 1814 τὸ
1742 1742 1981 1831 Πνεῦμα,

2098 614 2188 665 est
2216 611 2372 667 enim
2404 628 2418 668 :
2457 635 2486 664 ‹‹
2515 613 2669 677 Quos
2721 618 3007 687 praescivit
3035 624 3091 675 et
3138 611 3747 691 praedestinaviticon-

2104 697 2320 754 formes
2369 701 2491 756 ﬁeri
2525 702 2802 775 imaginis
2834 706 2960 762 Filii
2993 707 3083 763 sui
3116 709 3162 745 ’3
3194 727 3206 763 :
3243 732 3270 761 ››
3304 713 3485 786 igitur
3515 717 3622 779 hac
3654 737 3745 776 ra-

2095 785 2255 841 tione
2281 804 2423 844 avue
2453 798 2538 846 est
2568 794 2755 847 Pater.
2784 794 2851 848 Et
2881 796 3159 866 quoniam
3191 785 3371 857 Filius
3402 806 3638 875 quidem
3684 808 3744 864 in

2098 875 2337 931 nomine
2387 878 2571 935 Patris
2602 881 2757 936 venit
2786 898 2800 937 :
2840 905 2868 932 ‹‹
2897 884 3152 956 Spiritus
3191 894 3388 947 autem
3421 900 3681 969 sanctus,
3711 919 3740 947 »

2098 963 2176 1018 ait
2207 965 2404 1032 Filius,
2439 990 2466 1016 «
2500 984 2675 1039 quem
2709 970 2901 1026 mittet
2936 973 3101 1029 Pater
3130 976 3186 1031 in
3222 980 3457 1036 nomine
3488 1000 3615 1040 meo
3638 963 3742 1042 2in»

2097 1068 2233 1124 ergo
2263 1058 2320 1110 et
2351 1055 2459 1111 hoc
2490 1072 2723 1130 quoque
2755 1061 2925 1117 modo
2957 1078 3100 1119 avus
3130 1072 3219 1121 est
3246 1072 3434 1125 Pater.
3468 1071 3615 1136 Quid
3670 1077 3743 1132 ad

2096 1140 2219 1195 haac
2254 1146 2592 1215 responsuri
2622 1147 2785 1213 estis,
2818 1147 2952 1205 licet
2983 1154 3179 1209 omnia
3226 1160 3442 1215 temere
3490 1162 3743 1220 dicatis?

2096 1230 2241 1294 Quid
2275 1233 2708 1290 ratiocinamini
2741 1238 2895 1309 apud
2955 1243 3340 1316 vosmetipsos
3369 1248 3398 1302 ?
3462 1254 3546 1306 An
3604 1268 3740 1310 cum

2096 1319 2412 1376 advertatis
2442 1339 2543 1379 vos
2574 1323 2862 1395 haesitare,
2912 1329 3205 1399 ejusmodi
3255 1338 3603 1404 quastiones
3651 1359 3741 1398 re-

2096 1408 2509 1501 prehenditis?
2553 1414 2659 1469 Sed
2713 1414 2875 1485 prius
2923 1434 3022 1472 vos
3069 1419 3228 1491 ipsos
3254 1428 3741 1501 coarguite(nam

2093 1495 2232 1551 talia
2261 1514 2519 1570 quaerere
2548 1503 2955 1577 consuevistis)
2984 1495 3419 1584 Scripturisqus
3452 1495 3745 1593 obtempe-

2095 1590 2236 1676 rate,
2272 1590 2329 1642 et
2359 1604 2491 1644 cum
2528 1607 2640 1645 non
2664 1598 2981 1664 suppetant
3009 1612 3135 1667 quas
3181 1604 3603 1676 respondeatis,
3653 1590 3743 1664 di-

2096 1674 2242 1730 scite
2272 1676 2534 1748 posthac,
2558 1679 2837 1751 Spiritum
2873 1682 2929 1737 in
2962 1684 3277 1757 Scripturis
3309 1674 3612 1765 nunquam
3644 1714 3739 1754 vo-

2094 1767 2448 1859 catum—esse
2479 1767 2713 1833 Filium,
2742 1770 2842 1825 sed
2875 1772 3153 1842 Spiritum
3187 1784 3479 1851 sanctum,
3511 1787 3569 1841 et
3610 1785 3743 1859 Spi-

337 1844 513 1909 οῦτως
545 1843 673 1902 οὔδε
699 1845 823 1923 περὶ
848 1850 945 1901 τοῦ
969 1848 1097 1901 Υὶοῦ
1126 1845 1441 1922 γέγραπται,
1469 1846 1551 1903 ὅτι
1583 1846 1744 1909 αὐτός
1780 1847 1889 1903 ἔστι
1920 1848 1977 1902 τὸ

2092 1850 2270 1906 ritum
2302 1853 2424 1908 Dei.
2446 1856 2951 1951 Quemadmodum
2985 1867 3179 1919 autem
3212 1843 3476 1938 Spiritus.
3497 1889 3612 1929 non
3639 1843 3744 1933 vo-

339 1938 563 2009 Πνεῦμα
590 1936 653 1990 τὸ
684 1935 857 2012 ἅγιον.
889 1937 1011 2010 Ἆρ’
1041 1933 1155 2003 οὖν,
1187 1932 1372 2005 ἐπειδή
1409 1938 1520 2009 (44)
1554 1937 1658 1991 οὐκ
1685 1936 1977 2010 ὠνομάσθη

2095 1944 2261 2030 catus
2291 1946 2381 1997 est
2411 1941 2624 2011 Filius;
2660 1944 2743 2001 sic
2777 1964 2962 2019 neque
2994 1950 3066 2005 de
3102 1932 3557 2030 Filio-scriptum
3602 1932 3692 2019 est
3726 1980 3742 2022 :

336 2023 464 2085 Υἱὸς
491 2025 555 2079 τὸ
587 2026 827 2097 Πνεῦμα,
846 2021 960 2079 οὐδ’
990 2022 1073 2079 ὅτι
1092 2025 1216 2086 Υἱός
1249 2023 1359 2079 ἐστι
1384 2025 1447 2079 τὸ
1469 2023 1985 2101 ΙΙνεῦμα,διαφωνεῖ

334 2118 438 2181 τῆς
466 2111 730 2183 ἀληθείας
761 2116 796 2183 ἡ
827 2113 1039 2184 πίστις;
1063 2115 1152 2182 Μὴ
1180 2113 1421 2189 γένοιτοῐ
1442 2111 1617 2170 Ἀλλὰ
1646 2116 1733 2169 καὶ
1766 2113 1979 2187 μᾶλλον

334 2197 558 2256 ἕκαστον
590 2205 697 2256 τῶν
733 2203 1152 2275 σημαινομένων
1181 2200 1297 2277 ἔχει
1326 2203 1425 2271 τήν
1460 2199 1600 2257 ἰδίαν
1631 2208 1852 2279 γνῶσιν.
1878 2203 1980 2260 Καὶ

331 2289 435 2365 γὰρ
462 2290 626 2352 ὁΥἱὸς
658 2287 796 2345 ἴδιον
823 2297 923 2361 τῆς
949 2289 1134 2353 οὐσίας
1163 2290 1252 2346 καὶ
1282 2297 1383 2361 τῆς
1415 2289 1624 2370 φύσεως
1651 2296 1747 2347 τοῦ
1766 2295 1787 2349 Ι
1799 2294 1980 2366 [ατρός

331 2376 442 2433 ἐστι
476 2378 743 2454 γέννημα,
763 2379 1030 2434 καὶτοῦτο
1063 2377 1178 2456 ἔχει
1204 2381 1267 2435 τὸ
1299 2380 1725 2454 σημαινόμενον.
1744 2380 1842 2437 Καὶ
1867 2384 1978 2456 (45)

328 2468 393 2521 τὸ
444 2469 666 2541 Πνεῦμα
715 2467 771 2523 δὲ
816 2466 1116 2544 λεγόμενον
1162 2473 1259 2525 τοῦ
1309 2474 1461 2538 Θεοῦ,
1493 2471 1582 2525 καὶ
1631 2468 1681 2525 ἐν
1715 2472 1865 2543 αὐτῷ
1896 2471 1979 2543 ὃν,

332 2555 397 2610 οὖ
423 2555 568 2629 ξένον
594 2555 704 2611 ἐστὶ
736 2564 836 2627 τῆς
861 2561 957 2612 τοῦ
984 2558 1116 2612 Υἶοῦ
1156 2557 1386 2636 φύσεως,
1421 2555 1543 2613 οὔτε
1594 2566 1694 2630 τῆς
1727 2564 1822 2614 τοῦ
1866 2566 1978 2615 Πα-

328 2645 458 2719 τρὸς
490 2646 765 2717 θεότητος.
800 2646 897 2700 Διὰ
923 2650 1083 2701 τοῦτο
1115 2647 1219 2722 γὰρ
1251 2646 1303 2702 ἐν
1337 2645 1551 2721 Τριάδι,
1577 2646 1630 2703 ἐν
1663 2650 1856 2725 ΙΙατρὶ,
1888 2649 1978 2704 καὶ

331 2732 384 2788 ἐν
410 2735 793 2808 (45¹)Υἱῷ,καὶ
829 2734 881 2789 ἐν
915 2737 1064 2808 αὗτῷ
1092 2740 1172 2808 τῷ
1197 2735 1493 2810 ΙΙνεύματι,
1512 2736 1609 2811 μία
1630 2733 1822 2809 θεότης
1843 2736 1978 2810 ἐστὶ,

326 2822 421 2877 καὶ
453 2822 506 2878 ἂν
534 2822 670 2896 αὐτῇ
702 2827 770 2897 τῇ
804 2821 997 2899 Τριάδι
1027 2820 1082 2879 ἓν
1131 2823 1243 2880 ἐστι
1288 2827 1351 2880 τὸ
1400 2826 1701 2901 βάπτισμα,
1730 2826 1821 2882 καὶ
1879 2829 1979 2900 μία

326 2914 364 2981 ἡ
401 2911 602 2974 πίστις.
638 2911 861 2986 Ἀμέλει
886 2918 982 2968 τοῦ
1011 2914 1220 2988 Πατρὸς
1259 2913 1572 2987 πέμποντος
1619 2916 1683 2970 τὸ
1730 2921 1976 2989 Πνεῦμα,

328 3001 359 3054 ὁ
406 3000 529 3062 Υἱὸς
578 3000 832 3077 ἐμφυσῶν
878 2998 1100 3056 δίδωσιν
1145 3001 1276 3057 αὐτὸ
1313 3008 1430 3064 τοῖς
1464 3005 1751 3075 μαθηταῖς
1786 3003 1974 3073 ἐπειδή

333 3113 365 3142 ιτ
397 3089 572 3144 πάντα
603 3090 701 3144 ὅσα
730 3087 844 3166 ἔχει
879 3091 907 3145 6
940 3092 1154 3167 Πατὴρ,
1185 3096 1283 3146 τοῦ
1330 3093 1460 3147 Υἱοῦ
1501 3091 1632 3150 ἐστι.
1669 3118 1690 3144 ι
1731 3095 1826 3150 Καὶ
1862 3097 1977 3168 (46)

324 3181 423 3232 τοῦ
454 3178 632 3252 Λόγνυ
688 3177 980 3254 γινομένου
1037 3178 1089 3234 ἐν
1147 3184 1268 3243 τοῖς
1323 3182 1653 3259 προφήταις,
1687 3182 1839 3239 αὐτοὶ
1894 3187 1975 3256 τῷ

324 3264 602 3339 Πνεύματι
659 3252 1050 3345 ἐπροφήτευον,
1084 3267 1159 3332 ὡς
1214 3252 1510 3345 γέγραπται
1540 3252 1645 3326 καὶ*
1684 3252 1969 3327 δέδεικται-ο
2003 3252 2046 3320 C

324 3378 353 3405 «
387 3359 481 3426 Τῷ
506 3353 671 3431 Λόγῳ
702 3355 905 3432 Κυρίου
950 3357 1001 3410 οἱ
1032 3355 1253 3433 οὐρανοὶ
1298 3357 1721 3433 ἐστερεώθησαν,
1751 3359 1840 3415 καὶ
1892 3366 1974 3434 τῷ

327 3442 605 3517 ΙΙνεύματι
636 3448 732 3499 τοῦ
763 3444 1034 3519 στόματος
1065 3444 1231 3501 αὐτοῦ
1261 3448 1454 3517 πᾶσαή
1476 3444 1705 3522 δύναμις
1723 3449 1921 3509 αὐτῶν.
1943 3474 1970 3501 ››

402 3623 456 3677 4.
489 3618 676 3683 Οὕτως
730 3620 833 3675 οὐκ
874 3616 986 3676 ἔστι
1032 3621 1233 3696 κτίσμα
1272 3623 1335 3678 τὸ
1379 3624 1623 3697 Πνεῦμα,
1658 3624 1785 3682 ἀλλ’
1832 3624 1970 3685 ἴδιον

328 3716 432 3779 τῆς
463 3712 560 3763 τοῦ
587 3709 762 3783 Λόγου
794 3708 1001 3781 οὐσίας,
1032 3707 1172 3767 ἴδιον
1202 3711 1292 3766 καὶ
1322 3716 1418 3767 τοῦ
1457 3717 1612 3787 Θεοῦ,
1638 3715 1727 3770 καὶ
1773 3715 1824 3771 ἰν
1877 3716 1972 3773 αὖ·

328 3802 413 3871 τῷ
442 3796 657 3873 λέγεται
686 3797 841 3852 εἶναι.
875 3796 1053 3853 Πάλιν
1083 3800 1184 3876 γὰρ
1213 3801 1281 3855 τὰ
1309 3800 1444 3855 αὐτᾶ
1470 3800 1643 3879 λέγειν
1677 3803 1778 3860 οὐκ
1808 3805 1972 3878 ὀκνη-

324 3887 471 3942 τέον.
503 3885 568 3942 Εἰ
616 3886 705 3970 διαὶ
754 3886 878 3951 Υἱὸς
904 3886 1002 3942 οὐκ
1031 3886 1325 3962 ὠνομάσθη
1356 3887 1418 3944 τὸ
1450 3896 1671 3964 Πνεῦμα
1697 3894 1760 3948 τὸ
1791 3894 1969 3970 ἅγιον,

324 3972 455 4029 ἀλλ’
487 3972 587 4029 οὐκ
615 3968 756 4030 ἔστιν
785 3973 939 4037 ἐκτὸς
967 3978 1063 4029 τοῦ
1101 3977 1246 4030 Υἱοῦ·
1285 3981 1505 4051 Πνεῦμα
1549 3981 1653 4054 γὰρ
1699 3968 1969 4047 υἱοθεσίας

323 4061 560 4137 εἷ’ρηταιο
594 4062 684 4117 καὶ
716 4060 903 4132 ἐπειδὴ
937 4087 967 4116 ‹‹
999 4065 1228 4137 Χριστὸς
1256 4069 1389 4121 Θεοῦ
1420 4063 1647 4141 δύναμις
1695 4071 1785 4125 καὶ
1836 4077 1970 4128 Θεοῦ

322 4149 508 4227 σοφία,
568 4174 597 4202 ››
655 4149 970 4214 ἀκολούθως
1023 4147 1231 4228 εἴρηται
1289 4154 1414 4229 περὶ
1466 4160 1564 4211 τοῦ
1618 4158 1965 4233 Πνεύματος·

325 4261 355 4292 ιι
388 4242 610 4313 Πνεῦμα
649 4241 862 4315 σοφίας,
892 4240 979 4295 καὶ
1028 4242 1253 4315 Πνεῦμα
1300 4239 1583 4318 δυνάμεώς
1628 4246 1761 4303 ἐστι.
1797 4273 1825 4302 ››
1858 4252 1969 4308 Τοῦ

2094 2028 2223 2099 Ipse
2253 2033 2341 2084 est
2367 2030 2617 2102 Spiritus
2632 2038 3096 2123 isAanctus.Num'
3111 2039 3291 2113 igitur
3320 2028 3458 2117 quia
3488 2050 3743 2123 Spiritus

2092 2132 2207 2171 non
2239 2123 2479 2175 vocatus
2508 2125 2597 2175 est
2628 2121 2828 2189 Filius,
2858 2129 2914 2179 et
2945 2121 3124 2183 Filius
3169 2146 3284 2186 non
3332 2139 3419 2190 est
3462 2121 3737 2211 Spiritus,

2094 2205 2222 2261 ideo
2276 2207 2552 2263 dissentit
2581 2226 2614 2264 a
2643 2211 2880 2267 veritate
2913 2214 3103 2270 ﬁdes?
3132 2219 3329 2275 Absit!
3359 2205 3519 2290 Quin—
3539 2205 3739 2299 potius

2090 2297 2557 2389 unumquodque
2585 2314 2786 2354 eorum
2819 2317 2947 2372 quis
2976 2302 3332 2378 indicantur,
3368 2297 3556 2370 habet
3599 2335 3739 2389 pro-

2090 2383 2276 2455 priam
2308 2385 3049 2457 significationem.Etenim
3087 2394 3265 2452 Filius
3292 2383 3634 2460 substantias
3675 2425 3742 2464 ac

2091 2476 2308 2527 naturae
2341 2471 2529 2529 Patris
2557 2478 2791 2547 propria
2821 2482 2910 2532 est
2943 2480 3155 2550 proles,
3189 2490 3245 2539 et
3274 2486 3384 2543 hoc
3412 2506 3607 2549 revera
3656 2496 3741 2551 si—

2093 2560 2333 2632 gniﬁcat
2364 2578 2377 2616 :
2411 2562 2574 2630 item,
2606 2565 2856 2636 Spiritus
2887 2571 2982 2637 qui
3020 2570 3113 2625 Dei
3145 2573 3381 2645 dicitur,
3416 2583 3473 2634 et
3504 2581 3561 2636 in
3612 2582 3741 2655 ipso

2089 2653 2197 2719 est,
2245 2666 2359 2705 non
2413 2652 2639 2708 alienus
2672 2658 2759 2708 est
2790 2672 2823 2709 a
2880 2656 3005 2712 Filii
3060 2665 3288 2731 natura,
3349 2683 3454 2723 nec
3493 2686 3526 2724 a
3556 2652 3743 2728 Patris

2087 2738 2409 2795 divinitate.
2444 2739 2575 2796 ldeo
2605 2741 2761 2797 enim
2793 2744 2850 2798 in
2884 2745 3187 2816 Trinitale,
3219 2752 3442 2811 scilicet
3468 2757 3529 2813 in
3569 2759 3741 2817 Patre

2087 2830 2140 2882 et
2172 2827 2231 2882 in
2263 2825 2403 2882 Filio
2434 2832 2489 2883 et
2517 2827 2576 2883 in
2611 2831 2738 2901 ipso
2768 2832 2983 2903 Spiritu
3018 2842 3223 2893 sancto
3259 2857 3378 2897 una
3407 2850 3497 2901 est
3526 2846 3740 2904 divini-

2084 2921 2197 2982 tas,
2230 2921 2286 2969 et
2316 2917 2372 2971 in
2401 2916 2532 2989 ipsa
2577 2917 2857 2977 Trinitate
2911 2939 3098 2980 unum
3156 2934 3246 2983 est
3303 2930 3621 3004 baptisma,
3679 2943 3737 2994 et

2085 3022 2201 3093 una
2232 3004 2703 3062 fides.Nimirum
2736 3008 2903 3065 Patre
2935 3012 3202 3071 mittente
3232 3019 3737 3093 Spiritum,Filius

2082 3092 2393 3149 insufﬂans
2424 3094 2523 3150 dat
2552 3093 2718 3150 illum
2750 3097 3057 3169 discipulis
3089 3103 3166 3157 πε
3201 3092 3738 3176 ιιιιοοίιιωιοωοία

2084 3198 2447 3254 quaecunque
2477 3183 2653 3239 habet
2682 3188 2873 3257 Pater,
2928 3190 3049 3244 Filii
3105 3198 3247 3249 sunt
3293 3196 3357 3251 η.
3412 3221 3439 3248 ››
3486 3201 3556 3257 Et
3601 3220 3734 3260 cum

2082 3270 2338 3365 Verbum
2370 3271 2429 3325 in
2458 3273 2757 3365 prophetis
2780 3275 2964 3341 ﬁeret,
2996 3278 3107 3352 ipsi
3143 3282 3201 3337 in
3234 3284 3453 3357 Spiritu
3489 3292 3738 3365 prophe-

2083 3359 2309 3425 tabant,
2342 3365 2408 3415 ut
2438 3360 2721 3432 scriptum
2755 3380 2820 3418 ac
2851 3365 3314 3427 demonstratum
3350 3359 3523 3432 est:_«
3548 3359 3735 3438 verbo

2082 3446 2313 3503 Domini
2362 3448 2489 3504 casti
2546 3449 2762 3507 ﬁrmati
2834 3460 2994 3523 sunt,
3049 3461 3108 3513 et
3156 3459 3375 3533 Spiritu
3434 3466 3553 3524 oris
3607 3470 3737 3540 ejus

2083 3537 2277 3593 omnis
2306 3536 2494 3594 virtus
2522 3554 2723 3595 eorum
2753 3541 2816 3596 ’⁷.
2854 3565 2881 3591 ››

2156 3626 2207 3681 4.
2244 3627 2444 3698 Itaque
2475 3643 2589 3682 non
2619 3634 2809 3685 creata
2839 3647 2930 3687 res
2961 3636 3050 3689 est
3079 3636 3329 3707 Spiritus
3362 3660 3376 3699 :
3409 3636 3510 3700 sed
3566 3645 3741 3720 Verbi

2082 3716 2427 3772 substantia
2489 3718 2784 3789 proprius,
2813 3719 2914 3775 Dei
2945 3721 3086 3778 item
3121 3729 3411 3799 proprius,
3440 3738 3498 3788 et
3523 3733 3583 3789 in
3612 3716 3741 3808 ipso

2081 3822 2211 3861 esse
2241 3805 2743 3877 dicitur.Rursum
2775 3809 2978 3865 eadem
3010 3812 3139 3884 ipsa
3171 3816 3359 3875 dicere
3389 3836 3505 3878 non
3522 3805 3739 3894 pigeat.

2081 3894 2330 3951 Tametsi
2363 3894 2613 3966 Spiritus
2644 3902 2886 3954 sanctus
2934 3916 3049 3956 non
3101 3911 3340 3963 vocatus
3387 3916 3476 3965 est
3533 3912 3739 3980 Filius,

2080 4001 2196 4041 non
2244 3988 2440 4039 tamen
2498 3988 2589 4039 est
2638 3990 2799 4041 extra
2852 3987 3099 4060 Filium;
3159 3993 3413 4066 Spiritus
3483 4017 3742 4074 namque

2081 4073 2417 4146 adoptionis
2448 4073 2646 4129 dictus
2677 4079 2798 4145 est;
2823 4081 2880 4132 et
2911 4078 3052 4150 quia
3076 4102 3105 4131 ‹‹
3132 4082 3397 4142 Christus
3428 4087 3530 4144 Dei
3552 4073 3741 4148 virtus

2079 4168 2138 4220 et
2170 4161 2266 4219 Dei
2299 4161 2590 4234 sapientia
2621 4168 2709 4218 est
2741 4164 2809 4233 ³⁸,
2864 4186 2892 4215 ››
2946 4176 3336 4239 congruenter
3390 4175 3460 4232 de
3518 4178 3740 4249 Spiritu

2080 4256 2283 4311 sancto
2315 4250 2536 4307 dictum
2567 4256 2672 4319 est,
2714 4271 2737 4299 ι
2769 4254 3020 4323 Spiritus
3050 4258 3351 4331 sapientis:
3380 4268 3438 4319 et
3485 4265 3740 4338 Spiritus

320 4328 425 4403 γὰρ
453 4327 777 4428 Ιένεύματος,
805 4329 1147 4405 μετέχοντες,
1180 4327 1383 4407 ἔχομεν
1413 4335 1504 4389 τὸν
1555 4336 1702 4406 Υἱὸν,
1734 4338 1825 4392 καὶ
1872 4341 1965 4396 τὸν

2089 4340 2309 4397 virtutis
2370 4345 2460 4395 est
2492 4340 2555 4394 ³ο.
2592 4361 2621 4390 ››
2654 4342 2795 4397 Cum
2828 4343 2984 4399 enim
3017 4327 3333 4422 participes
3366 4327 3575 4411 sumus
3610 4356 3738 4428 Spi-

321 4418 446 4503 Υἱὸν
478 4413 719 4494 ἔχοντες,
750 4413 955 4503 ἔχομεν
987 4420 1048 4475 τὸ
1078 4425 1315 4495 Πνεῦμα,
1347 4423 1545 4497 κράζον
1577 4422 1630 4479 ἐν
1656 4431 1779 4489 ταῖς
1834 4448 1967 4503 καρ-

321 4502 460 4569 δίαις
498 4507 684 4580 ὴμῶν,
721 4530 748 4559 ››
778 4502 954 4564 Ἀϐϐἃ
1001 4509 1028 4562 6
1078 4510 1285 4584 Πατὴρ,
1324 4535 1349 4563 ιι
1400 4511 1476 4574 ὡς
1520 4513 1555 4568 6
1605 4502 1962 4592 Παῦλος

2076 4431 2244 4498 ritus,
2281 4428 2487 4484 Filium
2520 4429 2830 4500 habemus,
2862 4437 2919 4487 et
2952 4432 3160 4491 Filium
3188 4437 3493 4511 habentes,
3547 4441 3734 4501 habe-

2078 4536 2209 4576 mus
2257 4523 2313 4574 et
2359 4517 2642 4590 Spiritum
2688 4518 3037 4578 clamantem
3088 4523 3147 4579 in
3178 4527 3457 4587 cordibus
3489 4532 3735 4607 nostris,

320 4593 556 4669 εἷ’ρηκεν.
581 4595 647 4653 Εἰ
707 4594 751 4652 δ’
803 4596 886 4652 ὅτι
942 4597 1005 4652 τὸ
1066 4599 1285 4672 Πνεῦμά
1314 4597 1425 4656 ἐστι
1456 4604 1553 4656 τοῦ
1583 4606 1738 4672 Θεοῦ,
1768 4603 1860 4659 καὶ
1911 4605 1963 4662 ἐν

2091 4633 2106 4661 ‹
2126 4609 2283 4664 Abba
2312 4607 2479 4663 Pater
2506 4608 2573 4674 ³ο,
2598 4629 2626 4657 ››
2663 4613 2727 4664 ut
2759 4610 3019 4682 loquitur
3048 4613 3287 4673 Paulus.
3322 4620 3481 4686 Quod
3518 4621 3567 4678 si
3598 4593 3738 4695 quia

317 4682 466 4756 αὖτῷ
498 4685 629 4740 εἶναι
661 4685 985 4761 γέγραπται·
1017 4709 1045 4739 ιι
1074 4687 1153 4744 Τὰ
1183 4692 1278 4742 τοῦ
1327 4693 1462 4744 Θεοῦ
1507 4691 1611 4766 γὰρ
1667 4690 1844 4758 οὐδεὶς
1890 4697 1968 4751 οἶ-

319 4769 407 4828 δεν
459 4772 508 4829 εἷ’
562 4776 638 4847 μή
691 4774 755 4829 τὸ
804 4777 1024 4849 Πνεῦμα
1076 4780 1174 4830 τοῦ
1219 4775 1352 4833 Θεοῦ
1398 4779 1461 4833 τὸ
1489 4778 1540 4835 ἐν
1570 4780 1734 4854 αὐτῷ·
1761 4806 1787 4836 ››
1820 4785 1908 4839 καὶ
1938 4786 1967 4840 6

315 4862 440 4925 Υἱὸς
500 4860 557 4918 δὲ
608 4861 845 4939 εἷ’ρηκεν·
881 4889 909 4916 ‹‹
940 4865 1078 4940 Ἐγὼ
1137 4864 1189 4920 ἐν
1237 4870 1319 4939 τῷ
1380 4870 1571 4943 Πατρῖ,
1598 4871 1686 4925 καὶ
1721 4872 1749 4925 6
1777 4873 1964 4947 Πατὴρ

2077 4697 2325 4771 Spiritus
2356 4701 2445 4752 est
2468 4695 2589 4765 Dei,
2613 4701 2671 4753 et
2699 4698 2759 4753 in
2791 4698 2918 4771 ipso
2953 4717 3080 4758 esse
3112 4705 3398 4778 scriptum
3432 4713 3520 4765 est
3552 4726 3566 4765 :
3595 4728 3734 4767 nam

2078 4811 2106 4838 «
2139 4790 2273 4853 Quae
2306 4785 2403 4841 Dei
2435 4791 2597 4855 sunt,
2631 4803 2801 4843 nemo
2832 4792 3123 4863 cognovit,
3159 4795 3271 4850 nisi
3303 4796 3557 4867 Spiritus
3608 4799 3735 4867 Dei,

2076 4875 2175 4947 qui
2207 4876 2266 4929 in
2296 4874 2425 4947 ipso
2456 4880 2546 4929 est
2573 4876 2640 4930 31.
2678 4896 2706 4925 ››
2745 4877 2922 4933 Filius
2953 4880 3094 4935 item
3127 4882 3355 4938 dixit:«
3391 4886 3507 4957 Ego
3538 4886 3597 4941 in
3631 4892 3734 4944 Pa-

312 4947 367 5005 ἐν
397 4951 544 5024 ἐμοί·
580 4975 609 5004 ››
641 4949 730 5007 διὰ
758 4953 809 5007 τί
840 4953 904 5008 τὸ
930 4951 1059 5008 αὐτὸ
1091 4950 1266 5028 ὄνομα
1322 4955 1422 5011 οὐκ
1477 4954 1588 5012 ἔστι
1638 4959 1818 5035 τούτῳ
1847 4965 1964 5037 (48)

2089 4981 2160 5020 ;re
2189 4970 2247 5020 et
2276 4967 2446 5019 Pater
2473 4964 2533 5018 in
2566 4980 2659 5020 me
2686 4963 2732 4999 ³³
2762 4981 2776 5020 :
2812 4988 2841 5016 »
2873 4982 3052 5037 quare
3085 4986 3200 5025 non
3240 4970 3378 5028 huic
3408 4947 3584 5047 atque
3641 4974 3731 5031 illi

386 5079 432 5113 ²²
458 5078 756 5155 Colossli,
799 5080 886 5135 15.
1007 5081 1253 5155 '37Rom.
1285 5100 1407 5155 vm,
1437 5086 1528 5140 29.

1651 5088 1700 5124 ³⁸
1727 5089 1896 5146 Joan.
1927 5107 2044 5158 xw,
2076 5092 2167 5145 26.

2279 5090 2521 5175 'f‘Joan.
2552 5107 2642 5175 ξε,
2674 5092 2774 5175 ἓξ,-
2815 5164 2835 5175 τ
2879 5094 2923 5128 ²⁶
2951 5093 3115 5150 Joan.
3144 5114 3259 5175 avi,
3294 5100 3380 5155 15.
3500 5102 3545 5137 ’⁷
3576 5101 3742 5175 ΡεαῙο,

312 5167 489 5220 xxxn,
521 5151 575 5206 6.
653 5150 700 5186 ²⁸
730 5153 751 5207 Ι
780 5156 906 5208 Cor.
938 5169 978 5222 1,
1009 5154 1100 5209 24.
1178 5155 1223 5190 ²⁸
1253 5156 1365 5211 lsa.
1393 5150 1478 5224 αι,
1507 5159 1562 5212 2.
1641 5160 1686 5195 ³ο
1714 5161 1901 5218 Galat.
1937 5180 1977 5218 ιι

2089 5206 2091 5215 ,
2168 5162 2211 5197 ³¹
2249 5167 2271 5216 I
2302 5164 2428 5218 Cor.
2464 5179 2529 5227 n,
2566 5150 2650 5217 14.
2726 5164 2774 5197 ⁸³
2804 5164 2975 5221 Joan.
3006 5184 3122 5234 xw,
3148 5150 3246 5225 1οῘ

532 5276 628 5357 [τε.
648 5276 786 5357 Reg.
817 5279 874 5330 et
904 5276 1140 5357 Seguer.
1169 5278 1330 5357 _Edit_i
1363 5296 1517 5357 vero,
1551 5280 1749 5357 οὕτως.

529 5347 860 5429 gohlerian.
894 5353 952 5429 et
977 5348 1127 5429 F_elc.
1161 5351 1211 5429 i_,
1248 5349 1324 5429 μὴ
1356 5347 1656 5429 μέμφεσθε.

411 5418 502 5492 44)
533 5418 866 5492 Goblerian.
902 5424 965 5492 et
990 5420 1136 5477 Felc.
1172 5418 1223 5492 1,
1249 5418 1403 5475 ἐπεί.

411 5420 502 5488 44)
533 5420 866 5474 Goblerian.
902 5424 959 5475 et
990 5420 1136 5477 Felc.
1172 5422 1223 5492 1,
1250 5420 1403 5475 ἐπεί.
1433 5420 1440 5424 ’
1486 5420 1496 5429 “

385 5420 499 5558 (45)
534 5492 593 5544 In
628 5489 965 5546 Goblerian.’
992 5496 1049 5548 et
1076 5492 1226 5548 Felc.
1267 5497 1313 5560 ι,
1339 5491 1430 5548 καί
1460 5495 1648 5553 deest.

388 5560 525 5643 (45η
555 5560 643 5643 Ἐν
677 5562 843 5643 deest
874 5563 933 5619 in
966 5564 1318 5621 Gobleriano
1348 5571 1405 5622 et
1435 5567 1812 5627 Felckmanni
1842 5571 1894 5643 1,
1913 5576 1973 5627 et

314 5630 584 5700 inferius,
615 5631 667 5704 ἐν
694 5632 867 5704 αὐτῷ.

385 5703 498 5776 (46)
525 5702 627 5761 Καί
657 5702 829 5762 deest
850 5704 910 5762 in
943 5705 1082 5762 edit.
1119 5707 1443 5783 Paris.,sed
1475 5709 1726 5768 habetur
1748 5714 1807 5770 in
1828 5714 1966 5772 edit.

2078 5287 2355 5356 Commel.
2390 5290 2444 5339 et
2475 5285 2533 5340 in
2569 5287 2846 5342 omnibus
2907 5292 3228 5348 codicibus.
3263 5294 3419 5351 Infra
3465 5296 3556 5350 καί
3598 5302 3734 5356 ante

2080 5360 2159 5427 τῷ
2192 5354 2348 5429 Λόγῳ
2380 5359 2544 5429 deest
2575 5358 2629 5429 in
2665 5359 2996 5429 Goblerian.
3032 5368 3090 5418 et
3122 5366 3270 5421 Felc.
3307 5368 3357 5423 1.

2135 5426 2442 5510 (47)“:20,
2470 5426 2545 5490 ὡς
2577 5428 2604 5480 6
2641 5428 2857 5492 Παῦλος
2893 5429 3128 5509 εἷ’ρηκεν,
3163 5437 3375 5494 desunt
3405 5438 3465 5493 in
3497 5439 3728 5497 Gobler.

2116 5503 2138 5552 t
2168 5502 2311 5554 li‘elc.
2350 5516 2558 5554 primo.

2080 5514 2138 5553 et
2168 5514 2311 5554 uelo.
2350 5516 2558 5571 primo.

2080 5640 2125 5656 ῃ
2148 5570 2266 5654 (48).
2286 5572 2381 5627 Sic
2398 5570 2647 5656 Eppius,
2671 5570 3086 5656 Segu‘erilanus,
3097 5575 3295 5656 Basil_.,
3310 5582 3368 5634 et
3396 5580 3478 5638 ita
3505 5581 3722 5656 legerat

2079 5638 2364 5699 Nannius.
2398 5638 2548 5698 Editi
2583 5658 2733 5713 vero,
2751 5638 2869 5697 ὀὐκ
2889 5638 3029 5700 ἔστιν
3061 5638 3408 5725 ἆμφοτέροις.
