4082 6340
397 427 524 489 643

946 429 1011 489 S.
1061 428 1485 492 ATHANASII
1531 428 1703 491 ()PP.
1755 427 1954 488 PARS
1997 422 2047 485 Ι.
2081 457 2159 468 -
2186 418 2605 483 HISTORIGA
2651 417 2747 483 ET
2789 420 3272 484 DOGMATICA.

3698 420 3820 483 ϐυ

396 560 552 617 idem
585 576 794 617 nomen
827 564 937 625 est,
972 561 1075 616 sed
1107 560 1201 616 hic
1232 561 1468 632 quidem
1502 561 1703 629 Filius,
1741 559 1837 617 ille
1868 556 2042 631 Spiri-

2165 551 2254 608 καὶ
2282 552 2483 624 τούτῳ,
2515 550 2643 607 ἀλλ’
2672 553 2700 607 6
2731 552 2827 625 μὶν
2857 553 3004 621 Υἱὸς,
3027 552 3089 609 τὸ
3120 549 3178 608 δὲ
3206 550 3455 627 Πνεῦμα;
3479 559 3580 610 ’Ἂν
3613 575 3696 617 τις
3720 554 3811 609 οὕ-

400 656 497 705 tus
528 648 796 705 dicitur?
826 650 884 704 Si
918 649 1051 720 quis
1085 648 1188 703 hoc
1221 651 1393 705 modo
1444 649 1775 706 sciscitatur
1822 647 1872 703 is
1925 662 2053 720 pro-

396 740 546 794 fecto
594 737 922 801 insanierit,
973 754 1106 792 cum
1152 738 1559 794 inscrutabilia
1626 742 1940 803 scrutetur,
1998 737 2056 791 et

394 825 674 898 Apostolo
707 841 820 880 non
845 825 1329 896 obtemperet,qui
1354 826 1435 880 ait
1461 842 1474 881 :
1500 849 1527 877 «
1552 826 1695 891 Quis
1716 826 1872 880 enim
1897 824 2057 879 novit

406 929 648 969 sensum
683 912 965 969 Domini?
999 921 1099 969 aut
1129 914 1261 985 quis
1294 915 1668 971 consiliarius
1691 916 1819 987 ejus
1834 912 2053 969 fuit“?»

397 1001 630 1073 Alioqui
664 1001 880 1073 quibus
910 1001 1062 1057 Deus
1113 1019 1323 1058 nomen
1377 1003 1613 1071 indidit,
1663 1004 1798 1076 quis
1840 1017 2050 1058 nomen

399 1093 629 1146 mutare
681 1089 972 1145 audebit?
1020 1090 1167 1147 alias
1211 1092 1388 1148 rebus
1438 1092 1535 1147 ille
1580 1109 1814 1164 quoque
1842 1091 2054 1147 creatis

395 1179 680 1235 vocabula
711 1179 1012 1234 attribuat.
1052 1181 1275 1250 Dicant,
1309 1182 1739 1252 quodoquidem
1790 1184 2057 1236 creatura

395 1266 599 1322 eodem
659 1270 802 1321 nutu
868 1268 1021 1322 facta
1077 1273 1190 1335 est,
1247 1269 1401 1325 559
1444 1286 1547 1324 cur
1578 1269 1691 1340 hic,
1724 1269 1850 1336 sol;
1885 1268 2051 1335 illud,

396 1354 647 1423 coelum;
680 1354 851 1416 illud.
884 1361 1059 1423 terra,
1096 1372 1255 1412 mare
1286 1361 1342 1412 et
1374 1358 1514 1412 aer?
1544 1357 1644 1413 Sin
1678 1358 1903 1413 insanis
1937 1354 2054 1411 illis

394 1442 507 1497 hoc
538 1442 905 1514 impossibile
929 1442 1215 1509 videatur,
1251 1444 1484 1516 singula
1513 1445 1669 1500 enim
1702 1450 1944 1500 manent
1990 1447 2057 1499 ut

392 1533 549 1586 facta
578 1533 972 1598 sunt;multo
1004 1533 1193 1605 magis
1234 1550 1360 1603 quae
1412 1540 1551 1589 sunt
1599 1551 1780 1606 supra
1828 1538 2053 1588 creatae

394 1636 511 1687 res,
565 1624 849 1676 mternam
903 1620 1122 1677 habent
1172 1622 1665 1693 perseverantiam
1703 1639 1715 1676 :
1750 1638 1856 1677 nec
1886 1621 2055 1677 aliter

401 1714 561 1777 sunt,
593 1724 773 1781 quam
804 1714 870 1765 ut
900 1712 1069 1765 Pater
1098 1715 1188 1766 est
1218 1715 1406 1777 Pater,
1462 1715 1519 1767 et
1569 1728 1681 1766 non
1736 1728 1880 1766 avus
1933 1727 1946 1765 :
1997 1713 2055 1766 et

393 1796 580 1853 Filius
616 1804 705 1853 est
731 1797 829 1854 Dei
865 1797 1066 1865 Filius,
1099 1805 1156 1854 et
1186 1817 1296 1854 non
1336 1801 1499 1854 Pater
1528 1798 1778 1872 Spiritus
1812 1817 1824 1854 :
1858 1799 2054 1871 etSpi-

390 1885 538 1981 ritus
568 1891 819 1981 sanctus
839 1891 957 1981 est
983 1886 1237 1957 Spiritus
1281 1893 1545 1955 sanctus,
1599 1894 1657 1943 et
1702 1904 1816 1944 non
1865 1887 2052 1943 Patris
2084 1915 2130 1981 Β

386 1974 593 2047 n'epos,
639 1988 743 2029 nec
773 1973 898 2030 Filii
930 1974 1124 2030 frater.

457 2063 511 2117 5.
546 2062 648 2118 His
683 2064 768 2117 ita
802 2064 1303 2131 commonstratis,
1334 2063 1383 2119 is
1415 2080 1557 2119 sane
1596 2064 1900 2119 insnnierit
1950 2063 2051 2136 qui

386 2151 781 2223 interrogarit,
803 2169 939 2207 num
971 2152 1228 2223 Spiritus
1259 2170 1493 2225 quoque
1520 2154 1597 2209 sit
1629 2152 1929 2208 Filius.Ne
1961 2157 2053 2207 ta-

387 2255 521 2295 men
555 2240 694 2311 quia
727 2241 806 2294 ita
835 2241 1118 2312 scriptum
1156 2258 1270 2296 non
1303 2247 1412 2309 est,
1446 2242 1576 2297 ideo
1621 2242 1754 2313 quis
1800 2257 1935 2297 eum
1984 2257 2053 2297 ex

385 2327 485 2384 Dei
519 2333 733 2383 natura
766 2334 822 2384 et
854 2330 1211 2401 proprietate
1240 2330 1493 2398 eximat;
1529 2331 1630 2385 sed
1663 2330 1743 2385 uti
1765 2330 2051 2403 scriptum

384 2418 701 2488 est,credat
736 2423 793 2471 et
826 2434 895 2472 ne
926 2419 1080 2473 dicat
1114 2436 1126 2473 :
1161 2420 1351 2484 Quare
1383 2419 1466 2475 sic
1488 2423 1548 2474 et
1578 2435 1692 2474 non
1724 2419 1941 2475 sic?ne
1959 2424 2052 2475 ta-

384 2504 465 2561 lia
493 2505 760 2576 cogitans
795 2506 1036 2576 incipiat
1061 2507 1327 2562 meditari
1351 2523 1417 2562 ac
1439 2507 1660 2562 dicere:
1693 2507 1938 2563 Ubinam
1962 2512 2053 2563 est

386 2611 525 2667 ergo
542 2595 783 2662 Deus,et
805 2596 1100 2665 quomodo
1132 2595 1328 2651 est?ac
1360 2602 1563 2668 postea
1592 2596 1829 2652 audiat:
1863 2597 2054 2653 «Dixit

387 2683 675 2753 insipiens
713 2683 771 2737 in
804 2684 976 2738 corde
1007 2700 1113 2739 suo
1140 2701 1152 2739 :
1176 2684 1298 2738 Non
1335 2689 1423 2739 est
1462 2686 1611 2739 Deus
1637 2685 1890 2740 ".nNam
1923 2702 2051 2756 quin

389 2772 503 2827 fide
534 2772 1270 2842 traduntur,cognitionem
1296 2773 1511 2827 habent
1532 2790 1647 2828 non
1671 2774 1899 2830 curiose
1926 2789 2051 2846 per.

387 2861 964 2917 ecrutandamﬂertc
993 2877 1127 2916 cum
1162 2861 1435 2934 discipuli
1469 2861 1794 2929 audissent,
1811 2887 1837 2911 α
1857 2863 2047 2935 bapti-

385 2955 585 3005 zantes
615 2965 715 3005 eos
748 2949 806 3004 in
842 2950 1074 3004 nomine
1108 2949 1293 3003 Patris
1324 2956 1380 3004 et
1414 2949 1540 3004 Filii
1564 2956 1620 3006 et
1640 2950 1892 3023 Spiritus
1912 2968 2048 3007 san-

385 3039 462 3093 cti
496 3038 717 3104 8',iinon
752 3039 980 3093 curiose
1010 3038 1522 3109 inquirebant,cur
1552 3040 1810 3095 secundo
1842 3040 2046 3110 Filius,

385 3131 442 3181 et
490 3127 662 3183 tertio
714 3127 987 3198 Spiritus,
1038 3133 1137 3182 aut
1186 3144 1292 3182 cur
1332 3128 1572 3184 omnino
1603 3128 1862 3184 Trinitas
1898 3145 1910 3184 :
1943 3130 2046 3185 sed

2161 662 2271 703 τως
2331 640 2524 717 ἐρωτᾷ,
2563 639 2809 714 μαίνοιτο
2865 639 2926 695 ἂν
2956 643 2984 696 6
3013 646 3282 711 τοιοῦτος,
3315 642 3543 718 ἐρευνῶν
3602 644 3670 698 τὰ
3717 644 3814 698 ἀν-

2166 729 2445 806 ερεύνητα,
2477 729 2566 784 καὶ
2616 730 2941 803 παρακούων
2984 734 3078 784 τοῦ
3127 730 3491 800 Ἀποστόλου,
3526 730 3809 807 λέγοντος·

2169 840 2193 872 ε
2228 817 2326 880 Τίς
2375 820 2479 893 γὰρ
2508 820 2619 891 (49)
2652 812 2793 892 ἔγνω
2837 822 2959 873 νοῦν
3010 818 3211 893 Κυρίου
3237 838 3250 888 ;
3281 818 3316 888 ἢ
3366 820 3447 881 τίς
3495 815 3814 893 σύμϐουλος

2164 908 2332 963 αὐτοῦ
2388 906 2630 984 ἐγένετος
2666 931 2695 958 ››
2724 903 2954 967 ’Ἄλλως
3005 926 3065 961 τε
3094 905 3127 960 ἃ
3170 906 3198 960 6
3243 907 3372 969 Θεὸς
3421 907 3695 983 ὠνόμασε,
3725 910 3811 973 τίς

2167 997 2531 1069 μετονομάσαι
2563 994 2830 1069 τολμήσει
2858 1013 2872 1063 ;
2900 994 3011 1049 ἐπεὶ
3046 994 3124 1057 είς
3170 995 3240 1050 τὰ
3278 1002 3379 1065 τῆς
3417 998 3644 1062 κτίσεως
3691 997 3811 1055 ἐπι-

2164 1085 2491 1161 χορηγείτω.
2528 1083 2870 1153 Είπάτωσαν,
2903 1080 3089 1152 ἐπειδὴ
3120 1085 3155 1153 ἡ
3195 1083 3368 1147 κτίσις
3397 1085 3477 1158 τῷ
3507 1087 3659 1160 αὐτῷ
3688 1090 3807 1143 νεύ-

2168 1194 2295 1245 ματι
2324 1173 2530 1248 γέγονε,
2565 1168 2653 1225 διὰ
2688 1169 2742 1225 τί
2790 1172 2818 1225 6
2853 1171 2947 1243 μὶν
2979 1170 3164 1243 ἥλιος,
3199 1172 3227 1226 6
3273 1168 3331 1227 δὶ
3378 1172 3603 1249 οὐρανὸς
3649 1176 3740 1229 καὶ
3773 1178 3810 1246 ἡ

2162 1268 2230 1336 γῆ
2262 1261 2351 1316 καὶ
2382 1263 2417 1330 ἡ
2450 1258 2691 1324 θάλασσα
2719 1260 2804 1315 καὶ
2841 1260 2945 1336 ἀήρ
2979 1262 3091 1332 (50)
3127 1280 3140 1329 ;
3174 1259 3240 1315 Ei
3270 1258 3327 1315 δὲ
3376 1258 3630 1317 ἀδύνατον
3681 1268 3810 1319 τοῦ-

2160 1349 2223 1405 τό
2280 1372 2340 1426 γε
2392 1355 2509 1412 τοῖς
2570 1346 2762 1427 ἄφροσι
2795 1350 2955 1424 (γένει
3011 1348 3116 1424 γὰρ
3171 1346 3416 1420 ἕκαστον,
3453 1351 3529 1414 ὡς
3575 1353 3810 1428 γέγονε),

2161 1438 2360 1511 πολλῷ
2394 1438 2605 1512 μᾶλλον
2630 1438 2699 1492 τὰ
2726 1435 2834 1492 ἅνω
2876 1444 2979 1507 τῆς
3026 1437 3252 1501 κτίσεως
3303 1436 3478 1493 ἀΐδιον
3537 1435 3653 1516 ἔχει
3707 1444 3808 1512 τήν

2162 1525 2453 1601 διαμονὴν,
2482 1528 2570 1581 καὶ
2607 1525 2705 1581 οὐκ
2735 1521 2875 1581 ἔστιν
2909 1524 3116 1590 ἄλλως,
3151 1525 3187 1595 ἢ
3231 1527 3306 1588 ὥς
3349 1525 3490 1583 ἐστιν
3536 1530 3565 1583 6
3614 1531 3808 1606 Πατὴρ

2163 1618 2371 1691 Πατὴρ,
2398 1617 2484 1671 καὶ
2520 1615 2583 1671 οὐ
2606 1616 2847 1681 πάππος,
2880 1616 2970 1669 καὶ
3002 1616 3030 1670 6
3062 1615 3186 1679 Υἱὸς
3214 1615 3340 1679 Υἱός
3368 1614 3480 1672 ἔστι
3510 1622 3606 1671 τοῦ
3639 1623 3807 1687 Θοοῦ,

2162 1705 2252 1758 καὶ
2284 1704 2346 1758 οὐ
2377 1706 2563 1778 Πατὴρ
2594 1709 2691 1759 τοῦ
2725 1702 3057 1777 Πνεῦματος,
3090 1704 3180 1758 καὶ
3208 1704 3271 1758 τὸ
3306 1707 3521 1778 Πνεῦμα
3547 1706 3610 1761 τὸ
3652 1706 3812 1782 ἅγιον

2167 1796 2382 1866 Πνεῦμα
2411 1794 2583 1868 ἅγιον,
2615 1791 2703 1847 καὶ
2736 1792 2835 1847 οὐκ
2882 1787 3101 1869 ἔκγονον
3133 1794 3246 1864 (51)
3274 1798 3371 1847 τοῦ
3425 1794 3653 1870 Πατρὸς,
3684 1792 3812 1850 οὐδὲ

2162 1879 2395 1960 ἀδελφὸς
2422 1886 2517 1936 τοῦ
2548 1882 2695 1936 Υἱοῦ.

2230 2063 2283 2117 5.
2318 2060 2543 2117 Τούτων
2577 2059 2719 2115 οὕτω
2749 2056 3138 2132 δεικνυμένων,
3172 2059 3408 2132 μαίνοιτ’
3439 2056 3501 2114 ἄν
3549 2080 3630 2123 τις
3673 2060 3809 2137 ἔρω-

2160 2154 2289 2218 τῖυν,
2322 2150 2445 2212 Υἱὸς
2479 2148 2569 2204 οῦν
2603 2149 2712 2204 ἆστι
2743 2149 2831 2203 καὶ
2867 2149 2931 2203 τὸ
2977 2151 3236 2221 Πνεῦμα;
3271 2145 3451 2219 Μηδὲ,
3487 2147 3676 2219 ἕπειδή
3731 2152 3809 2224 μὴ

2160 2238 2452 2316 γέγραπται
2497 2238 2660 2307 οὕτω,
2696 2235 2787 2292 διὰ
2836 2235 2997 2292 τοῦτο
3056 2237 3331 2314 ἐξαιρείτω
3387 2259 3469 2300 τις
3522 2238 3652 2294 αὐτὸ
3704 2245 3807 2310 τῆς

2159 2331 2256 2382 τοῦ
2300 2332 2432 2383 Θεοῦ
2465 2326 2674 2405 φύσεως
2729 2326 2818 2381 καὶ
2869 2324 3166 2395 ἰδιότητοςο
3199 2323 3328 2381 ἀλλ’
3358 2327 3432 2389 ὡς
3484 2328 3803 2403 γέγραπται,

2160 2418 2456 2472 πιστευέτω
2479 2415 2563 2471 καὶ
2598 2417 2674 2489 μή
2699 2418 2810 2490 (5⁷2)
2843 2413 3066 2492 λεγέτω⁶
3106 2417 3203 2471 Διὰ
3251 2415 3305 2471 τί
3350 2416 3523 2478 οὕτως
3571 2416 3661 2471 καὶ
3719 2418 3800 2490 μὴ

2161 2507 2333 2570 οὕτως
2360 2527 2373 2577 ;
2399 2505 2491 2562 ’ίνα
2525 2507 2601 2579 μὴ
2649 2509 2871 2561 τοιαῦτα
2914 2502 3382 2580 διαλογιζόμενος,
3419 2505 3642 2580 ἄρξηται
3705 2525 3800 2578 με-

2162 2594 2317 2667 λετᾷν
2363 2596 2453 2652 καὶ
2517 2594 2710 2670 λέγειν·
2746 2598 2860 2650 Ποῦ
2916 2593 3008 2648 οῦν
3067 2592 3209 2648 ἐστιν
3261 2594 3287 2648 ό
3335 2594 3489 2662 Θεὸς,
3536 2592 3626 2648 καὶ
3682 2598 3801 2656 πῶς

2161 2685 2310 2754 ἐστις
2343 2684 2431 2740 καὶ
2480 2683 2675 2739 λοιπὸν
2725 2682 2962 2738 ἀκούσει·
3005 2702 3026 2732 ε
3060 2684 3219 2737 Εἶπεν
3270 2680 3453 2759 ἄφρων
3506 2681 3558 2737 ἐν
3605 2678 3803 2756 καρδίᾳ

2158 2773 2341 2830 αὐτοῦ·
2375 2774 2489 2828 Οὐκ
2516 2769 2626 2828 ἔστι
2658 2773 2809 2833 Θεὸς’
2844 2793 2869 2824 ιι
2908 2773 2989 2829 Τὰ
3018 2772 3119 2849 γὰρ
3158 2775 3226 2845 τῇ
3274 2771 3450 2826 πίστει
3502 2768 3800 2848 παραδιδό-

2162 2885 2295 2938 μενα
2343 2863 2761 2939 ἀπεριέργαστον
2815 2855 2930 2936 ἔχει
2972 2863 3070 2930 τήν
3119 2865 3336 2937 γνῶσιν.
3387 2861 3455 2918 Οἱ
3516 2864 3642 2934 γοῦν
3684 2862 3797 2933 (53)

2161 2952 2421 3026 μαθηταὶ,
2479 2951 2822 3017 ἀκούσαντες,
2878 2974 2898 3001 ε
2956 2949 3303 3025 βαπτίζοντες
3352 2948 3547 3010 αὐτοὺς
3614 2947 3799 3023 είςΔτὸ

2157 3038 2333 3116 ὄνομα
2361 3046 2456 3096 τοῦ
2489 3040 2695 3113 Πατρὸς
2724 3038 2812 3094 καὶ
2842 3042 2938 3093 τοῦ
2969 3036 3095 3092 Υἱοῦ
3141 3038 3230 3092 καὶ
3276 3042 3373 3092 τοῦ
3418 3038 3575 3113 ἁγίου
3629 3036 3792 3093 Πνεῦ-

2160 3152 2350 3204 ματος,
2387 3155 2413 3181 ››
2446 3129 2508 3184 οὗ
2567 3127 3031 3205 περιειργάσαντο,
3065 3124 3153 3182 διὰ
3205 3126 3256 3180 τί
3308 3123 3555 3202 δεύτερον
3584 3127 3613 3181 6
3646 3126 3793 3198 Υἱὸς,

388 3218 562 3286 prout
593 3214 921 3285 audierant,
952 3216 1344 3271 crediderunt.
1372 3217 1450 3270 Nc
1473 3233 1563 3284 lue
1593 3217 2042 3275 sciscitabantur

2156 3221 2241 3274 καὶ
2287 3219 2467 3289 τρίτον
2515 3218 2578 3274 τὸ
2630 3221 2865 3290 Πνεῦμα,
2897 3216 2933 3285 ἢ
2968 3213 3057 3271 διὰ
3084 3217 3135 3271 τί
3166 3215 3311 3277 ὅλως
3343 3216 3533 3291 Τριάς·
3565 3214 3691 3271 ἀλλ’
3721 3216 3797 3278 ὡς

385 3281 560 3359 sicuti
594 3319 693 3358 vos
726 3319 738 3357 :
773 3281 998 3374 Ergone
1024 3305 1276 3375 Spiritus
1306 3309 1396 3359 est
1426 3281 1649 3360 Filius?
1679 3306 1875 3377 Neque
1906 3322 2039 3362 cum

2156 3306 2410 3378 ἤκουσαν,
2465 3306 2791 3362 ἐπίστευσανο
2818 3304 2907 3359 καὶ
2968 3303 3072 3380 οὐχ
3130 3303 3309 3379 ὥσπερ
3370 3304 3525 3377 ὑμεῖς
3577 3303 3799 3377 ἠρώτη-

382 3392 669 3447 Dominus
706 3397 835 3463 post
867 3393 1073 3448 Filium
1110 3393 1439 3448 nominaret
1465 3393 1768 3465 Spiritum,
1796 3395 2041 3451 interro-

379 3480 598 3552 gabant
632 3496 644 3535 :
681 3480 829 3552 Ergo
861 3496 1004 3534 avus
1035 3484 1124 3535 est
1158 3482 1353 3535 Pater?
1368 3481 1489 3536 Non
1523 3482 1677 3537 enim
1711 3484 2037 3553 audierant,

377 3567 439 3622 in
471 3568 708 3623 nomine
741 3568 961 3634 avi,sed
998 3569 1055 3623 in
1091 3571 1326 3625 nomine
1350 3570 1842 3643 Patris;bancque
1863 3573 2038 3628 fidem

377 3658 556 3728 probe
587 3658 918 3713 ratiocinati
953 3658 1420 3729 praedicaverunt
1452 3659 1686 3722 ubique.
1724 3660 1845 3717 Non
1879 3661 2037 3717 enim

375 3745 544 3802 aliter
592 3746 963 3818 loquendum
1002 3747 1127 3814 fuit,
1162 3764 1340 3818 quam
1376 3749 1602 3804 dixerat
1630 3748 1896 3806 Salvator
1928 3766 1941 3806 :
1974 3765 2037 3807 se

375 3833 611 3905 quidem
648 3835 887 3902 Filium,
923 3835 1088 3890 illum
1125 3853 1256 3891 vero
1286 3836 1564 3908 Spiritum
1601 3843 1891 3893 sanctum.
1924 3839 2038 3894 Ne-

374 3939 489 3995 que
522 3924 875 3979 immutandi
906 3930 1093 3991 erant,
1126 3941 1297 3981 secus
1347 3943 1523 3997 quam
1586 3928 1791 3982 ordine
1838 3928 2034 3998 juncti

372 4012 625 4085 fuerant,
661 4018 723 4067 ut
757 4029 945 4085 neque
979 4014 1159 4068 Pater.
1186 4013 1691 4078 Quemadmodum
1726 4016 1882 4071 enim
1917 4033 2032 4072 non

373 4082 508 4155 liEct
536 4099 707 4157 aliter
738 4102 808 4156 de
840 4082 939 4156 illo
971 4100 1155 4174 loqui,
1188 4120 1359 4173 quam
1396 4105 1548 4176 quod
1583 4104 1754 4159 Pater
1793 4106 1902 4173 sit;
1952 4105 2035 4162 ita

372 4188 623 4261 impium
675 4190 859 4245 fuerit
908 4191 1290 4263 interrogare,
1336 4209 1407 4247 an
1440 4192 1619 4247 Filius
1650 4192 1728 4248 sit
1755 4193 2029 4266 Spiritus,

370 4284 472 4333 aut
499 4278 757 4351 Spiritus
793 4279 989 4336 Filius.
1025 4280 1143 4336 Hac
1175 4282 1246 4336 de
1278 4299 1456 4337 causa
1485 4282 1774 4337 Sabellius
1804 4282 2031 4340 alienus

370 4367 443 4421 ab
478 4367 1054 4439 Ecclesiajudicatus
1085 4375 1192 4439 est,
1228 4388 1412 4426 ausus
1440 4372 1698 4427 tribuere
1733 4373 1885 4428 Patri
1927 4391 2030 4429 no-

372 4471 504 4510 men
539 4454 694 4521 Filii,
726 4473 791 4511 ac
824 4456 967 4512 Filio
1000 4474 1210 4514 nomen
1248 4460 1461 4515 Patris.
1515 4468 1599 4515 An
1654 4461 1849 4532 itaque
1898 4466 2031 4533 post

370 4542 493 4597 haec
525 4543 681 4598 ausit
711 4543 1003 4617 quispiam
1040 4548 1284 4603 audiens
1317 4548 1528 4603 Filium
1561 4556 1616 4604 et
1636 4550 1914 4621 Spiritum
1948 4551 2029 4606 di-

2149 3417 2265 3452 σαν·
2300 3397 2423 3458 Υἱὸς
2481 3394 2571 3451 οῦν
2631 3395 2739 3450 ἐστι
2801 3394 2862 3448 τὸ
2922 3390 3642 3467 Πνεῦμα;οὐδὶ,είπόντος
3699 3397 3798 3447 τοῦ

2152 3486 2348 3563 Κυρίου
2407 3486 2542 3559 μετᾶ
2582 3485 2673 3540 τὸν
2725 3484 2849 3538 Υἱὸν
2906 3483 2969 3537 τὸ
3019 3486 3258 3555 Πνεῦμα,
3291 3482 3607 3556 ἠρώτησαν
3644 3482 3795 3537 Πάπ-

2147 3595 2248 3637 πος
2308 3573 2398 3629 οῦν
2430 3576 2458 3629 6
2494 3575 2712 3649 Πατήρ;
2746 3571 2821 3630 Οὐ
2867 3571 2968 3648 γὰρ
2998 3569 3234 3641 ἤκουσαν
3290 3570 3367 3634 είς
3417 3566 3591 3643 ὄνομα
3645 3568 3795 3625 πάπ-

2147 3686 2274 3733 που,
2322 3663 2450 3721 ἀλλ’
2503 3663 2580 3727 εἷς
2636 3659 2811 3736 ὄνομα
2870 3661 3079 3736 Πατρὸς
3112 3663 3246 3734 (54),
3296 3660 3387 3715 καὶ
3437 3660 3637 3731 ταύτην
3689 3658 3789 3728 τὴν

2144 3752 2321 3808 πίστιν
2380 3750 2640 3827 ἐκήρυξαν
2696 3753 2996 3826 πανταχοῦ,
3059 3747 3412 3823 λογισάμενοι
3465 3746 3657 3823 ὀρθῶς.
3710 3746 3792 3804 Οὐ

2142 3842 2243 3918 γὰρ
2274 3842 2339 3910 ἧν
2372 3839 2560 3904 ἄλλως
2589 3839 2779 3907 εἰπεῖν,
2812 3838 2847 3908 ἢ
2879 3838 2952 3893 ὡς
3005 3834 3219 3913 εἷ’ρηκεν
3270 3838 3299 3891 6
3352 3838 3566 3911 Σωτήρ·
3600 3832 3788 3891 ἑαυτὸν

2147 3932 2241 4004 μὲν
2294 3931 2440 3997 Υἱὸν,
2470 3931 2533 3984 τὸ
2583 3926 2640 3983 δὲ
2688 3932 2910 4001 Πνεῦμα
2954 3928 3125 4004 ἅγιον·
3171 3923 3287 3982 οὐδ’
3336 3922 3624 3996 ἐναλλάξαι

2144 4020 2301 4092 Θέμις
2328 4019 2363 4088 ἢ
2396 4019 2469 4081 ὡς
2501 4016 2865 4089 συντέτακται,
2899 4015 3079 4092 ὥσπερ
3131 4015 3223 4070 καὶ
3273 4014 3357 4069 ἐπὶ
3407 4018 3505 4070 τοῦ
3558 4013 3787 4088 Πατρός.

2141 4110 2229 4173 Ὠς
2282 4108 2381 4185 γὰρ
2430 4107 2530 4162 οὐκ
2578 4103 2773 4177 ἔξεστιν
2834 4103 3020 4169 ἄλλως
3068 4103 3236 4159 εἶλπεῖν
3267 4102 3391 4179 περὶ
3422 4101 3671 4175 αὐτοῦ,ἢ
3702 4101 3786 4158 ὅτι

2143 4198 2349 4274 Πατὴρ,
2384 4195 2558 4260 οὕτως
2613 4189 2799 4258 ἀσεϐὲς
2854 4193 3081 4271 ἐρωτᾷν,
3131 4193 3177 4248 εἷ
3235 4192 3359 4253 Υἱός
3406 4194 3521 4263 (56)
3554 4191 3663 4247 ἔστι
3719 4190 3785 4246 τὸ

2141 4289 2380 4358 Πνεῦμα,
2412 4283 2448 4354 ἢ
2473 4285 2536 4340 τὸ
2570 4287 2786 4357 Πνεῦμα
2816 4282 2959 4347 Υἱός.
2998 4281 3095 4336 Διά
3123 4285 3285 4335 τοῦτο
3337 4275 3643 4342 Σαὸἑλλιος
3676 4280 3790 4353 (57)

2137 4372 2433 4448 ἀλλότριος
2456 4380 2555 4443 τῆς
2585 4370 2911 4442 Ἐκκλησίας
2942 4369 3154 4447 ἐκρίθη,
3186 4369 3472 4443 τολμήσας
3502 4367 3671 4423 εἰπεῖν
3700 4366 3788 4422 ἐπὶ

2134 4467 2233 4518 τοῦ
2294 4462 2505 4536 [ἰατρὸς
2556 4483 2620 4518 το
2673 4462 2819 4533 Υἱὸς,
2850 4460 2939 4515 καὶ
2994 4458 3081 4514 ἐπὶ
3136 4462 3233 4515 τοῦ
3285 4460 3415 4513 Υἱοῦ
3461 4458 3525 4512 τὸ
3552 4462 3649 4512 τοῦ
3679 4460 3787 4514 Πα-

2134 4553 2263 4627 τρὸς
2293 4554 2406 4625 (58)
2439 4548 2633 4625 ὄνομα.
2660 4551 2787 4626 Ἆρ’
2818 4549 2910 4605 οὗν
2960 4546 3040 4604 ἔτι
3099 4548 3233 4621 μετὰ
3286 4551 3454 4602 ταῦτα
3510 4544 3784 4619 τολμήσει

372 4646 500 4686 cere
535 4648 548 4687 :
584 4637 743 4688 Avus
768 4649 903 4705 ergo
936 4639 1023 4689 est
1054 4635 1243 4701 Pater,
1272 4642 1373 4691 aut
1402 4636 1586 4692 Filius
1618 4642 1709 4693 est
1739 4640 2036 4711 Spiritus?

2156 4662 2220 4703 τις
2253 4639 2464 4695 ἀκούων
2522 4641 2643 4695 Υἱὸν
2704 4640 2790 4695 καὶ
2850 4642 3065 4711 Πνεῦμα
3120 4636 3310 4692 εἰπεῖν·
3344 4637 3576 4697 Πάππος
3632 4633 3723 4689 οῦν
3756 4635 3784 4689 6

376 4721 498 4777 Imo
530 4722 834 4778 audebunt
864 4723 1155 4793 Eunomii,
1191 4725 1430 4781 Eudoxii
1476 4732 1532 4782 et
1581 4727 1835 4783 Eusebii.
1887 4736 2030 4785 Cum

2144 4732 2351 4806 Πατὴρ,
2384 4730 2419 4799 ἢ
2452 4730 2577 4792 Υἱὸς
2608 4728 2698 4785 οῦν
2732 4731 2842 4802 (59)
2875 4727 2936 4783 τὰ
2977 4731 3235 4801 Πνεῦμα;
3266 4724 3370 4782 Ναὶ
3409 4723 3785 4797 τολμήσουσιν

438 4845 484 4880 ³³
514 4846 680 4903 Rom.
713 4864 792 4917 ιι,
823 4848 912 4903 34.
990 4849 1035 4884 ³⁸
1065 4848 1219 4906 Psal.
1253 4866 1381 4919 xm,
1417 4851 1466 4905 1.
1544 4851 1589 4886 ³⁸
1616 4851 1822 4909 Matth.
1851 4871 2053 4928 xxvm,
2086 4855 2174 4912 19.

439 4973 554 5043 (49)
583 4970 688 5040 Γάρ
720 4974 884 5031 deest
917 4975 974 5029 in
1007 4975 1342 5031 Goblerian.
1375 4981 1433 5031 et
1470 4975 1616 5031 Felc.
1652 4979 1701 5032 1.

440 5044 552 5116 (50)
583 5045 813 5125 Gobler.
852 5052 914 5125 _e_t
943 5046 1132 5125 Fel_ck.
1174 5048 1425 5125 primpus,
1458 5047 1486 5100 6
1536 5044 1594 5102 δὲ
1642 5047 1891 5125 οὐρανὸς,
1922 5051 2015 5125 γῆ,

373 5114 634 5197 ράέξςκετσεν
677 5114 804 5189 ἀήρ·
851 5120 980 5197 Μρι
1018 5114 1567 5197 Βθεὶθιὲςευεςη
1607 5114 1721 5197 τοῖέ
1769 5114 2015 5197 ἅφρρείινὶ

376 5187 548 5263 Editi,
580 5181 865 5263 ξμφρόσιν.
896 5189 1073 5263 Paulo
1104 5181 1255 5263 post,
1284 5181 1458 5245 ἀίδῖον
1491 5181 1654 5247 deest
1684 5194 1742 5247 in
1784 5181 2014 5249 d6bler.

367 5266 426 5316 et
457 5258 834 5314 Felckmanni
871 5261 1079 5331 primo.

365 5397 391 5455 ἔ
437 5330 552 5403 (51)
580 5330 895 5402 Seguerian
953 5334 1179 5388 Gobler.
1209 5340 1267 5388 et
1310 5334 1453 5389 Felc.
1513 5335 1563 5401 1,
1598 5330 1813 5409 ἔγγονον
1848 5351 1859 5391 :
1893 5335 2017 5407 alii,

393 5420 606 5455 κνονον.

393 5420 606 5455 κνονον.

460 5424 606 5455 ονον.

426 5424 549 5543 (52)
582 5473 671 5542 Μή
705 5473 868 5529 deest
894 5474 949 5529 in
988 5474 1158 5530 Busil.
1636 5500 1647 5512 ο

436 5545 547 5622 (53)
577 5545 671 5622 Sic
706 5550 841 5622 Beg.
874 5552 930 5601 et
959 5547 1402 5622 ιῖεκυειιηεάἱὶξ,
1437 5545 1499 5622 Ei
1526 5551 1677 5622 γοῦν,
1714 5547 1884 5604 male.

366 5617 673 5741 ΠΟ(ῗέῂὸἱο
707 5619 944 5687 Regius,
976 5618 1315 5690 Seguerian.
1353 5617 1708 5676 Basilediti
1742 5622 2016 5688 vero,toii

417 5704 602 5745 ατρος.

439 5704 666 5828 (Ξὲῖςίὶε
698 5759 929 5830 Regius,
944 5764 999 5815 et
1022 5760 1260 5833 Seguer.
1298 5761 1447 5816 Editi
1476 5766 1697 5830 autem,
1727 5757 1884 5815 οὐδὲν
1917 5759 2015 5817 ἀλ-

2129 4976 2306 5049 λάξαι.
2342 4980 2524 5051 Paulo
2557 4985 2687 5051 post
2720 4979 2930 5050 Regius
2961 4990 3015 5034 et
3039 4976 3401 5047 Seguerian.,
3447 4971 3547 5028 οὐκ
3578 4968 3776 5042 ἔξεστιν

2128 5045 2301 5116 Editi,
2336 5051 2439 5105 οὐκ
2464 5045 2628 5105 ἔστὶν.

2342 5124 2434 5179 Sic
2467 5124 2611 5197 Reg.
2650 5122 2987 5196 Seguerian.
3020 5127 3079 5177 et
3107 5115 3585 5176 Basiliens.Editi
3619 5130 3773 5181 vero,

2127 5193 2162 5262 ἢ
2196 5195 2475 5336 ίὲἓῗοίῖθκο
2509 5271 2568 5321 εὶ
2590 5266 2828 5357 Βθξυθτ.
2864 5265 2934 5320 ad
2967 5279 3179 5390 mar?”
3206 5257 3329 5334 περὶ
3365 5253 3700 5347 Σαᾷελλίου.

2202 5339 2314 5390 (58)
2340 5336 2553 5390 Rectius
2583 5341 2640 5390 ct
2668 5337 3031 5390 Sequerian”
3063 5335 3083 5390 Ι
3114 5330 3296 5390 ατοός.
3332 5331 3505 5390 Editi.
3528 5333 3700 5390 Πνευμ

2202 5330 2314 5408 (58)
2340 5330 2553 5407 Ηθέὶιιθ
2583 5341 2640 5390 ct
2666 5330 3031 5408 Seguerian.,
3063 5330 3505 5408 II‘atpchﬂEditi,
3528 5330 3776 5408 Πνεῦμα-

2126 5402 2240 5469 τος.
2276 5402 2516 5463 Μοιιέτι
2548 5410 2709 5464 deest
2736 5402 2795 5464 i'n
2828 5407 3160 5464 Goblerian.
3183 5402 3249 5460 et
3295 5402 3547 5458 Felckm.
3583 5402 3634 5457 1.

2197 5479 2311 5552 (59)
2340 5476 2441 5562 φῦν
2475 5482 2639 5562 deest
2669 5479 2994 5562 in‘Seguer.
3029 5473 3775 5562 solo.llbid‘e_mmReg\iuspt

2126 5538 2491 5625 Ser‘guérianq
2524 5551 2625 5605 Ναὶ
2653 5538 3048 5625 τολμνςᾶεθςιχ,
3080 5553 3252 5625 recte.
3301 5544 3477 5625 Εςιίιι,
3509 5538 3599 5625 usq:
3645 5538 3775 5625 τολ-

2131 5614 2560 5693 μήὲουσιν.ΜνοΧ
2589 5623 2677 5677 καί
2711 5614 2845 5679 ante
2874 5614 3120 5691 Εὐδόξιοι
3153 5621 3318 5675 deest
3346 5617 3405 5672 in
3436 5614 3772 5693 prlerian.

2125 5685 2543 5771 ἐῖξΕβιοΚῐηαο.
2582 5695 2821 5771 l._ln(re
2851 5694 2991 5771 Reg.
3018 5685 3077 5749 et
3105 5698 3369 5771 Seguer.,
3399 5685 3685 5771 nad‘eeum.

2125 5765 2301 5839 Editi,
2331 5764 2598 5826 παύσωσι.
2642 5767 2864 5824 Ibidem
2896 5754 3037 5840 Εἷς.
3068 5770 3129 5823 et
3174 5754 3432 5836 Seguer"
3462 5754 3735 5836 γλῶτταν.
