4082 6364
287 464 408 527 645

1372 460 1753 525 EPISTOLA
1802 462 1880 523 IV
1925 465 2029 524 Al.)
2074 462 2603 526 SERAPIONEM.

3581 468 3698 528 646

290 592 582 667 Εὗνόμιοι,
612 589 701 645 καὶ
734 587 1003 664 Εὗδόξιοι,
1028 590 1117 645 καὶ
1162 586 1410 648 Εὗσὲϐιοι
1444 593 1576 666 (60).
1607 593 1783 665 Ἀπαξ
1836 593 1936 667 γάρ

2068 595 2208 650 :nim
2241 595 2420 653 semel
2455 596 2679 651 Arianae
2710 596 2949 653 haresis
2998 595 3314 653 histriones
3339 598 3524 654 eli‘eeti
3558 601 3703 668 sint,

292 680 720 757 ὑποκρινόμενοι
748 681 846 749 τὴν
880 681 1163 755 Ἀρειανὴν
1196 678 1424 758 αἳρεσιν,
1457 680 1518 736 οὐ
1567 682 1644 755 μὴ
1674 681 1938 737 παύσουσι

285 774 386 843 τὴν
440 773 641 827 ἑαυτῶν
694 768 949 845 γλῶσσαν
996 770 1101 824 ἀπὸ
1154 767 1421 833 ἀσεϐείας.
1451 770 1539 833 Τίς
1588 771 1691 848 γὰρ
1753 771 1937 832 αὐτοῖς

286 858 575 938 παρέδωκε
596 863 765 914 ταῦτα
790 886 804 927 ς
832 857 925 921 Τίς
958 859 985 913 6
1012 856 1266 930 διδάξας
1300 858 1455 918 Ἀλλ’
1487 856 1663 922 οὐδεὶς
1715 858 1776 915 ἐκ
1828 863 1937 913 τῶν

288 950 445 1015 θείων
475 953 726 1026 Γραιρῶν⁸
763 945 823 1002 ἐκ
852 944 909 1002 δὶ
946 952 1044 1002 τοῦ
1096 946 1523 1023 περισσεύματος
1570 949 1667 1020 τῆς
1721 944 1943 1023 καρδίας

290 1039 473 1095 αὐτῶν
504 1037 726 1109 ἑξῆλθεν
756 1039 792 1107 ἡ
823 1035 1049 1107 τοιαύτη
1077 1037 1491 1113 παραφροσύνη.

359 1149 414 1204 6.
451 1144 514 1201 Ei
544 1146 669 1220 γὰρ,
703 1143 818 1200 ἐπεὶ
864 1146 940 1217 μὴ
1000 1143 1202 1218 κτίσμα
1240 1143 1351 1199 ἐστὶ
1398 1144 1461 1199 τὸ
1513 1140 1729 1216 Πνεῦμα
1759 1144 1941 1217 (τοῦτο

285 1235 391 1314 γὰρ
436 1231 708 1311 ἐδείχθη),
759 1232 1014 1311 ἐρωτᾶτε,
1075 1233 1197 1296 Υἱὸς
1258 1230 1349 1287 οὗν
1404 1231 1515 1287 ἐστι
1568 1231 1632 1287 τὸ
1686 1235 1940 1304 Πνεῦμα;

292 1323 433 1401 ὥρα,
497 1322 764 1397 μαθόντας
812 1324 969 1395 ὑμᾶς,
1005 1320 1089 1376 ὅτι
1151 1322 1227 1395 μή
1276 1322 1478 1395 κτίσμα
1537 1319 1676 1377 ἐστὶν
1732 1321 1760 1375 6
1820 1320 1943 1381 Υἱὸς

291 1411 410 1489 (διὰ
463 1414 660 1469 τούτου
706 1415 818 1485 (61)
870 1411 972 1487 γὰρ
1031 1412 1099 1466 τὰ
1146 1412 1348 1485 γενητὰ
1394 1409 1657 1481 ἐκτίσθη).
1717 1407 1942 1484 ἐρωτᾷ),

296 1503 485 1580 Πατὴρ
544 1500 635 1557 οὖν
691 1501 832 1556 ἔστιν
889 1503 916 1555 6
974 1500 1130 1571 Υἱός;
1165 1501 1231 1557 Ἢ
1263 1501 1352 1554 καὶ
1384 1498 1577 1561 οὕτως·
1600 1498 1670 1553 Τὸ
1726 1501 1946 1569 Πνεῦμα

295 1589 390 1647 οῦν
441 1589 583 1646 ἔστιν
641 1590 669 1644 6
732 1590 879 1659 Υἱὸς,
910 1590 996 1643 καὶ
1054 1590 1081 1642 6
1130 1588 1253 1652 Υἱὸς
1293 1587 1453 1651 αὐτός
1494 1586 1604 1642 ἐστι
1632 1587 1695 1642 τὸ
1730 1589 1947 1659 Πνεῦμα

291 1681 357 1735 τὸ
390 1680 550 1756 ἅγιον
577 1699 591 1748 ;
622 1682 853 1733 Τοιαῦτα
884 1675 942 1732 δὲ
973 1676 1347 1754 λογιζόμενοι,
1382 1675 1483 1747 ἔξω
1519 1677 1612 1750 μὶν
1640 1678 1738 1745 τῆς
1790 1675 1947 1749 ἁγίας

294 1766 527 1846 Τριάδος
578 1764 812 1840 ἔσονται,
864 1764 1009 1832 ἄθεοι
1060 1764 1117 1821 δὶ
1164 1768 1510 1841 κριθήσονται
1562 1767 1697 1839 (62),
1741 1762 1947 1819 ἀλλάσ-

296 1878 477 1920 σοντις
527 1857 590 1912 τὸ
637 1852 809 1929 ὄνομα
836 1859 933 1911 τοῦ
966 1855 1194 1930 Πατρὸς,
1225 1855 1314 1909 καὶ
1370 1857 1469 1909 τοῦ
1526 1854 1676 1924 Υἱοῦ,
1706 1853 1795 1907 καὶ
1852 1857 1948 1907 τοῦ

2050 701 2353 756 nunquam
2383 685 2739 741 cohibebunt
2771 686 3034 758 linguam
3068 703 3237 743 suam
3272 687 3343 742 ab
3375 686 3699 759 impietate.

2050 771 2191 836 Quis
2222 772 2377 827 enim
2412 773 2531 827 haac
2562 773 2708 845 ipsis
2740 773 3032 829 tradidit?
3061 775 3204 841 Quis
3234 775 3481 831 docuit?
3521 775 3703 831 Nemo

2051 877 2191 917 sane
2208 878 2277 917 ex
2296 862 2509 917 divinis
2531 862 2873 934 Scripturis.
2900 862 3009 918 Sed
3031 880 3099 917 ex
3120 863 3482 919 abundantia
3511 864 3703 920 cordis

2051 966 2253 1005 eorum
2287 950 2625 1020 hujusmodi
2655 950 2906 1006 stultitia
2937 951 3167 1023 prodiit.

2121 1057 2175 1110 6.
2211 1057 2269 1112 Si
2291 1056 2471 1124 enim,
2491 1057 2768 1129 quoniam
2789 1063 3056 1114 creatura
3076 1074 3189 1113 non
3214 1063 3302 1113 est
3325 1057 3504 1114 Filius
3534 1058 3703 1131 (illud

2052 1144 2207 1201 enim
2221 1151 2670 1201 commonstratu
2681 1162 2734 1200 m
2749 1147 2879 1217 est),
2890 1146 3626 1219 interrogatis,ErgoneFili
3638 1163 3706 1203 us

2052 1241 2143 1288 est
2170 1234 2468 1306 Spiritus?
2498 1234 2697 1289 Restat
2742 1251 2843 1289 vos
2875 1235 2973 1306 qui
3023 1234 3314 1291 didicistis
3347 1235 3559 1291 Filium
3590 1252 3707 1291 non

2053 1339 2180 1379 esse
2209 1328 2537 1378 creaturam
2568 1327 2698 1395 (per
2719 1340 2854 1378 eum
2889 1340 3143 1395 namque
3161 1328 3439 1379 creaturas
3458 1324 3707 1380 conditas

2054 1412 2211 1484 sunt)
2243 1412 2621 1484 interrogare,
2660 1413 2822 1467 Pater
2872 1429 3009 1484 ergo
3039 1417 3125 1467 est
3157 1411 3385 1467 Filius?
3413 1415 3529 1468 Aut
3571 1413 3655 1469 sic
3691 1430 3704 1469 :

2056 1500 2311 1571 Spiritus
2341 1517 2477 1573 ergo
2508 1508 2595 1556 est
2629 1501 2830 1568 Filius,
2863 1506 2919 1556 et
2950 1500 3130 1556 Filius
3183 1502 3308 1573 ipse
3340 1507 3426 1557 est
3454 1501 3707 1573 Spiritus

2055 1593 2294 1644 sanctus
2316 1588 2497 1644 ?Cum
2523 1594 2718 1644 autem
2744 1589 2882 1644 talia
2907 1588 3163 1661 cogitent
3183 1595 3240 1644 et
3258 1595 3419 1646 extra
3439 1594 3706 1646 sanctam

2056 1676 2405 1733 Trinitatem
2437 1682 2628 1744 erunt,
2663 1682 2721 1732 et
2763 1676 2918 1732 athei
2941 1678 3391 1747 judicabuntur,
3422 1679 3575 1749 quod
3607 1679 3715 1735 im-

2059 1770 2513 1821 mutentnomen
2541 1765 2724 1821 Patris
2738 1770 2796 1821 et
2818 1764 2943 1819 Filii
2961 1770 3018 1821 et
3033 1765 3288 1837 Spiritus
3302 1768 3712 1835 saneti,trans-

2057 1853 2170 1909 ferr
2184 1856 2364 1925 ntque
2390 1852 2537 1909 illud
2561 1870 2666 1909 suo
2681 1853 2965 1909 arbitratu
2990 1853 3046 1908 in
3072 1852 3520 1911 similitudinem
3543 1872 3717 1928 gene-

296 1947 455 2023 ἁγίου
515 1945 846 2019 Πνεύματοςο
908 1943 1296 2022 μεταφέροντες
1351 1964 1410 1998 τε
1452 1942 1705 2011 αὐτὸ,ὡς
1762 1941 1949 2006 θέλου-

2068 1943 2301 1998 rationis
2327 1942 2600 1997 humana:
2628 1959 2640 1997 :
2667 1942 2821 2013 quod
2847 1946 3087 2013 nepotes
3111 1959 3361 2012 avosque
3385 1943 3711 2016 nominent,

297 2058 406 2111 σιν,
438 2034 491 2092 ἐν
539 2036 853 2109 ὁμοιώματι
904 2032 1159 2110 γενέσεως
1212 2031 1581 2107 ἀνθρωπίνης,
1613 2028 1805 2106 ἔκγονα
1834 2033 1947 2105 (63)

297 2125 393 2181 καὶ
452 2123 706 2186 πάππους
764 2122 1148 2196 ὀνομάζοντες,
1180 2121 1269 2177 καὶ
1325 2122 1423 2190 τήν
1484 2119 1768 2191 Ἑλλήνιον
1829 2122 1947 2176 θεο-

298 2214 487 2292 γονίαν
545 2214 756 2274 ἑαυτοῖς
813 2210 1306 2284 ἀναπλασσόμενοι.
1369 2211 1484 2268 Οὐκ
1538 2207 1648 2265 ἔστι
1694 2207 1752 2264 δὲ
1810 2209 1942 2279 αὕτη

297 2311 401 2374 τῆς
429 2300 758 2372 Ἐκκλησίας
786 2304 821 2371 ἠ
854 2300 1057 2370 πίστις,
1090 2298 1216 2354 ἀλλ’
1249 2301 1322 2361 ὡς
1372 2300 1513 2354 εἶπεν
1558 2299 1586 2353 6
1620 2299 1837 2373 Σωτήρ,
1870 2296 1947 2361 εἷς

303 2394 517 2469 Πατέρα
570 2392 661 2446 καὶ
710 2392 833 2445 ι”ιὸν
880 2392 970 2445 καὶ
1020 2392 1172 2465 ἅγιον
1210 2394 1445 2463 [ινεῦμαθ
1474 2388 1686 2464 Πατέρα
1740 2388 1946 2460 μέντοι,

301 2481 363 2538 οὐ
419 2480 715 2554 δυνάμενον
780 2479 1027 2555 λέγεσθαι
1086 2478 1449 2547 πάππον,καὶ
1506 2478 1629 2532 Υἱὸν
1684 2477 1747 2531 οὐ
1790 2474 1948 2532 δυνά-

306 2591 469 2645 μενον
502 2568 751 2645 λὲγεσθαι
786 2568 1016 2645 Πατέρα,
1047 2568 1134 2622 καὶ
1171 2570 1391 2640 Πνεῦμα
1423 2569 1572 2644 ἅγιον
1605 2564 1705 2621 οὐκ
1760 2562 1949 2627 ἄλλως

305 2659 342 2729 ἢ
404 2658 577 2721 οὕτως
637 2659 1065 2731 ὀνομαζόμενον.
1122 2656 1241 2711 Ἐπὶ
1294 2655 1493 2725 ταῦτής
1545 2661 1647 2725 τῆς
1716 2654 1949 2716 πίστεως

300 2748 404 2804 οὖκ
442 2744 584 2804 ἔστιν
639 2745 870 2816 ἔναλλὰξ
924 2746 1114 2801 εἶπεῖν⁸
1152 2743 1277 2799 ἀλλ’
1324 2746 1402 2800 ἀεὶ
1446 2746 1474 2799 ὁ
1526 2745 1714 2818 ΙΙατήρ
1759 2744 1948 2819 Πατήρ

300 2836 435 2906 ἐστι,
468 2836 561 2892 καὶ
622 2837 650 2890 6
709 2836 974 2908 (64)ῐ“ἱὸς
1034 2836 1113 2889 ἀεὶ
1172 2836 1316 2906 Υἱὸς,
1345 2834 1435 2889 καὶ
1490 2833 1554 2888 τὸ
1611 2836 1834 2906 Ιινεῦμα
1885 2832 1949 2886 τὸ

301 2928 458 3004 ἅγιον
491 2926 571 2981 ἀεὶ
637 2928 861 2997 Πνεῦμα
908 2924 1058 3001 ἅγιόν
1103 2924 1213 2979 ἐστι
1265 2923 1355 2977 καὶ
1406 2922 1639 2997 λέγεται.
1677 2922 1795 2976 Ἐπὶ
1854 2921 1948 2994 μὲν

301 3017 408 3094 γὰρ
437 3021 545 3071 τῶν
573 3014 945 3091 ἀνθρωπίνων.
983 3014 1083 3068 οὐκ
1112 3010 1253 3067 ἔστιν
1286 3012 1482 3084 οὕτως,
1514 3010 1609 3067 κᾶν
1656 3012 1708 3066 οἱ
1734 3012 1949 3085 Ἀρεια-

306 3106 391 3161 vol
449 3108 673 3160 τοιαῦτα
729 3102 1098 3181 φαντάζωνται
1156 3104 1292 3175 (65).
1339 3103 1428 3163 Ὠς
1479 3102 1582 3178 γάρ
1632 3099 1949 3176 γέγραπται,

307 3220 334 3247 ι(
370 3193 494 3270 Οὐχ
523 3194 597 3255 ὡς
630 3188 913 3268 ἅνθρωπος
939 3192 967 3245 ὁ
994 3192 1146 3260 Θεὸς,
1178 3212 1204 3242 »ι
1243 3190 1414 3252 οὕτως
1448 3186 1507 3244 ἄν
1530 3210 1614 3252 τις
1643 3186 1808 3261 εἷ’ποι,
1843 3188 1952 3264 οὐχ

305 3283 381 3346 ὡς
415 3283 548 3345 Θεὸς
581 3282 634 3337 οἱ
682 3282 978 3357 ἅνθρωποι.
1016 3280 1135 3334 Ἐπὶ
1183 3279 1285 3355 γὰρ
1331 3283 1440 3333 τῶν
1492 3278 1817 3352 ἀνθρώπων,
1847 3278 1951 3332 οὐκ

306 3369 448 3428 ἔστιν
481 3373 509 3427 6
529 3372 709 3446 πατὴρ
740 3369 822 3424 ἀεὶ
853 3370 1054 3444 πατὴρ,
1090 3366 1214 3423 οὐδὲ
1244 3369 1271 3422 ό
1303 3368 1419 3430 υἱὸς
1450 3367 1533 3423 ἀεὶ
1564 3367 1702 3430 υἱός.
1735 3368 1796 3425 Ὀ
1844 3368 1949 3443 γὰρ

306 3460 469 3523 αὐτὸς
500 3460 679 3532 πατὴρ
716 3458 809 3531 μὲν
843 3459 964 3512 υἱοῦ
1005 3458 1231 3533 γίνεται,
1263 3456 1420 3519 αὐτὸς
1463 3453 1520 3511 δὲ
1569 3456 1753 3530 ἑτέρου
1798 3456 1954 3530 γὲγο-

302 3571 389 3605 νεν
422 3549 564 3618 υἱὸς,
589 3547 678 3602 καὶ
705 3548 732 3602 6
763 3548 877 3609 υἱὸς
910 3548 1109 3623 πατρὸς
1141 3543 1215 3600 ὢν
1248 3542 1573 3617 υἱὸς,ά’λλου
1750 3545 1952 3618 γίνεται

302 3640 509 3712 πατήρ.
542 3631 797 3713 Ἀϐρααμ
840 3640 968 3711 γοῦν
1019 3637 1135 3697 υἱὸς
1188 3632 1260 3689 ὢν
1297 3638 1393 3689 τοῦ
1437 3635 1641 3710 Ναχὼρ
1683 3635 1817 3707 (67).
1849 3653 1956 3687 πα-

304 3728 410 3803 τὴρ
464 3725 654 3801 γέγονε
707 3728 805 3780 τοῦ
831 3726 1028 3781 Ἰσαάκ·
1063 3724 1150 3777 καὶ
1213 3722 1393 3779 Ἰσαάκ
1449 3718 1506 3776 δὲ
1558 3719 1675 3782 υἱὸς
1735 3717 1807 3775 ὢν
1860 3723 1956 3774 τοῦ

309 3809 583 3890 ’Δϐραὰμ,
634 3816 815 3890 πατὴρ
863 3814 1054 3888 γὲγονε
1100 3817 1196 3867 τοῦ
1248 3805 1461 3869 Ἰακώϐ.
1513 3812 1774 3872 ’Ἐκαστος
1831 3808 1954 3885 γὰρ,

313 3904 482 3982 μερος
522 3900 596 3957 ὢν
645 3907 742 3957 τοῦ
771 3905 998 3979 γονέως,
1028 3908 1275 3978 γεννᾶται
1333 3900 1426 3973 μὶν
1478 3900 1616 3970 υἱὸς,
1648 3898 1852 3974 γίνεται
1902 3894 1959 3951 δὲ

310 3993 399 4048 καὶ
449 3990 609 4053 αὐτὸς
651 3992 835 4065 ἑτερου
883 3992 1085 4066 πατήρ.
1122 3990 1241 4044 Ἐπὶ
1292 3987 1348 4043 δὲ
1390 3996 1489 4058 τῆς
1534 3987 1794 4058 θεότητος
1851 3986 1962 4061 οὐχ

314 4080 512 4153 οὕτως,
547 4079 661 4135 ἄπεὶ
698 4081 774 4153 μή
808 4080 881 4141 ὡς
912 4079 1195 4155 ἄνθρωπος
1238 4080 1265 4132 6
1298 4077 1449 4140 Θεός.
1480 4078 1537 4131 Ὃ
1584 4080 1716 4152 γοῦν
1768 4076 1959 4149 Πατήρ

314 4170 422 4225 οὐκ
448 4169 509 4223 ἐκ
535 4169 751 4243 ΙΙατρός
782 4167 919 4223 ἐστι·
947 4165 1031 4221 διὸ
1084 4166 1211 4221 οὐδὲ
1254 4170 1417 4241 γεννᾷ
1462 4165 1551 4219 τὸν
1595 4163 1959 4240 γενησόμενον

313 4259 501 4334 ἑτέρου
532 4258 764 4334 ιιατὲραο
795 4254 921 4312 οὐδὲ
951 4258 979 4311 6
1024 4257 1145 4318 Υἱὸς
1202 4256 1363 4330 μέρος
1409 4253 1516 4309 ἐστὶ
1573 4258 1669 4308 τοῦ
1723 4253 1963 4328 Ματρὸς,

313 4343 399 4402 διὸ
431 4343 557 4403 οὐδὲ
578 4347 822 4423 γὲννημά
847 4345 987 4401 ἐστιν
1039 4345 1113 4407 εἷς
1161 4346 1224 4400 τὸ
1272 4348 1459 4419 γεννᾷν
1510 4342 1656 4400 Υἱόν.
1682 4344 1841 4406 ’Όθεν
1876 4340 1964 4396 ἐπὶ

309 4442 412 4505 τῆς
445 4435 706 4506 θεότητος
742 4436 913 4509 μόνης
964 4436 991 4489 ὁ
1040 4434 1229 4510 Πατὴρ
1281 4433 1624 4507 κυρίως
1653 4430 1743 4486 καὶ
1797 4432 1963 4505 μόνος

313 4525 507 4601 ΙΙατήρ
547 4521 645 4593 ὢν,
672 4520 780 4579 ἔστι
813 4526 899 4579 καὶ
934 4525 1000 4593 ἧν
1039 4524 1129 4580 καὶ
1179 4524 1259 4578 ἀεί
1318 4521 1449 4579 ἐστι.
1484 4521 1587 4579 Καὶ
1618 4522 1647 4575 6
1705 4520 1827 4582 Υἱὸς
1873 4541 1964 4574 κυ-

311 4611 468 4687 ρίως,
498 4614 589 4668 καὶ
653 4612 817 4687 μόνος
872 4613 996 4676 Υἱός
1055 4614 1165 4668 ἐστι
1212 4611 1314 4670 Καὶ
1374 4610 1462 4666 ἐπὶ
1508 4609 1716 4666 τούτων
1768 4607 1966 4676 ἔστηκε

1982 3327 2024 3395 C

2058 2047 2124 2086 ac
2154 2031 2396 2085 deorum
2428 2030 3403 2102 generationem,quemadmodum
3438 2032 3708 2103 gentiles,

2057 2118 2493 2191 efﬁngant.Non
2526 2124 2617 2174 est
2646 2124 2841 2174 autem
2875 2118 2997 2175 haec
3029 2118 3295 2175 Ecclesiae
3321 2119 3486 2185 ﬁdes,
3513 2122 3611 2177 sed
3649 2125 3714 2177 ut

2058 2208 2140 2264 ait
2168 2207 2453 2275 Salvator,
2487 2207 2547 2262 in
2583 2208 2809 2262 Patrem
2843 2212 2898 2263 et
2933 2206 3145 2263 Filium
3177 2212 3234 2263 et
3264 2208 3548 2279 Spiritum
3571 2227 3711 2265 san-

2058 2302 2217 2352 ctum
2251 2312 2265 2351 :
2302 2296 2528 2351 Patrem
2561 2296 2789 2351 scilicet
2832 2295 2930 2368 qui
2968 2313 3080 2351 non
3115 2297 3297 2367 possit
3327 2314 3465 2353 avus
3495 2298 3709 2370 vocari,

2065 2384 2274 2440 Filium
2307 2385 2405 2455 qui
2442 2401 2556 2439 non
2588 2384 2777 2456 possit
2808 2383 2920 2439 dici
2955 2384 3139 2451 Pater,
3172 2390 3231 2439 et
3259 2385 3545 2457 Spiritum
3576 2404 3715 2444 san-

2059 2480 2219 2530 ctum
2253 2490 2364 2529 non
2387 2472 2500 2529 alio
2519 2490 2694 2545 quam
2714 2473 2822 2528 hoc
2854 2474 3089 2529 nomine
3110 2473 3583 2546 appellatum.De
3606 2476 3712 2532 hac

2059 2563 2173 2619 ﬁde
2205 2562 2356 2619 560
2389 2580 2502 2617 non
2538 2561 2673 2617 licet
2719 2562 2874 2617 varie
2905 2562 3065 2634 loqui
3102 2579 3113 2619 :
3149 2564 3248 2618 sed
3282 2580 3514 2636 semper
3545 2566 3713 2622 Pater

2063 2653 2225 2707 Pater
2252 2656 2357 2719 est,
2392 2657 2447 2706 et
2477 2650 2659 2707 Filius
2691 2668 2926 2722 semper
2969 2652 3173 2722 Filius,
3206 2657 3263 2707 et
3293 2653 3543 2723 Spiritus
3575 2672 3710 2710 san-

2059 2746 2190 2796 ctus
2221 2756 2454 2811 semper
2474 2745 2565 2795 est
2606 2739 2937 2810 diciturque
2960 2739 3214 2811 Spiritus
3244 2746 3501 2796 sanctus.
3536 2743 3597 2798 In
3634 2759 3715 2798 re-

2060 2830 2169 2884 bus
2195 2829 2352 2884 enim
2399 2828 2678 2883 humanis
2707 2845 2826 2883 non
2861 2829 2940 2883 ita
2988 2846 3048 2884 se
3078 2845 3171 2884 res
3216 2829 3409 2899 habet,
3442 2832 3713 2902 quamvis

2058 2917 2254 2973 Ariani
2289 2916 2428 2972 talia
2458 2916 2998 2972 comminiscantur.
3034 2916 3178 2971 Nam
3211 2920 3713 2988 quemadmodum

2061 3007 2345 3079 scriptum
2368 3011 2515 3072 est,«
2539 3005 2665 3061 Non
2690 3011 2755 3060 ut
2774 3005 3134 3074 homo,Deus
3153 3005 3253 3072 3°,»
3279 3007 3360 3061 ita
3382 3007 3713 3063 dixeritali-

2062 3096 2215 3168 quis,
2249 3112 2364 3151 non
2398 3099 2462 3150 ut
2496 3096 2644 3150 Deus
2693 3093 2981 3149 homines.
3017 3094 3182 3165 Apud
3235 3094 3504 3151 homines
3551 3096 3711 3153 enim

2060 3191 2225 3258 pater
2255 3202 2370 3241 non
2401 3200 2633 3255 semper
2663 3188 2823 3255 pater
2852 3188 2960 3254 est,
2982 3200 3170 3255 neque
3201 3182 3357 3239 filius
3385 3200 3616 3254 semper
3645 3185 3713 3239 ﬁ-

2063 3272 2352 3329 lius.Nam
2382 3273 2502 3345 ipse
2530 3272 2765 3345 quidem
2799 3271 2903 3326 filii
2938 3277 3102 3345 pater
3132 3272 3407 3343 efﬁcitur,
3439 3273 3536 3329 sed
3571 3272 3714 3329 alte-

2064 3362 2187 3417 rius
2217 3362 2339 3434 ipse
2369 3361 2529 3417 ﬁlius
2550 3359 2865 3418 exstitit.Et
2897 3361 3053 3416 ﬁlius
3086 3377 3218 3416 cum
3246 3361 3325 3416 sit
3353 3362 3535 3433 patris
3558 3362 3718 3418 ﬁlius

2062 3452 2303 3508 alterius
2336 3458 2498 3523 pater
2527 3450 2800 3506 efficitur.
2833 3450 3127 3505 Abraham
3185 3450 3362 3521 igitur
3391 3449 3550 3507 filius
3581 3468 3716 3508 cum

2063 3544 2214 3597 esset
2260 3540 2561 3606 Nacboris,
2615 3543 2779 3611 pater
2826 3539 3014 3594 factus
3062 3544 3153 3594 est
3201 3540 3396 3608 Isaae;
3448 3545 3505 3596 et
3554 3540 3719 3597 Isaac

2065 3646 2200 3687 cum
2230 3633 2385 3685 esset
2429 3628 2588 3684 illius
2639 3628 2896 3696 Abrahae,
2931 3631 3094 3699 pater
3124 3628 3235 3684 fuit
3281 3628 3483 3684 Jacob.
3526 3628 3719 3685 Unus-

2066 3718 2319 3791 quisque
2350 3717 2505 3773 enim
2539 3734 2673 3772 cum
2708 3717 2784 3772 sit
2815 3733 2950 3788 pars
2981 3716 3261 3789 parentis,
3296 3718 3556 3773 nascitur
3590 3718 3719 3789 qui-

2068 3810 2197 3864 dem
2232 3807 2407 3878 filius,
2440 3807 2693 3863 efﬁcitur
2722 3813 2917 3861 autem
2948 3812 3006 3861 et
3036 3807 3162 3878 ipse
3192 3806 3431 3862 alterius
3462 3809 3720 3879 pater.In

2068 3897 2370 3952 divinitate
2400 3911 2533 3950 vero
2588 3912 2701 3951 non
2733 3895 2838 3959 sic,
2871 3895 3148 3965 quoniam
3200 3912 3315 3950 non
3363 3896 3514 3950 sicut
3544 3894 3720 3951 homo

2070 3986 2244 4042 Deus.
2277 3986 2442 4040 Pater
2466 3985 2664 4054 itaque
2696 4000 2811 4038 non
2844 4001 2911 4038 ex
2945 3983 3113 4038 Patre
3157 3988 3246 4039 est
3280 4001 3293 4039 :
3327 3983 3577 4055 ideoque
3606 4000 3723 4040 non

2070 4074 2259 4147 gignit
2286 4090 2422 4129 eum
2472 4072 2573 4144 qui
2605 4073 2839 4128 futurus
2882 4071 2955 4127 sit
3003 4069 3246 4127 alterius
3298 4073 3506 4139 Pater;
3537 4088 3725 4142 neque

2073 4163 2256 4219 Filius
2288 4178 2423 4233 pars
2452 4167 2543 4217 est
2575 4161 2779 4231 Patris,
2808 4164 3166 4232 quapropter
3194 4176 3309 4215 non
3350 4165 3437 4215 est
3466 4162 3617 4216 fetus
3649 4161 3721 4215 ad

2072 4251 2472 4325 generandum
2505 4248 2889 4304 ﬁlium.Unde
2922 4249 2979 4303 in
3008 4249 3224 4305 deitate
3254 4249 3576 4318 sola,Pater
3594 4265 3724 4321 pro-

2076 4341 2216 4414 prie,
2252 4339 2535 4410 solusque
2570 4339 2733 4393 Pater
2760 4353 2891 4392 cum
2926 4338 3024 4407 sit,
3054 4342 3144 4393 est
3172 4342 3229 4394 et
3259 4338 3370 4393 fuit
3397 4343 3455 4393 et
3492 4354 3727 4411 semper

2073 4430 2202 4487 erit.
2235 4430 2305 4484 Et
2357 4427 2538 4483 Filius
2586 4425 2818 4498 proprie
2861 4431 2917 4481 et
2945 4426 3107 4481 solus
3152 4427 3333 4483 Filius
3381 4432 3483 4484 est.
3516 4429 3581 4483 In
3634 4427 3726 4484 his

2072 4520 2230 4576 cnim
2253 4522 2487 4573 constat
2508 4516 2911 4583 illud,Patrem
2942 4532 3174 4588 semper
3191 4517 3413 4573 Patrem
3436 4520 3493 4573 et
3514 4516 3727 4574 Filium

2074 4624 2303 4678 semper
2323 4605 2532 4661 Filium
2558 4620 2685 4660 esse
2708 4621 2774 4659 ac
2797 4604 2907 4659 dici
2935 4623 2950 4674 ;
2971 4604 3256 4676 Spiritum
3279 4609 3549 4662 sanctum
3572 4622 3728 4663 sem-

307 4703 394 4775 τὸ,
428 4703 457 4757 ὁ
505 4704 699 4779 Ιίατήρ
746 4703 827 4758 ἀεὶ
881 4705 1093 4779 Πατὴρ,
1125 4702 1214 4757 καὶ
1263 4702 1348 4768 τὸ,
1380 4699 1504 4762 Υἱὸς
1532 4700 1614 4754 ἀεὶ
1645 4699 1792 4767 Υἱὸς,
1826 4698 1951 4753 εἶναί

2070 4714 2173 4770 per
2195 4696 2473 4769 Spiritum
2506 4700 2779 4750 sanctum
2807 4710 2937 4749 esse
2963 4711 2976 4762 ;
3014 4699 3071 4750 et
3102 4693 3261 4750 hunc
3293 4695 3391 4751 Dei
3427 4711 3577 4760 esse,
3608 4699 3666 4750 et
3695 4711 3731 4751 α

308 4812 371 4847 τε
427 4792 516 4847 καὶ
578 4790 849 4869 λέγεσθαι’
900 4793 989 4847 καὶ
1042 4793 1104 4847 τὸ
1163 4794 1388 4863 Πνεῦμα
1439 4786 1496 4844 δὲ
1551 4789 1613 4843 τὸ
1670 4789 1821 4864 ἅγιον
1883 4788 1951 4841 ἀεη

2077 4788 2242 4843 Patre
2274 4800 2375 4857 per
2424 4782 2632 4838 Filium
2668 4781 2793 4838 dari
2824 4783 3140 4839 credimus.
3175 4784 3270 4838 Sic
3317 4785 3475 4839 enim
3526 4786 3731 4839 sancta

316 4882 543 4955 Πνεῦμα
601 4881 755 4958 ἅγιόν
814 4881 945 4937 ἐστι·
993 4882 1081 4935 καὶ
1137 4884 1296 4935 τοῦτο
1351 4882 1454 4933 τοῦ
1505 4881 1639 4934 Θεοῦ
1690 4877 1843 4949 εἶναι,
1874 4878 1951 4931 κα

2076 4875 2336 4931 Trinitas
2366 4870 2727 4928 invariabilis
2776 4876 3102 4943 permanet,
3137 4872 3193 4925 in
3229 4888 3348 4927 una
3384 4872 3600 4927 deitate
3629 4886 3731 4927 co-

311 4970 462 5046 παρὰ
513 4975 612 5027 τοῦ
672 4971 887 5046 Πατρὸς
929 4968 998 5027 δι’
1029 4971 1157 5026 ι”ιοῦ
1213 4966 1454 5033 δίδοσθαι
1512 4965 1964 5040 πεπιστεύκαμεν.

384 5136 430 5171 ⁸⁸
463 5135 613 5193 Num
668 5151 833 5204 χχιιι,
872 5136 956 5192 19.

319 5307 503 5432 ϐ,(δί))
532 5306 736 5374 ﬁdem,
788 5305 913 5380 περὶ
971 5303 1269 5379 Εὔνομίου,
1315 5300 1601 5373 Εὖδοξιου,
1649 5300 1741 5356 καὶ
1800 5300 1968 5358 Εὐσε-

364 5398 468 5432 ιου.

361 5450 504 5537 ⁸(61)
535 5448 950 5539 Segu'er‘ianus,
983 5445 1072 5502 διὰ
1097 5452 1281 5537 τοῦτο.
1315 5448 1445 5504 Mox
1490 5447 1645 5503 idem
1695 5449 1754 5501 et
1803 5445 1968 5516 Reg.,

316 5521 639 5647 τὰὲονητά.
679 5521 852 5585 Editi,
886 5521 952 5574 τά
978 5521 1223 5595 γεννητά.

535 5593 767 5674 ροὺξοτ.
801 5599 857 5674 et
893 5592 1042 5674 Felc:
1074 5594 1124 5663 1,
1156 5595 1425 5674 XP‘tOPEEV:
1482 5668 1487 5671 ⁷

322 5730 348 5753 ν
392 5658 505 5735 (63)
540 5658 1146 5753 igagi.us,”8eguerian.
1194 5658 1530 5720 'Goblerian.
1580 5664 1639 5715 et
1694 5658 1884 5716 Felck.
1920 5659 1970 5728 1,

320 5736 529 5810 ἔγγονα.
567 5736 737 5802 Edili,
772 5736 983 5811 ἔκγονα.

396 5806 511 5882 (64)
542 5804 599 5859 '0
630 5807 797 5869 abest
824 5824 858 5865 a
886 5807 1223 5867 Goblerian.
1257 5810 1315 5864 et
1340 5802 1490 5862 Felc.
1523 5804 1572 5860 1.

2075 4965 2258 5038 gnita.
2293 4964 2495 5034 Itaque
2517 4960 2618 5033 qui
2657 4960 2982 5033 interrogat
3008 4976 3021 5016 :
3048 4960 3272 5032 Ergone
3295 4959 3475 5016 Filius
3494 4964 3584 5017 est
3601 4959 3729 5032 Spi-

2127 5298 2264 5387 h('65)
2296 5297 2390 5352 Sic
2423 5294 2661 5366 Regius,
2693 5298 2924 5363 Seguer.
2960 5297 3017 5349 et
3046 5292 3350 5351 Basiliens.
3384 5294 3558 5362 Editi,
3593 5312 3729 5370 φαν-

2078 5387 2355 5423 ταιονται.

2422 5437 2637 5511 Regius
2668 5440 2725 5492 et
2752 5436 3088 5506 Seguerian.
3122 5438 3268 5492 19ᾶὶῑὶ
3296 5432 3613 5511 verorq’in’
3642 5431 3727 5511 οὐ,

2082 5502 2261 5567 male.
2298 5510 2426 5563 Mox
2456 5502 2671 5582 Regius
2693 5512 2753 5582 et
2782 5502 3196 5582 Seguerianus,
3227 5510 3381 5582 γοῦν.
3407 5508 3579 5582 Editi,
3613 5502 3729 5582 οὖν.

2083 5584 2261 5640 Paulo
2296 5592 2426 5653 post
2456 5575 2512 5631 δὲ
2540 5575 2671 5650 post
2692 5575 2884 5632 Ἰσαάὶ
2891 5579 3054 5635 deest
3089 5583 3148 5635 in
3178 5575 3488 5646 editis,sed
3518 5578 3732 5651 legitur

2084 5657 2139 5710 in
2172 5660 2309 5726 Reg.
2338 5661 2393 5726 el
2420 5656 2653 5726 Seguer.

2151 5721 2588 5798 (67fMemoriaa
2620 5721 2791 5798 lapsu
2823 5722 3061 5798 ponitur
3104 5740 3207 5796 pro
3249 5723 3441 5798 fl‘hare
3474 5721 3724 5798 ,Nachor.

2154 5791 2266 5870 (68)
2296 5801 2506 5875 Κυρ.ως
2542 5791 2707 5851 deest
2736 5791 2798 5851 in
2825 5791 3058 5853 Gobler.
3088 5791 3145 5852 et
3173 5793 3426 5854 Felckm.
3462 5797 3513 5851 1.
