4082 6378
272 450 394 510 6ι9

1363 442 1748 505 EPISTOLA
1789 441 1875 504 IV
1915 442 2019 503 AD
2065 440 2596 503 SEBAPIONEM.

3569 446 3693 505 650

276 579 496 655 μέμψῃ,
540 577 821 653 γινώσκων
867 575 968 643 τὴν
1014 573 1282 650 ἡμετέραν
1338 571 1642 648 προθυμίαν
1693 573 1809 644 (77)
1864 590 1923 625 τε

2064 577 2179 642 γιον,
2211 577 2337 628 tum
2370 576 2576 629 nostra
2605 573 2919 629 inﬁrmitas
2952 589 3068 630 non
3099 574 3303 646 ignota
3331 578 3439 631 est.
3466 575 3695 634 Dictum

268 669 358 725 καὶ
389 666 682 730 ἀσθένειαν.
713 664 789 719 Τὸ
823 664 918 737 μὲν
951 661 1045 736 οὖν
1076 660 1240 739 ῥητόν
1273 661 1438 732 ἐστιν,
1471 660 1578 730 ὅτε,
1633 658 1923 720 Τοσούτων

269 755 514 831 σημείων
573 752 876 829 γινομένων
938 751 989 806 ἰν
1042 755 1123 825 τῷ
1178 749 1517 827 Εὗαγγελίῳ,
1571 749 1623 805 οἱ
1676 750 1771 824 μὶν
1811 754 1923 804 Φα-

271 850 473 924 ρισαῖοι
504 840 712 919 ἔλεγον
747 865 776 895 ‹‹
808 842 981 903 Οὗτος
1032 839 1134 895 οὐκ
1178 835 1437 895 ἐκϐάλλει
1485 839 1554 894 τὰ
1593 837 1848 911 δαιμονια
1878 836 1927 892 εἰ

273 923 349 1009 μὴ
383 934 436 989 ἐν
493 925 826 1001 Βεελζεϐοὺλ
879 934 958 985 τῶ
1010 923 1237 1006 ἄρχοντι
1287 932 1394 983 τῶν
1442 925 1759 1002 δαιμονίων·
1811 928 1839 981 6
1869 923 1928 981 δὲ

268 1024 491 1100 Κύριος,
546 1017 703 1083 εἰδὼς
755 1018 852 1082 τὰς
902 1017 1223 1092 ἐνθυμήσεις
1273 1016 1472 1089 αὐτῶν,
1525 1018 1667 1072 εἶπεν
1719 1015 1924 1077 αὐτοῖς’

270 1116 426 1171 ΙΙᾶσα
454 1108 711 1186 βασιλεία
767 1112 1080 1185 μερισθεῖσα
1130 1107 1247 1163 καθ’
1299 1105 1494 1176 ἑαυτὴν
1545 1105 1865 1183 ἐρημοῦται.
1899 1124 1923 1158 ι

272 1200 370 1257 Καὶ
403 1200 657 1277 εἰρηκώς·
689 1221 719 1251 ‹‹
743 1197 804 1254 Εἰ
837 1194 895 1252 δὲ
925 1196 979 1253 ἐν
1012 1196 1282 1269 Πνεύματι
1325 1196 1462 1251 Θειοῦ
1512 1194 1618 1270 ἐγὼ
1674 1188 1928 1249 ἐκϐάλλω

266 1291 336 1348 τὰ
383 1287 663 1363 δαιμόνια,
709 1284 814 1364 ἄρα
860 1282 1081 1366 ἔφθασεν
1137 1284 1216 1363 ἐφ’
1267 1285 1406 1359 ὑμᾶς
1444 1286 1478 1354 ἡ
1536 1281 1789 1360 βασιλεία
1832 1281 1929 1336 τοῦ

270 1381 427 1437 Θεοῦ·
462 1402 492 1431 ››
524 1376 718 1434 λοιπὸν
753 1375 1015 1454 ἐπιφέρει·
1055 1399 1077 1426 α
1114 1375 1210 1429 Διά
1237 1374 1398 1430 τοῦτο
1432 1372 1576 1449 λέγω
1628 1373 1755 1446 ὑμῖν
1790 1372 1928 1442 (78),

269 1474 431 1528 ΙΙᾶσα
461 1465 699 1543 ἁμαρτία
746 1465 836 1521 καὶ
893 1462 1222 1541 βλασφημία
1267 1463 1587 1541 ἀφεθήσεται
1636 1461 1762 1536 ὑμῖν
1811 1464 1929 1520 τοῖς

272 1559 585 1635 ἀνθρώποις
619 1575 632 1588 '
694 1557 730 1625 ἡ
792 1551 849 1608 δὲ
907 1552 981 1615 εἰς
1038 1553 1101 1607 τὸ
1156 1552 1381 1625 Πνεῦμα
1435 1552 1549 1625 (79)
1607 1546 1933 1627 βλασφημία

275 1649 380 1703 οὐκ
437 1646 794 1724 ἀφεθήσεται·
853 1640 945 1698 καὶ
996 1641 1057 1703 ὃς
1117 1641 1176 1695 ’ἃν
1237 1636 1362 1716 εἷ’πῃ
1423 1639 1586 1715 λόγον
1645 1638 1781 1694 κατὰ
1836 1637 1932 1724 τοῦ

276 1737 407 1791 Υἱοῦ
455 1723 552 1790 τοῦ
603 1729 914 1808 ἀνθρώπου,
965 1730 1290 1809 ἀφεθήσεται
1335 1728 1502 1801 αὐτῷ·
1536 1729 1597 1790 ὃς
1631 1725 1676 1782 δ’
1724 1726 1782 1781 ἂν
1813 1723 1935 1799 εἷ’πῃ

274 1826 416 1883 κατὰ
467 1825 565 1881 τοῦ
637 1824 952 1896 ῙΙνεύματος
1026 1822 1123 1876 τοῦ
1179 1820 1339 1897 ἁγίου
1375 1864 1388 1890 ,
1449 1819 1547 1875 οὐκ
1614 1819 1935 1896 ἀφεθήσεται

2031 661 2214 734 igitur
2243 661 2534 732 ejusmodi
2563 665 2654 717 est
2689 678 2701 716 :
2735 665 2878 717 Cum
2922 666 3056 735 post
3085 667 3171 719 tot
3204 663 3375 737 signa
3406 663 3465 719 in
3495 665 3696 721 Evan-

2033 750 2183 824 gelio
2215 754 2468 814 narrata,
2492 750 2614 806 haec
2638 750 2911 806 Pharisaei
2933 751 3312 824 loquerentur
3334 770 3347 809 :
3373 776 3402 804 ‹‹
3424 753 3529 810 Hic
3562 770 3684 811 non

2034 840 2194 913 ejicit
2222 840 2510 896 daemonia
2541 840 2730 895 nisiin
2758 840 3075 896 Beelzebub
3095 842 3355 914 principe
3375 843 3691 900 daemonio-

2036 945 2165 984 rum
2195 946 2207 983 :
2233 927 2520 984 Dominus
2542 929 2736 985 sciens
2757 929 3137 1001 cogitationes
3158 931 3537 998 eorum,dixit
3563 933 3647 989 eis
3674 950 3686 989 :

2036 1017 2221 1073 Omne
2251 1034 2497 1090 regnum
2529 1017 2787 1073 divisum
2822 1022 3026 1074 contra
3055 1035 3117 1074 se
3147 1019 3527 1076 desolahitur.
3564 1044 3592 1071 »
3623 1022 3693 1077 Et

2037 1123 2168 1162 cum
2204 1105 2449 1162 dixisset
2480 1122 2493 1161 :
2529 1129 2556 1156 ‹‹
2587 1106 2647 1162 Si
2679 1110 2876 1164 autem
2906 1122 3011 1179 ego
3042 1107 3101 1162 in
3135 1108 3357 1180 Spiritu
3392 1109 3488 1165 Dei
3520 1110 3690 1181 ejicio

2039 1194 2346 1262 daemonia,
2372 1194 2548 1267 igitur
2570 1194 2909 1267 pervenitin
2940 1212 3042 1252 vos
3077 1212 3325 1269 regnum
3357 1198 3495 1266 Dei;
3527 1221 3556 1248 »
3591 1199 3695 1255 de-

2035 1283 2174 1339 inde
2201 1282 2377 1339 infert
2409 1298 2423 1339 :
2458 1306 2485 1334 ‹‹
2518 1284 2653 1340 Ideo
2685 1285 2814 1340 dico
2843 1284 3010 1341 vobis
3043 1302 3056 1341 :
3086 1285 3271 1342 Omne
3302 1290 3606 1359 peccatum
3636 1290 3695 1344 et

2040 1371 2411 1445 blasphemia
2428 1372 2764 1428 remittetur
2794 1373 3155 1440 hominibus,
3180 1373 3552 1447 blasphemia
3582 1393 3694 1432 au-

2039 1465 2157 1518 tem
2171 1461 2232 1515 in
2248 1460 2531 1533 Spiritum
2547 1477 2662 1516 non
2676 1462 3108 1518 remittetur.Et
3132 1464 3466 1536 quicunque
3487 1465 3699 1521 dixerit

2040 1550 2283 1605 verbum
2332 1554 2536 1606 contra
2565 1550 2777 1606 Filium
2823 1552 3082 1608 hominis
3113 1551 3444 1608 remittetur
3472 1553 3563 1623 ei;
3598 1554 3699 1625 qui

2042 1642 2239 1695 autem
2271 1636 2483 1695 dixerit
2512 1642 2717 1694 contra
2744 1639 3027 1712 Spiritum
3051 1645 3323 1696 sanctum
3356 1657 3471 1697 non
3504 1642 3703 1697 remit-

2041 1731 2200 1783 tetur
2229 1728 2302 1795 ei,
2337 1744 2525 1800 neque
2556 1727 2617 1782 in
2649 1727 2761 1785 hoc
2783 1729 3016 1799 saeculo,
3051 1746 3241 1801 neque
3271 1730 3331 1785 in
3364 1730 3562 1787 futuro
3591 1731 3695 1785 ³⁸.»

2044 1816 2130 1871 Tu
2162 1819 2361 1872 autem
2392 1817 2850 1888 percontabaris,
2870 1834 2975 1873 cur
2996 1816 3365 1890 blasphemia
3393 1818 3453 1874 in
3485 1818 3698 1875 Filium

277 1915 430 1988 αὖτῷ
458 1911 583 1969 οὔτε
611 1911 662 1967 ἐν
694 1916 773 1984 τῷ
804 1910 960 1966 αἰῶνι
1002 1909 1183 1983 τούτῳ
1230 1908 1354 1965 οὔτε
1382 1908 1435 1964 έν
1464 1913 1542 1980 τῷ
1597 1906 1874 1981 μέλλοντι.
1908 1932 1929 1960 n

2064 1903 2383 1975 limittitur,
2402 1904 2774 1977 blasphemia
2803 1909 2999 1962 autem
3028 1906 3089 1962 in
3119 1905 3398 1979 Sipritum
3432 1912 3703 1964 sanctum

282 2006 362 2063 Σὺ
394 2003 453 2061 δὲ
482 2003 717 2075 ἐζήτεις,
745 2002 798 2057 τί
829 1999 1036 2073 δήποτε
1063 2002 1099 2071 ἡ
1136 2002 1229 2075 μὲν
1280 1999 1353 2062 εἰς
1381 2000 1471 2055 τὸν
1523 1997 1649 2053 Υἱὸν
1683 1994 1933 2076 βλασφη-

282 2096 383 2170 μία
427 2092 659 2171 ἆφίεται,
691 2094 727 2162 ἡ
761 2088 819 2145 δὲ
867 2089 943 2152 εἰς
990 2090 1053 2144 τὸ
1102 2089 1322 2163 ΙΙνεῧμα
1368 2089 1430 2143 τὸ
1478 2086 1633 2162 ἅγιον
1673 2084 1773 2141 οὐκ
1819 2082 1935 2162 ἔχει

277 2182 467 2263 ἄφεσιν
520 2177 645 2237 οὔτε
692 2179 745 2236 ἐν
787 2179 869 2252 τῷ
916 2178 1004 2233 νῦν
1058 2177 1238 2249 αἰῶνι,
1297 2173 1426 2231 οὔτε
1473 2176 1525 2231 ἐν
1579 2181 1659 2248 τῷ
1706 2172 1939 2248 μέλλον-

275 2296 331 2331 τι
363 2275 483 2347 (80)
509 2290 524 2343 ;

351 2363 407 2418 9.
444 2359 679 2419 ΙΙαλαιοὶ
717 2359 811 2433 μὲν
856 2354 945 2411 οὖν
995 2352 1205 2430 ἄνδρες,
1237 2355 1516 2429 Ὠριγένης
1549 2355 1576 2408 6
1607 2352 1935 2427 πολυμαθὴς

278 2451 371 2507 καὶ
431 2448 732 2527 φιλόπονος
765 2492 779 2517 ,
835 2445 925 2501 καὶ
1002 2444 1349 2520 Θεόγνωστος
1408 2443 1437 2497 6
1496 2443 1793 2516 θαυμάσιος
1847 2442 1938 2497 καὶ

286 2537 587 2600 σπουδαῖος
637 2536 866 2611 (τούτων
906 2534 1007 2610 γὰρ
1053 2539 1171 2597 τοῖς
1219 2532 1344 2609 τερὶ
1391 2530 1597 2588 τούτων
1630 2552 1939 2608 συνταγμα-

282 2630 427 2691 τίοις
486 2627 736 2701 ἐνέτυχον
796 2626 933 2698 (81),
990 2622 1080 2678 ὅτε
1140 2624 1239 2691 τὴν
1300 2619 1598 2690 ἐπιστολὴν
1659 2618 1939 2697 ἔγραψας),

290 2716 595 2792 ἀμφότεροι
638 2714 742 2791 γὰρ
788 2712 913 2787 περὶ
960 2710 1157 2766 τούτου
1198 2708 1501 2787 γράφουσι,
1554 2708 1756 2779 ταύτην
1806 2708 1941 2763 εἶναι

287 2808 394 2875 τήν
429 2803 505 2866 εἷς
534 2802 598 2858 τὸ
647 2803 796 2878 ἅγιον
839 2802 951 2873 (82)
987 2800 1209 2873 Πνεῦμα
1260 2795 1614 2876 βλασφημίαν
1668 2795 1943 2873 λέγοντες,

293 2894 425 2950 ὅταν
477 2893 529 2947 οἱ
576 2889 998 2961 καταξιωθέντες
1052 2887 1102 2943 έν
1151 2892 1231 2960 τῷ
1282 2886 1612 2963 βαπτίσματι
1660 2889 1759 2950 τῆς
1810 2882 1887 2940 δω
1920 2917 1943 2927 -

294 2987 424 3059 ρεᾶς
457 2982 566 3055 (83)
600 2979 695 3034 τοῦ
742 2976 898 3053 ἁγίου
953 2976 1267 3049 ΙΙνεύματος
1315 2972 1837 3049 παλινδρομήσωσιν
1869 2972 1944 3035 εἰς

290 3071 358 3126 τὸ
412 3068 777 3145 ἁμαρτάνειν.
832 3065 930 3119 Διὰ
969 3065 1130 3119 τοῦτο
1175 3063 1276 3140 γὰρ
1326 3061 1466 3136 μηδὲ
1518 3060 1698 3142 ἄφεσιν
1751 3060 1945 3125 αὐτοὺς

299 3155 576 3233 λήψεσθαί
632 3174 806 3234 φασι·
865 3153 1003 3217 καθὰ
1052 3153 1143 3207 καὶ
1203 3151 1231 3206 ό
1290 3150 1516 3214 Παῦλος
1575 3151 1627 3206 ἐν
1682 3154 1752 3225 τῇ
1810 3151 1947 3228 πρὸς

292 3241 587 3323 Ἑϐραίους
645 3242 813 3318 λέγει·
878 3265 907 3294 ‹‹
962 3238 1250 3298 Ἀδύνατον
1306 3241 1406 3315 γὰρ
1463 3238 1589 3302 τοὺς
1647 3239 1783 3310 ἅπαξ
1836 3261 1951 3317 φω-

2043 1994 2277 2050 veniam
2309 2010 2426 2049 non
2460 1994 2687 2052 obtinet
2716 2011 2906 2068 neque
2937 1996 2996 2052 in
3031 1996 3305 2069 praesenti
3336 1997 3572 2066 saeculo,
3596 2013 3704 2053 ne-

2047 2099 2161 2155 que
2190 2083 2250 2139 in
2283 2084 2531 2140 futuro?

2115 2350 2357 2407 9.Prisci
2389 2354 2544 2408 certe
2571 2351 2702 2420 viri,
2728 2351 3027 2426 Origenes,
3062 2353 3500 2411 eruditissimus
3530 2357 3588 2411 et
3616 2352 3705 2410 la-

2048 2441 2319 2497 boriosus
2350 2439 2621 2512 scriptor,
2651 2445 2707 2497 et
2736 2440 3170 2515 Theognostus,
3194 2444 3577 2500 admirandus
3608 2443 3707 2499 ille

2048 2534 2107 2586 et
2129 2530 2431 2586 studiosus
2456 2530 2631 2587 homo
2651 2531 2885 2601 (horum
2910 2531 3067 2588 enim
3090 2549 3266 2604 opera
3285 2533 3550 2606 legebam
3570 2550 3704 2590 cum

2049 2618 2359 2692 epistolam
2391 2618 2587 2692 accepi
2622 2620 2827 2693 tuam),
2844 2622 3016 2677 ambo
3039 2622 3256 2695 quippe
3276 2640 3406 2678 eam
3428 2639 3550 2679 rem
3575 2634 3707 2695 per-

2050 2706 2501 2775 tractant,aiunt
2523 2706 2686 2764 illam
2718 2725 2845 2764 esse
2871 2709 2930 2765 in
2951 2709 3235 2782 Spiritum
3261 2714 3531 2767 sanctum
3554 2710 3710 2768 blas-

2052 2794 2511 2868 phemiam,cum
2531 2796 2570 2850 ii
2595 2796 2809 2867 quibus
2841 2797 2901 2853 in
2932 2798 3285 2871 baptismate
3314 2800 3535 2855 donum
3579 2800 3707 2871 Spi-

2054 2884 2204 2940 ritus
2240 2885 2426 2940 sancti
2459 2885 2838 2955 tribuitur,ad
2872 2893 3105 2959 peccata
3136 2887 3425 2945 recidunt.
3459 2889 3708 2961 Ideoque

2052 2971 2182 3028 illos
2213 2972 2625 3029 remissionem
2658 2992 2774 3030 non
2820 2976 3463 3047 consecuturos,aiunt:
3498 2993 3702 3049 quom-

2056 3061 2376 3117 admodum
2420 3064 2478 3117 et
2509 3062 2721 3119 Paulus
2752 3063 2812 3120 in
2861 3064 3119 3136 Epistola
3147 3067 3218 3121 ad
3272 3065 3541 3123 Hebraeos
3573 3065 3655 3121 ait
3688 3081 3703 3119 :

2060 3171 2089 3201 α
2122 3149 2492 3223 lmpossibile
2522 3155 2611 3207 est
2634 3152 2790 3208 enim
2824 3169 2922 3209 eos
2953 3153 3054 3224 qui
3084 3153 3266 3211 semel
3298 3158 3437 3210 sunt
3484 3153 3710 3209 illumi-

2060 3239 2593 3312 nati,gustaverunt
2612 3240 2788 3297 etiam
2813 3242 3033 3298 donum
3057 3241 3307 3313 caeleste,
3322 3247 3378 3300 et
3394 3242 3712 3317 participes

290 3309 599 3401 τισθέντας,
646 3309 1006 3407 γευσαμένους
1047 3348 1106 3383 τε
1148 3331 1251 3392 τῆς
1308 3309 1514 3402 δωρεᾶς
1565 3333 1665 3397 τῆς
1718 3309 1946 3403 ἕπου-ρα-

2064 3328 2195 3385 facti
2214 3309 2359 3385 sunt
2377 3329 2629 3401 Spiritus
2650 3329 2860 3398 sancti,
2888 3335 2944 3386 et
2963 3309 3347 3404 gustaverunt
3369 3309 3587 3391 b'onum
3609 3309 3712 3387 Dei

295 3425 441 3491 νίου,
471 3420 561 3477 καὶ
592 3422 705 3495 (84)
740 3417 1010 3493 μετόχους
1057 3415 1378 3493 γενηθέντας
1427 3416 1742 3489 Πνεύματος
1769 3415 1950 3493 ἁγίου,

294 3515 390 3571 καὶ
438 3511 606 3568 καλὸν
655 3509 1018 3587 γευσαμένους
1062 3507 1194 3562 Θεοῦ
1244 3506 1414 3583 ῥῆμα,
1447 3503 1701 3580 δυνάμεις
1728 3527 1788 3561 τε
1824 3505 1954 3581 μέλ-

294 3605 499 3664 λοντος
552 3599 754 3661 αἰῶνος
789 3643 804 3670 ,
849 3596 938 3652 καὶ
982 3596 1426 3673 παραπεσόντας,
1470 3595 1633 3651 πάλιν
1685 3594 1954 3650 ἀνακαινί-

301 3701 411 3764 ζειν
447 3689 523 3752 εἰς
558 3688 866 3763 μετάνοιαν.
902 3710 925 3740 ι
959 3686 1141 3743 Ταῦτα
1163 3682 1221 3741 δὲ
1248 3688 1403 3759 κοινῇ
1439 3686 1534 3758 μὲν
1552 3683 1776 3761 ’λέγουσι
1816 3685 1951 3758 (85),

298 3779 393 3836 καὶ
425 3775 566 3833 ἰδίαν
601 3774 659 3831 δὲ
684 3771 912 3836 ἕκαστος
943 3772 1270 3850 προστίθησι
1298 3770 1559 3829 διάνοιαν.

378 3868 467 3923 10.
525 3866 589 3921 Ὁ
652 3862 746 3937 μὲν
804 3861 909 3938 γὰρ
967 3860 1250 3938 Ὠριγένης
1304 3860 1396 3916 καὶ
1466 3861 1565 3928 τὴν
1627 3860 1803 3917 αἰτίαν
1854 3866 1954 3930 τῆς

301 3955 444 4011 κατὰ
468 3956 580 4009 τῶν
607 3949 873 4006 τοιούτων
904 3949 1132 4026 κρίσεως
1178 3949 1321 4004 οὕτω
1352 3948 1516 4023 λέγει’
1553 3972 1581 4001 ‹‹
1610 3954 1664 4003 Ὁ
1700 3950 1792 4023 μὲν
1825 3951 1956 4013 Θεὸς

301 4045 394 4100 καὶ
428 4042 619 4115 ΙΙατῆρ
665 4040 740 4102 εἰς
772 4038 946 4095 πάντα
993 4037 1168 4109 διήκει
1220 4039 1333 4111 (86)
1362 4037 1451 4092 καὶ
1497 4039 1670 4093 πάντα
1715 4040 1954 4115 συνέχει,

303 4132 497 4210 ἄψυχά
523 4152 583 4186 τε
606 4131 697 4185 καὶ
751 4123 998 4204 ἔμψυχα,
1048 4126 1244 4204 λογικά
1286 4148 1347 4183 τε
1392 4127 1482 4183 καὶ
1531 4127 1721 4205 ἅλογα’
1753 4130 1850 4184 τοῦ
1899 4126 1959 4185 δὲ

302 4223 435 4278 Υἱοῦ
466 4223 503 4291 ἡ
537 4217 766 4292 δύναμις
798 4216 874 4282 εἰς
922 4217 990 4272 τὰ
1028 4214 1231 4292 λογικά
1286 4217 1425 4290 μόνα
1468 4213 1736 4289 διατείνει,
1769 4216 1821 4272 ἐν
1873 4220 1955 4280 οἷς

304 4309 408 4365 εἰσι
441 4305 854 4382 κατηχούμενοι
902 4302 992 4358 καὶ
1035 4301 1331 4375 Ἕλληνες,
1365 4304 1416 4357 οἱ
1472 4300 1700 4376 μηδέπω
1738 4304 1956 4361 πιστεύ-

306 4417 510 4458 σαντες
542 4394 605 4451 τὸ
636 4390 694 4449 δὶ
744 4393 967 4466 ΙῙνιῧμα
990 4393 1053 4448 16
1106 4391 1261 4469 ἅγιον
1313 4390 1389 4454 εἰς
1432 4392 1629 4466 μόνους
1680 4391 1789 4448 ἐστί
1830 4392 1957 4456 τοὺς

379 4545 425 4590 1⁸
457 4541 662 4600 Matth.
693 4557 794 4612 xu,
824 4539 1011 4596 24-32.
1087 4540 1132 4576 ³⁸
1159 4539 1335 4596 Hebr.
1366 4556 1443 4610 Vl,
1475 4540 1592 4595 4-6.

387 4706 500 4778 (77)
526 4705 619 4778 Sic
647 4704 866 4778 Regius
894 4708 951 4761 et
978 4703 1391 4776 Seguerianus.
1426 4704 1576 4760 Editi
1600 4721 1737 4762 vero
1768 4704 1968 4764 minus
1997 4709 2045 4775 D

316 4774 495 4845 recte,
531 4774 815 4852 ρᾳθυμίαν.

390 4842 504 4921 (78)
531 4842 767 4921 Gobler.
803 4852 861 4921 et
909 4845 1057 4902 Felc.
1108 4845 1167 4921 1,
1394 4845 1591 4921 Κύριος
1621 4844 1786 4901 εἶπεν·
1822 4850 1973 4921 Πᾶσα

324 4916 581 5015 βασιλεία
614 4991 624 5001 _
644 4919 977 5015 μερισθεῖσα,
1002 4916 1146 5015 ,καὶ
1180 4917 1247 4971 τὰ
1300 4916 1441 4987 ἑξῆς.
1476 4916 1592 4972 ’Διὰ
1632 4922 1792 4973 τοῦτο
1824 4917 1973 4994 λέγω

325 4990 750 5066 ὗμξίῃομιὶέείἐ
773 4990 1169 5066 ‘intermediis.

394 5060 509 5134 (79)
541 5063 627 5119 Ita
652 5062 887 5134 Regius,
919 5060 1260 5134 Seguerian.
1314 5060 1544 5134 Gobler.
1597 5064 1654 5117 et
1707 5061 1858 5134 Felc.
1921 5064 1972 5118 1.

321 5128 663 5222 ξᾷῇἴνειιο,
694 5128 958 5222 ἡςδήΛτΙοῦ
992 5128 1325 5222 Πνεύμαξιοςς
1358 5132 1586 5222 quler.
1621 5133 1885 5219 et‘lf‘elck.
1922 5136 1974 5222 1,

320 5207 567 5274 ibidem,
600 5199 1055 5279 οὖκᾷφεθήσεται
1089 5199 1239 5279 αὐτῶ
1265 5199 1388 5258 οὔτε
1418 5202 1470 5258 ἐν
1506 5206 1586 5275 τῷ
1639 5202 1795 5257 αἰῶνι
1852 5199 1976 5258 τούὲ

319 5301 423 5352 τῳ,
457 5283 609 5352 etc:,_
628 5275 868 5352 omissis
900 5275 1286 5352 intermediis.

326 5376 339 5385 ~
373 5343 385 5352 ’
410 5343 512 5419 ’80)
541 5347 655 5405 Οὐκ
683 5343 709 5402 ἕ
756 5368 801 5401 ει
833 5344 1043 5425 ἄφεσιν.
1074 5344 1311 5430 ῌαλαιοί
1349 5346 1463 5417 μέν.
1497 5346 1587 5402 Sic
1640 5346 1870 5403 Gobler.
1925 5351 1983 5403 et

324 5353 478 5479 Feic.
511 5422 562 5486 1,
624 5365 829 5476 inuitis
884 5420 1143 5492 omissis,
1205 5418 1351 5474 Ibld.
1409 5418 1558 5474 Felc.
1613 5420 1668 5483 3,
1697 5417 1979 5492 Ὡριγένης

464 5464 478 5479 ο
514 5460 562 5486 ι,
625 5460 829 5476 ωυιυιυ
885 5460 1143 5490 VIIII-NOV,
1205 5460 1351 5474 ιυιυι
1409 5460 1431 5474 δ
1452 5460 1558 5474 νιν.
1613 5460 1668 5483 υ,

324 5511 459 5551 cum
495 5494 676 5550 denso
708 5491 943 5565 spiritu.
996 5491 1138 5565 M93
1174 5492 1408 5565 Regius,
1459 5494 1696 5565 Seguer.
1748 5491 1980 5547 Gobler.

326 5566 519 5639 Felck.
553 5566 604 5639 1,
636 5560 1000 5639 Θεόγνωστος.
1035 5562 1193 5639 Editi
1218 5567 1274 5617 et
1295 5561 1432 5639 alii,
1453 5560 1839 5639 Θεώγνωστος.

400 5638 517 5710 (81)
546 5633 811 5710 SicRe'g.
876 5638 1129 5710 Seguer._
1176 5634 1355 5690 Basil.
1402 5633 1986 5710 éli‘iﬂerdcodices

329 5704 508 5776 mss,
531 5707 657 5784 περὶ
692 5704 900 5762 τούτων
932 5704 1368 5781 σῦγγράμμασιν.
1402 5705 1577 5775 Editi,
1617 5704 1741 5781 περὶ
1772 5705 1985 5768 τούτοις

334 5779 779 5857 συγγράμμασιν.

615 5907 888 5968 ΡΛτιιοι.
935 5904 1047 5967 Gn.
1090 5903 1310 5967 XXVI.

2060 3417 2710 3490 Verbum,virtutesque
2734 3418 2933 3475 saeculi
2957 3417 3271 3490 venturi,et
3292 3418 3552 3492 prolapsi
3575 3423 3713 3474 sunt

2062 3523 2268 3562 rursus
2287 3507 2553 3562 renovari
2579 3507 2650 3563 ad
2672 3507 3189 3580 poenitentiam”.»
3211 3509 3281 3564 Et
3299 3509 3558 3581 idipsum
3582 3508 3712 3580 qui-

2062 3596 2197 3651 dem
2248 3596 2421 3657 ambo
2474 3596 2697 3665 dicunt,
2731 3598 2833 3653 sed
2884 3613 3053 3653 suam
3087 3596 3306 3671 singuli
3356 3597 3713 3655 sententiam

2063 3683 2370 3756 adjiciunt.

2135 3861 2218 3917 10.
2255 3860 2402 3917 Nam
2432 3860 2711 3935 Origenes
2740 3864 2976 3936 quidem
3001 3881 3236 3922 causam
3259 3864 3470 3937 judicii
3512 3867 3717 3921 contra

2064 3951 2356 4023 ejusmodi
2389 3951 2657 4008 homines
2686 3951 2790 4008 lati
2821 3955 2906 4009 sic
2935 3954 3258 4027 explicatm
3290 3956 3440 4011 Deus
3466 3958 3524 4010 et
3545 3958 3720 4009 Pater

2065 4040 2126 4095 in
2158 4039 2355 4097 omnia
2393 4044 2678 4112 penetrat,
2708 4045 2767 4097 et
2797 4042 2995 4099 omnia
3039 4043 3318 4111 continet,
3352 4042 3612 4099 animata
3660 4046 3720 4097 et

2064 4129 2413 4197 inanimata,
2446 4128 2757 4187 rationalia
2802 4136 2860 4186 et
2900 4131 3265 4189 irrationalia
3298 4151 3311 4189 :
3342 4131 3469 4186 Filii
3518 4133 3716 4187 autem

2066 4221 2327 4291 potestas
2349 4219 2420 4274 ad
2442 4217 2568 4275 sola
2596 4218 2906 4276 rationalia
2934 4236 3063 4277 sese
3094 4221 3389 4289 extendit;
3413 4220 3471 4275 in
3499 4219 3718 4292 quibus

2067 4307 2441 4363 continentur
2486 4307 2893 4365 catechumeni
2925 4312 2981 4366 et
3026 4309 3267 4377 ethnici,
3302 4309 3402 4383 qui
3450 4308 3717 4365 nondum

2069 4395 2463 4453 crediderunt.
2496 4397 2749 4470 Spiritus
2791 4414 2924 4455 vero
2958 4402 3196 4457 sanctus
3246 4399 3306 4457 in
3337 4400 3411 4457 iis
3459 4398 3601 4457 solis
3629 4400 3726 4454 est

2149 4705 2259 4783 (82)
2293 4706 2387 4763 Sic
2411 4708 2657 4783 Regius,
2679 4713 2919 4783 Seguer.
2949 4712 3124 4769 Basil.
3157 4713 3325 4770 Gobl.
3361 4716 3419 4769 et
3466 4712 3618 4768 Felc.
3669 4710 3723 4783 1.

2079 4778 2229 4869 Editi
2284 4794 2440 4847 vero,
2504 4778 2781 4852 10ta61nvv
2825 4782 2958 4838 εἶναι
3014 4784 3113 4853 τήν
3163 4784 3238 4847 εἰς
3279 4784 3342 4838 τὸ
3395 4786 3614 4855 Πνεῦμα
3660 4780 3724 4834 16

2081 4869 2257 4906 αγιον.

2116 4872 2268 4994 γίὲἒ.)
2303 4925 2439 4991 Reg.
2472 4926 2710 4996 Seguer.
2742 4925 2972 4982 Gobler.
3004 4930 3063 4983 et
3093 4927 3283 4983 Felck.
3315 4928 3370 4992 2,
3417 4926 3518 4989 τῆς
3578 4920 3723 4987 θείας

2085 4992 2310 5068 δωρεᾶς.
2345 4996 2407 5049 In
2427 4992 2575 5068 aliis
2604 4994 2748 5057 θείας
2776 4997 2957 5054 deest.
2990 4998 3122 5054 Mox
3172 5003 3309 5068 Reg.
3358 5001 3415 5052 et
3460 5002 3724 5068 Seguer,,

2082 5060 2605 5141 παλινδρομήσωσιν
2640 5085 2760 5125 una
2787 5085 2946 5135 voce,
2981 5072 3196 5126 rectius
3228 5060 3406 5141 q‘uam
3454 5060 3594 5125 editi
3625 5060 3726 5122 110i-

2086 5136 2174 5193 λιν
2208 5132 2303 5210 δρὸ
2355 5132 2581 5207 ἤσωσιν.

2157 5209 2271 5265 (84)
2301 5159 2394 5265 Sic
2425 5210 2581 5265 Regi!

2089 5158 2174 5193 Λιν
2208 5158 2581 5265 οροὲιησωσιν.
3025 5211 3038 5224 .
3675 5210 3687 5223 .

2089 5209 2284 5337 “(122%).
2341 5226 2394 5265 ιο
2425 5210 2641 5282 Regius
2688 5212 2746 5266 et
2802 5214 3233 5283 Seguerianus;
3290 5209 3381 5266 καί
3440 5213 3638 5269 deerat
3671 5228 3730 5267 ιη

2161 5352 2273 5477 (85)
2306 5353 2388 5407 Ita
2416 5355 2553 5435 Reg.
2587 5356 2904 5437 SeguerLet
2935 5352 3158 5424 Anglic.
3194 5357 3265 5410 At
3316 5354 3646 5438 Goblerian.
3681 5353 3740 5408 et

2092 5424 2163 5479 Fe
2191 5440 2239 5477 c.
2285 5424 2334 5489 1,
2367 5442 2532 5476 ταυτα
2567 5421 2660 5497 μέν
2690 5443 2848 5497 κοινῃ
2882 5422 3122 5497 λέγουσι.
3160 5427 3222 5481 In
3272 5427 3579 5481 BaSIIIens.
3609 5424 3734 5478 haec

2094 5497 2307 5569 desunt
2338 5492 2624 5569 usquead
2654 5492 2851 5551 vocem
2905 5492 3164 5550 διάνοιαν.
3215 5499 3370 5554 lnfra
3426 5498 3637 5569 Regius
3682 5500 3741 5551 et

2094 5566 2245 5642 Felc.
2273 5566 2342 5642 2,,
2375 5566 2655 5642 Ὡριγέγης
2686 5582 2820 5642 cum
2862 5569 3044 5626 denso
3093 5569 3326 5642 spiritu.
3378 5566 3556 5626 Paulo
3613 5571 3744 5641 post

2095 5638 2156 5693 in
2190 5637 2392 5705 Basil.,
2426 5635 2689 5692 τοιούτων
2723 5640 2907 5697 deest.

2172 5708 2285 5784 (8(5)
2316 5709 2554 5784 Regius,
2585 5715 2820 5784 Seguer.
2854 5712 3086 5770 Gobler.
3119 5716 3175 5770 et
3207 5712 3395 5772 Felck.
3432 5714 3482 5784 1,
3543 5710 3740 5783 διήκει.

2101 5778 2277 5854 Editi
2308 5778 2457 5850 ἥκει.

3391 5914 3463 5972 21
