4082 6390
325 493 441 554 651

865 489 928 550 S.
973 488 1402 551 ATHANASII
1447 486 1622 550 OPP.
1665 483 1868 545 PARS
1913 481 1964 542 Ι.
1997 508 2078 524 -
2103 475 2525 540 HISTORIGA
2567 475 2668 540 ET
2711 477 3198 544 DOGMATICA.

3615 487 3740 552 652

286 687 290 691 μ
328 623 431 696 qui
461 623 553 679 sui
585 620 898 694 participes
927 618 1115 676 effecti
1145 618 1364 675 suntin
1395 615 1773 690 baptismatis
1802 610 1982 669 colla-

2097 599 2502 679 μεταλαϐόντας
2533 608 2642 681 (87)
2672 606 2835 664 αὐτοῦ
2887 608 2939 664 ἐν
2968 613 3038 680 τῇ
3088 613 3187 666 τοῦ
3244 612 3616 689 βαπτίσματος
3647 615 3742 674 δό-

332 713 667 768 tione.Gum
689 710 870 782 igitur
889 705 1293 763 catechumeni
1312 710 1370 762 et
1389 705 1606 762 ethnici
1632 705 1895 776 peccant,
1919 701 1979 756 in

331 800 548 858 Filium
578 801 843 871 peccant,
875 795 1154 868 quoniam
1187 795 1239 850 is
1269 800 1360 851 est
1402 795 1461 850 in
1493 793 1632 866 illis,
1663 797 1729 848 ut
1758 790 1982 847 dictum

333 893 458 946 est:
484 891 736 961 possunt
751 889 949 942 tamen
973 884 1201 940 veniam
1225 882 1631 955 consequi,ubi
1655 879 1987 953 acceperint

334 978 554 1034 donum
587 972 1073 1047 regenerationis.
1105 976 1248 1028 Cum
1299 978 1497 1028 autem
1547 969 1823 1042 baptizati
1855 985 1984 1040 pec-

333 1069 488 1132 cant,
510 1065 663 1120 hanc
693 1063 1069 1135 iniquitatem
1099 1061 1158 1117 in
1176 1061 1460 1134 Spiritum
1497 1065 1766 1117 sanctum
1789 1075 1984 1114 recur-

331 1170 460 1210 rere
493 1153 593 1220 ait,
622 1152 762 1224 quia
791 1156 919 1206 tum
945 1151 1202 1222 peccavit
1231 1150 1406 1205 homo
1437 1165 1570 1205 cum
1610 1149 1670 1204 in
1703 1147 1802 1202 illo
1833 1152 1988 1202 esset

331 1241 605 1314 Spiritus.
641 1240 895 1312 Ideoque
917 1239 1135 1296 remitti
1166 1255 1282 1295 non
1305 1254 1477 1310 posse
1497 1236 1851 1310 supplicium
1872 1235 1987 1307 ipsi

336 1330 622 1388 debitum.
661 1351 682 1380 ι

404 1509 494 1564 11.
528 1507 940 1580 Theognostus
971 1509 1167 1562 autem
1199 1505 1320 1561 haec
1350 1505 1552 1576 adjicit
1583 1521 1598 1560 :
1633 1527 1662 1557 ι(
1693 1504 1799 1569 Qui
1833 1503 1987 1562 562

334 1598 594 1670 primum
625 1600 683 1651 et
713 1595 1038 1652 secundum
1088 1593 1411 1650 terminum
1441 1598 1848 1666 transgressus
1878 1596 1988 1658 est,

332 1684 549 1742 minori
598 1683 892 1756 supplicio
923 1682 1137 1756 dignus
1189 1681 1374 1738 videri
1405 1681 1592 1754 possit
1642 1681 1744 1752 qui
1792 1686 1988 1736 autem

332 1774 575 1830 tertium
612 1771 1032 1844 contempserit
1073 1788 1190 1827 non
1223 1770 1469 1826 ulterius
1511 1769 1739 1826 veniam
1785 1784 1988 1825 conse-

337 1863 838 1934 quetur.Primum
869 1865 1064 1916 autem
1087 1858 1408 1915 terminum
1438 1862 1496 1914 et
1523 1857 1848 1913 secundum
1879 1862 1989 1912 ter-

337 1950 569 2006 minum
595 1949 696 2016 ait,
718 1949 1048 2004 doctrinam
1078 1949 1150 2003 de
1181 1947 1353 2042 Patre
1377 1951 1436 2002 et
1467 1945 1607 2042 Filie
1639 1949 1938 2042 acceptam
1973 1962 1986 2000 :
2023 1977 2068 2042 Β

336 2039 576 2095 tertium
605 2038 1023 2104 vero,Verbum
1053 2037 1114 2092 in
1142 2035 1470 2092 initiatione
1497 2039 1555 2090 et
1583 2034 1644 2090 in
1678 2033 1990 2106 participa-

337 2129 496 2185 tione
528 2127 783 2202 Spiritus
831 2126 1114 2182 traditum
1147 2143 1160 2182 :
1195 2125 1353 2197 quod
1382 2125 1731 2181 conﬁrmare
1766 2122 1990 2194 volens,

338 2215 576 2272 adducit
590 2214 733 2269 illud
749 2213 1057 2286 discipulis
1079 2230 1113 2268 a
1134 2211 1432 2269 Salvators
1452 2213 1672 2267 dictum
1698 2229 1758 2266 :«
1781 2211 1992 2266 Adhuc

243 2371 246 2373 Α
337 2323 368 2354 ‹‹
398 2303 586 2359 multa
605 2302 789 2359 habeo
815 2301 981 2358 vobis
1005 2301 1328 2368 dicere,sed
1353 2317 1466 2355 non
1491 2299 1735 2371 potestis
1761 2303 1992 2370 portare

338 2414 367 2444 ‹‹
398 2393 743 2449 modo.Cum
769 2396 961 2447 autem
987 2389 1211 2448 venerit
1232 2389 1486 2461 Spiritus
1507 2393 1748 2443 sanctus
1762 2387 1992 2443 docebit

337 2503 367 2532 «
397 2498 500 2538 vos
519 2481 582 2536 ⁸ο.
620 2503 649 2530 ››
677 2479 892 2536 Deinde
912 2479 994 2535 ait
1026 2495 1039 2534 :
1073 2501 1100 2532 α
1132 2478 1294 2534 Sicut
1313 2493 1414 2534 eos
1435 2476 1535 2550 qui
1559 2477 1816 2548 perfecta
1845 2492 1990 2530 non-

335 2571 479 2627 dum
510 2585 714 2642 capere
744 2572 994 2642 possunt
1016 2567 1338 2640 alloquitur
1356 2565 1639 2636 Salvator,
1656 2565 1724 2620 ad
1753 2563 1990 2620 illorum

341 2674 470 2716 sese
499 2657 844 2732 pravitatem
894 2656 1208 2712 demittens
1241 2673 1255 2712 :
1290 2671 1422 2710 cum
1469 2653 1744 2728 perfectis
1793 2658 1990 2708 autem

338 2747 592 2820 Spiritus
622 2753 864 2803 sanctus
893 2749 1199 2812 versatur;
1233 2760 1422 2816 neque
1468 2746 1667 2798 tamen
1699 2745 1832 2814 quis
1862 2742 1990 2797 ideo

337 2835 570 2906 dixerit,
601 2835 853 2908 Spiritus
885 2833 1073 2890 sancti
1106 2833 1458 2894 doctrinam,
1490 2830 1617 2886 Filii
1662 2831 1990 2886 doctrinam

337 2941 654 2998 superare;
681 2924 783 2980 sed
803 2926 956 2996 quod
984 2923 1167 2978 Filius
1190 2921 1426 2994 quidem
1451 2937 1578 2976 sese
1617 2920 1889 2976 demittat
1917 2920 1990 2976 ad

341 3014 736 3088 imperfectos,
767 3014 1022 3086 Spiritus
1044 3028 1177 3068 vero
1205 3014 1443 3067 sanctus
1465 3008 1726 3082 sigillum
1757 3009 1836 3065 sit
1866 3025 1994 3082 per-

342 3104 629 3160 fectorum
657 3121 671 3171 ;
704 3104 789 3158 sic
840 3119 955 3158 non
1005 3105 1244 3174 propter
1290 3098 1691 3156 excellentiam
1739 3097 1991 3170 Spiritus

344 3193 533 3248 sancti
563 3208 678 3262 pris
730 3191 894 3258 Filio,
922 3188 1296 3262 inexpiabilis
1343 3193 1402 3244 et
1447 3187 1593 3244 citra
1637 3188 1866 3243 veniam
1902 3191 1992 3243 est

337 3280 706 3353 blasphemia
726 3281 787 3335 in
807 3278 1086 3350 Spiritum
1113 3295 1126 3333 ε
1152 3279 1252 3333 sed
1274 3276 1414 3349 quia
1433 3275 1790 3348 imperfectis
1810 3277 1986 3333 datur

334 3369 543 3439 venia;
574 3369 647 3424 iis
677 3385 812 3424 vero
842 3367 943 3439 qui
974 3367 1195 3422 donum
1227 3363 1460 3421 caeleste
1489 3368 1896 3437 gustaverunt,
1927 3370 1984 3421 et
2011 3341 2058 3412 CI

332 3456 549 3514 initiati
581 3460 740 3523 sunt,
774 3454 938 3511 nulla
964 3455 1144 3510 veniae
1175 3453 1532 3524 relinquitur
1571 3453 1867 3510 excusatio
1897 3453 1985 3510 vel

335 3544 688 3616 deprecatio.
725 3567 747 3597 ι
785 3543 916 3600 Haec
947 3543 1144 3616 itaque
1171 3539 1277 3598 illi.

405 3722 494 3780 42.
529 3724 646 3795 Ego
677 3725 871 3777 autem
898 3737 969 3776 ex
995 3719 1068 3776 iis
1096 3735 1223 3791 quis
1255 3718 1456 3786 didici,
1489 3718 1740 3775 arbitror
1771 3719 1988 3777 utrius-

335 3828 449 3886 que
498 3810 870 3879 sententiam,
905 3808 1182 3865 mediocri
1213 3809 1467 3881 quadam
1517 3807 1900 3880 inquisitione
1930 3814 1988 3866 et

333 3901 738 3958 observatione
766 3899 1062 3971 indigere:
1102 3914 1174 3953 ne
1191 3896 1335 3953 forte
1354 3897 1700 3970 profundior
1718 3899 1984 3968 quadam

331 3990 392 4046 in
409 3991 556 4064 ipsis
577 3989 814 4046 illorum
831 3989 1008 4044 dictis
1031 4003 1196 4042 mens
1217 3985 1800 4042 lateat.Manifestum
1825 3987 1982 4044 enim

332 4083 423 4135 est
451 4078 659 4134 Filium
695 4094 828 4134 cum
863 4077 940 4132 sit
971 4077 1028 4130 in
1059 4076 1252 4146 Patre,
1284 4074 1343 4130 in
1376 4074 1494 4131 illis
1525 4075 1702 4132 etiam
1741 4092 1890 4147 esse,
1921 4077 1980 4132 in

331 4168 548 4240 quibus
569 4172 660 4224 est
683 4167 981 4232 Pater,nec
1005 4165 1212 4221 abesse
1225 4163 1797 4236 Spiritum.1ndivisa
1817 4181 1981 4220 nam-

328 4273 443 4329 que
472 4261 564 4313 est
594 4261 820 4321 sancta,
854 4254 1110 4326 perfecta
1139 4257 1196 4309 et
1227 4253 1396 4308 beata
1424 4253 1980 4326 Trinitas.lnsuper,

326 4347 378 4402 si
409 4345 612 4401 omnia
640 4353 744 4417 per
789 4343 1000 4399 Filium
1052 4344 1206 4398 facta
1235 4347 1394 4409 sunt,
1427 4347 1487 4397 et
1531 4342 1592 4396 in
1623 4342 1752 4414 ipso
1783 4344 1984 4399 omnia

2091 714 2191 786 σει.
2222 695 2597 786 Ὅταν-τοίνυν
2645 696 3052 786 κατηχούμενοι
3092 699 3183 756 καὶ
3237 700 3509 774 Ἓλληνες
3563 708 3738 786 ἁμαρ-

2090 783 2341 850 τάνωσιν,
2376 783 2453 845 εἰς
2494 784 2588 856 μὲν
2618 785 2708 840 τὸν
2761 785 2886 840 Υῖὸν
2936 787 3360 863 ἁμαρτάνουσιν,
3388 790 3504 849 ἐπεὶ
3553 793 3604 850 ἐν
3639 783 3741 852 αῦ-

2091 876 2208 933 τοῖς
2241 869 2404 940 ἐστιν,
2437 869 2616 947 ὥσπερ
2651 871 2881 950 εἴρηται·
2917 871 3167 932 δύνανται
3211 875 3270 933 δὶ
3320 877 3474 952 ὅμως
3521 879 3740 958 λαμϐά-

2093 980 2201 1014 νειν
2254 957 2468 1050 ξίφεσιν,
2527 963 2650 1016 ὅταν
2706 965 3076 1050 καταξιωθῶσι
3135 963 3342 1043 δωρεᾶς
3389 973 3492 1037 τῆς
3541 971 3742 1050 παλιγυ

2075 1048 2329 1122 ’γενεσίας
2354 1137 2357 1138 ν
2385 1051 2498 1123 (88)
2530 1091 2548 1109 .
2599 1052 2772 1138 ξὈταν
2834 1049 2892 1107 δὲ
2948 1055 3002 1108 οἱ
3062 1055 3438 1130 βαπτισθέντες
3490 1048 3740 1138 ἁμαρτά-

2095 1157 2248 1206 νωσι,
2306 1137 2404 1206 τήν
2455 1137 2713 1207 τοιαύτην
2772 1142 3111 1216 παρανομίαν
3175 1145 3251 1208 εἰς
3297 1147 3360 1202 τὸ
3417 1153 3634 1224 Πνεῦμα
3678 1153 3742 1208 τὸ

2096 1225 2247 1314 ἅγιον
2307 1227 2531 1314 φθάνειν
2604 1229 2764 1306 φησίν
2799 1228 3055 1301 ·“ἐπειδὴ
3113 1231 3165 1288 ἐν
3238 1233 3387 1308 αὐτῷ
3453 1239 3740 1314 γενόμενος

2095 1313 2329 1390 ἥμαρτε
2379 1315 2469 1370 καὶ
2515 1313 2604 1370 διὰ
2655 1321 2816 1372 τοῦτο
2874 1319 3253 1396 ἀσύγγνωστον
3305 1323 3436 1380 εἶναι
3471 1313 3593 1396 τὴν
3625 1332 3742 1385 κατ’

2099 1403 2262 1459 αὐτοῦ
2291 1403 2583 1481 τιμωρίαν.
2619 1429 2648 1458 ››

2167 1495 2255 1550 41.
2289 1494 2346 1547 Ὀ
2378 1490 2436 1548 δὲ
2491 1493 2833 1586 Θεο-γνωστος
2888 1498 2987 1586 καὶ.
3035 1498 3195 1562 αὐτὸς
3253 1504 3560 1576 προστιθείς
3609 1529 3742 1586 φησι

2095 1588 2281 1672 ταῦτα’
2315 1610 2337 1635 ε
2371 1586 2432 1642 Ὁ
2478 1584 2693 1659 πρῶτον
2745 1582 3144 1662 παραϐεϐηκὼς
3189 1592 3316 1668 ερον
3364 1595 3454 1650 καὶ
3498 1582 3746 1672 δεύτερον

2099 1671 2387 1736 ἐλάττονος
2438 1674 2495 1728 ἂν
2545 1675 2750 1747 ἀξιοῖτο
2798 1677 3088 1753 τιμωρίας’
3121 1681 3151 1734 6
3202 1678 3259 1736 δὲ
3305 1681 3518 1739 καὶτὸν
3559 1671 3739 1759 τρίτον

2100 1759 2366 1851 ὑπεριδὼν
2399 1763 2579 1818 οὐκέτι
2608 1762 2688 1851 -ἂν
2737 1767 3058 1842 συγγνώμης
3105 1769 3365 1846 τυγχάνοι
3409 1776 3520 1847 (89)
3584 1781 3742 1851 Πρῶο

2095 1847 2277 1905 τονδὶ
2307 1851 2431 1926 ὅρον
2463 1851 2553 1906 καὶ
2603 1849 2849 1927 δεύτερόν
2901 1875 3033 1931 φησι
3074 1856 3174 1924 τὴν
3219 1857 3344 1934 περὶ
3394 1861 3601 1938 Πατρὸς
3631 1847 3742 1938 (90)

2097 1941 2189 1996 καὶ
2237 1941 2364 1996 Υἱοῦ
2415 1943 2746 2017 κατήχησιν·
2791 1943 2884 1997 τὸν
2937 1941 2994 1998 δὲ
3039 1943 3220 2022 τρίτον
3268 1948 3360 2003 τὸν
3395 1952 3503 2024 (91)
3558 1950 3645 2007 έπί
3673 1955 3742 2027 τῇ

2097 2029 2376 2086 τελειώσει
2405 2031 2497 2085 καὶ
2529 2035 2594 2105 τῇ
2623 2035 2720 2086 τοῦ
2749 2033 3062 2105 Πνεῦματος
3115 2041 3326 2113 μετοχῇ
3373 2038 3742 2115 παραδιδόμε-

2097 2141 2188 2174 νον
2248 2119 2446 2194 Λόγον’
2482 2119 2569 2175 καὶ
2622 2125 2782 2176 τοῦτο
2835 2117 3131 2197 βεϐαιῶσαι
3188 2123 3386 2196 θέλων,
3435 2127 3623 2205 ἐπάγει
3679 2133 3740 2186 τὸ

2097 2209 2245 2285 παρὰ
2271 2213 2369 2263 τοῦ
2394 2212 2652 2283 Σωτῆρος
2678 2209 2970 2285 εἰρημένον
2991 2217 3108 2276 τοῖς
3132 2221 3419 2286 μαθηταῖς’
3437 2243 3464 2270 ‹‹
3486 2224 3605 2272 "En
3628 2223 3738 2292 (92)

2102 2321 2130 2349 ι(
2161 2295 2346 2353 πολλὰ
2375 2295 2490 2372 ἔχω
2519 2299 2651 2384 Δὑμῖν
2680 2296 2879 2375 λέγειν,
2912 2299 3040 2356 ἀλλ’
3069 2301 3223 2358 οῦπω
3254 2301 3479 2369 δύνασθε
3509 2314 3736 2384 χωρεῖν.

2105 2406 2128 2436 ε
2160 2387 2326 2443 ’Ὀταν
2387 2384 2444 2440 δὲ
2499 2381 2631 2460 ἔλθῃ
2681 2387 2744 2442 τὸ
2792 2386 2944 2464 ἅγιον
2993 2394 3230 2464 Πνεῦμα,
3282 2389 3479 2464 διδάξει
3515 2381 3675 2468 ῦμᾶς.
3709 2421 3736 2450 ››

2097 2474 2230 2529 Εἶτά
2261 2493 2446 2553 φησιν’
2482 2499 2502 2527 ε
2538 2478 2739 2552 Ὥσπερ
2768 2482 2882 2539 τοῖς
2915 2475 3145 2551 μηδέπω
3175 2486 3375 2557 χωρεῖν
3417 2480 3736 2556 δυναμένοις

2096 2563 2164 2618 τὰ
2191 2563 2370 2618 τέλεια
2421 2561 2730 2639 διαλέγεται
2761 2565 2788 2618 6
2822 2567 3039 2641 Σωτήρ,
3087 2564 3514 2644 συγκαταϐαίνων
3560 2571 3735 2628 αὐτῶν

2095 2655 2166 2726 τῇ
2198 2651 2522 2728 σμικρότητι
2561 2672 2572 2685 ·
2632 2657 2748 2714 τοῖς
2772 2650 2829 2708 δὲ
2855 2652 3258 2728 τελειουμένοις
3290 2658 3593 2733 συγγίνεται
3626 2663 3740 2734 (93)

2096 2742 2159 2795 τὸ
2190 2745 2410 2814 Πνεῦμα
2436 2741 2499 2796 τὸ
2529 2742 2702 2816 ἅγιον,
2741 2742 2840 2816 καὶ
2871 2741 2932 2797 οὗ
2983 2741 3159 2814 δήπου
3205 2766 3288 2808 τις
3341 2746 3402 2802 ἐκ
3442 2749 3646 2805 τούτων
3679 2751 3739 2804 ἂν

2099 2828 2228 2907 φαίη
2283 2830 2381 2897 τὴν
2437 2833 2538 2884 τοῦ
2595 2830 2907 2904 Πνεύματος
2962 2829 3311 2889 διδασκαλίαν
3381 2832 3740 2914 ὑπερϐάλλειν

2096 2925 2196 2987 τῆς
2225 2922 2321 2972 τοῦ
2351 2918 2479 2972 Υἱοῦ
2518 2915 2772 2994 διδαχῆς·
2806 2917 2932 2975 ἀλλ’
2982 2922 3064 2974 δτι
3097 2921 3125 2976 ὁ
3160 2923 3256 2995 μὶν
3306 2925 3429 2986 Υἱὸς
3481 2946 3742 3002 συγκατα-

2099 3003 2272 3061 ϐαίνει
2301 3012 2418 3070 τοῖς
2449 3006 2683 3078 ἀτελέσι,
2715 3009 2776 3062 τὸ
2822 3005 2880 3062 δὲ
2929 3013 3148 3082 Πνεῦμα
3199 3013 3428 3089 σφραγίς
3477 3012 3588 3069 ἐστι
3633 3020 3740 3070 τῶν

2097 3095 2534 3169 τελειουμένων·
2599 3097 2770 3160 οὕτως
2831 3097 2892 3152 οὗ
2951 3095 3040 3152 διὰ
3110 3101 3208 3170 τήν
3271 3097 3584 3178 ὑπερϐολὴν
3643 3109 3741 3159 τοῦ

2099 3185 2412 3258 Πνεύματος
2475 3187 2613 3262 πρὸς
2657 3187 2750 3240 τὸν
2804 3187 2927 3241 Υἱὸν
2983 3188 3214 3265 ἄφυκτός
3270 3188 3381 3244 ἐστι
3433 3192 3523 3246 καὶ
3580 3193 3742 3270 ἀσύγο

2097 3295 2340 3350 γνωστος
2370 3277 2405 3344 ἡ
2439 3273 2515 3336 εἷς
2563 3275 2625 3330 τὸ
2676 3280 2894 3348 Πνεῦμα
2944 3275 3288 3355 βλασφημία·
3339 3277 3467 3334 ἀλλ’
3518 3281 3601 3336 ὅτι
3650 3282 3737 3337 ἐπὶ

2099 3364 2192 3437 μὲν
2221 3368 2338 3426 τοῖς
2370 3362 2610 3419 ἀτελέσιν
2664 3363 2773 3419 ἐστὶ
2822 3367 3142 3442 συγγνώμη·
3175 3365 3262 3422 ἐπὶ
3296 3364 3353 3423 δὲ
3393 3375 3510 3432 τοῖς
3545 3392 3738 3447 γευσα-

2099 3453 2284 3525 μένοις
2307 3459 2408 3522 τῆς
2437 3452 2691 3529 οὐρανίου
2723 3455 2836 3527 (94)
2877 3451 3081 3530 δωρεᾶς
3113 3454 3200 3509 καὶ
3247 3455 3612 3513 τελειωθεῖσιν
3646 3460 3738 3514 οὐ-

2096 3537 2255 3614 δεμία
2327 3541 2663 3598 πειλείπεται
2738 3544 3064 3620 συγγνώμης
3125 3543 3393 3622 ἀπολογία
3461 3549 3547 3603 καὶ
3609 3570 3737 3624 παρ-

2093 3628 2330 3699 αίτησις.
2368 3652 2394 3684 ι
2419 3633 2651 3688 Ἐκεῖνοι
2686 3633 2780 3704 μὲν
2814 3629 2905 3686 οὖν
2938 3637 3122 3691 ταῦτα.

2166 3722 2250 3776 12.
2285 3720 2423 3794 Ἐγὼ
2454 3716 2512 3775 δὲ
2549 3719 2638 3798 ἀφ’
2669 3721 2744 3774 ὢν
2792 3717 3016 3794 ἔμαθον,
3071 3722 3281 3797 νομίζω
3328 3724 3429 3794 τὴν
3480 3725 3736 3799 ἑκατέρου

2095 3805 2334 3864 διάνοιαν
2371 3809 2590 3883 μετρίας
2615 3811 2760 3872 τινὸς
2815 3807 3136 3884 δοκιμασίας
3183 3809 3480 3868 ἐπιδεῖσθαι
3521 3813 3737 3869 καί-κα-

2091 3900 2418 3970 τανοήσεως·
2457 3900 2534 3972 μή
2583 3897 2683 3975 ἄρα
2725 3900 3099 3975 κεκρυμμένος
3294 3901 3405 3958 ἐστί
3434 3923 3516 3965 τις
3555 3901 3605 3958 έν
3637 3903 3740 3959 αὖ·

2091 3993 2209 4050 τοῖς
2240 3993 2357 4050 τοῖς
2391 3989 2480 4042 ὑπ’
2509 3988 2680 4042 αὐτῶν
2715 3988 3029 4065 εῗρημένοις
3055 3989 3347 4067 βαθύτερος
3377 3995 3524 4054 νοῦς.
3558 3991 3739 4062 Δῆλον

2091 4077 2216 4153 γὰρ,
2247 4077 2341 4150 ὡς,
2373 4078 2402 4131 6
2433 4078 2554 4139 Υἱὸς
2586 4075 2636 4131 έν
2667 4083 2748 4150 τῷ
2778 4077 2946 4153 Πατρὶ
2975 4075 3070 4148 ὢν,
3103 4077 3155 4134 ἐν
3201 4079 3417 4143 τούτοις
3467 4080 3630 4148 ἐστὶν,
3677 4080 3732 4136 ἐν

2092 4167 2176 4228 οἷς
2209 4166 2298 4221 καὶ
2339 4167 2366 4220 6
2414 4169 2598 4241 Πατήρ
2657 4165 2786 4234 ἐστι,
2838 4168 2926 4221 καὶ
2968 4168 3032 4222 τὸ
3081 4173 3300 4240 Πνεῦμα
3349 4169 3448 4224 οὐκ
3494 4169 3732 4228 ἄπεστιν.

2091 4253 2424 4330 ’Δδιαέρετος
2469 4253 2571 4330 γάρ
2621 4253 2761 4309 ἐστιν
2807 4257 2842 4324 ἠ
2894 4255 3022 4331 ἁγία
3067 4257 3156 4310 καὶ
3210 4258 3466 4333 μακαρία,
3518 4258 3607 4314 καὶ
3654 4279 3738 4313 τε-

2091 4341 2210 4398 λεία
2238 4341 2420 4416 Τριάς.
2455 4344 2574 4399 Ἔτι
2635 4339 2681 4396 δ’
2734 4340 2824 4396 οῦν
2870 4344 2983 4418 (96)
3032 4342 3077 4398 εἰ
3124 4344 3299 4399 πάντα
3355 4342 3445 4400 διὰ
3483 4347 3608 4400 Υἱοῦ
3639 4345 3734 4421 γέ-

324 4433 680 4502 consistunt,
712 4433 1007 4504 quomodo
1038 4437 1199 4487 extra
1230 4430 1332 4486 illa
1362 4431 1486 4502 ipse
1518 4430 1693 4487 fuerit
1722 4447 1848 4502 qua)
1880 4448 1982 4503 per

2097 4452 2234 4507 γονε,
2291 4430 2382 4485 καὶ
2443 4430 2492 4486 ἐν
2554 4430 2702 4502 αὐτῷ
2757 4431 2823 4485 τὰ
2876 4430 3049 4486 πάντα
3104 4433 3435 4504 συνέστηκε,
3495 4439 3611 4496 πῶς
3672 4433 3732 4488 ἂν

321 4523 518 4594 ipsum
549 4522 702 4576 facta
723 4523 864 4576 sunt
881 4520 910 4574 ‘2
929 4520 1028 4575 Sin
1063 4524 1260 4576 autem
1281 4519 1386 4574 illa
1406 4520 1478 4575 ab
1509 4519 1640 4591 ipso
1673 4537 1788 4576 non
1809 4520 1980 4592 longe

2097 4519 2243 4582 ἐκτὸς
2293 4518 2378 4590 εἰή
2429 4525 2536 4576 τῶν
2585 4517 2653 4574 δι’
2701 4519 2863 4576 αὐτοῦ
2910 4520 3264 4595 γενομένων;
3316 4524 3402 4591 Μὴ
3455 4519 3625 4578 ὄντων
3677 4520 3736 4578 δὲ

320 4609 627 4678 fuerint,in
649 4609 928 4666 omnibus
959 4609 1140 4680 igitur
1169 4613 1226 4664 et
1253 4608 1378 4680 ipse
1409 4607 1604 4676 fuerit,
1626 4613 1690 4664 ut
1713 4626 1981 4666 necessa-

2097 4609 2302 4664 ἐκείνων
2349 4607 2513 4664 αὐτοῦ
2568 4609 2801 4685 μακρὰν,
2850 4607 2902 4663 ἐν
2951 4615 3108 4664 πᾶσιν
3161 4607 3220 4664 ἃν
3247 4611 3334 4664 καὶ
3387 4610 3545 4672 αὐτὸς
3589 4611 3736 4666 είκόο

320 4699 408 4757 rio
441 4699 542 4773 qui
572 4698 631 4754 in
663 4697 874 4754 Filium
905 4701 1108 4770 peccat
1135 4701 1193 4752 et
1236 4696 1610 4767 blasphemat
1649 4698 1705 4752 in
1761 4699 1982 4758 Patrem

2097 4720 2200 4762 τως
2232 4697 2340 4770 εἰή·
2374 4699 2449 4761 ὡς
2481 4697 2532 4770 ἐξ
2564 4699 2804 4773 ἀνάγκης
2831 4699 2922 4753 τὸν
2955 4697 3028 4760 εἷς
3073 4699 3164 4753 τὸν
3199 4699 3320 4755 Υἱὸν
3360 4701 3736 4776 ἁμαρτάνοντα

325 4805 560 4873 quoque
589 4793 648 4845 et
695 4789 754 4843 in
805 4786 1084 4860 Spiritum
1137 4789 1410 4842 sanctum
1463 4791 1680 4858 peccet.
1713 4789 1879 4854 Quod
1931 4789 1982 4846 si

2097 4789 2178 4844 καὶ
2237 4787 2668 4866 βλασφημοῦντα
2713 4785 3034 4860 ἁμαρτάνειν
3080 4787 3169 4843 καὶ
3229 4787 3307 4851 εἰς
3360 4789 3453 4844 τὸν
3523 4789 3733 4866 Πατέρα

388 4941 434 4976 ‘°
459 4939 629 4998 Joan.
661 4955 779 5006 xvr,
810 4937 902 5008 42,
935 4938 1020 4994 13.

387 5096 499 5168 (87)
531 5099 670 5168 136g.
704 5098 763 5150 et
791 5098 945 5166 Seg.,
983 5082 1523 5164 μεταλαμϐάνοντας.
1567 5090 1682 5147 Alii
1711 5095 1767 5149 et
1797 5093 1963 5167 editi,

317 5159 743 5240 pséal'agov‘éaq.

384 5239 498 5312 (88)
527 5239 659 5312 Hinc
712 5233 835 5312 ὅταν
889 5231 1263 5312 γξιταξιωθῶσι
1301 5229 1506 5312 δωρεᾶς
1546 5239 1647 5302 τῆς
1703 5233 1966 5312 παλιγγε-

311 5286 868 5378 vséc'iéfa'ééuxiﬂn
895 5286 1231 5362 rGobl'erian.
1265 5310 1322 5362 et
1350 5286 1682 5362 Felchman.

311 5377 514 5450 iidem.
547 5377 966 5455 ἁμαρτάνουσιν.

381 5447 614 5528 (89)_Sic
642 5447 855 5528 Regius
885 5454 944 5505 et
971 5453 1205 5522 Seguer.
1236 5447 1576 5507 Basiliensis
1620 5465 1780 5522 vero,
1829 5469 1958 5524 τυγ-

310 5521 486 5599 χάνῃ(
503 5525 678 5594 Editi,
709 5521 895 5598 τύχοι.

403 5589 494 5670 90)
524 5589 683 5670 Reg;
697 5600 754 5651 et
779 5589 1035 5670 ἔθεσθε,
1075 5590 1323 5670 περὶτοῦ
1353 5589 1580 5670 Πατρός.

404 5663 492 5738 91)
523 5663 638 5720 Τόηῖ
653 5669 817 5722 deest
858 5663 937 5738 in
959 5663 1232 5738 Regioet
1253 5663 1515 5738 δοβρεε.Δ
1543 5663 1682 5738 Mox
1715 5664 1952 5738 Regius,

315 5732 556 5810 Seguer.
590 5732 1071 5810 AnglicixGobler:
1104 5739 1162 5810 et
1193 5732 1443 5810 Felelim.
1486 5734 1545 5810 ei,
1597 5732 1687 5810 καὶ
1733 5732 1828 5803 ἐἷλ’
1858 5732 1954 5789 τοῦ

314 5802 649 5884 Πνῖύματος.
685 5802 862 5874 Editi,
892 5807 979 5860 καὶ
1013 5807 1100 5860 τὸν
1136 5803 1223 5860 ἐπὶ
1253 5807 1322 5878 τῇ
1352 5808 1448 5860 τοῦ
1479 5802 1793 5878 Πνεῦματος

2145 5096 2256 5170 (92)
2288 5097 2504 5170 Regius
2525 5101 2582 5152 et
2608 5096 2984 5170 Seguerian.,_
3015 5093 3188 5170 Ἐπεί.
3216 5095 3423 5170 ePaulo
3472 5101 3607 5170 post
3662 5097 3723 5154 in

2074 5164 2282 5242 iisdem
2317 5164 2374 5222 δέ
2405 5169 2568 5242 deest
2602 5164 2732 5242 post
2762 5167 2911 5225 ὅταν.
2934 5164 3720 5242 ΔΠήάειῐῐιίΡιοείυε,’διξειιοιῃ

2073 5240 2304 5295 Gobler.
2337 5246 2394 5313 et
2423 5241 2574 5313 Felc.
2606 5239 2864 5313 primus.
2896 5239 2958 5294 τὸ
2991 5239 3147 5313 ἅγιον
3183 5239 3420 5312 Πνεῦμα.
3453 5239 3629 5307 Editi,
3660 5241 3723 5294 τὸ

2072 5314 2292 5383 Πνεῦμα
2318 5310 2382 5364 τὸ
2414 5311 2586 5384 ἅγιον.
2615 5310 2723 5368 Hic
2755 5318 2947 5368 autem
2979 5310 3290 5384 Scriptum
3321 5310 3506 5382 locus,
3531 5313 3721 5384 quoad

2071 5385 2424 5510 serntentiam
2456 5388 2706 5456 tantum,
2741 5402 2856 5440 non
2908 5387 2978 5442 ad
3020 5385 3262 5441 verbum
3295 5385 3368 5440 ab
3403 5384 3724 5441 Athanasio

2071 5471 2102 5510 a
2149 5472 2210 5510 er
2244 5473 2331 5510 ur.

2069 5471 2331 5510 auertur.

2279 5525 2494 5603 Begius
2528 5530 2585 5583 et
2613 5527 2975 5603 Seguerian.,
3013 5527 3382 5603 συγγίγνεται.

2279 5598 2496 5676 Begjus
2527 5603 2586 5676 et
2616 5598 2980 5676 Seguer‘ianq
3014 5598 3364 5676 ἐπουρανίου.
3402 5672 3411 5676 _
3659 5635 3663 5642 ι

2158 5670 2250 5748 ἓξ)
2278 5670 2492 5748 B_egi_us
2520 5675 2578 5726 et
2609 5670 2970 5748 Segueriann
2994 5671 3091 5748 καί
3135 5670 3537 5748 κεκρυμψὲνο-ς.

2155 5741 2248 5814 96)
2277 5741 2379 5798 Sic
2401 5743 2539 5816 Reg.
2574 5749 2632 5800 et
2660 5741 2899 5818 S'eguer.
2932 5743 3084 5801 Editi
3113 5741 3270 5816 vero,
3295 5741 3414 5803 ’Ἔτι
3447 5741 3494 5799 δ’
3525 5743 3604 5800 ἂν.
