4082 6392
238 534 359 595 653

1323 532 1707 594 EPISTOLA
1749 530 1829 593 IV
1874 529 1977 591 AD
2022 529 2555 592 SERAPIONEM.

3528 530 3647 590 65L

238 666 326 722 καὶ
359 664 436 726 εἷς
465 663 530 719 τὸ
559 662 717 739 ἅγιον
749 666 989 736 Πνεῦμα.
1038 665 1142 719 Καὶ
1192 665 1254 719 τὸ
1299 662 1454 739 ἆγιον
1490 660 1548 718 δὲ
1577 661 1806 737 λουτρὸν
1840 660 1885 716 εἶ

2034 665 2269 718 anetum
2285 661 2581 718 lavacrum
2600 663 2659 718 in
2680 663 2915 720 nomine
2930 663 3182 736 Spiritus
3207 661 3396 719 sancti
3416 665 3648 718 tantum

245 756 337 829 μὶν
373 753 450 816 εἰς
479 752 543 808 τὸ
574 753 724 829 ἀγιον
756 755 870 825 (97)
915 756 1134 825 Πνεῦμα
1190 752 1352 826 μόνον
1400 749 1633 821 ἐδιδοτ),
1670 751 1892 813 εἰκότως

241 844 299 900 ἂν
334 842 551 918 ἒλὲγετο
576 840 705 903 τοὺς
763 840 1191 917 βαπτιζομένους
1244 841 1320 903 εἰς
1372 843 1434 896 τὸ
1476 844 1696 913 Πνεῦμα
1729 840 1892 913 μόνον

239 932 604 1009 ἁμαρτάνειν’
656 927 847 999 ἐπειδὴ
901 927 959 984 δὲ
1015 928 1091 992 εἷς
1148 931 1359 1006 Πατέρα
1413 933 1546 1003 (98),
1604 929 1695 984 καὶ
1752 929 1894 998 Υἷὸν,

240 1021 329 1077 καὶ
361 1021 516 1097 ἅγιον
549 1021 771 1092 Πνεῦμα
841 1015 1072 1087 διδοται,
1129 1019 1218 1074 καὶ
1264 1019 1407 1074 οὕτω
1457 1017 1761 1074 τελειοῦται
1787 1022 1895 1072 τῶν

247 1107 661 1186 βαπτιζομένων
739 1105 990 1176 ἕκαστος,
1065 1108 1273 1183 ἀνάγκη
1350 1106 1513 1163 πάλιν
1594 1108 1705 1180 (99)
1773 1105 1899 1168 τοὺς

256 1199 391 1273 μετὰ
427 1198 491 1254 τὸ
525 1197 806 1273 βαπτισμα
846 1190 1281 1273 παραϐαίνοντας
1330 1195 1404 1259 εἲς
1452 1197 1552 1265 τήν
1602 1195 1755 1269 ἁγίαν
1808 1196 1899 1249 καὶ

239 1285 545 1364 ἀδιαίρετον
597 1282 803 1363 Τριάδα
874 1287 975 1356 τὴν
1047 1283 1402 1364 βλασφημίαν
1452 1287 1744 1341 ποιεῖσθαι.
1800 1286 1899 1340 Καὶ

250 1381 420 1432 τοῦτο
442 1373 500 1431 δὲ
531 1373 737 1430 δίκαιον
789 1373 849 1429 ἂν
901 1372 986 1446 εἴη
1037 1373 1345 1449 λογίζεσθαι
1393 1373 1482 1445 καὶ
1512 1379 1678 1430 νοεῖν.
1712 1373 1775 1431 Εἰ
1810 1375 1903 1447 μὶν

255 1466 393 1541 πρὸς
424 1459 694 1526 λαϐόντας
747 1464 811 1519 τὸ
867 1462 1094 1538 λουτρὸν
1140 1470 1241 1533 τῆς
1287 1461 1718 1539 παλιγγενεσίας,
1774 1461 1902 1524 τοὺς

258 1553 590 1631 Φαρισαίους
646 1551 811 1629 λέγω,
858 1554 958 1626 (1),
1004 1552 1095 1607 καὶ
1151 1551 1516 1627 μετασχόντας
1546 1551 1742 1613 αὐτοὺς
1790 1548 1899 1621 ἤδη

239 1650 340 1713 τῆς
373 1640 579 1717 δωρεᾶς
630 1646 726 1698 τοῦ
777 1641 934 1717 ἁγίου
990 1640 1332 1713 Πνεύματος,
1390 1638 1662 1715 διελέγετο
1716 1641 1744 1694 6
1792 1640 1901 1694 Κύ-

241 1753 377 1808 ριος,
408 1732 608 1802 πιθανή
641 1751 723 1792 τις
754 1731 823 1800 ἦν
868 1733 903 1799 ἡ
951 1729 1176 1800 τοιαύτη
1238 1728 1469 1795 διάνοια,
1502 1729 1578 1791 ὡς
1610 1726 1904 1805 παλινδρο-

246 1823 546 1895 μήσαντας,
580 1819 668 1874 καὶ
716 1816 1226 1892 πλημμελήσαντας
1255 1818 1331 1880 είς
1363 1819 1425 1873 τὸ
1470 1818 1626 1892 ἅγιον
1660 1822 1900 1889 Πνεῦμα·

244 1910 289 1965 εί
323 1907 381 1964 δὲ
429 1911 569 1983 μήτε
621 1907 686 1962 τὸ
740 1906 971 1983 λουτρὸν
1027 1905 1334 1986 εἷ’λήφασιν,
1389 1905 1538 1962 ἀλλὰ
1582 1907 1674 1960 καὶ
1717 1908 1779 1961 τὸ
1807 1910 1905 1961 τοῦ

246 1999 505 2055 Ἰωάννου
566 1999 640 2070 (2)
722 1997 977 2071 βαπτσμα
1054 1994 1495 2068 ἐξουθενήσαντες
1572 1996 1726 2067 ⁹ἦσαν,
1784 2000 1981 2097 πῶςΒ

246 2088 442 2162 ᾐτιᾶτο
498 2085 726 2148 τούτους
782 2086 856 2147 ὡς
910 2084 1413 2162 βλασφημήσαντας
1457 2083 1532 2146 ε”ς
1572 2085 1634 2138 τὸ
1689 2089 1905 2157 Πνεῦμα

243 2177 308 2231 τὸ
340 2178 518 2250 ἅγιον⁹
552 2175 615 2230 οὗ
649 2171 879 2248 μηδέπω
915 2172 1143 2248 μέτοχοι
1176 2173 1484 2247 γεγόνεισαν
1513 2175 1590 2245 (3)
1626 2191 1639 2242 ;
1675 2173 1773 2230 Καὶ
1803 2173 1904 2250 γὰρ

248 2266 315 2320 ού
351 2261 617 2319 διδάσκων
656 2261 845 2324 ἁπλῶς
893 2263 921 2316 6
974 2262 1168 2338 Κύριος
1217 2261 1399 2316 ἐλάλει
1438 2267 1626 2333 ταῦτα,
1659 2259 1787 2317 οὐδὲ
1816 2262 1905 2317 ἐπὶ

253 2353 520 2427 μέλλουσι
552 2354 651 2422 τήν
704 2351 972 2427 τιμωρίαν
1019 2350 1258 2421 ἠπείλει·
1309 2349 1436 2406 ἀλλ’
1466 2350 1621 2415 εὐθὺς
1653 2351 1908 2425 αἰτιώμε-

246 2464 344 2505 νος
396 2441 624 2511 ἀληθῶς
679 2439 808 2502 τοὺς
857 2441 1205 2514 Φαρισαίους,
1275 2440 1350 2501 ὡς
1420 2437 1526 2511 ἤδη
1586 2440 1908 2516 γενομὲνους

253 2531 585 2596 ὑπευθύνους
614 2536 712 2600 τῆς
740 2528 1078 2600 τηλικαύτης
1111 2528 1488 2607 βλασφημίας,
1519 2526 1704 2605 εἶ’ρηκε
1748 2535 1908 2584 τοῦτο

249 2622 315 2676 τὸ
347 2620 512 2696 ῥητὸν
544 2620 572 2674 ὁ
605 2618 826 2693 Κύριος.
869 2618 994 2674 Tth
1045 2615 1103 2672 δῖε
1151 2617 1466 2690 Φαρισαίων
1500 2617 1642 2672 οὕτω
1672 2638 1908 2692 κατηγο-

256 2710 561 2785 ρουμένων,
595 2706 685 2761 καὶ
732 2707 857 2781 πρὶν
904 2700 1088 2762 λαϐεῖν
1142 2704 1339 2769 άύτοῦς
1385 2707 1447 2761 τὸ
1484 2707 1783 2781 βάπτισμα,
1815 2706 1913 2761 ούκ

254 2796 316 2852 ἂν
379 2796 463 2867 εἷή
517 2800 678 2851 τοῦτο
729 2794 891 2871 ῥητὸν
939 2793 1026 2849 ἐπὶ
1087 2794 1212 2856 τοὺς
1264 2796 1399 2867 μετὰ
1447 2795 1508 2849 τὸ
1553 2794 1783 2871 λουτρὸν
1815 2817 1913 2850 πα-

259 2880 633 2957 ραϐαίνοντας·
684 2884 773 2961 καὶ
828 2880 1064 2956 μάλιστα
1120 2880 1203 2937 ὅτι
1258 2884 1368 2958 οὐχ
1414 2882 1603 2946 ἁπλῶς
1632 2882 1718 2939 ἐπὶ
1745 2886 1915 2959 ἁμαρ-

255 2971 579 3041 τίαις,άλλ’
633 2972 720 3027 ἐπὶ
775 2967 1101 3049 ϐλασφημίᾳ
1154 2971 1348 3035 αὐτοὺς
1398 2973 1609 3047 ᾐτιᾶτο.
1666 2974 1913 3051 Διαφέρει

255 3062 338 3135 δὲ,
385 3062 471 3117 ὅτι
525 3063 554 3117 ὁ
607 3062 700 3135 μὲν
764 3063 1085 3137 ἁμαρτάνων
1142 3056 1463 3137 παραϐαίνει
1517 3061 1710 3135 νόμον·
1770 3064 1798 3117 6
1858 3061 1915 3117 δὲ

260 3150 607 3229 βλασφημῶν
645 3149 722 3211 εἰς
756 3150 924 3218 αὐτὴν
977 3143 1159 3204 ἀσεϐεῖ
1203 3151 1301 3219 τὴν
1337 3150 1586 3219 θεότητα.
1618 3152 1741 3205 Ἐπὶ
1770 3151 1912 3207 πολ-

256 3239 384 3302 λαῖς
416 3238 461 3294 δ’
511 3240 601 3294 οὖν
660 3240 924 3315 πρότερον
974 3235 1390 3311 πλημμελείαις
1441 3239 1767 3312 αἰτιώμενος
1817 3241 1914 3295 αύ-

255 3331 387 3391 τοῦς
420 3330 448 3384 6
480 3330 698 3404 Σωτὴρ,
732 3326 815 3382 ὅτι
847 3329 924 3402 (4)
967 3328 1067 3396 τήν
1119 3326 1344 3396 ἐντολὴν
1375 3332 1471 3383 τοῦ
1502 3333 1636 3383 Θεοῦ
1664 3330 1764 3398 τήν
1791 3329 1915 3406 περὶ

2004 751 2260 818 daretur,
2286 752 2421 822 jure
2453 751 2742 807 diceretur
2790 751 3073 823 baptizos,
3108 752 3167 806 in
3197 752 3477 823 Spiritum
3513 768 3650 807 san—

2005 844 2166 895 ctum
2201 841 2487 896 duntaxat
2516 856 2771 912 peccare.
2797 844 2936 896 Cum
2962 845 3158 896 autem
3191 840 3249 895 in
3281 840 3517 897 nomine
3549 841 3652 897 Pa-

2009 927 2112 984 tris
2141 932 2199 984 et
2228 928 2354 983 Filii
2385 934 2442 984 et
2467 929 2717 1001 Spiritus
2739 929 2922 984 sancti
2956 930 3127 984 detur
3161 945 3172 984 :
3208 928 3408 1000 sicque
3438 928 3655 1001 singuli

2008 1017 2108 1088 qui
2139 1017 2528 1088 baptizantur,
2560 1017 2887 1088 initientur,
2921 1022 3378 1074 consentaneum
3414 1034 3655 1089 prorsus

2007 1110 2095 1161 est
2128 1111 2190 1161 ut
2210 1106 2309 1175 qui
2332 1111 2465 1179 post
2495 1108 2788 1178 baptisma
2809 1108 3283 1179 praevaricantur,
3309 1107 3368 1161 in
3391 1110 3657 1162 sanctam

2009 1200 2067 1250 et
2088 1195 2401 1251 indivisam
2420 1195 2764 1251 Trinitatem
2790 1194 3179 1267 blasphemet.
3206 1196 3271 1250 Et
3290 1195 3401 1252 hoc
3418 1212 3655 1267 aequum

2010 1290 2095 1339 est
2128 1284 2208 1339 ita
2253 1284 2507 1356 cogitare
2550 1288 2606 1339 et
2636 1282 2983 1357 intelligere.
3018 1288 3181 1340 Certe
3212 1285 3263 1340 si
3311 1285 3352 1339 ii
3383 1302 3529 1356 quos
3561 1284 3658 1341 ille

2012 1371 2440 1443 alloquebatur,
2473 1371 2752 1427 Pharisaei
2775 1388 3007 1443 nempe,
3030 1372 3327 1429 lavacrum
3359 1389 3661 1445 regenera-

2012 1462 2188 1517 tionis
2219 1463 2604 1533 accepissent,
2636 1467 2692 1517 et
2722 1462 2859 1517 doni
2889 1463 3077 1517 sancti
3109 1463 3360 1534 Spiritus
3380 1464 3506 1535 jam
3539 1482 3663 1536 par-

2012 1551 2217 1622 ticipes
2241 1549 2861 1619 fuissent,verisimilis
2882 1556 3036 1607 esset
3066 1553 3356 1621 ejusmodi
3381 1554 3663 1626 interpre-

2013 1641 2177 1712 tatio,
2209 1639 2293 1696 illi
2325 1643 2541 1712 quippe
2564 1657 2597 1695 a
2619 1640 2855 1711 justitia
2883 1640 3283 1707 descivissent,
3307 1646 3362 1697 et
3393 1642 3452 1697 in
3483 1643 3661 1715 Spiri-

2012 1733 2139 1784 tum
2169 1733 2441 1784 sanctum
2475 1728 2880 1801 deliquissent,
2913 1730 3015 1785 sed
3047 1746 3181 1785 cum
3214 1730 3512 1787 lavacrum
3546 1749 3662 1788 non

2015 1819 2365 1890 acceperint,
2398 1818 2493 1873 sed
2521 1817 2695 1872 etiam
2729 1818 3026 1889 baptisma
3052 1818 3295 1875 Joannis
3339 1820 3662 1893 vilipende-

2014 1906 2155 1976 rint,
2187 1924 2292 1962 cur
2320 1905 2453 1962 illos
2484 1906 2795 1962 accusabat
2827 1911 2890 1961 ut
2919 1907 3021 1979 qui
3066 1907 3574 1979 blasphemassent
3604 1910 3664 1964 in

2013 1996 2295 2067 Spiritum
2327 1999 2619 2062 sanctum,
2640 1996 2811 2066 cujus
2842 1997 3104 2051 nondum
3129 1996 3445 2069 participes
3475 1998 3666 2054 eli'ecti

2013 2084 2419 2140 fuerant?Non
2434 2084 2589 2140 enim
2606 2084 3228 2156 simpliciterdocendo
3246 2086 3533 2143 Dominus
3545 2087 3668 2143 haec

2015 2173 2385 2246 loquebatur,
2420 2189 2609 2245 neque
2639 2173 2712 2228 iis
2755 2173 2856 2244 qui
2890 2173 3069 2229 futuri
3115 2180 3282 2230 erant
3312 2175 3669 2247 supplicium

2016 2261 2541 2329 interminabatur;
2582 2262 2682 2316 sed
2718 2262 2775 2315 in
2826 2262 3139 2334 praesentia
3166 2279 3299 2318 vere
3347 2264 3672 2320 Pharisaaos

2016 2351 2293 2407 incusans
2325 2354 2528 2422 utpote
2554 2355 2728 2405 tantae
2777 2350 3157 2422 blasphemiae
3183 2354 3309 2423 jam
3343 2370 3495 2423 reos,
3526 2352 3673 2411 illud

2017 2439 2247 2495 dicebat
2262 2439 2877 2495 Dominus.Pharisaais
2894 2440 3166 2511 igiturita
3184 2443 3472 2497 accusatis
3486 2442 3678 2515 prius-

2020 2545 2197 2600 quam
2231 2528 2525 2600 baptisma
2555 2528 2977 2601 percepissent,
2998 2528 3107 2584 hoc
3134 2535 3287 2585 certe
3316 2531 3542 2587 dictum
3575 2549 3675 2590 eos

2021 2617 2265 2672 minime
2295 2622 2522 2689 spectat
2553 2617 2655 2688 qui
2686 2622 2819 2688 post
2849 2616 3144 2683 lavacrum
3177 2619 3673 2690 praevaricantur;

2022 2712 2078 2762 et
2110 2706 2432 2778 praesertim
2467 2705 2605 2778 quia
2635 2723 2733 2761 eos
2766 2722 2879 2761 non
2904 2707 2975 2762 de
3005 2706 3366 2778 quibuslibet
3396 2711 3673 2781 peccatis,

2020 2796 2122 2851 sed
2156 2796 2227 2851 de
2257 2794 2625 2866 blasphemia
2672 2796 3006 2851 accusabat.
3041 2796 3171 2852 Haec
3204 2802 3401 2852 autem
3434 2800 3585 2855 inter
3614 2816 3677 2856 se

1966 2942 1970 2947 ,
2021 2884 2319 2950 differunt,
2351 2885 2505 2955 quod
2557 2884 2659 2955 qui
2710 2888 2930 2956 peccat,
2964 2883 3153 2956 legem
3186 2887 3676 2959 transgrediatur,

2023 2975 2123 3045 qui
2153 2990 2288 3029 vero
2308 2972 2700 3045 blasphemat,
2719 2972 2779 3028 in
2796 2973 2987 3044 ipsam
3011 2974 3286 3029 deitatem
3320 2976 3498 3047 impie
3520 2982 3675 3049 agat.

2024 3067 2166 3119 Cum
2199 3067 2395 3119 autem
2426 3062 2559 3117 illos
2590 3064 2661 3117 de
2713 3062 2915 3117 multis
2946 3064 3099 3119 568
3133 3063 3485 3121 criminibus
3516 3068 3680 3138 prius

2026 3156 2330 3207 accusaret
2361 3150 2643 3219 Salvator,
2670 3152 2825 3223 quod
2858 3151 3082 3208 scilicet
3101 3151 3286 3225 legem
3318 3154 3390 3209 de
3422 3156 3681 3225 parenti-

2025 3241 2137 3296 bus
2168 3240 2346 3296 latam
2382 3244 2619 3312 propter
2666 3239 2977 3313 pecuniam
3031 3244 3599 3314 transgrederentur,
3631 3249 3690 3301 et

2031 3329 2448 3401 prophetarum
2481 3330 2636 3384 dicta
2684 3336 3049 3401 respuerent,
3079 3347 3144 3386 ac
3176 3331 3419 3387 domum
3450 3332 3551 3388 Dei
3584 3334 3686 3391 do-

256 3423 369 3475 τῶν
422 3418 623 3493 γονὲων
674 3414 763 3472 διὰ
828 3415 1085 3492 ἀργύριον
1142 3412 1486 3493 παρέϐαινον,
1546 3417 1637 3473 καὶ
1692 3419 1760 3473 τὰ
1813 3423 1913 3473 τῶν

2036 3434 2198 3473 mum
2216 3419 2468 3473 facerent
2484 3418 2893 3490 negotiationis
2914 3437 2927 3487 ;
2948 3423 3207 3475 attamen
3224 3420 3573 3478 hortabatur
3588 3438 3688 3480 eos

262 3510 563 3586 προφητῶν
621 3504 1044 3581 παρεκρούοντο,
1121 3506 1212 3559 καὶ
1276 3506 1369 3560 τὸν
1431 3506 1575 3561 οἶκον
1634 3511 1732 3562 τοῦ
1790 3511 1922 3562 Θεοῦ

262 3595 484 3653 ἐποίουν
516 3595 666 3649 νῖκον
720 3591 1013 3669 ἐμπορίου,
1065 3591 1218 3667 ὅμως
1249 3594 1477 3668 παρῄνει
1518 3596 1607 3650 καὶ
1644 3602 1921 3669 μετανοεῖν

266 3684 456 3747 αὐτοῖς
624 3684 745 3740 Ἐπὶ
780 3679 838 3736 δὲ
865 3686 946 3754 τῷ
980 3682 1159 3757 Λέγειν
1204 3681 1422 3753 αὐτοὺς,
1454 3685 1539 3741 Ἑν
1586 3680 1924 3754 Βεελζεϐοὺλ

272 3768 533 3828 ἐκϐάλλει
587 3773 655 3826 τά
726 3768 1002 3843 δαιμόνια,
1080 3770 1179 3826 οὐκ
1251 3766 1328 3826 ἔτι
1403 3771 1605 3844 ταύτην
1661 3774 1926 3849 ἁμαρτίαν

274 3862 487 3926 ἁπλῶς,
533 3859 678 3917 ἀλλά
728 3858 1083 3939 βλασφημίαν
1135 3859 1345 3936 εἴρηκεν
1402 3864 1528 3916 εἶναι
1566 3860 1926 3936 τηλικαύτην,

273 3951 413 4006 ὥστε
469 3950 704 4028 ἄφυκτον
750 3948 839 4003 καὶ
897 3947 1247 4023 ἀσύγγωστον
1316 3951 1447 4004 εἶναι
1503 3952 1605 4021 τήν
1660 3951 1929 4028 τιμωρίαν
1974 3970 1976 3973 ·

268 4045 392 4101 τοῖς
416 4042 647 4107 τοιαῦτα
674 4036 981 4109 τολμῶσιν.

343 4128 433 4184 13.
477 4124 700 4187 Ἄλλως
730 4146 809 4196 τε,
844 4125 889 4179 εἰ
920 4130 1027 4180 τῶν
1065 4126 1198 4198 μετᾶ
1233 4127 1294 4181 τὸ
1327 4125 1557 4203 λουτρὸν
1592 4128 1928 4205 ἁμαρτανόν-

265 4239 375 4271 των
409 4216 571 4291 χάριν
602 4211 817 4290 εἷ¹ρηται
857 4218 1019 4269 τοῦτο
1067 4216 1129 4270 τὸ
1182 4214 1370 4291 ῥητὸν,
1400 4218 1489 4271 καὶ
1518 4217 1733 4280 τούτοις
1762 4218 1926 4295 ἀσύγ-

261 4304 505 4383 γνωστός
538 4304 682 4359 ἐστιν
714 4307 748 4374 ἡ
781 4306 863 4375 (6)
912 4308 1022 4358 τῶν
1069 4303 1579 4378 πλημμελημάτων
1632 4304 1778 4377 δίκη’
1812 4313 1929 4370 πῶς

262 4416 345 4468 τῳ
393 4394 487 4467 μὶν
535 4392 587 4448 ἐν
658 4391 909 4469 Κορίνθῳ
981 4398 1329 4465 μετανοοῦντι
1388 4400 1549 4470 κυροῖ
1601 4397 1701 4465 τὴν
1756 4397 1925 4466 αὐτὴν

262 4483 476 4559 ἀγάπην
508 4484 537 4537 6
570 4478 933 4551 Ἀπόστολος,
984 4480 1104 4543 τεὺς
1161 4479 1218 4536 δὲ
1262 4481 1504 4545 Γαλάτας
1548 4482 1930 4558 παλινδρομή-

280 4592 476 4634 σαντας
507 4569 707 4636 ὠδίνει,
769 4567 933 4646 ἄχρις
981 4570 1044 4624 οὗ
1094 4569 1260 4626 πάλιν
1314 4574 1583 4649 μορφωθῇ
1611 4574 1843 4648 Χριστὸς
1873 4573 1925 4629 ἐν

269 4661 511 4730 αύτοῖς;
563 4661 650 4716 Ἐν
702 4656 760 4713 δὲ
803 4663 884 4731 τῷ
938 4656 1135 4735 λέγειν,
1191 4658 1355 4721 πάλις
1435 4659 1701 4716 δείκνυσιν
1745 4661 1923 4717 αὐτῶν

2038 3510 2104 3563 ut
2132 3506 2538 3579 paenitentiam
2563 3511 2819 3579 agerent.
2841 3506 3055 3563 Verum
3081 3509 3181 3563 ubi
3206 3509 3399 3579 ipsum
3427 3511 3690 3569 dicerent

2039 3594 2097 3649 in
2130 3592 2530 3649 Beelzebulem
2579 3593 2787 3663 ejicere
2837 3594 3163 3663 daemonia;
3216 3612 3330 3651 non
3364 3596 3473 3653 hoc
3510 3598 3684 3666 ultra,

2038 3690 2341 3757 peccatum
2372 3683 2741 3756 simpliciter,
2775 3686 2876 3741 sed
2921 3684 3349 3758 blasphemiam
3383 3689 3528 3744 dixit
3558 3706 3688 3746 esse

2038 3778 2285 3843 tantam,
2319 3777 2384 3829 ut
2414 3773 2514 3845 qui
2544 3772 2686 3830 talia
2733 3774 2989 3844 proferre
3021 3774 3149 3829 ausi
3179 3781 3396 3844 essent,
3429 3794 3534 3833 nec
3563 3795 3685 3851 pcn-

2040 3878 2176 3917 nam
2207 3862 2483 3933 ell‘ugere,
2516 3877 2621 3916 nec
2651 3862 2879 3917 veniam
2911 3862 3171 3919 obtinere
3202 3870 3457 3936 possent.

2112 4129 2197 4184 13.
2222 4128 2454 4200 Alioqui
2477 4129 2526 4185 si
2549 4146 2751 4185 eorum
2775 4146 2954 4187 causa
2975 4132 3076 4202 qui
3099 4137 3229 4203 post
3250 4132 3542 4188 lavacrum
3567 4149 3697 4205 pec-

2038 4223 2174 4273 cant
2202 4218 2260 4273 id
2293 4218 2514 4273 dictum
2566 4218 2795 4287 fuisset,
2825 4224 2884 4274 et
2934 4218 3018 4273 illi
3068 4221 3293 4276 veniam
3326 4225 3693 4293 peccatorum

2039 4306 2304 4362 obtinere
2326 4323 2442 4362 non
2468 4311 2841 4378 possent,cur
2862 4307 3161 4365 hominem
3188 4309 3342 4381 apud
3365 4310 3697 4367 Corinthios

2037 4395 2445 4469 pcenitentem,
2472 4396 2529 4449 in
2554 4395 2841 4451 charitate
2858 4398 3164 4452 conﬁrmat
3184 4398 3402 4455 Paulus
3424 4400 3492 4469 δι,
3526 4400 3697 4456 Gala-

2036 4490 2128 4541 tas
2148 4499 2281 4540 vero
2307 4488 2630 4539 retrorsum
2673 4483 2958 4540 abeuntes
2996 4486 3247 4557 parturit
3269 4489 3452 4545 donec
3484 4490 3699 4546 forme-

2035 4578 2135 4628 tur
2165 4574 2382 4629 iterum
2408 4574 2466 4628 in
2498 4571 2582 4628 eis
2609 4571 2878 4629 Christus
2904 4574 2989 4629 "‘I
3014 4579 3157 4631 Cum
3183 4581 3378 4633 autem
3404 4576 3565 4645 dicit,
3592 4579 3696 4635 ite-

2038 4679 2192 4733 rum,
2226 4661 2540 4734 pristinam
2573 4679 2775 4718 eorum
2808 4662 2869 4718 in
2898 4664 3116 4737 Spiritu
3149 4666 3564 4739 perfectionem
3598 4669 3697 4723 de-

270 4749 382 4803 καὶ
410 4749 510 4817 την
538 4745 801 4824 προτέραν
861 4746 914 4802 ἐν
959 4752 1039 4820 τῷ
1088 4746 1358 4821 Πνεύματι
1409 4747 1750 4820 τελειότητα.
1785 4751 1853 4808 Τί
1884 4748 1911 4805 δ

2049 4751 2250 4807 clarat.
2284 4754 2399 4806 Cur
2437 4767 2572 4807 vero
2602 4751 2888 4808 Novatum
2938 4754 3245 4827 culpamus
3295 4756 3697 4827 paenitentiam

263 4838 355 4893 καὶ
396 4838 628 4910 Νουάτῳ
658 4838 736 4910 (7)
787 4835 1117 4914 μεμφόμεθα
1164 4837 1469 4914 ἀναιροῦντι
1505 4840 1816 4911 μετάνοιαν,
1846 4861 1913 4895 κα

2047 4839 2371 4911 tollentem,
2395 4856 2461 4897 ac
2483 4841 2773 4898 dicentem
2795 4841 3014 4898 nullam
3039 4859 3347 4923 superesse
3375 4843 3446 4900 iis
3466 4844 3697 4902 veniam

337 4957 383 4991 ⁸1
416 4958 543 5011 Cor.
578 4970 643 5022 ιι,
671 4954 726 5008 8.
803 4954 850 4989 ⁴²
890 4953 1078 5011 Galat.
1110 4972 1188 5023 ιν,
1222 4957 1309 5012 19.

337 5069 450 5155 (φ)
482 5069 701 5155 Regius
731 5069 972 5143 Seguer.
1024 5069 1357 5126 Goblerian.
1411 5075 1468 5128 et
1496 5072 1754 5130 Felckm.
1790 5075 1842 5143 1,
1872 5073 1935 5126 τὸ

263 5139 590 5216 Πνὲῦίμαεδ
601 5139 791 5216 ἕγιιιν-

2046 5072 2258 5147 γόνασι.
2293 5073 2451 5129 Infra
2481 5074 2720 5146 Seguer.
2751 5074 3033 5147 τιμωρίαν
3055 5071 3260 5147 ἐλάλει.

2115 5146 2191 5215 (4)
2226 5146 2366 5218 Reg.
2399 5150 2459 5201 et
2485 5145 2711 5219 Seguer.
2746 5145 2973 5219 et'edit.
3006 5145 3458 5219 Commel.,_81e.
3514 5150 3694 5219 Editi,

336 5214 450 5340 (98)
477 5212 569 5268 Sic
601 5212 820 5340 Regius
858 5215 1108 5301 Seguer’
1147 5212 1458 5285 Anglican.
1511 5214 1846 5272 Goblerian.
1879 5233 1910 5272 e

336 5301 424 5340 sc.
460 5284 513 5340 1.
550 5282 610 5339 In
637 5300 667 5340 e
715 5292 833 5340 Illa.
866 5279 924 5336 δὲ
952 5302 1042 5337 και
1065 5301 1140 5340 εις
1170 5283 1400 5340 Πατέρα.

2043 5212 2183 5272 vero
2210 5212 2396 5273 Paris.
2431 5221 2487 5272 et
2520 5212 2700 5274 Basil.
2737 5215 2842 5272 ὅτι.
2885 5218 3041 5272 Infra
3084 5220 3261 5274 iidem
3299 5212 3382 5272 ’δι’
3414 5212 3694 5295 ἀργυρίου.

2119 5288 2193 5340 (5)
2217 5289 2454 5340 Regius.
2489 5292 2546 5340 et
2575 5289 2837 5340 Seguer”
2871 5288 3091 5340 αὐτούς.
3124 5290 3252 5340 Mox
3286 5292 3425 5340 Rea-
3458 5298 3694 5340 Snmmr-

270 5279 445 5359 Felc.:
460 5284 513 5359 1.
550 5279 853 5359 In_editis,_
866 5279 1042 5337 δὲ’καὶ
1065 5279 1400 5359 sigilla—13591.

358 5355 704 5429 99)7Regius
731 5361 790 5412 et
820 5355 1087 5429 Seguer_.,
1119 5353 1171 5425 ἐξ
1202 5353 1443 5429 ἀνάγκης
1471 5353 1661 5429 πάλιν.

368 5424 728 5500 1):Seguer.,
749 5424 1167 5500 Φαριᾶσσαίους,
1204 5434 1260 5483 et
1280 5424 1434 5483 infra
1454 5428 1534 5500 sic
1554 5430 1735 5500 idem.
1752 5429 1934 5486 Paulo

269 5496 412 5573 ρορι
439 5496 576 5569 Reg.
609 5504 668 5573 et
700 5496 1073 5573 Seguerian.,
1098 5498 1189 5573 ,ὡς
1234 5496 1933 5573 προσπαλινδρομήσαντας

311 5539 406 5556 υς...
442 5539 520 5554 ..ν
564 5541 576 5553 .
609 5539 668 5555 ν.
706 5539 775 5553 ...υ
825 5539 1047 5555 una...
1117 5539 1189 5559 υ...
1242 5539 1271 5553 ..
1315 5539 1645 5554 “mnum...
1702 5539 1714 5554 .
1741 5539 1932 5560 et“.-.

391 5586 509 5647 πδξη
523 5539 934 5647 βμελ-ή-σαξτας.
964 5540 1216 5647 Anglic”
1260 5539 1344 5647 die
1381 5539 1833 5647 παλινδρομήσαν
1846 5593 1932 5647 τας

269 5642 364 5717 καὶ
408 5636 595 5713 πλημ.
645 5636 823 5713 Editi,
871 5641 946 5703 ὡς
991 5636 1547 5717 παλινδρομήσαντας
1587 5636 1800 5707 ἀὖτοὺς
1844 5643 1933 5699 καὶ

272 5710 710 5931 πλῐὲῖἱὶθςὶιιελ
726 5782 786 5839 τὸ
821 5784 1096 5840 Ἰωάννου.

370 5858 405 5914 3
458 5857 546 5913 Ita
574 5856 787 5929 Regius
814 5861 873 5915 et
898 5858 1096 5930 Segne:

370 5856 426 5931 3)
458 5856 787 5929 Ita'Regius
814 5861 873 5915 et
898 5858 1142 5930 Seguer.
1175 5857 1396 5915 rectius
1444 5873 1623 5930 quam
1655 5858 1818 5928 editi,
1846 5878 1935 5933 γε·

2119 5288 2193 5364 (5)
2217 5289 2455 5364 Regius,
2489 5292 2555 5364 et
2575 5289 2837 5364 segnem,
2871 5288 3103 5364 αὐτούς.Δ
3124 5290 3253 5364 Mox
3278 5292 3425 5364 lteg.
3447 5288 3694 5364 'S'cg'uer.

2046 5356 2273 5416 Gobler.
2304 5356 2498 5414 Felck.
2536 5361 2587 5428 1,
2620 5356 2897 5413 ἐκοάλλει.
2957 5360 3128 5427 Editi,
3161 5356 3471 5417 ἐκοάλλξιν.
3520 5356 3698 5421 Faulo

2046 5436 2179 5508 post
2205 5430 2592 5508 e_diligh_abent
2621 5429 2709 5483 καί
2760 5435 2892 5486 ante
2937 5430 3312 5508 βλασφημίαν,
3356 5453 3481 5506 qua
3515 5437 3700 5507 parti-

2047 5501 2182 5557 eula
2211 5503 2374 5558 deest
2405 5502 2465 5556 in
2498 5502 2635 5573 Reg.
2669 5508 2903 5573 Seguer.
2937 5501 3103 5560 'Gobll
3139 5501 3193 5559 et
3222 5501 3457 5561 Felc.-1.

2117 5573 2290 5699 ἹΙ
2322 5574 2487 5629 deest
2542 5574 2603 5628 in
2660 5574 2837 5631 Basil.
2872 5576 3045 5631 Paulo
3098 5583 3228 5647 post
3278 5576 3447 5646 αὐτην
3473 5575 3637 5635 abest
3665 5595 3701 5635 a

2117 5662 2178 5699 ιει
2210 5686 2223 5699 .

2048 5645 2223 5700 Basil.

2119 5718 2194 5791 (7)
2227 5715 2737 5791 Regius,_Seguer.
2768 5717 2992 5791 Anglic.
3017 5718 3341 5775 Goblerian.
3378 5724 3434 5776 et
3464 5720 3610 5778 Felc.
3644 5724 3696 5790 1,

2045 5786 2716 5873 papai1cp,7Editiet:alii,
2746 5786 2989 5873 Νουάτιμ.
3024 5792 3196 5848 Basil.
3227 5794 3320 5873 _ad
3366 5786 3694 5873 marginem

2044 5861 2222 5917 habet
2250 5858 2529 5932 Νοουάτῳ.
2580 5858 2791 5934 Regius
2844 5867 2902 5920 et
2942 5858 3184 5937 Seguer.
3226 5864 3347 5922 haec
3377 5867 3448 5923 ad
3481 5858 3696 5936 margi-
