4082 6334
335 392 454 451 65⁸7

1434 385 1820 447 EPISTULA
1862 384 1942 449 IV
1986 386 2092 446 AD
2139 385 2665 448 SERAPIONEM.

3629 388 3746 448 658

331 520 548 597 ἤλεγχε
576 520 702 581 τοὺς
737 516 1053 580 Ἰουδαίους.
1091 542 1112 570 ιι
1147 516 1209 571 Τί
1261 538 1327 591 με
1378 522 1587 589 ζητεῖτε
1638 519 1947 573 ἀποκτεῖναι

2089 522 2307 576 minem
2339 519 2439 593 qui
2468 519 2773 576 veritatem
2804 518 2969 574 vobis
3000 517 3229 575 locutus
3260 533 3416 586 sum,
3436 534 3615 592 quam
3639 536 3743 575 au-

333 613 645 686 ἄνθρωπος,
677 609 736 671 ὃς
765 610 865 678 τὴν
900 606 1160 680 ἀληθειαν
1195 607 1323 680 ύμῖν
1358 606 1664 679 λελάληκα,
1697 609 1757 677 ἣν
1780 606 1954 677 ἥκουσ

2096 608 2214 665 divi
2246 626 2279 665 a
2311 609 2475 665 Patre
2494 610 2536 645 ‘7
2552 608 2581 663 ?
2599 629 2627 661 »
2652 608 2770 664 Hac
2786 611 2985 664 autem
3004 623 3378 680 nequaquam
3408 607 3641 664 divisim
3664 608 3747 663 fa-

331 701 481 778 παρὰ
509 703 606 753 τοῦ
637 698 880 773 Πατρός;
916 720 945 750 ››
977 696 1216 772 Ἐγίνετο
1250 694 1309 751 δε
1336 700 1503 752 ταῦτα
1549 698 1663 770 (16)
1695 695 1760 751 ού
1788 693 1986 772 διῃρη-

337 790 513 864 μὲνως
545 789 683 844 κατὰ
730 789 828 857 τήν
881 791 989 842 τῶν
1041 787 1347 862 γινομένων
1395 786 1683 859 ποιότητα,
1734 784 1870 840 ὣστε
1919 787 1987 841 τὰ

335 880 430 953 μὲν
460 882 560 933 τοῦ
589 878 845 951 σώματος
877 876 1051 953 χωρὶς
1078 883 1179 947 τῆς
1213 877 1492 946 θεότητος,
1524 877 1592 931 τὰ
1638 873 1696 930 δὲ
1722 878 1820 945 τῆς
1867 876 1985 939 θεό-

328 989 495 1040 τητος
542 968 721 1044 χωρὶς
765 970 865 1021 τοῦ
921 966 1177 1040 σώματος
1228 964 1564 1021 δείκνυσθαι’
1623 966 1985 1039 συνημμένως

331 1054 389 1113 δὲ
417 1057 591 1112 πάντα
622 1055 843 1131 ἐγίνετο,
892 1056 984 1110 καὶ
1029 1058 1105 1116 εἷς
1152 1055 1221 1124 ἦν
1271 1055 1298 1109 6
1346 1053 1517 1110 ταῦτα
1567 1058 1740 1109 ποιῶν
1788 1053 1982 1130 Κύριος

328 1143 648 1222 παραδόξως
698 1149 767 1219 τῇ
826 1144 1015 1200 ἑαυτοῦ
1065 1145 1274 1220 χάριτι.
1348 1146 1549 1200 ’Έπτυε
1607 1143 1710 1219 γὰρ
1778 1143 1982 1217 ἂνθρω-

326 1237 523 1304 πίνως,
555 1236 643 1290 καὶ
674 1235 737 1290 τὸ
766 1233 987 1308 πτύσμα
1015 1234 1081 1303 ἦν
1114 1228 1315 1298 ἔνθεον·
1350 1232 1399 1288 ἐν
1453 1233 1603 1305 αύτῷ
1659 1233 1761 1309 γὰρ
1810 1230 1981 1287 ἐποίει

324 1325 454 1388 τοὺς
486 1323 804 1401 ὀφθαλμοὺς
835 1328 931 1379 τοῦ
962 1323 1021 1379 ἐκ
1059 1330 1281 1398 γενετῆς
1329 1324 1447 1396 (17)
1492 1322 1702 1400 τυφλοῦ
1750 1316 1980 1377 ἀναϐλέ-

324 1435 469 1471 πειν.
501 1413 600 1468 Καὶ
632 1411 902 1468 δεικνύναι
936 1409 994 1467 δὲ
1025 1411 1199 1468 θὲλων
1233 1412 1419 1467 ἑαυτὸν
1468 1411 1621 1480 Θεὸν,
1671 1410 1981 1487 ἀνθρωπίνῃ

323 1503 551 1579 γλώττῃ
582 1506 743 1557 τοῦτο
798 1500 1081 1575 σημαίνων
1155 1496 1360 1575 ἔλεγεψ
1421 1522 1449 1553 ‹‹
1494 1500 1638 1575 Ἐγὼ
1685 1499 1775 1553 καὶ
1808 1500 1836 1554 ὁ
1867 1505 1980 1555 Πα-

320 1592 428 1668 τὴρ
458 1588 512 1647 ἓν
545 1590 725 1664 ἐσμεν·
760 1614 789 1642 ››
818 1592 908 1645 καὶ
956 1589 1122 1665 μόνον
1178 1587 1235 1645 δὲ
1289 1588 1462 1645 θέλων
1513 1588 1801 1666 ἐθεράπευε
1840 1591 1975 1659 (18).

320 1682 429 1750 Τὴν
465 1678 522 1736 δὲ
551 1679 892 1756 ἀνθρωπίνην
943 1677 1191 1735 ἐκτείνων
1224 1684 1408 1754 χεῖρα,
1464 1675 1651 1754 ἤγειρε
1702 1679 1978 1756 τῆνλπεν-

323 1769 481 1845 θερὰν
541 1754 751 1845 Πέτρου
806 1767 1199 1846 πυρέσσουσαν,
1253 1768 1345 1823 καὶ
1401 1769 1503 1838 τὴν
1559 1771 1656 1822 τοῦ
1716 1754 1975 1843 ἀρχισυν-

320 1857 543 1934 αγώγου
593 1858 855 1934 θυγατέρα
900 1855 1010 1927 ἤδη
1055 1856 1451 1929 τελευτήσασαν
1496 1854 1555 1911 ἐκ
1599 1859 1706 1911 τῶν
1768 1861 1970 1931 νεκρῶν
2002 1888 2054 1956 Β

322 1948 627 2024 ἀνήγειρεν.

394 2039 482 2094 15.
513 2035 786 2109 Αἱρετικοὶ
825 2036 921 2108 μὶν
951 2033 1042 2090 οὖν
1091 2035 1228 2090 κατὰ
1279 2035 1379 2104 τὴν
1428 2031 1566 2089 ἲδίαν
1619 2030 1964 2089 ἀπαιδευσίαν

311 2123 596 2198 ἐμάνησαν
625 2143 636 2156 ·
687 2124 777 2179 καὶ
822 2124 872 2178 οἱ
926 2125 1020 2197 μὲν
1065 2126 1132 2179 τὰ
1192 2123 1476 2197 σωματικὰ
1529 2121 1822 2200 βλέποντες
1867 2123 1964 2178 τοῦ

317 2219 581 2289 Σωτῆρος
610 2214 920 2289 ἠρνήσαντο
941 2215 1024 2282 τὸ,
1059 2237 1088 2265 ‹‹
1122 2214 1207 2270 Ἐν
1238 2214 1386 2289 ἀρχῇ
1415 2213 1484 2282 ἦν
1538 2214 1566 2267 6
1600 2212 1797 2287 Λόγος·
1833 2236 1862 2265 ››
1911 2214 1963 2267 οἱ

315 2299 375 2358 δὲ
403 2304 471 2357 τὰ
496 2310 598 2373 τῆς
655 2301 910 2373 θεότητος
968 2300 1292 2376 θεωροῦντες
1343 2300 1623 2376 ἠγνόησαν
1674 2302 1758 2368 τὸ,
1824 2323 1853 2354 ‹‹
1900 2302 1962 2359 Ὁ

311 2389 491 2466 Λόγος
522 2390 651 2466 σὰρξ
682 2389 909 2466 ἐγένετο.
944 2413 973 2444 n
1022 2392 1083 2448 Ὁ
1132 2388 1189 2446 δὲ
1228 2391 1416 2452 πιστὸς
1461 2390 1549 2445 καὶ
1598 2387 1963 2453 ἀποστολικὸς

311 2481 470 2556 ἀνὴρ,
504 2476 664 2542 εῗδὼς
703 2480 802 2548 τὴν
856 2484 954 2534 τοῦ
1003 2479 1202 2555 Κυρίου
1251 2477 1688 2558 φιλανθρωπίαν,
1741 2477 1956 2554 βλίπων

314 2569 410 2641 μὲν
469 2569 536 2622 τὰ
590 2574 690 2637 τῆς
748 2567 1005 2639 θεότητος
1056 2573 1279 2642 σημεῖα,
1336 2568 1595 2641 θαυμάζει
1643 2568 1735 2623 τὸν
1782 2566 1834 2621 ἐν
1879 2571 1959 2640 τῷ

311 2653 526 2728 σώματι
582 2654 809 2730 Κύριον·
869 2657 1087 2732 θεωρῶν
1147 2653 1205 2711 δὲ
1259 2655 1424 2712 πάλιν
1477 2656 1567 2710 καὶ
1622 2654 1691 2711 τὰ
1719 2657 1832 2729 (19)
1860 2661 1958 2710 τοῦ

309 2745 566 2818 σώματος
633 2742 764 2813 ἴδια,
854 2744 1374 2822 ὑπερεκπλήσσεται,
1420 2748 1696 2800 κατανοῶν
1749 2745 1849 2814 τήν
1902 2745 1956 2799 ὲν

312 2832 499 2896 αὐτοῖς
553 2840 655 2903 τῆς
706 2832 961 2904 θεότητος
1010 2833 1301 2910 ἐνέργειαν.
1359 2833 1626 2905 Τοιαύτης
1685 2830 1743 2888 δὲ
1791 2832 1956 2905 οὔσης

306 2929 410 2992 τῆς
460 2920 917 2993 ἐκκλησιαστικῆς
972 2922 1231 2993 πίστεως,
1286 2920 1410 2978 ὅταν
1466 2923 1609 2985 τινὲς
1661 2921 1738 2986 εἷς
1765 2923 1833 2977 τὰ
1862 2923 1955 2978 ἀν-

313 3013 562 3088 θρώπινα
596 3010 910 3087 βλέποντες,
958 3008 1117 3067 ἴδωσι
1163 3012 1255 3067 τὸν
1304 3011 1500 3086 Κύριον
1547 3010 1789 3087 διψῶντα
1818 3013 1952 3086 (20),

306 3100 343 3170 ἢ
375 3105 671 3158 κοπιῶντα.
705 3101 739 3171 ἢ
773 3100 1074 3178 πάσχοντα,
1105 3100 1197 3156 καὶ
1234 3102 1396 3175 μόνον
1432 3100 1815 3180 φλυαρήσωσιν
1876 3099 1953 3163 ὠς

303 3189 442 3245 κατὰ
472 3190 760 3263 ἀνθρώπου
814 3194 912 3245 τοῦ
967 3196 1248 3266 Σωτῆρος,
1294 3188 1661 3264 ἁμαρτάνουσι
1715 3190 1809 3264 μὲν
1864 3209 1953 3263 με·

2096 704 2188 757 cta
2217 702 2357 757 sunt
2368 701 2539 770 juxta
2553 702 2854 772 gestarum
2872 714 3068 754 rerum
3088 697 3371 754 rationem
3395 715 3407 754 :
3430 696 3513 754 ita
3530 702 3595 754 ut
3611 713 3740 770 quae

2093 806 2127 845 a
2157 804 2396 861 corpore
2425 789 2650 857 ﬁerent,
2684 788 2811 844 sine
2840 787 3144 843 divinitate
3171 805 3184 855 ;
3221 804 3349 859 quae
3380 791 3576 843 autem
3600 803 3633 843 a
3653 785 3742 841 di-

2092 878 2493 949 vinitate,sine
2519 894 2759 951 corpore
2785 877 3229 945 exhiberentur;
3255 877 3354 933 sed
3379 876 3740 948 conjunctim

2094 968 2291 1024 omnia
2312 968 2657 1041 agebantur,
2682 972 2740 1023 et
2770 982 2925 1023 unus
2942 970 3066 1023 erat
3101 967 3381 1025 Dominus
3411 965 3510 1038 qui
3538 982 3606 1022 ea
3626 965 3743 1021 mi-

2093 1057 2358 1113 rabiliter
2373 1074 2477 1130 per
2504 1074 2673 1113 suam
2697 1056 2985 1112 efﬁciebat
3004 1055 3277 1129 gratiam.
3301 1055 3557 1128 Spuebat
3580 1054 3737 1110 enim

2094 1151 2157 1203 ut
2186 1146 2381 1219 homo,
2411 1150 2653 1219 sputum
2695 1150 2893 1201 tamen
2925 1145 3187 1201 divinum
3220 1149 3365 1212 erat,
3406 1161 3511 1216 per
3538 1144 3738 1217 ipsum

2092 1236 2309 1308 quippe
2336 1252 2486 1292 caeco
2516 1253 2550 1292 a
2598 1235 2905 1291 nativitate
2943 1234 3140 1291 visum
3188 1234 3467 1291 restituit.
3501 1235 3570 1290 Et
3600 1249 3736 1290 cum

2089 1325 2260 1382 vellet
2289 1342 2417 1383 sese
2440 1327 2621 1382 Deum
2648 1324 2939 1393 exhibere,
2963 1324 3225 1381 humana
3252 1324 3455 1397 lingua
3475 1323 3736 1396 idipsum

2088 1414 2431 1488 signiﬁcans
2460 1414 2653 1472 aiebat
2682 1431 2696 1471 :
2729 1435 2757 1465 «
2789 1414 2908 1486 Ego
2930 1416 2988 1469 et
3005 1417 3177 1469 Pater
3193 1430 3377 1469 unum
3401 1413 3668 1469 sumus‘8
3685 1429 3730 1469 ε»

2087 1503 2325 1577 solaque
2347 1504 2646 1561 voluntate
2669 1520 2777 1560 sua
2803 1502 3069 1559 sanabat.
3092 1501 3423 1559 Humanam
3444 1502 3585 1558 item
3608 1518 3739 1558 ma-

2087 1611 2229 1650 num
2262 1594 2600 1664 extendens,
2634 1608 2869 1650 socrum
2905 1592 3051 1648 Petri
3079 1590 3503 1647 febricitantem
3534 1589 3735 1660 erexit,

2085 1687 2143 1739 et
2170 1682 2616 1756 arcbisynagogi
2658 1681 2839 1738 ﬁliam
2871 1682 2997 1753 jam
3030 1680 3369 1737 defunctam
3421 1696 3456 1737 a
3487 1680 3737 1738 mortuis

2086 1770 2409 1829 suscitavit.

2148 2038 2232 2093 15.
2253 2036 2515 2094 Hasretici
2532 2037 2713 2110 igitur
2730 2035 3065 2109 ignorantia
3082 2052 3191 2093 sua
3205 2035 3511 2093 insaniunt
3535 2054 3548 2093 :
3575 2052 3721 2108 quo-

2074 2142 2207 2182 rum
2238 2125 2337 2183 alii
2366 2142 2644 2200 corporea
2668 2124 2978 2182 Salvatoris
3009 2125 3407 2198 respicientes,
3430 2128 3725 2198 negarunt

2072 2214 2240 2286 illud,
2271 2237 2300 2266 ‹‹
2334 2216 2398 2271 In
2428 2215 2715 2287 principio
2738 2218 2862 2271 erat
2878 2214 3138 2271 Verbum
3160 2214 3204 2251 ιθ
3237 2232 3250 2269 :
3286 2212 3384 2270 alii
3415 2231 3543 2287 quis
3572 2214 3725 2270 divi-

2072 2304 2272 2360 nitatis
2305 2308 2445 2361 sunt
2486 2307 2839 2376 spectantes,
2871 2303 3288 2377 ignoraverunt
3316 2302 3487 2371 illud,
3521 2326 3550 2355 «
3581 2302 3726 2360 Ver-

2070 2397 2212 2451 bum
2244 2412 2377 2453 caro
2408 2396 2629 2453 factum
2660 2399 2750 2452 est
2768 2396 2831 2449 ⁵ο.
2866 2417 2896 2445 ››
2928 2395 3033 2450 Vir
3063 2398 3260 2452 autem
3293 2392 3483 2450 ﬁdelis
3506 2397 3563 2451 et
3583 2411 3728 2467 apo-

2069 2484 2334 2554 stolicus,
2358 2502 2578 2559 gnarus
2601 2484 2912 2541 Dominicm
2936 2483 3340 2557 benignitatis,
3366 2484 3466 2540 ubi
3489 2483 3724 2556 conspi-

2069 2570 2145 2626 cit
2170 2571 2491 2629 divinitatis
2509 2570 2965 2645 signa,miratur
2985 2586 3123 2627 eum
3147 2570 3246 2642 qui
3266 2571 3325 2625 in
3349 2587 3590 2643 corpore
3612 2575 3721 2640 est,

2064 2660 2403 2717 Dominum.
2435 2661 2663 2717 Rursus
2696 2676 2830 2716 cum
2880 2676 2948 2717 ea
2978 2676 3103 2731 qua:
3134 2660 3365 2731 corpori
3415 2663 3554 2717 sunt
3585 2677 3723 2732 pro-

2065 2749 2194 2821 pria
2222 2749 2506 2819 intuetur,
2531 2748 2913 2822 obstupescit,
2944 2748 3354 2805 animadversa
3395 2751 3455 2805 in
3486 2748 3602 2805 illis
3632 2749 3722 2805 di-

2062 2838 2325 2896 vinitatis
2355 2839 2634 2896 efﬁcacia.
2681 2838 2986 2910 Ejusmodi
3021 2854 3154 2894 cum
3204 2838 3282 2894 sit
3323 2837 3719 2895 ecclesiastica

2062 2927 2229 2999 ﬁdes,
2263 2929 2364 2984 ubi
2411 2928 2652 3000 quidam
2701 2928 2964 2984 humana
3011 2931 3363 3000 spectantes,
3393 2928 3713 2984 Dominum

2060 3017 2261 3073 vident
2289 3016 2606 3089 sitientem,
2638 3015 2728 3075 vel
2756 3016 3142 3084 laborantem,
3174 3016 3264 3072 vel
3292 3016 3632 3088 patientem,
3657 3020 3715 3072 et

2059 3104 2339 3162 Salvatori
2372 3105 2529 3162 velut
2546 3104 2772 3162 homini
2795 3107 3124 3162 obtrectant
3157 3123 3170 3163 :
3206 3120 3561 3178 magnopere
3584 3106 3715 3177 qui-

2059 3194 2196 3251 dem
2225 3198 2483 3267 peocant,
2509 3198 2760 3268 possunt
2787 3198 2984 3251 tamen
3015 3193 3282 3250 celeriter
3306 3193 3715 3267 pmnitentiam

300 3277 509 3353 γάλως,
547 3255 795 3335 δύνανται
827 3278 884 3334 δὲ
941 3255 1145 3354 ὅμως,¹
1173 3255 1386 3355 τανχὲως
1410 3255 1418 3264 Ι
1440 3255 1948 3356 μεταγινώσκοντίες,

2069 3284 2306 3356 agendo,
2338 3284 2569 3340 veniam
2591 3283 3042 3355 consequi,cum
3074 3283 3329 3340 habeant
3354 3300 3457 3356 pro
3474 3298 3716 3339 excusa-

300 3363 600 3441 λαμϐάνειν
659 3370 1027 3445 συγγνώμην,
1096 3363 1314 3445 ἔχοντες
1377 3369 1643 3445 πρόφασιν
1696 3369 1794 3437 τὴν
1852 3371 1950 3422 τοῦ

300 3456 555 3529 σώματος
614 3455 877 3512 ἀσθένειαν
935 3453 1151 3532 (ἔχουσι
1193 3458 1306 3530 (24)
1356 3457 1460 3533 γὰρ
1508 3457 1597 3511 καὶ
1642 3456 1734 3511 τὸν
1784 3452 1949 3512 Ἀπό-

298 3542 496 3600 στολον
566 3546 896 3620 συγγνώμην
946 3545 1131 3608 αὐτοῖς
1172 3546 1427 3618 νέμοντα,
1467 3544 1556 3600 καὶ
1588 3544 1754 3601 οἱονεὶ
1785 3550 1947 3621 χεῖρα

302 3632 491 3695 αὐτοῖς
547 3631 599 3689 ἐν
657 3638 737 3706 τῷ
793 3632 965 3709 λέγειν
1026 3633 1347 3703 ἐκτείνοντα,
1403 3632 1484 3688 ὅτι
1535 3656 1564 3685 ‹‹
1610 3635 1709 3688 Καὶ
1736 3633 1944 3708 ὁμολο-

299 3723 582 3797 γουμὲνως
659 3723 798 3799 μέγα
858 3720 968 3779 ἐστὶ
1030 3724 1093 3778 τὸ
1143 3729 1245 3793 τῆς
1294 3718 1567 3785 εὐσεϐείας
1623 3726 1943 3799 μυστήριον,

304 3809 434 3870 Θεὸς
464 3807 778 3886 ἐφανερώθη
830 3808 882 3865 ἐν
938 3809 1093 3887 σαρκί
1132 3813 1206 3884 ››).
1261 3812 1421 3865 Ὅταν
1465 3806 1523 3864 δὲ
1554 3808 1716 3864 πάλιν
1747 3810 1815 3865 τὰ
1843 3814 1944 3876 τῆς

300 3898 561 3968 θεότητος
590 3892 718 3973 ἔργα
765 3898 1090 3974 θεωροῦντες
1135 3919 1299 3967 τινες,
1338 3895 1643 3973 Δδιστάζωσι
1679 3902 1790 3973 (22)
1820 3900 1943 3975 περὶ

298 3990 398 4054 τῆς
426 3989 523 4041 τοῦ
550 3986 804 4061 σώματος
836 3986 1068 4065 φύσεως,
1098 3987 1189 4042 καὶ
1230 3986 1383 4042 αύτοὶ
1435 3987 1528 4060 μὶν
1580 3989 1942 4063 ἁμαρτάνουσι

293 4074 364 4128 τὰ
447 4073 692 4151 μέγιστα,
772 4074 875 4147 ὅτι,
950 4076 1129 4132 καίτοι
1203 4077 1489 4151 βλέποντες
1554 4075 1799 4134 ἐσθίοντα
1852 4080 1941 4134 καὶ

294 4166 601 4242 πάσχοντα,
658 4169 1018 4245 φαντάζονται
1086 4167 1399 4247 φαντασίανο
1447 4173 1830 4245 συγγινῶσκειν
1886 4168 1944 4227 δὲ

291 4252 446 4327 ὅμως
494 4255 582 4311 καὶ
613 4255 829 4321 τούτοις
859 4256 1074 4333 ταχέως
1108 4258 1594 4334 μεταγινώσκουσιν
1638 4259 1665 4313 6
1714 4260 1942 4336 Χριστὸς

294 4339 536 4413 δύναται,
587 4341 678 4400 διὰ
734 4347 797 4401 τὸ
846 4346 936 4402 καὶ
993 4346 1190 4409 αὐτοὺς
1239 4344 1386 4422 ἔχειν
1437 4348 1705 4424 πρόφασιν
1734 4351 1831 4419 τήν
1883 4348 1943 4405 ἐκ

289 4436 399 4488 τῶν
444 4428 613 4511 ἔργων
676 4435 809 4513 ὑπὲρ
864 4432 1147 4512 ἄνθρωπον
1212 4434 1626 4511 μεγαλειότητα.
1688 4435 1936 4496 Ἐπειδὰν

2060 3373 2217 3429 tione
2248 3372 2713 3429 imbecillitatem
2761 3371 3021 3444 corporis
3042 3373 3209 3447 (cum
3261 3372 3513 3429 maxime
3561 3373 3754 3444 Apo-,

2059 3461 2245 3519 stolus
2283 3462 2514 3519 veniam
2546 3462 2633 3517 eis
2679 3461 2958 3517 concedat
3007 3464 3063 3517 et
3114 3461 3284 3533 quasi
3316 3476 3560 3518 manum
3595 3459 3713 3517 illis

2054 3550 2335 3624 porrigat,
2363 3550 2486 3606 haec
2515 3549 2759 3606 dicendo
2792 3565 2806 3606 :
2839 3571 2870 3600 ‹‹
2900 3553 3119 3606 Revera
3151 3566 3432 3623 magnum
3461 3553 3552 3606 est
3588 3549 3711 3621 pie-

2052 3641 2191 3697 tatis
2214 3640 2740 3713 mysterium,Deus
2763 3638 3175 3695 manifestatus
3195 3642 3285 3695 est
3307 3639 3366 3694 in
3387 3638 3615 3695 carnelu
3632 3638 3707 3709 »).

2054 3730 2196 3786 Cum
2229 3732 2425 3785 autem
2455 3745 2662 3785 rursus
2693 3726 2933 3800 quidam
2963 3726 3290 3783 divinitatis
3315 3743 3491 3800 opera
3512 3727 3708 3783 consi-

2054 3817 2346 3885 derantes,
2369 3816 2764 3873 dubitaverint
2784 3816 2856 3871 de
2887 3814 3147 3886 corporis
3168 3818 3401 3881 natura,
3425 3814 3539 3887 ipsi
3561 3830 3706 3886 quo-

2054 3922 2168 3980 que
2196 3904 2449 3961 maxime
2493 3907 2758 3977 peccant,
2792 3903 2970 3975 quod,
3002 3902 3139 3959 licet
3169 3918 3304 3958 eum
3334 3901 3571 3958 videant
3608 3917 3705 3957 co-

2050 3995 2383 4060 medentem
2431 3997 2489 4049 et
2538 3992 2880 4067 patientem,
2914 3991 3270 4064 phantasma
3318 3989 3704 4047 nihilominus

2050 4085 2247 4157 ipsum
2278 4083 2671 4140 arbitrentur:
2694 4097 2893 4138 verum
2917 4079 3037 4137 illis
3057 4080 3199 4135 item
3229 4080 3342 4136 cito
3364 4079 3708 4151 resipiscen-

2047 4173 2209 4230 tibus
2239 4171 2465 4229 veniam
2494 4170 2762 4226 Christus
2789 4170 3009 4226 donare
3038 4172 3231 4241 potest
3265 4186 3278 4224 :
3310 4168 3467 4239 quod
3499 4171 3558 4223 et
3586 4166 3702 4239 ipsi

2050 4279 2156 4335 pro
2180 4260 2553 4317 excusatione
2573 4257 3326 4330 habeant.magnitudinem
3348 4271 3593 4328 operum
3606 4254 3708 4311 ho-

2052 4351 2231 4408 minis
2251 4352 2598 4423 potestatem
2621 4346 3049 4406 excedentium.
3071 4345 3288 4402 Verum
3321 4347 3705 4418 posteaquam

2051 4448 2436 4512 utrorumque
2456 4437 2752 4495 inscitiam
2769 4440 2826 4493 et
2854 4435 3170 4493 caecitatem
3188 4433 3577 4509 supergressi,
3601 4432 3703 4507 qui

366 4542 409 4577 ‘7
436 4542 607 4600 Joan.
636 4560 766 4616 vm,
798 4546 885 4601 40.
964 4546 1008 4581 ⁴⁸
1036 4545 1206 4603 Joan.
1238 4563 1297 4615 κ,
1328 4546 1417 4601 30.
1496 4546 1540 4590 ⁴ο
1570 4546 1741 4604 Joan.
1774 4565 1817 4616 ι,
1846 4551 1899 4605 1.

2072 4549 2194 4607 bid.
2233 4548 2314 4602 14.
2392 4547 2433 4582 ⁸³
2463 4546 2485 4602 Ι
2515 4546 2665 4602 Tim.
2700 4561 2786 4616 III,
2818 4545 2906 4600 16.

369 4647 656 4740 (16)ὴξὶεβ.
690 4657 1035 4740 et§egqer.,
1064 4652 1211 4740 παρᾶ
1236 4656 1333 4709 τοῦ
1363 4654 1573 4740 Πατρός
1601 4675 1735 4740 μου.
1969 4664 2016 4730 D

293 4720 416 4778 hac
440 4720 723 4808 ςἘγίνετο
756 4722 814 4808 ὃ)
842 4720 1033 4808 ξαῦτα,
1064 4720 1201 4808 etc”
1247 4742 1457 4808 usque
1480 4720 1557 4808 ad
1601 4720 1776 4782 ίποιῶν
1820 4726 1936 4808 -Κύ-

334 4811 414 4854 ιος
441 4796 748 4868 inclusive,
777 4798 1071 4856 habentur
1097 4799 1159 4857 in
1189 4796 1401 4861 consil.
1436 4803 1699 4856 Lateran.
1733 4802 1939 4859 eodem

325 4882 450 4923 οοο.

514 4936 915 5021 Beg._Seguer.
947 4940 1176 5015 Anglic.
1223 4944 1281 4998 et
1316 4941 1508 4999 Felck.
1566 4945 1621 5016 2,
1653 4948 1935 5016 γεννητῆς.

293 5009 547 5087 Ed‘itiet
564 5009 684 5081 alii,
713 5009 954 5087 γίνετῆς.

394 5081 483 5169 118)
508 5081 648 5166 _Reg.
672 5080 1399 5169 εέκδςευειιηβθερᾴπευσε.
1434 5083 1567 5141 Mox
1598 5080 1849 5169 St'deest
1877 5086 1936 5143 in

289 5151 623 5230 Qoblerian'.
657 5161 715 5230 et
740 5151 1080 5230 FelEkmfl,
1114 5151 1295 5213 Iidem
1335 5156 1940 5230 ΑῐηΟΧλ-πυρέσσουσαν,

288 5222 554 5299 αίριτικοξ
614 5228 732 5299 μὲν,
772 5228 1010 5286 omissis
1065 5227 1452 5285 intermediis.
1484 5222 1634 5285 'Haac'
1692 5222 1932 5286 autemi

288 5293 554 5378 αἱρετικοὶ
587 5293 878 5378 μὲν-,ὀψο
903 5301 1288 5378 sequentibus
1314 5301 1460 5356 bene
1490 5300 1939 5378 multishaben-

288 5369 390 5445 tur
418 5369 477 5423 in
510 5369 764 5445 concilio
790 5369 1185 5445 Lateranensi,
1218 5371 1342 5445 loco
1361 5389 1554 5445 supra
1582 5373 1776 5428 citato.
1809 5376 1938 5428 Mox

290 5442 584 5518 Eateranq
640 5442 779 5518 κατὰ.
824 5444 928 5518 τηνΔ
976 5438 1198 5518 οἰκείανΔ
1220 5438 1602 5518 ἀπαιδευσίαν.-
1634 5444 1851 5518 Regius
1881 5448 1938 5518 et

288 5512 530 5586 Se‘guer.
561 5515 700 5568 κατὰ
725 5516 824 5586 τήν
854 5512 992 5570 ἰδίαν
1039 5512 1405 5586 ᾁπαιδευσίαν.
1456 5515 1607 5572 Editi
1654 5512 1935 5572 et'cesteri

290 5582 496 5656 minus
526 5591 699 5654 recte,
732 5582 868 5641 κατὰ
895 5587 995 5656 τήν
1037 5583 1173 5641 ἰδίαν
1224 5582 1526 5643 παίδευσιν.
1587 5587 1733 5644 Ibid.
1792 5587 1931 5645 edit.

287 5652 580 5729 Comma].
609 5662 668 5715 et
686 5652 961 5717 Ὲειοιίωζ
974 5660 1032 5725 2,
1054 5656 1331 5729 ἐμάνισαν,
1366 5659 1665 5716 mendose.

365 5724 410 5797 (4
421 5726 475 5800 9)
504 5726 587 5785 Τά
614 5730 781 5790 deest
807 5730 870 5789 in
916 5724 1152 5803 Seguer.

2119 4656 2232 4729 (20)
2252 4654 2481 4729 Gobler.
2515 4658 2573 4729 et
2598 4654 2854 4710 Felckm.
2900 4653 2967 4729 1,_
3008 4647 3170 4729 ἴδωσί
3226 4650 3349 4729 τὸν.
3378 4646 3574 4729 Κύριον
3633 4647 3699 4704 τὰ

2047 4718 2144 4784 τού
2204 4718 2458 4799 σώματος
2504 4723 2826 4801 πάσχοντα,
2884 4718 2971 4777 καὶ
3057 4723 3217 4796 μόνον
3291 4718 3695 4798 φλυαρήσουσιν

2051 4801 2124 4861 ὡς
2155 4807 2262 4855 elo.

2121 4871 2234 4943 (21)
2265 4874 2399 4943 Haac
2428 4885 2556 4943 quae
2587 4868 2822 4943 uncinis
2852 4865 3259 4943 includuntur,
3300 4879 3489 4943 usque
3534 4863 3608 4921 ad
3640 4861 3691 4917 tv

2051 4937 2230 5016 σαρκί,
2273 4942 2335 5016 in
2392 4937 2585 5016 nullis
2618 4939 2918 5016 codicibus
2966 4937 3263 5016 leguntur,
3304 4938 3694 5016 praeterquam

2050 5008 2394 5071 in'Felckm.
2425 5012 2589 5082 2,ubi
2616 5014 2687 5068 ad
2717 5008 3209 5082 marginemisunt
3239 5009 3461 5082 scripta
3487 5025 3501 5064 :
3537 5008 3694 5064 unde

2047 5086 2343 5157 videntur,
2382 5079 2576 5157 potius
2623 5079 2915 5157 glossema
2970 5079 3283 5157 cujusdam
3344 5079 3690 5157 alius_esse,

2049 5175 2227 5230 quam
2258 5151 2563 5230 Athanasii
2616 5151 2808 5230 verba.
2843 5152 3290 5230 Placuit‘tamen
3324 5169 3391 5207 ea
3421 5151 3691 5230 retinere,

2049 5223 2184 5286 cum
2217 5227 2581 5301 exploratum
2626 5226 2864 5301 omnino
2899 5239 3014 5301 non
3040 5223 3136 5290 sit,
3168 5225 3362 5301 s_i_utne
3392 5224 3694 5301 adjectitia

2048 5318 2143 5369 an,
2178 5293 2313 5356 cum
2344 5300 2404 5354 in
2430 5298 2562 5354 aliis
2593 5296 2892 5369 codicibus
2917 5293 3056 5349 vitio
3078 5294 3426 5369 _scribaru_m
3469 5293 3692 5369 omissa

2047 5364 2317 5438 fuissent,
2347 5371 2417 5425 ad
2449 5369 2629 5438 hujus
2664 5366 2880 5423 codicis
2898 5364 3230 5438 marginem
3248 5366 3517 5422 restituta
3538 5366 3686 5438 sint:

2047 5444 2205 5516 quod
2232 5436 2561 5516 nonsemel
2592 5439 2866 5496 vidimus.
2894 5437 2959 5492 In
3009 5436 3285 5494 omnibus
3341 5437 3516 5493 editis
3564 5436 3687 5492 haec

2047 5512 2249 5573 eadem
2280 5512 2593 5568 habentur.

2117 5586 2230 5659 (32)
2262 5584 2400 5659 Reg.
2431 5587 2667 5659 Beguer.
2699 5578 2926 5659 Gobler.
2960 5577 3300 5659 etI‘Felckm.
3338 5581 3389 5659 1.,
3420 5574 3684 5659 8m“:ch-

2046 5646 2132 5712 σιξ
2154 5646 2378 5728 Anglic:
2411 5659 2468 5728 et
2495 5646 2748 5728 ﬁelckm,
2778 5652 2844 5728 2,
2880 5646 3184 5728 διστάξωσι.
3221 5646 3396 5728 ΒᾳβίΪ.
3430 5653 3487 5707 et
3543 5651 3682 5708 edit.

2044 5716 2591 5795 Ραινίεηνδιστάζωσι.
2624 5722 2774 5781 Edit.
2805 5716 3109 5791 Commel.,
3141 5716 3462 5796 διστάξουσι.
