4082 6346
369 371 488 432 659

904 367 968 430 S.
1016 369 1445 431 ATHANASII
1489 369 1662 431 OPP.
1707 369 1907 430 PARS
1952 370 2106 429 1.-
2135 369 2557 432 HISTOBICA
2604 373 2702 440 ET
2751 371 3230 432 DUGMA'I‘ICA.

3656 371 3780 431 660

371 503 646 560 videntur
673 501 888 560 habere
914 502 1066 574 legis
1111 501 1417 558 scientiam
1447 501 1670 573 (quales
1702 505 1826 557 tum
1859 505 2024 558 erant

2144 497 2194 554 δὲ
2247 503 2346 571 τήν
2406 502 2712 579 ἀμφοτέραν
2786 504 2994 558 τούτων
3071 499 3287 578 ἄγνοιαν
3365 501 3456 557 καὶ
3523 503 3778 578 πήρωσιν

373 589 691 662 Pharisaei),
738 590 796 646 in
848 590 1137 647 insaniam
1183 589 1335 646 versi
1388 590 1624 657 fuerint,
1658 594 1718 645 et
1764 591 1918 664 quod
1965 590 2024 646 in

374 694 615 752 corpore
643 684 732 735 est
751 680 1028 745 Verbum,
1049 679 1288 733 omnino
1307 678 1667 750 negaverint,
1687 684 1789 734 aut
1817 677 2024 734 divini-

373 769 514 826 tatis
535 784 712 840 opera
729 768 960 823 diabolo
978 769 1224 838 ejusque
1241 767 1606 822 daemonibus
1628 767 2024 832 attribuerint,

376 857 584 914 merito
613 873 715 928 pro
739 855 842 911 tali
863 855 1592 928 impietateindeprecabili
1626 862 1766 912 sunt
1795 855 2019 928 suppli-

375 947 463 1003 cio
495 945 752 1002 obnoxii.
786 945 928 1000 Nam
962 949 1019 1001 et
1047 943 1346 1000 diabolum
1374 961 1476 1016 pro
1507 944 1622 1000 Deo
1652 944 2020 1002 habuerunt:

2139 583 2458 663 ὑπερϐάντες
2479 591 2536 644 οἱ
2569 587 2852 653 δοκοῦντες
2883 585 3030 666 ἔχειν
3074 594 3172 646 τοῦ
3221 589 3399 664 νόμου
3444 591 3544 659 τὴν
3578 597 3780 666 γνῶσιν

2135 678 2266 750 (οἷοι
2317 678 2454 747 ἦσαν
2506 683 2616 754 (23)
2669 681 2720 734 οἱ
2760 679 2885 734 τότε
2935 679 3249 753 Φαρισαίοι)
3298 677 3376 741 εῗς
3427 679 3622 752 μανίαν
3658 701 3787 756 τρα-

2134 771 2299 840 πῶσι,
2342 767 2433 822 καὶ
2479 769 2640 823 αὐτὸν
2691 769 2782 824 τὸν
2837 769 2888 824 ἐν
2939 773 3018 842 τῷ
3057 769 3271 842 σώματι
3303 763 3431 823 ὄντα
3464 771 3576 842 (34)
3603 765 3785 844 Λόγον

2132 855 2317 910 τέλεον
2367 856 2729 933 ἀρνήσωνται,
2781 858 2816 927 ἢ
2870 857 2961 912 καὶ
3010 857 3076 912 τὰ
3123 863 3225 928 τῆς
3257 858 3514 928 θεότητος
3545 850 3673 934 ἔργα
3701 863 3787 931 τῷ

2135 939 2380 1018 διαϐόλῳ
2409 945 2497 1000 καὶ
2528 951 2644 1008 τοῖς
2681 947 2878 1002 τούτου
2924 943 3182 1020 δαίμοσιν
3230 946 3584 1024 ἀναφέρωσιν·
3638 946 3788 1002 εἰκό-

373 1049 624 1103 eumque
654 1033 756 1106 qui
787 1047 920 1089 vere
949 1038 1008 1089 et
1051 1035 1243 1105 reipsa
1277 1033 1432 1089 Deus
1462 1037 1570 1104 est,
1613 1033 2026 1090 existimarunt

2144 1054 2239 1095 πως
2286 1033 2662 1110 ἀσύγγνωστον
2709 1032 2895 1111 ἔχουσι
2945 1037 3042 1105 τήν
3095 1034 3154 1090 έκ
3199 1041 3300 1105 τῆς
3339 1034 3600 1106 τοιαύτης
3655 1035 3786 1090 ἀσεο

374 1122 558 1179 nihilo
589 1122 722 1196 plus
754 1123 814 1178 in
847 1123 1125 1196 operibus
1155 1139 1326 1195 posse
1349 1138 1526 1194 quam
1563 1123 1878 1178 daemones.

2137 1116 2288 1184 ϐείας
2345 1121 2646 1196 ἐπιτιμίαν.
2677 1124 2784 1181 Τόν
2814 1145 2873 1180 τε
2902 1125 3004 1199 γὰρ
3051 1118 3312 1180 διάϐολον
3359 1123 3435 1186 είς
3481 1125 3608 1180 Θεὸν
3658 1121 3784 1178 έλο-

372 1212 614 1286 γίσαντο,
673 1211 764 1266 καὶ
822 1211 913 1266 τὸν
971 1209 1226 1280 ἀληθινὸν
1279 1210 1369 1266 καὶ
1423 1205 1592 1273 ὅντως
1651 1206 1778 1266 ὄντα
1849 1210 2000 1283 Θεὸν,
2079 1209 2232 1267 οὐδὲν
2314 1209 2482 1268 πλέον
2555 1213 2607 1268 έν
2660 1217 2779 1277 τοῖς
2846 1208 3023 1290 ἔργοις
3092 1208 3238 1290 ἔχειν
3313 1217 3420 1268 τῶν
3505 1210 3782 1286 δαιμόνων

373 1302 722 1448 ἠγέῗέτέῦ.
755 1391 817 1446 In
850 1391 1146 1463 ejusmodi
1169 1391 1350 1463 igitur
1382 1391 1743 1464 impietatem
1772 1390 2030 1464 prolapsi

377 1483 544 1536 erant
574 1478 735 1534 illius
767 1479 1050 1552 temporis
1075 1479 1263 1536 Judaei
1294 1484 1352 1536 et
1382 1480 1536 1535 inter
1561 1480 1798 1536 Juda-os
1830 1479 2030 1536 Phari-

378 1567 497 1624 saei.
547 1566 840 1623 Salvatore
887 1567 1040 1622 enim
1073 1567 1381 1624 exhibente
1427 1584 1603 1640 opera
1653 1567 1838 1624 Patris
1868 1568 2024 1639 (nam

382 1660 648 1712 mortuos
689 1657 1003 1723 excitabat,
1035 1657 1202 1712 caecis
1248 1657 1440 1713 visum
1472 1657 1752 1724 donabat,
1785 1657 2029 1714 claudos

379 1745 682 1801 ambulare
704 1745 971 1814 faciebat,
997 1745 1193 1801 surdis
1213 1745 1483 1802 auditum
1505 1745 1822 1818 aperiebat,
1848 1745 2029 1801 mutis

377 1832 672 1904 loquelam
713 1834 1050 1904 prmstabat,
1085 1831 1536 1906 declarabatque
1568 1835 1680 1890 sibi
1729 1833 2028 1890 subditam

2212 1393 2298 1448 16.
2330 1391 2426 1453 Εἰς
2456 1389 2713 1464 τοιαύτην
2745 1391 2922 1447 τοίνυν
2955 1385 3198 1447 ἀσέϐειαν
3250 1385 3596 1453 πεπτωκότες
3647 1389 3786 1458 ἦσαν

2138 1481 2190 1535 οἱ
2239 1481 2362 1535 τότε
2409 1478 2684 1553 Ἰουδαῖοι,
2741 1480 2830 1536 καὶ
2878 1485 2986 1535 τῶν
3042 1477 3318 1537 Ἰουδαίων
3372 1481 3424 1535 οἱ
3472 1484 3787 1555 Φαρισαῖοι.

2137 1566 2242 1626 Τοῦ
2271 1569 2375 1644 γάρ
2408 1573 2668 1644 Σωτῆρος
2695 1566 3035 1632 δεικνύοντος
3065 1571 3180 1643 (25)
3209 1570 3278 1624 τὰ
3304 1572 3403 1624 τοῦ
3433 1568 3640 1641 Πατρὸς
3661 1566 3792 1644 ἔργα

2140 1657 2381 1733 (νεκροὺς
2411 1659 2515 1734 γὰρ
2563 1657 2770 1736 ἤγειρε,
2818 1657 3049 1738 τυφλοῖς
3099 1656 3384 1735 έχαρίζετο
3429 1658 3494 1712 τὸ
3544 1656 3788 1733 βλέπειν,

2138 1745 2361 1821 χωλοὺς
2393 1746 2564 1802 ἐποίει
2590 1752 2932 1824 περιπατεῖν,
2965 1751 3162 1822 κωφῶν
3209 1744 3397 1823 ἤνοιγε
3443 1746 3541 1814 τὴν
3595 1745 3787 1814 ἀκοὴν,

2138 1834 2377 1898 ἀλάλους
2408 1835 2576 1891 ἐποίει
2609 1835 2821 1905 λαλεῖν,
2847 1837 2937 1892 καὶ
2968 1838 3066 1908 τήν
3114 1834 3286 1891 κτίσιν
3342 1833 3786 1909 ὐποτεταγμένην

377 1926 705 1978 creaturam
733 1937 881 1988 esse,
911 1922 1206 1994 imperans
1235 1922 1447 1992 ventis,
1478 1923 1538 1978 in
1587 1923 1715 1995 ipso
1749 1923 1898 1978 mari
1929 1923 2030 1978 de-

2144 1921 2422 1996 έδείκνυεν,
2473 1924 2773 1980 ἐπιτάσσων
2823 1929 2943 1988 τοῖς
3001 1923 3225 1998 ἀνέμοις
3251 1966 3266 1992 ,
3324 1925 3412 1979 καὶ
3470 1926 3782 1996 περιπατῶν

378 2009 732 2082 ambulans),
759 2011 946 2066 turbae
968 2010 1208 2082 quidem
1231 2011 1724 2083 obstupescebant
1739 2015 1796 2067 et
1810 2011 2031 2084 glorifi-

377 2099 588 2156 cabant
631 2104 816 2155 Deum
851 2117 864 2154 :
897 2102 956 2154 at
984 2103 1188 2155 contra
1233 2099 1565 2155 admirandi
1613 2099 1698 2154 illi
1728 2099 2027 2170 Pharisaei,

377 2187 614 2244 aiebant
643 2186 1002 2243 Beelzebulis
1033 2203 1164 2244 esse
1195 2188 1487 2257 ejusmodi
1517 2204 1692 2260 opera
1723 2205 1735 2244 :
1772 2204 1876 2244 nec
1895 2205 2028 2244 eru-

378 2276 699 2332 bescebant
728 2275 1074 2348 insipientes
1105 2275 1189 2332 illi
1218 2275 1320 2332 Dei
1346 2281 1694 2349 potestatem
1726 2278 1784 2333 in
1824 2277 2026 2332 diabo-

376 2363 501 2420 lum
532 2365 870 2422 transferre.
888 2365 1050 2421 Unde
1062 2366 1194 2436 jure
1215 2365 1421 2422 merito
1438 2365 1696 2422 Salvator
1715 2364 2030 2422 declaravit

377 2452 809 2526 blaSphemiam
857 2456 1116 2526 proferre
1165 2453 1452 2520 homines,
1485 2471 1611 2526 quas
1663 2470 1768 2509 nec
1798 2454 2026 2510 veniam

379 2559 485 2598 nec
515 2541 922 2599 remissionem
969 2542 1228 2599 haberet.
1281 2543 1427 2598 Nam
1477 2543 1618 2598 dum
1649 2542 1911 2600 humana
1941 2558 2027 2599 re-

379 2630 718 2704 spicientes,
751 2631 1146 2687 claudicarent
1175 2631 1395 2702 animo,
1427 2632 1688 2688 dicentes
1721 2648 1735 2688 :
1766 2655 1794 2682 «
1826 2631 2030 2688 Nonne

380 2719 476 2775 hic
506 2725 596 2776 est
623 2719 719 2776 ille
752 2721 896 2776 fabri
921 2720 1080 2776 illius
1101 2720 1192 2776 ιη
1215 2741 1244 2771 ››
1278 2725 1335 2776 et
1365 2735 1380 2776 :
1421 2741 1448 2771 «
1479 2722 1780 2787 Quomodo
1810 2719 1904 2776 hic
1933 2719 2029 2775 lit-

378 2812 537 2864 teras
568 2809 698 2876 scit,
723 2825 858 2865 cum
890 2826 1006 2865 non
1031 2809 1300 2868 didicerit
1319 2810 1364 2845 ⁵³
1383 2809 1412 2865 ‘I
1437 2833 1462 2858 »
1485 2815 1577 2866 et:
1619 2833 1639 2859 ι
1673 2810 1834 2874 Quod
1857 2813 1921 2865 tu
1943 2809 2028 2864 fa-

379 2897 463 2954 cis
493 2899 729 2972 signum
755 2899 825 2954 de
856 2898 1046 2972 teipso
1067 2898 1154 2954 ιη
1184 2920 1214 2949 ››
1245 2903 1302 2956 et
1335 2916 1348 2954 :
1387 2921 1407 2948 α
1434 2898 1762 2954 Descendat
1782 2913 1937 2953 nunc
1958 2897 2030 2952 de

377 3002 570 3057 cruce,
594 2991 652 3043 et
683 2989 991 3044 credemus
1023 2989 1073 3044 ei
1094 2988 1176 3057 ⁸⁵,
1213 3010 1240 3037 ››
1272 2988 1562 3060 patienter
1580 2987 1715 3042 tulit
1738 2987 2030 3053 homines,

378 3079 580 3148 utpote
610 3075 710 3147 qui
740 3077 799 3131 in
831 3077 1043 3132 Filium
1074 3075 1331 3132 hominis
1353 3081 1680 3150 peccarent,
1710 3075 2032 3146 dolensque

383 3180 562 3236 super
592 3163 826 3220 illorum
860 3165 1119 3221 czecitatc
1147 3165 1378 3222 dicebat
1413 3183 1426 3220 :
1464 3187 1491 3215 ‹‹
1522 3164 1578 3219 Si
1609 3163 2032 3236 cognovissetis

380 3257 437 3308 et
465 3268 567 3307 vos
599 3269 724 3324 qum
755 3253 827 3308 ad
861 3269 1062 3324 pacem
1084 3254 1148 3308 ⁸⁸.
1183 3275 1212 3304 ››
1244 3253 1471 3310 Etenim
1517 3257 1574 3308 et
1600 3268 1808 3324 magno
1839 3256 2029 3322 Petro,

381 3341 538 3414 quod
572 3345 638 3397 ut
679 3342 751 3398 de
801 3343 1038 3398 homine
1068 3342 1330 3414 loquenti
1379 3341 1651 3407 ostiariis,
1701 3342 1905 3396 eodem
1937 3340 2033 3396 ille

383 3429 558 3486 modo
589 3430 1010 3503 respondisset,
1043 3429 1294 3502 ploranti
1348 3429 1565 3502 ignovit
1595 3429 1895 3486 Dominus.
1925 3428 2034 3486 Ve-

383 3535 517 3576 rum
551 3519 651 3576 ubi
684 3518 767 3574 illi
788 3521 912 3590 jam
949 3524 1120 3576 antea
1148 3519 1322 3593 lapsi,
1344 3520 1558 3575 iterum
1591 3519 1852 3592 prolapsi.
1875 3522 2033 3590 sunt,

388 3611 447 3664 et
495 3608 568 3664 ad
619 3609 901 3680 majorem
950 3609 1207 3664 insanim
1257 3609 1636 3680 devenerunt,
1692 3609 1773 3666 ita
1823 3611 1889 3665 ut
1937 3609 2036 3666 Dei

388 3711 566 3768 opera
594 3695 950 3752 Beelzebulis
980 3713 1108 3753 esse
1160 3697 1440 3764 dicerent,
1474 3713 1588 3753 non
1621 3697 1870 3754 ulterius
1899 3698 2034 3755 illos

387 3785 527 3842 tulit
558 3801 572 3840 :
605 3785 661 3840 in
691 3802 862 3842 suum
895 3787 1054 3842 enim
1104 3785 1387 3858 Spiritum
1419 3785 1911 3859 blasphemabant
1941 3787 2033 3843 di-

389 3878 586 3931 centes
633 3890 767 3930 eum
816 3875 918 3947 qui
968 3875 1084 3931 haec
1118 3875 1334 3930 faceret
1382 3891 1498 3930 non
1547 3891 1676 3932 esse
1709 3879 1886 3932 Deum
1929 3878 2030 3932 sed

385 3961 809 4020 Beelzebulem.
841 3963 1204 4036 Quapropter
1249 3979 1371 4032 eos,
1401 3968 1602 4037 utpote
1649 3980 1764 4020 non
1797 3965 2035 4022 ferenda

385 4068 582 4125 ausos,
603 4052 838 4110 uternis
861 4052 1082 4109 addixit
1106 4051 1432 4125 suppliciis.
1457 4053 1702 4110 Perinde
1724 4053 1881 4110 enim
1911 4056 2036 4110 erat

2139 2010 2398 2081 ἐπάὒτῆς
2409 2019 2509 2082 τῆς
2525 2011 2797 2084 θαλάττης
2820 2014 3038 2087 [26]),οἱ
3063 2013 3157 2086 μὶν
3188 2007 3354 2088 όχλοι
3382 2009 3779 2082 ἐξεπλήσσοντο

2136 2101 2224 2156 καὶ
2270 2098 2517 2172 ἐδόξαζον
2574 2101 2666 2156 τὸν
2726 2101 2877 2158 Θεόψ
2931 2103 2984 2156 οἱ
3032 2097 3092 2156 δὲ
3137 2100 3439 2174 θαυμαστοὶ
3489 2104 3779 2176 Φαρισαῖοι

2137 2186 2325 2266 ἔλεγον
2380 2191 2476 2245 τοῦ
2532 2185 2869 2260 Βεελζεϐοὺλ
2923 2190 3056 2246 εἶναι
3101 2191 3170 2245 τὰ
3216 2193 3441 2245 τοιαῦτα
3492 2185 3639 2265 ἔργα·
3690 2187 3782 2242 καὶ

2137 2279 2237 2334 οὐκ
2263 2279 2570 2354 ᾐσχύνοντο
2626 2281 2678 2334 οἱ
2724 2280 2954 2354 ἄφρονες
3000 2279 3101 2348 τὴν
3139 2283 3237 2334 τοῦ
3269 2282 3402 2334 Θεοῦ
3433 2275 3660 2350 δύναμιν
3694 2275 3783 2330 ἐπὶ

2135 2369 2226 2424 τὸν
2259 2363 2517 2423 διάϐολον
2555 2369 2960 2444 μεταφέροντες.
2991 2369 3145 2426 *Οθεν
3174 2366 3491 2430 ἀκολούθως
3522 2367 3550 2420 ὁ
3583 2367 3782 2440 Σωτὴρ

2138 2456 2491 2532 ἀσύγγνωστα
2519 2457 2608 2512 καὶ
2662 2456 2876 2532 ἄφυκτα
2927 2455 3273 2535 βλασφημεῖν
3323 2453 3519 2516 αὐτοὺς
3567 2454 3781 2530 ἀπειρη,

2135 2566 2282 2601 νατο·
2315 2547 2458 2607 "Em:
2493 2545 2584 2618 μὲν
2615 2545 2716 2621 γὰρ
2749 2544 2828 2608 εἴς
2855 2545 2922 2600 τὰ
2953 2545 3266 2621 ἀνθρώπινα
3297 2541 3591 2620 βλέποντες
3634 2540 3780 2617 ἐχώ-

2139 2631 2296 2688 λευον
2348 2637 2417 2707 τῇ
2477 2630 2727 2705 διανοίᾳ,
2779 2631 3045 2708 λέγοντες
3103 2657 3130 2685 ‹‹
3181 2632 3303 2709 Ούχ
3351 2631 3509 2694 οὗτός
3557 2630 3698 2685 ἐστιν
3753 2630 3782 2684 ὁ

2135 2724 2374 2796 τοῦ
2429 2723 2682 2784 τέκτονος
2734 2721 2898 2792 υἱόςς
2951 2742 2978 2775 ε
3040 2723 3154 2778 καὶ.
3201 2746 3222 2773 ι
3277 2725 3402 2782 Πῶς
3461 2720 3617 2782 οὗτος
3669 2715 3782 2773 οἶδε

2135 2811 2451 2886 γράμματα,
2504 2811 2582 2884 μὴ
2651 2810 3023 2883 μεμαθηκώς;
3081 2833 3109 2860 ››
3156 2809 3268 2866 καὶ.
3320 2831 3348 2860 ‹‹
3396 2808 3458 2863 Τί
3497 2807 3561 2862 σὺ
3605 2811 3782 2868 ποιεῖς

2137 2899 2262 2974 περὶ
2295 2903 2519 2954 σεαυτοῦ
2568 2904 2839 2973 σημεῖον;
2888 2921 2915 2950 »ι
2966 2897 3078 2969 καὶ,
3129 2921 3158 2949 ‹‹
3206 2891 3506 2966 Καταϐήτω
3552 2899 3644 2950 νῦν
3675 2895 3780 2950 ἀπὸ

2135 2992 2234 3042 τοῦ
2277 2991 2548 3064 σταυροῦ,
2598 2986 2686 3042 καὶ
2737 2986 3093 3059 πιστεύσομεν
3146 2987 3314 3059 αὐτῷ·
3370 3009 3397 3037 ι)
3448 2979 3632 3062 ἔφερεν
3678 2985 3782 3038 αὐ-

2136 3075 2284 3150 τοὺς,
2315 3075 2428 3145 καὶ,
2482 3076 2556 3137 ὡς
2605 3075 2681 3136 εἷς
2727 3077 2848 3130 Υἱὸν
2897 3075 3185 3151 ἀνθρώπου
3227 3073 3644 3146 ἁμαρτανόντων
3686 3072 3783 3128 αύ-

2135 3169 2269 3237 τῶν,
2320 3163 2664 3237 λυπούμενος
2715 3163 2803 3218 ἐπὶ
2831 3163 2901 3238 τῇ
2925 3164 3178 3238 πωρώσει
3209 3163 3388 3218 αὐτῶν
3420 3156 3620 3238 ἔλεγεν·
3657 3185 3685 3214 ι(
3718 3160 3785 3217 Εἴ

2143 3246 2337 3330 ἔγνωτε
2364 3252 2454 3307 καὶ
2501 3253 2656 3327 ὑμεῖς
2701 3253 2768 3307 τὰ
2813 3251 2888 3314 εἷς
2935 3251 3183 3328 εἰρήνην.
3240 3273 3269 3304 ››
3309 3250 3408 3306 Καὶ
3455 3250 3556 3326 γὰρ
3587 3250 3787 3320 καὶτῷ

2149 3339 2373 3418 μεγάλῳ
2543 3342 2728 3415 Πέτρῳ
2757 3341 2832 3402 ὡς
2858 3340 2982 3415 περί
3011 3341 3303 3415 ἀνθρώπου
3335 3337 3657 3410 λαλησάσης
3684 3344 3786 3406 τῆς

2142 3433 2410 3506 θυρωροῦ,
2458 3431 2546 3484 καὶ
2598 3428 2770 3491 οὕτως
2821 3429 3260 3504 ἀποκρινομένῳ,
3326 3427 3566 3503 συνέγνω
3616 3425 3788 3482 κλαύ-

2142 3519 2346 3574 σαντιὸ
2377 3517 2592 3594 Κύριος.
2638 3520 2766 3575 Ὅτε
2817 3515 2875 3572 δὲ
2917 3517 3169 3579 πεσόντες
3217 3516 3644 3584 έπιπεπτώκασι,
3694 3515 3782 3569 καὶ

2140 3607 2308 3663 πλέον
2342 3606 2640 3681 ἐμάνησαν,
2673 3605 2813 3662 ὥστε
2834 3605 2902 3661 τὰ
2927 3611 3025 3661 τοῦ
3063 3609 3198 3662 Θεοῦ
3251 3601 3383 3682 ἔργα
3432 3603 3605 3680 λέγειν
3651 3604 3785 3659 εἶναι

2139 3701 2236 3751 τοῦ
2267 3698 2378 3769 (29)
2415 3690 2768 3768 Βεελζεϐοὺλ,
2819 3695 3000 3751 οὐκέτι
3054 3693 3250 3752 λοιπὸν
3295 3693 3493 3758 αὐτοὺς
3538 3691 3783 3770 ἤνεγκενο

2142 3783 2220 3846 είς
2249 3786 2354 3860 γὰρ
2384 3783 2447 3838 τὸ
2478 3788 2696 3857 Πνεῦμα
2723 3782 2888 3838 αὐτοῦ
2931 3778 3342 3862 ἐϐλασφήμουν,
3391 3782 3646 3858 λεγοντες
3691 3781 3783 3836 τὸν

2139 3877 2306 3928 ταῦτα
2333 3877 2595 3928 ποιοῦντα
2627 3879 2704 3946 μὴ
2738 3873 2869 3928 εἶναι
2898 3873 3050 3944 θεὸν,
3086 3871 3234 3928 ἀλλὰ
3285 3865 3639 3941 Βεελζεϐούλ.
3684 3871 3786 3926 Καὶ

2145 3959 2236 4017 διὰ
2262 3965 2448 4030 τοῦτο,
2487 3962 2562 4025 ὡς
2608 3962 2856 4040 ἀφόρητα
2901 3965 3246 4034 τολμῶντας,
3301 3959 3533 4022 αίωνίως
3587 3959 3788 4033 ἐτιμω-

2145 4052 2370 4126 ρήσατο.
2402 4053 2547 4108 Ἴσον
2579 4050 2682 4126 γὰρ
2712 4051 2781 4125 ἦν
2812 4050 3010 4114 αὐτοὺς
3039 4047 3252 4125 τολμᾷν
3298 4049 3388 4106 καὶ
3597 4047 3790 4121 εἰπεῖν,

459 4229 505 4265 ⁵⁸
537 4229 740 4288 Matth.
773 4246 900 4299 xm,
929 4229 1020 4285 55.
1097 4230 1143 4266 ⁸³
1173 4229 1342 4286 Joan.
1375 4247 1474 4300 vn,
1509 4230 1596 4284 15.
1671 4229 1716 4264 ⁸⁸
1741 4227 1912 4285 Joan.
1945 4243 2026 4294 vx,

2144 4271 2146 4279 ,
2219 4227 2263 4262 ⁸⁵
2293 4226 2497 4284 Matth.
2527 4243 2704 4294 xxvu,
2733 4227 2824 4282 42.
2899 4226 2944 4263 ⁵⁸
2975 4227 3112 4284 Luc.
3143 4243 3260 4298 xxx,
3293 4227 3382 4284 42.

605 4409 966 4483 Seguerian.,
1001 4412 1110 4465 οἶοι
1139 4410 1274 4480 ἦσαν
1307 4414 1485 4465 recte.
1519 4409 1763 4483 Regius,
1783 4407 1836 4461 o'l
1867 4407 2032 4483 ἦσαν.

391 4479 708 4557 Editi'oiov—
723 4480 876 4557 ἦσαν.
908 4479 1034 4538 Mox
1067 4479 1357 4557 Φαρισαῖοι
1389 4483 1554 4557 deest
1585 4479 1643 4536 in
1675 4480 1822 4557 Felc.
1855 4482 1926 4548 2;
1974 4481 2034 4557 in

391 4556 629 4624 Seguer.
662 4553 940 4636 scribitur
969 4550 1312 4636 Φαρισσαῐοι,
1345 4560 1402 4636 et
1445 4553 1616 4636 vulgo
1673 4550 1840 4636 alias.
1893 4555 2038 4636 .Post
2067 4594 2082 4636 ί

391 4621 524 4697 eam
554 4640 750 4697 vocem
783 4624 904 4680 haec
933 4621 1334 4697 sequebantur
1367 4627 1421 4680 iu
1473 4621 1667 4689 editis,
1725 4623 1814 4676 καὶ
1856 4621 1913 4697 _ot
1941 4625 2033 4697 νῦν

390 4693 684 4770 Ἀρειανοί,
713 4713 840 4770 quae
871 4693 1234 4770 cum—desint
1265 4698 1325 4754 in
1359 4701 1517 4770 lteg._
1555 4699 1794 4770 Seguer.
1852 4693 2032 4770 Basil.

390 4765 622 4840 Anglic.
657 4765 886 4825 Go‘bler.
918 4773 976 4824 et
1003 4769 1256 4825 Felckm.
1291 4770 1342 4839 1,
1366 4776 1418 4822 et
1469 4765 1687 4839 alioqui
1737 4765 2038 4838 superﬂua

391 4839 721 4910 videantur,
754 4841 977 4896 omissa
1007 4845 1162 4897 sunt.

462 4912 575 4982 (24)
613 4908 782 4968 Ὄντα
811 4913 974 4968 deest
1003 4913 1063 4966 in
1098 4910 1300 4982 Regio,
1331 4908 1668 4981 Seguerian.
1719 4906 1949 4982 Gobler.
1980 4921 2036 4963 et

390 4979 726 5068 Eelck'gnan.
760 4984 810 5050 1,
844 4979 1536 5068 sedlegitur'in'czstems
1576 4986 1648 5068 et
1667 4979 1880 5068 Δείιᾲὶξὶριξέ
1907 4982 2036 5068 Βςοι

392 5053 534 5126 Reg.
568 5049 804 5124 Seguer.
835 5059 892 5110 et
924 5049 1124 5122 Basil.,
1156 5052 1493 5126 ἀρνήσωνται
1535 5055 1710 5126 recte,
1743 5050 1904 5126 editi,
1937 5049 2033 5122 ἀρ-

389 5121 669 5192 νηοῖονταιῖ
703 5127 858 5180 Infra
890 5127 1024 5180 item
1077 5121 1222 5197 Reg.
1267 5121 1321 5178 et
1367 5123 1625 5197 Segu_er.,
1678 5121 2030 5197 ἀναφέρωσιν,

391 5197 628 5266 rectius,
649 5212 839 5268 quam
871 5199 1032 5263 editi,
1064 5193 1442 5268 ἀναξρέρουσιν.
1471 5195 1608 5268 _Mox
1637 5193 2027 5268 edit.'Gor_nm.

391 5283 526 5324 cum
559 5263 914 5340 quibusdam
947 5263 1268 5340 codicibus,
1309 5265 1406 5332 τήν
1467 5263 1564 5340 ἐπὶ.
1605 5263 2028 5340 τῆς-τοιαύτης.

388 5339 546 5396 Edit.
575 5333 764 5411 Paris.
793 5346 850 5395 et
877 5345 1013 5411 Reg.
1054 5333 1284 5396 Gobler.
1317 5343 1375 5394 et
1419 5336 1672 5394 Felckm.
1717 5336 1770 5405 1,
1825 5334 1922 5404 τὴν
1973 5333 2033 5388 ὲκ

389 5416 491 5481 τῆς
520 5409 800 5480 τοιαύτης.

611 5476 768 5555 δβςξ,
803 5477 1131 5555 δεικνύντος.
1166 5479 1312 5555 l_bid_.
1343 5477 1508 5555 Qpbl.
1541 5476 1793 5555 Felckm.
1829 5477 1878 5543 1,
1932 5478 2029 5555 τοῦ

391 5545 1538 5638 ηατρὸςέργαςξᾲ,θαύματαωὶ,μὲν,ὅχλρι
1595 5546 1798 5638 egw)“,
1847 5548 2028 5638 211,133-

393 5625 478 5682 sis
508 5618 734 5682 inultis".
766 5625 916 5682 Ibid.
947 5618 1161 5696 Regius
1189 5618 1255 5680 et
1279 5618 1447 5696 δοες
1486 5618 1794 5694 ἐχαρίσατο.
1851 5618 2028 5688 Editi,

388 5691 693 5764 ἓχαρίζετο.

391 5712 693 5772 εχαριςετο.

2218 4407 2330 4481 (26)
2358 4410 2518 4480 Seg.,
2556 4403 2878 4481 θαλάσσης.Δ
2902 4407 3053 4481 Μοκ-
3081 4407 3341 4481 Ιὶιέεῇιξε,⁸
3375 4401 3792 4481 ἐξεπλῄττοντο.

2147 4476 2326 4562 Paulo
2358 4476 2817 4552 ροέιθαυμαστοί
2846 4477 3011 4536 deest
3038 4477 3098 4534 in
3117 4476 3510 4536 Goblerian.et
3535 4476 3788 4534 Felckm.

2187 4566 2356 4606 leo.

2147 4567 2470 4690 ΡἿΞῩΤοῦ
2502 4621 2666 4694 deest
2694 4621 2757 4676 in
2787 4620 2983 4694 editis.
3011 4620 3136 4694 86ᾶᾷ
3152 4619 3374 4694 legitur
3421 4619 3482 4676 in
3508 4618 3693 4694 Regio
3734 4621 3794 4674 et

2142 4689 2408 4762 Seguer.,
2437 4697 2495 4748 et
2520 4693 2774 4748 habetur
2799 4693 2859 4747 in
2891 4689 3246 4762 Evangelio:
3275 4693 3405 4750 Mox
3460 4689 3523 4744 σύ
3572 4689 3790 4762 legitur

2142 4761 2201 4818 in
2221 4761 2488 4835 Felckm.
2519 4767 2555 4818 2
2585 4769 2641 4817 et
2668 4761 3421 4835 inpeditis,rhaheturquein
3453 4761 3786 4835 Evangelii):

2143 4836 2245 4890 sed
2277 4837 2441 4890 deest
2468 4833 2527 4890 in
2559 4833 2782 4891 caeteris
2819 4834 3093 4906 omnibus
3123 4832 3561 4906 man—useriptis.
3609 4832 3787 4906 Paulo

2184 4911 2277 4994 ost
2308 4908 2522 4991 ljegius
2553 4912 2612 4991 et
2637 4907 2792 4982 $63.,
2825 4904 2932 4960 ἀπὸ
2961 4910 3057 4960 τοῦ
3094 4910 3345 4982 σταυροῦ,
3392 4903 3566 4962 recte.
3610 4903 3785 4975 Editi,

2169 4997 2231 5030 πι
2253 4995 2350 5029 του
2383 4994 2640 5034 σταύρου.
3613 5015 3622 5022 ο

2211 5025 2786 5121 ζῄίῇίέγάλῲξᾷβοεῐ
2816 5063 2850 5103 a
2879 5047 3042 5121 Gobl.
3067 5051 3126 5104 et
3153 5047 3412 5121 Felckm.
3441 5047 3788 5121 primoMox

2140 5116 2376 5192 ﬁngitis,
2412 5116 3110 5192 S‘eg._'Gobl.fet‘Felckm.
3145 5116 3783 5192 primus,ldlnaim}ﬁ

2143 5185 2392 5265 βυρνωρῷ.
2423 5185 2658 5265 Editiet
2685 5185 3161 5265 alii,_)l_a)l~qadc"r,£
3198 5193 3296 5264 τῇς
3357 5185 3624 5265 θυρωροῦ.
3656 5185 3788 5265 :Gd-

2138 5259 2387 5334 blerian.
2416 5261 2705 5334 Anglic.et
2729 5259 3221 5334 Felckm.primus
3242 5259 3388 5319 'mox
3410 5259 3629 5318 habent
3645 5259 3785 5314 ἀπο-

2139 5331 2468 5407 κριναμένῳ.
2510 5331 2535 5334 “
2993 5331 3012 5334 “

2215 5405 2320 5488 (g9)
2347 5403 2564 5477 Regius
2593 5403 2918 5488 mmmam,
2944 5406 3074 5488 Mox
3097 5405 3226 5488 Seg.
3272 5407 3338 5488 et.
3377 5401 3510 5488 alii.
3539 5401 3783 5488 quidam

2139 5476 2366 5545 codices
2410 5473 2546 5532 ovum
2593 5473 2767 5532 editis
2823 5474 3046 5532 habent
3097 5473 3614 5545 xa‘mauuspa.
3670 5473 3782 5530 Sed

2136 5543 2468 5630 adsidetis}:
2497 5546 2558 5630 in
2585 5545 2930 5630 Anglicano,
2961 5551 3020 5606 et
3047 5547 3109 5630 ip
3137 5547 3316 5620 Regio
3351 5543 3611 5604 deletum
3667 5549 3779 5602 est.

2208 5591 2468 5691 ζέοἱῐοῐῐ
2482 5591 3028 5677 ἁὲοὶΐῗιῖἷοῖἕίίῶἶ
3049 5591 3115 5675 Ξ
