4082 6368
365 452 483 514 663

901 453 968 515 s.
1013 454 1444 517 ATHANASII
1489 455 1665 516 OPP.
1712 448 1910 514 mss
1954 448 2114 511 1.-
2144 448 2565 511 HISTORICA
2609 452 2709 512 ET
2750 415 3250 513 DOGMATIGA.

3658 452 3779 513 664

369 585 601 642 locutus
645 590 732 643 est
774 586 1085 644 Dominus.
1143 587 1370 643 Etenim
1405 591 1716 659 utramque
1765 583 2018 658 profere—

2148 580 2231 634 λεν
2263 577 2575 652 ἐλάττονος,
2603 585 2703 647 τῆς
2732 579 2789 637 δὲ
2823 577 3277 659 ὑπερϐάλλούσης
3316 584 3481 636 ταῦτα
3525 579 3778 653 λελάλη-

374 674 519 731 bant
539 674 853 731 Pharisaei:
878 691 1009 731 cum
1038 675 1193 730 enim
1217 674 1518 733 hominem
1540 674 1877 745 cernerent,i
1884 673 1973 745 psi
1995 694 2023 722 »

373 763 881 819 convitiahantur:
919 785 947 814 «
978 764 1141 820 Unde
1171 763 1309 821 huic
1340 765 1630 838 sapientia
1658 763 1859 820 isthmc
1877 762 1922 797 ⁶²
1944 760 1972 816 ?
1999 782 2020 811 ιι

371 856 466 909 et:
507 872 530 903 ι
564 852 1002 925 Quinquaginta
1033 871 1219 910 annos
1259 855 1522 911 nondum
1553 854 1736 910 habes
1765 857 1822 909 et
1850 852 2025 907 Abra-

371 940 510 995 ham
540 940 740 996 vidisti
757 942 801 977 ⁸³
819 942 847 997 ‘I
875 961 902 994 ι
930 943 1000 998 Et
1026 942 1218 1000 Patris
1248 960 1423 1016 opera
1443 960 1578 999 cum
1601 942 2026 1015 conspicerent,

372 1043 488 1083 non
540 1027 732 1085 solum
787 1031 915 1101 ejus
964 1030 1332 1087 divinitatem
1384 1035 1779 1104 negaverunt;
1824 1043 2029 1085 verum

371 1113 547 1169 etiam
579 1118 781 1171 contra
811 1114 975 1171 illam
1006 1116 1206 1183 locuti,
1258 1117 1494 1174 aiebant
1532 1117 1592 1172 in
1622 1116 1751 1189 ipso
1783 1112 2031 1171 Domino

375 1220 505 1262 esse
534 1205 960 1279 Beelzebulem,
981 1212 1037 1264 et
1059 1207 1417 1265 Beelzebulis
1437 1224 1568 1265 esse
1590 1204 1881 1281 ejusmodi
1902 1220 2033 1277 Ope-

375 1312 461 1353 ra.
494 1298 857 1370 Quapropter
887 1298 1059 1370 quasi
1088 1303 1338 1372 utraque
1367 1300 1737 1372 blasphemia
1766 1300 1828 1355 in
1859 1315 1920 1355 se
1951 1298 2035 1354 di-

378 1389 627 1458 ceretur,
658 1391 715 1443 et
740 1387 855 1444 alia
875 1389 1115 1460 quidem
1139 1390 1333 1445 minor
1361 1394 1537 1457 esset,
1572 1390 1727 1463 quod
1759 1388 2034 1445 humani-

377 1480 583 1547 tatem,
616 1476 731 1533 alia
770 1480 977 1551 major,
1014 1482 1168 1553 quod
1216 1480 1577 1538 divinitatem
1621 1485 1932 1555 spectaret,
1965 1480 2036 1535 de

379 1565 591 1637 majori
645 1566 794 1622 dixit
836 1568 964 1639 ejus
1014 1564 1333 1629 vindictam
1379 1570 1872 1643 indeprecabilem
1918 1568 2037 1625 illis

380 1670 531 1710 esse.
563 1654 728 1711 Certe
776 1672 911 1713 cum
963 1656 1269 1731 discipulis
1318 1660 1446 1716 suis
1503 1659 1839 1716 ﬁrmitatem
1888 1659 2038 1715 fidu-

381 1742 650 1815 ciamque
680 1745 964 1817 praeberet
995 1745 1089 1802 his
1134 1748 1325 1804 verbis
1354 1764 1367 1802 :
1400 1770 1428 1797 «
1459 1748 1515 1803 Si
1556 1748 2039 1821 patremfamilias

383 1831 782 1888 Beelzehulem
805 1838 1161 1890 vocaverunt
1181 1835 1248 1905 “,
1273 1857 1301 1885 ››
1325 1852 1386 1891 se
1407 1840 1630 1909 patrem
1640 1836 1890 1894 familias
1911 1853 2040 1894 esse

2132 690 2220 724 κεν
2250 670 2278 725 6
2330 668 2544 746 Κύριος.
2597 670 2702 727 Καὶ
2750 672 2854 747 γὰρ
2895 670 2986 726 καὶ
3032 672 3143 744 (39)
3192 669 3347 725 αὖτοὶ
3386 672 3439 724 οἱ
3488 676 3778 738 Φαρισαῖοι

2135 758 2415 835 ἀμφότερα
2463 761 2593 829 ἦσαν
2641 757 2907 835 λέγοντες·
2975 759 3065 814 καὶ
3134 756 3415 833 ἄνθρωπον
3487 757 3781 834 βλέποντες

2137 845 2295 902 αὐτὸν
2348 844 2686 924 ἐλοιδόρουν·
2739 873 2768 901 ‹‹
2820 847 2989 912 Πόθεν
3037 847 3214 921 τούτῳ
3260 851 3295 918 ἡ
3344 848 3506 927 σοφία
3534 847 3776 919 aii-:1“):

2135 936 2265 1004 καὶ,
2333 960 2362 990 ‹‹
2412 940 2754 1010 Πεντήκοντα
2801 937 2893 1009 ἔτη
2947 937 3100 993 οὕπω
3149 933 3336 1014 ἔχεις,
3392 937 3481 992 καὶ
3531 933 3781 1012 Ἀϐραὰμ

2140 1023 2419 1097 ἑώρακας;
2453 1047 2482 1077 ››
2535 1026 2634 1082 Καὶ
2685 1025 2752 1080 τὰ
2797 1029 2892 1079 τοῦ
2924 1024 3129 1101 Ηατρὸς
3160 1023 3288 1101 ἔργα
3318 1028 3662 1099 θεωροῦντες,
3716 1024 3780 1079 οὐ

2144 1109 2307 1183 μόνον
2340 1114 2605 1187 ἠρνοῦντο
2638 1114 2750 1186 (40)
2777 1113 2875 1181 τὴν
2902 1110 3137 1183 θδότητα
3168 1112 3356 1182 αὐτοῦ,
3380 1110 3526 1167 ἀλλᾶ
3553 1113 3640 1167 καὶ
3666 1112 3783 1167 ἀντὶ

2140 1199 2339 1273 ταύτης
2371 1198 2555 1277 ἔλεγον
2588 1200 2639 1256 ἐν
2700 1200 2847 1275 αύτῷ
2895 1201 3028 1257 εἶναι
3053 1202 3145 1258 τὸν
3177 1196 3539 1271 Βεελζεϐοὺλ,
3568 1200 3659 1256 καὶ
3689 1200 3786 1256 αὐ-

2140 1293 2237 1344 τοῦ
2268 1291 2399 1345 εἶναι
2447 1290 2513 1345 τὰ
2561 1289 2710 1367 ἔργα.
2760 1291 2858 1346 Διά
2901 1296 3087 1360 τοῦτο,
3136 1292 3210 1353 ὡς
3254 1289 3329 1353 είς
3359 1290 3520 1346 αὐτὸν
3550 1289 3790 1369 ἀμφοτὲ-

2146 1399 2253 1454 ρων
2314 1379 2644 1455 λεγομὲνων,
2699 1379 2789 1436 καί
2843 1385 2943 1447 τῆς
3010 1382 3105 1454 μὲν
3189 1379 3472 1442 ἐλάττονος
3543 1379 3792 1458 βλασφη-

2149 1467 2273 1540 μίας
2308 1470 2420 1542 (41)
2451 1468 2619 1540 οὔσης
2651 1466 2740 1525 διὰ
2768 1471 2831 1525 τὸ
2874 1469 3232 1544 ἀνθρώπινον,
3282 1476 3381 1540 τῆς
3426 1467 3482 1524 δὲ
3544 1468 3794 1543 μείζονος

2147 1554 2237 1611 διὰ
2265 1559 2364 1627 τὴν
2394 1559 2644 1629 Θεότητα,
2676 1558 2764 1613 ἐπὶ
2793 1562 2863 1634 τῇ
2896 1559 3123 1633 μείζονα
3152 1561 3270 1614 κατ’
3319 1557 3496 1614 αὐτῶν
3544 1559 3606 1613 τὸ
3658 1555 3792 1637 ἄφυ-

2147 1666 2271 1700 κτον
2302 1652 2400 1715 τῆς
2430 1647 2702 1722 τιμωρίας
2730 1643 2931 1724 ἔλεγεν.
2969 1646 3194 1720 Ἀμέλει
3237 1646 3363 1708 τοὺς
3396 1646 3645 1720 μαθητὰς
3692 1667 3794 1702 παρ

2150 1733 2495 1810 ραθαρσύνων
2528 1735 2618 1790 καὶ
2650 1733 2843 1812 λέγων,
2873 1736 2955 1791 ὅτι
2986 1738 3120 1810 (42).
3157 1758 3185 1787 (ί
3234 1734 3297 1790 El
3339 1735 3432 1790 τὸν
3483 1732 3795 1791 οἰκοδεσπό-

2146 1845 2247 1894 την
2274 1819 2613 1894 Βεελζεϐοὺλ
2663 1823 3008 1897 ἐπεκάλεσαν,
3060 1849 3088 1878 ››
3136 1824 3322 1880 ἑαυτὸν
3356 1823 3490 1879 εἶναι
3524 1825 3611 1881 τὸν
3647 1825 3796 1881 οἶκο-

384 1918 721 1991 declaravit,
772 1922 873 1994 qui
923 1923 1008 1980 sic
1055 1940 1091 1980 a
1140 1923 1360 1981 Judaeis
1419 1925 1743 1983 maledictis
1782 1926 2033 1983 incesse-

2151 1914 2416 1989 δεσπότην
2472 1916 2645 1994 ἔλεγε,
2702 1918 2795 1973 τὸν
2851 1917 2941 1974 καὶ
2995 1916 3100 1975 ὐπὸ
3155 1923 3263 1973 τῶν
3323 1914 3598 1975 Ἰουδαίων
3651 1916 3793 1973 οὕτω

386 2011 567 2065 retur.

462 2098 549 2154 18.
585 2098 749 2163 Quod
780 2101 831 2158 si
860 2101 1048 2159 Judaei
1079 2104 1222 2160 dum
1263 2103 1543 2172 dicerent,
1581 2127 1603 2155 ι
1639 2105 1698 2160 in
1737 2104 2046 2162 Beelzebu-

391 2186 505 2244 lem
527 2188 593 2260 ⁸⁸,
625 2211 653 2240 ››
683 2189 828 2246 nulli
857 2190 971 2249 nisi
1001 2192 1248 2249 Domino
1298 2193 1789 2262 convitiabantur,
1822 2192 2046 2267 perspi-

391 2291 569 2331 cuum
601 2294 743 2335 sane
789 2283 899 2348 est,
949 2279 1119 2353 illud,
1171 2280 1541 2354 Blasphemia
1576 2298 1709 2339 vero
1750 2282 1813 2338 in
1860 2284 2043 2356 Spiri-

384 2366 512 2419 tum
532 2365 598 2435 ⁶⁶,
620 2388 648 2416 ››
662 2366 733 2422 de
745 2367 826 2424 sei
833 2384 938 2441 pso
950 2368 1198 2426 Domino
1212 2370 1434 2427 dictum
1445 2374 1902 2444 esse,totamque
1914 2389 2044 2430 sen-

381 2452 628 2511 tentiam
687 2456 759 2512 ad
817 2457 1080 2531 seipsum
1138 2458 1495 2516 Salvatorem
1554 2460 1847 2518 retulisse.
1907 2467 2037 2535 Ipse

379 2559 635 2617 namque
664 2547 924 2604 universi
947 2549 1368 2622 paterfamilias
1387 2556 1512 2607 est:
1537 2551 1796 2624 idipsum
1817 2553 2035 2627 quippe

378 2634 843 2693 conﬁrmationis
863 2654 1042 2695 causa
1058 2640 1184 2710 jam
1202 2643 1462 2712 repetere
1482 2640 2033 2714 subterfugiendum

375 2738 490 2777 non
522 2726 630 2779 est.
661 2726 852 2793 Sitire,
884 2726 1172 2797 laborare,
1228 2728 1501 2797 dormire,
1554 2727 1817 2803 colaphis
1865 2732 2029 2791 caedi.

374 2812 700 2882 comedere,
751 2813 1056 2870 hominum
1102 2816 1338 2889 propria
1384 2821 1558 2873 sunt:
1612 2834 1791 2891 opera
1833 2826 2029 2877 autem

372 2914 499 2967 quae
540 2900 789 2958 faciebat
844 2902 1154 2970 Dominus,
1213 2921 1331 2962 non
1390 2905 1722 2976 hominum,
1780 2909 1883 2965 sed
1926 2909 2027 2966 Dei

371 2992 554 3045 erant.
587 2991 730 3048 Cum
780 2990 960 3064 igitur
1000 2994 1266 3065 quidam,
1321 2994 1407 3051 uti
1437 2995 1711 3067 superius
1761 2996 1901 3067 dixi,
1934 2998 2027 3055 his

372 3080 723 3152 conspectis,
757 3083 1002 3138 Domino
1034 3087 1098 3139 ut
1139 3082 1363 3139 homini
1404 3085 1881 3153 convitiarentur,
1916 3087 2025 3142 mi-

369 3183 484 3223 nus
514 3168 871 3240 supplicium
902 3172 1300 3241 merebantur,
1332 3189 1507 3244 quam
1540 3173 1580 3228 ii
1601 3174 1702 3246 qui
1732 3174 1828 3231 Dei
1850 3192 2027 3248 opera

372 3254 604 3312 diabolo
637 3257 1018 3316 ascriberent.
1050 3260 1121 3316 Hi
1150 3261 1307 3317 enim
1338 3279 1454 3317 non
1486 3261 1678 3319 solum
1710 3268 1915 3320 sancta
1934 3282 2026 3321 ca-

372 3344 548 3400 nibus
572 3346 924 3418 projiciunt;
956 3350 1056 3404 sed
1088 3353 1145 3405 et
1173 3350 1356 3406 Deum
1390 3350 1623 3407 diabolo
1663 3358 2028 3426 comparant,

372 3438 429 3489 et
457 3434 648 3491 lucem
670 3437 942 3493 tenebras
971 3454 1100 3495 esse
1121 3438 1345 3495 dicunt.
1374 3440 1534 3495 Hanc
1554 3445 1709 3497 certe
1732 3458 1863 3499 esse
1886 3444 2029 3500 Pha-

371 3522 675 3580 risaeorum
752 3542 1058 3599 nunquam
1128 3527 1540 3585 remittendam
1598 3530 2030 3603 blasphemiam

370 3612 602 3669 Marcus
622 3614 973 3688 observavit,
996 3616 1091 3692 his
1112 3617 1341 3674 verbis:
1368 3618 1519 3685 «Qui
1538 3624 1736 3676 autem
1760 3619 2032 3695 blasphe-

371 3702 621 3759 maverit
648 3702 707 3759 in
736 3703 1018 3776 Spiritum
1051 3711 1345 3776 sanctum,
1379 3724 1494 3764 non
1526 3707 1703 3764 habet
1732 3710 2030 3767 remissio-

373 3806 531 3863 nem,
563 3793 664 3849 sed
696 3810 829 3849 reus
852 3798 940 3851 est
961 3796 1157 3851 aeterni
1192 3795 1698 3869 delicti,quoniam
1722 3797 2029 3857 dicebant:

371 3879 655 3953 Spiritum
688 3882 1064 3939 immundum
1086 3884 1262 3941 habet
1281 3886 1345 3940 6⁷.
1370 3908 1400 3935 ››
1432 3889 1501 3941 Et
1530 3886 1623 3942 his
1646 3888 1742 3958 qui
1773 3906 1806 3944 a
1828 3889 2033 3945 nativi-

376 3972 496 4025 tate
524 3985 713 4027 caicus
739 3973 949 4041 fuerat,
983 3972 1111 4029 visu
1147 3978 1401 4047 recepto,
1432 3975 1896 4033 testiﬁcahatur:
1928 4001 1957 4030 «
1988 3980 2033 4033 A

379 4058 591 4115 saeculo
640 4077 754 4116 non
808 4065 899 4116 est
946 4061 1236 4130 auditum,
1269 4064 1424 4135 quod
1470 4063 1606 4135 quis
1638 4066 1869 4136 aperuit
1896 4082 2032 4124 ocu-

378 4146 466 4204 los
498 4148 630 4205 caeci
663 4148 805 4205 nati.
835 4150 958 4206 Nisi
989 4155 1147 4207 esset
1179 4150 1275 4207 hic
1307 4169 1340 4208 a
1368 4152 1503 4223 Deo,
1538 4170 1655 4209 non
1686 4158 1914 4226 poterat
1944 4156 2033 4212 fa-

379 4252 509 4293 cere
537 4238 863 4309 quidquam
885 4239 949 4294 ⁸⁸.
973 4261 1001 4289 ‹‹
1023 4240 1230 4296 Turbae
1254 4243 1449 4297 autem
1475 4242 1836 4300 admirantes
1857 4260 2035 4317 super

375 4325 449 4381 iis
470 4343 597 4398 quae
619 4344 653 4382 a
677 4327 920 4383 Domino
940 4328 1091 4385 facta
1106 4329 1357 4397 fuerant,
1381 4332 1536 4388 566
1559 4332 1794 4389 aiebant
1818 4349 1831 4388 :
1853 4355 1881 4384 «
1908 4336 2034 4390 Haec

377 4415 551 4471 verba
582 4432 697 4471 non
728 4421 870 4472 sunt
898 4416 1253 4474 daemonium
1279 4417 1554 4475 habentis
1579 4437 1591 4475 :
1626 4420 1892 4492 nunquid
1918 4424 2031 4479 daa-

2161 2004 2378 2083 βλασφη
2391 2005 2682 2081 μούμενον.

2230 2098 2316 2153 18.
2350 2095 2416 2154 Εἴ
2446 2092 2502 2150 δὲ
2534 2096 2586 2150 οἱ
2626 2093 2883 2153 Ἰουδαῖοι
2933 2097 3044 2169 (43)
3098 2093 3361 2170 λέγοντες,
3406 2120 3435 2148 ‹‹
3488 2094 3541 2150 ἐν
3571 2093 3794 2164 Βεελζεο

2156 2181 2315 2256 ϐοὺλ,
2351 2209 2380 2238 ››
2413 2183 2604 2241 ούδὲνα
2643 2186 2819 2261 ἕτερον
2870 2187 2906 2257 ἢ
2956 2186 3047 2240 τὸν
3090 2185 3284 2260 Κύριον
3329 2183 3667 2262 ἐλοιδόρουν,
3698 2181 3795 2255 δῆ-

2155 2274 2249 2331 λον
2279 2275 2455 2331 τοίνυν
2491 2275 2654 2345 ἐστὶν,
2690 2277 2763 2338 ὡς
2788 2276 2850 2332 τὸ
2881 2275 3197 2351 λεγόμενον,
3232 2298 3261 2328 ‹‹
3299 2275 3360 2332 Ἡ
3393 2272 3449 2330 δὲ
3493 2278 3589 2330 τοῦ
3628 2274 3796 2329 Πνεύ-

2154 2385 2320 2438 ματος
2357 2364 2698 2443 βλασφημία,
2754 2389 2783 2418 ››
2836 2364 2914 2427 εῒς
2948 2363 3104 2420 αὐτόν
3138 2363 3249 2419 ἐστι
3278 2365 3370 2418 τὸν
3403 2363 3595 2438 Κύριον
3628 2360 3790 2439 λεγο-

2149 2455 2307 2528 μένη,
2337 2455 2429 2511 καὶ
2457 2456 2520 2511 τὸ
2550 2455 2715 2532 ῥητὸν
2763 2454 2891 2510 ὅλον
2936 2455 3060 2529 περὶ
3109 2455 3299 2510 ἑαυτοῦ
3349 2453 3631 2527 σημαίνων
3665 2450 3788 2508 ἕλε-

2141 2564 2231 2620 γεν
2265 2545 2293 2599 6
2326 2546 2544 2621 Σωτήρ.
2600 2543 2777 2606 Αὐτὸς
2821 2546 2925 2619 γάρ
2974 2542 3115 2598 ἐστιν
3167 2544 3195 2598 ὁ
3224 2547 3317 2597 τοῦ
3343 2542 3540 2604 παντὸς
3570 2538 3780 2597 οἰκοδε-

2142 2633 2368 2705 σπότηςο
2427 2632 2593 2690 πάλιν
2650 2635 2753 2711 γὰρ
2795 2631 3085 2712 ἀσφαλείας
3129 2629 3285 2689 ἕνεκα
3340 2632 3403 2688 τὸ
3455 2630 3583 2687 αὐτὸ
3613 2630 3781 2686 εἷ’πεῖν

2140 2722 2240 2778 οὐκ
2271 2723 2549 2795 ὀκνητέον.
2609 2724 2687 2781 Τὸ
2732 2720 2889 2797 διψᾷν
2942 2725 3053 2796 (44)
3098 2724 3162 2778 τὸ
3217 2727 3437 2794 κοπιᾷν,
3495 2722 3557 2777 τὸ
3586 2724 3784 2794 κοιμᾶ-

2140 2824 2281 2885 σθαι,
2312 2816 2376 2869 τὸ
2406 2814 2742 2890 ῥαπίζεσθαι,
2762 2813 2825 2868 τὸ
2855 2811 3071 2884 ἐσθίειν,
3105 2812 3407 2887 ἀνθρώπων
3453 2810 3595 2867 ἐστὶν
3650 2808 3781 2864 ἴδια·

2134 2902 2201 2957 τὰ
2233 2900 2289 2958 δὲ
2312 2902 2439 2979 ἔργα
2469 2902 2501 2958 ἃ
2528 2902 2696 2958 ἐποίει
2727 2903 2755 2957 6
2788 2900 3002 2977 Κύριος,
3035 2900 3135 2956 οὐκ
3176 2899 3257 2956 ἔτι
3305 2901 3603 2975 ἀνθρώπων
3650 2901 3785 2970 (45),

2134 2990 2284 3047 ἀλλὰ
2330 2997 2463 3048 Θεοῦ
2512 2992 2578 3061 ἧν
2631 2990 2765 3047 αὐτὰ
2811 2996 3012 3049 ποιεῖν.
3058 2991 3224 3048 ’Όταν
3275 2988 3365 3044 οὖν
3407 3010 3592 3061 τινες,
3648 2986 3786 3052 καθᾶ

2134 3081 2397 3159 πρότερον
2429 3081 2602 3153 εἷπον,
2632 3086 2797 3136 ταῦτα
2833 3078 3128 3157 βλέποντες
3160 3080 3235 3142 ὡς
3266 3079 3539 3153 ἀνθρώπῳ
3593 3074 3778 3134 λοιδο-

2135 3176 2332 3249 ρῶνται
2360 3176 2442 3245 τῷ
2472 3171 2674 3247 Κυρίῳ,
2726 3170 3015 3232 ἐλάττονος
3065 3168 3124 3224 ἂν
3177 3170 3289 3243 (46)
3330 3168 3565 3239 ἀξιοῖντο
3609 3188 3787 3240 τιμω-

2142 3258 2262 3332 ρίας
2318 3258 2425 3312 τῶν
2479 3257 2547 3311 τὰ
2591 3261 2687 3312 τοῦ
2733 3261 2865 3317 Θεοῦ
2914 3251 3043 3333 ἔργα
3111 3256 3516 3334 μεταφερόντων
3568 3255 3643 3319 είς
3693 3256 3785 3311 τὸν

2141 3341 2425 3403 διάϐολον.
2458 3346 2526 3403 Ol
2553 3345 2655 3421 γὰρ
2685 3349 2948 3414 τοιοῦτοι,
2981 3345 3042 3400 οὐ
3075 3347 3188 3419 (47)
3224 3344 3389 3418 μόνον
3429 3346 3494 3400 τὰ
3524 3346 3646 3422 ἅγια
3670 3351 3788 3407 τοῖς

2139 3435 2260 3491 κυσὶ
2294 3434 2595 3513 ῥίπτουσιν,
2627 3432 2773 3489 ἀλλὰ
2802 3434 2891 3490 καὶ
2920 3436 3012 3491 τὸν
3065 3435 3190 3490 Θεὸν
3238 3438 3318 3507 τῷ
3363 3428 3610 3507 διαϐόλῳ
3658 3455 3788 3510 συγ-

2139 3525 2405 3602 κρίνουσι,
2436 3524 2617 3579 καὶτὸ
2666 3528 2782 3601 φῶς
2836 3522 3084 3599 λέγουσιν
3134 3524 3267 3578 εἶναι
3318 3524 3530 3585 σκότος.
3580 3522 3789 3594 Ταύτην

2139 3618 2267 3691 γοῦν
2296 3617 2408 3688 (48)
2431 3615 2563 3669 εἶναι
2590 3618 2699 3668 τῶν
2733 3613 3043 3687 Φαρισαῖων
3071 3614 3169 3682 τήν
3216 3612 3590 3688 ἀσύγγνωστον
3649 3611 3782 3688 βλα-

2141 3725 2246 3781 σφη
2260 3703 2383 3777 μίαν
2418 3702 2446 3757 6
2478 3702 2696 3777 Μάρκος
2722 3704 3135 3778 παρετηρήσατο
3170 3699 3366 3778 λέγων.
3404 3724 3432 3754 ‹‹
3478 3702 3576 3763 "Oc
3625 3698 3670 3756 δ’
3721 3698 3783 3757 ἂν

2145 3793 2522 3870 βλασφημήσῃ
2556 3790 2631 3853 εἰς
2686 3791 2748 3845 τὸ
2780 3795 2998 3865 Πνεῦμα
3048 3792 3110 3846 τὸ
3155 3793 3328 3867 ἅγιον,
3387 3790 3486 3845 οὐκ
3534 3787 3649 3867 ἔχει
3683 3789 3783 3871 ἅφ-

2142 3903 2275 3955 εσιν,
2308 3880 2429 3936 ἂλκ⁹
2462 3879 2655 3956 ἔνοχός
2687 3879 2828 3936 ἐστιν
2860 3879 3083 3936 αἰωνίου
3114 3879 3398 3957 ἁμαρτίας·
3442 3878 3524 3935 ὅτι
3574 3877 3787 3957 ἔλεγον,

2142 3976 2358 4044 Πνεῦμα
2386 3969 2683 4042 ἀκάθαρτον
2716 3966 2853 4045 ἔχει.
2885 3993 2915 4024 ι)
2949 3970 3048 4025 Καὶ
3097 3971 3126 4025 ὁ
3176 3970 3269 4044 μὲν
3319 3968 3371 4024 ἐν
3411 3972 3628 4044 γενετῆς
3678 3973 3790 4041 (49)

2142 4059 2345 4138 τυφλὸς
2395 4054 2701 4133 ἀναϐλέψας
2750 4058 3061 4135 ἐμαρτύρεν
3112 4083 3141 4112 ‹‹
3193 4060 3286 4114 Ἐκ
3330 4062 3428 4113 τοῦ
3458 4058 3660 4122 αἰῶνος
3692 4058 3789 4115 οὐκ

2143 4148 2407 4219 ἠκούσθη,
2448 4147 2535 4203 ἆτι
2581 4144 2759 4220 ἤνοιξέ
2797 4168 2880 4210 τις
2927 4145 3243 4224 ὀφθαλμοὺς
3290 4146 3502 4226 τυφλοῦ
3542 4164 3792 4224 γεγεννη-

2148 4238 2332 4312 μὲνου.
2365 4235 2427 4293 El
2459 4236 2534 4310 μὴ
2567 4237 2637 4308 ἦν
2670 4236 2828 4300 οὗτος
2858 4238 3005 4313 παρά
3030 4241 3186 4310 Θεοῦ,
3218 4235 3317 4292 οὐκ
3345 4233 3582 4308 ἠδύνατο
3612 4243 3787 4294 ποιεῖν

2143 4327 2317 4385 οὐδὲν·
2353 4352 2381 4381 ››
2442 4325 2494 4383 ο⁹ί
2538 4348 2597 4382 τε
2640 4324 2827 4404 ὄχλοι,
2875 4327 3233 4402 θαυμάζοντες
3286 4327 3374 4382 ἐπὶ
3425 4333 3546 4392 τοῖς
3576 4329 3791 4404 γινομέ-

2143 4440 2256 4481 νοις
2433 4416 2538 4472 ὐπὸ
2592 4421 2691 4472 τοῦ
2747 4417 2968 4493 Κυρίου,
3025 4413 3233 4493 ἔλεγον*
3296 4441 3325 4471 ››
3373 4421 3549 4473 Ταῦτα
3604 4420 3671 4473 τὰ
3697 4416 3791 4495 ῥή-

450 4513 891 4591 °'Al}iati:_h._x1u,
920 4516 1010 4572 54.
1052 4517 1133 4591 L53
1163 4515 1330 4591 .loan.
1381 4534 1503 4586 VIII,
1561 4519 1652 4574 57.
1728 4519 1774 4555 ⁶⁴
1801 4519 2006 4577 Matth.

2152 4519 2244 4576 25.
2320 4518 2366 4554 ⁸⁵
2410 4516 2616 4574 Matth.
2673 4516 2897 4587 xn,24.
2973 4517 3192 4575 “ibid.
3250 4519 3342 4577 31.
3416 4517 3784 4589 "Marem,

377 4585 469 4654 29,
496 4585 586 4640 30.
661 4585 706 4620 ⁸⁸
733 4584 901 4642 Joan.
933 4604 1010 4656 ιι,
1044 4588 1132 4661 32,
1165 4588 1254 4646 33.

452 4681 569 4755 (39)
599 4686 663 4738 lu
697 4682 776 4737 Re
819 4683 874 4740 io
904 4688 961 4740 et
990 4686 1061 4742 Se
1105 4725 1118 4742 .
1156 4687 1320 4743 deest
1348 4684 1437 4739 καί
1469 4688 1818 4745 secundum.
1852 4690 2032 4746 Pauli.
2062 4693 2111 4759 D

452 4758 514 4812 ust
542 4760 668 4813 Sea.
700 4700 864 4813 οοῖι.
894 4762 954 4813 et
983 4702 1239 4813 Fchkm.
1272 4759 1522 4813 primus.
1564 4756 1885 4813 ἀμφότεροι.
1916 4761 2030 4813 Alii

850 4798 864 4813 .
894 4771 954 4813 οι
983 4771 1113 4814 ινοιο

380 4758 514 4829 post
537 4760 668 4829 εδδ.
686 4755 841 4829 Δοοω

381 4824 440 4884 ὀὶ
466 4824 653 4902 Διθςιὶἲᾷ,
673 4824 976 4902 ἀμφότερα.

2211 4686 2579 4815 (45)Regius,
2614 4684 2713 4740 οὐκ
2742 4683 2819 4777 ξτι
2848 4684 3173 4779 ’ἀνθρώπους
3229 4689 3465 4773 Seguer:
3498 4687 3683 4772 .Gobl.
3725 4690 3789 4771 et

2211 4759 2391 4815 :ckm.
2424 4774 2670 4815 nnmus.
2703 4777 2803 4813 ουκ
2831 4754 2971 4814 ἐστιν
3004 4759 3316 4815 ἀνθοωπου.
3361 4760 3515 4815 Editi
3562 4765 3620 4815 et
3663 4758 3785 4815 alii.

1158 4774 1239 4814 ω.
1272 4759 1522 4831 primus,
1564 4756 1885 4836 ἀμφότεροι.
1916 4761 2030 4818 Alii

2148 4754 2391 4837 Felckm:
2424 4754 2670 4837 primus,
2703 4756 2805 4837 ούκ
2831 4754 2971 4837 ἔστιν
3004 4754 3340 4837 ἀνθρώπουῗ
3361 4758 3515 4837 Editi
3562 4758 3785 4837 et_alii,

2141 4830 2319 4908 οὐκέτι
2366 4829 2721 4908 ὀρθῷ-ἄνιππον.Δ
2750 4833 2910 4908 gon
2931 4831 3075 4899 hac,
3106 4829 3271 4908 ’.κατᾶ
3314 4829 3580 4908 πρότερον
3613 4830 3783 4902 εἶπον,

587 4897 692 4981 _Sio
718 4897 929 4981 omnes
961 4917 1101 4957 mss.
1136 4904 1345 4973 praeter
1374 4900 1630 4958 Felckm.
1670 4905 1724 4972 2,
1759 4903 1861 4975 qui
1891 4919 2027 4960 cum
2140 4902 2442 4981 desuntuin
2467 4897 2644 4981 'G_ohl._
2673 4904 2730 4981 et
2759 4902 3017 4981 F_elol_im.
3049 4897 3262 4981 primo.

383 4970 558 5044 editis
587 4970 766 5044 habet
790 4970 1117 5044 ἠρνήσαντο.

455 5043 568 5114 (41)
602 5042 903 5123 Ιξθείυεθι
931 5046 1081 5123 883.,
1110 5048 1213 5123 ⁴ξῖῆς
1248 5042 1715 5123 μὶν-ᾀνρρωπίνης
1779 5042 2028 5123 βλασφη-

379 5108 512 5235 ἔίας
543 5108 715 5169 male:
748 5114 931 5197 Paulo
959 5108 1088 5187 past
1117 5108 1261 5185 haec,
1314 5121 1413 5183 τῆς
1444 5108 1512 5200 δὲ.
1535 5108 1787 5188 μείζονος¹
1811 5113 1901 5171 διὰ
1924 5108 2025 5185 τήν

413 5182 612 5235 εόττιτα
642 5184 856 5235 desunt
896 5204 953 5235 1n
986 5186 1239 5235 Felckm-
1272 5187 1327 5235 2-
1362 5189 1552 5235 liditm
1601 5188 1903 5235 Cnman-
1938 5185 2025 5235 διὰ

2357 4974 2456 5059 Ἂν
2481 4973 2961 5059 ροεεῐ.ἱη“1ἱθείο
2990 4973 3207 5050 εἶδος.

2209 5044 2324 5114 (47)
2354 5044 2432 5102 Οὐ
2465 5047 2629 5117 deest
2657 5044 2729 5117 in
2748 5044 2944 5117 Regio.

2211 5118 2325 5190 (48(
2360 5116 2614 5193 G_ohl._st_
2640 5116 2895 5193 Eelchm'
2941 5118 3193 5193 primus,
3226 5117 3340 5174 οὖν.
3367 5121 3496 5193 Mox
3524 5123 3784 5193 Seguer.,

413 5182 612 5266 ἰότητα
642 5184 856 5240 desunt
896 5182 1328 5257 in_Felckm.'2,
1362 5182 1552 5243 Editio
1601 5182 1904 5245 Commel..
1938 5182 2027 5243 δίά

2148 5182 2506 5263 Φαρισσαίων.
2535 5188 2681 5266 Ibid.
2715 5189 2883 5266 Gobl.
2914 5182 2972 5247 et
3003 5182 3260 5266 Felckm.
3314 5191 3563 5266 primus,
3597 5182 3789 5266 νάσύγέ

375 5256 477 5318 τῆς
509 5254 786 5324 Θεότητος.

450 5326 563 5400 (42)
594 5327 716 5383 Ὅτι
751 5329 914 5385 deest
937 5329 996 5385 in
1022 5327 1186 5384 Gobl.
1234 5332 1291 5386 et
1346 5328 1598 5386 Felckm.

2134 5258 2374 5338 γνώσῖον
2405 5258 2806 5338 “sedeam?
2827 5258 3042 5338 βλρισφη
3054 5261 3213 5338 eis»;
3250 5258 3438 5338 Ρεῐιειο-
3467 5258 3619 5338 ,ρόει
3646 5258 3787 5338 παῤ-

1657 5330 1846 5408 ρᾼιθίηξο
1867 5349 1880 5399 ;
1921 5327 2022 5408 ,καί

2148 5327 2764 5408 ἐτηρήσᾳτοέεξο-οόίι.
2784 5327 3145 5408 Ράι-ἱε.Ἠοε.
3179 5334 3309 5408 Seg.
3338 5327 3505 5392 Gohl:
3536 5327 3783 5408 etAng'l-

379 5414 634 5480 sequens
661 5401 835 5480 deest
858 5400 951 5480 in__
976 5400 1208 5473 iisdem,
1269 5404 1326 5457 et
1381 5402 1602 5458 ibidem
1632 5400 1740 5456 τῶν
1772 5404 1935 5460 deest
1962 5405 2023 5460 in
2136 5409 2212 5459 At
2233 5400 2419 5480 LBasil.
2456 5404 2711 5480 Felckm.
2740 5404 2764 5460 4
2803 5410 2862 5462 et
2888 5408 2943 5480 27,
2975 5400 3353 5480 παρῇτήσαῖιο.
3396 5407 3585 5464 Editio
3614 5400 3785 5465 Com-

375 5469 585 5529 iisdem
619 5477 677 5528 et
704 5472 763 5528 in
799 5471 975 5530 Basil.

446 5545 807 5618 (43))Regius
837 5549 961 5618 Seg.
1023 5543 1210 5618 G_ohl._
1245 5547 1302 5601 et
1328 5616 1336 5618 ξ
1358 5544 1612 5602 Felckm.
1670 5545 1923 5618 primus.
1954 5544 2023 5618 Οἱ

377 5607 741 5686 δὲ”ίουδαῖόι,
773 5607 991 5673 οωὶεὶο
1023 5614 1089 5672 εἴ.
1119 5616 1276 5672 Infra
1323 5616 1383 5672 in
1437 5618 1649 5675 iisdem
1670 5607 1863 5674 ‘deest
1909 5614 2022 5670 τοι-

376 5703 490 5740 νυν.
523 5688 676 5742 Editi
704 5693 761 5743 et
789 5688 889 5743 alii
925 5693 989 5743 ut
1017 5687 1078 5744 in
1107 5691 1400 5745 contextu.

2132 5474 2298 5543 mel.,
2329 5476 2731 5548 παρετήρσατο,
2763 5474 3061 5535 ωοοᾶοεοζ

2202 5546 2520 5633 (49)AG6bl'.‘
2544 5546 2885 5633 etnFel‘ck‘m.
2907 5550 3170 5633 ‘primus,
3199 5553 3450 5633 yevmﬁg:
3487 5551 3644 5633 Infra
3664 5550 3782 5633 lle-

2129 5617 2446 5698 gius,'Se_g.
2479 5617 2747 5698 Ba_sil._et
2774 5617 3105 5698 Anglica_n_.,
3149 5617 3565 5698 γείίεννημένου.
3597 5623 3777 5698 _Editi,

2127 5688 2517 5770 Ῠςγενημένου.
2551 5690 2732 5751 Paulo
2761 5688 2897 5765 post
2923 5688 3098 5760 Gohl,
3139 5688 3198 5751 et
3225 5688 3473 5753 'Fellim.
3523 5688 3776 5770 primus,

444 5758 798 5836 (44)&R_egius
830 5762 886 5814 et
912 5762 1067 5836 S_eg.,
1092 5754 1277 5832 διψῆν,
1309 5757 1475 5816 Gobl.
1507 5764 1566 5816 et
1604 5758 1859 5816 Felckm.
1892 5759 2019 5832 pri-

2148 5754 2181 5813 Si
2300 5754 2489 5836 ὄχλοι.

377 5823 533 5900 mus,
562 5823 760 5903 διψέῖν,
791 5823 1091 5886 mendose.

2200 5834 2316 5912 (50)
2337 5833 2474 5909 ἐθε.
2503 5833 2670 5897 Gobl.
2714 5837 2773 5897 et
2808 5834 3071 5901 Felckm.
3133 5836 3387 5913 primus,
3440 5837 3779 5914 γενομὲνοις.
