4082 6336
282 437 404 497 665

1380 429 1762 491 EPISTOLA
1806 428 1889 486 IV
1935 425 2039 485 AD
2087 427 2615 488 SERAPlONEM.

3581 434 3700 494 666

289 587 432 642 ματα
462 565 561 621 ούκ
590 561 700 619 ἔστι
746 560 1222 636 δαιμονιζομένου·
1260 562 1335 635 μή
1379 558 1658 634 δαιμόνιον
1716 556 1932 614 δύναται

2062 559 2314 615 monium
2347 563 2536 631 potest
2566 577 2850 617 caacorum
2882 561 3084 618 oculos
3116 563 3340 635 aperire
3361 564 3405 598 ⁶⁹
3427 563 3454 619 ?
3485 585 3514 614 »
3549 564 3701 620 Pha-

283 654 510 731 τυιρλῶν
572 652 890 729 ὀφθαλμοὺς
945 651 1213 725 ἀνοίγειν,
1271 674 1298 702 ››
1359 651 1410 705 οἱ
1470 648 1527 704 δὲ
1582 647 1938 722 νομιζόμενοι

289 743 445 820 ἁδροὶ
477 748 574 798 τοῦ
620 742 809 816 νόμου.
845 742 897 794 οἱ
929 747 1241 816 Φαρισαῖοι,
1276 740 1326 794 οἳ
1365 739 1431 794 τὰ
1481 735 1754 816 κράσπεδα
1796 733 1936 790 πλα-

283 834 557 901 τύνοντες,
589 831 678 886 καὶ
719 831 1095 903 κομπάζοντες
1145 830 1220 891 ὡς
1259 828 1424 884 πλέον
1483 849 1533 882 τι
1592 832 1699 904 τῷν
1750 823 1934 880 ἄλλων

287 923 671 999 γινώσκοντες,
702 919 822 976 οὐδ’
856 919 1031 983 οὕτως
1080 919 1413 996 ᾐσχύνοντο·
1449 919 1584 974 κατὰ
1637 915 1693 972 δὲ
1740 918 1799 970 τὸ
1850 937 1937 990 γε·

287 1013 625 1088 γραμμὲνον,
660 1005 809 1066 ἔθυον
862 1012 913 1066 οἱ
965 1009 1192 1074 τάλανες
1247 1007 1516 1082 δαιμονίῳ
1568 1008 1657 1063 καὶ
1691 1006 1751 1061 ού
1801 1010 1938 1076 Θεῷ,

291 1100 548 1177 λέγοντες
594 1098 876 1174 δαιμόνιον
926 1097 1071 1175 ἔχειν
1126 1099 1217 1153 τὸν
1273 1098 1488 1172 Κύριον,
1518 1098 1607 1152 καὶ
1663 1093 1936 1167 δαιμόνων

311 1193 340 1214 τ
493 1191 505 1205 ο
615 1195 639 1204 η.
779 1194 805 1204 ~
863 1185 887 1208 si
1046 1194 1108 1212 ,ις
1411 1188 1426 1206 κ
1544 1191 1568 1200 ~
1690 1183 1714 1202 ﬁ
1745 1185 1756 1204 ν
1826 1181 1879 1201 ἐκ

288 1212 424 1246 ειναι
447 1212 517 1245 τα
546 1211 643 1245 του
675 1195 809 1244 Θεου
862 1209 1013 1263 εργα.
1071 1195 1326 1264 Επασχον
1380 1185 1436 1242 δε
1476 1208 1636 1242 τουτο
1687 1205 1737 1239 οι
1787 1183 1936 1238 ουοὲν

289 1276 498 1354 ἕτερον,
530 1278 566 1348 ἢ
594 1277 687 1332 τίνα
719 1276 881 1351 μόνον
914 1277 1254 1353 ἀρνήσωνται
1310 1277 1401 1331 τὸν
1460 1279 1626 1330 ταῦτα
1683 1277 1942 1329 ποιοῦντα

291 1370 422 1423 Θεὸν
486 1369 640 1436 εἶναι,
673 1367 762 1423 καὶ
793 1371 890 1421 τοῦ
921 1371 1054 1421 Θεοῦ
1084 1367 1232 1422 Υὶόν.
1264 1365 1326 1420 Εἰ
1359 1365 1458 1441 γὰρ
1499 1365 1559 1418 τὸ
1609 1362 1799 1418 ἐσθίειν
1851 1363 1937 1416 καὶ

289 1462 388 1512 τοῦ
445 1458 699 1531 σώματος
733 1457 766 1524 ἡ
800 1452 925 1529 ὄψις
983 1452 1240 1509 ἐδείκνυεν
1291 1453 1448 1509 αὐτὸν
1495 1453 1584 1508 καὶ
1635 1449 1944 1525 ἄνθρωπον,

294 1544 386 1601 διὰ
409 1546 463 1601 τί
499 1547 574 1619 μὴ
610 1546 669 1600 ἐκ
696 1545 804 1600 τῶν
833 1541 1002 1619 ἔργων
1036 1543 1296 1618 ἐθεώρουν
1353 1543 1512 1597 αὐτὸν
1572 1543 1702 1597 εἶναι
1764 1541 1813 1596 ἐν
1864 1544 1944 1612 τῷ

296 1634 492 1710 Πατρὶ,
522 1633 612 1689 καὶ
663 1634 755 1689 τὸν
808 1635 1018 1709 Πατέρα
1062 1632 1112 1687 ἐν
1164 1632 1310 1705 αύτῷ
1337 1653 1349 1702 ;
1381 1632 1538 1689 Ἀλλ’
1579 1631 1678 1686 οὐκ
1723 1627 1940 1700 ’ἤθελον-

299 1722 518 1796 μᾶλλον
550 1721 607 1778 δὲ
636 1723 785 1778 αὐτοὶ
818 1723 909 1778 τὸν
945 1716 1277 1791 Βεελζεϐοὺλ
1331 1721 1481 1797 εἶχον
1509 1720 1558 1775 ἐν
1590 1721 1802 1783 ἑαυτοῖς
1833 1720 1944 1792 (51)

294 1811 687 1891 φθεγγόμενον,
720 1814 794 1873 ὡς
843 1811 902 1866 ἐκ
951 1812 1046 1884 μὲν
1098 1816 1204 1867 τῶν
1253 1810 1606 1886 ἀνθρωπίνων
1659 1810 1941 1884 ἄνθρωπον

296 1901 460 1956 αὐτὸν
499 1902 662 1974 μόνον
696 1899 1005 1973 ὀνομάζειν·
1042 1899 1100 1954 ἐκ
1149 1897 1206 1954 δὲ
1249 1904 1355 1954 τῶν
1418 1894 1614 1974 ἔργων,
1649 1898 1682 1952 ἃ
1710 1898 1777 1967 ἦν
1832 1895 1947 1951 ἴδια
1975 1933 2023 1998 Β

295 1994 455 2058 Θεοῦ,
490 1991 685 2063 μηκέτι
715 1990 842 2045 Θεὸν
877 1988 1034 2044 αὐτὸν
1065 1987 1388 2063 ὁμολογεῖν,
1421 1986 1565 2043 ἀλλὰ
1603 1989 1693 2042 τὸν
1749 1985 1799 2041 ἐν
1850 1985 1942 2040 αύ-

293 2084 414 2140 τοῖς
448 2073 782 2147 Βεελζεϐοὺλ
814 2078 926 2132 ἀντ’
958 2076 1165 2132 ἑκείνου
1199 2082 1489 2146 θεοποιεῖν,
1517 2074 1609 2130 ’ίνα
1651 2075 1744 2129 σὺν
1801 2073 1948 2145 αύτῷ

299 2167 497 2222 λοιπὸν
529 2165 763 2229 αῗωνίως
794 2169 909 2240 (52)
940 2170 990 2220 ἐν
1020 2171 1100 2238 τῷ
1131 2165 1260 2238 πυρὶ
1291 2164 1652 2234 κολάζωνται.

373 2257 462 2312 19.
497 2261 594 2310 Και
626 2254 761 2325 αὐτὴ
792 2253 848 2309 δὲ
878 2258 912 2324 ἠ
943 2259 1042 2309 τοῦ
1094 2255 1516 2330 ἀναγνώσματος
1571 2255 1946 2329 παρατήρησις

297 2343 558 2415 τοιαύτην
603 2343 830 2420 ἕμφασίν
891 2365 1010 2399 τινα
1041 2345 1154 2418 (53)
1186 2343 1445 2420 παρέχειν
1506 2365 1599 2416 μοι
1659 2340 1826 2411 δοκεῖ,
1858 2342 1947 2396 καὶ

302 2431 562 2489 δεικνύειν
617 2432 691 2495 εἷς
745 2432 903 2488 αὐτὸν
960 2433 1177 2507 φθάνειν
1236 2431 1543 2506 ἀμφοτέρας
1571 2433 1666 2502 τὰς
1701 2429 1948 2509 βλασφη-

309 2522 454 2597 μίας,
485 2522 576 2577 καὶ
631 2522 756 2598 περὶ
815 2523 1005 2577 ἑαυτοῦ
1064 2521 1334 2596 εἷ’ρηκέναι
1381 2523 1465 2592 τὸ,
1499 2521 1681 2582 «Υἱὸς
1739 2520 1949 2597 ἀνθρώ-

303 2631 434 2685 που,
466 2635 495 2664 π
526 2610 616 2666 καὶ
647 2611 733 2680 τὸ,
765 2634 794 2662 ‹‹
825 2609 1066 2682 Πνεῦμα·
1103 2636 1130 2661 ››
1158 2609 1231 2663 ⁸ίν’
1263 2610 1322 2664 ἐκ
1348 2610 1544 2664 τούτου
1593 2609 1688 2682 μὲν
1737 2610 1798 2663 τὸ
1849 2630 1950 2662 σω-

305 2701 532 2774 ματικὸν
567 2701 758 2755 ἑαυτοῦ
786 2696 952 2774 δείξῃ,
987 2699 1046 2754 ἐκ
1077 2696 1133 2754 δὲ
1160 2703 1257 2754 τοῦ
1295 2697 1600 2773 πνεύματος
1645 2699 1744 2767 τὴν
1788 2719 1947 2752 πνευ-

306 2790 540 2862 ματικὴν
592 2789 784 2844 ὶαυτοῦ
843 2789 933 2843 καὶ
993 2790 1196 2859 νοητὴν
1262 2788 1352 2842 καὶ
1411 2787 1781 2858 ἀληθεστάτην
1833 2790 1945 2861 (54)

300 2877 536 2949 θεότητα
565 2875 818 2952 δηλώσῃ.
854 2877 955 2932 Καὶ
1003 2877 1104 2953 γὰρ
1147 2877 1209 2930 τὸ
1264 2878 1358 2950 μὶν
1411 2871 1597 2930 λαϐεῖν
1651 2875 1944 2949 δυνάμενον

298 2967 632 3045 συγγνώμην
694 2966 780 3021 ἐπὶ
831 2970 928 3021 τοῦ
977 2967 1106 3020 Υἱοῦ
1165 2969 1262 3020 τοῦ
1310 2966 1598 3040 ἀνθρώπου
1648 2965 1944 3035 συνέταξεν,

289 3053 386 3110 ’ἶνα
413 3057 477 3112 τὸ
509 3055 818 3130 σωματικὸν
853 3057 1042 3111 ὶαυτοῦ
1075 3055 1317 3130 σημάνῃ·
1349 3057 1448 3124 τὴν
1482 3053 1539 3110 δὲ
1569 3054 1942 3131 ἀσύγγνωστον

299 3143 652 3222 βλασφημίαν
704 3146 780 3208 εἰς
833 3145 894 3199 τὸ
944 3148 1161 3218 Πνεῦμα
1210 3144 1426 3223 φθάνειν
1469 3142 1799 3214 δεδήλωκεν·
1829 3142 1940 3212 ἵνα,

291 3236 430 3310 πρὸς
464 3231 874 3303 ἀντιδιαστολήν
902 3239 998 3289 τοῦ
1048 3239 1364 3307 σωματικοῦ
1400 3233 1562 3290 τοῦτο
1593 3237 1705 3308 (55)
1738 3234 1938 3310 λέγων,

2048 647 2197 703 risazi
2229 653 2425 705 autem
2454 651 2553 722 qui
2604 650 2751 722 legis
2803 650 3142 723 peritissimi
3186 655 3564 724 putabantur,
3599 655 3701 725 qui

2048 736 2312 794 ﬁmbrias
2343 738 2686 810 dilatabant,
2710 745 2768 796 et
2789 739 3214 812 gloriabantur,
3239 743 3405 812 quasi
3440 745 3573 814 plus
3597 743 3702 798 ali-

2048 827 2187 896 quid
2221 827 2442 883 caeteris
2492 829 2730 896 scirent,
2766 847 2836 884 ne
2885 830 2966 884 ita
3013 831 3247 901 quidem
3281 832 3553 897 erubure,
3598 832 3700 886 sed

2049 919 2114 968 ut
2153 916 2437 988 scriptum
2484 923 2592 984 est,
2644 917 3032 974 immolabant
3081 920 3279 974 miseri
3331 919 3616 976 daemonio
3647 925 3705 975 et

2049 1020 2165 1059 non
2198 1005 2313 1059 Deo
2337 1007 2399 1073 7°,
2432 1007 2690 1062 dicentes
2721 1007 3034 1064 Dominum
3072 1009 3288 1064 habere
3319 1009 3700 1080 daemonium,

2051 1096 2107 1147 et
2137 1092 2240 1148 Dei
2271 1111 2447 1166 opera
2487 1095 2813 1152 diemonum
2844 1114 2993 1152 esse.
3026 1099 3092 1152 Et
3137 1097 3246 1153 hoc
3296 1097 3458 1154 nulla
3488 1097 3603 1154 alia
3631 1099 3702 1154 de

2053 1196 2247 1252 causa,
2284 1200 2459 1254 quam
2489 1190 2550 1239 ut
2580 1191 2858 1258 negarent
2892 1188 3070 1242 Deum
3103 1203 3252 1254 esse,
3277 1191 3334 1242 et
3359 1189 3454 1243 Dei
3490 1188 3700 1243 Filium

2053 1272 2149 1341 qui
2185 1272 2300 1328 haec
2332 1279 2550 1345 ageret.
2583 1275 2639 1330 Si
2690 1275 2845 1330 enim
2878 1276 3158 1332 comestio
3206 1277 3547 1348 speciesque
3577 1294 3704 1333 cor-

2051 1360 2231 1432 poris,
2264 1378 2397 1418 eum
2430 1363 2606 1419 etiam
2648 1363 2944 1421 hominem
2977 1383 3104 1422 esse
3135 1366 3489 1432 declarabat,
3525 1383 3706 1438 quare

2052 1467 2166 1505 non
2199 1467 2268 1506 ex
2297 1453 2573 1523 operibus
2597 1454 3250 1526 perspiciebant,ipsum
3281 1455 3340 1509 in
3362 1459 3532 1511 Patre
3554 1471 3704 1526 esse,

2051 1543 2108 1594 et
2143 1540 2364 1596 Patrem
2401 1542 2456 1596 in
2489 1543 2614 1614 ipso
2636 1544 2663 1597 ?
2691 1544 2866 1614 Atqui
2902 1543 2958 1598 id
2992 1544 3269 1599 nolebant
3313 1543 3419 1615 illi,
3451 1545 3569 1600 imo
3599 1560 3709 1616 po-

2053 1629 2172 1684 tius
2193 1629 2390 1700 ipsum
2425 1630 2824 1687 Beelzebulem
2858 1632 3154 1688 habebant
3175 1633 3233 1688 in
3256 1650 3318 1689 se
3347 1632 3704 1704 loquentem,

2054 1723 2118 1774 ut
2142 1735 2210 1774 ex
2231 1719 2506 1776 humanis
2529 1736 2660 1776 eum
2681 1721 2979 1778 hominem
3004 1723 3288 1778 duntaxat
3309 1727 3614 1789 vocarent;
3640 1739 3710 1778 ex

2054 1809 2330 1879 operibus
2359 1817 2576 1880 autem,
2610 1827 2736 1882 quae
2761 1811 2859 1866 Dei
2886 1812 3121 1884 propria
3143 1816 3328 1879 erant,
3356 1828 3469 1868 non
3502 1812 3705 1868 itidem

2055 1897 2220 1953 illum
2253 1915 2380 1954 esse
2412 1898 2596 1955 Deum
2629 1901 3066 1971 conﬁterentur,
3099 1901 3200 1957 sed
3234 1917 3336 1972 pro
3386 1917 3451 1956 eo
3483 1901 3707 1956 Beelze-

2057 1985 2250 2042 bulem
2275 1989 2335 2042 in
2359 1987 2568 2059 seipsis
2598 1987 2961 2045 habitantem
2985 1990 3170 2044 Deum
3194 1990 3470 2058 facerent,
3495 1993 3709 2046 utcum

2057 2074 2154 2131 illo
2186 2077 2426 2140 tandem
2459 2082 2741 2133 aeternum
2773 2079 2906 2151 igne
2937 2079 3355 2135 cruciarentur.

2131 2255 2216 2308 19.
2278 2254 2428 2321 Quin
2486 2262 2539 2310 et
2597 2255 2726 2326 ipsa
2781 2255 3045 2312 lectionis
3104 2257 3430 2313 observatio
3481 2256 3713 2312 videtur

2059 2342 2206 2398 mihi
2235 2343 2410 2399 talem
2443 2346 2760 2415 quamdam
2790 2346 3140 2402 sententiam
3171 2346 3526 2412 exhibere,et
3555 2346 3710 2401 indi-

2059 2449 2188 2487 care
2214 2437 2526 2504 utramque
2556 2433 2984 2505 blasphemiam
3016 2437 3087 2491 ad
3134 2435 3331 2507 ipsum
3360 2435 3709 2507 pertingere,

2059 2524 2115 2575 et
2143 2521 2214 2576 de
2247 2522 2438 2593 seipso
2469 2521 2637 2577 illum
2672 2523 2911 2592 dixisse,
2957 2547 2986 2574 «
3031 2524 3212 2580 Filius
3259 2523 3537 2591 hominis,
3575 2547 3601 2573 ››
3634 2528 3708 2594 et,

2065 2632 2086 2659 ι
2120 2610 2409 2682 Spiritus:
2446 2633 2473 2660 »
2505 2616 2568 2666 ut
2599 2627 2668 2667 ex
2700 2611 2819 2680 illo,
2873 2630 2997 2683 quae
3028 2631 3242 2686 corpus
3272 2631 3448 2670 suum
3479 2618 3712 2684 specta-

2059 2703 2219 2767 rent;
2251 2716 2318 2755 ex
2350 2700 2560 2771 spiritu
2608 2717 2741 2756 vero
2772 2702 3140 2773 spiritualem
3187 2719 3357 2759 suam
3407 2707 3463 2758 et
3492 2701 3711 2756 intelli-

2058 2786 2296 2858 gibilem
2324 2788 2812 2860 verissimamque
2841 2791 3204 2846 divinitatem
3244 2790 3584 2846 declararet.
3620 2790 3709 2845 Si-

2057 2877 2293 2946 quidem
2325 2877 2405 2946 id,
2441 2878 2511 2932 de
2543 2895 2657 2949 quo
2681 2879 2851 2934 venia
2874 2881 3121 2935 obtineri
3151 2885 3361 2952 potest,
3395 2880 3467 2935 ad
3498 2879 3706 2935 Filium

2057 2964 2312 3020 hominis
2345 2965 2562 3038 retulit,
2595 2972 2660 3022 ut
2689 2985 2962 3040 corporea
2989 2986 3097 3024 sua
3119 2969 3479 3042 signiﬁcaret
3504 2987 3515 3024 :
3552 2967 3708 3024 blas-

2054 3055 2352 3126 phemiam
2409 3060 2606 3111 autem
2663 3074 2778 3113 non
2811 3059 3248 3125 remittendam,
3300 3059 3371 3114 ad
3426 3057 3709 3131 Spiritum

2055 3145 2386 3217 pertingere
2417 3144 2732 3201 declaravit
2758 3163 2770 3202 :
2808 3151 2890 3214 ut,
2927 3148 3065 3204 dum
3096 3148 3168 3203 ad
3199 3147 3589 3204 differentiam
3622 3147 3714 3204 sui

2052 3233 2310 3306 corporis
2358 3233 2480 3288 haec
2528 3234 2768 3306 diceret,
2823 3252 2990 3292 suam
3014 3237 3382 3293 divinitatem
3418 3253 3709 3292 common-

296 3325 398 3392 τήν
433 3324 624 3378 ἑαυτοῦ
656 3323 884 3395 θεότητα
915 3321 1078 3397 δείξῃ.
1109 3327 1306 3379 Τοῦτον
1359 3321 1416 3379 δὲ
1466 3325 1559 3379 τὸν
1620 3331 1943 3400 χαρακτῆρα

2062 3328 2288 3380 straret.
2348 3324 2502 3379 lianc
2557 3330 2752 3380 autem
2804 3324 3081 3397 loquendi
3128 3326 3378 3386 formam
3435 3327 3608 3380 etiam
3653 3325 3711 3378 in

297 3412 390 3468 καὶ
444 3412 494 3468 ἐν
543 3417 624 3486 τῷ
671 3413 808 3468 κατὰ
855 3414 1108 3483 Ἰωάννην
1162 3411 1476 3489 Εὐαγγελίῳ
1526 3413 1759 3488 ἑώρακα·
1808 3415 1947 3483 ὁπη-

295 3503 444 3571 νίκα,
474 3502 598 3576 περὶ
643 3509 741 3572 τῆς
775 3506 871 3556 τοῦ
919 3501 1173 3575 σώματος
1227 3503 1484 3578 βρώσεως
1534 3499 1944 3577 διαλεγόμενος,

294 3590 387 3644 καὶ
416 3587 506 3644 διὰ
532 3593 695 3644 τοῦτο
726 3587 973 3652 πολλοὺς
1007 3589 1259 3666 ἑωρακὼς
1288 3591 1414 3652 τοὺς
1444 3587 1948 3664 σκανδαλισθέντας,

296 3679 460 3756 φησὶν
521 3679 548 3734 ὁ
607 3679 828 3754 Κύριος·
876 3703 904 3731 ‹‹
963 3683 1132 3734 Τοῦτο
1195 3677 1768 3752 ὑμᾶςσκανδαλίζει;
1827 3680 1950 3736 Ἐὰν

298 3765 390 3822 οὗν
447 3774 688 3844 θεωρῆτε
741 3769 853 3842 (56)
905 3767 996 3823 τὸν
1057 3769 1180 3823 Υἱὸν
1237 3773 1333 3823 τοῦ
1392 3768 1676 3844 ἀνθρώπου
1729 3764 1948 3824 ἀναϐαί-

293 3877 476 3928 νοντα,
527 3856 664 3912 ὅπου
724 3858 790 3926 ἦν
849 3856 911 3912 τὸ
967 3856 1273 3934 πρότερον;
1321 3859 1391 3912 Τὸ
1446 3858 1666 3931 Πνεῦμά
1724 3858 1834 3914 ἐστι
1886 3859 1948 3914 τὸ

297 3950 626 4015 ζωοποιοῦν·
660 3949 696 4016 ἡ
749 3947 875 4021 σὰρξ
925 3945 1024 4002 οὐκ
1071 3946 1275 4026 ὠφελεῖ
1323 3945 1498 4005 οὐδέν.
1543 3949 1625 4004 Τὰ
1668 3947 1887 4025 ῥήματα
1916 3947 1950 4001 ἃ

295 4033 402 4111 ἐγὼ
436 4032 721 4103 λελάληκα
754 4035 904 4109 ὑμῖν,
937 4035 1149 4110 πνεῦμά
1179 4035 1288 4092 ἐστι
1338 4037 1425 4092 καὶ
1481 4039 1617 4108 ζωή.
1655 4061 1683 4089 ››
1715 4035 1814 4092 Καὶ
1865 4037 1947 4091 ἐν·

292 4126 462 4178 ταῦθα
506 4124 607 4200 γὰρ
660 4123 940 4202 ἀμφότερα
987 4126 1112 4201 περὶ
1161 4125 1354 4182 ἑαυτοῦ
1389 4123 1598 4203 εἷ’ρηκε,
1631 4125 1801 4203 σάρκα
1856 4126 1946 4182 καὶ

291 4217 507 4287 πνεῦμα
538 4216 672 4288 (57)·
705 4213 795 4269 καὶ
825 4214 888 4269 τὸ
917 4219 1130 4289 πνεῦμα
1186 4216 1324 4292 πρὸς
1353 4217 1417 4272 τὸ
1447 4219 1584 4271 κατὰ
1639 4218 1810 4293 σάρκα
1866 4215 1946 4272 δι-

294 4300 557 4376 ἑστειλεν,
584 4301 674 4358 ’ίνα
707 4305 782 4376 μή
838 4303 1001 4376 μόνον
1048 4302 1111 4359 τὰ
1157 4306 1504 4384 φαινόμενον,
1539 4303 1684 4361 ἀλλὰ
1735 4306 1826 4362 καὶ
1884 4307 1947 4361 τὸ

295 4392 525 4467 ἀόρατον
590 4391 755 4447 αὐτοῦ
815 4392 1194 4456 πιστεύσαντες
1257 4392 1522 4469 μάθωσιν,
1557 4393 1639 4450 ὅτι
1695 4394 1785 4450 καὶ

294 4479 329 4533 ἃ
359 4479 507 4556 λέγει
557 4480 660 4536 οὐκ
706 4477 815 4537 ἔστι
865 4483 1113 4558 σαρκικὰ,
1165 4481 1310 4540 ἀλλά
1357 4483 1716 4558 πνευματικά.
1751 4481 1948 4548 Πόσσις

295 4571 398 4645 γὰρ
429 4568 586 4646 ἤρκει
615 4571 678 4625 τὸ
711 4572 871 4645 σῶμα
899 4571 1038 4648 πρὸς
1075 4571 1411 4649 βρῶσιν,’ίνα
1458 4573 1548 4629 καὶ
1591 4578 1689 4630 τοῦ
1733 4573 1945 4648 κόσμου

2059 3412 2367 3485 Evangelio
2400 3413 2724 3470 secundum
2751 3415 3035 3471 Joannem
3068 3416 3450 3472 animadverti
3476 3432 3488 3470 :
3511 3415 3608 3470 ubi
3643 3415 3712 3469 de

2059 3502 2320 3575 corporis
2337 3519 2441 3558 esu
2465 3503 2784 3572 disserens,
2810 3521 2875 3559 ac
2897 3509 3199 3577 propterea
3221 3504 3439 3561 multos
3470 3505 3713 3560 scanda-

2059 3591 2261 3648 lizatos
2291 3591 2517 3663 videns,
2569 3593 2651 3648 ait
2680 3593 3002 3648 Dominus:
3038 3617 3067 3644 «
3100 3595 3216 3650 Hoc
3263 3611 3364 3650 vos
3415 3591 3712 3650 candali-

2056 3679 2189 3736 zat?
2218 3681 2274 3735 Si
2306 3697 2441 3753 ergo
2475 3680 2738 3738 videritis
2769 3683 2985 3738 Filium
3006 3683 3265 3740 hominis
3296 3684 3709 3740 ascendentem

2060 3769 2161 3824 ubi
2192 3774 2316 3826 erat
2344 3769 2508 3842 prius
2531 3770 2557 3824 ?
2578 3770 2826 3842 Spiritus
2863 3776 2954 3827 est
2980 3772 3076 3842 qui
3107 3773 3394 3828 viviﬁcat:
3429 3788 3562 3828 caro
3594 3787 3710 3826 non

2059 3859 2297 3932 prodest
2326 3858 2672 3930 quidquam.
2707 3859 2894 3915 Verba
2925 3877 3051 3932 quae
3073 3877 3178 3933 ego
3210 3859 3440 3916 locutus
3470 3877 3600 3914 sum
3623 3875 3716 3914 vo-

2058 3949 2170 4017 bis,
2205 3948 2450 4021 spiritus
2480 3954 2538 4005 et
2553 3949 2672 4005 vita
2703 3952 2922 4004 sunt“.
2956 3972 2985 4000 »
3009 3951 3156 4006 Nam
3177 3950 3268 4005 hic
3288 3951 3465 4006 etiam
3489 3954 3716 4004 utrum-

2058 4054 2172 4111 que
2199 4040 2268 4095 de
2299 4055 2361 4094 se
2393 4039 2558 4109 dixit,
2590 4055 2824 4096 carnem
2854 4044 2911 4095 et
2951 4040 3220 4112 spiritum
3249 4057 3260 4095 :
3296 4044 3352 4095 et
3381 4038 3654 4111 spiritum
3680 4055 3714 4092 δ.

2058 4145 2233 4185 carne
2263 4129 2548 4195 distinxit,
2597 4133 2663 4183 ut
2710 4145 2824 4184 non
2875 4129 3066 4185 solum
3107 4131 3262 4202 quod
3312 4131 3572 4200 apparet,
3607 4125 3710 4182 sed

2057 4218 2234 4274 etiam
2265 4219 2419 4290 quod
2450 4217 2744 4273 invisibile
2776 4218 2904 4290 ejus
2935 4223 3022 4274 est
3048 4219 3370 4285 credentes,
3396 4217 3710 4283 discerent,

2056 4325 2124 4365 ea
2146 4325 2271 4380 quae
2304 4309 2430 4379 ipse
2457 4306 2798 4378 loqueretur
2840 4325 2955 4364 non
2988 4325 3115 4364 esse
3145 4306 3422 4376 carnalia,
3455 4306 3556 4362 sed
3589 4306 3712 4378 spi-

2055 4396 2313 4452 ritualia.
2347 4395 2498 4453 568
2532 4397 2683 4462 Quot
2724 4396 2879 4451 enim
2931 4396 3272 4452 hominibus
3323 4411 3536 4468 corpus
3569 4395 3714 4451 satis

2057 4491 2214 4543 esset
2244 4487 2315 4541 ad
2349 4501 2538 4552 esum,
2569 4488 2634 4540 ut
2663 4483 2807 4540 illud
2832 4485 3010 4541 totius
3042 4486 3249 4542 mundi
3281 4486 3445 4542 fieret
3466 4484 3714 4540 alimen-

2055 4581 2181 4632 tum
2207 4575 2236 4629 ‘I
2255 4575 2368 4630 Sed
2393 4575 2521 4629 ideo
2545 4573 2818 4628 meminit
2838 4575 3202 4632 ascensionis
3225 4574 3353 4631 Filii
3372 4573 3631 4631 hominis
3653 4573 3711 4627 in

293 4660 495 4723 παντὸς
527 4663 688 4716 τοῦτο
719 4661 898 4737 τροφή
928 4663 1153 4738 γένηται
1178 4681 1191 4732 ;
1225 4660 1404 4720 Ἀλλὰ
1435 4660 1524 4719 διὰ
1549 4668 1712 4719 τοῦτο
1740 4670 1840 4734 τῆς
1875 4664 1944 4726 εἰς

2062 4664 2291 4735 coelum,
2323 4667 2390 4720 ut
2419 4681 2452 4720 a
2482 4662 2768 4736 corporali
2802 4664 3152 4737 cogitatione
3183 4665 3344 4738 ipsos
3375 4663 3712 4730 retraheret,

367 4822 414 4859 ⁶⁹
441 4822 610 4880 Joan.
643 4838 702 4894 x,
731 4822 826 4880 21.
900 4823 944 4859 ⁷⁸
977 4825 1144 4882 Deut.
1173 4842 1349 4896 xxxii,
1384 4826 1472 4882 17.
1546 4827 1590 4863 ⁷1
1622 4827 1790 4884 Joan.
1820 4843 1901 4897 v1,
1930 4825 2125 4884 62-64.

296 4985 449 5060 Ibid.
468 4984 699 5060 Regius
725 4987 794 5060 et
815 4984 1008 5053 Gobl.,
1041 4986 1190 5060 παρά
1217 4988 1316 5060 τοῦ
1337 4985 1565 5060 Κυρίου.

370 5058 483 5140 (ξύ)
512 5056 603 5140 sic
652 5056 887 5140 Εςείμε.
926 5056 1131 5140 (19βαῖ
1155 5056 1488 5140 “animi:
1512 5061 1673 5140 .Sesu
1717 5058 1948 5140 ἑαυτοῖς,

295 5126 528 5206 OmisSg
549 5126 809 5206 év._Edl_ti
839 5133 901 5206 et
921 5126 1048 5206 alii,
1085 5126 1136 5182 ἐν
1173 5126 1376 5206 αὐτοῖς.
1405 5132 1553 5206 ῌὶὶᾶζ
1589 5126 1828 5206 Regius,
1857 5126 1954 5206 βεέ

290 5217 460 5277 guer.
495 5199 698 5277 Basil,
732 5197 826 5260 ὥς.
854 5200 1362 5277 ,ξιξάἱῐίᾹει--οτεῑει-ἱ,
1397 5202 1488 5264 ὡς.
1529 5197 1948 5277 Ini'ra‘:__Regius

291 5267 348 5353 ξι
395 5267 812 5353 Seguerianus,
850 5267 967 5326 ἴδια
1014 5274 1168 5328 Θεοῦ.
1203 5267 1357 5330 Editi
1408 5279 1465 5332 et
1523 5275 1644 5344 alii,
1694 5267 1948 5330 ἴδιαντοῦ

292 5350 446 5400 Θεοῦ.

509 5415 712 5486 Basil.,
760 5412 996 5469 αἰωνίων
1042 5412 1191 5490 πυρί.
1222 5417 1552 5489 Anglican.,
1586 5416 1821 5482 αἷωνίως
1868 5423 1946 5492 τῷ

291 5487 453 5544 πυρί.

366 5507 483 5631 ῖὸιέ)
503 5561 578 5648 ⁹Ῑῐι
609 5557 776 5648 Gobl.
811 5562 870 5648 et
896 5557 1156 5648 Felckm.
1183 5559 1373 5648 primo
1403 5581 1523 5646 τινα
1555 5563 1738 5648 deest.
1763 5563 1944 5648 Iidem

294 5629 802 5708 φοξαμφοτὲρας
849 5629 1036 5708 ἑαυτὸν
1094 5629 1331 5708 φθανειν,
1368 5635 1600 5708 omisso
1655 5633 1751 5696 εἰς.
1815 5635 1947 5708 Mox

295 5700 600 5777 Regius_'et
619 5700 777 5777 Βοὲς,
808 5700 1154 5777 περὶ-αὐτοῦ.
1184 5700 1542 5777 lbid._iidem
1594 5722 1729 5762 cum
1777 5707 1942 5762 Gobl.

294 5779 353 5833 et
378 5772 634 5834 Felckm.
665 5772 972 5848 primone
1022 5773 1138 5837 υἱὸς
1183 5773 1496 5852 ἀνθρώπου,
1525 5783 1702 5837 recte.
1734 5779 1802 5836 In
1831 5777 1944 5838 Go-

2062 4988 2324 5047 bleriano
2348 4992 2406 5046 et
2434 4987 2685 5046 Felckm.
2722 4989 2934 5062 primo,
2966 4992 3061 5044 τοῦ
3092 4989 3307 5062 legitur
3337 4992 3470 5046 ante
3511 4987 3715 5062 ἀνθρώ-

2065 5082 2192 5117 που.

2159 5134 2249 5206 54)
2279 5131 2517 5206 Regius,
2537 5136 2678 5206 Seg.
2713 5136 2772 5188 et
2801 5133 3054 5206 Felckm.
3088 5133 3336 5206 primus,
3366 5129 3565 5204 ἀληθῆ.

2159 5136 2227 5188 54
2279 5136 2517 5204 Regius,
2548 5136 2678 5203 Seg.
2713 5136 2772 5188 et
2801 5136 3054 5189 Felckm.
3088 5136 3328 5206 primus,

2136 5136 2249 5276 (55)
2280 5205 2374 5260 Sic
2401 5204 2624 5276 ﬁegius
2655 5209 2712 5258 et
2741 5209 2871 5276 Seg.
2906 5205 3082 5272 Editi,
3113 5205 3328 5259 τούτου.

2137 5275 2250 5348 (56)
2279 5277 2370 5348 Sic
2398 5275 2612 5346 Regius
2638 5280 2696 5329 et
2729 5275 2857 5348 Seg.
2883 5292 2895 5340 ;
2925 5278 3095 5348 {lobL
3131 5282 3326 5334 autem
3371 5282 3425 5333 et
3457 5276 3711 5331 Felckm.

2110 5341 2316 5413 rimus,
2351 5341 2622 5419 Θεωρεῖτε.
2655 5351 2782 5401 Mox
2806 5341 3170 5402 ἂναϐαίνοντα
3227 5353 3388 5406 deest
3420 5349 3478 5403 in
3513 5348 3712 5419 Regio,

2105 5437 2192 5494 eg.
2230 5418 2392 5494 Gobl.
2425 5416 2482 5472 et
2517 5416 2769 5494 Felckm.
2803 5419 3013 5494 primo.

2138 5487 2250 5562 (57)
2289 5491 2490 5563 Iidem,
2525 5487 2650 5562 σὰρξ
2681 5487 2767 5542 καὶ
2799 5487 3029 5563 πνεῦμα.

2143 5559 2256 5642 (5.8)
2288 5561 2501 5642 Regius
2531 5559 2768 5642 et‘Segq
2805 5559 3085 5642 μάθωμεν.
3121 5563 3244 5642 Ibid
3301 5562 3389 5616 καί
3414 5563 3602 5642 Δἀθεεὶ
3636 5559 3710 5642 in

2065 5632 2241 5691 Gobl.
2264 5639 2322 5690 et
2345 5632 2600 5688 Felckm.
2629 5632 2840 5702 primo.
2873 5632 2994 5690 Hoc
3023 5635 3148 5692 loco
3181 5636 3506 5690 abutuntur
3553 5634 3708 5689 hete-

2069 5707 2288 5776 rodoxi,
2323 5704 2424 5777 qui
2453 5719 2528 5759 ex
2572 5703 3112 5779 Athanasiiverbis
3164 5708 3371 5764 conﬁci
3422 5709 3708 5779 pugnant,

2057 5775 2279 5854 corpus
2307 5775 2365 5838 et
2399 5775 2748 5850 sanguinem
2779 5777 3145 5853 Christi,non
3175 5779 3387 5854 reipsa,
3410 5775 3714 5850 sed—spiri-
