4082 6368
375 475 492 536 6'15

824 471 828 476 ’
913 473 980 534 S.
1023 471 1451 534 ATHANASlI
1494 469 1668 534 OPP.
1715 469 1921 532 PARS
1963 467 2014 530 Ι.
2045 498 2125 516 -
2150 467 2567 533 HISTORICA
2607 469 2710 533 ET
2751 467 3232 534 DOGMATICA.

3659 473 3781 536 6'16

443 608 536 663 23.
568 607 933 678 Quapropter
962 610 1083 661 tam
1106 603 1224 661 illis
1246 619 1422 676 quam
1455 603 1608 674 istis,
1640 603 1863 660 nullam
1899 601 2001 659 fori

2203 603 2294 659 23.
2353 601 2451 657 Διὰ
2504 605 2664 658 τοῦτο
2713 601 2818 678 γὰρ
2891 600 3164 666 κάκείνοις
3235 601 3328 658 καὶ
3404 603 3622 667 τούτοις
3667 606 3784 681 (94)

374 693 644 767 supplicii
677 691 813 750 huic
844 691 1062 765 ﬂagitio
1083 691 1263 747 debiti
1292 691 2018 762 remissionem,Dominus

371 783 710 852 declaravit,
741 780 835 837 his
864 780 1083 836 verbis:
1122 801 1144 830 ι
1187 779 1294 844 Qui
1325 797 1458 836 vero
1489 781 1702 837 dixerit
1737 781 2018 837 adversus

375 871 658 944 Spiritum
689 875 1107 938 sanctum,non
1143 869 1476 925 remittetur
1503 869 1556 926 ei
1587 885 1776 943 neque
1815 871 1874 925 in
1909 869 2017 926 hoc

371 958 607 1028 saeculo,
639 973 828 1029 neque
845 957 904 1012 in
937 959 1134 1014 futuro
1164 958 1344 1013 ‘5.»Et
1373 959 1580 1015 merito
1612 959 1882 1031 quidem;
1915 960 2015 1038 qui

371 1048 529 1104 enim
561 1051 736 1120 negat
768 1045 1000 1114 Filium,
1025 1062 1202 1118 quem
1235 1063 1449 1120 rogans
1478 1049 1772 1105 abstinere
1803 1049 2017 1121 poterit

369 1135 981 1209 propitiationem?aut
1009 1151 1141 1208 quae
1169 1137 1310 1202 vita,
1343 1137 1432 1193 vel
1465 1137 1697 1209 requies
1727 1137 1780 1194 ei
1810 1153 2013 1211 exspe-

369 1227 604 1296 ctanda,
654 1225 750 1296 qui
791 1224 1009 1296 repulit
1047 1242 1180 1280 eum
1210 1226 1308 1298 qui
1335 1227 1496 1282 dicit:
1530 1249 1558 1276 «
1593 1227 1706 1298 Ego
1755 1243 1888 1282 sum
1929 1228 2014 1282 vi-

365 1319 428 1370 ta
453 1314 520 1382 ⁸⁵,
553 1336 582 1364 »
611 1319 704 1370 et:
739 1337 768 1365 «
798 1313 1003 1370 Venite
1032 1315 1104 1370 ad
1138 1331 1252 1383 me,
1284 1331 1488 1371 omnes
1516 1314 1616 1387 qui
1643 1315 1918 1372 laboratis
1957 1324 2015 1372 et

365 1405 621 1460 oneratis
651 1405 814 1472 estis,
855 1409 912 1458 et
931 1419 1037 1475 ego
1068 1404 1324 1459 reficiam
1355 1421 1458 1459 vos
1477 1405 1520 1440 ⁸⁷
1541 1405 1570 1459 ‘I
1598 1425 1626 1453 »
1658 1409 1800 1460 Cum
1831 1405 2014 1477 igitur

362 1494 494 1550 istis
517 1501 626 1550 hoc
657 1493 832 1548 modo
869 1509 1070 1564 pmnas
1103 1492 1674 1565 luant:perspicuum
1713 1495 1885 1549 fuerit
1911 1511 2010 1550 eos

363 1583 463 1655 qui
497 1582 577 1654 pii
610 1586 750 1638 sunt
777 1598 916 1654 erga
941 1581 1322 1648 Christum,et
1353 1581 1453 1653 qui
1484 1585 1605 1638 tam
1681 1585 2007 1639 secundum

361 1689 620 1738 carnem,
655 1687 832 1744 quam
866 1671 1190 1728 secundum
1243 1671 1516 1742 spiritum
1547 1687 1681 1726 eum
1736 1672 2004 1738 adorant,

360 1778 467 1817 nec
495 1777 630 1817 eum
661 1761 873 1816 Filium
903 1761 1002 1816 Dei
1034 1760 1308 1832 ignorant
1337 1776 1486 1826 esse,
1521 1776 1625 1816 nec
1657 1760 1870 1816 Filium
1903 1761 2004 1817 ho-

359 1849 537 1906 minis
563 1851 781 1906 factum
805 1865 934 1906 esse
966 1853 1180 1921 negant
1211 1873 1224 1915 ;
1285 1865 1482 1904 verum
1517 1851 1696 1905 etiam
1757 1852 2006 1906 credunt

2129 688 2505 765 ἀσύγγνωστον
2560 687 2768 746 ἔσεσθαι
2824 691 2925 760 τὴν
2993 689 3082 746 ἐπὶ
3129 695 3247 753 τοῖς
3290 691 3563 755 τοιούτοις
3609 712 3784 768 τιμω-

2128 777 2244 854 ρίαν
2293 779 2323 834 ὁ
2367 779 2564 853 Κύριος
2609 778 2920 858 ἀπεφήνατο
2972 778 3144 856 λέγων
3179 799 3194 813 ·
3251 802 3279 836 ι
3323 782 3426 844 "Oc
3474 778 3522 836 δ’
3552 779 3613 836 ἂν
3646 779 3776 858 εἷ’πῃ

2125 869 2260 922 κατᾶ
2312 873 2410 923 τοῦ
2476 868 2787 930 Πνεύπασος
2860 871 2956 924 τοῦ
3027 869 3206 945 ἁγίου,
3285 868 3384 924 οὐκ
3459 870 3783 948 ἀφεθήσεται

2123 955 2272 1029 αὐτῷ
2303 953 2425 1012 οὔτε
2456 955 2510 1012 ἐν
2531 961 2612 1031 τῷ
2657 957 2814 1013 αἰῶνι
3018 957 3216 1031 τούτῳ,
3268 955 3392 1014 οὔτε
3447 957 3500 1014 ἐν
3531 964 3611 1032 τῷ
3644 959 3780 1034 μὲλο

2123 1043 2294 1102 λοντι.
2325 1071 2353 1099 ››
2385 1046 2483 1101 Καὶ
2512 1045 2738 1108 εἰκότως.
2763 1067 2826 1121 γε
2859 1065 2873 1080 ⁸
2916 1046 2946 1101 ὁ
2996 1046 3097 1122 γὰρ
3149 1045 3480 1123 ἀρνούμενος
3506 1047 3596 1104 τὸν
3629 1049 3775 1118 Υῖὸν,

2119 1135 2242 1189 τίνα
2287 1135 2644 1212 παρακαλῶν,
2695 1133 2929 1208 ἱλασμὸν
2985 1133 3272 1206 δυνήσεται
3322 1133 3466 1213 ἔχειν
3500 1138 3577 1206 ;ἣ
3605 1137 3764 1193 ποίαν

2124 1227 2291 1296 ζωὴν,
2337 1225 2373 1295 ἢ
2430 1225 2723 1280 ἀναπαυσιν
2774 1222 3158 1301 προσδοκήσει,
3202 1225 3230 1280 ὁ
3268 1225 3626 1300 ἀπωσάμενος
3677 1227 3770 1283 τὸν

2121 1311 2367 1388 λέγοντα·
2405 1337 2434 1365 ιι
2482 1315 2620 1387 Ἐγώ
2661 1312 2775 1387 εἶμι
2821 1316 2857 1382 ἡ
2911 1314 3024 1384 ζωή
3061 1331 3074 1380 ;
3109 1336 3138 1365 ››
3187 1314 3299 1387 καὶ,
3345 1337 3374 1366 ‹‹
3426 1319 3588 1370 Δεῦτε
3638 1316 3776 1392 πρὸς
3824 1388 3841 1399 ι

2124 1402 2211 1474 με,
2269 1401 2464 1464 πάντες
2522 1403 2574 1456 οἱ
2630 1406 2930 1464 κοπιῶντες
2988 1401 3079 1457 καὶ
3125 1405 3572 1480 πεφορτισμένοι,
3621 1405 3772 1480 κάγὼ

2117 1490 2408 1546 ἀναπαύσω
2465 1491 2643 1564 ὑμᾶς;
2676 1514 2705 1542 ››
2779 1489 2996 1546 Τούτων
3057 1487 3116 1546 δὲ
3163 1487 3308 1546 οὕτω
3367 1489 3631 1548 διδόντων
3691 1490 3770 1548 δί-

2115 1599 2234 1646 κας,
2269 1577 2440 1648 δῆλον
2473 1577 2532 1634 ἄν
2583 1577 2693 1650 εἷή,
2749 1580 2823 1641 ὡς
2875 1580 2928 1633 οἱ
2983 1573 3328 1642 εὐσεϐοῦντες
3380 1583 3490 1654 (96)
3545 1580 3621 1643 εἷς
3674 1582 3766 1636 τὸν

2115 1669 2369 1744 Χριστὸν,
2429 1670 2521 1724 καὶ
2571 1669 2633 1724 τὸ
2681 1668 2816 1722 κατὰ
2870 1667 3040 1744 σαρκὰ
3090 1667 3182 1722 καὶ
3237 1668 3300 1723 τὸ
3358 1671 3495 1724 κατᾶ
3550 1674 3768 1744 Πνεῦμα

2112 1762 2536 1834 προσκυνοῦντες
2591 1756 2776 1826 αὐτοῦ,
2841 1756 2931 1812 καὶ
3013 1757 3154 1829 μήτε
3227 1757 3350 1812 Υἱὸν
3423 1762 3556 1814 Θεοῦ
3607 1759 3767 1815 αὐτὸν

2114 1845 2459 1921 ἀγνοοῦντες,
2512 1847 2649 1918 μήτε
2702 1844 2784 1900 ὅτι
2836 1843 2925 1899 καὶ
2982 1845 3106 1907 Υἱὸς
3160 1847 3267 1919 (97)
3303 1845 3585 1922 ἀνθρώπον
3615 1846 3766 1923 γέγο-

355 1937 520 2005 illud,
552 1959 580 1986 ‹‹
616 1939 675 1992 In
705 1937 990 2010 principio
1037 1942 1162 1992 erat
1204 1937 1478 1992 Verbum.
1516 1961 1538 1989 ι
1587 1943 1643 1994 et
1679 1959 1706 1991 ιι
1747 1938 1999 1995 Verbum

2116 1955 2195 1989 νεν
2253 1932 2624 2006 ἀρνούμενοι·
2683 1931 2830 1988 ἀλλά
2883 1931 2973 1988 κάὶ
3037 1931 3401 2006 πιστεύοντες,
3454 1934 3540 1990 ὅτι
3586 1959 3614 1988 ι(
3674 1937 3760 1993 Ἐν

353 2043 487 2082 caro
517 2028 735 2082 factum
769 2031 861 2081 est
883 2025 948 2091 ⁸⁸,
987 2047 1014 2074 ν)
1043 2030 1388 2096 regnaturae
1417 2030 1698 2080 aeternum
1731 2027 1791 2082 in
1844 2027 2001 2083 caelis

2116 2023 2260 2098 ἀρχῆ
2288 2023 2354 2091 ἧν
2380 2023 2408 2077 ὁ
2449 2023 2649 2096 Λόγος,
2680 2046 2708 2074 ιι
2757 2021 2871 2094 καὶ,
2929 2022 3006 2076 «ὁ
3040 2020 3213 2096 Δόγνς
3259 2022 3388 2099 σὰρξ
3437 2021 3646 2100 ἐγένετο
3682 2067 3696 2093 ,
3733 2049 3755 2080 ι

353 2115 836 2182 esse,secundum
857 2119 1094 2170 sanctas
1121 2114 1310 2187 ipsius
1331 2113 1562 2169 Domini
1595 2121 1653 2171 et
1683 2115 2002 2173 Salvatoris

353 2203 538 2260 nostri
561 2205 698 2260 Jesu
733 2202 947 2259 Christi
982 2202 1562 2275 pollicitationes,qui
1606 2205 1730 2259 ait:
1764 2226 1792 2254 «
1831 2205 2003 2260 Ibunt

354 2292 590 2364 quidem
625 2291 709 2346 illi
737 2291 794 2346 in
819 2290 1176 2364 supplicium
1209 2297 1512 2358 aeternum;
1539 2292 1683 2361 justi
1715 2297 1910 2348 autem
1941 2294 1998 2349 in

354 2381 532 2436 vitam
560 2385 836 2436 aeternam
867 2381 931 2433 ³³.
959 2402 987 2428 ››
1018 2384 1149 2434 Hec
1177 2380 1377 2451 paucis
1402 2379 1510 2434 tibi
1536 2397 1604 2436 ex
1634 2380 1705 2437 iis
1751 2399 1877 2454 quae
1912 2383 1998 2438 di-

354 2469 634 2533 diceram,
668 2469 898 2540 scripsi.
929 2470 1017 2524 Tu
1047 2485 1179 2523 vero
1212 2486 1326 2524 non
1361 2474 1422 2524 ut
1447 2469 1760 2540 perfectam
1783 2472 1998 2527 doctri-

353 2575 511 2624 nam,
545 2559 645 2614 sed
678 2561 908 2613 tantum
940 2563 1006 2612 ut
1046 2557 1410 2613 occasionem
1446 2575 1478 2612 a
1510 2573 1602 2613 me
1642 2559 1749 2614 tibi
1799 2561 1996 2616 datam

352 2645 568 2719 accipe.
594 2645 794 2702 Restat
813 2646 920 2702 tibi
952 2647 1054 2701 571
1102 2651 1164 2700 ut
1193 2647 1613 2702 accuratiorem
1641 2650 1994 2706 sententiam

349 2751 419 2792 ex
443 2734 774 2807 evangelico
800 2735 954 2790 dicto
983 2738 1042 2790 et
1070 2751 1137 2790 ex
1171 2734 1416 2807 psalmis
1463 2737 1802 2808 decerpens,
1848 2737 1994 2794 veri-

351 2825 490 2879 tatis
520 2823 856 2896 manipulos
887 2823 1092 2896 alliges
1118 2841 1130 2878 :
1168 2828 1231 2878 ut
1255 2823 1357 2878 tibi
1392 2841 1626 2896 quoque
1655 2825 1756 2880 illa
1789 2829 1992 2883 ferenti

351 2914 584 2970 dicatur
605 2931 661 2968 :«
683 2913 996 2969 Venientes
1027 2918 1221 2968 autem
1248 2913 1625 2970 venientcum
1652 2915 1990 2973 exsultatio-

352 3019 442 3069 ne,
478 3008 778 3076 portantes
804 3003 1139 3076 manipulos
1172 3019 1311 3058 suos
1343 3004 1408 3070 9°,
1445 3026 1472 3053 n
1500 3005 1558 3059 in
1590 3005 1821 3062 Christo
1850 3009 1990 3063 Jesu

350 3093 594 3148 Domino
613 3098 834 3159 nostro,
890 3109 992 3165 per
1014 3108 1185 3165 quem
1227 3097 1282 3147 et
1308 3109 1442 3147 cum
1464 3109 1577 3162 quo
1608 3093 1850 3161 Patri,et
1877 3113 1993 3153 una

347 3181 588 3253 Spiritui
616 3186 816 3236 sancto
847 3181 1035 3254 gloria
1064 3185 1120 3237 et
1143 3181 1456 3253 imperium
1507 3181 1568 3237 in
1613 3184 1826 3240 saecula
1881 3203 1992 3242 εω-

354 3268 644 3324 culorum.
673 3270 876 3325 Amen.
1584 3275 1591 3288 '

2117 2109 2531 2187 βασιλεύσουσιν
2581 2109 2815 2173 αἰωνίως
2867 2109 2918 2166 ἐν
2981 2115 3099 2172 τοῖς
3163 2109 3414 2186 οὐρανοῖς
3475 2111 3614 2168 κατᾶ
3667 2113 3761 2176 τὰς

2115 2200 2274 2275 ἁγίας
2330 2197 2664 2276 ἐπαγγελίας
2722 2199 2886 2254 αὐτοῦ
2937 2204 3035 2254 τοῦ
3087 2199 3283 2274 Κυρίου
3345 2201 3436 2256 καὶ
3500 2208 3760 2277 Σωτῆρος

2111 2291 2270 2362 ἡμῶν
2301 2291 2482 2360 Ἰησοῦ
2537 2291 2772 2362 Χριστοῦ
2824 2290 2937 2362 (98)
2986 2287 3240 2364 λὲγοντος
3272 2307 3284 2318 ·
3337 2314 3366 2342 ‹‹
3409 2290 3762 2348 ’Δπελεύσον-

2107 2399 2196 2434 ται
2233 2378 2326 2452 μὲν
2359 2377 2554 2433 ἐκεῖνοι
2586 2377 2661 2439 εἰς
2691 2376 2915 2432 κόλασιν
2961 2374 3204 2444 αἲώνιον,
3247 2378 3300 2432 οἱ
3339 2375 3396 2432 δὶ
3443 2375 3654 2434 δίκατοι
3684 2380 3761 2443 εἷς

2113 2469 2258 2536 ζωὴν
2289 2465 2534 2523 αἰώνιον.
2564 2489 2591 2518 n
2622 2470 2798 2520 Ταῦτα
2849 2487 2933 2520 σοι
2977 2466 3282 2538 συντόμως,
3326 2463 3377 2536 ἐξ
3417 2467 3490 2520 ὧν
3528 2461 3756 2540 ἔμαθον,

2110 2549 2334 2631 ἔγραψα.
2370 2553 2445 2609 Σὺ
2477 2551 2536 2609 δὲ
2569 2555 2643 2628 μή
2679 2554 2752 2616 ὡς
2801 2551 3015 2608 τελείαν
3068 2550 3440 2623 διδασκαλίαν,
3487 2553 3633 2611 ἀλλὰ
3661 2555 3749 2628 μό-

2107 2665 2204 2715 νην
2237 2643 2493 2722 ἆφορμήν
2522 2647 2691 2699 ταῦτα
2738 2644 2865 2719 παρ’
2915 2641 3051 2716 ἐμοῦ
3101 2637 3349 2717 λάμϐανε
3399 2664 3412 2678 ο
3439 2643 3530 2698 καὶ
3560 2641 3756 2700 λοιπὸν

2109 2738 2288 2806 σαυτῷ
2339 2734 2441 2802 τήν
2500 2727 2880 2810 ἀκριϐεστέραν
2942 2733 3054 2806 (99)
3132 2729 3372 2788 διάνοιαν
3432 2729 3492 2789 ἔκ
3547 2755 3607 2790 τε
3660 2738 3758 2790 τοῦ

2107 2821 2466 2898 εύαγγελικοῦ
2505 2821 2676 2898 ῥητοῦ
2729 2821 2819 2876 καὶ
2873 2825 2978 2876 τῶν
3037 2819 3287 2894 Ψαλμῶν
3335 2817 3758 2898 ἀναλαμϐάνων,

2108 2909 2332 2986 δέσμευε
2386 2912 2454 2968 τὰ
2509 2919 2609 2981 τῆς
2663 2909 2924 2982 ἀληθείας
2984 2907 3271 2986 δραγματα
3301 2931 3315 2945 ·
3370 2909 3460 2966 ἵνα
3499 2911 3614 2981 καὶ,
3661 2917 3757 2968 σοῦ

2102 3005 2272 3056 ταῦτα
2324 3002 2599 3080 φέροντος,
2652 2998 2874 3056 ε’ίπωσιν
2922 3001 2975 3055 οἱ
3024 2998 3275 3074 λέγοντες
3309 3019 3322 3031 ·
3358 3025 3387 3053 ι(
3421 3001 3752 3077 Ἐρχόμενοι

2105 3089 2162 3146 δὶ
2205 3089 2427 3163 ἥξουσιν
2461 3091 2512 3147 ἐν
2557 3089 2898 3167 ἀγαλλιάσει,
2952 3089 3198 3166 αἴροντες
3245 3089 3313 3145 τὰ
3353 3087 3636 3168 δράγματα
3661 3092 3759 3146 αὐο

2101 3190 2233 3254 τῶν,
2268 3209 2293 3237 »ν
2341 3182 2394 3238 ἐν
2448 3185 2666 3258 Χριστῷ
2719 3183 2900 3252 Ἰησοῦ
2951 3186 3030 3253 τῷ
3079 3179 3259 3256 Κυρίῳ
3320 3183 3505 3253 ἡμῶν,
3568 3179 3638 3236 δι’
3696 3183 3758 3237 οὗ

2018 3260 2064 3330 C
2100 3275 2350 3348 καὶ
2410 3274 2530 3346 μεθ’
2581 3271 2643 3326 οὗ
2695 3275 2776 3344 τῷ
2825 3269 2994 3346 ΙΙατρὶ
3044 3268 3159 3343 ἃμα
3181 3273 3261 3342 τῷ
3301 3269 3444 3345 ἁγίῳ
3483 3270 3759 3345 Πνεύματι

346 3359 380 3426 ὴ
417 3353 545 3427 δόξα
573 3357 661 3410 καὶ
690 3355 753 3411 τὸ
784 3355 1002 3432 κράτος,
1036 3355 1114 3421 εἰς
1139 3355 1267 3420 τοὺς
1298 3357 1498 3419 αἷῶνας
1527 3359 1636 3413 τῶν
1665 3358 1899 3419 αἰώνων.
1934 3364 2130 3439 Ἀμήν.

411 3540 456 3575 ⁸⁸
533 3539 753 3612 Matth.
814 3557 916 3608 κη,
977 3542 1066 3596 32.
1141 3540 1186 3575 ⁸⁸
1259 3541 1428 3597 Joan.
1487 3559 1603 3610 xxv,
1661 3544 1716 3599 6.
1791 3543 1836 3579 ⁸⁷
1908 3548 2000 3600 Ma

2173 3561 2252 3612 χι,
2303 3545 2394 3599 28.
2449 3543 2493 3578 ⁸⁸
2565 3543 2734 3608 loan,
2814 3557 2856 3607 ι,
2933 3541 2986 3606 1,
3065 3539 3152 3595 14.
3228 3539 3274 3576 ⁸³

344 3612 434 3666 46.
512 3612 557 3647 ⁹⁰
629 3611 785 3670 Psal.
857 3629 1024 3681 cxxv,
1097 3614 1151 3668 6.

412 3795 518 3867 (94)
551 3794 805 3868 G_obl._et
852 3794 1106 3862 Felckm,
1154 3796 1402 3868 primus,
1451 3798 1750 3868 mendose,
1808 3795 1988 3852 κᾶκιίο

336 3885 481 3932 νους,
504 3864 606 3920 ’καὶ
633 3864 880 3929 τούτους.

411 3939 521 4010 (95)
555 3937 721 3995 Gobl.
765 3946 822 3996 et
869 3940 1122 3995 Felckm.
1175 3939 1424 4010 primus,
1478 3937 1528 3994 ἐν
1579 3941 1658 4010 τῷ
1688 3941 1778 4010 νῦν
1811 3937 1987 3995 αἰῶνι.

335 4009 466 4084 Mox
496 4009 630 4078 Reg.
664 4015 793 4083 Seg.
821 4010 988 4084 Gobl.
1010 4017 1080 4084 (et
1108 4009 1384 4084 AFelckm.
1421 4011 1665 4084 primus,
1699 4009 1728 4063 ὁ
1756 4011 1859 4084 γὰρ
1891 4012 1991 4084 ἀρ-

333 4079 616 4155 νούμενος.
651 4087 714 4155 In
743 4079 1058 4155 vaditiejcip
1090 4082 1275 4155 deest.

406 4146 518 4224 (96)
549 4153 772 4226 Anglic.
807 4146 980 4208 Gobl:
1005 4146 1063 4207 et
1097 4152 1350 4209 Felckm.
1378 4153 1629 4223 primus,
1653 4150 1706 4206 οἷ’
1735 4146 1990 4226 ἀσεϐοὖνς-

329 4223 668 4311 τεςηωιιΙθΪ
683 4229 809 4281 Mox
834 4230 973 4298 Reg.
1007 4230 1062 4281 et
1093 4230 1241 4296 Sag,
1274 4226 1364 4277 καί
1397 4227 1640 4295 Πνεῦμα,
1681 4226 1898 4281 omisso
1927 4223 1992 4278 τὸ

331 4313 486 4350 κατα.

405 4366 523 4488 (97)
557 4365 648 4448 Sic
679 4371 818 4438 Reg.
873 4369 1000 4436 Seg.
1054 4366 1232 4422 Basil.
1285 4371 1342 4422 et
1389 4365 1556 4436 Angl.
1593 4365 1749 4449 Editi.
1771 4383 1931 4434 vero,
1961 4366 1993 4421 ὁ

336 4434 396 4511 [ἱ
437 4456 484 4511 ς,
520 4445 932 4511 ωιηυείιιθοίθ.
967 4443 1089 4494 Μοο
1109 4438 1198 4492 καί
1230 4443 1361 4511 post
1391 4435 1534 4511 ἀλλᾴ
1554 4439 1790 4511 deestin
1818 4438 1986 4510 Angl.

339 4506 523 4563 Paulo
555 4514 684 4580 post
729 4510 940 4581 Regius
997 4517 1055 4566 et
1099 4505 1248 4584 Seg.;
1303 4505 1702 4584 βασιλεύσουσι.
1754 4505 1994 4566 Εᾶὶιίἶιι

3349 3539 3560 3596 Matth.
3621 3557 3751 3612 xxv,

2101 3797 2221 3862 alii,
2258 3794 2850 3872 gactleﬁoup’tvt‘lhld.
2900 3793 3127 3872 Regius
3167 3797 3223 3848 et
3265 3794 3603 3872 Seguerian.
3635 3795 3744 3866 καί,

2101 3873 2236 3943 ante
2259 3864 2418 3939 κατά,
2449 3868 2623 3924 male.
2648 3867 2868 3924 Ibidem
2890 3864 3285 3938 Seguerianua
3304 3864 3488 3935 solus,
3515 3864 3746 3943 ἆπαγγεὲ

2317 4010 2468 4088 llaec,
2503 4008 2680 4080 Ἰησοῦ
2711 4010 2966 4088 Χριστοῦ,
2999 4023 3114 4088 non
3142 4011 3287 4088 sunt
3314 4007 3370 4088 in
3403 4008 3578 4088 editis
3609 4009 3750 4066 etin

2143 4078 2454 4138 uibusdam
2491 4078 2658 4146 mss,
2691 4078 2792 4136 sed
2823 4080 3116 4136 habentur
3137 4078 3197 4132 in
3222 4078 3396 4147 Regio
3426 4085 3485 4137 et
3513 4081 3751 4154 Seguer.

2101 4101 2250 4211 (llud.
2283 4153 2448 4210 Gobl.
2480 4160 2538 4208 et
2566 4153 2820 4209 Felckm.
2853 4152 3104 4213 primus,
3135 4146 3454 4213 ἐπαγγελίας
3502 4154 3599 4206 τοῦ
3631 4157 3753 4206 Σω-

2101 4156 2250 4211 Ibid.
2283 4156 2448 4210 Gobl.
2480 4160 2538 4208 et
2566 4156 2820 4209 Felckm.
2853 4156 3104 4225 primus,
3135 4156 3398 4225 ἐπαγγελῇ

2098 4227 2288 4306 τῆρρερ
2321 4225 2558 4306 emissis
2580 4223 2789 4306 aliis”
2958 4298 2968 4306 .
3002 4291 3044 4306 η
3080 4289 3094 4306 .
3137 4291 3151 4306 .
3291 4266 3298 4274 ·
3385 4292 3398 4306 .

2173 4289 2286 4369 (99)
2321 4297 2453 4362 Reg.
2477 4296 2613 4369 Seg.
2648 4291 2880 4369 Gobler.
2920 4289 3258 4369 etFelckm.
3309 4292 3563 4366 primus,
3595 4292 3752 4369 ἀκρι-

2101 4358 2376 4440 ϐεστέραν.
2403 4358 2648 4440 Ἐᾴἱὶίνθι
2679 4365 2798 4432 alii,
2831 4358 3241 4440 ἀκριϐεστάτην.

2175 4432 2312 4510 (99⁸)
2343 4440 2437 4496 Sic
2469 4439 2604 4508 Reg.
2639 4445 2698 4510 et
2741 4443 2868 4510 Seg.
2903 4432 2978 4492 'In
3031 4432 3206 4491 editis
3238 4439 3295 4510 et
3323 4435 3457 4510 aliis
3483 4437 3648 4493 deest
3679 4432 3751 4490 δι’

2100 4504 2312 4566 οῦ’καίζ
2345 4515 2472 4566 Mox
2503 4504 2608 4583 pro
2640 4508 2752 4582 ἅμα
2783 4504 2918 4581 Reg.
2973 4513 3032 4566 ct
3057 4511 3190 4579 Seg.
3220 4504 3313 4562 σύν
3341 4507 3577 4565 habent.
