4082 6356
218 459 338 519 677
1417 451 1521 512 DE
1568 450 1930 514 SYNODIS.
1964 484 2042 529 -τ-
2070 452 2464 518 MONITUM.
3523 460 3643 522 678

817 793 929 877 IN
988 789 1620 881 EPISTOLAM
1691 793 1836 877 DE
1915 789 2397 880 SYNODIS
2456 792 3051 886 MONITUM.

302 1158 345 1213 Ι.
380 1154 679 1227 Epistolam
699 1153 764 1207 de
790 1149 1015 1223 synodis
1048 1150 1404 1205 Ariminensi
1427 1151 1477 1203 et
1508 1148 1830 1221 Seleuciana
1858 1151 1958 1206 sub
1986 1150 2151 1221 ﬁnem
2175 1153 2316 1207 anni
2343 1151 2469 1221 359,
2486 1168 2591 1223 quo
2633 1153 2919 1210 celebrata:
2948 1153 3068 1209 illa
3113 1160 3260 1223 sunt,
3285 1160 3647 1229 conscriptam

220 1250 422 1320 fuisse,
454 1242 804 1315 explurimis
828 1239 1079 1311 ejusdem
1100 1240 1232 1294 locis
1260 1238 1548 1308 conﬁcitur
1567 1256 1586 1292 :
1618 1239 1679 1294 in
1705 1240 1825 1308 ipso
1854 1241 2053 1312 quippe
2080 1242 2265 1311 initio,
2297 1251 2658 1297 narraturum
2678 1258 2735 1297 se
2778 1242 3138 1299 Athanasium
3200 1248 3298 1315 ait,
3360 1262 3447 1300 res
3496 1248 3553 1301 in
3582 1263 3647 1303 ea

224 1342 410 1405 gestas
436 1330 666 1403 synodo,
695 1342 823 1401 quae
842 1330 976 1382 tunc
1004 1326 1065 1381 in
1095 1326 1344 1381 omnium
1368 1341 1462 1382 ore
1489 1327 1847 1382 versabatur:
1884 1326 2154 1400 liquidius
2183 1337 2371 1384 autem
2415 1333 2667 1398 testatur,
2698 1346 2853 1385 num.
2888 1331 2939 1401 4,
2987 1334 3383 1403 professionem
3409 1333 3648 1390 Sirmiu-

224 1440 363 1479 nam
392 1417 740 1476 consulatum
774 1417 915 1487 ejus,
946 1414 1089 1487 quod
1119 1415 1236 1487 ipse
1264 1415 1553 1485 scribebat,
1583 1417 1723 1471 anni
1742 1431 1836 1487 pre

2039 1461 2043 1481 ,
2084 1414 2189 1470 ἀπὸ
2219 1422 2319 1485 τῆς
2349 1421 2436 1469 νῦν
2474 1415 2749 1479 ὑπατείας.
2803 1418 3066 1475 Consules
3094 1435 3290 1493 nempe
3322 1422 3492 1477 iidem
3524 1432 3651 1478 tunc

226 1516 410 1579 erant,
437 1510 535 1580 qui
560 1506 858 1563 Sirmiensi
885 1505 1020 1576 ﬁdei
1036 1504 1297 1575 famulae
1322 1506 1556 1575 ascripti
1583 1506 1829 1575 fuerant,
1862 1506 2125 1562 Eusebius
2148 1511 2201 1562 et
2230 1507 2517 1579 Hypatius,
2579 1510 2677 1579 qui
2730 1509 2803 1563 ad
2840 1526 3053 1564 annum
3097 1512 3382 1581 pertinent
3411 1511 3538 1566 359.
3585 1514 3657 1574 Et

224 1618 355 1658 vero
386 1601 555 1671 liquet
588 1612 658 1653 ea:
686 1594 981 1667 appendice
1010 1609 1178 1665 quam
1207 1593 1277 1648 ad
1304 1594 1505 1650 calcem
1528 1595 1755 1665 hujusce
1784 1597 1967 1663 operis
1996 1598 2239 1652 attexuit
2268 1602 2491 1652 sanctus
2526 1600 2743 1664 Doctor,
2776 1597 3024 1653 nondum
3085 1599 3293 1654 allatas
3337 1600 3449 1655 sibi
3474 1601 3652 1671 fuisse

230 1708 319 1747 res
348 1704 532 1745 omnes
560 1686 803 1741 Arimini
821 1687 1025 1755 gestas,
1055 1681 1282 1754 quando
1311 1683 1409 1738 hoc
1429 1685 1752 1754 opusculum
1773 1701 2062 1756 aggressus
2090 1690 2190 1742 est.
2226 1686 2586 1753 Quamobrem
2617 1687 2759 1741 nihil
2807 1687 2880 1742 de
2935 1689 3165 1742 Patrum
3215 1688 3653 1744 Ariminensium

231 1782 420 1849 lapsu,
451 1776 599 1832 nihil
627 1775 692 1831 de
722 1774 916 1845 legatis
945 1774 1287 1829 Arianorum
1334 1773 1542 1827 astutia
1597 1773 1729 1828 Nice
1782 1775 2194 1845 circumventis,
2228 1773 2317 1829 hic
2363 1775 2615 1846 habetur,
2675 1791 2794 1846 qum
2840 1783 3030 1831 tamen
3088 1792 3173 1831 eo.
3208 1776 3325 1848 ipso
3380 1780 3658 1847 contigere

230 1883 412 1925 anno.
2480 1910 2495 1924 δ

307 1958 377 2012 II.
414 1956 614 2024 Quare,
648 1961 709 2007 ut
721 1953 847 2024 jam
876 1951 1010 2007 olim
1039 1950 1320 2006 advertere
1345 1950 1457 2005 viri
1480 1966 1605 2006 cum
1631 1952 1831 2021 primis
1856 1968 1918 2007 er

2040 1953 2086 2019 ςί,
2117 1967 2241 2023 quae
2284 1968 2440 2008 num.
2472 1954 2542 2007 30
2592 1953 2873 2021 leguntur,
2922 1955 3093 2006 Ταῦτα
3140 1951 3434 2028 γράψαντες
3480 1951 3532 2006 ἐν
3583 1955 3652 2026 τῇ

232 2044 494 2118 Ἰσαυρίᾳ,
527 2039 838 2104 ἀνελθόντες
872 2038 947 2101 εἲς
976 2039 1076 2107 τὴν
1107 2037 1508 2093 Κωνσταντίνου
1563 2036 1749 2106 πόλιν,
1804 2049 1844 2096 e1

2040 2043 2066 2096 1
2122 2041 2240 2099 haec
2295 2057 2464 2113 usque
2506 2043 2692 2109 verba,
2749 2059 2905 2097 num.
2966 2042 3056 2112 32,
3090 2039 3239 2103 Τέως
3275 2041 3366 2114 μὲν
3400 2039 3489 2095 οὖν
3520 2040 3652 2117 ἄχρι

227 2133 431 2189 τούτου
461 2129 774 2209 φθάσαντες,
834 2130 931 2185 ubi
986 2128 1321 2184 Athanasius
1371 2128 1511 2197 ﬁdei
1554 2130 1854 2201 formulam
1912 2129 2575 2202 Constantinopolitanam
2630 2132 2813 2203 affert,
2856 2131 3248 2187 Antiochenam
3276 2136 3563 2201 memorat,
3592 2132 3659 2187 de

230 2222 546 2281 Constantii
574 2222 729 2277 obitu
756 2219 894 2289 agit,
932 2232 1051 2289 quae
1078 2218 1266 2273 omnia
1291 2225 1414 2288 post
1440 2234 1657 2271 annum
1690 2216 1837 2271 haud
1866 2216 2031 2273 dubie
2059 2218 2164 2272 359
2193 2220 2469 2289 contigere
2486 2236 2506 2280 ;
2530 2219 2670 2290 haec,
2715 2220 2963 2291 inquam,
2996 2220 3236 2290 epistolae
3284 2219 3413 2291 jam
3442 2220 3659 2289 pridem

228 2331 265 2369 a
293 2328 353 2367 se
378 2311 604 2381 scriptae
636 2306 1001 2363 Athanasium
1032 2306 1356 2374 inseruisse,
1386 2305 1580 2360 nullus
1609 2309 1855 2377 superest
1882 2306 2209 2378 ambigendi
2237 2307 2401 2363 locus.
2436 2308 2514 2363 lla
2569 2312 2632 2363 ut
2661 2307 2932 2380 praedicta
2975 2308 3143 2363 verba
3207 2307 3357 2369 Τέως
3419 2307 3512 2379 μὲν
3570 2308 3661 2362 οὗν

235 2399 403 2472 μέχρι
435 2395 630 2450 τούτου
661 2393 975 2471 φθάσαντες,
1010 2397 1144 2459 etc.,
1202 2393 1396 2448 statim
1446 2396 1565 2460 post
1621 2392 1753 2463 ﬁdei
1803 2410 1847 2465 pi

2049 2409 2196 2449 onem
2245 2397 2576 2461 lsauricam,
2606 2413 2758 2451 num.
2808 2394 2899 2464 29,
2932 2395 3182 2464 allatam,
3235 2399 3324 2451 cui
3369 2397 3661 2468 aptissime

229 2489 527 2553 cohaerent,
556 2485 735 2557 primo
764 2486 1120 2556 sequerentur
1136 2498 1158 2544 ;
1187 2480 1382 2537 dehinc
1413 2482 1752 2552 interpositis
1781 2482 1849 2537 ab
1878 2482 2179 2538 Athanasio
2210 2484 2283 2539 iis
2306 2498 2432 2555 qua
2467 2501 2636 2557 supra
2667 2485 2939 2551 diximus,
2958 2484 3145 2540 isthaec
3173 2485 3339 2558 fuere
3368 2502 3407 2540 a
3452 2500 3660 2556 praece-

234 2576 509 2633 dentibus
537 2571 783 2629 divulsa.

316 2664 415 2719 III.
451 2664 564 2719 Non
595 2662 731 2716 satis
761 2664 950 2715 autem
977 2659 1137 2729 ﬁrmo
1169 2660 1496 2729 argumento
1528 2659 1789 2713 nituntur
1817 2659 1915 2728 qui
1943 2659 2296 2714 arbitrantur
2322 2657 2393 2713 ad
2422 2658 2707 2714 solitarios
2741 2661 2973 2715 missam
2997 2662 3173 2731 fuisse
3200 2661 3341 2717 hanc
3369 2661 3662 2731 epistolam

236 2771 366 2811 cum
383 2768 483 2808 nec
512 2753 574 2807 in
602 2750 998 2820 manuscriptis
1025 2747 1300 2803 codicibus
1319 2748 1540 2819 uspiam
1569 2747 1968 2803 monachorum
1995 2762 2088 2802 seu
2123 2748 2500 2803 solitariorum
2539 2763 2738 2804 nomen
2777 2752 3131 2820 praeferatur.
3187 2766 3362 2820 neque
3391 2751 3543 2821 apud
3564 2750 3662 2805 So-

238 2846 447 2900 cratem
476 2841 563 2896 vel
590 2839 952 2894 Sozomenum
980 2836 1053 2891 ad
1080 2837 1380 2892 monachos
1409 2838 1795 2907 nuncup'etur;
1825 2853 1848 2891 s

2049 2837 2105 2891 ιά
2134 2838 2377 2907 priorem
2408 2837 2546 2911 Πρὸς
2574 2835 2701 2896 τοὺς
2730 2835 3060 2912 γνωρίμους,
3121 2838 3268 2909 apud
3304 2841 3661 2909 posteriorem

236 2947 367 2987 vero
396 2927 545 3002 Πρὸς
574 2925 702 2988 τοὺς
738 2921 1079 2995 ἐπιτηδείους
1110 2926 1386 2996 inscripta
1413 2926 1507 2979 sit.
1543 2924 1721 2992 Quare
1750 2924 1821 2979 ad

2048 2924 2213 2980 hosne
2244 2926 2386 2980 hanc
2428 2926 2641 2980 miserit
2669 2927 2960 2998 epistolam
2992 2942 3093 2982 nec
3116 2934 3506 2998 repugnat,nec
3532 2943 3659 2983 con-

223 3020 440 3090 jectari
463 3021 654 3092 potest.
688 3016 806 3084 Qua
835 3031 963 3071 vero
992 3015 1171 3085 fuerit
1197 3013 1274 3069 ad
1296 3029 1419 3068 eam
1443 3012 1895 3084 perscribendam
1925 3029 2096 3069 causa
2122 3004 2428 3084 permotus,
2459 3014 2615 3069 haud
2645 3014 2873 3070 obscure
2911 3015 3119 3070 indicat
3173 3015 3514 3071 Athanasius
3544 3018 3663 3086 ipso

236 3109 423 3181 operis
447 3106 699 3173 exordio,
733 3105 831 3159 ubi
852 3119 909 3160 se
936 3106 1021 3159 ait
1040 3119 1106 3158 ea
1127 3102 1332 3173 scripto
1360 3118 1619 3158 exarasse
1639 3118 1765 3157 cum
1784 3106 1844 3157 ut
1875 3104 2178 3157 amicorum
2211 3102 2551 3158 desiderium
2584 3101 2935 3174 discendique
2968 3103 3217 3159 studium
3248 3106 3511 3176 ewpleret,
3542 3108 3661 3159 tum

230 3202 294 3254 ut
322 3213 393 3252 ne
412 3196 505 3251 illi
530 3195 725 3251 multis
748 3195 904 3249 varie
932 3192 1131 3264 synodi
1156 3199 1308 3261 gesta
1336 3192 1706 3246 narrantibus
1734 3192 1915 3246 animi
1940 3193 2265 3263 penderent,
2298 3191 2444 3246 unde
2490 3191 2759 3247 nonnulli
2813 3208 2933 3247 eam
2990 3194 3064 3248 ad
3120 3194 3409 3249 monachos
3436 3195 3662 3249 missam

230 3288 529 3355 colligunt,
562 3284 840 3339 levissimo
869 3298 1024 3350 sane,
1054 3289 1116 3337 ut
1146 3297 1302 3337 nemo
1330 3296 1441 3337 non
1470 3279 1636 3347 videt,
1669 3281 1829 3335 ducti
1855 3283 2215 3350 argumento.

310 3375 405 3431 IV.
440 3375 612 3429 Porro
644 3372 767 3427 licet
798 3370 892 3426 hic
918 3385 1063 3425 unus
1091 3369 1342 3425 videatur
1370 3369 1670 3425 Athanasii
1686 3370 1860 3439 fuisse
1889 3383 2083 3437 scapus
2115 3384 2202 3424 res
2230 3369 2474 3424 Arimini
2503 3373 2555 3424 et
2584 3369 2850 3427 Seleuciae
2906 3376 3060 3426 actas
3087 3387 3380 3439 enarrare,
3418 3374 3539 3443 post
3567 3373 3659 3428 ab-

232 3466 474 3521 solutam
503 3465 685 3518 tamen
709 3477 832 3516 eam
858 3460 972 3515 rem
1005 3458 1074 3515 ad
1094 3459 1216 3516 alia
1241 3458 1615 3530 progreditur,
1646 3465 1819 3529 utque
1848 3457 2215 3529 ﬂuctuantem
2258 3458 2598 3513 Arianorum
2657 3460 2714 3514 in
2772 3458 2876 3529 ﬁde
2903 3476 3008 3515 sua
3065 3462 3319 3515 animum
3371 3464 3659 3534 perspicue

236 3554 645 3620 commonstret,
672 3550 857 3605 varias
886 3548 1059 3604 variis
1089 3548 1220 3604 locis
1241 3547 1685 3618 temporibusque
1714 3546 1781 3601 ab
1811 3546 1928 3601 illis
1956 3544 2134 3601 editas
2162 3546 2291 3616 ﬁdei
2315 3548 2587 3618 formulas
2616 3557 2876 3615 recenset,
2900 3556 3062 3619 atque
3089 3548 3159 3602 ad
3190 3550 3414 3604 verbum
3438 3553 3609 3621 refert
3633 3580 3659 3612 .-

237 3656 367 3713 quae
397 3644 515 3695 tam
543 3639 755 3710 ingenti
769 3652 999 3693 numero
1024 3638 1205 3707 fuere,
1237 3640 1298 3691 ut
1326 3652 1394 3691 ea
1424 3634 1571 3690 haud
1595 3635 1809 3696 iniuria
1842 3633 2236 3706 labyrinthum
2274 3644 2420 3691 vocet
2448 3635 2717 3704 Socrates,
2750 3637 2849 3692 lib.
2885 3653 2947 3707 ιι,
2981 3653 3100 3709 cap.
3132 3640 3219 3692 32.
3249 3639 3323 3693 Iis
3373 3639 3657 3694 absolutis:

237 3733 336 3784 τοῦ
365 3725 663 3800 ὁμοουσίου
693 3741 870 3781 vocem
902 3742 1026 3781 cum
1055 3726 1394 3796 argumentis
1420 3722 1812 3789 validissimis,
1847 3726 1962 3779 tum
1985 3725 2231 3795 exemplo
2253 3728 2496 3780 veterum
2518 3729 2748 3780 Patrum
2774 3726 2841 3780 ab
2872 3727 3208 3782 Arianorum
3235 3727 3536 3782 calumniis
3559 3728 3656 3783 ob-

238 3820 678 3890 iectionibusque
705 3815 969 3871 vindicat.
1006 3816 1130 3870 Tres
1162 3816 1347 3884 itaque
1374 3821 1503 3868 sunt
1530 3813 1697 3882 hujus
1732 3814 1975 3884 epistolse
2004 3824 2210 3884 partes.
2245 3816 2305 3869 In
2328 3817 2515 3885 prima
2543 3817 2663 3883 agit
2691 3816 2760 3869 de
2787 3815 3011 3885 synodis
3062 3817 3401 3871 Ariminensi
3452 3825 3504 3871 et
3561 3816 3658 3872 Se-

238 3910 519 3964 leuciana.
552 3908 612 3962 In
636 3904 886 3962 secunda
905 3902 971 3958 de
1001 3903 1334 3959 Arianorum
1368 3902 1753 3972 blasphemiis,
1777 3917 2072 3972 eorumque
2097 3904 2276 3958 variis
2300 3903 2431 3973 ﬁdei
2457 3904 2912 3975 professionibus.
2962 3906 3027 3960 In
3078 3906 3269 3972 tertia,
3315 3904 3383 3960 de
3427 3907 3655 3962 consub-

236 3997 606 4053 stantialitate
635 3993 981 4049 admittenda
1010 3993 1108 4063 (1).
1142 3993 1217 4048 De
1255 3992 1495 4060 singulis
1526 3991 1785 4062 quaedam
1808 3990 2231 4062 pertractanda.

321 4086 387 4142 V.
419 4087 482 4141 In
511 4086 700 4156 prima
727 4090 888 4155 parte
916 4089 1217 4151 antequam
1247 4097 1431 4135 rerum
1462 4080 1711 4135 Arimini
1737 4084 2022 4148 gestarum
2058 4080 2438 4135 narrationem
2471 4080 2860 4151 ordiatur,agil
2907 4082 2973 4137 de
2999 4082 3243 4154 formula
3287 4081 3416 4152 ﬁdei
3471 4080 3666 4137 Sirmii

236 4192 390 4231 anno
434 4174 558 4240 359,
590 4171 907 4228 consulibus
934 4171 1166 4225 Eusebio
1193 4172 1246 4225 et
1274 4170 1535 4241 Hypatio,
1577 4168 1748 4224 edita.
1782 4170 2201 4239 Praeciruosque
2252 4185 2441 4224 eorum
2465 4178 2710 4226 auctores
2765 4173 3078 4241 Ursacium,
3114 4171 3432 4241 Valentem,
3463 4172 3664 4224 Gaium

235 4271 289 4321 et
319 4264 665 4319 Germinium
702 4261 1051 4317 vehementer
1096 4260 1366 4329 exagitat,
1422 4258 1566 4330 quod
1591 4274 1703 4312 saw
1734 4257 1864 4326 ﬁdei
1922 4258 2311 4313 Constantium
2366 4261 2752 4330 imperatorem
2788 4262 3211 4332 consulatusque
3261 4276 3471 4316 annum
3523 4274 3665 4331 pree-

242 4354 488 4418 ﬁxerint,
524 4351 684 4422 quasi
705 4353 842 4404 tunc
869 4348 1116 4414 primum
1132 4347 1352 4403 credere
1380 4348 1696 4417 caepissent.
1728 4347 1863 4399 Eam
1897 4361 2023 4401 vero
2061 4346 2190 4415 ﬁdei
2227 4346 2531 4417 formulam
2578 4351 2664 4402 ait
2719 4349 2981 4404 Patribus
3018 4349 3259 4404 Arimini
3313 4348 3513 4405 coactis
3541 4363 3663 4418 pro-

234 4444 497 4514 positam,
544 4441 613 4496 ab
644 4440 825 4510 iisque
881 4436 1227 4508 repudiatam
1253 4437 1444 4505 fuisse.
1476 4437 1617 4490 Hinc
1642 4438 1811 4490 retert
1840 4435 2131 4503 epistolam
2152 4437 2588 4491 Ariminensium
2616 4442 2852 4493 Patrum
2880 4438 2957 4493 ad
2989 4438 3368 4494 Constantium
3423 4440 3663 4510 impera-

236 4530 543 4596 torem,ubi
569 4544 655 4584 res
701 4530 763 4583 in
790 4527 1124 4583 Seleuciana
1168 4524 1377 4596 synodo
1433 4531 1617 4593 gesta’,
1645 4523 2147 4596 praedictorumque
2201 4526 2535 4580 Arianorum
2587 4527 3186 4599 praesulumdepositzo
3225 4531 3522 4583 narratur.
3558 4532 3662 4583 De-

236 4623 365 4676 inde
391 4620 589 4691 paucis
617 4625 856 4673 recenset
885 4631 975 4671 res
1006 4617 1067 4670 in
1096 4614 1427 4670 Seleuciana
1446 4614 1655 4685 synodo
1697 4618 1874 4684 gestas
1898 4617 1950 4668 et
1982 4615 2039 4668 in
2061 4615 2312 4669 Acacium
2367 4614 2758 4672 Caesariensem
2787 4618 2991 4672 acriter
3020 4617 3306 4673 invehitur
3337 4634 3353 4685 ;
3382 4621 3549 4689 atque
3577 4619 3663 4682 ita

232 4709 519 4765 clauditur
542 4710 732 4780 prima
762 4707 930 4779 hujus
944 4704 1191 4778 epistola
1219 4720 1368 4775 pars.
1789 4769 1796 4776 _

303 4799 400 4855 VI.
431 4799 496 4853 In
510 4796 751 4854 secunda
775 4803 934 4867 parte
958 4792 1321 4866 progreditur
1343 4791 1414 4847 ad
1437 4793 1624 4848 varias
1683 4792 2038 4849 Arianorum
2069 4792 2439 4864 blasphemias
2482 4793 2718 4868 ﬁdeique
2743 4796 3019 4870 formulas
3049 4795 3424 4861 recensendas,
3484 4811 3663 4851 orsus-

230 4902 338 4958 que
375 4886 444 4941 ab
465 4886 592 4941 Arii
617 4883 839 4949 Thalia,
888 4884 1008 4954 ejus
1035 4897 1146 4938 non
1175 4880 1447 4936 modicum
1477 4880 1641 4951 aﬂ’ert
1682 4882 2063 4950 fragmentum
2111 4882 2420 4952 impietatis
2474 4886 2760 4959 refertum.
2790 4886 2928 4943 Hinc
2957 4887 3207 4956 sequitur
3233 4884 3362 4955 ﬁdei
3401 4885 3663 4954 confessio

231 4991 404 5048 quam
446 4976 547 5030 sub
568 4974 794 5029 Arianae
823 4972 1090 5028 hereseos
1109 4972 1340 5025 initium
1367 4970 1528 5025 Arius
1548 4972 1668 5039 ipse
1694 4986 1818 5025 cum
1849 4971 2211 5026 sectatoribus
2262 4973 2381 5027 suis
2435 4972 2748 5029 Alexandro
2807 4974 3210 5045 archiepiscopo
3260 4972 3664 5041 Alexandrino,

229 5064 443 5121 obtulit
467 5078 614 5119 anno
644 5065 871 5118 circiter
899 5058 1247 5116 319.Ea:inde
1267 5057 1445 5132 refert
1474 5060 1719 5129 ingentes
1751 5059 2119 5132 blasphemias
2149 5076 2182 5114 a
2212 5060 2538 5130 quibusdam
2570 5062 2910 5118 Arianorum
2949 5062 3328 5133 antesignanis
3386 5061 3656 5132 prolatas,

232 5154 440 5226 quibus
467 5152 657 5209 subdit
677 5152 965 5225 epistolam
990 5148 1189 5222 synodi
1243 5142 1759 5219 HierosOlymitanaz
1808 5150 1947 5204 anni
2001 5150 2127 5219 335,
2186 5149 2286 5204 ubi
2310 5151 2474 5205 Arius
2501 5167 2625 5205 cum
2666 5155 2784 5207 suis
2832 5151 2902 5206 ad
2930 5152 3367 5206 communionem
3404 5151 3662 5207 Ecclesia}

233 5244 303 5300 ab
334 5243 602 5315 episcopis
628 5240 951 5297 Eusebianis
980 5238 1313 5294 admittitur.
1350 5236 1495 5294 Unde
1540 5254 1667 5293 cum
1701 5240 1755 5293 in
1807 5239 2117 5294 Arianismi
2164 5241 2531 5309 suspicionem
2572 5241 2699 5311 jure
2730 5241 2820 5295 illi
2842 5241 3128 5308 venissent,
3161 5241 3278 5309 ejus
3321 5239 3665 5297 removendae

232 5349 429 5398 causa,
454 5331 587 5402 ﬁdei
615 5331 918 5404 formulam
944 5328 1167 5385 edidere
1195 5327 1253 5382 in
1293 5328 1503 5397 synodo
1550 5343 1701 5382 anno
1726 5328 1851 5381 341.
1883 5328 2191 5384 Antiochiae
2220 5327 2428 5391 habita,
2461 5330 2738 5383 occasione
2780 5328 3025 5386 basilicae
3074 5330 3269 5385 Aureae
3306 5329 3624 5384 dedicanda
3645 5346 3664 5382 :

232 5422 306 5477 ad
352 5435 526 5492 quam
554 5421 922 5476 celebritatem
952 5433 1215 5489 magnum
1237 5417 1609 5488 episcoporum
1637 5432 1936 5473 numerum
1965 5418 2234 5471 acciverat
2292 5414 2668 5470 Constantius.
2719 5419 2856 5472 Eam
2907 5419 3179 5487 integram
3221 5421 3389 5488 refert
3419 5416 3663 5472 Athana-

232 5514 376 5582 sius,
399 5513 565 5582 atque
578 5509 877 5566 secundam
904 5508 1241 5579 tertiamque
1261 5505 1548 5578 subiungit
1596 5507 1780 5565 eodem
1829 5507 1941 5563 loco
1997 5510 2157 5578 atque
2215 5521 2363 5560 anno
2397 5503 2576 5562 editas
2605 5505 2673 5562 ab
2694 5507 2941 5577 Arianis,
2972 5524 3095 5563 cum
3144 5523 3201 5563 se
3241 5505 3667 5579 prwcedentium

235 5600 368 5672 ﬁdei
395 5601 794 5672 professionem
824 5600 1134 5672 paeniteret.

317 5790 399 5859 (1)
428 5788 573 5847 Vide
603 5789 747 5848 item
779 5788 934 5862 apud
965 5786 1253 5845 Hiiarium
1282 5783 1384 5841 lib.
1418 5800 1458 5840 ιι
1488 5783 1559 5840 ad
1604 5783 1984 5843 Constantium
2012 5801 2073 5840 n.
2096 5784 2148 5839 4.
