4082 6330
397 356 515 416 683

969 356 1034 415 S.
1084 356 1511 416 ATHANASII
1557 356 1731 416 OPP.
1781 356 1978 417 PARS
2022 355 2070 415 Ι.
2097 389 2175 401 -
2205 355 2622 418 HISTORICA
2665 355 2764 416 ET
2805 356 3289 418 DOGMATICA.

3703 355 3823 418 684

399 486 715 544 nonnullos
746 487 846 558 qui
877 485 1128 555 alicujus
1161 486 1327 556 pretii
1360 486 2036 558 videbanturﬁpsumqui

2172 484 2337 540 Οὗτοι
2387 483 2510 559 γὰρ,
2564 483 2644 540 ἀεὶ
2695 491 2793 554 τῆς
2836 484 3050 560 Ἀρείου
3104 482 3324 559 μερίδος
3374 480 3542 554 ὄντες,
3590 485 3680 540 καὶ
3739 489 3816 558 μὴ

397 577 810 648 imperatorem
834 574 1239 628 Constantium
1267 574 1600 629 hmreticum
1629 577 2053 640 subornarunt;

398 667 553 723 573
587 667 666 720 ita
698 670 761 719 ut
791 663 1221 735 synodum.sub
1254 664 1535 717 ementita
1566 665 1891 718 asserenda)
1925 663 2056 718 ﬁdei

397 755 587 825 epecie
617 752 1015 824 impetrarim:
1045 751 1153 805 rati
1173 768 1234 805 se
1254 751 1544 806 Nicenam
1573 769 1743 822 posse
1764 753 2053 824 synodum

399 844 667 908 obruere,
701 846 875 910 atque
907 841 989 893 ita
1019 855 1225 894 omnes
1257 856 1290 893 a
1320 840 1612 895 sententia
1642 841 1957 908 dimovere,
1991 846 2055 895 ut

391 931 667 1001 impietas
691 928 952 983 veritatis
984 927 1108 982 loco
1141 927 1403 983 obtineat
1435 929 1674 998 ubique.

2165 578 2418 634 νοοῦντες
2455 575 2594 644 μήτε
2623 577 2740 634 πῶς
2772 573 3112 643 πιστεύουσι,
3146 577 3287 647 μήτε
3332 574 3455 647 περὶ
3498 574 3661 629 τίνων
3709 572 3820 630 δια-

2167 655 2532 728 ϐεϐαιοῦνται,
2562 661 2872 725 ἀπατῶντες
2913 659 2969 716 δὲ
3015 660 3238 717 ἕκαστον
3286 663 3488 737 ἡρέμα,
3521 663 3610 718 καὶ
3655 665 3816 736 σπέρ-

2170 771 2310 821 ματα
2354 757 2454 819 τῆς
2495 752 2754 826 αἱρέσεως
2801 752 3000 806 ἑαυτῶν
3038 755 3113 824 (7)
3156 751 3579 825 ἰπισπείροντες,
3641 753 3815 831 ὑφήρ-

2164 839 2334 892 πασάν
2368 861 2515 901 τινας
2565 844 2674 894 τῶν
2726 838 3029 895 δοκούντων
3081 840 3215 895 εἶναί
3262 861 3337 912 τι,
3368 841 3454 896 καὶ
3505 842 3666 897 αὐτὸν
3719 844 3812 897 τὸν

2167 927 2393 1002 βασιλέα
2445 931 2820 984 Κωνστάντιον
2871 931 3142 1005 αἱρετικὸν
3195 926 3344 998 ὄντα,
3389 933 3815 1005 σχηματισάμι-

386 1039 470 1072 νοι
525 1017 646 1092 περὶ
709 1016 962 1082 πίστεως,
999 1014 1136 1068 ὥστε
1193 1022 1418 1078 ποιῆσαι
1480 1016 1722 1089 γενέσθαι
1783 1013 2004 1069 σύνοδον
2173 1017 2490 1088 νομίζοντες
2546 1015 2799 1072 δύνασθαι
2859 1018 3099 1092 καλύψαι
3144 1020 3244 1086 τήν
3279 1018 3329 1073 ἰν
3364 1019 3557 1090 Νικαίᾳ
3587 1017 3812 1075 σύνοδον

387 1109 477 1162 καὶ
507 1106 634 1167 τοὺς
666 1106 863 1165 πάντας
900 1103 1264 1177 μεταπείθειν,
1298 1105 1435 1158 ὥστε
1464 1106 1562 1172 τὴν
1596 1099 1840 1159 ἀσέϐειαν
1879 1105 1990 1158 ἀντὶ
2019 1111 2118 1174 τῆς
2151 1103 2411 1174 ἀληθείας
2442 1113 2706 1176 κρατῆσαι
2739 1111 3041 1182 πανταχοῦ.

458 1200 512 1254 2.
550 1199 620 1252 Et
648 1197 903 1270 primum
939 1197 1177 1266 quidem
1210 1197 1264 1251 id
1296 1195 1460 1250 valde
1493 1196 1674 1251 miror
1705 1197 1882 1268 (quod
1917 1213 2050 1267 pru-

390 1290 623 1342 dentem
659 1286 932 1351 arbitror,
963 1283 1288 1356 quemlibet
1331 1285 1906 1354 animadversurum)
1960 1285 2047 1338 ni-

391 1377 609 1432 mirum
661 1391 794 1430 cum
847 1374 1190 1428 universalis
1235 1374 1494 1445 synodus
1528 1374 1748 1428 indicta
1771 1378 1945 1438 esset,
1980 1372 2047 1427 il-

391 1465 508 1520 lam
518 1481 629 1537 que
643 1480 847 1519 omnes
862 1467 1421 1533 exspectarent,eam
1437 1463 1749 1534 derepente
1762 1462 1943 1516 fuisse
1958 1462 2045 1516 di-

389 1554 612 1620 visam;
651 1553 794 1608 adeo
828 1557 890 1606 ut
922 1552 979 1606 hi
1037 1551 1144 1606 hoc
1177 1551 1553 1606 convenirent
1585 1551 1729 1618 loco,
1783 1549 1880 1605 alii
1931 1550 2045 1605 alio

392 1660 521 1699 sese
544 1645 930 1697 convocarent
951 1656 963 1694 :
981 1640 1134 1710 quod
1162 1639 1408 1694 fortasse
1431 1640 1636 1693 divinae
1668 1639 2043 1709 providentiae

390 1733 502 1787 fuit
532 1745 701 1802 opus,
735 1735 798 1784 ut
849 1729 905 1782 in
955 1727 1141 1783 altera
1187 1729 1408 1797 synodo
1456 1727 1766 1783 hominum
1818 1729 2045 1783 sincera

389 1836 655 1893 puraque
687 1819 829 1873 fides
864 1817 1054 1890 palam
1085 1818 1332 1881 fieret,in
1368 1816 1551 1872 altera
1589 1833 1723 1872 vero
1769 1827 2043 1888 suspecta

389 1910 647 1964 virorum
671 1908 967 1978 dubiaque
993 1905 1171 1960 animi
1187 1906 2039 1977 sententiadeprehenderetur.

2235 1198 2288 1252 2.
2325 1199 2548 1268 Πρῶτον
2604 1197 2697 1268 μὲν
2762 1194 2852 1250 οὖν
2904 1193 3076 1272 ἔγωγε
3127 1198 3388 1270 Θαυμάζω
3438 1201 3702 1274 (ἠγοῦμαι
3755 1197 3813 1254 ’δὲ

2158 1283 2248 1336 καὶ
2304 1285 2478 1338 πάντα
2532 1286 2810 1339 ὁντιναοῦν
2872 1288 3137 1360 φρόνιμον
3186 1293 3348 1342 τοῦτο
3395 1291 3668 1362 συνορᾷν),
3702 1287 3810 1358 ὅτι,

2156 1370 2458 1441 καθολικῆς
2524 1373 2834 1448 ὁρισθείσης
2895 1373 3144 1446 συνόδου,
3193 1375 3281 1430 καὶ
3333 1375 3533 1447 ταύτην
3593 1376 3807 1432 πάντων

2155 1458 2608 1534 προσδοκώντων,
2660 1462 2912 1540 ἐξαίφνης
2961 1461 3187 1539 διῃρέθη
3219 1485 3232 1499 ο
3282 1467 3371 1519 καί
3423 1466 3474 1519 οἱ
3543 1467 3636 1539 μὶν
3701 1465 3811 1521 ἐκεῖ

2157 1548 2448 1621 συνῆλθον,
2481 1552 2532 1604 οἱ
2585 1549 2642 1605 δὲ
2693 1549 2798 1606 ὧδε
2854 1553 3242 1627 συνεκρότησαν
3303 1553 3546 1617 ἑαυτούς.
3607 1555 3704 1612 Ἠν
3752 1553 3809 1610 δὶ

2155 1635 2256 1709 ἄρα
2301 1643 2462 1693 τοῦτο
2502 1647 2602 1708 τῆς
2654 1640 2915 1714 Προνοίας
2971 1638 3145 1717 ἔργον,
3194 1641 3286 1696 ’ίνα
3334 1642 3384 1696 ὲν
3433 1642 3650 1718 ὲκάωῃ,
3693 1649 3802 1698 τῶν

2158 1727 2250 1798 μὲν
2285 1729 2345 1781 τὸ
2379 1725 2576 1782 ἄδολον
2607 1729 2694 1783 καὶ
2727 1731 2960 1805 καθαρὸν
3001 1737 3099 1800 τῆς
3151 1730 3382 1794 πίστεως
3431 1729 3626 1807 δειχθῆ
3676 1733 3805 1808 φρό-

2150 1820 2447 1887 νημα,τῶν
2466 1814 2522 1871 δὲ
2539 1819 2602 1872 τὸ
2633 1818 2872 1872 ὕποπτον
2905 1819 2993 1874 καὶ
3026 1814 3336 1896 ἀμφίϐολον
3370 1821 3503 1888 ἦθος
3537 1821 3797 1897 ἐλεγχθῇ.

2152 1910 2376 1959 Ἔπειτα
2431 1907 2648 1960 κάκεῖνο
2707 1905 3032 1979 διενοούμην
3084 1911 3160 1981 (9)
3219 1910 3354 1980 μετὰ
3409 1914 3517 1963 τῶν
3578 1908 3802 1973 ἐνταῦθα

390 1999 450 2053 ld
476 2013 707 2068 quoque
738 1995 905 2062 mihi,
931 1995 1343 2066 germanisque
1375 1994 1656 2050 fratribus
1688 1996 1781 2049 hic
1813 2011 2036 2050 mecum

2156 1994 2391 2067 γνησίων
2426 1992 2698 2071 ἀδελφῶν,
2725 1997 2814 2050 καὶ
2845 2000 2964 2059 καθ’
2993 1997 3215 2059 δαυτοὺς
3248 1995 3631 2073 ἠσχάλλομεν,
3662 2001 3801 2054 θεω-

390 2084 852 2150 versantibus,in
882 2089 1136 2138 mentem
1171 2083 1556 2154 subiit,atque
1587 2085 1877 2154 ejusmodi
1909 2101 2048 2139 con-

392 2193 602 2231 cursus
663 2173 1093 2229 absurditatem
1127 2176 1432 2228 cernentes
1461 2173 1888 2244 cogitabamus,
1921 2190 2045 2242 qusi

387 2281 480 2319 res
503 2268 804 2334 tantopere
828 2262 1167 2333 urgebat,ut
1197 2262 1355 2316 orbis
1375 2266 1664 2316 terrarum
1687 2262 2046 2343 turbaretur,

384 2357 440 2408 et
469 2353 569 2424 qui
603 2357 732 2406 tum
767 2350 1050 2422 temporis
1081 2367 1184 2421 pro
1217 2349 1445 2405 clericis
1478 2349 1867 2414 habebantur,
1891 2351 2044 2405 ultro

385 2443 648 2513 citroque
677 2441 1095 2508 discurrerent,
1120 2438 1491 2498 sciscitantes
1523 2440 1814 2510 quomodo
1845 2440 1904 2494 in
1937 2440 2044 2494 Do-

381 2530 607 2586 minum
669 2534 936 2584 nostrum
994 2528 1196 2582 Jesum
1255 2527 1552 2583 Christum
1611 2529 1954 2583 crederent?
1983 2529 2040 2583 Si

383 2620 538 2676 enim
565 2618 1357 2688 credidissent,nequaquam
1382 2618 1623 2689 perinde
1648 2618 1928 2672 sciscitati
1954 2635 2045 2673 es-

381 2707 712 2780 sent,quasi
743 2705 881 2777 quid
915 2707 1220 2761 crederent
1241 2721 1355 2759 non
1381 2705 1811 2761 haberentJloc
1841 2711 2039 2760 autem

382 2796 818 2852 catechumenis
851 2794 1007 2850 haud
1042 2794 1182 2850 levis
1213 2794 1553 2849 offensionis
1584 2811 1812 2862 ansam,
1846 2794 2040 2849 ethni-

381 2887 466 2941 cis
496 2903 630 2940 vero
662 2901 774 2939 non
811 2883 1100 2938 modicam
1137 2885 1236 2938 sed
1270 2883 1515 2938 effusam
1545 2884 1700 2938 risus
1733 2884 2037 2939 materiam

382 2975 652 3048 praebuit,
688 2973 841 3045 quod
874 2972 1213 3041 Christiani,
1247 2971 1422 3027 veluti
1454 2989 1484 3026 e
1514 2989 1722 3027 somno
1755 2989 1907 3027 nunc
1947 2990 2037 3028 ex-

384 3064 567 3130 citati,
602 3066 866 3134 qumrant
915 3078 1030 3132 qua
1074 3062 1296 3116 ratione
1347 3062 1404 3115 in
1453 3061 1752 3116 Christum
1805 3063 2037 3117 credere

383 3154 684 3222 oporteat;
737 3150 835 3221 qui
888 3153 1082 3204 autem
1133 3150 1285 3204 inter
1330 3148 1463 3204 illos
1506 3149 1701 3204 clerici
1731 3155 2033 3220 vocantur,

381 3239 620 3294 tametsi
653 3237 1056 3292 auctoritatem
1093 3238 1245 3307 apud
1271 3236 1711 3309 populos,quasi
1743 3239 2033 3309 magistri,

381 3328 494 3383 sibi
517 3327 958 3396 vindicant,jam
985 3342 1046 3380 se
1067 3331 1264 3380 tamen
1287 3326 1553 3380 infideles
1586 3325 2030 3395 declaraverint,

381 3433 515 3471 cum
546 3415 604 3470 id
637 3420 903 3485 quaerant
931 3414 1152 3470 scilicet
1185 3416 1336 3486 quod
1372 3431 1487 3469 non
1521 3414 1755 3469 habent.
1784 3416 1898 3471 Nec
1929 3417 2030 3470 ad-

376 3508 613 3560 vertunt
633 3503 909 3558 Ursacius
932 3511 987 3558 et
1010 3503 1172 3568 socii,
1196 3504 1295 3574 qui
1327 3503 1536 3558 horum
1561 3510 1826 3559 auctores
1850 3504 2033 3574 fuere,

379 3601 663 3664 quantum
696 3593 806 3648 sibi
853 3593 952 3646 iraa
999 3591 1344 3647 thesaurum
1395 3592 1733 3659 recondant,
1784 3593 2031 3650 Domino

377 3698 482 3756 per
510 3687 745 3737 sanctos
777 3699 916 3737 suos
945 3681 1173 3735 dicente
1208 3699 1220 3735 :
1257 3704 1284 3730 α
1305 3681 1409 3735 .Vaa
1442 3681 1562 3736 illis
1596 3697 1698 3753 per
1727 3697 1874 3752 quos
1925 3700 2030 3738 no-

379 3789 513 3826 men
545 3788 740 3826 meum
775 3769 1216 3840 blasphematur
1237 3771 1294 3824 in
1317 3771 1811 3841 gentibus“;»suo
1835 3775 2029 3826 autem

380 3863 508 3933 ipso
541 3876 638 3916 ore
672 3862 727 3914 in
762 3859 1089 3930 Evangeliis
1121 3859 1202 3913 ait
1236 3875 1247 3912 :
1287 3881 1313 3908 «
1346 3859 1452 3924 Qui
1485 3876 1622 3930 ergo
1669 3860 2029 3916 scandaliza-

379 3951 526 4006 verit
556 3965 740 4004 unum
772 3949 842 4003 de
875 3947 1107 4019 pusillis
1138 3947 1290 4014 istis,
1325 3948 1556 4018 expedit
1585 3949 1638 4004 ei
1669 3954 1731 4003 ut
1778 3965 2031 4020 suspen-

381 4040 554 4095 datur
585 4042 741 4094 mola
799 4037 1056 4093 asinaria
1087 4038 1145 4092 in
1177 4037 1321 4092 collo
1345 4038 1475 4106 ejus
1497 4042 1552 4092 et
1573 4038 1950 4109 demergatur
1971 4040 2030 4093 in

378 4128 737 4198 profundum
785 4126 986 4196 maris,
1019 4141 1219 4198 quam,
1251 4149 1278 4175 ››
1313 4131 1380 4180 ut
1411 4126 1634 4180 addidit
1667 4127 1873 4193 Lucas,
1907 4150 1934 4176 «
1968 4132 2033 4181 ut

378 4215 738 4273 scandalizet
769 4232 951 4269 unum
984 4216 1054 4270 de
1086 4213 1318 4286 pusillis
1347 4215 1478 4269 istis
1508 4215 1573 4269 ’2.
1611 4235 1638 4264 ››

447 4307 499 4358 3.
521 4305 667 4368 Quid
700 4305 853 4358 enim
889 4302 1165 4358 doctrina:
1189 4303 1259 4357 ad
1284 4302 1438 4374 piam
1471 4301 1808 4376 religionem
1844 4304 2032 4359 defuit

374 4392 643 4449 Ecclesiae
675 4392 993 4460 catholicas,
1019 4397 1082 4445 ut
1113 4409 1269 4446 nunc
1300 4393 1369 4447 de
1402 4392 1514 4446 fide
1548 4393 1912 4463 perquirant,
1938 4399 2028 4446 ut-

374 4498 486 4554 que
517 4481 641 4536 suis
672 4481 742 4535 de
770 4481 881 4536 ﬁde
907 4479 1368 4551 expositionibus
1402 4479 1706 4551 priesentis
1745 4482 2028 4552 temporis

373 4569 746 4625 consulatum
804 4571 1109 4641 praeﬁgant
1131 4569 1158 4623 ?
1191 4568 1467 4624 Ursacius
1499 4569 1676 4638 enim,
1710 4569 1923 4625 Valens
1971 4576 2028 4624 et

371 4658 706 4714 Germimus
729 4675 860 4714 cum
880 4658 1054 4714 sociis
1080 4659 1134 4712 id
1151 4658 1519 4729 fecere,quod
1545 4673 1848 4729 nunquam
1875 4661 2026 4729 apud

2158 2087 2373 2155 ροῦντες
2428 2083 2490 2136 τὸ
2548 2085 2783 2158 άπριπὲς
2850 2092 2948 2153 τῆς
3007 2086 3275 2156 τοσαύτης
3337 2085 3670 2160 συνδρομῆς.
3731 2088 3799 2144 Τί

2154 2171 2255 2244 γὰρ
2303 2176 2560 2226 τοσοῦτον
2605 2171 2844 2243 ἤπειξεν,
2897 2175 3035 2228 ὥστε
3081 2176 3181 2243 τὴν
3245 2175 3575 2248 οἰκουμένην
3626 2174 3804 2231 διατα-

2157 2267 2448 2334 ραχθῆναι,
2480 2260 2569 2314 καὶ
2615 2261 2742 2323 τοὺς
2794 2260 3120 2338 λεγομένους
3173 2263 3224 2318 ἐν
3272 2269 3350 2335 τῷ
3397 2270 3573 2340 καιρῷ
3623 2265 3801 2338 τούτῳ

2153 2345 2456 2424 κληρικοὺς
2491 2347 2795 2426 διατρὲχειν
2827 2350 2936 2406 ἅνω
2966 2352 3055 2406 καὶ
3107 2352 3255 2407 κάτω
3288 2356 3421 2426 (10),
3455 2355 3544 2408 καὶ
3594 2359 3799 2437 ζητεῖν⁹

2152 2443 2271 2499 πῶς
2331 2437 2431 2512 ἄρα
2491 2440 2702 2511 μάθωσι
2758 2441 3026 2495 πιστεύειν
3089 2441 3162 2503 είς
3234 2443 3327 2496 τὸν
3383 2441 3573 2517 Κύριον
3633 2445 3794 2514 ἡμῶν

2152 2526 2364 2595 Ἰησοῦν
2405 2529 2674 2601 Χριστόν;
2728 2527 2790 2584 Ei
2838 2530 2939 2604 γάρ
2990 2528 3291 2597 ἐπίστευον,
3337 2531 3441 2584 ούκ
3488 2533 3544 2584 ἂν
3593 2531 3666 2591 ὡς
3719 2533 3794 2603 μὴ

2151 2612 2370 2689 ἔχοντες
2418 2614 2664 2685 ἐζήτουν.
2697 2621 2866 2671 Τοῦτο
2917 2615 2974 2671 δὲ
3029 2625 3146 2672 τοῖς
3212 2620 3304 2691 μὶν
3351 2621 3796 2694 κατηχουμένοις

2151 2703 2253 2757 ούκ
2281 2702 2467 2777 ὀλίγον
2502 2702 2824 2759 σκάνδαλον’
2856 2712 2973 2768 τοῖς
3006 2704 3064 2761 δὲ
3094 2705 3365 2776 Ἕλλησιν
3399 2707 3461 2761 οὐ
3491 2708 3555 2762 τὸ
3604 2709 3794 2782 τυχὸν,

2149 2791 2294 2846 ἀλλὰ
2321 2793 2411 2846 καὶ
2457 2792 2664 2848 πλατὺν
2699 2797 2808 2866 (11)
2859 2794 3077 2868 γέλωτα
3119 2797 3412 2871 παρέσχεν,
3447 2796 3490 2850 εἰ
3544 2802 3795 2868 Χριστια-

2148 2881 2254 2946 νοὶ,
2289 2881 2468 2957 ὥσπερ
2521 2881 2571 2951 ἐξ
2625 2883 2794 2937 ὕπνου
2849 2888 2940 2938 νῦν
3001 2883 3326 2958 ἐγερθέντες,
3380 2889 3628 2954 ζητοῦσι,
3677 2888 3797 2946 πῶς

2150 2965 2232 3022 δεῖ
2287 2971 2410 3044 περὶ
2468 2972 2702 3045 Χριστοῦ
2759 2974 3027 3026 πιστεύειν
3082 2977 3216 3044 (12).
3267 2975 3333 3030 Οἱ
3392 2971 3450 3026 δὲ
3507 2971 3794 3047 λεγόμενοι

2147 3055 2405 3131 κληρικοὶ
2434 3059 2666 3127 τούτων,
2697 3059 2873 3114 καίτοι
2905 3062 2970 3114 τά
2999 3055 3257 3134 πρεσϐεῖα
3299 3060 3445 3136 παρὰ
3484 3065 3592 3116 τῶν
3646 3059 3793 3116 λαῶν

2147 3143 2504 3216 ἃκδικοῦντες,
2565 3149 2641 3210 ὡς
2699 3146 3040 3217 διδάσκαλοι,
3101 3154 3190 3203 νῦν
3265 3148 3493 3225 ἤλεγξαν
3571 3149 3795 3211 ἑαυτοὺς

2147 3235 2428 3307 ἀπίστους,
2462 3241 2745 3306 ζητοῦντες
2792 3237 2923 3313 ὅπερ
2973 3239 3076 3293 οὐκ
3114 3236 3325 3313 ἔχουσι.
3359 3239 3457 3292 Καὶ
3515 3239 3792 3313 ἠγνόησαν

2145 3324 2196 3377 οἱ
2254 3325 2377 3398 περὶ
2437 3326 2766 3400 Ούρσάκιον,
2811 3327 3016 3381 τούτων
3081 3325 3246 3382 αἴτιοι
3306 3328 3607 3402 γενόμενοι,
3660 3327 3789 3397 ὅσην

2144 3412 2352 3474 ἑαυτοῖς
2385 3412 2742 3488 ἑθησαύρισαν
2787 3415 2983 3490 ὀργὴν,
3017 3415 3268 3490 λὲγοντος
3297 3420 3394 3470 τοῦ
3446 3416 3644 3491 Κυρίου
3701 3412 3793 3469 διὰ

2145 3502 2240 3574 μὲν
2270 3507 2376 3556 τῶν
2407 3502 2599 3577 ἁγίων·
2635 3529 2662 3554 ‹‹
2696 3503 2854 3573 Ούαὶ,
2889 3502 2956 3558 δι’
3005 3503 3095 3566 οὓς
3141 3507 3204 3560 τὸ
3265 3502 3439 3577 ὄνομά
3491 3525 3595 3576 μου
3651 3502 3784 3579 βλα-

2141 3597 2435 3665 σφημεῖται
2496 3591 2547 3647 ἐν
2605 3598 2724 3654 τοῖς
2783 3588 2973 3657 ἔθνεσι·
3012 3618 3039 3644 ››
3073 3591 3162 3648 διὰ
3219 3591 3275 3648 δὲ
3321 3594 3509 3648 ἑαυτοῦ
3563 3591 3613 3646 ἐν
3669 3598 3785 3654 τοῖς

2139 3677 2518 3755 Εύαγγελίοις·
2553 3705 2580 3731 ‹‹
2613 3686 2703 3742 ⁸ος
2743 3680 2833 3735 οὖν
2878 3680 2964 3736 ἐὰν
3013 3679 3342 3754 σκανδαλίσῃ
3386 3679 3481 3736 ἕνα
3526 3686 3634 3736 τῶν
3691 3703 3784 3753 μισ

2138 3773 2282 3842 κρῶν
2313 3770 2543 3839 τούτων,
2574 3769 2835 3843 συμφέρει
2877 3771 3029 3842 αὐτῷ
3071 3769 3161 3824 *ἱνα
3218 3770 3389 3842 μύλος
3440 3769 3618 3830 ὀνικὸς
3663 3790 3785 3844 κρε-

2143 3860 2322 3929 μασθῇ
2352 3859 2428 3919 εἰς
2459 3858 2550 3912 τὸν
2589 3857 2872 3933 τράχηλον
2926 3859 3118 3927 αὐτοῦ,
3150 3859 3240 3913 καὶ
3285 3862 3684 3932 καταποντισθῇ
3734 3858 3784 3912 ἐν

2137 3951 2218 4018 τῷ
2269 3946 2493 4020 πελάγει
2547 3954 2647 4015 τῆς
2705 3946 3065 4018 θαλάσσης-ἢ
3120 3945 3230 4014 ἵνα,
3269 3971 3294 3996 ‹‹
3353 3947 3426 4008 ὡς
3487 3948 3514 4001 ὁ
3576 3953 3788 4008 Λουκᾶς

2139 4036 2465 4109 προσέθηκε,
2501 4062 2529 4087 (ι
2569 4033 2903 4110 σκανδαλίσῃ
2944 4042 3051 4091 τῶν
3108 4040 3316 4110 μικρῶν
3365 4035 3574 4091 τούτων
3611 4033 3724 4092 ἕνα.
3758 4058 3787 4086 ››

2209 4304 2262 4356 3.
2299 4301 2366 4357 Τί
2414 4302 2515 4376 γὰρ
2578 4297 2761 4358 ἔλειπε
2823 4299 3175 4365 διδασκαλίας
3240 4302 3314 4364 είς
3381 4297 3650 4358 εὐσέϐειαν
3716 4307 3785 4376 τῇ

2137 4390 2404 4463 καθολικῇ
2466 4389 2761 4461 Ἐκκλησία
2793 4394 2925 4464 (13),
2954 4389 3046 4445 ’ίνα
3088 4396 3178 4445 νῦν
3229 4391 3351 4464 περὶ
3403 4391 3634 4454 πίστεως
3685 4399 3787 4462 ζη-

2135 4484 2293 4547 τῶσι,
2323 4480 2413 4533 καὶ
2460 4482 2561 4548 τὴν
2613 4481 2862 4534 ὑπατείαν
2908 4485 3014 4534 τῶν
3060 4482 3342 4556 παρόντων
3377 4480 3593 4555 χρόνων
3648 4501 3784 4556 προ-

2136 4569 2368 4623 τάσσωσι
2412 4574 2520 4622 τῶν
2572 4571 2698 4640 παρ’
2747 4571 2924 4624 αὐτῶν
2975 4569 3329 4642 ἐκτιθεμένων
3373 4569 3631 4644 ῥημάτων
3683 4567 3785 4638 δῆ-

2139 4671 2223 4722 οιν
2274 4659 2394 4733 περὶ
2451 4658 2681 4719 πίστεως
2711 4677 2724 4726 ;
2757 4657 3057 4733 Ούρτάκιος
3109 4660 3208 4734 γὰρ
3257 4658 3348 4714 καὶ
3406 4657 3654 4731 Οὐάλης,
3695 4660 3784 4713 καὶ

443 4844 484 4879 ⁸⁸
519 4844 632 4900 lea.
665 4860 759 4911 LII,
791 4844 860 4912 5;
895 4842 1060 4897 Rom.
1101 4858 1156 4912 ιι,
1187 4841 1277 4896 24.
1355 4841 1399 4875 θ’
1430 4839 1635 4896 Matth.
1667 4857 1826 4910 xvm,
1857 4841 1892 4895 6
1923 4857 1936 4908 ;
1970 4843 2036 4898 ιι

2156 4858 2272 4912 ινιι,
2304 4844 2361 4899 2.

443 5043 520 5114 (7)
553 5042 645 5096 Sic
675 5041 907 5113 Regius.
945 5040 1094 5096 Editi
1127 5056 1281 5108 vero,
1317 5039 1514 5114 αὐτῶν.

445 5107 522 5185 (8)
555 5107 824 5185 Ottobon.
877 5114 902 5166 1
957 5117 1015 5185 et
1060 5114 1095 5166 2
1143 5118 1200 5166 et
1247 5107 1498 5185 Felckm.
1533 5109 1860 5185 3,,γενέσθαι
1896 5107 2023 5185 σύν-

373 5177 522 5255 985v;
573 5186 659 5238 καὶ
711 5182 1102 5255 τοὺςᾼπάντας
1163 5182 1523 5254 μεταπείθειν,
1575 5177 1713 5235 ὥστε
1759 5182 1857 5248 τὴν
1902 5177 2022 5255 ἀσί-

375 5251 521 5310 δειαν
552 5257 666 5310 ἀντὶ
697 5263 798 5324 τῆς
829 5253 1092 5328 ἀληθείας
1122 5251 1390 5328 κρατῆσαι
1425 5251 1928 5328 Δπανταχοῦ-(1³810.
1964 5254 2016 5328 3,

369 5328 603 5401 πάντων)
633 5323 946 5399 νομίζοντες
1000 5323 1252 5388 δύνασθαι
1300 5324 1538 5397 καλύψαι
1589 5323 1686 5393 τῆν
1731 5323 1782 5377 ἐν
1831 5323 2021 5392 Νικαίᾳ

370 5397 612 5485 σύνοδον.
645 5397 866 5485 Πρῶτον
902 5399 996 5485 μὶχ
1029 5397 1145 5466 οὖν,
1177 5400 1378 5455 eadem
1431 5399 1657 5454 scilicet
1702 5397 2016 5462 sententia,

368 5477 468 5529 sed
498 5473 748 5530 inversis
779 5473 1114 5544 phrasibus.

449 5546 527 5632 (9)
568 5539 814 5632 Felclmi.
849 5540 1424 5632 3;':6t£v006[.‘16‘J‘.-Aiii
1457 5539 2017 5632 omnps‘pumhedi-

369 5609 850 5688 ιὶελδιενοούμην.
887 5616 1143 5688 Utraque
1160 5609 1338 5671 lectio
1371 5615 1638 5685 quadrat.
1674 5613 1804 5668 Mox
1839 5609 2012 5668 Basil.

369 5697 427 5749 et.
457 5687 689 5745 Felckm
702 5684 732 5744 .’
745 5684 799 5754 3,
832 5684 1177 5759 ἠσχάλομεν.

2205 5040 2312 5111 (10)
2342 5039 2436 5112 Sic
2466 5039 2680 5112 Regius
2709 5044 2766 5096 et
2795 5039 3068 5096 Ottobon.
3105 5042 3156 5108 1,
3182 5043 3240 5096 2.
3275 5043 3337 5096 In
3371 5039 3504 5096 aliis
3534 5044 3592 5096 et
3611 5040 3786 5096 editis

2135 5110 2301 5166 deest
2319 5110 2410 5164 καὶ
2440 5110 2610 5166 κάτω.

2205 5184 2317 5253 (11)
2351 5184 2623 5239 Ottobon.
2661 5185 2684 5237 1
2720 5187 2777 5238 et
2823 5183 3011 5238 Felck.
3045 5185 3098 5249 3,
3151 5179 3352 5236 πλατύ.
3409 5182 3537 5239 Mox
3587 5183 3781 5239 Felck.

2132 5255 2184 5323 3,
2213 5254 2269 5327 οἱ
2305 5253 2640 5327 Χριστιανοί,
2679 5257 2848 5327 male.

2202 5326 2312 5395 (12)
2347 5324 2437 5381 Sic
2464 5331 2678 5398 Regius
2709 5332 2763 5381 et
2811 5326 3088 5381 Ottobon.
3140 5328 3194 5380 2.
3229 5325 3380 5380 Editi
3431 5329 3487 5379 et
3539 5324 3639 5398 alii
3691 5329 3783 5376 νῦν

2129 5404 2263 5468 ante
2294 5396 2584 5468 πιστεύειν.
2618 5398 2797 5454 Paulo
2830 5405 2963 5468 post
2995 5398 3266 5453 Ottobon.
3304 5400 3353 5464 1,
3379 5400 3433 5466 2,
3461 5402 3518 5453 et
3551 5396 3700 5452 Felc.
3725 5400 3780 5467 3,

2127 5467 2273 5540 παρὰ
2301 5466 2379 5538 τῷ
2413 5466 2550 5540 λαῷ.

2199 5541 2305 5609 (13)
2342 5541 2469 5596 Haec
2520 5541 2812 5596 habentur
2853 5541 3010 5606 apud
3062 5543 3380 5609 Socratem,
3419 5540 3517 5595 lib.
3553 5557 3591 5594 ιι
3623 5542 3777 5596 Hist.

2123 5613 2335 5679 coclea,
2371 5630 2421 5667 c.
2470 5614 2556 5669 37.
2595 5615 2826 5684 Regius,
2861 5609 3218 5684 ’ejkmc._lb_id.
3261 5613 3516 5668 Socratis
3567 5612 3778 5668 editio-

2125 5699 2228 5739 nes
2257 5689 2500 5755 veteres,
2535 5684 2609 5748 εἰς
2640 5680 2992 5747 δῖδασκαλίας
3024 5680 3316 5739 εύσέοειαν.
