4082 6402
244 469 364 532 685

1717 467 1820 527 DE
1866 466 2225 529 SYNODIS.

3554 471 3674 533 686

246 599 534 678 Γερμίνιος
591 601 724 674 (id),
772 599 861 655 καὶ
914 600 968 654 οἱ
1022 598 1114 654 σὺν
1176 599 1364 661 αὐτοῖς
1421 598 1806 669 πεποιήκασιν,
1865 596 1896 652 ’ὁ

2028 599 2376 656 3hristianos
2407 599 2497 656 vel
2530 600 2749 656 factum
2799 599 2887 656 vel
2939 601 3209 657 auditum
3262 601 3470 659 fuerat.
3523 605 3669 661 Cum

245 693 386 767 μήτε
436 692 650 768 γέγονε,
711 691 850 764 μήτε
895 686 1143 761 ἠκούσθη
1189 689 1416 745 πώποτε
1463 688 1609 765 παρὰ
1642 693 1897 764 Χριστια-

241 787 382 844 νοῖς.
445 779 751 855 Γράψαντες
807 777 946 854 γάρ,
1003 779 1078 841 ὡς
1133 775 1335 848 ἤθελον
1392 777 1553 833 αὐτοὶ
1610 776 1899 846 πιστεύειν,

245 871 545 949 προέταξαν
579 869 678 938 τήν
712 866 989 935 ὑπατείαν,
1021 866 1112 922 καὶ
1140 867 1233 922 τὸν
1268 872 1436 941 μῆνα,
1475 865 1567 921 καὶ
1614 866 1711 935 τὴν
1761 863 1902 938 ἠμέ-

252 981 348 1039 ραν
379 963 478 1015 τοῦ
508 957 776 1036 παρόντος
806 955 1031 1034 χρόνου·
1058 953 1152 1011 ’ίνα
1183 954 1397 1028 δείξωσι
1426 961 1555 1010 πᾶσι
1602 960 1720 1017 τοῖς
1767 974 1900 1033 φρο-

251 1049 458 1124 νίμοις,
493 1048 578 1102 δτι
607 1047 683 1121 μὴ
715 1046 1003 1124 πρότερον,
1035 1044 1180 1102 ἀλλὰ
1225 1050 1315 1101 νῦν
1377 1044 1464 1100 ἐπὶ
1526 1043 1902 1100 Κωνσταντίου

251 1139 433 1215 ἀρχὴν
492 1131 609 1213 ἔχει
665 1133 872 1191 τούτων
927 1137 962 1206 ἠ
1011 1132 1214 1197 πίστις.
1245 1135 1426 1215 Πάντα
1455 1133 1557 1209 γὰρ
1608 1132 1746 1206 πρὸς
1800 1132 1900 1201 τήν

250 1226 390 1283 ἰδίαν
425 1223 629 1301 α’ίρεσιν
686 1223 980 1300 βλέποντες
1035 1220 1286 1301 ἔγραψαν.
1323 1224 1467 1299 Πρὸς
1512 1220 1749 1293 τούτοις,
1780 1219 1903 1294 περὶ

246 1321 346 1374 τοῦ
378 1315 576 1392 Κυρίου
615 1313 1085 1390 προσποιούμενοι
1134 1314 1385 1392 γράφειν,
1418 1310 1590 1368 ἄλλον
1638 1307 1904 1380 δεσπότην

249 1406 610 1480 ὀνομάζουσιν
671 1403 885 1468 ἑαυτοῖς
941 1405 1055 1477 (15)
1109 1400 1516 1457 Κωνστάντιον·
1569 1398 1727 1461 αὐτὸς
1798 1398 1900 1474 γὰρ

247 1494 315 1565 ἦν
348 1494 501 1564 ὁτήν
537 1492 847 1549 δυναστείαν
907 1499 1008 1562 τῆς
1062 1486 1306 1553 ἀσεϐείας
1371 1491 1563 1554 αὐτοῖς
1618 1488 1897 1565 παρέχων·

251 1586 342 1639 καὶ
373 1582 592 1637 αἰώνιον
625 1579 681 1637 δὲ
713 1582 876 1637 αὐτὸν
917 1579 1148 1656 βασιλέα
1196 1580 1475 1657 εἰρήκασιν
1527 1578 1578 1632 οἱ
1633 1577 1726 1633 τὸν
1776 1577 1898 1631 Υἱὸν

245 1670 428 1728 ἀίδιον
460 1670 807 1745 ἀρνούμενοι·
843 1669 1016 1732 οὕτως
1049 1668 1152 1724 sic?
1202 1670 1339 1743 πρὸς
1384 1662 1631 1723 ἀσέϐειαν
1673 1673 1900 1744 Χριστο-

252 1764 451 1838 μάχοι.
485 1758 643 1818 Ἀλλ’
684 1757 817 1822 ἴσως
874 1759 1062 1823 αὐτοῖς
1117 1758 1229 1814 ἐστι
1285 1758 1555 1836 πρόφασις
1612 1759 1710 1826 τῆς
1775 1757 1904 1811 ὑπα-

244 1851 394 1914 τείας
452 1852 487 1921 ἠ
545 1854 653 1905 τῶν
708 1848 877 1924 ἁγίων
936 1851 1236 1926 προφητῶν
1292 1844 1688 1924 χρονογραφία.
1723 1842 1904 1900 Ἀλλὰ

244 1937 344 1996 κᾶν
370 1943 531 1995 τοῦτο
560 1937 916 2010 τολμήσωσιν
954 1935 1147 2004 εἰπεῖν,
1181 1932 1323 1990 πολὺ
1372 1936 1472 2004 τὴν
1521 1932 1756 2007 ἀμαθίαν
1787 1934 1899 2007 (16)

244 2028 449 2084 ἑαυτῶν
503 2024 935 2102 ἐξαγγέλλουσιν·
984 2026 1038 2079 αἱ
1092 2024 1185 2098 μὲν
1236 2024 1336 2099 γὰρ
1385 2026 1495 2078 τῶν
1548 2023 1719 2097 ἁγίων
1771 2041 1904 2098 προ-

242 2122 461 2196 φητεῖαι
492 2115 707 2192 χρόνων
736 2112 926 2191 ἔχουσι
963 2116 1068 2187 μνή
1082 2135 1213 2187 μην.
1247 2114 1341 2167 Καὶ
1378 2110 1599 2173 Ἡσαΐας
1655 2112 1747 2185 μὲν
1808 2111 1900 2165 καὶ

244 2206 409 2277 Ὠσηὶ
465 2203 520 2260 ἐν
577 2205 812 2279 ἡμέραις
845 2202 1048 2273 Ὀζίου,
1097 2202 1188 2257 καὶ
1248 2201 1508 2275 Ἰωάοαμ,
1559 2200 1649 2255 καὶ
1710 2200 1898 2276 ’Δχὰζ,

243 2295 337 2350 καὶ
370 2293 614 2364 Ἐζεκίου
641 2292 943 2370 γεγόνασιν.
978 2289 1242 2367 Ἱερεμίας
1302 2288 1360 2345 δὲ
1408 2289 1459 2344 ἐν
1512 2290 1745 2364 ἡμέραις
1777 2290 1899 2346 Ἰω-

244 2381 389 2455 σίου,
419 2381 682 2452 Ἰεζεκιὴλ
741 2383 853 2457 (17)
902 2377 962 2436 δὲ
1019 2379 1110 2434 καὶ
1171 2378 1375 2449 Δανιὴλ
1434 2377 1522 2433 ἐπὶ
1581 2377 1758 2454 Κύρου
1810 2376 1899 2433 καὶ

249 2471 496 2546 Δαρείου,
529 2470 619 2525 καὶ
650 2467 817 2525 ἄλλοι
848 2468 899 2523 ἐν
931 2465 1129 2530 ἄλλοις
1187 2466 1412 2543 χρόνοις
1470 2467 1899 2544 προεφήτευσαν,

245 2561 310 2616 ού
367 2566 470 2625 τῆς
529 2553 834 2624 θεοσεϐείας
895 2557 1074 2635 ἀρχὴν
1127 2551 1626 2630 καταϐαλλόμενοι·
1675 2556 1743 2625 ἦν
1796 2556 1900 2633 γὰρ

243 2650 335 2706 καὶ
366 2650 474 2725 πρὸ
502 2648 700 2717 αὐτῶν,
735 2647 826 2703 καὶ
885 2648 966 2702 ἀεὶ
1017 2646 1104 2715 ἧν,
1135 2646 1227 2701 καὶ
1281 2646 1387 2721 πρὸ
1436 2640 1753 2715 καταϐολῆς
1808 2644 1902 2699 κό-

249 2759 394 2812 σμου
423 2736 624 2808 ταύτην
674 2738 811 2809 ἡμῖν
860 2736 889 2789 ὁ
919 2736 1051 2795 Θεὸς
1101 2734 1152 2790 ἐν
1204 2737 1423 2810 Χριστῷ
1467 2734 1898 2811 προητοίμασεν·

248 2824 380 2884 ούδέ
408 2830 507 2896 τῆς
534 2825 709 2881 αὐτῶν
743 2822 811 2896 δὴ
844 2823 1078 2886 πίστεως
1122 2822 1248 2886 τοὺς
1298 2822 1533 2899 χρόνους
1580 2821 1899 2898 ἐσήμαινον·

247 2917 388 2987 ἦσαν
454 2915 549 2989 μὲν
602 2913 692 2969 καὶ
740 2914 847 2987 πρὸ
877 2912 1083 2968 τούτων
1114 2916 1223 2967 τῶν
1265 2911 1481 2988 χρόνων
1510 2910 1663 2966 αύτοὶ
1693 2911 1898 2966 πιστοί·
1938 2947 1952 2960 .

245 3003 400 3061 ἀλλὰ
451 3010 551 3073 τῆς
604 3000 676 3058 δι’
728 3001 905 3058 αὐτῶν
986 3000 1316 3077 ἀπαγγελίας
1379 3000 1516 3069 ἦσαν
1574 3001 1625 3054 οἱ
1683 3000 1899 3075 χρόνοι.

244 3097 349 3150 ,Ἦν
382 3095 494 3168 (18)
530 3090 588 3148 δι
615 3094 650 3162 ἡ
691 3090 996 3169 ἀπαγγελία
1022 3090 1412 3165 προηγουμένη
1477 3089 1570 3163 μὶν
1625 3089 1750 3164 περὶ
1804 3091 1902 3158 τῆς

247 3180 550 3255 ἐπιδημίας
577 3185 674 3236 τοῦ
716 3187 1000 3255 Σωτῆρος,
1034 3178 1467 3251 ἐπακολούθημα
1506 3175 1563 3232 δὲ
1609 3178 1734 3254 περὶ
1790 3182 1899 3233 τῶν

248 3270 524 3345 ἐσομένων
570 3274 652 3341 τῷ
699 3267 922 3343 Ἰσραὴλ
981 3267 1073 3323 καὶ
1129 3272 1247 3330 τοῖς
1292 3262 1484 3323 ἔθνεσι.
1518 3265 1618 3333 Καὶ
1662 3267 1798 3336 ἦσαν
1850 3266 1901 3321 οἱ

1932 1983 1979 2047 Β

2020 689 2176 745 enim
2209 689 2589 762 scripsissent
2618 706 2796 763 quam
2822 689 2934 763 ipsi
2952 690 3163 746 vellent
3184 691 3317 747 fidei
3333 691 3670 765 formulam,

2013 778 2387 836 consulatum
2417 779 2583 835 initio
2616 784 2967 852 posuerunt,
3001 797 3264 836 mensem
3295 780 3458 851 item,
3493 786 3671 855 atque

2012 867 2174 925 illius
2203 868 2339 923 anni
2374 868 2625 937 diem,ut
2656 868 3045 942 prudentibus
3076 870 3353 925 omnibus
3374 870 3568 943 palam
3593 872 3670 927 fa-

2012 960 2353 1027 cerent,non
2387 958 2687 1026 antea,sed
2725 974 2880 1014 nunc
2911 959 3149 1014 demum
3179 957 3288 1014 sub
3326 959 3669 1015 Constantio

2011 1062 2213 1103 eorum
2242 1046 2483 1119 ccepisse
2517 1048 2712 1104 fidem.
2748 1048 2811 1103 In
2842 1047 2936 1103 his
2965 1047 3181 1120 quippe
3211 1048 3487 1104 omnibus
3519 1049 3668 1105 scri—

2012 1136 2131 1209 ptis
2161 1135 2286 1192 suis
2312 1153 2492 1192 unam
2528 1136 2762 1193 haeresis
2793 1154 2911 1193 sua:
2934 1153 3133 1193 curam
3161 1136 3526 1193 habuere.Ad
3545 1138 3669 1193 haec

2012 1242 2147 1281 cum
2175 1241 2236 1281 se
2266 1226 2338 1281 de
2367 1226 2616 1282 Domino
2660 1226 2915 1282 scribere
2964 1225 3268 1293 simulent,
3321 1225 3504 1282 alium
3554 1227 3666 1282 sibi

2000 1315 2317 1370 dominum
2347 1318 2557 1370 vocant
2584 1314 3076 1371 Constantium.ls
3101 1315 3258 1370 enim
3292 1319 3416 1371 erat
3439 1315 3540 1388 qui
3563 1317 3669 1371 im-

2011 1404 2212 1477 pietati
2238 1420 2440 1460 eorum
2494 1407 2837 1477 potestatem
2895 1404 3212 1475 tribuebat,
3272 1420 3527 1478 eumque
3586 1404 3669 1460 illi

2012 1502 2289 1549 aeternum
2322 1492 2734 1565 imperatorem
2764 1492 3263 1566 appellarunt,qui
3290 1493 3500 1549 Filium
3524 1510 3671 1550 sem-

2011 1583 2310 1656 piternum
2339 1598 2467 1638 esse
2498 1586 2714 1655 negant
2747 1600 2759 1638 :
2796 1583 2937 1638 adeo
2969 1586 3167 1655 aperte
3216 1598 3321 1653 pro
3369 1582 3671 1655 impietate

2012 1688 2121 1727 sua
2151 1671 2447 1728 Christum
2478 1676 2843 1744 oppugnant.
2874 1672 2983 1728 Sed
3027 1672 3277 1728 fortasse
3327 1676 3668 1728 sanctorum

2011 1760 2429 1834 prophetarum
2463 1760 2949 1833 chronograpbia,
2984 1758 3331 1817 consulatus
3369 1760 3671 1817 indicandi

2012 1866 2190 1907 causa
2218 1848 2336 1906 illis
2366 1850 2496 1906 fuit.
2530 1854 2601 1905 At
2633 1850 2681 1905 si
2714 1849 2770 1904 id
2807 1849 3035 1905 effutire
3066 1849 3193 1905 ausi
3228 1849 3464 1917 fuerint,
3497 1866 3666 1906 suam

2011 1938 2148 1994 hinc
2181 1938 2474 1999 inscitiam
2502 1938 2786 2010 liquidius
2817 1943 3303 1995 commonstrant.
3318 1943 3667 1995 Sanctorum

2010 2028 2168 2084 enim
2191 2028 2505 2101 prophetia)
2524 2033 2854 2101 temporum
2874 2028 3095 2084 habent
3113 2028 3670 2084 memoriam.lsaias

2010 2117 2228 2189 quippe
2258 2121 2314 2173 et
2343 2118 2487 2173 Osee
2516 2116 2575 2172 in
2609 2116 2819 2174 diebus
2850 2117 2998 2173 Osias
3028 2122 3087 2173 et
3105 2116 3378 2173 Joatham
3402 2121 3458 2173 et
3479 2116 3672 2173 Achaz

2010 2209 2068 2261 et
2091 2204 2347 2261 Ezechias
2380 2207 2668 2272 vixerunt,
2702 2206 2858 2263 574
2887 2205 3171 2262 Jeremias
3204 2204 3264 2260 in
3311 2205 3522 2260 diebus
3570 2205 3671 2260 Jo-

2011 2293 2132 2362 sine,
2203 2293 2458 2351 Ezechiel
2527 2298 2584 2350 et
2648 2294 2852 2351 Daniel
2904 2294 3014 2350 sub
3063 2296 3206 2367 Cyro
3257 2295 3314 2349 et
3349 2293 3540 2361 Dario,
3573 2292 3672 2349 alii

2009 2383 2153 2438 item
2187 2382 2317 2440 aliis
2352 2382 2769 2456 prophetavere
2812 2383 3200 2455 temporibus.
3252 2382 3380 2439 Non
3428 2382 3668 2453 quidem

2012 2472 2169 2546 quod
2202 2476 2328 2528 tum
2360 2471 2662 2545 religionis
2695 2471 3018 2545 primordia
3042 2471 3509 2541 constituerent;
3537 2487 3674 2527 nam

2015 2578 2083 2621 ea
2111 2565 2247 2617 ante
2275 2561 2435 2634 ipsos
2468 2560 2692 2617 exstitit
2721 2565 2775 2616 et
2805 2577 3038 2633 semper
3066 2561 3274 2626 fuerat,
3309 2564 3492 2632 atque
3546 2563 3679 2616 ante

2016 2651 2224 2706 mundi
2257 2649 2741 2706 constitutionem
2774 2648 2924 2705 hanc
2954 2650 3145 2722 ipsam
3180 2649 3350 2705 nobis
3411 2649 3566 2705 Deus
3615 2649 3676 2705 in

2011 2739 2240 2794 Christo
2292 2738 2674 2810 praeparavit;
2727 2753 2914 2807 neque
2959 2736 3042 2791 illi
3090 2736 3224 2793 ﬁdei
3256 2754 3375 2793 suae
3410 2741 3678 2809 tempora

2010 2827 2444 2899 signiﬁcabant,
2477 2842 2607 2883 cum
2640 2829 2772 2882 ante
2801 2825 2899 2880 illa
2932 2825 3136 2882 ﬁdeles
3167 2824 3405 2885 fuerint.
3430 2827 3530 2881 sed
3556 2844 3674 2882 suae

2011 2914 2476 2973 annuntiationis
2495 2919 2762 2986 tempora
2781 2914 3284 2980 indicabant.Qum
3304 2914 3675 2970 annuntiatio

2010 3005 2202 3078 primo
2234 3020 2299 3060 ac
2328 3004 2617 3077 precipue
2640 3003 2958 3059 Salvatoris
2989 3003 3298 3075 spectabat
3326 3004 3674 3070 adventum;

2012 3093 2431 3165 secundo,quaa
2463 3092 2679 3148 Judaeis
2710 3092 3104 3164 gentibusque
3132 3092 3460 3149 obventura
3490 3097 3676 3148 erant.

2010 3183 2273 3254 Tempus
2306 3185 2502 3237 autem
2538 3181 2930 3248 indicabatur,
2964 3197 3081 3236 non
3114 3180 3355 3252 inceptae
3395 3180 3553 3251 fidei,
3597 3180 3681 3236 uti

2011 3287 2194 3344 supra
2225 3270 2366 3340 dixi,
2399 3271 2503 3326 sed
2537 3270 2802 3342 ipsorum
2837 3270 3277 3342 prophetarum,
3311 3287 3429 3342 quo
3462 3269 3687 3326 scilicet

250 3360 448 3437 χρόνοι
475 3359 871 3432 σημαινόμενοι
904 3358 1007 3413 οὐκ
1054 3358 1234 3433 ἀρχῆς
1278 3356 1536 3423 πίστεως,
1568 3355 1708 3410 καθὰ
1764 3375 1897 3432 προ-

2028 3361 2128 3433 ipsi
2163 3360 2289 3415 haec
2318 3358 2831 3431 prophetarent.Hi
2864 3363 3059 3416 autem
3091 3358 3271 3429 hujus
3292 3359 3573 3431 temporis
3594 3376 3688 3414 sa-

248 3454 430 3519 εἷπον,
462 3445 589 3502 ἀλλ’
618 3444 793 3501 αὐτῶν
823 3449 932 3499 τῶν
972 3448 1296 3519 προφητῶν,
1330 3444 1448 3497 καθ’
1479 3441 1573 3503 οὓς
1624 3442 1774 3497 οὗτοι
1797 3442 1907 3515 (19)

2028 3450 2270 3523 pientes,
2300 3465 2415 3504 non
2449 3448 2505 3502 in
2534 3447 2789 3504 historia
2822 3448 3176 3517 narratione,
3211 3464 3317 3504 nec
3350 3449 3409 3503 in
3458 3449 3685 3504 futuro-

250 3537 563 3614 γενόμενοι,
596 3538 818 3589 τοιαῦτα
848 3535 1240 3612 προεφήτευον.
1273 3532 1442 3589 Οὗτοι
1473 3529 1530 3586 δὲ
1584 3531 1636 3585 οἱ
1683 3534 1775 3585 νῦν
1818 3551 1908 3585 σο-

2028 3556 2150 3594 rum
2182 3538 2578 3610 praedictione,
2613 3537 2715 3594 sed
2749 3541 3063 3609 postquam
3097 3536 3218 3593 haec
3280 3537 3683 3609 scripsissent,

254 3626 371 3705 φοὶ,
422 3623 531 3700 ούχ
594 3623 833 3700 ίστορίας
888 3621 1269 3696 ἐξηγούμενοι,
1327 3617 1456 3674 οὐδὲ
1510 3619 1578 3675 τὰ
1637 3617 1912 3693 μέλλοντα

2028 3627 2235 3682 ιΕάἱῐα
2264 3631 2354 3683 est
2384 3627 2529 3682 ﬁdes
2558 3626 2867 3696 catholica,
2886 3642 3062 3681 nmox
3092 3626 3370 3683 addidere
3392 3631 3447 3683 et
3468 3643 3683 3682 consu-

254 3713 649 3791 προλέγοντες,
709 3711 856 3767 ἀλλὰ
911 3710 1239 3787 γράψαντες,
1273 3707 1577 3780 «Ἐξετέθη
1636 3710 1671 3778 ἡ
1728 3706 1912 3769 πίστις

2028 3716 2205 3771 latum
2237 3722 2294 3771 et
2323 3731 2584 3772 mensem
2618 3716 2943 3781 etdiem,ut
2961 3716 3457 3787 quemadmodum
3490 3714 3683 3771 sancti

258 3806 295 3873 ἡ
327 3802 622 3871 καθολική,
658 3825 679 3853 ι
731 3799 884 3863 εὐθὺς
936 3799 1274 3874 προσέθηκαν
1328 3798 1418 3851 καὶ
1474 3798 1575 3866 τὴν
1637 3795 1911 3869 ὑπατείαν,

267 3892 361 3948 καί
416 3893 506 3947 τὸν
570 3898 737 3966 μῆνα,
770 3890 859 3945 καὶ
915 3890 1015 3958 τὴν
1070 3890 1304 3964 ἡμέραν·
1330 3885 1437 3942 ’ίνα’
1470 3887 1651 3964 ὥσπερ
1683 3888 1734 3942 οἱ
1766 3887 1914 3962 ἅγιοι

263 3986 374 4037 τῶν
407 3982 662 4058 ἱστοριῶν
693 3980 784 4035 καὶ
812 3982 911 4049 τῆς
936 3979 1141 4034 ἑαυτῶν
1175 3975 1452 4040 διακονίας
1496 3975 1624 4039 τοὺς
1682 3975 1919 4053 χρόνους

265 4069 522 4149 ἔγραφον,
550 4068 724 4131 οὕτως
754 4068 903 4123 οὗτοι
949 4074 1051 4137 τῆς
1098 4066 1302 4121 ἑαυτῶν
1351 4063 1585 4127 πίστεως
1628 4065 1720 4119 τὸν
1777 4064 1920 4139 χρύ-

263 4181 355 4215 νον
410 4148 719 4232 σημανωσι.
781 4157 880 4212 Καὶ
936 4154 1044 4211 εἴθε
1096 4154 1223 4230 περὶ
1276 4159 1377 4224 τῆς
1433 4154 1637 4209 ἑαυτῶν
1688 4148 1919 4231 ἔγραφον

263 4253 361 4304 νῦν
416 4247 518 4324 γὰρ
573 4244 772 4322 ἤρξατο
804 4247 938 4320 (20),
970 4244 1172 4318 καὶμὴ
1233 4242 1308 4305 ὡς
1364 4244 1489 4320 περὶ
1536 4248 1636 4312 τῆς
1691 4241 1922 4297 καθολιο

265 4340 369 4407 κῆς
418 4334 759 4413 ἐπεχείρουν·
794 4333 857 4389 ού
914 4334 1015 4410 γὰρ
1070 4330 1333 4408 ἔγραψαν,
1359 4329 1516 4386 Οὕτω
1573 4329 1920 4405 πιστεύομεν,

265 4424 398 4483 ἀλλ’
422 4426 505 4480 ὅτι
537 4448 567 4478 ι(
596 4423 840 4498 Ἐξετέθη
870 4425 907 4493 ἡ
937 4421 1206 4491 καθολικὴ
1238 4421 1441 4483 πίστις,
1479 4444 1507 4472 ››

345 4536 397 4589 4.
428 4532 505 4591 Τὸ
539 4532 631 4606 μὲν
667 4528 759 4586 οὖν
805 4528 1092 4606 τολμηρὸν
1142 4536 1242 4598 τῆς
1289 4528 1658 4605 προαιρέσεως
1707 4526 1924 4604 ἐλέγχει

265 4622 370 4691 τήν
404 4620 634 4695 ἀμαθίαν
668 4618 843 4675 αὐτῶν
878 4621 1013 4693 (21)·
1040 4619 1104 4672 τὸ
1160 4614 1218 4672 δὲ
1263 4618 1446 4672 καινὸν
1504 4615 1779 4691 ἐπινόημα
1826 4624 1925 4687 τῆς

2023 3805 2108 3861 illi
2141 3804 2446 3860 historiam
2479 3804 2691 3877 suique
2741 3804 3059 3860 ministerii
3107 3808 3372 3876 tempora
3420 3805 3681 3876 scripse-

2026 3901 2177 3960 rant,
2211 3892 2296 3949 sic
2325 3892 2422 3948 isti
2454 3909 2572 3948 suae
2602 3891 2736 3947 ﬁdei
2768 3896 3002 3963 tempus
3031 3890 3445 3961 signiﬁcarent.
3478 3893 3673 3963 Atque

2030 3982 2255 4038 utinam
2288 3982 2361 4037 de
2391 3998 2500 4036 sua
2529 3985 2761 4036 tantum
2789 3980 2902 4036 ﬁde
2934 3979 3278 4046 scriberent,
3310 3997 3466 4037 nunc
3517 3981 3674 4037 enim

2028 4088 2162 4127 vere
2204 4070 2423 4143 incepit
2453 4069 2574 4137 illa,
2606 4085 2711 4125 nec
2743 4069 2913 4142 quasi
2942 4069 3014 4125 de
3044 4068 3331 4126 catholica
3362 4069 3518 4143 loqui
3549 4070 3680 4127 ausi

2028 4160 2301 4216 fuissent.
2332 4160 2458 4216 Non
2490 4159 2647 4216 enim
2687 4158 2974 4231 scripsere
3007 4176 3020 4215 :
3054 4161 3142 4215 lta
3187 4158 3505 4232 credimus,
3554 4162 3679 4231 sed,

2032 4271 2061 4300 ‹‹
2095 4249 2262 4305 Edita
2292 4252 2381 4306 est
2410 4246 2699 4305 catholica
2727 4248 2892 4304 fides.
2930 4269 2953 4299 ι

2106 4535 2159 4588 4.
2193 4531 2486 4603 Propositi
2518 4532 2699 4605 igitur
2737 4532 2985 4589 audacia
3040 4513 3244 4591 eorum
3292 4528 3687 4609 ignorantiam

2037 4621 2256 4695 prodit.
2282 4621 2439 4677 Nova
2469 4627 2665 4678 autem
2698 4621 2798 4678 illa
2824 4623 3119 4680 scribendi
3151 4625 3299 4681 ratio
3321 4629 3549 4681 Arianae
3583 4626 3692 4680 hae-

267 4717 488 4787 γραφῆς
512 4708 632 4765 ⁹ίσον
684 4708 796 4765 ἐστὶ
839 4715 941 4779 τῆς
973 4709 1253 4783 Ἀρειανῆς
1301 4704 1580 4784 αἱρέσεως.
1614 4703 1773 4764 Οὕτω
1825 4708 1912 4785 γὰρ

2039 4711 2155 4768 resi
2187 4716 2583 4767 consentanea
2611 4715 2719 4768 est.
2758 4713 3058 4785 Ejusmodi
3092 4714 3247 4770 enim
3280 4715 3518 4787 scriptis
3568 4713 3693 4770 suis

268 4798 575 4880 γράψαντες
615 4799 839 4875 ἔδειξαν,
871 4799 1005 4856 πότε
1065 4799 1159 4875 μὶν
1220 4797 1452 4873 ἤρξαντο
1509 4798 1776 4855 πιστεύειν
1833 4800 1926 4856 αύ-

352 5094 468 5167 (it)
497 5093 715 5167 Regius
772 5095 837 5167 et
881 5091 1138 5167 secret,
1186 5091 1510 5167 FERHﬁVLOC:
1562 5088 1823 5167 Felckm.
1878 5090 1937 5159 3,

280 5160 612 5242 Γερμήνιοςῖ
648 5164 777 5242 M_ox
804 5162 996 5242 Qttob.
1027 5164 1063 5217 2
1091 5165 1156 5242 et
1195 5160 1451 5242 Félclam;
1481 5161 1538 5228 3,
1568 5160 1795 5242 πώποτε
1817 5181 1944 5242 ’πα-

283 5232 771 5312 ρξ’)(ριστιανῶν.
822 5238 1003 5312 Socr?
1036 5232 1379 5312 ﬁp'ct__1tagd_
1411 5235 1779 5312 ξριστιανοῖς.
1816 5237 1945 5312 Mox

283 5303 1014 5381 οᾶὶιί,’προσέταξεν,ηῐηαιθ
1066 5305 1240 5361 Basil.
1289 5303 1542 5381 Felck'm.
1597 5306 1651 5370 3,
1687 5303 1946 5381 προσέτα-

284 5375 742 5455 ξανηΒοςὶυε-οξ
762 5382 982 5435 Socrat.
1027 5394 1174 5455 quos
1200 5376 1554 5455 sequimur,
1605 5375 1942 5455 προέταξανς

286 5447 374 5509 ita
406 5447 622 5521 legitur
650 5452 997 5523 infranum.
1047 5447 1102 5515 8,
1155 5448 1256 5523 γὰρ
1314 5447 1942 5523 etpoétaﬁav_'61tatatav.

284 5518 701 5604 Motaﬁ'qcratis
731 5522 1023 5604 editiones
1049 5518 1301 5604 Y‘eteres,
1327 5518 1425 5604 τοῦ
1463 5519 1679 5604 παντὸς.
1711 5518 1944 5604 χρόνου.

359 5596 475 5666 (15)
505 5599 751 5658 Socrat.,
783 5592 1009 5666 ἑαυτῶν.
1057 5593 1184 5647 Haec
1223 5593 1423 5666 confer
1482 5608 1615 5666 cum
1666 5592 1771 5648 his
1820 5609 1949 5665 quae

293 5663 875 5742 apud'_S_ozornenum
906 5663 1185 5742 leguntur
1215 5665 1423 5742 lib,i_v,
1455 5679 1504 5719 c.
1540 5664 1627 5742 i7:

516 5739 601 5821 ita
634 5738 855 5821 Regius
877 5741 937 5793 et
966 5736 1187 5821 Socrat.
1221 5735 1378 5821 Editi
1410 5750 1565 5821 raro,
1596 5733 1878 5821 ἀμάθειανὲ

391 5808 484 5869 17)
514 5811 609 5868 Sic
635 5808 781 5869 edit.
816 5808 1097 5865 Commel.
1131 5812 1352 5865 Bocrat.
1385 5812 1443 5863 et
1473 5823 1682 5864 omnes
1710 5823 1820 5865 ms.
1847 5808 1951 5863 Ed.

2033 4800 2373 4857 indicarunt
2399 4800 2780 4872 quandonam
2812 4801 2924 4874 ipsi
2950 4801 3273 4876 inceperint
3294 4804 3528 4860 credere
3558 4818 3575 4859 :
3608 4806 3694 4858 at-

2050 5107 2199 5166 yero_
2216 5089 2401 5166 Paris.
2428 5089 2652 5166 nullius
2684 5091 2904 5166 codicis
2935 5093 3299 5161 auctoritate,
3321 5093 3591 5166 Ἐζεκιήλ.
3611 5101 3699 5153 In-

2052 5164 2141 5219 fra
2160 5163 2385 5238 ﬁegius
2416 5167 2474 5238 et
2499 5163 2749 5238 Socrat.,
2780 5162 3206 5238 ἐπροφήτευσαν,

2127 5235 2236 5316 (1.8)
2255 5230 2416 5304 Seg.,
2451 5230 2772 5316 ἐπαγγελίας
2810 5230 2948 5303 ἦσαν
2978 5230 3049 5289 ὀἱ
3098 5234 3313 5313 χρόνοι.
3335 5237 3399 5294 Ἠ
3428 5235 3486 5294 δὲ
3537 5238 3699 5316 ἐπαγ..

2054 5301 2231 5379 γελίαί
2244 5301 2680 5379 προ-ηγουμένζος
2704 5304 2827 5379 μέν.

2129 5377 2243 5447 (49)
2270 5374 2473 5432 Socrat
2486 5374 2529 5442 .V,
2561 5374 2735 5432 αὐτοί.

2128 5449 2241 5522 (20)
2274 5448 2369 5522 Sic
2399 5448 2919 5522 editioCommeL,
2948 5453 3085 5522 Reg.
3121 5450 3296 5507 Basil.
3342 5453 3614 5509 Ottobon.
3650 5454 3703 5522 1,

2058 5517 2449 5594 ΕόἱῐίΡειςὶεξη
2481 5517 2597 5572 νυνὶ
2629 5520 2733 5593 γὰρ
2763 5517 3275 5594 ἤρξαντοδὸοονᾶἰ.
3326 5529 3383 5580 et
3424 5524 3616 5581 Felck.
3649 5517 3706 5593 3,

2058 5594 2150 5646 νῦν
2166 5589 2295 5665 γὰρ,
2308 5587 2564 5665 ἤρξαντο.

2135 5660 2260 5744 (21)
2275 5660 2364 5744 Sic
2395 5662 2844 5744 R.egius._1‘;d_iti,
2879 5660 3618 5744 épépsiqv.§ocr._etuFelc.
3653 5670 3708 5740 3,

2061 5730 2160 5801 τήν
2193 5730 2396 5791 ἀθείαν.
2432 5730 2579 5788 ibid.
2616 5730 2951 5791 Felckman.
2980 5737 3030 5801 3,
3064 5735 3125 5790 τὸ
3176 5732 3234 5791 δὲ
3280 5737 3369 5792 καὶ
3419 5741 3505 5792 νῦν
3566 5730 3707 5797 ἐπινί

2063 5806 2212 5866 Ibid.
2245 5807 2496 5875 Socrat.,
2521 5803 2664 5862 'taov.
2699 5810 2826 5864 Mox
2853 5811 3099 5878 Sonat",
3131 5804 3398 5884 ἐδίδαξαν,
3430 5811 3563 5867 πότε
3591 5812 3710 5887 μέν.
