4082 6384
400 404 516 466 687

959 403 1025 462 S.
1070 401 1503 464 ATHANASII
1544 402 1716 464 OPP.
1762 398 1962 462 PARS
2004 396 2054 458 l.
2091 425 2169 444 —
2197 395 2615 457 HISTORICA
2659 395 2762 458 ET
2803 397 3282 462 DOGMATICA.

3701 408 3823 472 688

400 553 526 609 qum
545 552 580 592 a
601 533 871 608 praasenti
904 537 1168 606 tempore
1197 548 1366 589 suam
1397 533 1572 590 ﬁdem
1593 530 1931 589 annuntiarl
1951 545 2039 585 vo-

2165 526 2273 580 τοί*
2309 525 2415 581 ἀπὸ
2446 520 2505 579 δὲ
2532 524 2628 581 τοῦ
2656 527 2748 580 νῦν
2775 524 3068 603 βούλονται
3092 529 3192 599 τὴν
3236 528 3421 587 πίστιν
3469 532 3645 591 αύτῶν
3687 557 3819 595 κατ-

398 624 633 680 lunt.Ac
662 622 1161 696 quemadmodum
1188 623 1358 693 juxta
1391 622 1598 678 Lucam
1631 619 2054 693 evangelistam

405 735 429 764 ι
462 715 665 769 datum
692 717 781 768 est
808 710 1064 766 edictum
1096 711 1140 745 ’³
1174 733 1201 759 ››
1232 710 1303 765 de
1332 711 1744 783 descriptione,
1787 709 2054 779 illudque

401 803 659 859 edictum
708 818 822 857 non
870 799 1036 872 prius
1085 800 1408 868 exstiterat,
1463 801 1563 855 sed
1609 817 1641 855 a
1671 800 1879 854 diebus
1910 796 2052 867 illis,

403 910 437 948 a
474 892 765 964 Scriptore
814 888 1037 946 scilicet
1088 889 1383 957 indicatis,
1434 888 1668 943 initium
1721 886 1918 953 duxit;
1970 885 2055 941 sic

402 984 458 1036 et
486 979 583 1035 isti
613 978 707 1034 his
737 977 952 1044 verbis,
980 998 1009 1027 α
1044 976 1209 1031 Nunc
1240 976 1382 1032 fides
1410 976 1566 1032 edita
1594 973 1939 1047 est,»palam
1970 973 2051 1028 fe-

400 1072 607 1126 cerunt
635 1068 920 1123 haereseos
949 1083 1069 1121 sum
1100 1065 1448 1121 sententiam
1484 1064 1866 1120 recentiorem
1900 1077 2051 1131 esse,

400 1175 506 1214 nec
558 1162 732 1214 antea
770 1155 1083 1212 exstitisse.
1118 1154 1225 1210 Ubi
1257 1158 1452 1210 autem
1486 1154 1859 1218 addiderunt,
1890 1174 1918 1201 α
1951 1168 2046 1206 ca-

395 1246 805 1311 tholicamnon
827 1244 1203 1300 adverterunt
1225 1259 1287 1299 se
1312 1242 1370 1298 id
1389 1246 1527 1299 Cata
1548 1242 1839 1314 Phrygum
1852 1257 2051 1296 amen-

2166 612 2544 691 αγγέλλεσθαι.
2615 616 2715 672 Kal
2797 615 3001 693 ὥσπερ,
3067 618 3205 673 κατᾶ
3265 620 3356 676 τὸν
3430 622 3817 700 εὖαγγελιστήν

2164 708 2397 772 Λουκᾶν,
2439 728 2467 755 ‹‹
2494 702 2670 792 ,ἐτέθη
2719 702 2897 781 δόγμα
2941 730 2970 758 ››
3012 709 3135 784 περὶ
3184 715 3286 780 τῆς
3334 710 3678 792 ἀπογραφῆς,
3729 717 3822 772 ml

2161 797 2326 847 τοῦτο
2375 793 2438 848 τὸ
2489 790 2671 868 δόγμα
2714 794 2977 870 πρότερον
3033 796 3127 869 μὲν
3182 798 3283 854 οὐκ
3327 800 3418 872 ἦν,
3451 790 3572 858 ἀπὸή
3602 802 3662 860 δὲ
3710 811 3822 863 τῶν

2162 880 2384 956 ἡμερῶν
2437 883 2655 937 ὲκείνων
2705 883 2924 958 ἤρξατο,
2957 883 3008 939 ἐν
3059 886 3143 950 αἷς
3189 889 3277 943 καὶ
3325 887 3480 961 ἐτέθη
3668 897 3820 971 παρὰ

2160 975 2256 1025 τοῦ
2285 971 2607 1046 γράψαντος·
2642 971 2785 1059 οὕτω
2831 974 2923 1028 καὶ
2967 975 3116 1030 οὗτοι
3161 977 3481 1053 γράψαντες,
3510 1005 3531 1032 ι
3569 983 3812 1059 Ἐξετέοη

2160 1063 2251 1113 νῦν
2282 1063 2317 1130 ἡ
2350 1061 2555 1131 πίστις,
2591 1086 2620 1113 ››
2647 1057 2871 1133 ἔδειξαν,
2905 1063 2988 1119 ὅτι
3019 1066 3280 1142 νεώτερόν
3323 1067 3435 1124 ἔστι
3483 1069 3546 1125 τὸ
3590 1079 3690 1143 τῆς
3728 1057 3813 1131 al;-

2162 1149 2358 1222 ρὲσεως
2403 1149 2580 1205 αὑτῶν
2633 1152 2909 1226 φρόνημα,
2940 1153 3031 1209 ml
3082 1154 3181 1210 οὐκ
3227 1156 3293 1225 ἦν
3334 1159 3622 1234 πρότερον.
3660 1163 3727 1221 El
3759 1162 3818 1221 δὲ

2161 1239 2528 1311 προστιθέασι,
2557 1264 2586 1291 κ
2612 1246 2712 1310 τῆς
2742 1241 3063 1317 καθολικῆς,
3092 1268 3120 1296 ››
3152 1241 3346 1310 ἔλαθον
3378 1248 3599 1313 ἑαυτοὺς
3627 1255 3814 1308 πεσόν-

394 1336 538 1391 tiam
568 1350 699 1391 esse
728 1333 1040 1405 collapsos,
1073 1333 1216 1388 adeo
1248 1336 1313 1387 ut
1340 1332 1440 1387 isti
1471 1331 1712 1403 perinde
1743 1335 1919 1401 atque
1964 1327 2039 1384 illi

2158 1346 2246 1390 τες
2289 1326 2366 1391 εἷς
2410 1328 2512 1397 τήν
2559 1329 2855 1405 παράνοιαν
2904 1334 3015 1406 (23)
3064 1338 3172 1388 τῶν
3219 1335 3325 1390 ἀπὸ
3375 1339 3640 1416 Φρυγίας
3670 1341 3811 1400 ὥστε

393 1424 595 1480 dicant
620 1440 633 1479 :
682 1422 861 1479 Nobis
884 1421 1073 1494 primo
1097 1419 1413 1477 revelatum
1437 1425 1546 1488 est,
1566 1424 1624 1475 et
1643 1437 1677 1475 a
1697 1418 1868 1475 nobis
1890 1418 2039 1474 Chri-

2157 1416 2248 1507 ml
2323 1416 2520 1507 αὐτοὺς
2596 1420 2713 1474 κατ’
2773 1419 3008 1484 ἐκείνους
3091 1422 3282 1479 εἰπεῖν·
3344 1426 3507 1500 Ἦμῖν
3593 1436 3814 1507 πρῶτον

391 1513 719 1569 stianorum
755 1511 900 1565 fides
927 1509 1152 1581 incipit.
1187 1512 1372 1579 Atque
1419 1513 1481 1564 ut
1529 1507 1616 1563 illi
1666 1506 2039 1564 Maximillam

2156 1503 2533 1584 ἀπεκαλύφθη,
2590 1508 2682 1563 καὶ
2732 1509 2825 1585 ἀφ’
2880 1512 3040 1583 ἡμῶν
3095 1514 3130 1582 ἡ
3184 1512 3365 1579 πίστις
3421 1503 3646 1594 ἄρχεται
3698 1527 3808 1578 τῶν

391 1606 448 1658 et
494 1604 856 1667 Montanum,
908 1598 991 1654 sic
1022 1602 1080 1652 et
1106 1598 1207 1653 isti
1240 1598 1647 1654 Constantium
1681 1598 1803 1654 vice
1833 1596 2039 1652 Christi

2157 1596 2518 1670 Χριστιανῶν.
2554 1597 2658 1652 Καὶ
2709 1596 2890 1674 ὥσπερ
2935 1599 3131 1655 ἐκεῖνοι
3184 1602 3537 1677 Μαξιμίλλαν
3573 1610 3688 1682 (24)
3718 1611 3809 1667 καὶ

390 1689 698 1746 dominum
730 1686 1299 1751 conscribunt.Quod
1322 1686 1371 1743 si
1393 1703 1463 1742 ex
1485 1685 1723 1742 illorum
1754 1686 2039 1741 sententis

2155 1684 2457 1748 Μοντανὸν,
2501 1684 2675 1748 οὕτως
2717 1687 2867 1741 οὗτοι
2912 1688 3029 1744 ἀντὶ
3079 1694 3176 1745 τοῦ
3220 1695 3463 1765 Χριστοῦ
3522 1698 3806 1754 Κωνστάν-

386 1795 420 1835 a
450 1776 717 1850 presenti
749 1775 1055 1832 consulatu
1088 1775 1233 1830 fides
1263 1774 1439 1831 habet
1467 1774 1722 1844 initium,
1758 1775 1897 1847 quid
1951 1791 2039 1831 ac-

2152 1792 2268 1828 τιον
2321 1772 2585 1845 δεσπότην
2632 1773 3041 1851 ἐπιγράφονται.
3086 1779 3151 1836 Εἰ
3202 1777 3260 1835 δὲ
3312 1789 3429 1837 κατ’
3458 1785 3658 1851 αὐτοὺς
3699 1788 3806 1845 ἀπὸ

388 1867 505 1923 turi
550 1871 742 1938 patres
774 1870 915 1921 sunt
943 1868 1000 1920 et
1030 1863 1180 1920 beati
1212 1868 1499 1937 martyres
1520 1864 1549 1919 Ἰ
1585 1863 1702 1921 imo
1760 1864 1898 1935 quid
1959 1863 2039 1923 illi

2153 1868 2254 1930 τῆς
2309 1867 2400 1916 νῦν
2432 1863 2710 1964 ,ὑπατείας
2766 1864 2945 1941 ἀρχὴν
3000 1869 3035 1935 ἠ
3095 1866 3275 1931 πίστις
3336 1865 3476 1947 ἔχει,
3523 1873 3577 1929 τί
3633 1881 3805 1950 ποιή-

384 1956 498 2030 ipsi
531 1955 745 2012 facient
772 1970 911 2028 erga
940 1971 1040 2010 eos
1069 1952 1231 2025 qui,a
1247 1954 1384 2010 sein
1404 1954 1736 2010 Christiana
1766 1953 2039 2026 religione

2156 1971 2337 2041 σούσιν
2400 1951 2452 2005 οἱ
2505 1951 2735 2024 Πατὲρες
2923 1954 3013 2010 καὶ
3071 1958 3123 2011 οἱ
3175 1960 3433 2037 μακάριοι
3496 1965 3799 2041 μάρτυρες;

390 2045 690 2116 instituti,
740 2048 875 2100 ante
925 2044 1082 2099 hunc
1133 2042 1505 2099 consulatum
1558 2043 2039 2099 obdormierunt?

2151 2040 2202 2094 τί
2237 2037 2295 2095 δὲ
2324 2041 2414 2095 καὶ
2446 2041 2601 2097 αὐτοὶ
2656 2045 2947 2114 ποιήσουσι
2999 2045 3127 2111 τοὺς
3169 2050 3295 2121 παρ’
3327 2050 3504 2108 αὑτῶν
3549 2037 3824 2134 διατηχηοη

390 2134 692 2200 Quomodo
723 2132 854 2189 illos
875 2132 1234 2201 excitabunt,
1265 2135 1329 2187 ut
1358 2133 1512 2203 quod
1546 2131 1677 2188 illos
1701 2132 1951 2187 docuere
1980 2132 2039 2188 in

2153 2128 2475 2217 θένταςηιαι
2528 2132 2634 2205 πρὸ
2691 2138 2791 2201 τῆς
2853 2133 3110 2197 ὑπατείας
3157 2136 3361 2208 ταύτης
3403 2128 3803 2217 κοιμηθένταςε

390 2223 509 2279 illis
540 2223 874 2291 debeant,et
902 2222 1141 2277 inventa
1171 2237 1283 2276 sua
1310 2237 1436 2293 qua:
1456 2220 1583 2291 jam
1614 2221 1902 2293 scripsere
1924 2220 2039 2278 illis

2151 2221 2274 2304 ua);
2328 2216 2523 2279 αὐτοὺς
2565 2217 2861 2295 ἐγείρουσιν
2900 2225 3035 2295 (26),
3065 2222 3157 2279 ’ίνα
3195 2224 3229 2280 ἆ
3280 2227 3375 2300 μὲν
3426 2226 3610 2304 ἔδοξαν
3661 2216 3801 2289 δεδιέ

389 2310 694 2369 inserant?
727 2312 810 2366 Ita
838 2326 1047 2382 nempe
1076 2309 1332 2382 imperiti
1365 2314 1768 2381 sunt,unaque
1797 2315 1886 2365 est
1912 2309 2040 2367 illo-

386 2418 517 2457 rum
551 2399 819 2465 scientia,
850 2415 1061 2456 causas
1091 2399 1446 2471 confingere,
1478 2414 1692 2470 easque
1731 2399 2037 2470 absurdae,

380 2488 774 2558 incredibiles,
805 2494 864 2545 et
891 2505 1017 2561 quas
1049 2487 1211 2544 nullo
1241 2487 1471 2560 negotio
1500 2487 1844 2544 refutantur.

448 2758 503 2815 5.
536 2756 842 2830 Siquidem
873 2755 1103 2813 Nicena
1125 2755 1385 2829 synodus
1413 2771 1529 2812 non
1560 2757 1801 2824 temere,
1833 2756 1935 2812 sed
1967 2772 2036 2812 ex

384 2850 627 2919 urgente
657 2846 1007 2903 necessitate
1028 2850 1086 2901 et
1105 2862 1175 2901 ex
1194 2844 1455 2917 legitima
1482 2850 1885 2916 causa,coacta
1913 2849 2031 2913 est;

383 2952 519 2992 nam
551 2934 750 3010 Syriae,
781 2933 993 2990 Ciliciae
1022 2938 1078 2990 et
1122 2933 1554 3006 Mesopotamiae
1604 2933 1826 3006 populi,
1881 2933 2037 2989 circa

380 3024 510 3081 festi
530 3022 976 3080 celebrationem
996 3021 1551 3089 claudicantes,cum
1573 3020 1791 3077 Judaais
1815 3021 2035 3078 Pascha

375 3113 994 3172 celebrabant.Ariana
1025 3128 1258 3185 quoque
1281 3112 1515 3169 haeresis
1537 3115 1817 3168 adversus
1839 3112 2033 3169 catho-

374 3204 547 3260 licam
578 3201 896 3258 Ecclesiam
928 3201 1750 3273 insurrexerat,patronosque
1780 3200 2035 3259 habebat

2150 2302 2679 2400 oaxévatutootouc,
2713 2308 3105 2400 ἀπαλείψωσιν,
3158 2313 3191 2368 ἃ
3250 2312 3306 2370 δὲ
3359 2321 3449 2373 νῦν
3506 2302 3581 2383 ὧς
3640 2320 3796 2400 ἐφευ-

2148 2396 2331 2469 ρόντες
2388 2388 2648 2470 ἔγραψαν,
2709 2396 3093 2477 ἐπισπείρωσιν
3147 2402 3375 2475 αὐτοῖς;
3428 2406 3617 2472 Οὕτως
3662 2388 3798 2467 εἰσὶν

2146 2483 2394 2555 ἀμαθεῖς,
2470 2485 2634 2557 μόνον
2716 2483 2917 2551 εἰδότες
2996 2487 3251 2546 πλάττειν
3331 2497 3650 2571 προφάσεις,
3700 2500 3793 2554 καὶ

2142 2571 2340 2717 ’ἕῖύτας
2398 2572 2656 2648 ἀπρεπεῖς
2712 2575 2800 2631 καὶ
2853 2577 3168 2650 ἀπιθάνους,
3200 2579 3433 2657 ἐχούσας
3490 2582 3653 2661 ἔγγὺς
3695 2586 3794 2643 τὸν

2212 2682 2395 2717 εγγον.

2212 2682 2371 2738 εγχον
2382 2707 2395 2719 .

2214 2753 2269 2808 5.
2301 2751 2365 2807 ἹΙ
2395 2752 2497 2840 μὲν
2543 2751 2644 2828 γὰρ
2691 2750 2745 2807 ἰν
2790 2754 2986 2827 Nimia
3024 2753 3277 2830 σύνοδος,
3308 2758 3416 2837 οὐχ
3457 2760 3648 2827 ἁπλῶς
3702 2766 3791 2840 γέ-

2138 2859 2321 2928 χονεν,
2355 2839 2483 2896 ἀλλ’
2509 2840 2631 2928 ,εἶχε
2675 2844 2775 2911 τὴν
2827 2844 3012 2920 χρείαν
3062 2846 3485 2925 κατεπείγουσαν
3536 2854 3671 2928 (27),
3701 2839 3789 2912 ml

2141 2928 2240 2998 τήν
2271 2927 2442 2983 αίτίαν
2476 2926 2730 3005 εὔλογον.
2762 2931 2830 2988 Ol
2867 2931 2961 3005 μὶν
2991 2932 3092 3011 γὰρ
3152 2935 3257 2991 ἀπὸ
3306 2945 3406 3009 τῆς
3450 2926 3668 3015 Συρίας,
3703 2944 3797 3000 καὶ

2144 3016 2409 3109 Κιλικίας,
2438 3017 2539 3109 καὶ,
2558 3021 2978 3109 Μεσοποταμίας
3026 3021 3305 3099 ἑχώλευον
3357 3028 3482 3104 περὶ
3530 3031 3630 3100 τήν
3673 3033 3794 3109 ἑορ-

2138 3106 2261 3196 τὴν,
2294 3107 2383 3161 καὶ
2421 3108 2556 3180 μετὰ
2594 3111 2703 3162 τῶν
2724 3106 3011 3196 ,Ἰουδαίων
3056 3110 3279 3170 ἐποίουν
3320 3116 3383 3171 τὸ
3433 3119 3629 3196 Πάσχα
3660 3106 3790 3193 (28γ

2140 3193 2175 3263 ἥ
2234 3216 2291 3250 τε
2345 3196 2598 3272 ’Λρειανή
2677 3195 2881 3273 αἵρεσις
2967 3197 3304 3259 ἐπαναστᾶσα
3371 3206 3438 3275 ἦν
3510 3193 3645 3265 κατὰ
3692 3218 3794 3281 τῆς

375 3293 473 3365 qui
505 3292 598 3348 sui
629 3289 1086 3348 sollicitudinem
1116 3295 1465 3364 gererent,et
1482 3290 2034 3363 piisinsidiarentur

2151 3270 2443 3354 ναθολικῆς
2493 3270 2839 3357 Ἐκκλησίας,
2892 3287 2981 3343 ml
3038 3292 3342 3365 προστάτας
3396 3270 3547 3373 εἶχεν
3603 3296 3682 3362 εἵς

377 3379 1281 3451 ὴοωὶηἱὺυε,Ευεθι)ἰαηοε.Ουω
1316 3396 1495 3435 causa
1523 3378 1636 3435 fuit
1666 3380 2038 3436 cecumenicae

380 3469 805 3543 congreganda;
828 3469 1128 3543 synodi,ut
1160 3468 1377 3542 ubique
1409 3485 1527 3524 una
1557 3468 1687 3525 festi
1717 3470 1867 3527 515
1913 3469 2041 3526 dies

386 3559 864 3626 celebraretur,et
896 3557 1295 3630 basresis,quaa
1319 3555 2043 3631 pullularet,anathemate

386 3650 770 3704 damnaretur
800 3664 813 3704 :
850 3647 1004 3719 quod
1036 3652 1093 3703 et
1125 3647 1342 3703 factum
1372 3648 1608 3719 est.8yri
1639 3647 1794 3703 enim
1827 3648 2047 3705 obtem-

386 3739 669 3810 perarunt
705 3753 717 3791 :
754 3736 970 3790 Ariana
1000 3751 1133 3793 vero
1165 3734 1403 3791 haeresis
1430 3734 1774 3791 Antichristi
1807 3736 2045 3809 prodro-

392 3842 527 3882 mus
556 3824 849 3881 declarata
876 3828 985 3891 est,
1017 3841 1201 3896 eaque
1232 3825 1501 3896 refutatu,
1536 3830 1749 3881 rectam
1776 3825 1912 3881 ﬁdei
1943 3841 2045 3881 ex-

400 3913 746 3988 positionem
780 3914 1113 3969 ediderunt.
1145 3917 1419 3969 Attamen
1469 3929 1603 3968 cum
1647 3917 1734 3969 tot
1777 3915 2044 3986 tantique

394 4008 591 4061 essent
611 4002 711 4075 qui
738 4002 1079 4070 scriberent,
1095 4001 1385 4072 ejusmodi
1407 4000 1551 4056 nihil
1575 4002 1703 4057 ausi
1725 4006 1882 4067 sunt,
1900 4019 2042 4074 qua-

388 4092 443 4151 le
471 4099 589 4149 tres
622 4098 723 4148 aut
752 4096 1004 4164 quatuor
1035 4089 1131 4146 isti
1164 4089 1450 4146 homines.
1484 4090 1610 4146 Non
1640 4090 1798 4146 enim
1828 4107 2041 4148 consu-

380 4181 569 4238 latum
606 4180 691 4237 vel
724 4195 990 4236 mensem
1037 4178 1125 4234 vel
1176 4178 1330 4235 diem
1381 4194 1769 4251 praeposuere,
1818 4181 1920 4236 sed
1968 4182 2042 4237 de

385 4270 668 4328 Paschate
697 4268 931 4341 quidem
964 4268 1045 4324 ita
1076 4269 1362 4341 scripsere
1387 4283 1400 4322 :
1422 4290 1450 4319 ‹‹
1476 4267 1714 4324 Decreta
1743 4273 1881 4325 sunt
1911 4286 2039 4342 quas

380 4363 921 4433 sequuntur,«tunc
954 4358 1111 4412 enim
1144 4357 1441 4413 decretum
1474 4361 1564 4413 est
1593 4362 1657 4413 ut
1686 4373 1890 4414 omnes
1913 4375 2039 4415 mo-

383 4465 505 4506 rem
538 4452 833 4521 gererent;
867 4446 938 4502 de
967 4446 1081 4503 ﬁde
1110 4463 1243 4504 vero
1278 4462 1646 4519 nequaquam
1680 4446 1897 4517 dixere,
1932 4449 2036 4504 De-

384 4543 605 4596 cretum
639 4539 750 4603 est,
780 4536 882 4591 sed
916 4552 929 4591 :
966 4558 993 4586 ‹‹
1020 4537 1111 4591 Sic
1141 4535 1325 4592 credit
1356 4536 1647 4592 catholica
1691 4536 1969 4603 Ecclesia,
2002 4560 2031 4590 »

382 4627 703 4699 statimque
732 4624 982 4681 confessi
1012 4630 1155 4681 sunt
1185 4625 1471 4698 quidnam
1502 4625 1906 4693 crederent,ut
1934 4627 2034 4681 de-

2151 4623 2251 4693 Ξεν,
2308 4617 2457 4691 ἀλλ’,
2512 4645 2539 4671 ι(

2146 3375 2245 3443 τήν
2280 3374 2412 3447 ὑπὶρ
2446 3374 2642 3443 ἑαυτῆς
2670 3378 2782 3448 (29)
2815 3374 3056 3448 σπουδὴν
3081 3382 3167 3435 καὶ
3224 3382 3300 3446 εἷς
3345 3386 3447 3455 τήν
3489 3388 3625 3442 κατᾶ
3678 3390 3788 3446 τῶν

2150 3457 2514 3517 εὐσεϐούντων
2575 3458 2874 3533 ἐπιϐουλὴν
2933 3466 3065 3533 τοὺς
3142 3472 3262 3546 περὶ
3341 3470 3599 3530 Εὐσέϐιον
3635 3495 3649 3508 ’
3699 3480 3788 3534 καὶ

2150 3550 2284 3622 αὕτη
2318 3549 2463 3606 αἰτία
2494 3553 2708 3626 γέγονεν
2740 3553 3122 3628 οἶκουμενικήν
3168 3568 3496 3637 συναχθῆναι
3543 3563 3793 3636 σύνοδον,

2145 3638 2239 3731 ’ίνα
2266 3645 2548 3717 πανταχοῦ
2587 3641 2682 3713 μία
2708 3646 2812 3708 τῆς
2841 3643 3032 3731 ὶᾳρτῆς
3076 3646 3261 3725 ἡμέρα
3309 3648 3622 3722 ἐπίτσελῆται
3655 3656 3790 3731 (30):

2150 3729 2239 3784 ml
2304 3731 2338 3798 ἡ
2409 3734 2748 3807 παραφυεῖσα
2824 3729 3030 3809 αἵρεσις
3099 3734 3499 3814 ἀναθεματισθῇ
3531 3762 3542 3775 ·
3600 3729 3794 3819 γέγονε

2148 3822 2299 3894 γοῦν
2331 3819 2421 3872 καὶ
2472 3819 2524 3873 οἱ
2580 3819 2674 3891 μὶν
2734 3820 2840 3875 ἀπὸ
2891 3828 2990 3892 τῆς
3052 3825 3252 3900 Συρίας
3309 3826 3652 3900 ἐπείσθησαν·
3692 3835 3792 3903 τὴν

2152 3904 2210 3962 δὲ
2233 3908 2513 3997 ’Δρειανὴν
2548 3905 2746 3985 α’ίρεσιν
2795 3909 3137 3987 ἀπεφήναντο
3186 3912 3505 3991 πρόδρομον
3549 3924 3648 3975 τοῦ
3680 3924 3794 3997 (31)

2153 3994 2555 4072 Ἀντιχρίστου,
2589 3998 2676 4052 καὶ
2728 3999 2843 4053 κατ’
2883 4000 3055 4071 αὐτῆς
3110 4004 3411 4079 γράψαντες
3466 3994 3799 4066 ἐκδεδώδιασι

2149 4084 2356 4148 καλῶς.
2418 4087 2513 4141 Καὶ
2594 4085 2747 4160 ὅμως
2818 4088 3119 4163 γράψαντες
3178 4094 3267 4148 καὶ
3319 4101 3569 4153 τοσοῦτοι
3627 4095 3793 4171 ὄντες,

2150 4172 2303 4231 ούδὶν
2349 4179 2595 4230 τοιοῦτον
2640 4174 3067 4250 τετολμήκασιν,
3094 4183 3212 4237 οἷον
3256 4182 3307 4237 οἳ
3356 4190 3502 4260 τρεῖς
3541 4186 3577 4257 ἢ
3606 4189 3792 4244 τέσσα-

2151 4286 2236 4342 ρες
2295 4265 2467 4322 οὗτοι.
2500 4262 2579 4322 Οὐ
2631 4264 2733 4352 γὰρ
2789 4268 3084 4343 προέταξαν
3147 4271 3421 4343 ὑπατείαν,
3472 4277 3562 4331 καὶ
3624 4285 3792 4352 μῆνα,

2146 4354 2234 4410 ml
2293 4353 2539 4429 ἡμέραν
2598 4351 2746 4409 ἀλλὰ
2801 4356 2923 4431 περί
2979 4359 3073 4432 μὲν
3129 4365 3227 4415 τοῦ
3284 4363 3503 4439 Πάσχαο
3538 4389 3558 4416 ι
3602 4364 3795 4439 Ε”δοξε

2143 4444 2210 4499 τὰ
2266 4443 2668 4519 ὑποτεταγμένα
2702 4463 2715 4476 ’
2770 4466 2798 4495 ››
2855 4444 2978 4501 τότε
3029 4446 3129 4524 γὰρ
3195 4444 3344 4521 ἔδοξε
3402 4452 3602 4517 πάντας
3679 4456 3794 4511 πεί-

2144 4533 2362 4587 Θεσθαι·
2413 4531 2537 4607 περὶ
2596 4529 2653 4586 δὲ
2708 4538 2809 4602 τῆς
2866 4532 3101 4599 πίστεως
3178 4535 3417 4614 ἔγραψαν
3474 4540 3573 4598 οὐκ
3628 4541 3792 4601 Ἐδο-

2597 4619 2783 4684 Οὕτως
2841 4623 3081 4679 πιστεύει
3140 4627 3174 4696 ἡ
3232 4627 3503 4699 καθολική
3555 4632 3790 4704 Ἐκκλη-

377 4718 665 4773 clararent
680 4732 796 4772 non
814 4715 1192 4772 recentiorem
1207 4715 1309 4770 sed
1324 4712 1705 4787 apostolicam
1721 4728 1849 4769 esse
1864 4731 2033 4772 suam

2151 4712 2250 4767 σία·
2288 4734 2317 4763 »
2345 4709 2435 4764 ml
2495 4707 2649 4773 εὐθὺς
2701 4710 3091 4788 ὡμολόγησαν,
3145 4720 3262 4779 πῶς
3310 4720 3675 4792 πιστεύουσιν,
3712 4721 3796 4779 l'va

374 4806 746 4864 sententiam.
784 4806 1038 4877 Quaeque
1070 4803 1152 4859 illi
1184 4804 1403 4875 scripto
1449 4803 1742 4858 tradidere
1793 4820 1909 4859 non
1960 4806 2033 4861 ab

370 4896 488 4953 illis
534 4895 796 4963 invento,
819 4894 917 4950 sed
951 4910 1021 4950 ea
1046 4893 1177 4965 ipsa
1208 4897 1348 4949 sunt
1376 4909 1504 4964 qua
1536 4892 1867 4949 docuerunt
1896 4910 2031 4965 apo-

372 4984 505 5044 stoli
516 5026 529 5041 .

440 5084 485 5119 ”
511 5084 649 5139 Luc.
678 5098 740 5153 ιι,
774 5082 823 5138 1.

462 5183 550 5253 22)
576 5184 820 5249 Socrat.,
851 5174 1056 5253 ἤρξατο
1089 5178 1244 5253 εἶναι,
1278 5177 1365 5232 καὶ
1396 5176 1575 5247 ἐτέθη.

462 5183 533 5238 22
576 5184 820 5249 Socrat.,
851 5182 1056 5253 ἤρξατο
1089 5182 1221 5233 εἶναι

462 5255 531 5309 23
581 5257 825 5323 Socrat.,
858 5267 1064 5326 παρανο
1122 5250 1221 5305 ίαν.

460 5327 530 5382 24
583 5326 832 5409 Spcrat.,
865 5271 1211 5395 Μαξίμιλλαν

456 5399 530 5469 725
582 5403 675 5453 Sic
707 5412 912 5469 omnes
934 5468 943 5469 ί
966 5412 1111 5452 mss.
1141 5400 1199 5451 et

583 5320 832 5389 Socrat.’,
865 5320 1234 5395 Μαξίμιλλαν.

459 5393 552 5474 25)
582 5397 675 5453 Sic
707 5393 1111 5474 omnes_mss.
1141 5400 1199 5451 et
1253 5393 1667 5474 .Socrathditi
1708 5408 1842 5448 vero
1890 5410 2019 5474 πρε-

534 5184 553 5471 ἓ

367 5462 641 5547 σόύτεροι,
675 5486 810 5525 cum
853 5467 1121 5547 viderent
1173 5466 1331 5547 enim
1381 5466 1820 5547 editores,.1rpe<
1870 5462 2021 5547 scri-

365 5537 542 5621 ptum'
566 5542 627 5597 in
658 5557 828 5621 m_ss.,
850 5538 1207 5614 πρεσούτεροι
1241 5538 1557 5621 legendum
1573 5537 2018 5620 existimarunt,

364 5610 519 5683 quod
554 5613 772 5670 erroris
803 5610 987 5683 genus
1020 5610 1171 5683 sape
1201 5610 1751 5683 animadvertimus.

435 5685 548 5755 (26)
581 5678 1151 5758 Regius,"é-{etptoazv.
1192 5680 1538 5758 Eaulopost
1583 5680 1722 5758 Reg.
1759 5678 1951 5758 _Ottob.
1984 5681 2020 5733 2

368 5758 423 5808 et
444 5752 695 5827 Socrati,
728 5755 802 5814 ὡς
832 5752 1163 5831 ὶφευρόντες.
1203 5754 1264 5809 In
1304 5752 1478 5809 editis
1510 5752 1583 5812 ὡς
1618 5752 1799 5808 deest.

2145 4795 2404 4869 δείξωσιν,
2438 4797 2520 4850 δτι
2582 4797 2657 4869 μή
2712 4798 2993 4872 νεώτερον,
3044 4799 3170 4857 ἀλλ’
3224 4803 3589 4863 ἀποστολικόν
3647 4808 3788 4866 ἐστιν

2140 4886 2317 4943 αὐτῶν
2366 4886 2427 4941 τὸ
2486 4885 2766 4960 φρόνημα,
2801 4886 2892 4942 καὶ
2945 4888 2978 4943 ἃ
3034 4886 3287 4966 ἔγραψαν,
3350 4894 3448 4951 οὐκ
3502 4895 3552 4971 ἐξ
3610 4898 3787 4955 αὐτῶν

2140 4974 2354 5051 εὑρέθη,
2385 4973 2531 5030 ἀλλὰ
2558 4975 2708 5030 ταῦτ’
2738 4973 2902 5050 ἐστὶν,
2936 4977 3071 5053 ἅπερ
3102 4975 3344 5054 ἐδίδαξαν
3379 4985 3430 5039 οἳ
3462 4985 3784 5047 ἀπόστολοι.

2207 5176 2319 5249 (27)
2349 5171 2580 5249 Ij‘elclim
2592 5211 2605 5226 .
2723 5173 3152 5249 κατεπάγουσαν.

2339 5246 2441 5327 ,δίο
2472 5244 2612 5327 ἷξες.
2648 5243 3016 5327 Ο-ξζοῦοηςᾷ,
3042 5248 3224 5327 pasil.
3257 5256 3316 5327 et
3364 5251 3697 5327 Felckman.
3728 5255 3785 5324 3,

2132 5314 2308 5387 Edliti,’
2336 5314 2623 5387 ἐποιοὺντο
2663 5314 2890 5387 Πάσχα.
2934 5314 3082 5375 Ibid.
3126 5321 3399 5379 Ottobon.
3453 5325 3479 5379 1
3532 5330 3589 5382 et
3624 5327 3678 5387 2,
3730 5314 3790 5384 ei;

2134 5334 2308 5387 metu,
2336 5334 2623 5370 εποιουντο
2675 5334 2790 5368 υασ
2834 5337 2890 5374 α.
2934 5334 3082 5375 Iona.
3126 5334 3399 5379 Uttonon.
3453 5334 3479 5379 1
3532 5334 3589 5382 et
3624 5334 3678 5393 2,

2134 5391 2389 5471 Felskre:
2422 5384 2542 5471 3ιῆ
2574 5334 3177 5471 ῖεἈῖέίξὲξι,α“ίρεεξες--
3235 5463 3247 5471 .
3347 5463 3359 5471 ,
3516 5469 3525 5471 _

2202 5462 2315 5541 (ἕρ)
2341 5460 2434 5541 με
2464 5460 2701 5541 Regius.
2729 5460 2813 5541 'E‘d
2826 5461 2890 5541 iti
2920 5460 3127 5541 etalii,
3161 5463 3323 5541 {guto
3346 5463 3566 5522 ἑαυτοῦ.

2203 5527 2312 5659 (30)
2341 5527 2581 5656 Regius:
2613 5527 2961 5616 ἐπιτελεῖται.
2994 5527 3145 5593 Moi.
3175 5527 3445 5594 Ottobon.
3483 5541 3507 5594 1
3545 5542 3602 5596 et
3640 5541 3694 5607 2,
3724 5546 3785 5599 et

2129 5605 2203 5660 ΡΒ
2231 5605 2387 5660 ckm.
2463 5642 2475 5660 .
2510 5620 2818 5660 παραφυσα.

2173 5620 2387 5661 echm.
2423 5620 2475 5667 ό,
2510 5620 2818 5731 παραφυσα.

2173 5672 2619 5759 ,(31)Ομοξ)ρη.
2680 5679 2889 5759 _e‘t‘2,
2939 5682 3017 5759 et“
3050 5677 3317 5759 Felman.‘
3352 5682 3407 5759 3,
3467 5677 3786 5759 πρόδρομον

2128 5749 2263 5803 εἶναι
2319 5748 2438 5801 τοῦ.
2488 5745 2616 5803 Mox
2680 5747 2932 5804 Felckm.
2985 5749 3039 5817 3,
3090 5750 3209 5806 κατ’
3256 5745 3428 5822 αὐτῆς
3484 5745 3789 5829 γράψαντες
