4082 6322
317 452 437 514 693

1796 453 1898 513 DE
1941 453 2306 518 SYNODIS.

3641 456 3761 518 694

318 603 440 637 νετο
493 583 629 655 (46)’
661 581 1050 659 γεγεννημένον
1101 579 1158 637 δὶ
1210 590 1498 657 μονογενῆ,
1536 585 1699 656 μόνον
1751 583 1810 638 ἐκ
1869 587 1956 657 μό-

2078 567 2458 643 ευηιεοιιῐιιω
2483 588 2878 660 unigenitum,
2904 587 3097 644 solum
3125 606 3193 643 ex
3216 588 3338 645 solo
3364 589 3744 656 Patre,Deum

314 692 411 725 νου
439 674 536 725 τοῦ
571 671 804 744 Πατρὸς,
836 671 964 725 Θεὸν
999 670 1058 725 ἐκ
1089 675 1244 743 Θεοῦ,
1278 670 1478 744 ὅμοιον
1521 677 1600 744 τῷ
1651 675 1967 746 γεννήσαντι

315 759 476 814 αὐτὸν
526 761 716 832 Πατρί,
748 760 883 814 κατὰ
930 761 1024 821 τὰς
1075 763 1306 838 Γραφάς·
1341 761 1404 814 οὗ
1445 763 1546 829 τὴν
1591 762 1796 835 γένεσιν
1845 760 1972 816 οὐδ-

317 850 398 910 εὶς
429 847 730 920 ἐπίσταται,
755 848 799 903 εἰ
835 851 911 922 μὴ
948 849 1114 922 μόνος
1165 852 1193 904 ὁ
1223 853 1483 926 γεννήσας
1534 851 1692 904 αὐτὸν
1753 853 1964 926 Πατήρ.

315 941 525 994 Τοῦτον
589 935 743 1010 ἴσμεν
828 936 926 993 τοῦ
1001 944 1134 993 Θεοῦ
1215 943 1488 1014 μονογενῆ
1547 941 1690 1007 Υἰὸν,
1745 941 1968 1012 νεύματι

314 1031 565 1102 πατρικῷ
593 1027 1029 1104 παραγενόμενον
1083 1027 1144 1082 έκ
1200 1033 1308 1083 τῶν
1367 1028 1607 1103 οὐρανῶν
1642 1029 1718 1090 εἰς
1769 1029 1967 1100 ἀθέτη-

314 1137 396 1170 σιν
445 1116 735 1189 ἁμαρτίας,
773 1117 861 1171 καὶ
915 1117 1232 1190 γεννηθέντα
1288 1117 1348 1172 ἐκ
1405 1118 1613 1192 Μαρίας
1665 1125 1766 1187 τῆς
1824 1125 1968 1193 Παρ-

309 1206 490 1276 θένου,
543 1206 632 1260 καὶ
703 1206 1103 1284 ἀναστραφέντα
1175 1204 1307 1280 μετὰ
1363 1211 1469 1261 τῶν
1537 1211 1816 1280 μαθητῶν,
1873 1207 1961 1260 καὶ

209 1345 220 1359 ,
310 1289 486 1348 πὸῒσαν
538 1295 636 1363 τήν
686 1294 1002 1366 οἰκονομίαν
1053 1294 1423 1369 πληρώσαντα
1464 1295 1600 1350 κατά
1641 1297 1739 1364 τὴν
1768 1315 1961 1370 πατρι-

308 1383 412 1451 κὴν
449 1381 737 1457 βούλησιν,
770 1382 1145 1458 σταυρωθέντα
1191 1383 1282 1438 καὶ
1339 1383 1696 1456 ἀποθανόντα,
1737 1383 1825 1437 καὶ
1887 1383 1961 1445 εἰς

307 1473 377 1526 τὰ
405 1472 741 1547 καταχθόνια
768 1469 1097 1534 κατελθόντα
1127 1474 1257 1545 (47),
1290 1473 1377 1526 καὶ
1425 1472 1492 1527 τὰ
1539 1471 1709 1526 ἐκεῖσε
1748 1472 1960 1526 οἰκονο-

314 1562 582 1633 μήσαντα,
612 1560 668 1614 ’ὸν
696 1559 948 1633 πυλωροὶ
980 1556 1112 1630 ᾅδου
1165 1559 1370 1623 ἰδόντες
1417 1559 1658 1636 ἕφριξαν,
1690 1561 1777 1615 καὶ
1830 1561 1962 1616 ἀνα-

309 1649 504 1704 στάντα
555 1648 614 1703 ἐκ
665 1653 866 1724 νεκρῶν
916 1653 984 1722 τῇ
1033 1650 1192 1724 τρίτῃ
1243 1651 1444 1723 ἡμέρᾳ,
1477 1651 1568 1704 καὶ
1610 1650 1964 1728 ἀναστραφέν-

305 1758 375 1792 τα
432 1737 566 1810 μετὰ
620 1742 728 1792 τῶν
793 1744 1072 1810 μαθητῶν,
1124 1740 1212 1793 καὶ
1267 1744 1438 1792 πᾶσαν
1493 1740 1592 1806 τὴν
1645 1738 1957 1812 οἰκονομίαν

308 1825 700 1900 πληρώσαντα,
734 1827 824 1881 καὶ
865 1829 1260 1901 τεσσαράκοντα
1289 1830 1400 1900 (48)
1433 1830 1656 1903 ἡμερῶν
1709 1828 1960 1903 πληρου-

312 1916 483 1989 μένων
530 1915 907 1994 ἀναληφθέντα
961 1917 1036 1979 εἰς
1083 1916 1211 1979 τοὺς
1270 1915 1552 1992 οὐρανοὺς,
1584 1918 1670 1971 καὶ
1731 1917 1958 1985 καθεζό-
1989 1955 2038 2020 Β

311 2025 471 2078 μενον
504 2004 566 2059 έκ
598 2003 784 2075 δεξιῶν
829 2010 926 2060 τοῦ
977 2007 1207 2078 Πατρὸς,
1240 2005 1329 2060 καὶ
1380 2003 1734 2079 ἐλευσόμενον
1789 2005 1840 2058 έν
1889 2010 1956 2079 τῇ

311 2093 518 2168 ἐσχάτῃ
547 2096 730 2170 ἡμέρᾳ
757 2100 856 2163 τῆς
894 2094 1229 2156 ἀναστάσεως
1274 2098 1343 2168 τῇ
1404 2091 1530 2165 δόξη
1581 2094 1649 2169 τῇ
1697 2099 1956 2168 πατρικῇ,

310 2180 643 2238 ἀποδιδόντα
687 2183 893 2255 ἑκάστῳ
937 2184 1073 2237 κατά
1117 2183 1184 2237 τὰ
1231 2179 1363 2259 ἔργα
1412 2183 1597 2237 αὐτοῦ·
1631 2183 1721 2238 καὶ
1776 2183 1851 2244 είς
1897 2183 1958 2237 τὸ

307 2273 459 2346 ἅγιον
493 2277 733 2344 Πνεῦμα,
766 2273 795 2325 ὃ
825 2271 983 2334 αὐτὸς
1016 2273 1044 2326 ὁ
1100 2272 1398 2347 μονογενὴς
1435 2277 1533 2326 τοῦ
1581 2277 1716 2327 Θεοῦ
1749 2273 1957 2340 Ἰησοῦς

307 2361 540 2435 Χριστὸς
591 2358 961 2435 ἐπηγγείλατο
989 2362 1102 2435 (49)
1135 2359 1345 2434 πέμψαι
1397 2365 1476 2432 τῷ
1519 2362 1660 2436 γένει
1709 2366 1816 2415 τῶν
1867 2362 1958 2415 ἀν-

309 2449 586 2523 θρώπων,
643 2451 734 2504 τὸν
794 2448 1175 2524 Παράκλητον,
1235 2450 1372 2504 κατὰ
1425 2451 1488 2504 τὸ
1536 2449 1954 2526 γεγραμμένον·

307 2563 339 2591 ‹‹
375 2541 719 2616 Ἀπέρχομαι
746 2540 882 2615 πρὸς
913 2540 1006 2594 τὸν
1039 2539 1249 2616 Πατέρα
1300 2562 1427 2613 μου,
1457 2541 1548 2596 καὶ
1598 2539 1958 2615 παρακαλέσω

306 2629 401 2684 τὸν
435 2631 664 2706 Πατέρα,
698 2630 787 2684 καὶ
820 2628 990 2686 ἄλλον
1036 2629 1394 2706 Παράκλητον
1445 2629 1648 2703 πέμψει
1702 2631 1850 2702 ὑμῖν.
1880 2630 1959 2686 Τὸ

306 2724 523 2792 πνεῦμα
575 2723 676 2784 τῆς
717 2717 978 2790 ἀληθείας
1023 2719 1226 2782 ἐκεῖνος
1277 2719 1336 2774 ἐκ
1382 2724 1477 2774 τοῦ
1527 2719 1662 2792 ἐμοῦ
1701 2717 1956 2792 λήψεται,

307 2808 399 2862 καὶ
430 2805 652 2878 διδάξει,
683 2808 772 2862 καὶ
808 2810 1110 2881 ὑπομνήσει
1144 2810 1284 2881 ὑμᾶς
1313 2810 1503 2866 πάντα.
1524 2830 1553 2862 ι
1592 2808 1670 2865 Τὸ
1703 2806 1758 2862 δὲ
1785 2805 1960 2881 ὄνομα

304 2905 408 2968 τῆς
439 2897 621 2962 οὐσίας
651 2896 742 2952 διὰ
763 2899 826 2953 τὸ
855 2897 1228 2973 ἁπλούστεροτ
1270 2899 1516 2972 ὑπὸ-(50)
1545 2902 1652 2953 τῶν
1707 2897 1959 2972 Πατέρων

302 2989 592 3059 τεθεῖσθαι,
626 2987 991 3062 ἀγνοούμενον
1041 2985 1098 3042 δὲ
1149 2986 1251 3042 ὑπὸ
1288 2992 1398 3043 τῶν
1461 2987 1606 3044 λαῶν
1663 2984 1958 3043 σκάνδαλον

303 3077 506 3154 φέρειν,
565 3074 655 3131 διὰ
708 3077 770 3132 τὸ
832 3079 971 3150 μήτε
1025 3077 1119 3138 τὰς
1179 3077 1393 3155 Γραφὰς
1449 3081 1610 3132 τοῦτο
1656 3075 1954 3152 περιέχειν,

301 3164 464 3242 ἤρεσε
502 3171 662 3222 τοῦτο
721 3173 1151 3242 περιαιρεθῆναι,
1185 3166 1276 3221 καὶ
1335 3167 1619 3228 παντελῶς
1683 3163 1952 3239 μηδεμίαν

305 3258 530 3328 μνήμην
562 3255 747 3318 οὐσίας
777 3255 864 3310 ἐπὶ
897 3260 1035 3311 Θεοῦ
1078 3257 1211 3310 εἶναι
1236 3261 1335 3310 τοῦ
1363 3255 1582 3311 λοιποῦ·
1619 3253 1706 3310 διὰ
1756 3254 1818 3310 τὸ
1861 3257 1957 3319 τὰς

301 3344 446 3406 θείας
503 3344 718 3422 Γραφὰς
781 3341 1034 3417 μηδαμοῦ
1085 3347 1198 3419 (51)
1227 3345 1352 3421 περὶ
1411 3345 1622 3419 Πατρὸς
1678 3343 1768 3398 καὶ
1825 3345 1955 3398 Υἰοῦ

2083 677 2154 731 de
2174 677 2314 744 Deo,
2348 677 2604 732 similem
2628 677 2783 732 Patri
2806 693 2915 732 suo
2939 677 3038 748 qui
3057 679 3251 749 ipsum
3277 680 3502 750 genuit,
3535 694 3745 733 secun-

2078 764 2219 818 dum
2247 765 2579 837 Scripturas
2612 783 2627 832 ;
2660 765 2832 835 cujus
2863 766 3300 836 generationem
3349 783 3519 821 nemo
3551 765 3732 822 novit.

2079 854 2192 909 nisi
2223 854 2386 909 solus
2416 854 2516 925 qui
2556 854 2750 926 ipsum
2805 855 3032 926 genuit,
3063 855 3250 910 Pater.
3299 860 3465 910 Hunc
3515 857 3737 912 scimus

2077 942 2179 997 Dei
2205 943 2572 1015 unigenitum
2599 944 2986 1013 Filium,nutu
3014 951 3253 1016 paterno
3275 945 3343 1000 de
3369 945 3528 1000 oculis
3561 946 3734 1000 adve-

2077 1032 2334 1094 nissc,ad
2367 1033 2791 1087 destruendum
2826 1038 3129 1104 peccatum
3159 1051 3170 1089 :
3197 1039 3252 1088 et
3278 1039 3481 1088 natum
3514 1049 3584 1087 ex
3612 1035 3737 1087 Ma-

2077 1120 2165 1174 ria
2196 1119 2453 1192 Virgine,
2486 1126 2781 1176 versatum
2815 1138 2948 1176 cum
3000 1121 3330 1193 discipulis,
3365 1123 3465 1192 qui
3497 1138 3734 1177 omnem

2075 1209 2579 1280 dispensationem
2631 1210 2896 1282 implevit
2926 1212 3252 1266 secundum
3297 1217 3603 1283 paternam
3634 1228 3733 1266 vo-

2075 1297 2384 1364 luntatem,
2417 1299 2762 1354 cruciﬁxum
2811 1308 2864 1355 et
2896 1307 3194 1355 mortuum
3228 1316 3242 1355 :
3276 1299 3376 1372 qui
3407 1301 3478 1356 ad
3515 1301 3733 1356 inferos

2075 1388 2399 1457 descendit,
2417 1393 2476 1442 et
2501 1405 2628 1459 quae
2650 1388 2769 1443 illic
2794 1390 3021 1460 agenda
3041 1389 3333 1444 ordinavit
3361 1405 3374 1445 :
3397 1405 3570 1460 quem
3593 1405 3734 1446 con-

2074 1476 2283 1546 spicati
2317 1475 2638 1532 inferorum
2670 1477 2895 1533 ostiarii
2926 1477 3390 1535 exhorruerunt:
3425 1479 3527 1549 qui
3560 1479 3734 1533 tertia

2073 1565 2166 1620 die
2180 1565 2497 1620 resurrexit
2513 1583 2546 1620 a
2564 1568 2949 1640 mortuis;qui
2968 1584 3100 1622 cum
3121 1567 3428 1639 discipulis
3446 1573 3731 1635 versatus,

2073 1654 2172 1708 ubi
2195 1670 2428 1709 omnem
2444 1656 2488 1711 5
2503 1657 2538 1709 7
2556 1657 2592 1708 7
2621 1655 3123 1728 dispensationem
3146 1656 3729 1728 implesset,peractis

2071 1743 2462 1814 quadraginta
2476 1745 3056 1818 diebus,assumptus
3070 1746 3229 1801 estin
3244 1746 3726 1817 cmlos,sedetque

2071 1832 2142 1886 ad
2173 1833 2472 1888 dexteram
2525 1835 2708 1889 Patris
2745 1852 2757 1890 :
2793 1835 2892 1906 qui
2945 1841 3227 1891 venturus
3257 1841 3346 1891 est
3390 1834 3601 1890 ultima
3632 1833 3725 1889 die

2071 1922 2516 1977 resurrectionis
2545 1940 2678 1978 cum
2711 1924 2897 1995 gloria
2928 1929 3188 1996 paterna,
3224 1925 3562 1979 redditurus
3594 1924 3720 1978 sin-

2069 2008 2224 2081 gulis
2269 2010 2442 2079 juxta
2489 2027 2666 2081 opera
2715 2027 2842 2066 sua.
2878 2012 2942 2066 Et
2973 2013 3035 2067 in
3080 2012 3367 2083 Spiritum
3421 2016 3716 2079 sanctum,

2069 2115 2244 2169 quem
2278 2099 2404 2170 ipse
2435 2099 2773 2170 unigenitus
2803 2100 2904 2155 Dei
2933 2104 3106 2156 Jesus
3137 2100 3405 2156 Christus
3449 2100 3722 2171 promisit

2069 2203 2132 2242 se
2163 2187 2488 2243 missurum
2519 2189 2719 2259 generi
2750 2189 3081 2261 hominum,
3124 2190 3507 2257 Paracletum,
3541 2190 3599 2244 id
3631 2195 3722 2245 est

2068 2277 2524 2347 Consolatorem,
2558 2283 2622 2333 ut
2649 2278 2935 2351 scriptum
2967 2283 3096 2336 est:
3132 2302 3160 2330 «
3193 2279 3354 2336 Vado
3385 2280 3456 2336 ad
3491 2280 3722 2334 Patrem

2071 2370 2355 2432 meum,et
2376 2368 2593 2438 rogabo
2609 2369 2923 2434 Patrem,et
2943 2368 3124 2424 alium
3143 2368 3506 2425 Paracletum
3533 2368 3724 2423 mittet

2067 2455 2541 2525 vobis.Spiritum
2572 2457 2836 2513 veritatis
2867 2458 2965 2512 ille
2997 2459 3066 2514 de
3099 2474 3228 2514 meo
3261 2458 3592 2529 accipiet,et
3621 2458 3724 2512 do-

2071 2545 2226 2600 cebit
2254 2562 2357 2600 vos
2409 2562 2474 2601 ac
2520 2551 2795 2618 suggeret
2821 2548 2988 2603 vobis
3036 2549 3234 2603 omnia
3263 2549 3326 2603 9‘.
3358 2548 3581 2604 Nomen
3613 2564 3718 2602 au-

2070 2639 2188 2689 tem
2208 2634 2553 2690 substantiae
2577 2637 2733 2707 quod
2757 2637 3103 2708 simpliciter
3121 2655 3152 2693 a
3177 2638 3440 2694 Palribus
3464 2637 3720 2712 positum

2071 2739 2105 2779 ι
2137 2723 2482 2794 populisque
2507 2725 2748 2781 minime
2771 2725 3156 2793 intellectum,
3185 2727 3525 2783 offensionis
3545 2743 3727 2782 causa

2071 2811 2171 2877 sit,
2202 2813 2355 2882 quod
2389 2813 2565 2867 etiam
2597 2813 2655 2867 in
2703 2813 3024 2885 Scripturis
3063 2833 3177 2870 non
3227 2817 3615 2884 contineatur,
3652 2815 3723 2870 de

2069 2900 2261 2956 medio
2285 2901 2492 2968 tolli,et
2514 2902 2735 2957 nullam
2750 2903 2988 2958 omnino
3003 2905 3346 2959 substantiae
3362 2904 3722 2960 mentionem

2066 2988 2126 3045 in
2158 2989 2274 3045 Deo
2306 2990 2581 3062 deinceps
2615 2991 2946 3048 faciendam
2982 3009 3110 3048 esse
3151 2992 3407 3065 placuit;
3441 2993 3597 3064 quod
3632 2991 3719 3046 di-

2066 3081 2210 3134 vinae
2231 3080 2541 3150 Scriptum
2573 3097 2870 3153 nusquam
2911 3082 2982 3138 de
3006 3082 3189 3137 Patris
3214 3087 3270 3136 et
3290 3081 3419 3135 Filii
3441 3081 3720 3136 substan-

2064 3169 2146 3224 tia
2175 3169 2735 3226 meminerint.Patri
2765 3175 2960 3227 autem
2992 3171 3202 3226 Filium
3232 3171 3559 3226 secundum
3590 3185 3722 3225 om-

2066 3257 2164 3314 nia
2194 3257 2448 3314 similem
2479 3259 3267 3331 dicimus,quemadmodum
3298 3260 3608 3332 Scriptum
3635 3258 3723 3313 di-

2065 3352 2209 3402 cunt
2237 3352 2416 3420 atque
2443 3349 2673 3405 docent.

300 3433 489 3497 οὐσίας
543 3440 872 3508 μεμνῆσθαι.
906 3436 1144 3507 Ὅμοιον
1205 3431 1263 3489 δὲ
1320 3433 1554 3510 λέγομεν
1600 3434 1692 3488 τὸν
1744 3435 1867 3488 Υἰὸν
1917 3437 1998 3507 τῷ
2045 3434 2217 3510 ΙΙατρὶ
2264 3435 2400 3490 κατὰ
2448 3437 2639 3492 πάντα·
2675 3437 2748 3498 ὡς
2776 3437 2947 3493 καῖαἰ
2979 3439 3126 3514 ἅγιαι
3158 3440 3358 3518 Γραφαὶ
3390 3435 3611 3514 λέγουσί
3660 3455 3721 3491 τε

301 3523 392 3578 καὶ
423 3520 767 3579 διδάσκουσιν
799 3525 1032 3598 (52-53).

371 3643 425 3698 9.
457 3639 673 3695 Τούτων
703 3638 1174 3716 ἀναγνωσθέντων,
1212 3640 1274 3695 οὐ
1309 3639 1516 3716 μακρὰν
1552 3639 1797 3716 ἐγνώσθη
1850 3643 1956 3694 τῶν

2133 3643 2187 3698 9.
2223 3643 2325 3699 His
2357 3644 2650 3716 perlectis,
2683 3663 2798 3700 non
2840 3646 2938 3702 diu
2972 3652 3174 3718 postea
3202 3663 3404 3703 eorum
3439 3648 3539 3720 qui
3571 3645 3721 3704 scri-

299 3730 620 3805 γραψάντων
672 3731 707 3799 ἡ
759 3727 1078 3806 πανουργία.
1122 3731 1246 3786 Τῶν
1300 3730 1402 3805 γὰρ
1453 3729 1761 3785 ἐπισκόπων
1817 3730 1952 3805 πρό-

295 3818 578 3874 τεινάντων
655 3818 1148 3892 ἀναθεματισθῆναι
1230 3820 1328 3888 τήν
1390 3820 1676 3896 Ἀρειανὴν
1747 3819 1950 3896 α’ίρεσιν

301 3907 435 3980 μετᾶ
478 3907 568 3962 καὶ
614 3911 722 3962 τῶν
769 3905 956 3962 ἄλλων
1008 3907 1282 3984 αἱρέσεων,
1329 3909 1544 3963 πάντων
1594 3929 1653 3963 τε
1705 3911 1814 3982 (53)
1865 3908 1952 3963 ἐπὶ

294 3997 476 4070 τούτῳ
507 3997 867 4070 συνθεμένων,
902 3997 1206 4073 Οὐρσάκιος
1251 3997 1342 4053 καὶ
1373 3997 1619 4069 Οὐάλης,
1652 3997 1740 4053 καί
1775 3999 1826 4053 οἱ
1858 3996 1948 4052 σῦν

294 4088 479 4156 αὐτοῖς
529 4085 794 4142 ἀνένευον.
845 4087 935 4142 καὶ
987 4085 1179 4142 λοιπὸν
1249 4087 1713 4163 κατεγνώσθησαν,
1759 4088 1832 4149 ὡς
1889 4087 1951 4142 οὐ

292 4177 556 4252 γνησίως,
593 4175 720 4232 ἀλλ’
749 4176 830 4231 ἐπ’
867 4175 1132 4252 ἀναιρέσει
1179 4179 1287 4232 τῶν
1336 4177 1386 4232 ἐν
1442 4177 1636 4249 Νικαίᾳ
1681 4175 1949 4252 πραχθέν-

293 4287 400 4321 των
434 4265 737 4342 γράψαντες
770 4270 958 4336 ταῦτα,
988 4265 1082 4322 ’ίνα
1109 4268 1207 4337 τήν
1242 4265 1558 4341 δυσώνυμον
1592 4265 1793 4342 α’ίρεσιν
1828 4266 1950 4320 ἀντ-

294 4355 563 4428 εισάξωσι.
600 4355 978 4430 Θαυμάσαντες
1022 4361 1149 4431 γοῦν
1201 4356 1290 4412 ἐπὶ
1347 4361 1463 4418 τοῖς
1513 4353 1723 4418 δολίοις
1779 4355 1950 4410 αὐτῶν

297 4443 503 4519 ῥήμασι
533 4445 623 4500 καὶ
654 4445 949 4523 πανούργῳ
981 4445 1313 4521 προαιρέσει,
1343 4443 1554 4520 ἔλεγονο
1586 4470 1613 4496 ‹‹
1643 4447 1836 4518 Ἡμεῖς
1889 4444 1950 4498 οὐ

296 4529 543 4607 δεόμενοι
576 4534 812 4598 πίστεως
841 4534 1184 4610 συνήλθομεν
1218 4533 1445 4611 (ἔχομεν
1490 4535 1592 4609 γὰρ
1639 4532 1689 4588 έν
1745 4534 1952 4596 ἑαυτοῖς

303 4623 647 4697 ὑγιαίνουσαν
695 4624 794 4693 τὴν
845 4624 1072 4699 πίστιν),
1106 4622 1350 4680 ἀλλ”ίνα
1397 4623 1523 4686 τοὺς
1572 4621 1949 4698 ἀντιλέγοντας

291 4715 360 4786 τῇ
387 4711 618 4786 ἀληθείᾳ
672 4712 764 4768 καὶ
818 4720 1166 4788 καινοτομεῖν
1218 4712 1631 4792 ἐπιχειροῦντας
1680 4711 1951 4788 ἐντρέψω-

297 4821 413 4874 μεν.
446 4801 515 4859 Εἴ
567 4801 662 4876 μὲν
719 4799 808 4857 οῦν
865 4804 1021 4878 ὑμεῖς
1070 4805 1144 4866 ὡς
1188 4807 1278 4860 νῦν
1327 4805 1631 4880 ἀρχόμενοι
1682 4800 1952 4858 πιστεύειν

356 4956 403 4990 ⁸⁸
431 4955 601 5016 Joan.
633 4973 751 5031 xxv,
787 4959 874 5030 16,
911 4959 998 5014 17.

355 5139 466 5211 (46)
498 5141 585 5216 [_ta
636 5139 877 5213 Regius.
902 5140 1088 5216 _Editi,
1120 5137 1386 5216 ἐγένοντο.
1416 5140 1570 5216 ΔΠήᾶ.
1604 5140 1787 5216 editio
1826 5143 1950 5216 Pa-

284 5209 388 5300 ris.
439 5210 589 5300 sola,
615 5209 1056 5300 γεγξν-νημένων,
1076 5209 1256 5300 male.
1289 5213 1493 5300 Pau'lo'
1518 5218 1651 5287 post
1698 5213 1860 5300 editi,
1893 5211 1954 5296 ᾖκ

292 5281 465 5359 μόνου
495 5281 598 5337 ὑπὸ
627 5281 727 5337 τοῦ
761 5281 993 5359 Πατρός.
1025 5288 1136 5342 Sed
1166 5303 1367 5344 vocem
1393 5281 1677 5355 61:6;cum
1711 5285 1861 5342 desit
1892 5286 1951 5341 in

289 5355 492 5429 Regio,
530 5355 950 5429 expunximus.

364 5427 564 5505 (47)!!!
605 5426 934 5505 'veteribus
992 5429 1246 5505 Socratis
1301 5430 1514 5499 editis,
1575 5426 1952 5505 σταυρωθέντα

285 5497 378 5550 καὶ
411 5497 655 5562 παθόντα
685 5501 778 5554 καὶ
811 5499 1170 5563 ἀποθανόντα.

359 5571 474 5641 (48)
505 5572 599 5626 sic
630 5578 850 5629 Socrat.
879 5579 936 5630 et
965 5573 1106 5628 edit.
1143 5573 1320 5629 Paris.
1349 5587 1419 5627 ex
1472 5573 1727 5642 Socrate,
1759 5575 1823 5626 ut
1865 5571 1954 5626 vi-

291 5641 483 5698 detur.
515 5643 658 5700 Nam
692 5645 752 5701 in
780 5645 922 5702 edit.
952 5645 1227 5701 Commel.
1255 5648 1313 5700 et
1351 5643 1409 5698 in
1461 5641 1740 5700 omnibus
1790 5643 1950 5698 codi-

291 5714 482 5789 cibus,
509 5717 856 5789 stevnﬁxowa
903 5717 1141 5789 legitur,
1171 5715 1508 5789 male_._Mo:;
1554 5717 1794 5788 Regius,
1822 5713 1949 5789 τοὺς

292 5783 574 5861 οὐρανούς,
605 5783 679 5847 in
699 5789 875 5848 editis
917 5783 1046 5851 τόύς
1096 5789 1276 5846 deest.
1313 5787 1446 5845 Mox
1491 5783 1788 5860 ὴιεοξτῆε
1825 5786 1951 5841 ἀνα-

2064 3737 2308 3804 pserant
2356 3733 2620 3790 vafrities
2653 3736 3015 3806 deprehensa
3053 3742 3160 3792 est.
3208 3737 3509 3808 Episcopis
3560 3739 3717 3792 enim

2063 3822 2528 3893 proponentibus
2553 3828 2617 3878 ut
2647 3823 2865 3879 Ariana
2895 3841 3028 3879 cum
3063 3826 3194 3881 aliis
3222 3826 3542 3881 beeresibus
3576 3842 3717 3880 ana-

2062 3910 2322 3966 themate
2355 3911 3399 3986 damnaretur,acquiescentibusque
3421 3914 3718 3984 omnibus,

2065 3999 2396 4056 abnuerunt
2446 4000 2724 4057 Ursacius
2775 4007 2830 4058 et
2877 4003 3094 4058 Valens
3137 4020 3266 4058 cum
3317 4002 3510 4070 sociis,
3543 4007 3721 4074 atque

2063 4090 2302 4145 demum
2334 4095 2702 4162 compertum
2758 4096 2847 4147 est
2877 4091 3008 4147 illos
3058 4109 3173 4147 non
3205 4092 3430 4148 sincero
3475 4109 3542 4148 ea
3573 4092 3719 4148 scri-

2064 4177 2253 4248 psisse
2284 4177 2518 4248 animo;
2554 4181 2654 4236 sed
2711 4185 2775 4235 ut
2805 4198 2872 4236 ea
2913 4198 3040 4252 quae
3090 4182 3295 4237 Nicaeae
3327 4186 3455 4237 acta
3487 4181 3720 4236 fuerant

2063 4267 2766 4340 abrogarent,eorumque
2788 4270 2911 4325 loco
2933 4271 3214 4326 nefariam
3239 4272 3337 4326 ind
3349 4275 3586 4326 ucerent
3606 4271 3721 4325 hae-

2062 4357 2262 4412 resim.
2298 4357 2620 4412 Hominum
2672 4358 2872 4430 itaque
2919 4359 3120 4415 dolosa
3171 4361 3344 4416 verba
3387 4365 3445 4416 et
3490 4361 3722 4415 vafrum

2063 4443 2375 4500 consilium
2408 4446 2607 4501 mirati
2639 4447 2899 4520 episcopi
2930 4449 3164 4504 aiebant
3195 4468 3212 4504 :
3238 4474 3263 4499 ι(
3293 4450 3410 4505 Nos
3443 4467 3557 4504 non
3589 4448 3719 4504 ideo

2065 4535 2178 4590 huc
2200 4534 2584 4591 convenimus
2609 4537 2765 4607 quod
2789 4537 2904 4593 fide
2925 4553 3254 4610 egeremus,
3288 4540 3344 4594 in
3371 4539 3540 4594 nobis
3560 4537 3719 4594 enim

2062 4623 2208 4695 ipsis
2231 4639 2438 4679 sanam
2465 4623 2752 4681 habemus
2776 4627 2952 4682 ﬁdem
2978 4645 2991 4695 ;
3016 4629 3118 4684 sed
3160 4633 3224 4683 ut
3244 4645 3344 4684 eos
3366 4627 3464 4699 qui
3486 4626 3718 4682 veritati

2062 4717 2416 4786 repugnant,
2441 4717 2499 4768 et
2529 4730 2677 4770 nova
2709 4715 3293 4789 moliuntur,pudore
3324 4717 3714 4772 afliceremus.

2061 4802 2222 4867 Quod
2255 4801 2304 4858 si
2335 4817 2458 4870 vos,
2495 4804 2666 4874 quasi
2698 4805 2797 4876 qui
2831 4823 2987 4862 nunc
3018 4807 3252 4863 credere
3283 4803 3718 4878 incipiatis,ista

2063 5141 2299 5204 στάσεως
2331 5142 2551 5200 desunt
2577 5139 2636 5200 in
2666 5147 2920 5213 Socrate,
2952 5146 3122 5204 bene.

2135 5216 2250 5296 (‘49)
2286 5217 2374 5270 Ita
2403 5216 2621 5296 Regius
2665 5220 2967 5296 et_§ocrat.
2997 5221 3170 5286 Editi,
3204 5221 3503 5296 μονογενὴς
3549 5221 3717 5296 ἐπηγ-

2061 5285 2306 5360 γείλατο,
2336 5285 2576 5360 omissis
2611 5289 2842 5345 mediis.

2281 5363 2367 5438 ita
2398 5358 2610 5438 ﬁegius
2641 5361 2950 5438 etsocrat.
2986 5362 3353 5438 Ερἰίίλπαρά.

2133 5430 2249 5508 (ξ1)
2279 5432 2369 5508 Sic
2400 5430 2615 5508 Regius
2663 5435 2720 5508 et
2762 5433 2985 5508 Socrat.
3030 5430 3183 5508 E‘diti
3225 5430 3380 5508 vero,
3417 5431 3709 5508 μηδαμῶς.

2063 5499 2213 5555 Ibid.
2234 5499 2470 5557 veteres
2501 5502 2753 5559 Socratis
2776 5505 2938 5577 editi,
2960 5505 3084 5581 περὶ
3119 5499 3429 5580 Πνεύματος
3462 5499 3550 5562 καὶ
3573 5499 3712 5561 ’1³ἰοῦ

2063 5569 2269 5628 οὐσίας.
2305 5573 2474 5628 male.

2062 5590 2269 5638 ουσιας,
2305 5590 2474 5629 male.

2135 5646 2344 5724 (52-53)
2378 5649 2517 5724 Post
2536 5641 2856 5724 _3t3:icxo_uct
2890 5649 2949 5724 in
2973 5650 3110 5706 edit.
3131 5650 3543 5724 Paris.legitur
3557 5652 3706 5706 ταῦθ’

2061 5713 2345 5844 ἓὶρετικοί.
2376 5718 2484 5774 Sed
2520 5718 2733 5776 desunt
2761 5720 2820 5775 in
2853 5721 2990 5777 edit.
3025 5724 3304 5782 Commel.
3338 5713 3408 5781 et’
3424 5725 3483 5780 in
3515 5725 3704 5782 omni-

2107 5807 2174 5844 us
2205 5806 2350 5844 mss.

2107 5807 2174 5846 US
2205 5806 2350 5848 [1188.
