4082 6336
298 437 418 497 697

1779 436 1882 496 DE
1924 435 2284 498 SYNODIS.

3592 436 3713 497 698

373 568 529 626 ’Όθεν
560 564 862 643 Οὖρσάκιός
890 586 950 621 τε
977 566 1067 622 καὶ
1098 567 1343 638 Οὐάλης,
1367 565 1553 639 ἐπειδὴ
1577 564 1807 625 ἔκπαλαι

2140 571 2209 627 Il.
2244 572 2378 628 Ideo
2410 572 2684 629 Ursacius
2715 576 2772 628 et
2794 571 3012 629 Valens
3041 572 3098 627 in
3132 572 3521 645 suspicionem
3554 573 3713 644 ejus-

307 655 540 733 μέτοχοί
566 677 625 711 τε
653 653 743 711 καί
770 676 1052 733 συμφωνοι
1081 661 1179 711 τοῦ
1227 657 1509 733 Ἀρειανοῦ
1559 655 1833 733 δόγματος
1880 660 1948 727 ἧ-

306 768 398 802 σαν
448 744 862 817 καθεστηκότες,
909 745 999 800 καὶ
1047 752 1149 816 τῆς
1200 746 1472 823 ἡμετέρας
1502 747 1787 809 κοινωνίας
1834 767 1948 823 χω-

305 834 574 912 ρισθέντες
626 834 1003 913 ἀπεφάνθησαν
1032 852 1046 867 ⁸
1091 837 1159 905 ἧς
1205 832 1298 889 ἵνα
1349 837 1690 912 μετάσχωσιν
1741 836 1821 914 ἐφ’
1871 839 1952 899 οἷς

304 925 515 987 ἑαυτοῖς
585 925 1008 999 συνεγνώκεισαν
1083 922 1608 998 πλημμελήσαντες,
1673 925 1953 999 μετανοίας

300 1035 360 1069 τε
384 1014 475 1068 καὶ
508 1013 839 1091 συγγνώμης
870 1012 1056 1084 ἠξίουν
1088 1019 1299 1089 τυχεῖν,
1339 1011 1413 1075 ὠς
1458 1013 1549 1068 καὶ
1594 1014 1661 1069 τά
1710 1013 1953 1089 ἔγγραφοι

300 1103 368 1158 τὰ
413 1103 501 1157 ὑπ’
549 1101 767 1158 ἐκείνων
820 1101 1163 1179 γεγενημένα
1213 1108 1493 1179 μαρτυρεῖ·
1547 1100 1616 1157 δι’
1666 1103 1739 1157 ὧν
1782 1102 1951 1158 ἁπάν-

299 1213 408 1247 των
440 1189 610 1270 φειδὼ
650 1192 958 1269 γεγένηται,
997 1191 1086 1248 καὶ
1135 1196 1243 1247 τῶν
1293 1190 1658 1267 ἐγκλημάτων
1708 1192 1949 1269 συγγνώ-

305 1302 405 1353 μη.
456 1283 553 1335 Ἦν
608 1277 664 1336 δὲ
721 1281 749 1336 ὁ
800 1279 1014 1357 καιρὸς,
1062 1282 1182 1345 καθ’
1230 1281 1288 1336 ’ὸν
1318 1285 1487 1336 ταῦτα
1516 1281 1828 1359 ἐπράττετο,
1861 1282 1951 1337 ὅτε

304 1367 356 1426 ἐν
392 1366 715 1442 Μεδιολάνῳ
744 1370 808 1424 τὸ
838 1366 1113 1446 συνέδριον
1147 1376 1246 1441 τῆς
1279 1368 1508 1425 συνόδου
1557 1376 1949 1447 συνεκροτεῖτο,

300 1459 691 1532 συμπαρόντων
726 1455 784 1514 δὲ
816 1461 928 1532 (67)
966 1457 1058 1514 καὶ
1106 1463 1212 1514 τῶν
1262 1455 1642 1536 πρεσϐυτέρων
1699 1467 1797 1530 τῆς
1842 1464 1951 1515 τῶν

300 1545 589 1621 Ῥωμαίων
648 1545 996 1615 Ἐκκλησίας·
1058 1546 1356 1623 ἐγνωκότες
1431 1546 1488 1603 δὲ
1544 1550 1657 1622 ἅμα
1720 1550 1809 1604 καὶ
1859 1550 1950 1604 τὸν

306 1636 441 1710 μετά
468 1635 726 1705 τελευτὴν
760 1636 906 1707 ἄξιον
942 1638 1168 1710 μνήμης
1200 1642 1631 1708 Κωνσταντῖνον,
1669 1638 1802 1711 μετά
1848 1639 1948 1692 πά-

301 1746 404 1797 σης
456 1720 733 1801 ἀκριϐείας
780 1727 869 1780 καὶ
930 1725 1217 1797 ἐξετάσεως
1265 1727 1364 1797 τὴν
1418 1733 1806 1807 συγγραφεῖσαν
1856 1727 1948 1783 πί-

301 1834 414 1869 στιν
452 1811 788 1869 ἐκτεθεικότα
834 1817 967 1889 (68).
1020 1813 1242 1885 Ἐπειδή
1296 1814 1373 1884 δὲ,
1421 1818 1497 1879 ὡς
1545 1815 1596 1887 ἐξ
1646 1817 1946 1893 ἀνθρώπων

302 1901 516 1997 ἐγένετο
552 1902 883 1997 βαπτισθεις,
914 1904 1004 1959 καὶ
1034 1906 1172 1980 πρὸς
1200 1906 1297 1974 τήν
1329 1904 1692 1983 ὀφειλομενην
1725 1906 1946 1981 εῗρήνην
1980 1932 2027 1997 Β

302 1992 677 2069 ἀνεχώρησεν,
708 1990 908 2048 ἄτοπον
942 1994 1075 2049 εῖνποι
1123 1995 1237 2068 μετ’
1282 1994 1454 2050 ἐκεῖνό
1502 1996 1615 2070 (59)
1660 2017 1712 2050 τι
1761 2017 1950 2051 καινο-

299 2086 515 2154 τομεῖν,
545 2081 637 2137 καὶ
666 2081 961 2144 τοσούτους
993 2081 1183 2158 ἁγίους
1224 2081 1599 2159 ὁμολογητὰς,
1653 2085 1947 2161 μάρτυρας,

301 2168 431 2234 τοὺς
461 2169 552 2225 καὶ
578 2167 739 2226 τοῦδε
763 2175 861 2226 τοῦ
895 2169 1169 2247 δόγματος
1214 2178 1534 2251 συγγραφεῖς
1563 2194 1621 2228 τε
1666 2173 1754 2229 καὶ
1798 2174 1949 2245 εὑρε-

300 2259 397 2320 τάς
430 2255 722 2335 ὑπεριδεῖν
758 2257 949 2322 οἵτινες
979 2258 1113 2315 κατά
1147 2259 1241 2315 τὸν
1286 2258 1520 2315 παλαιὸν
1567 2263 1666 2330 τῆς
1717 2260 1948 2333 Ἐκκλη-

302 2347 420 2411 σίας
499 2348 697 2423 θεσμὸν
790 2349 1001 2403 ἅπαντα
1070 2346 1391 2427 φρονοῦντες
1466 2346 1948 2424 διαμεμενήκασιν’

303 2438 381 2492 ὧν
417 2438 445 2492 ὁ
479 2438 609 2500 Θεὸς
638 2438 738 2506 τὴν
789 2436 995 2511 πίστιν,
1039 2437 1130 2492 καὶ
1178 2437 1253 2500 εἰς
1280 2436 1405 2500 τοὺς
1436 2437 1561 2501 σοὺς
1589 2440 1825 2515 χρόνους
1853 2447 1952 2510 τῆς

308 2525 589 2603 βασιλείαν
618 2523 892 2600 μετέδωκε
925 2524 1015 2581 διὰ
1041 2530 1137 2582 τοῦ
1169 2529 1281 2601 (70)
1332 2527 1602 2583 Δεσπότου
1631 2529 1791 2601 ἡμῶν
1843 2530 1949 2599 Ἰη-

306 2615 403 2670 σοῦ
435 2620 694 2691 Χριστοῦ,
727 2612 797 2670 δι’
823 2613 884 2670 οὗ
915 2636 999 2670 σοι
1032 2614 1201 2671 καὶτὸ
1234 2613 1536 2690 βασιλεύειν
1570 2616 1744 2679 οὕτως
1777 2617 1950 2693 ὑπῆρ-

308 2707 415 2778 ξεν,
447 2703 522 2767 ὠς
554 2705 642 2759 καὶ
673 2711 774 2775 τῆς
805 2706 925 2768 καθ’
953 2707 1100 2777 ἡμᾶς
1131 2704 1457 2778 οἰκουμένης
1486 2710 1721 2781 κρατεῖν.
1774 2705 1949 2762 Πάλιν

305 2798 436 2870 γοῦν
465 2795 518 2849 οἱ
548 2792 775 2849 ἐλεεινοὶ
808 2793 899 2849 καὶ
945 2792 1160 2869 οΐκκροί
1207 2798 1288 2867 τῷ
1334 2795 1666 2871 φρονήματι,
1713 2794 1975 2869 ἀθεμίτῳ

304 2880 630 2957 τολμήματι
680 2884 793 2958 (71)
842 2889 944 2953 τῆς
998 2877 1289 2945 δυσσεϐοῦς
1356 2885 1665 2962 φρονήσεως
1710 2885 1951 2960 κήρυκας

305 2970 530 3035 ἑαυτοὺς
565 2970 916 3048 ἀνήγγειλαν)
944 2971 1035 3027 καὶ
1067 2971 1436 3047 ἐπιχειροῦσιν
1488 2973 1800 3047 ἀνατρέπειν
1846 2979 1948 3028 πᾶν

302 3059 567 3131 ἀληθείας
597 3059 897 3136 σύνταγμα.
932 3062 1020 3124 Ὧς
1051 3060 1154 3137 γὰρ
1194 3081 1328 3116 κατα
1376 3061 1440 3116 τὸ
1489 3060 1580 3116 σὸν
1630 3061 1953 3137 πρόσταγμα

305 3151 371 3205 τὸ
402 3152 511 3224 (72)
544 3146 819 3225 συνέδριον
859 3156 959 3220 τῆς
1006 3147 1232 3206 συνόδου
1280 3155 1671 3226 συνεκροτεῖτο,
1716 3150 1950 3206 κάκεῖνοι

305 3245 407 3309 τῆς
439 3236 578 3302 ἰδίας
630 3240 839 3311 ἀπάτης
890 3238 1156 3315 ἐγύμνουν
1203 3240 1303 3309 τήν
1357 3242 1564 3314 σκέψιν.
1623 3241 1952 3316 Ἐπειρῶντο

2061 661 2188 716 dem
2204 660 2491 717 haereseos
2505 661 3710 735 Arianzeveneruntaliquandoetsuspensi

2062 755 2229 806 erant
2258 767 2291 806 a
2322 751 2774 807 communione:
2804 756 2860 806 et
2890 756 3239 823 rogaverunt
3268 751 3524 818 veniam,
3558 752 3714 806 sicut

2062 855 2265 894 eorum
2289 839 2590 895 continent
2606 839 3028 911 scripta,quam
3051 846 3383 895 meruerant
3406 845 3545 895 tunc
3566 845 3709 895 tem-

2062 928 2221 1001 poris
2252 946 2284 984 a
2313 928 2556 985 concilio
2598 928 3039 998 Mediolonensi,
3066 929 3481 985 assistentibus
3532 930 3708 985 etiam

2061 1017 2270 1091 legatis
2301 1018 2576 1073 Romanae
2604 1017 2895 1073 Ecclesiae.
2926 1018 3307 1074 Constantino
3338 1023 3621 1090 praesente
3649 1019 3706 1073 in

2061 1106 2191 1175 hoc,
2213 1123 2344 1163 cum
2369 1123 2582 1179 magno
2605 1106 2873 1162 examine
2897 1107 3103 1163 fuisset
3124 1107 3706 1180 conscriptum,quod

2062 1200 2270 1252 tenens
2294 1196 2619 1268 baptizatus
2643 1197 2712 1251 ad
2738 1197 2993 1267 quietem
3017 1196 3114 1251 Dei
3145 1196 3580 1269 commigravit;
3615 1182 3711 1251 ne?

2062 1285 2151 1341 fas
2181 1290 2461 1357 putamus
2512 1285 2649 1340 inde
2681 1283 2897 1356 aliquid
2933 1284 3224 1356 mutilare,
3247 1290 3305 1339 et
3344 1289 3426 1340 tot
3476 1289 3708 1341 sanctos

2060 1380 2117 1430 et
2145 1374 2510 1430 cont'essores
2541 1379 2599 1428 et
2629 1390 2997 1429 successores
3023 1378 3346 1446 martyrum
3378 1374 3564 1446 ipsius
3596 1378 3709 1430 tra-

2060 1468 2253 1519 ctatus
2283 1464 2710 1535 conscriptores
2762 1463 2820 1518 in
2869 1461 3062 1533 aliquo
3116 1479 3430 1529 removere,
3465 1479 3599 1517 cum
3650 1468 3708 1518 et

2060 1554 2173 1625 ipsi
2196 1551 2621 1625 praeteritorum
2641 1552 3075 1607 Catholicorum
3099 1552 3423 1608 secundum
3446 1552 3708 1624 Scriptu-

2062 1656 2157 1695 ras
2203 1643 2444 1695 cunctas
2465 1640 2578 1713 (79)
2608 1644 3007 1704 servaverunt,
3041 1640 3449 1712 mansisseque
3480 1640 3540 1694 in
3586 1640 3705 1696 haec

2059 1732 2175 1783 tem
2187 1745 2346 1800 pora,
2371 1728 2586 1800 quibus
2607 1728 2792 1800 pietas
2818 1733 2916 1784 tua
2938 1746 2968 1783 a
2996 1730 3105 1784 Deo
3128 1729 3296 1785 Patre
3318 1745 3422 1801 per
3440 1728 3624 1783 Deum
3649 1732 3706 1784 et

2058 1815 2373 1872 Dominum
2407 1824 2673 1872 nostrum
2705 1818 2905 1873 Jesum
2940 1817 3238 1873 Christum
3278 1818 3512 1890 regendi
3545 1818 3706 1872 orbis

2059 1905 2299 1978 accepit.
2332 1906 2494 1961 Tunc
2535 1906 2712 1961 etiam
2756 1907 3122 1962 conabantur
3169 1906 3515 1972 convellere,
3549 1907 3705 1978 quod

2058 1995 2247 2051 fuerat
2280 1995 2534 2067 positum
2584 1995 2828 2050 ratione.
2863 1996 3090 2051 Etenim
3142 2012 3274 2050 cum
3326 1995 3556 2067 pietatis
3594 2001 3704 2050 tuae

2058 2082 2262 2139 littera:
2284 2084 2595 2155 jusserunt
2625 2084 2862 2139 tractari
2893 2084 2964 2139 de
2997 2084 3129 2152 ﬁde,
3157 2084 3508 2139 offerebatur
3537 2083 3707 2138 nobis

2061 2190 2095 2227 a
2125 2172 2482 2245 supradictis
2528 2172 2932 2228 turbatoribus
2976 2171 3386 2240 Ecclesiarum,
3419 2172 3706 2228 associato

2061 2262 2359 2319 Germinio
2392 2262 2717 2334 (Auxentio)
2748 2266 2806 2317 et
2848 2262 3009 2329 Gaio,
3056 2279 3269 2317 novum
3319 2262 3515 2317 nescio
3564 2260 3705 2331 quid

2061 2351 2735 2424 considerandum,quod
2764 2349 2951 2406 multa
2973 2368 3253 2423 perversae
3275 2349 3552 2406 doctrinae
3576 2366 3708 2405 con-
3755 2374 3759 2377 τ

2060 2441 2301 2497 tinebat.
2324 2442 2481 2496 Adeo
2503 2458 2635 2496 cum
2657 2440 2954 2496 videretur
2983 2439 3292 2513 displicere
3316 2440 3470 2511 quod
3504 2439 3708 2494 oﬂere-

2063 2531 2203 2585 bant
2249 2530 2401 2587 579
2456 2529 2689 2601 publice
2737 2530 2795 2583 in
2846 2528 3114 2595 concilio,
3145 2532 3495 2601 putaverunt
3540 2527 3711 2584 aliter

2061 2635 2189 2674 esse
2220 2618 2735 2675 conscribeudum.
2770 2617 3052 2690 Equidem
3097 2618 3219 2674 hinc
3261 2618 3413 2673 brevi
3445 2623 3709 2688 tempore

2062 2724 2212 2779 saepe
2244 2712 2505 2763 mutasse
2537 2707 2917 2763 manifestum
2950 2713 3058 2763 est.
3092 2708 3163 2762 Et
3192 2723 3263 2762 ne
3293 2706 3562 2762 Ecclesia:
3596 2707 3707 2761 t‘re-

2061 2803 2312 2869 quenter
2352 2796 2786 2869 perturbentur,
2819 2795 3038 2868 placuit
3090 2797 3361 2853 instituta
3389 2799 3582 2850 vetera
3615 2812 3705 2849 ra-

2059 2885 2366 2942 tionabilia
2422 2884 2657 2941 servari.
2705 2887 2788 2943 Ad
2847 2880 3255 2941 instruendam
3314 2884 3494 2957 igitur
3538 2889 3702 2939 tuam

2061 2973 2430 3030 clementiam
2464 2973 2575 3042 (80)
2607 2972 2849 3044 (legatos
2890 2972 3161 3029 misimus
3192 2975 3289 3046 qui
3332 2973 3437 3028 tibi
3469 2977 3704 3028 senten-

2060 3063 2205 3119 tiam
2236 3062 2441 3135 synodi
2492 3078 2594 3134 per
2641 3061 2949 3134 epistolam
3000 3062 3302 3134 indicent),
3336 3062 3553 3134 quibus
3600 3062 3709 3116 hoc

2061 3152 2257 3225 ipsum
2290 3150 2483 3207 solum
2524 3152 2875 3207 mandamus
2908 3155 2973 3206 ut
3001 3168 3116 3207 non
3148 3150 3316 3206 aliter
3354 3150 3706 3224 legationem

2064 3241 2406 3314 perferrent,
2437 3256 2612 3311 quam
2660 3244 2881 3295 statuta
2925 3244 3119 3296 vetera
3164 3245 3574 3312 permanerent
3604 3241 3707 3294 fir-

305 3327 407 3404 γὰρ
440 3327 742 3404 πανουργίᾳ
769 3328 875 3384 τινὶ
905 3313 997 3383 καὶ
1026 3333 1242 3405 ταραχῇ
1290 3313 1692 3408 προσφέροντες
1739 3313 1792 3385 τι
1835 3350 1951 3384 και-

2069 3313 2355 3397 missima,
2390 3334 2454 3385 ut
2483 3335 2538 3385 et
2569 3329 2856 3401 sapientia
2894 3333 2995 3384 tua
3025 3333 3420 3402 cognosceret,
3454 3346 3570 3384 non
3601 3327 3710 3383 hoc

307 3422 584 3491 νοτομεῖν,
617 3421 715 3482 τῆς
744 3417 1004 3489 τοιαύτης
1036 3417 1270 3495 ἑταιρίας
1323 3421 1433 3492 (73)
1462 3417 1951 3491 συναλισκομένους

2069 3419 2220 3493 quod
2255 3419 2648 3492 promiserant
2697 3418 3019 3490 supradicti
3048 3417 3261 3475 Valens
3310 3423 3365 3474 et
3413 3418 3709 3487 Ursacius,

310 3506 557 3583 εὑρόντες
604 3507 909 3584 Γερμίνιον,
982 3507 1267 3578 Αὗξέντιον
1325 3507 1415 3562 καὶ
1463 3508 1642 3578 Γάϊον,
1690 3509 1814 3570 τοὺς
1854 3509 1951 3577 τὴν

2069 3508 2402 3565 Germinius
2452 3511 2508 3563 et
2557 3508 2756 3576 Gaius,
2790 3507 2841 3563 si
2894 3507 3193 3563 sublatum
3247 3509 3471 3576 fuisset,
3504 3524 3709 3580 pacem

308 3589 419 3672 ἔριν
450 3598 538 3652 καὶ
592 3593 942 3673 διχοστασίαν
989 3596 1371 3671 ἐμποιοῦντας
1423 3598 1498 3652 ὧν
1542 3600 1576 3667 ἡ
1611 3594 1951 3670 διδασκαλία,

2069 3615 2237 3671 posse
2284 3596 2584 3669 compleri.
2618 3597 2803 3670 Mogis
2844 3598 3001 3653 enim
3052 3597 3313 3654 turbatio
3360 3599 3589 3653 cunctis
3620 3613 3713 3653 re-

313 3684 407 3758 μία
443 3686 537 3759 μὲν
571 3684 704 3741 οῦσα
734 3688 869 3761 (74),
901 3691 1004 3742 πᾶν
1031 3685 1247 3756 πλῆθος
1303 3685 1669 3765 βλασφημιῶν
1725 3682 1951 3761 ὑπερϐέ-

2069 3687 2339 3761 gionibus
2370 3691 2426 3741 et
2456 3683 2724 3741 Ecclesiae
2757 3686 3028 3741 Romanis
3062 3685 3331 3741 immissa
3361 3691 3470 3742 est.

306 3767 492 3846 ϐηκεν.
522 3775 611 3838 Ὠς
653 3771 713 3831 δὲ
762 3772 1028 3845 συνεῖδον,
1077 3774 1206 3852 οὐχὶ
1253 3778 1351 3845 τῆς
1400 3774 1658 3847 τοιαύτης
1704 3774 2069 3852 προαιρέσεως
2115 3778 2222 3849 (75)
2274 3774 2453 3845 ὄντας,
2504 3769 2625 3827 οὔτε
2674 3773 3219 3847 ὁμογνωμονοῦντας,
3271 3773 3350 3850 ἐφ’
3398 3776 3482 3834 οῖς
3530 3778 3710 3834 κακῶς

307 3861 588 3943 ἐφρόνουν,
622 3863 700 3929 εἴς
725 3865 789 3919 τὸ
820 3859 1157 3937 συμϐούλιον
1189 3866 1348 3939 ἡμῶν
1385 3867 1695 3942 μετήγαγον
1729 3863 1970 3933 ἑαυτοὺς,
2004 3864 2077 3925 ὡς
2135 3860 2309 3918 δοκεῖν
2354 3856 2536 3936 ’ἑτερόν
2587 3883 2638 3917 τι
2686 3861 2928 3940 γράφειν·
2975 3861 3041 3930 ἦν
3089 3859 3147 3916 δὲ
3192 3863 3219 3915 ὁ
3266 3862 3452 3937 καιρὸς
3503 3860 3711 3936 βραχὺς

310 3952 338 4007 ὁ
368 3952 457 4008 καὶ
487 3952 584 4016 τὰς
611 3954 836 4029 γνώμας
865 3951 1042 4009 αὐτῶν
1075 3952 1398 4031 ἐξελέγχων.
1444 3957 1561 4014 Ἵνα
1591 3953 1681 4011 οῦν
1735 3955 1812 4028 μή
1860 3959 1978 4019 τοῖς
2020 3952 2205 4015 αὐτοῖς
2252 3951 2333 4007 ἀεὶ
2381 3953 2448 4007 τὰ
2484 3957 2582 4021 τῆς
2612 3949 2940 4022 Ἐκκλησίας
2972 3951 3292 4027 περιπίπτῃ,
3323 3952 3415 4006 καὶ
3469 3952 3710 4026 ταραχὴ,

308 4040 395 4095 mi
453 4037 684 4117 θόρυϐος
741 4038 1172 4116 καλινδούμενος
1229 4044 1435 4099 ἅπαντα
1494 4044 1698 4119 συγχέῃ
1750 4043 1886 4117 (76),
1949 4036 2164 4118 βέϐαιον
2244 4040 2404 4119 ἐφάνη
2462 4042 2530 4096 τὰ
2602 4039 2772 4095 πάλαι
2844 4037 3123 4118 ὡρισμένα
3180 4043 3290 4115 (77)
3366 4038 3567 4112 ἔννομα
3623 4037 3714 4092 καὶ

309 4129 672 4204 ἀμετακίνητα
718 4127 1117 4209 διαφυλάττειν·
1171 4131 1298 4195 τοὺς
1344 4129 1401 4187 δέ
1447 4132 1883 4210 προειρημένους
1932 4137 2034 4203 τῆς
2091 4131 2351 4206 ἡμετέρας
2380 4129 2666 4192 κοινωνίας
2695 4130 3159 4206 ἀποκεχωρίσθαυ
3190 4127 3257 4184 δι’
3286 4131 3352 4199 ἣν
3383 4128 3556 4183 αἰτίαν
3589 4125 3715 4187 τοὺς

312 4215 723 4290 ἀναδιδάξοντας
798 4220 911 4295 (78)
984 4215 1236 4297 πρέσϐεις
1314 4221 1449 4298 πρὸς
1500 4222 1601 4292 τήν
1677 4223 1777 4291 σὴν
1855 4219 2141 4277 ἐπιείκειαν
2218 4217 2655 4293 ἀπεστάλκαμεν,
2710 4219 2809 4288 τήν
2867 4219 3088 4296 γνώμην
3142 4222 3237 4273 τοῦ
3294 4215 3570 4291 συνεδρίου
3629 4212 3719 4269 διὰ

307 4314 408 4378 τῆς
463 4305 758 4378 ἐπιστολῆς
820 4307 1199 4383 μηνύσοντας’
1269 4314 1389 4373 τοῖς
1448 4306 1506 4364 δὲ
1566 4304 1820 4385 πρέσϐεσι
1878 4310 1985 4385 πρό
2034 4331 2095 4385 γε
2144 4311 2359 4365 πάντων
2408 4313 2571 4364 τοῦτο
2620 4304 3148 4383 παρεκελευσάμεθα,
3196 4308 3260 4363 τὸ
3306 4308 3405 4377 τὴν
3463 4305 3718 4377 ἀλήθειαν

2142 4492 2253 4564 (74)
2293 4492 2541 4547 Sozom..
2569 4476 2891 4564 διδασκαλία
2924 4490 3000 4562 μὴ
3037 4489 3287 4564 μένουσα.
3319 4491 3436 4564 Nec
3467 4493 3717 4564 possunt

2069 4562 2192 4621 haec
2222 4562 2278 4619 in
2310 4566 2582 4619 contextu
2617 4563 2817 4619 Latino
2865 4562 3205 4633 internosci,
3254 4563 3335 4619 ita
3372 4562 3555 4619 libera
3584 4579 3712 4617 ver-

1990 4654 2037 4721 D
2069 4636 2737 4721 sione‘q‘rmcaldonaj‘us
2766 4640 2873 4721 est.

2144 4708 2254 4779 (75)
2283 4708 2595 4780 Socrat._et
2622 4706 2931 4780 Theodor.,
2991 4712 3090 4777 τῆς
3121 4704 3290 4775 αὐτῆς
3318 4704 3708 4780 προαιρέσεως.

2068 4776 2315 4845 Εοῖοῐῂη
2336 4780 2432 4847 τῆς
2466 4778 2632 4847 αὐτῆς
2662 4776 2935 4847 αἱρέσεως.

2068 4796 2315 4845 5020111.,
2336 4798 2432 4847 της
2466 4798 2632 4847 αυτης
2662 4796 2716 4831 αι
2757 4796 2935 4839 εσεως.

2068 4920 2092 4975 ἑ
2142 4850 2252 4924 (76)
2285 4851 2535 4922 Sozom.,
2563 4796 2795 4925 θόρυϐῗλς
2826 4846 3259 4922 κακιοδούμενος
3309 4846 3544 4907 ἅπαντας
3595 4866 3713 4899 συν-

2096 4940 2193 4975 γη.

2096 4940 2255 5067 xii”)
2290 4995 2373 5067 Ita
2402 4994 2792 5067 Beg._Socrat.
2824 4993 3038 5048 Tbeod.
3072 4994 3144 5048 At
3198 4992 3324 5048 Soz.
3358 5007 3493 5067 cum
3534 4990 3714 5067 _Atha-

2071 5060 2248 5149 Easii'
2279 5060 2892 5149 editis,'8tmpicpéva.
2944 5069 3072 5120 Mox
3099 5069 3345 5149 §9zom.,
3405 5060 3710 5149 φυλάττειν.

2072 5142 2243 5210 Porro
2302 5133 2648 5210 hujusmodi
2706 5133 3005 5210 decretum
3060 5135 3275 5210 videsis
3337 5133 3492 5210 apud
3530 5133 3711 5190 Hilar.

2069 5207 2505 5337 gragm.7,'c‘ol.
2541 5211 2699 5266 1341.
2757 5213 2884 5266 Mox
2939 5208 3000 5264 in
3059 5207 3259 5265 Latino
3316 5208 3528 5265 desunt
3558 5224 3713 5279 quae-

2112 5299 2230 5337 am.

2112 5299 2230 5337 am.
2422 5289 2435 5301 ’

2145 5354 2255 5425 (78)
2290 5354 2383 5425 Sic
2416 5353 2555 5425 Reg.
2589 5353 2815 5425 Sozom.
2849 5356 2905 5408 et
2962 5351 3249 5425 Theudor.
3308 5355 3383 5405 At
3398 5350 3549 5425 editi
3580 5365 3715 5404 cum

2070 5419 2327 5490 Saufeia,
2362 5419 2795 5492 dvaStddEavtac.
2854 5425 3002 5479 Vide
3057 5423 3343 5478 Hilarium
3396 5422 3538 5476 ibid.
3572 5425 3713 5491 Reg.

313 5492 1147 5569 Socrat,’Sozom._Tbeod0r.,
1181 5492 1621 5569 συνεκροτεῖτο..’
1730 5492 1776 5569 '_
1806 5565 1816 5569 _
1842 5566 1857 5569 _

2072 5496 2293 5569 Spcrat.
2328 5496 2895 5569 szom._Theedor,,
2960 5492 3315 5569 μηνύσονιεας.
3378 5492 3551 5563 Editi,
3608 5512 3716 5564 μηο

390 5559 778 5642 (7_3)'Socrat.,
810 5559 1361 5642 Ergpolac._8'ozom.',
1421 5563 1674 5640 ἑτεριίας.
1734 5565 1951 5642 Ibidem

2070 5564 2344 5642 νύσαντες.
2375 5566 2521 5623 lbid.
2556 5567 2804 5642 Socrat.,
2833 5559 3035 5642 τοῖςγε
3054 5559 3442 5642 πρεσϐεύουσι.

315 5636 552 5711 Regius,
582 5636 714 5700 τοὺς
745 5636 1255 5711 συναλισκομένους.
1288 5642 1416 5711 mox
1443 5636 1676 5711 ﬁderat.
1697 5641 1756 5693 et
1784 5638 1951 5711 Theo-

2147 5640 2258 5711 (79)
2293 5639 2493 5711 Forte,
2512 5646 2727 5695 cuncta.
2756 5640 2945 5711 Locus
2964 5636 3233 5711 vitiosus.

317 5708 819 5786 dor.,_I"sp;_m’zvzo<.
853 5708 1073 5786 ibidem
1099 5708 1472 5786 “Auxentium
1500 5709 1757 5786 Hilarius
1787 5710 1963 5767 omit-
2149 5708 2260 5785 (80)
2291 5710 2500 5767 Hilarii
2529 5714 2724 5768 textus
2754 5709 2847 5768 hic
2872 5710 3088 5768 deficit.

318 5780 412 5841 tit.
440 5776 755 5854 Theodon,
788 5780 917 5848 τοὺς
943 5781 1046 5853 τὴν
1067 5777 1270 5857 α’ίρεσιν
1301 5780 1392 5837 καὶ
1431 5776 1799 5858 διχοστασίαν.

386 4484 801 4563 (ὃϐλἚκπαλαι
837 4489 998 4563 deest
1029 4490 1090 4547 in
1121 4491 1409 4548 Theodor.
1453 4495 1678 4549 Sozom.
1708 4508 1841 4548 vero
1873 4491 1957 4548 le-

313 4558 615 4627 κὶῐήστάλαι.
649 4561 783 4617 Mox
837 4561 1057 4618 Socrat.
1118 4568 1175 4620 et
1228 4563 1541 4629 Tbeodor.,
1602 4564 1955 4629 Ἀρειανικοῦ.

312 4633 488 4710 Paulo
518 4637 650 4710 post
677 4633 988 4710 'ljbeodpr.,
1018 4638 1350 4699 καθεστῶτες
1377 4637 1478 4699 τῆς
1507 4633 1801 4710 ἡμετέρας.

406 4706 497 4774 67)
521 4700 835 4772 ’Τὴεοάοινη
869 4700 959 4774 δή.

408 4773 499 4849 68)
531 4776 749 4849 Regius
779 4773 1079 4849 mendose,
1111 4773 1477 4848 ἐκτεθηκότες.

408 4847 499 4920 69)
529 4847 768 4920 Regius,

313 4920 603 4992 nupseript.
637 4936 771 4976 cum

387 4988 732 5066 ίουςῘΕᾶὶῑί,
760 4988 990 5066 τούτους
1021 4991 1244 5066 ἁγίους.⁸
1268 4992 1413 5048 Ibid.
1448 4988 1670 5066 Socrat.
1729 4998 1955 5050 Sozom.

313 5063 627 5140 ’_I:beodor.,
656 5083 745 5117 και
772 5063 1078 5140 μάρτυραςζ
1112 5063 1288 5121 Paulo
1318 5069 1452 5137 post
1479 5065 1787 5135 Theodor.,
1817 5083 1957 5140 παρ-

316 5132 451 5190 ἰδεῖν
522 5153 584 5192 ro
608 5134 707 5190 ὑπε
746 5132 903 5193 ιδεῖν.

387 5154 516 5352 (7οἷ
529 5154 842 5292 Τιιθρόῦοικ,
873 5227 903 5262 κ

354 5344 357 5345 ν
407 5280 468 5335 74
532 5283 767 5352 Regius,
797 5298 901 5352 φρο

385 4707 405 4920 ἓ

481 4707 499 4921 ἒ

848 4848 917 4901 ετ⁹
950 4846 1175 4904 ἐκείνου.
1209 4846 1384 4922 Paulo
1433 4852 1565 4922 post
1589 4865 1960 4922 omnes_ma—

848 4925 1027 4991 ocrat.
1058 4924 1284 4978 Sozom.
1327 4918 1636 4991 Theodon,
1666 4918 1957 4983 τοσούτους

408 5201 499 5276 70)
529 5201 842 5276 Theodor.,
873 5203 963 5262 καὶ
996 5201 1085 5260 διὰ
1111 5208 1227 5263 τοῦ.

407 5276 498 5365 Ζ1)
529 5278 969 5365 Βρεξξιεκφρονρ
982 5298 1130 5365 ματιρ
1164 5276 1405 5365 ἀίὶεμίτφ
1445 5278 1776 5365 290M321!-

387 5209 405 5423 ἒ

409 5346 499 5422 72)
529 5346 644 5408 Sic"
657 5346 894 5423 Regius,
926 5346 1174 5423 secret,
1206 5346 1431 5407 Sozam.
1457 5346 1531 5408 'l'n
1562 5346 1738 5407 editis
1765 5346 1827 5404 τό
1858 5350 1958 5406 de-

314 5420 422 5479 est.
455 5420 591 5497 Mox,
616 5420 776 5491 editi,
808 5420 1185 5497 συνεκρότητα
1242 5423 1476 5494 Regius,
1532 5441 1952 5497 συγκεκροτητο.
