4082 6356
419 477 540 540 699

965 484 1034 544 S.
1077 483 1507 547 ATHANASIl
1550 487 1725 548 OPP.
1771 483 1972 545 PARS
2016 481 2052 543 l.

2164 478 2624 543 -HlSTORIGA
2667 481 2767 542 ET
2811 479 3284 544 DOGMATICA.

3725 477 3846 541 700

416 609 793 690 πιστώσασθαι
827 609 886 666 ἐκ
912 615 1020 667 τῶν
1048 610 1218 667 πάλαι
1250 613 1498 690 ἀρχαίων
1521 615 1610 670 καὶ
1645 612 1871 670 δικαίων
1903 611 2266 687 ὁρμωμένους
2297 613 2433 684 (81).
2467 608 2519 667 ο⁹ί
2547 610 2638 666 καὶ
2660 611 2761 680 τήν
2811 610 2910 680 σὴν
2961 607 3370 682 ἀναδιδάξουσιν
3421 609 3700 684 ὁσιότητα,
3752 611 3836 667 ὅτι

419 687 547 774 ούχ,
583 692 763 774 ὥσπερ
795 696 996 774 ἔφησαν
1030 687 1420 774 Ούρσακιλςτε
1448 703 1539 758 καὶ
1587 701 1826 773 Οὐάλης,
1858 700 2005 756 ἔσται
2035 700 2250 777 εἰρήνη,
2283 695 2432 774 εἷ’περ
2461 720 2514 755 τι
2542 704 2652 754 τῶν
2687 696 2909 754 δικαίων
2937 697 3289 775 ἀνατραπείη.
3323 703 3446 762 Πῶς
3475 699 3580 775 γὰρ
3611 698 3838 776 εἰρήνην

419 787 538 842 οἷόν
569 809 626 842 τε
648 785 797 863 ἄγειν
826 787 954 850 τοὺς
983 791 1084 857 τήν
1118 789 1342 864 εἰρήνην
1391 791 1760 854 καταλύοντας
1786 811 1799 861 ;
1855 788 2058 864 μᾶλλοι
2107 789 2211 865 γὰρ
2261 783 2375 862 ἔρις
2429 789 2518 844 καὶ
2548 788 2767 865 ταραχὴ
2797 785 2859 843 ἐκ
2881 785 3088 842 τούτων
3115 787 3207 842 σὺν
3237 793 3357 850 ταῖς
3389 789 3610 852 λοιπαῖς
3637 787 3834 846 πόλεσι

415 877 506 932 καὶ
633 881 741 932 τῶν
764 877 1049 952 Ῥωμαίων
1081 879 1381 953 Ἐκκλησία
1407 883 1708 958 γενήσεται.

491 968 586 1022 lii.
621 967 705 1023 Ob
735 985 910 1040 quam
944 986 1066 1026 rem
1089 975 1250 1027 tuam
1287 988 1564 1044 rogamus
1584 971 1978 1037 clementiam,
2002 976 2052 1026 u1

2253 967 2346 1022 Διὸ
2385 964 2452 1036 δὴ
2505 966 2816 1039 ἱκετεύομεν
2869 965 2968 1034 τήν
3019 967 3118 1035 σὴν
3165 963 3475 1034 ἐπιείκειαν,
3515 964 3607 1021 ἵνα
3659 988 3834 1044 προσ-

415 1055 665 1127 placidis
712 1057 958 1112 auribus
989 1063 1044 1114 et
1075 1076 1280 1116 sereno
1311 1060 1477 1117 vultu
1513 1062 1820 1117 universos
1849 1061 2071 1132 legatos

415 1148 652 1200 nostros
700 1150 757 1201 et
796 1146 1074 1219 respicias
1105 1153 1162 1204 et
1191 1149 1399 1206 audias
1431 1168 1444 1206 :
1479 1166 1621 1206 neve
1670 1149 1889 1222 aliquid
1937 1166 2071 1221 per-

411 1233 608 1289 mittat
639 1233 955 1292 clementia
983 1240 1087 1294 tua
1111 1237 1334 1310 injuria
1359 1242 1622 1294 veterum
1655 1238 1934 1305 convelli;
1968 1239 2070 1294 sed

414 1339 656 1378 manere
686 1340 774 1392 ea,
810 1341 937 1396 quae
989 1343 1022 1381 a
1070 1329 1398 1397 majoribus
1445 1330 1666 1384 nostris
1713 1328 2069 1400 accepimus,

411 1427 562 1484 quos
591 1411 776 1468 fuisse
805 1418 863 1469 et
897 1415 1236 1487 prudentes,
1260 1420 1317 1472 et
1338 1417 1464 1473 sine
1491 1417 1716 1489 Spiritu
1741 1421 1946 1474 sancto
1967 1415 2072 1472 Dei

411 1516 528 1556 non
559 1500 751 1572 egisse
781 1503 1161 1570 confidimus,
1195 1505 1334 1576 quia
1381 1505 1498 1562 ista
1539 1507 1794 1562 novitate
1825 1523 1940 1562 non
1971 1523 2070 1562 so-

409 1586 534 1643 lum
567 1587 770 1646 ﬁdeles
795 1591 995 1662 populi
1030 1593 1353 1663 perturbati
1375 1599 1534 1665 sunt,
1557 1611 1759 1650 verum
1781 1595 1958 1651 etiam
1987 1594 2072 1648 in-

408 1675 614 1732 fideles
656 1679 728 1733 ad
760 1679 1166 1738 credulitatem
1199 1687 1472 1739 vetantur
1501 1685 1797 1741 accedere.
1817 1683 2068 1740 Oramus

411 1763 588 1820 etiam
622 1771 688 1821 ut
721 1768 1028 1841 praecipias
1056 1774 1142 1826 tot
1163 1771 1490 1844 episcopos,
1514 1773 1614 1845 qui
1635 1771 1898 1828 Arimino
1919 1772 2067 1827 deti-

412 1857 645 1926 nentur,
679 1855 833 1910 inter
861 1873 1005 1928 quos
1039 1859 1279 1930 plurimi
1319 1866 1459 1916 sunt
1488 1861 1588 1933 qui
1636 1865 1807 1917 aetate
1836 1865 1894 1917 et
1921 1877 2066 1932 pau-

411 1945 636 2013 pertate
665 1945 872 2002 defecti
898 1953 1059 2014 sunt,
1084 1949 1154 2004 ad
1185 1966 1355 2005 suam
1390 1950 1750 2022 provinciam
1781 1965 2065 2020 remeare,

409 2047 482 2087 ne
514 2032 781 2089 destituti
816 2035 942 2092 suis
991 2039 1282 2112 episcopis
1314 2038 1581 2096 laborent
1614 2038 1813 2112 populi
1865 2038 2066 2095 Eccle-

407 2120 656 2178 siarnm.
683 2123 802 2179 Hoc
821 2126 995 2180 etiam
1023 2127 1388 2200 frequentius
1412 2128 1802 2201 postulamus,
1822 2134 1887 2184 ut
1917 2128 2064 2184 nihil

407 2208 738 2277 innovatur,
762 2212 908 2268 nihil
939 2215 1270 2285 minuatur;
1296 2218 1395 2273 sed
1421 2223 1698 2274 maneant
1727 2218 2066 2288 incorrupta

2182 1057 2363 1127 ηνέσιν
2396 1056 2588 1118 ἀκοαῖς
2613 1055 2700 1110 καὶ
2734 1051 3020 1130 γαληναίῳ
3055 1052 3335 1130 βλέμματι
3359 1054 3488 1118 τοὺς
3528 1056 3838 1133 ἡμετέρους

2179 1139 2432 1218 πρέσϐεις
2467 1146 2781 1219 ἀθρήσειας,
2818 1145 2957 1217 μήτε
2989 1145 3102 1217 (82)
3147 1143 3284 1216 πρὸς
3334 1138 3491 1220 ὕϐριν
3537 1150 3647 1200 τῶν
3694 1166 3839 1202 τετε-

2181 1231 2530 1304 λευτηκότων
2594 1231 2781 1287 καινόν
2866 1253 2919 1287 τι
2998 1229 3386 1304 μεταλλάττειν
3465 1231 3831 1310 ἐπιτρέψειας·

2181 1320 2308 1378 ἀλλ’
2339 1323 2501 1397 ἐάσῃς
2549 1319 2799 1395 ἐμμένειν
2849 1323 2998 1396 ἡμᾶς
3045 1325 3165 1384 τοῖς
3211 1323 3358 1398 παρὰ
3383 1327 3492 1377 τῶν
3542 1325 3830 1401 προγόνων

2181 1410 2441 1486 ὀρισθεῖσί
2489 1431 2550 1466 τε
2595 1410 2686 1466 καὶ
2734 1409 3280 1483 νενομοθετημένοις·
3329 1409 3422 1474 οὕς
3454 1409 3663 1467 ἅπαντα
3695 1415 3833 1486 μετά

2178 1499 2467 1576 ἀγχινοίας
2531 1519 2590 1554 τε
2654 1499 2745 1554 καὶ
2801 1501 3117 1577 φρονήσεως
3164 1498 3254 1554 καὶ
3307 1498 3622 1574 Πνεύματος
3675 1501 3836 1578 ἁγίου

2177 1589 2534 1661 πεποιηκέναι
2584 1591 2857 1668 φήσαιμεν
2904 1586 2988 1644 ἂν.
3041 1588 3116 1642 Τὰ
3171 1589 3276 1666 γὰρ
3325 1592 3418 1644 νῦν
3450 1590 3580 1664 παρ’
3610 1589 3828 1644 ἐκείνων

2177 1679 2650 1752 καινοτομούμενα
2695 1682 2814 1740 τοῖς
2865 1676 2959 1750 μὶν
3021 1677 3364 1732 πιστεύσασιν
3427 1677 3682 1734 ἀπιστίαν
3732 1677 3833 1752 έμ-

2176 1773 2324 1823 ποιεῖ
2371 1770 2484 1842 (83)
2527 1773 2646 1830 τοῖς
2698 1763 2756 1822 δὲ
2811 1766 3125 1821 ἀπιστοῦσιν
3159 1765 3444 1840 ὠμότητα.
3494 1767 3830 1842 Ἰκετεὺομεν

2177 1853 2236 1911 δὲ
2264 1855 2363 1928 ἔτι,
2401 1855 2491 1911 ἵνα
2545 1855 2811 1931 κελεύσῃς
2866 1854 3194 1917 ἂπισκόπους
3251 1854 3378 1918 τοὺς
3433 1853 3486 1910 έν
3543 1858 3654 1931 (84)
3707 1863 3832 1920 ταῖς

2175 1941 2520 2007 ἀλλοδαπαῖς
2551 1939 2946 2017 διατρίϐοντας,
2981 1942 3074 2006 οὕς
3101 1943 3192 1999 καὶ
3220 1944 3283 1998 τὸ
3309 1950 3410 2013 τῆς
3437 1942 3664 2014 ἡλικίας
3712 1943 3828 2000 ἐπί-

2174 2055 2340 2088 πονον
2385 2035 2473 2089 καὶ
2521 2035 2586 2088 τὸ
2633 2040 2735 2103 τῆς
2787 2032 2974 2095 πενίας
3023 2030 3198 2096 ἐνδεὲς
3247 2031 3463 2110 τρύχει,
3493 2034 3592 2103 τήν
3645 2032 3723 2096 εἲς
3766 2035 3834 2090 τὰ

2175 2121 2349 2178 οἰκεῖα
2377 2119 2711 2195 ἀνακομιδὴν
2745 2118 2930 2198 ῥᾳδίαν
2957 2123 3314 2193 ποιήσασθαι⁹
3346 2120 3440 2177 ’ίνα
3475 2123 3552 2196 μή
3593 2117 3828 2199 ἔρημοι,

2171 2216 2280 2268 τῶν
2311 2211 2620 2268 ἐπισκόπων
2646 2210 3034 2289 ἀφωρισμένων
3236 2212 3293 2266 αἱ
3341 2210 3658 2281 Ἐκκλησίαι
3709 2209 3826 2267 διας

343 2361 348 2365 ,
411 2313 540 2404 quin
562 2300 755 2399 patris
786 2309 1002 2358 sanctae
1034 2305 1270 2377 pietatis
1312 2311 1429 2362 tum
1459 2307 1828 2379 temporibus
1858 2310 1916 2362 et
1943 2305 2052 2362 tuis

2176 2301 2426 2373 μένωσιν.
2477 2302 2595 2356 Ἔτι
2649 2297 2707 2356 ὃὶ
2751 2301 2888 2376 πρὸς
2942 2301 3106 2356 ἅπασι
3135 2299 3224 2356 καὶ
3253 2304 3416 2356 τοῦτο
3451 2297 3700 2374 δεόμεθα,
3725 2299 3822 2356 ’ίνα

411 2385 702 2459 religiosis
735 2391 963 2446 saeculis
996 2399 1469 2464 permanserunt.
1502 2395 1616 2450 Nec
1639 2396 1761 2466 jam
1796 2411 1902 2450 nos
1934 2394 2062 2450 fati-

411 2476 536 2546 gari
569 2481 671 2532 aut
703 2480 945 2535 convelli
978 2497 1011 2536 a
1041 2482 1283 2539 sedibus
1309 2484 1530 2542 nostris
1558 2489 1662 2540 tua
1689 2489 1893 2540 sancta
1925 2501 2060 2556 pru-

415 2562 616 2620 dentia
647 2567 963 2638 permittat,
996 2571 1098 2626 sed
1143 2572 1326 2643 quieti
1356 2577 1560 2629 vacent
1596 2589 1830 2645 semper
1859 2578 2062 2645 postu-

414 2651 756 2721 lationibus,
789 2674 934 2728 quas
964 2659 1184 2717 habent
1219 2678 1454 2734 semper
1481 2668 1538 2718 et
1567 2679 1671 2734 pro
1715 2661 1906 2719 salute
1933 2667 2056 2732 tua,

410 2745 468 2797 et
497 2760 598 2816 pro
630 2762 808 2816 regno
857 2752 976 2818 tuo,
1012 2753 1070 2804 et
1101 2767 1204 2822 pro
1244 2768 1384 2824 pace
1413 2768 1590 2824 quam
1637 2751 1743 2807 tibi
1775 2751 2056 2810 Divinitas

407 2847 512 2903 pro
543 2835 772 2890 meritis
802 2835 924 2892 tuis
967 2839 1318 2910 profundam
1351 2846 1410 2896 et
1449 2846 1790 2913 perpetuam
1838 2838 2055 2915 largia-

403 2925 520 2977 tur.
558 2922 756 2995 Legati
786 2931 981 2982 autem
1024 2929 1206 2984 nostri
1258 2934 1316 2985 et
1365 2931 1833 3002 subscriptiones
1862 2934 1920 2986 et
1949 2946 2054 2986 no-

402 3009 565 3065 mina
591 3012 999 3084 episcOporum
1044 3016 1132 3072 vel
1181 3017 1504 3090 legatorum
1557 3021 1869 3092 perferent,
1900 3019 2054 3075 sicut

399 3097 558 3154 idem
589 3098 704 3156 alia
733 3101 1029 3175 scriptura
1057 3103 1302 3162 instruit
1331 3111 1495 3163 tuam
1519 3112 1783 3164 sanctam
1817 3107 2050 3180 religio-

398 3202 646 3259 samque
678 3193 1069 3262 prudentiam.

2173 2387 2341 2462 μηδὶν
2375 2391 2512 2463 μήτε
2542 2387 2773 2464 ἐλλείπῃ
2800 2393 2904 2444 τῶν
2937 2389 3420 2465 προϋπαρξάντων,
3465 2409 3604 2462 μητε
3651 2387 3823 2445 πλεο-

2168 2480 2339 2548 νάζοι·
2387 2477 2534 2534 ἀλλὰ
2578 2479 2753 2534 πάντα
2805 2474 3052 2554 ὂίρρηκτα
3107 2475 3356 2553 διαμείνῃ
3411 2480 3548 2552 (86),
3609 2477 3670 2534 έκ
3717 2481 3819 2548 τῆς

2165 2573 2263 2623 τοῦ
2293 2573 2389 2623 acii
2418 2569 2624 2644 πατρὸς
2655 2561 2928 2630 εὐσεϐείας
2955 2565 3044 2621 καὶ
3079 2566 3154 2629 εἰς
3190 2567 3280 2622 τὸν
3329 2570 3418 2622 νῦν
3467 2567 3670 2643 χρόνον
3702 2569 3816 2642 (87)

2167 2653 2658 2733 διαφυλαττόμενα·
2709 2657 2849 2730 μήτε
2896 2655 3089 2712 λοιπὸν
3119 2658 3270 2730 ἡμᾶς
3301 2657 3555 2733 μοχθεῖν,
3584 2659 3672 2712 καί
3699 2661 3810 2711 τῶν

2165 2745 2382 2802 οἰκείων
2438 2747 2816 2821 παροικήσεων
2878 2743 3206 2820 ἀλλοτρίους
3271 2744 3612 2820 ἐπιτρέψειας
3658 2745 3810 2822 γίνε-

2163 2836 2282 2890 σθαι
2317 2838 2448 2910 (88)
2482 2833 2606 2891 ἀλλ’
2631 2832 2720 2890 ἵνα
2748 2835 2802 2889 οἱ
2846 2832 3132 2890 ἐπίσκοποι
3175 2834 3270 2890 σὺν
3298 2839 3418 2897 τοῖς
3445 2831 3604 2897 ἰδίοις
3651 2834 3808 2898 λαοῖς

2165 2927 2278 2998 μετ’
2309 2925 2532 2998 εἰρήνης
2561 2923 2637 2987 εἰς
2666 2922 2832 3000 εὐχάς
2859 2944 2918 2978 τε
2947 2921 3036 2978 καὶ
3070 2921 3323 2999 λατρείας
3355 2922 3569 3000 σγολὴν
3601 2921 3812 3000 ἄγοιεν,

2162 3013 2484 3078 ἱκετεύοντες
2534 3013 2668 3090 ὑπὲρ
2713 3020 2814 3083 τῆς
2859 3019 2960 3083 σῆς
3008 3011 3306 3088 βασιλείας,
3368 3014 3460 3068 καὶ
3509 3012 3810 3090 σωτηρίας,

2155 3104 2247 3160 καὶ
2280 3104 2525 3179 εἰρήνης,
2557 3104 2619 3172 ἣν
2677 3105 2713 3172 ἡ
2773 3101 2998 3173 Θειότης
3055 3105 3170 3175 (89)
3211 3122 3296 3158 σοι
3344 3101 3420 3165 εἰς
3462 3103 3526 3158 τὸ
3558 3100 3806 3172 διηνεκὶς

2155 3198 2454 3269 χαριεῖται.
2503 3193 2572 3250 Oi.
2620 3189 2679 3246 δὲ
2721 3192 2980 3267 ἡμέτεροι
3032 3185 3290 3266 πρέσϐεις
3334 3190 3431 3255 τάς
3476 3211 3538 3247 τι
3567 3191 3808 3266 ὑπογραο

398 3274 502 3362 ςράς
529 3277 738 3342 καὶτὰς
760 3283 866 3333 τῶν
897 3279 1206 3337 ἐπισκόπων
1237 3284 1609 3362 προσηγορίας
1639 3283 1981 3359 κομίζουσιν,
2013 3280 2209 3344 οῗτινες
2232 3282 2323 3338 καὶ
2354 3279 2405 3352 έξ
2437 3279 2612 3337 αὐτῶν
2641 3283 2750 3336 τῶν
2781 3279 2938 3335 θείων
2971 3283 3199 3359 Γραφῶν
3229 3281 3370 3354 (90),
3397 3279 3499 3350 τὴν
3531 3279 3628 3350 σήν
3680 3279 3814 3334 ἀνα-

398 3357 700 3436 διδάξουσιν
733 3367 1013 3441 ὁσιότητα.

893 3472 1243 3532 DECRETUM
1280 3475 1540 3532 SYNODI.

467 3572 554 3630 Η.
587 3575 884 3639 Quantum
908 3579 1128 3650 decuit,
1153 3582 1358 3639 fratres
1382 3581 1738 3649 cbarissimi,
1760 3580 2045 3638 catholica

397 3663 658 3734 synodus
690 3667 1028 3737 patientiam
1064 3670 1290 3740 habuit,
1325 3674 1382 3728 et
1421 3671 1576 3745 piam
1605 3669 1919 3727 Ecclesium
1953 3675 2044 3727 to-

392 3749 504 3807 ties
535 3752 801 3812 exhibuit
819 3757 992 3828 juxta
1038 3757 1344 3816 Ursacium
1373 3764 1431 3817 et
1459 3759 1781 3829 Valentem,
1813 3759 2043 3816 Germi-

394 3837 579 3914 nium,
609 3841 817 3902 Gaium
859 3847 940 3918 (et
969 3849 1368 3922 Auxentium);
1403 3849 1502 3921 qui
1534 3849 1707 3906 toties
1758 3849 2042 3905 mutando

391 3931 547 4000 quod
597 3935 988 4007 crediderant,
1034 3953 1241 3995 omnes
1291 3939 1580 3996 Ecclesiae
1631 3939 2039 4010 turbaverunt,

390 4021 446 4074 et
465 4036 620 4077 nunc
634 4029 922 4081 conantur
939 4025 1277 4083 hereticum
1297 4027 1560 4084 animum
1584 4043 1760 4084 suum
1783 4028 2042 4084 inserere

393 4109 608 4167 animis
638 4112 1008 4172 Christianis.
1035 4117 1380 4174 Subvertere
1410 4117 1567 4173 enim
1597 4116 1800 4174 volunt
1826 4119 2040 4172 tracta-

344 4201 348 4206 '
393 4200 518 4254 tum
551 4198 820 4258 habitum
855 4205 1010 4276 apud
1058 4205 1331 4274 Nicmam,
1355 4206 1510 4264 580
1540 4206 1641 4278 qui
1695 4205 1924 4278 positus
1952 4209 2043 4262 est

392 4291 596 4344 contra
614 4291 891 4349 Arianam
919 4293 1188 4351 heresim
1213 4300 1272 4351 et
1297 4299 1556 4352 caeteras.
1577 4294 1915 4351 Attulerunt
1943 4311 2042 4351 no-

395 4374 488 4430 bis
517 4383 794 4448 praeterea
824 4383 1214 4456 conscriptam
1248 4401 1282 4441 a
1311 4401 1374 4442 se
1397 4385 1594 4452 fidem,
1616 4401 1792 4458 quam
1818 4385 2040 4458 recipe-

390 4479 452 4518 re
483 4481 590 4522 nos
625 4484 740 4524 non
775 4469 1004 4528 licebat.
1035 4473 1166 4530 Jam
1212 4474 1449 4547 quidem
1502 4473 1759 4532 haeretici
1793 4474 2040 4531 antehac

391 4553 563 4610 nobis
593 4559 954 4630 pronuntiati
987 4565 1147 4633 sunt,
1179 4567 1236 4619 et
1267 4562 1468 4620 multis
1498 4563 1706 4620 diebus
1749 4567 1842 4620 est
1878 4579 2037 4620 com-

460 4753 573 4827 (81)
605 4753 860 4831 Sozom.,
902 4753 1146 4831 ἀρχαίων
1217 4753 1436 4831 δικαίως
1462 4758 1840 4831 Δὡρισμένων.
1907 4763 2040 4816 Mox

460 4778 573 4827 \Ol)
605 4778 856 4826 DUZUID.,
902 4778 1146 4831 αρχαιιυν
1217 4778 1436 4820 οικαιως
1501 4779 1544 4812 ω
1588 4778 1840 4831 ισμενων.
1907 4778 2035 4816 mox

393 4825 536 4900 Reg.
571 4831 791 4900 Socrat.
825 4827 1065 4890 Sozom..
1087 4829 1400 4899 Theodor.,
1433 4826 1504 4885 οἳ.
1539 4778 1711 4899 ἕάἰῐί,
1759 4832 1834 4886 οἱ.
1885 4832 2035 4887 ibid.

389 4896 554 4970 Reg,
589 4896 874 4975 ἀθεότητα,
907 4901 1009 4957 sed
1024 4904 1299 4975 secunda
1345 4896 1544 4975 manu,
1577 4896 1850 4975 upperius
1893 4903 2039 4959 scri-

387 4975 557 5095 ggum
591 4976 681 5027 est
712 4970 993 5043 ὁσιότητα.
1023 4971 1156 5030 Max
1182 4991 1241 5028 τε
1291 4979 1423 5046 post
1473 4970 1777 5048 Οὐρσάῐιιος
1809 4975 1976 5032 abest
2005 4990 2040 5030 a

463 5058 617 5095 zom.

427 5057 617 5098 ozom.

387 5112 852 5246 idu(r;3t2c).Sazom.,
891 5111 1052 5189 μηδέ.
1085 5117 1270 5175 Paulo
1302 5121 1436 5191 post
1461 5121 1690 5176 Sozam.
1721 5117 2034 5188 Theodor.,

479 5256 573 5326 83)
603 5261 825 5314 Sozam.
841 5301 854 5328 ,
887 5256 1138 5318 ἐνεπκίει.

480 5329 571 5405 βξ)
603 5330 738 5405 [an
769 5331 932 5405 deest
954 5334 1113 5405 apud
1145 5337 1372 5390 Sozam.

478 5401 571 5472 85)
601 5401 907 5472 Theodor.,
942 5401 1330 5532 ἀςρῃρημένων,

479 5472 568 5532 86)
603 5474 857 5532 Sozom..
911 5471 1046 5532 διαμ.
1074 5499 1155 5532 νη.
1210 5483 1268 5532 et
1311 5495 1330 5532 1

393 5471 574 5601 “(883)-
603 5474 857 5544 Sazam.,
896 5471 1156 5552 ίδισίμένῇ,
1210 5483 1268 5534 et
1311 5478 1373 5534 in
1428 5479 1633 5536 eodem
1662 5476 1751 5533 καί
1782 5495 2036 5552 sequens

459 5616 576 5688 (87)
604 5618 910 5694 Theodor.,
943 5619 1022 5684 εἰς
1049 5621 1140 5676 τὸν
1197 5621 1290 5677 νῦν
1329 5620 1419 5676 καὶ
1474 5620 1550 5685 εἰς
1599 5621 1692 5676 τὸν
1741 5620 1864 5692 ἑξῆς
1896 5618 2034 5696 χρό-

387 5702 578 5880 νοΞ88)
607 5762 848 5829 Socrat.,
879 5762 968 5816 καὶ
997 5762 1152 5826 ἐκτὸς
1206 5768 1314 5820 τῶν
1359 5761 1510 5819 ἰδίων
1559 5767 1860 5854 παροικιῶν
1915 5762 2033 5850 ἐτει-

383 5843 448 5903 τρ
479 5829 638 5903 iam:
695 5831 954 5903 γενέσθαι.
1007 5839 1232 5896 Sozam.
1290 5843 1347 5895 at
1401 5836 1714 5903 Theodor.,
1764 5854 1854 5891 και
1920 5853 2030 5892 των

479 5829 638 5904 iam:
695 5831 954 5907 γενέσθαι.
1007 5839 1232 5896 Sozam.
1290 5843 1347 5895 at
1401 5829 1714 5908 Theodor.,
1764 5834 1854 5891 καὶ
1920 5837 2030 5892 τῶν

2067 4943 2115 5009 D

2458 3470 2813 3528 ΑΠοΦΑΣιΣ
2851 3469 2986 3526 T112
3029 3471 3335 3526 ΣΥΝοΔοΥ
3361 3469 3498 3542 (91).

2226 3579 2312 3634 11.
2352 3578 2500 3639 Ἕως
2557 3595 2836 3652 προσῃκον
2897 3576 2962 3643 ἦν
3012 3573 3103 3628 καὶ
3147 3569 3391 3644 δυνατὸν,
3442 3568 3668 3650 ἀδελφοὶ
3719 3592 3805 3628 τι-

2157 3667 2444 3741 μιώτατοι,
2475 3667 2511 3735 ἡ
2542 3663 2808 3734 καθολική
2835 3659 3078 3736 σύνοδος,
3109 3661 3201 3717 καὶ
3230 3664 3266 3732 ἡ
3315 3663 3444 3738 ἅγια
3501 3660 3806 3733 Ἐκκλησία

2151 3759 2218 3830 τῇ
2252 3753 2362 3827 ἰδίᾳ
2387 3753 2641 3828 ὑπομονῇ
2667 3751 2756 3808 καὶ
2788 3750 3090 3823 ἀνεξικακίᾳ
3153 3748 3370 3827 ἤνεγκεν
3414 3749 3516 3805 ούκ
3559 3749 3804 3826 ἀγεννῶς

2153 3843 2475 3921 Οὗρσάκιον,
2506 3843 2596 3899 καὶ
2627 3841 2846 3912 Οὖάλην
2879 3841 2968 3897 καὶ
2999 3843 3180 3910 Γάϊον,
3214 3839 3304 3895 καὶ
3352 3836 3659 3916 Γερμίνιον,
3706 3839 3803 3895 καὶ

2152 3933 2428 4006 Αύξὲντιον
2463 3934 2596 4006 (92)
2639 3929 2835 3994 οἵτινες
2868 3928 3069 3986 ἄλλοτε
3089 3928 3231 3986 ἄλλο
3262 3931 3580 4008 φρονοῦντες
3624 3927 3804 3992 πάσας

2149 4024 2244 4086 τὰς
2277 4019 2602 4093 Ἐκκλησίας
2635 4019 3014 4096 συνετάραξαν,
3043 4017 3096 4074 ο’ί
3151 4019 3242 4074 καὶ
3297 4022 3388 4074 νῦν
3448 4016 3800 4096 ἐπιχειρῆσαι

2149 4111 2524 4185 τετολμήκασι
2553 4111 2646 4166 τὸν
2678 4108 2948 4186 αἱρετικὸν
2979 4107 3245 4184 λογισμὸν
3293 4111 3364 4183 τῇ
3409 4112 3516 4164 τῶν
3571 4104 3798 4182 ὀρθοδό-

2154 4204 2259 4276 ξων
2285 4201 2463 4257 πίστει
2493 4201 2746 4275 συνάψαι,
2775 4198 2866 4254 καὶ
2897 4195 3147 4254 διαλῦσαι
3175 4199 3275 4266 τήν
3327 4196 3378 4252 έν
3429 4195 3625 4268 Νικαίᾳ
3669 4195 3796 4250 σύν-

2151 4289 2298 4360 οδον,
2353 4291 2470 4360 ἣτις
2525 4287 2830 4364 ἀντίμαχος
2909 4287 3144 4363 ὑπάρχει
3195 4289 3266 4361 τῇ
3341 4290 3447 4342 τῶν
3507 4286 3803 4360 ’Δρειανῶν

2150 4379 2370 4456 αἱρέσει·
2433 4375 2624 4452 ἔξωθεν
2684 4373 2820 4432 ἰδίαν
2877 4377 2996 4432 τινὰ
3045 4375 3133 4430 καὶ
3191 4371 3642 4448 ἀλλοτριωτάτην
3698 4379 3804 4442 τῆς

2149 4468 2459 4547 ἁγιωτάτης
2510 4463 2841 4538 Ἐκκλησίας
2892 4469 3287 4543 συγγραφεῖσαν
3343 4463 3522 4519 πίστιν
3567 4461 3805 4541 προσφέ-

2150 4576 2352 4636 ροντες·
2402 4557 2588 4629 ἥντινα
2642 4557 2794 4630 ἡμᾶς
2842 4551 3090 4626 δέξασθαι
3143 4554 3398 4628 ἀθέμιτον
3443 4550 3796 4630 ἡγησάμεθα.

2149 4753 2302 4832 ἰδίων
2359 4745 3522 4832 παροικήσεων-.“Ἰξιπεοᾴοιδ.,.ἀλλοτρίους
3578 4745 3797 4832 ἐπιτρέ-

2147 4831 2302 4902 ψειας
2376 4819 2641 4902 γενέσθαι.
2714 4825 2907 4902 Editi,
2987 4819 3502 4902 ἐπιτρέψαι-’ξω
3577 4819 3796 4902 Regius

2147 4893 2774 4974 ὼγθὶὶυβξέπιτρέψειας.
2826 4896 2959 4974 Mox
2980 4893 3370 4974 _lteg._'Basil.
3407 4898 3633 4974 @53ch2:
3665 4893 3794 4974 Soz.

2147 4964 2392 5030 Theodf.
2421 4970 2474 5026 oi
2501 4964 2805 5025 ἐπίσκοποι.
2833 4969 2899 5024 In
2927 4964 3118 5024 editis'
3131 4965 3183 5020 οἱ
3215 4966 3539 5024 deest.Mox
3569 4964 3795 5022 Tbeod.

2147 5017 2805 5116 aniat'tss'igmé
2833 5017 3796 5116 ξῑρτξςῂξ-ειςχατεξξεῖέξξῑεξέεῖέ
3853 5041 3872 5056 ι

2147 5106 2571 5192 σχολήν-ᾅγοιεν
2605 5106 2781 5192 Paulo
2811 5106 3460 5192 ρρὲεὶἆεωίβασιλείας
3489 5127 3548 5164 τι
3575 5106 3684 5164 καί.

2211 5182 2326 5255 (89
2361 5182 2672 5252 Theodor.,
2704 5184 2740 5252 ἡ
2774 5182 2988 5254 θεότης.

2213 5189 2330 5332 190)
2377 5260 2631 5330 Sozom.,
2687 5257 2988 5332 γραμμάτω

2213 5261 2304 5318 «90

2149 5351 2307 5402 τητα.

2219 5403 2334 5475 (91)
2366 5402 2538 5476 Apud
2565 5399 2744 5476 Hilar.
2779 5401 2990 5474 fragm.
3021 5403 3076 5469 7,
3109 5399 3220 5476 col.
3255 5398 3628 5476 i342,_und_e
3657 5411 3796 5452 con-

2145 5468 2341 5547 teitus
2373 5468 2611 5547 Latinus
2641 5468 2991 5547 desumptus
3019 5468 3129 5547 est,
3163 5470 3380 5545 legitur
3422 5468 3795 5547 Graeciapum

2143 5563 2177 5602 a
2207 5546 2366 5619 Calle
2390 5546 2688 5604 decretum
2719 5539 2874 5602 illud'
2893 5539 3262 5619 protulisse}
3289 5543 3444 5619 quod
3475 5539 3798 5619 cum‘Lati-

2143 5635 2216 5676 ne
2246 5618 2508 5692 primum
2536 5620 2760 5676 editum
2791 5613 2984 5688 fuerit,
3017 5622 3084 5674 ut
3113 5613 3334 5672 ibidem
3357 5615 3538 5688 jacet,
3597 5613 3795 5670 Grece

2143 5707 2378 5748 versum
2408 5696 2517 5748 est.

2212 5763 2324 5838 (92)
2349 5761 2704 5821 Auxentium
2738 5759 2958 5820 amittit
2983 5757 3242 5816 Hilarius
3271 5757 3344 5816 de
3373 5773 3556 5816 more.

2377 5249 3060 5332 Ξοῑοωηγραμμάτων,
3113 5259 3172 5313 et
3225 5271 3362 5313 mox
3412 5255 3592 5326 idem,
3649 5249 3796 5308 θειό-
