4082 6372
300 500 416 560 ’701

1775 503 1874 562 ΒΕ
1921 502 2279 565 SYNODIS.

3595 502 3712 561 702

304 629 536 687 ἔκπαλαι
563 629 666 708 γὰρ
709 632 858 686 οὗτοι
907 629 1169 706 αἰρετικοὶ
1220 630 1368 693 ὅντες
1413 633 1504 687 καὶ
1542 632 1796 688 τάναντία
1825 653 1954 711 φρο-

2080 636 2376 704 probatum
2411 651 2423 688 :
2462 651 2610 705 quos
2632 638 2688 689 et
2709 635 2778 688 ad
2808 636 3066 688 nostram
3099 631 3570 688 communionem
3597 650 3712 688 non

303 725 519 782 νοῦντες
547 720 640 774 καὶ
689 724 782 774 νῦν
817 717 1213 794 ἀπεδείχθησαν
1251 741 1263 752 ·
1316 720 1406 782 οὒς
1455 722 1591 796 πρὸς
1629 723 1728 790 τὴν
1761 723 1957 794 ἡμετέ-

306 830 399 882 ραν
456 809 746 863 κοινωνίαν
801 809 1070 863 συνελθεῖν
1133 809 1231 863 οὐκ
1287 808 1667 884 ἐπιτρέπομεν,
1715 814 1784 884 τῇ
1846 807 1957 882 ἰδίᾳ

306 901 462 973 φωνῇ
532 897 802 970 παρόντας
872 897 1065 959 αὐτοὺς
1125 897 1560 974 κατακρίναντες,
1619 899 1706 952 καὶ
1765 910 1953 962 καθαι-

305 991 545 1060 ροῦντες.
608 992 714 1042 Νῦν
769 987 976 1057 τοίνυν,
1026 987 1158 1061 ὅπερ
1213 985 1384 1057 δοκεῖ,
1445 988 1792 1065 ἀποφήνασθε
1827 985 1956 1041 ’ἵνα

304 1077 422 1138 ὲνός
468 1075 693 1131 ἑκάστου
742 1078 776 1146 ἡ
835 1081 1036 1151 γνῶσις
1094 1075 1152 1130 ἐκ
1206 1080 1305 1141 τῆς
1356 1077 1670 1153 ὑπογραφῆς
1723 1075 1804 1146 εἴη
1866 1077 1953 1150 βέ-

304 1160 481 1228 ϐαιος.
521 1163 906 1239 Ὁμοθυμαδὸν
941 1167 992 1220 οἱ
1026 1165 1310 1220 ἐπίσκοποι
1344 1165 1635 1243 φὰσκομεν⁶
1670 1166 1736 1221 Οἱ
1766 1186 1957 1240 προει-

305 1256 534 1331 ρημένοι
567 1255 758 1331 ἐχθροὶ
797 1256 1212 1328 καθαιρεθῶσιν,
1258 1252 1350 1309 ⁰ίνα
1395 1257 1430 1324 ἡ
1481 1254 1747 1323 καθολικὴ
1780 1255 1956 1309 πίστις

303 1346 354 1399 ἐν
389 1345 580 1420 εἷρτίνῃ
622 1341 892 1419 διαμείνῃ.
926 1344 1024 1398 Καὶ
1079 1344 1146 1398 τὰ
1192 1345 1286 1416 μὲν
1335 1343 1385 1400 ἓν
1434 1343 1502 1417 τῇ
1545 1343 1812 1415 Ἀριμίνῳ
1845 1346 1956 1417 (93)

303 1433 620 1508 πραχθέντα
646 1438 870 1508 ταχεῖαν
919 1433 1009 1486 καὶ
1057 1432 1312 1502 τοιαύτην
1360 1430 1487 1508 ἔσχε
1533 1432 1631 1500 τήν
1685 1430 1953 1486 διάλυσιν.

305 1518 495 1584 Οὐδεὶς
523 1523 622 1598 γὰρ
675 1521 786 1576 ἐκεῖ
835 1519 1188 1600 διεφώνησεν,
1240 1521 1385 1578 ἀλλὰ
1427 1522 1620 1584 πάντες
1653 1521 1957 1598 συμφώνως

307 1611 382 1672 ὡς
436 1607 674 1686 ἔγραψαν
731 1610 797 1664 τὰ
855 1607 1098 1683 δόξαντα,
1153 1612 1243 1666 καὶ
1300 1610 1428 1672 τοὺς
1479 1610 1785 1686 Ἀρειανοὺς
1827 1612 1957 1665 καθ-

305 1699 413 1774 ῄρη
424 1719 515 1752 σαν
545 1700 680 1771 (94).

377 1790 465 1844 12.
497 1788 576 1842 Td
607 1783 665 1841 δὲ
695 1785 747 1842 ἦν
781 1785 1073 1860 Σελευκείᾳ
1113 1791 1181 1862 τῇ
1234 1785 1471 1864 Τραχείᾳ
1501 1788 1768 1863 γενόμενα
1795 1788 1962 1844 ταῦτά

308 1876 443 1933 ἔστι.
503 1877 622 1946 Μὴν
684 1877 778 1950 μὶν
832 1877 900 1946 ἦν
969 1877 997 1931 ὁ
1051 1877 1188 1932 κατά
1254 1876 1563 1950 Ῥωμαίους
1622 1877 1959 1950 καλούμενος

2067 724 2439 790 admisimus,
2490 738 2626 777 voce
2646 727 2844 777 nostra
2875 723 3220 776 damnantes
3243 739 3341 776 eos
3374 727 3710 792 praesentes.

2065 811 2230 866 Nunc
2263 812 2475 866 iterum
2530 812 2666 883 quid
2721 811 2884 866 vobis
2919 810 3129 882 placet,
3159 810 3373 864 iterum
3425 811 3620 875 dicite,
3651 816 3716 864 ut

2065 900 2366 970 singuloru
2379 918 2430 954 ιιι
2448 901 2880 970 subscriptione
2895 904 3170 953 tirmetur.
3185 899 3440 953 Universi
3455 899 3714 970 episcopi

2066 989 2377 1043 dixerunt:
2416 988 2609 1042 Placet
2657 994 2721 1042 ut
2755 987 3005 1042 haeretici
3049 988 3149 1042 SS.
3190 990 3300 1058 (99)
3335 989 3706 1053 damnentur,

2069 1095 2182 1149 quo
2215 1079 2401 1150 possit
2444 1079 2700 1132 Ecclesia
2743 1079 2856 1132 tide
2907 1078 3276 1144 inconcussa,
3301 1095 3425 1146 qua:
3458 1095 3588 1132 vere
3610 1095 3704 1132 ca-

2067 1168 2284 1222 tholica
2331 1174 2441 1237 est,
2474 1168 2530 1221 in
2585 1185 2723 1238 pace
2773 1172 3051 1238 perpetua
3098 1183 3458 1238 permanere.
3496 1168 3710 1222 Rerum

2067 1257 2300 1328 quidem
2335 1257 2582 1311 Arimini
2607 1262 2909 1327 gestarum
2930 1255 3264 1311 celerrimus
3293 1257 3580 1327 ejusmodi
3605 1257 3714 1311 fuit

2067 1346 2274 1400 exitus.
2309 1344 2478 1400 Nulla
2508 1346 2663 1400 enim
2687 1345 2766 1400 ibi
2800 1345 2908 1398 fuit
2939 1345 3360 1399 sententiarum
3387 1347 3716 1416 discrepan-

2069 1435 2148 1490 tia
2183 1452 2195 1490 :
2230 1437 2331 1491 sed
2381 1452 2585 1490 omnes
2638 1453 2753 1489 una
2802 1445 2997 1490 mente
3045 1452 3171 1506 qnze
3221 1436 3449 1491 decreta
3488 1436 3718 1491 fuerant

2068 1525 2564 1596 conscripserunt,
2599 1525 2955 1596 Arianosque
2985 1526 3402 1595 deposuerunt.

2143 1785 2228 1848 12.
2261 1791 2533 1847 Seleucia:
2565 1809 2695 1848 vero
2727 1795 2960 1863 Aspera:
3000 1791 3117 1848 haec
3149 1797 3282 1847 acta
3313 1798 3470 1848 sunt.
3502 1793 3717 1849 Mensis

2068 1886 2192 1936 erat
2223 1899 2256 1935 a
2287 1881 2564 1936 Romanis
2613 1882 2978 1952 September,
3013 1882 3084 1936 ab
3136 1882 3396 1952 zEgy'ptis
3443 1881 3653 1942 'l‘botb.
3689 1899 3720 1935 a

308 1959 707 2040 Σεπτέμῦριος,
740 1967 876 2020 κατὰ
905 1963 962 2020 δὲ
1001 1966 1131 2028 τοὺς
1175 1966 1500 2042 Αἷ¹γυπτίους
1531 1966 1675 2033 Θὼθ,
1707 1967 1794 2020 καὶ
1826 1967 1960 2021 κατὰ

309 2057 359 2070 ι.
467 2051 490 2070 ἢ
509 2054 521 2070 Ι
644 2060 682 2070 κ
854 2060 876 2070 s
1066 2055 1078 2070 \
1140 2057 1153 2070 ο
1225 2055 1235 2070 1
1429 2059 1451 2070 υ
1628 2055 1640 2070 \
1817 2057 1827 2070 ο
1873 2060 1885 2070 ι
1909 2056 1922 2070 1

2080 1970 2480 2025 Macedonibus
2495 1970 2795 2041 Gorpiaeus
2814 1971 3182 2036 nominatus;
3207 1971 3546 2040 decimaque
3561 1975 3722 2024 sexta

309 2051 614 2115 Μακεδόνας
644 2060 961 2130 Γορπιαῖος,
993 2055 1082 2110 καὶ
1131 2055 1312 2130 ἡμέρα
1359 2059 1456 2110 τοῦ
1508 2055 1679 2128 μηνὸς
1711 2057 1827 2110 κατ’
1858 2056 1960 2112 Αί-

303 2143 565 2219 γυπτίους
614 2141 986 2214 ἓκκαιδεκάτη,
1041 2144 1115 2206 είς
1165 2146 1226 2212 ἣν
1275 2142 1605 2218 συνέδραμον
1657 2146 1851 2206 πάντες
1910 2145 1961 2200 οἱ

306 2231 600 2303 κληθέντες
634 2230 928 2287 συνελθεῖν·
974 2233 1108 2302 ἦσαν
1158 2231 1216 2288 δὲ
1264 2235 1418 2287 κάκεῖ
1447 2254 1552 2288 που
1585 2235 1656 2305 ρξ’
1691 2253 1702 2264 ·
1737 2233 1965 2289 πολλῶν

311 2319 370 2376 δὲ
426 2316 596 2376 ὄντων
650 2327 755 2376 τῶν
806 2321 858 2376 ἐν
919 2321 1105 2384 αὐτοῖς
1151 2342 1667 2397 κατηγορουμένων,
1713 2324 1804 2378 καὶ
1856 2327 1960 2377 τῶν

309 2410 728 2486 κατηγορούτων
787 2411 1041 2486 βοώντων
1093 2413 1209 2466 κατ’
1284 2411 1481 2478 αὐτῶν,
1564 2411 1817 2474 Ἀκάκιος
1873 2413 1964 2467 καὶ

313 2497 682 2577 Πατρόφιλος,
714 2501 802 2554 καὶ
834 2499 1099 2575 Ούράνιος
1131 2501 1158 2555 ὁ
1208 2500 1312 2555 ἀπὸ
1355 2501 1555 2576 Τύρου,
1588 2501 1676 2555 καὶ
1709 2498 1964 2571 Εὐδόξιος

315 2589 343 2642 ὁ
394 2585 797 2659 ἐπεισπηδήσας
843 2592 910 2662 τῇ
966 2590 1296 2664 Ἀντιοχέων
1346 2589 1666 2661 Ἐκκλησιᾳ,
1717 2590 1968 2653 Λεόντιός

313 2698 375 2732 τε
415 2677 505 2732 καὶ
549 2674 834 2744 Θεόδοτος,
885 2679 973 2732 καὶ
1030 2677 1318 2754 Εὐάγριος,
1367 2679 1457 2732 καὶ
1507 2677 1826 2748 Θεόδουλος,
1879 2680 1967 2734 καὶ

315 2768 594 2842 Γεώργιος
624 2769 652 2821 ὁ
685 2765 943 2842 διωχθεὶς
984 2768 1090 2822 ἀπὸ
1141 2775 1240 2837 τῆς
1291 2768 1640 2842 οἰκουμένης,
1672 2769 1967 2845 πράττουσί

313 2878 366 2911 τι
397 2861 703 2932 πανοῦργον
746 2857 881 2930 (95).
935 2852 1267 2927 Φοϐηθίντες
1315 2858 1418 2932 γὰρ
1465 2862 1591 2920 τοῦς
1640 2859 1756 2913 κατ’
1793 2858 1968 2913 αὐτῶν

313 2946 462 3013 παρᾶ
513 2949 619 3000 τῶν
671 2947 994 3021 κατηγόρων
1047 2945 1332 3021 ἐλέγχους,
1380 2943 1787 3021 προσελάϐοντο
1844 2947 1969 3009 τοὺς

312 3031 518 3097 ἄλλους
550 3041 649 3104 τῆς
682 3034 892 3108 Ἀρείου
928 3032 1166 3110 μερίδος,
1208 3035 1333 3096 τοὺς
1382 3035 1457 3098 εἷς
1508 3035 1637 3090 αύτὸ
1684 3041 1843 3091 τοῦτο
1879 3059 1967 3109 μι-

307 3122 548 3186 σθωτοὺς
592 3123 667 3184 εἷς
715 3118 958 3178 ἀσέϐειαν
1009 3124 1355 3199 γιοομένους,
1405 3125 1494 3178 καὶ
1542 3125 1967 3188 κατὰσταθέντας

305 3211 454 3287 παρὰ
501 3209 802 3267 Σεκούνδου
845 3216 943 3266 τυῦ
972 3214 1383 3287 καθαιρεθέντος
1415 3213 1561 3288 παρὰ
1589 3220 1688 3284 τῆς
1725 3214 1967 3289 μεγάλης

310 3299 583 3355 συνόδου*
646 3301 751 3356 ἀπὸ
815 3302 907 3374 μὲν
975 3309 1075 3371 τῆς
1125 3297 1334 3372 Λιϐύης
1395 3303 1664 3380 Στέφανον
1722 3303 1813 3358 καὶ
1875 3311 1968 3359 Σε-

2073 2059 2296 2114 mensis
2319 2059 2640 2114 secundum
2666 2059 2964 2131 i'Egyptios
2991 2077 3002 2114 :
3024 2076 3140 2130 qua
3163 2060 3259 2129 qui
3283 2060 3467 2114 vocati
3492 2059 3723 2114 fuerunt

2073 2164 2410 2202 convenere.
2446 2149 2738 2219 Erantque
2784 2147 2864 2202 ibi
2907 2149 3165 2218 episcopi
3210 2148 3439 2202 circiter
3489 2153 3720 2201 centum

2075 2237 2398 2308 sexaginta.
2431 2240 2572 2290 Cum
2610 2245 2805 2291 autem
2840 2253 2908 2292 ex
2936 2236 3054 2291 illis
3087 2237 3257 2291 multi
3283 2240 3722 2304 accusarentur,

2075 2325 2514 2395 clamarentque
2557 2331 2926 2380 accusatores
2959 2328 3239 2380 adversus
3269 2325 3419 2391 illos,
3452 2325 3722 2391 Aeacius,

2078 2413 2464 2485 Patrophilus,
2502 2415 2748 2470 Uranius
2779 2415 2936 2487 Tyri,
2962 2415 3255 2470 Eudoxius
3285 2415 3384 2486 qui
3420 2415 3728 2469 Antioche-

2077 2520 2211 2558 nam
2247 2503 2459 2557 invasit
2492 2503 2829 2569 Ecclesiam,
2864 2503 3161 2570 Leontius,
3195 2503 3545 2566 Theodotus,
3580 2503 3725 2556 Eva-

2077 2593 2259 2663 grius,
2291 2591 2648 2656 Theodulus,
2669 2597 2725 2646 et
2754 2592 3035 2664 Georgius
3057 2592 3152 2646 ille
3181 2609 3249 2647 ex
3280 2597 3402 2647 toto
3433 2595 3723 2646 terrarum

2079 2683 2217 2736 orbe
2275 2681 2500 2753 pulsus,
2557 2680 2829 2736 callidam
2876 2698 2997 2736 rem
3055 2682 3496 2754 aggrediuntur.
3544 2679 3725 2734 Veriti

2079 2770 2296 2840 quippe
2328 2774 2734 2824 accusatorum
2768 2787 3009 2824 suorum
3044 2771 3437 2841 probationes,
3465 2769 3607 2824 alios
3640 2786 3726 2823 se-

2079 2875 2214 2913 cum
2248 2858 2474 2912 Arianaa
2507 2858 2776 2914 factionis
2825 2876 3222 2930 assumpsere,
3257 2859 3355 2929 qui
3407 2859 3625 2930 pariter
3653 2859 3723 2912 ad

2078 2946 2440 3016 impietatem
2474 2947 2839 3013 mercenarii,
2863 2953 2919 3002 et
2951 2965 2985 3002 ο.
3013 2950 3300 3017 Secundo,
3325 2964 3427 3018 per
3450 2964 3724 3018 magnam

2080 3035 2368 3106 synodum
2403 3035 2687 3106 deposito,
2711 3036 2962 3091 ordinati
2997 3037 3225 3091 fuerant
3258 3054 3270 3091 :
3299 3052 3368 3090 ex
3399 3036 3577 3107 Libya
3598 3041 3728 3090 Ste-

2080 3125 2362 3196 phanum,
2396 3124 2619 3191 Seram,
2652 3128 2709 3180 et
2737 3125 3054 3191 Pollucem,
3083 3125 3154 3180 de
3175 3125 3352 3181 variis
3382 3125 3729 3180 criminibus

2081 3219 2410 3279 accusatos,
2459 3230 2526 3268 ae
2577 3215 2787 3269 deinde
2832 3216 3201 3270 Pancratium
3249 3220 3306 3270 et
3349 3213 3726 3270 Ptolemazum

2081 3303 2396 3374 quemdam
2427 3303 2822 3369 Meletianum,
2845 3309 2903 3360 et
2932 3321 3063 3360 cum
3097 3321 3158 3359 se
3190 3305 3260 3358 de
3290 3305 3403 3360 fide
3434 3303 3729 3374 inquirere

312 3390 410 3464 ρᾶτ
440 3391 573 3464 (96),
605 3391 695 3445 καὶ
745 3388 1120 3461 Πολυδεύκην,
1169 3374 1678 3468 κατηγορουμένους
1728 3391 1815 3448 ἐπὶ
1849 3390 1963 3447 δια-

2080 3391 2222 3447 velle
2254 3391 2620 3462 simularent,
2644 3392 3099 3464 haudquaquam
3134 3393 3304 3448 latuit
3332 3409 3430 3449 eos
3461 3392 3726 3448 reformi-

313 3478 502 3557 φόροις
533 3479 882 3555 ἐγκλήμασι·
918 3479 1008 3534 καὶ
1062 3479 1254 3535 λοιπὸν
1296 3481 1654 3555 Ηαγκράτιον,
1705 3481 1795 3536 καὶ
1826 3489 1968 3537 Ητο-

305 3565 557 3640 λεμαῖον,
596 3567 921 3626 Μελιτιανόν
951 3590 1105 3638 τινα,
1138 3569 1226 3623 καὶ
1279 3570 1757 3644 σχηματισάμενοι
1808 3567 1967 3639 δῆθεν

305 3657 430 3728 περὶ
462 3656 696 3721 πίστεως
737 3661 935 3728 ζητεῖν,
973 3657 1075 3712 οὐκ
1121 3656 1414 3721 ἐλάνθανον
1461 3659 1586 3720 τοὺς
1637 3658 1968 3736 κατηγόρους

306 3741 544 3810 δεδιότες
575 3762 587 3776 ⁸
621 3747 711 3800 καὶ
740 3747 838 3815 τὴν
874 3743 1080 3821 αἵρεσιν
1121 3743 1414 3816 ἐζεδίκουν,
1464 3748 1550 3801 καὶ
1587 3746 1780 3802 λοιπὸν
1814 3747 1966 3823 ἐσχί-

306 3835 508 3904 σθησαν
566 3852 579 3867 ·
629 3835 720 3889 καὶ
769 3835 819 3888 οἱ
864 3835 957 3908 μὲν
1014 3836 1150 3908 μετὰ
1199 3840 1308 3890 τῶν
1366 3836 1488 3910 περὶ
1538 3837 1788 3892 Ἀκάκιον
1833 3838 1967 3906 ἦσαν

305 3922 562 3991 ὕποπτοι,
595 3923 684 3979 καὶ
724 3921 997 3998 ὀλίγιστοι
1189 3923 1492 3986 παντελὼςο
1537 3927 1589 3978 οἱ
1637 3923 1692 3980 δὲ
1719 3923 1880 3980 ἄλλοι
1907 3927 1969 3980 τὸ

300 4010 518 4080 πλῆθος
551 4011 714 4080 ἦσαν.
769 4013 837 4069 υἱ
886 4012 980 4085 μὲν
1032 4010 1123 4066 οὖν
1173 4012 1295 4088 περὶ
1347 4012 1594 4068 Ἀκάκιον
1648 4012 1968 4088 ἀποχρησά-

308 4122 462 4173 μενοι
493 4105 574 4173 τῷ
602 4107 700 4170 τῆς
730 4101 986 4165 ἀπονοίας
1035 4103 1239 4176 θράσει,
1287 4100 1470 4156 τέλεον
1525 4103 1790 4177 ἠρνοῦντο
1819 4103 1887 4156 τὰ
1915 4101 1964 4156 ἐν

307 4189 506 4261 Νικαίᾳ
533 4190 823 4268 γραφέντα,
872 4191 962 4244 καὶ
1008 4191 1104 4258 τήν
1154 4187 1377 4245 σύνοδον
1432 4185 1725 4246 διέϐαλλον
1757 4208 1769 4222 ⁶
1829 4193 1878 4246 o't
1912 4189 1969 4246 δὲ

303 4276 470 4333 ἄλλοι
498 4279 579 4352 (τὸ
609 4278 822 4350 πλῆθος
854 4276 912 4333 δὲ
950 4279 1085 4348 ἦσαν
1142 4283 1316 4353 ουτοι)
1345 4279 1412 4334 τὰ
1464 4280 1560 4353 μὶν
1614 4279 1759 4336 ἄλλα
1795 4282 1969 4335 πάντα

300 4371 401 4438 τῆς
436 4365 663 4425 συνόδου
695 4365 1026 4444 ἀπεδέχοντο
1064 4388 1076 4402 ·
1115 4369 1286 4442 μόνην
1322 4367 1505 4438 δὲτὴν
1537 4374 1634 4424 τοῦ
1668 4370 1968 4443 ὁμοουσίου

306 4458 470 4530 Αέξιν,
503 4458 579 4521 ὡς
629 4457 690 4512 ἐκ
737 4465 842 4528 τῆς
893 4455 1150 4536 ἀσαφείας
1208 4456 1471 4529 ὕποπτον,
1519 4457 1965 4535 ἐπροφασίζυντο.

305 4548 767 4622 Ἐγχρονιζόντων
811 4546 994 4602 τοίνυν
1031 4547 1080 4602 ἐν
1111 4552 1192 4619 τῷ
1222 4546 1398 4620 τόπῳ,
1429 4546 1519 4602 καὶ
1561 4551 1668 4602 τῶν
1720 4547 1813 4620 μὶν
1846 4568 1970 4602 κατ-

305 4637 528 4712 ηγόρων
585 4636 940 4709 ἐπικειμένων
997 4640 1105 4692 τῶν
1183 4634 1240 4692 δὲ
1287 4635 1779 4713 κατηγορουμένων
1848 4657 1970 4714 φευ-

2081 3481 2220 3536 dare
2251 3487 2621 3537 accusatores
2663 3499 2838 3548 suos;
2873 3499 3126 3554 cumque
3172 3483 3439 3537 haeresim
3469 3482 3726 3536 vindica-

2080 3575 2227 3641 rent,
2252 3571 2528 3640 disjuneti
2566 3577 2706 3626 sunt
2731 3572 3008 3643 episcopi,
3034 3577 3092 3627 et
3121 3571 3219 3626 alii
3241 3572 3500 3643 quidem,
3526 3570 3726 3625 Acacio

2071 3658 2285 3730 juncti,
2347 3659 2692 3730 paucissimi
2753 3677 3020 3728 numero,
3074 3661 3331 3732 suspecti
3381 3667 3565 3727 erant,
3627 3658 3726 3714 alii

2079 3753 2276 3804 autem
2309 3749 2627 3803 multitudo
2675 3755 2860 3804 erant.
2909 3750 3176 3805 Acaciani
3227 3751 3408 3821 igitur
3456 3749 3725 3803 amentiae

2080 3853 2195 3891 suae
2227 3837 2472 3892 audacia
2503 3837 2613 3907 usi,
2647 3855 2773 3908 quae
2817 3838 3016 3893 Nicaeae
3048 3839 3264 3909 scripta
3296 3839 3525 3893 fuerant
3557 3837 3727 3907 plana

2080 3926 2464 3998 abnegarunt,
2523 3927 2832 3998 ipsamque
2888 3930 3177 3998 synodum
3208 3927 3723 3995 {criminabantun

2077 4014 2187 4068 Alii
2213 4020 2409 4070 autem
2436 4015 2620 4070 multo
2653 4017 2872 4085 majore
2897 4033 3160 4083 numero,
3185 4015 3428 4086 reliquis
3450 4015 3724 4069 omnibus

2079 4104 2283 4176 synodi
2343 4103 2622 4159 admissis
2676 4105 2892 4166 verbis,
2951 4103 3137 4160 solam
3204 4102 3725 4159 eonsubstantialis

2078 4209 2298 4261 vocem,
2331 4209 2396 4248 eo
2444 4193 2664 4248 scilicet
2711 4193 2951 4248 obtentu
3001 4195 3154 4264 quod
3202 4210 3318 4264 prze
3366 4193 3724 4247 obscuritate

2079 4288 2352 4354 suspecta
2382 4287 2557 4346 esset,
2599 4283 3028 4354 improbabant.
3062 4288 3202 4337 Cum
3233 4281 3414 4354 igitur
3448 4281 3566 4336 illic
3595 4281 3724 4335 diu-

2079 4372 2199 4428 tius
2231 4374 2706 4439 immorarentur,
2741 4373 3102 4426 instantibus
3134 4371 3598 4440 accusatoribus,
3627 4388 3728 4426 ae-

2080 4460 2303 4516 cusatis
2335 4465 2530 4514 autem
2582 4460 3032 4531 relugientibus,
3066 4466 3122 4515 et
3151 4477 3218 4516 ea
3249 4462 3318 4516 de
3351 4477 3526 4516 causa
3556 4460 3725 4514 vehe-

2079 4549 2336 4605 mentius
2367 4548 2668 4620 impietate
2698 4565 2805 4604 sua
2847 4548 3173 4615 concitatis,
3208 4549 3264 4603 in
3301 4549 3728 4619 Dominumque

2078 4636 2647 4710 blasphemantibus,
2672 4636 3078 4708 episcoporum
3103 4637 3419 4693 multitudo
3438 4655 3557 4692 rem
3580 4638 3729 4692 indi.

303 4725 535 4802 γόντων,
569 4726 658 4780 καὶ
691 4723 780 4780 διὰ
826 4729 988 4780 τοῦτο
1036 4724 1203 4780 πλέον
1257 4724 1308 4796 ἐξ
1357 4720 1600 4788 ἀσεϐείας
1634 4727 1746 4798 (98)
1778 4723 1963 4801 ἐξαγοὲ

2080 4728 2362 4800 gnissime
2410 4727 2622 4793 ferens,
2671 4727 2941 4782 Acacium
2994 4727 3253 4799 quidem,
3303 4726 3723 4798 Patrophilum,

310 4817 512 4888 μένων,
555 4814 647 4869 καὶ
706 4811 1178 4892 βλασφημούντων
1227 4815 1302 4876 εἷς
1348 4814 1438 4868 τὸν
1495 4813 1712 4889 Κύριον,
1756 4815 1970 4890 ἠγανά-

305 4924 474 4974 κτησε
500 4903 564 4958 τὸ
595 4901 807 4973 πλῆθος
855 4907 962 4957 τῶν
1015 4902 1344 4974 ἐπισκόπων,
1390 4905 1479 4958 καὶ
1519 4903 1832 4980 καθῄρησαν
1869 4905 1963 4976 μὲν

302 4993 578 5061 Ἀκάκιον,
628 4990 998 5069 Πατρόφιλον,
1052 4991 1339 5067 Οὐράνιον,
1392 4990 1668 5065 Εύδόξιον,
1721 4994 1812 5047 καὶ
1868 4993 1961 5048 τόν

305 5081 415 5136 ἀπὸ
449 5079 758 5137 ὑποδεκτῶν
787 5079 1082 5158 Γεώργιον,
1117 5081 1206 5135 καὶ
1255 5080 1459 5144 ἄλλους
1489 5082 1595 5137 ἀπὸ
1625 5089 1724 5153 τῆς
1754 5082 1958 5153 Ἀσίας,

380 5263 492 5336 (93)
527 5265 742 5340 Regius
770 5269 828 5340 et
856 5264 1074 5340 Basil.,
1115 5264 1418 5340 Ἀριμήνῳ.
1471 5267 1628 5325 Infra
1675 5266 1736 5324 in
1791 5267 1966 5325 editis

305 5337 781 5414 ροειμᾳυμφώνως
815 5336 1142 5414 legiturpbc,
1177 5336 1276 5414 sed
1313 5336 1477 5414 deest
1507 5341 1566 5395 in
1596 5340 1791 5414 Regio.

388 5410 498 5482 (95)
537 5408 668 5482 Post
699 5408 829 5482 haec
851 5409 1210 5482 sequebatur
1240 5409 1318 5482 in_
1348 5411 1486 5468 edit.
1511 5408 1722 5482 “Paris.
1757 5411 1960 5482 hujus-

307 5477 756 5558 {nodi'titulusg
937 5477 1004 5534 ’ἐν
1064 5477 1354 5558 Σελευκέίᾳ
1394 5478 1620 5537 συνόδου
1651 5477 1960 5558 πρόσταξις,

309 5547 624 5628 ἐπίσκοποι,
655 5551 758 5628 καὶ.
777 5549 955 5628 σᾶλλα
986 5547 1502 5628 πραχθέντα,ἐχυεθ,
1535 5573 1668 5612 cum
1687 5547 1962 5628 desinitin

309 5624 450 5680 edit.
501 5622 787 5701 Commel:
816 5629 872 5680 et
898 5625 958 5680 in
992 5622 1268 5701 omnibus
1300 5622 1711 5701 manuscript,
1746 5627 1967 5684 omissa

307 5702 466 5768 sunt.
531 5702 704 5753 Porro
757 5697 830 5751 de
867 5698 1500 5768 synodoSeleuciensi
1557 5697 1686 5756 vide
1742 5703 1960 5756 Socrat.

309 5767 414 5843 lib.
451 5785 511 5836 ιι,
545 5785 672 5841 cap.
704 5768 775 5843 39
806 5783 819 5835 ;
852 5767 1077 5826 Sozom.
1110 5767 1212 5826 lib.
1263 5787 1344 5840 IV,
1371 5786 1498 5843 cap.
1529 5773 1640 5841 22;
1673 5771 1961 5829 Theodor.

307 5839 414 5897 lib.
445 5856 512 5911 ιι,
546 5839 674 5914 cap.
702 5839 795 5895 26.

2079 4817 2383 4881 Uranium,
2407 4815 2760 4881 Eudoxium,
2783 4816 3214 4887 Georgiumque
3237 4815 3375 4871 olim
3399 4819 3723 4870 exactorem

2078 4912 2136 4962 et
2165 4905 2312 4961 alios
2333 4922 2402 4960 ex
2419 4905 2578 4974 Asia,
2604 4905 2933 4972 Leontium,
2952 4905 3366 4970 Theodosium,
3394 4903 3724 4975 Evagrium,

2075 4993 2516 5052 etheodulum
2536 4994 2876 5066 deposuere.
2903 5001 2949 5046 A
2973 4993 3384 5048 communione
3402 4998 3594 5049 autem
3620 5010 3728 5048 sua

2076 5087 2460 5157 segregarunt
2491 5084 2815 5150 Asterium,
2845 5082 3182 5154 Eusebium,
3209 5089 3530 5154 Augarum,
3564 5082 3727 5138 Basi-

2170 5268 2259 5352 ἓξ)
2292 5268 2381 5352 ita
2410 5266 2645 5352 ίίβείμε·
2679 5267 2830 5352 Εβὲί
2862 5284 3025 5352 Veron
3047 5269 3366 5352 ηᾳκτξῢργον·

2168 5340 2256 5411 96)
2291 5340 2384 5394 Sic
2410 5341 2650 5412 illegius
2683 5345 2738 5395 et
2769 5341 2944 5394 Basil.
2978 5346 3034 5395 et
3063 5343 3140 5396 ita
3170 5340 3382 5411 legitur
3412 5341 3565 5412 apud
3598 5341 3726 5410 Epi—

2075 5410 2357 5488 phanium
2408 5410 2624 5488 Haeresi
2673 5428 2866 5478 Lxxm,
2910 5430 3074 5468 num.
3107 5414 3198 5480 26,
3232 5413 3399 5488 Σέρας
3432 5410 3723 5472 ἐπίσκοπος

2074 5477 2133 5538 έκ
2161 5477 2514 5557 Παρατονίου.

2147 5552 2258 5630 (97)
2291 5555 2374 5630 Ita
2403 5554 2640 5630 Regius.
2677 5552 3015 5630 Editi‘vero,
3049 5553 3250 5630 ὀλίγοι.

2315 5619 2586 5716 (Regius)
2613 5622 2664 5677 ἐν
2724 5619 3013 5716 ἀσεξείαιςζ
3070 5619 3245 5716 Intra,
3304 5627 3570 5701 Γεὼργιον
3598 5627 3722 5716 his)

2071 5694 2187 5774 eius
2203 5694 2536 5774 ύποδεκτῶν,
2557 5698 2627 5752 de
2651 5713 2767 5770 quo
2789 5699 3056 5774 videquae
3076 5694 3330 5757 diximus
3343 5694 3522 5774 supra
3535 5700 3721 5774 p.307.

2145 5772 2256 5847 (99)
2290 5771 2352 5827 Id
2385 5773 2492 5840 est,
2523 5773 2903 5844 suprascripti.
