4082 6350
355 435 475 496 703

907 435 972 495 S.
1019 433 1442 495 ATHANASll
1489 435 1664 496 OPP.
1712 433 1910 494 PARS
1954 433 2004 492 Ι.
2035 465 2112 476 —
2147 430 2566 494 HISTORICA
2606 432 2710 493 ET
2751 428 3231 493 DOGMATICA.

3656 429 3778 490 704

356 566 873 638 licum,thbum,
897 565 1583 637 Fidolium,Eutychium,
1606 565 2010 638 Eustathium,

2127 563 2378 618 Λεόντιον
2437 562 2526 618 καὶ
2585 559 2893 635 Θεοδόσιον,
2947 558 3213 637 Εὖάγριον
3271 559 3362 614 καὶ
3411 554 3716 614 Θεόδουλον
3753 575 3768 590 ο

355 663 414 714 et
445 661 717 728 Magnum
751 675 766 713 :
797 673 864 712 eo
895 655 1046 727 quod
1071 655 1129 710 in
1154 655 1256 726 jus
1285 655 1494 726 vocati,
1528 661 1594 712 ut
1623 673 1657 712 a
1687 653 1892 712 multis
1921 653 2010 708 al-

357 745 508 802 latas
537 747 847 802 adversum
878 746 956 800 'se
1006 743 1446 800 criminationes
1493 745 1859 816 repellerent,
1894 759 2008 798 non

360 835 828 907 comparuisssnt
862 850 876 888 :
911 835 1409 905 decreveruntque
1459 837 1522 888 ut
1551 834 1634 889 ita
1683 837 2009 898 manerent,

359 925 542 980 donec
572 940 700 979 sese
752 925 1094 995 purgantes,
1127 922 1200 978 ab
1245 922 1537 994 ejusmodi
1571 921 1919 977 criminibus
1949 937 2012 976 se

357 1013 696 1069 innocentes
714 1012 1186 1084 comprobarent.
1210 1015 1474 1084 Cumque
1495 1013 1563 1067 ad
1591 1009 1854 1085 singulas
1876 1010 2013 1066 dice-

359 1117 519 1156 cescs
543 1099 834 1172 judicium
867 1105 1069 1156 contra
1116 1116 1214 1156 eos
1248 1099 1432 1156 latum
1469 1101 1865 1172 scripsissent,
1896 1099 2013 1155 im-

357 1189 691 1264 piissimum
722 1193 1056 1263 Augustum
1075 1190 1485 1246 Constantium
1517 1190 1808 1255 adierunt,
1831 1193 1898 1244 ut
1926 1187 2010 1244 illi

359 1283 489 1336 acta
517 1296 626 1335 sua
648 1279 1076 1345 renuntiarent,
1097 1279 1178 1334 ita
1199 1278 1356 1335 enim
1383 1280 1622 1350 jussum
1655 1278 1772 1334 illis
1798 1279 2010 1336 fuerat.

360 1367 637 1440 Talisque
670 1367 778 1424 fuit
807 1367 1166 1425 Seleucianae
1195 1369 1398 1442 synodi
1431 1368 1641 1424 exitus.

2119 653 2518 724 ἀκοινωνήτους
2575 649 2633 708 δὶ
2686 653 3045 722 πεποιήκασιν
3117 649 3416 724 Ἀστέριον,
3491 643 3774 719 Εὖσέὄιον,

2117 740 2387 818 Λῦγαρον,
2416 741 2508 796 καὶ
2557 738 2873 809 Βασιλικὸν,
2924 739 3014 794 καὶ
3063 732 3290 810 Φοῖϐον,
3337 736 3429 792 καὶ
3473 733 3772 807 Φιδήλιον,

2117 830 2207 885 καὶ
2237 829 2529 907 Εὐτύχιον,
2561 831 2652 886 καὶ
2697 829 3019 897 Εὗστᾶθιον,
3070 826 3160 884 καὶ
3208 827 3452 902 Μάγνον.
3496 830 3669 882 Τοῦτο
3711 824 3771 881 δὲ

2118 921 2507 993 πεποιήκασιν,
2576 916 2790 988 ἐπειδὴ,
2838 916 3128 990 κληθέντες
3185 915 3634 992 ἀπολογήσασθαι
3691 913 3774 994 ἐφ’

2120 1009 2200 1063 eis
2231 1009 2408 1064 αὐτῶν
2457 1009 2706 1065 πλεῖστοι
2751 1008 3111 1084 κατηγόρουν,
3163 1005 3262 1060 οὐκ
3290 1004 3604 1076 ἀπήντησαν
3641 1025 3654 1038 ο
3681 1005 3774 1060 καὶ

2122 1097 2324 1173 ὥρισαν
2356 1098 2500 1154 οὕτω
2540 1119 2719 1172 μενειν
2752 1096 2974 1166 αὐτοὺς,
3007 1101 3116 1158 ἆως
3147 1096 3230 1164 ἂν,
3261 1091 3770 1171 ἀπολογησάμενοι,

2121 1184 2366 1258 δείξωσιν
2423 1187 2646 1251 ἑαυτοὺς
2699 1197 2969 1261 καθαρους
3019 1185 3125 1240 ἀπὸ
3188 1187 3296 1239 τῶν
3367 1182 3774 1259 ἐπιφερομένων

2122 1276 2304 1340 αὐτοῖς
2365 1275 2753 1353 ἐγκλημάτων.
2813 1273 3086 1351 Γράψατές
3138 1294 3198 1330 τε
3255 1273 3332 1336 είς
3391 1273 3491 1342 τήν
3546 1272 3775 1327 έκάστου

2120 1364 2407 1442 παροικίαν
2457 1366 2555 1435 τήν
2607 1366 2725 1421 κατ’
2783 1365 2962 1420 αὐτῶν
3015 1363 3312 1440 γενομένην
3370 1361 3566 1440 κρίσιν,
3610 1359 3776 1431 ἀνῆλ-

363 1468 454 1520 θον
504 1455 650 1532 παρᾶ
695 1457 786 1511 τὸν
840 1450 1194 1512 ἀσεϐέστατον
1245 1458 1320 1530 (2)
1371 1454 1679 1532 Αὔγουστον
1731 1457 2123 1526 Κωνστάντιον,
2177 1455 2610 1531 ἀπαγγελοῦντες
2666 1453 2814 1528 αὐτῷ
2858 1454 2926 1510 τά
2982 1453 3376 1529 πεπραγμένα’
3423 1451 3629 1522 ταύτην
3670 1450 3774 1528 γὰρ

365 1546 516 1621 εἶχον
549 1545 858 1621 πρόσταξιν.
894 1546 995 1602 Καὶ
1025 1550 1187 1600 τοῦτο
1215 1544 1374 1609 τέλος
1399 1544 1588 1622 γέγονε
1619 1545 1708 1600 καὶ
1735 1553 1836 1616 τῆς
1864 1544 1914 1600 ἐν
1950 1543 2240 1618 Σελευκείᾳ
2269 1541 2518 1602 συνόδου.

436 1638 522 1693 13.
556 1637 698 1702 Quis
745 1637 928 1710 igitur
974 1654 1090 1692 non
1141 1637 1462 1692 laudaverit
1509 1637 1919 1710 episcoporum
1949 1636 2008 1694 in

2189 1637 2276 1692 13.
2311 1635 2408 1698 Τίς
2445 1635 2630 1690 τοίνυν
2660 1633 2760 1690 οὐκ
2788 1633 2848 1688 ἃν
2876 1630 3198 1719 ἀποδέξαιτο
3231 1632 3327 1706 μὲν
3353 1633 3455 1719 τήν
3487 1624 3771 1719 εὐλάϐειαν

360 1724 716 1781 A'riminensi
750 1726 972 1798 synodo
1021 1731 1507 1798 congregatorum
1559 1725 1830 1798 pietatem
1854 1725 1882 1780 2
1911 1725 2010 1797 qui

361 1815 508 1872 581
545 1819 705 1872 tanto
733 1813 962 1870 itineris
996 1813 1213 1885 labore,
1249 1819 1333 1869 tot
1363 1814 1543 1870 maris
1577 1813 1851 1887 periculis
1880 1831 2011 1887 per-

361 1904 544 1961 functi
577 1910 736 1967 sunt,
765 1910 829 1959 ut
853 1920 952 1959 eos
983 1903 1082 1976 qui
1115 1920 1249 1959 cum
1281 1904 1420 1960 Ario
1452 1905 1739 1960 sentirent
1759 1904 2010 1976 depone-

359 1997 510 2065 rent,
529 1997 887 2065 Patrumque
909 1993 1278 2049 deﬁnitiones
1295 1993 1557 2066 integras
1580 1997 1900 2062 servarent,
1922 2008 2010 2048 re-

359 2083 470 2139 bus
501 2086 702 2139 sancte
731 2087 787 2137 et
807 2081 1085 2138 canonice
1107 2081 1471 2138 constitutis.
1505 2081 1832 2154 Unicuique
1854 2081 2010 2137 enim

357 2189 556 2229 eorum
581 2188 928 2244 persuasum
949 2176 1097 2241 erat,
1127 2171 1174 2227 si
1200 2173 1490 2243 majorum
1514 2188 1758 2227 suorum
1783 2172 2014 2227 decreta

359 2262 730 2334 abrogarent,
760 2277 822 2316 se
854 2261 1104 2333 posteris
1135 2260 1501 2316 occasionem
1527 2260 1790 2327 daturos,
1825 2266 1890 2314 ut
1919 2277 2012 2316 res

359 2367 392 2406 ιι
423 2367 485 2406 se
521 2349 872 2405 constitutas
903 2348 1098 2405 irritas
1147 2349 1421 2406 facerent.
1471 2349 1612 2414 Quis
1665 2354 1867 2406 contra
1899 2365 2010 2405 non

359 2437 710 2511 improbarit
746 2438 1134 2494 temeritatem
1167 2438 1408 2494 Eudoxii
1442 2443 1499 2494 et
1526 2437 1741 2504 Acacii,
1775 2437 1873 2510 qui
1907 2442 2011 2493 Pa-

359 2531 519 2582 trum
551 2543 794 2582 suorum
845 2526 1146 2594 honorem,
1181 2526 1680 2582 Ariomanitarum
1729 2527 1926 2583 studio
1957 2530 2010 2582 et

361 2615 561 2690 gratia:
605 2615 968 2689 pr0pinant?
1014 2615 1288 2679 Quaenam
1322 2615 1468 2672 fides
1513 2632 1716 2671 eorum
1761 2616 1928 2686 actis,
1961 2615 2012 2672 si

363 2705 652 2776 majorum
689 2704 989 2760 solvantur
1009 2705 1180 2760 acta?
1199 2709 1301 2760 aut
1321 2721 1426 2760 cur
1448 2708 1647 2761 Patres
1675 2708 1886 2760 vocant
1913 2720 2012 2761 eos

367 2791 584 2864 quibus
613 2791 698 2847 illi
742 2808 1100 2858 successere,
1134 2807 1386 2862 quorum
1433 2796 1626 2847 tamen
1659 2790 2011 2847 sententiam

367 2881 759 2937 criminantur
773 2880 802 2936 ‘I
827 2881 1154 2937 Praesertim
1173 2881 1417 2937 Aeacius
1433 2881 1714 2954 quidnam
1735 2881 1807 2936 de
1829 2879 2012 2952 magi-

367 2977 490 3027 stro
538 2986 646 3026 suo
694 2969 942 3026 Eusebio
991 2970 1222 3036 dixerit,
1270 2969 1370 3042 qui
1403 2986 1517 3026 non
1569 2969 1742 3026 modo
1771 2969 2014 3025 Nicaeum

368 3060 591 3131 synodo
640 3058 1010 3132 subscripsit,
1045 3059 1146 3114 sed
1197 3075 1297 3130 per
1335 3058 1641 3132 epistolam
1695 3057 1847 3131 plebi
1892 3073 2015 3114 sua!

367 3148 720 3220 signiﬁcavit
749 3149 846 3219 (1),
877 3148 1029 3204 hanc
1058 3165 1188 3204 esse
1215 3151 1411 3204 veram
1445 3147 1641 3214 ﬁdem,
1665 3165 1795 3220 quaa
1825 3147 1883 3202 in
1915 3147 2012 3202 Ni-

367 3253 526 3292 czena
556 3237 778 3309 synodo
811 3235 1104 3292 declarata
1133 3239 1334 3292 esset?
1363 3237 1586 3292 Etenim
1619 3235 1752 3292 licet
1771 3235 2014 3292 arbitrio

367 3342 474 3381 suo
505 3340 633 3380 sese
665 3342 766 3397 per
797 3324 1103 3397 epistolam
1138 3325 1450 3396 excusarit,
1473 3327 1644 3381 verba
1673 3329 1867 3382 tamen
1897 3341 2012 3381 non

369 3412 622 3482 negavit,
653 3413 771 3468 imo
813 3413 1183 3485 reprehendit
1212 3412 1476 3483 Arianos,
1509 3413 1662 3486 quod
1694 3430 1826 3470 cum
1858 3414 2012 3470 dice-

369 3507 522 3569 rent,
555 3501 737 3558 Filius
765 3518 884 3559 non
915 3510 1036 3558 erat
1064 3507 1377 3574 antequam
1409 3502 1764 3574 gigneretur,
1789 3519 1860 3559 ne
1882 3511 2016 3559 ante

368 3588 610 3646 Mariam
639 3591 873 3661 quidem
897 3607 1032 3647 eum
1050 3607 1178 3647 esse
1207 3590 1442 3648 vellent.
1467 3592 1610 3657 Quid
1637 3609 1808 3666 porro
1831 3609 2014 3666 popu-

371 3677 461 3735 los
491 3679 784 3736 docebunt
805 3681 878 3736 ab
905 3679 1024 3737 illis
1056 3680 1401 3737 institutos?
1431 3697 1503 3736 an
1527 3697 1752 3738 errasse
1781 3681 2019 3738 Patres?

374 3767 476 3841 qui
509 3768 682 3824 dictis
712 3786 913 3825 eorum
946 3769 1121 3825 ﬁdem
1152 3768 1768 3843 habebuntdiscipuli,
1802 3770 2018 3844 quibus

372 3857 624 3914 suadent
645 3857 730 3913 illi
759 3863 822 3914 ut
853 3858 1154 3931 magistris
1173 3875 1285 3914 non
1313 3859 1767 3932 obtemperent?
1795 3859 2020 3926 Quibus

374 3946 559 4003 oculis
592 3947 985 4004 intuebuntur
1001 3953 1388 4004 monumenta
1408 3953 1669 4020 Patrum,
1695 3966 1843 4022 quos
1865 3965 2020 4006 nunc

371 4040 580 4093 vocant
609 4037 910 4094 haereticos
931 4038 960 4094 ‘I
996 4042 1111 4094 Cur
1136 4037 1597 4107 Valentinianos,
1629 4039 2022 4112 Cataphrygas

373 4130 432 4182 et
460 4127 810 4184 Manichaeos
840 4127 1222 4195 insectantur,
1247 4143 1395 4200 quos
1425 4131 1624 4184 autem
1656 4127 1774 4184 illis
1805 4127 2022 4184 similia

373 4214 534 4288 loqui
585 4216 959 4282 arbitrantur,
991 4221 1227 4273 sanctos
1275 4216 1618 4290 appellant?
1663 4217 1855 4282 Quove
1884 4218 2020 4289 jure

372 4305 628 4378 episcopi
661 4311 834 4361 erunt
863 4305 998 4379 ipsi,
1025 4306 1074 4361 si
1105 4307 1178 4362 ab
1207 4305 1280 4362 iis
1312 4323 1460 4380 quos
1491 4310 1556 4362 ut
1585 4305 1886 4364 haereticos
1907 4306 2020 4363 cri-

2119 1728 2225 1778 τῶν
2249 1723 2300 1778 ἐν
2331 1728 2398 1798 τῇ
2422 1723 2686 1799 Ἀριμίνῳ
2709 1725 2786 1794 (3)
2809 1718 3019 1795 συνόδῳ
3039 1719 3404 1784 συνελθόντων
3425 1717 3734 1775 ἐπισκόπων
3755 1737 3769 1786 ;

2121 1809 2182 1867 οἷ’
2201 1817 2458 1868 τοσοῦτον
2493 1814 2738 1887 κάματον
2767 1809 2920 1880 ὁδοῦ,
2942 1811 3032 1866 καὶ
3064 1809 3342 1880 θαλάττης
3359 1807 3644 1870 κινδύνους
3669 1808 3766 1863 ὑπ-

2121 1899 2362 1976 έμειναν,
2387 1900 2480 1956 ’ίνα
2507 1901 2636 1965 τοὺς
2670 1902 2764 1975 μὲν
2788 1903 3114 1978 φρονοῦντας
3140 1898 3209 1955 τὰ
3235 1897 3456 1974 Ἀρείου
3474 1893 3768 1954 καθέλωσι.

2118 1990 2249 2054 τοὺς
2281 1989 2337 2046 δὶ
2364 1995 2472 2046 τῶν
2507 1991 2760 2064 Πατέρων
2784 1989 2946 2066 ὅρους
2965 1987 3246 2064 ἀκεραίους
3266 1983 3770 2064 φυλάξωσιν,ὁσίως

2119 2079 2212 2135 καὶ
2269 2083 2572 2143 κανονικῶς
2625 2083 2786 2134 τοῦτο
2857 2076 3308 2155 βουλευσάμενοι.
3378 2075 3597 2150 Ἥγεῖτο
3667 2073 3771 2149 γὰρ

2118 2165 2346 2230 ἕκαστος
2369 2167 2570 2238 αὐτῶν,
2601 2167 2650 2222 εἶ’
2679 2164 2860 2222 λόσιεν
2890 2167 2959 2221 τά
2986 2169 3095 2222 τῶν
3135 2163 3242 2240 πρό
3272 2164 3474 2232 αὐτῶν,
3505 2163 3774 2240 πρόφασιν

2122 2255 2330 2313 διδοναι
2361 2262 2476 2319 τοῖς
2525 2256 2659 2331 μετὰ
2705 2260 2895 2326 ταῦτα,
2940 2255 3078 2311 ὥστε
3126 2253 3286 2310 λῦσαι
3342 2253 3410 2308 τὰ
3449 2257 3573 2328 παρ’
3599 2250 3775 2306 αὐτῶν

2120 2351 2210 2401 νῦν
2243 2347 2532 2423 γιγνόμενα
2559 2347 2660 2418 (4).
2707 2344 2796 2407 Τίς
2840 2341 2898 2400 δὲ
2943 2343 3044 2400 οὐκ
3088 2340 3148 2398 ἂν
3195 2340 3489 2418 καταγνοίη
3533 2346 3634 2408 τῆς
3685 2337 3771 2394 εὐ-

2119 2433 2340 2512 χερείας
2366 2439 2475 2490 τῶν
2520 2433 2643 2509 περὶ
2695 2431 2946 2504 Εὐδόειον
2999 2432 3090 2488 καὶ
3133 2430 3404 2502 Ἀκάκιον,
3455 2425 3508 2483 ο¹ί
3534 2429 3637 2497 τὴν
3656 2430 3770 2482 τῶν

2118 2525 2320 2580 ἑαυτῶν
2375 2523 2628 2598 Πατέρων
2701 2523 2872 2595 τιμήν
2942 2521 3261 2596 προπίνουσι
3330 2521 3398 2594 τῇ
3447 2518 3585 2594 πρὸς
3639 2519 3769 2578 τοὺς

2119 2612 2531 2688 Ἀρειομανίτας
2577 2609 2788 2688 σπουδῇ
2833 2610 2924 2667 καὶ
2973 2611 3209 2687 χάριτι;
3259 2609 3397 2665 Ποία
3444 2607 3548 2684 γὰρ
3593 2603 3776 2669 πίστις

2116 2707 2237 2764 τοῖς
2267 2702 2394 2778 παρ’
2423 2701 2597 2756 αὐτῶν
2647 2701 2976 2777 γινομένοις,
3027 2699 3073 2755 εί
3119 2698 3187 2754 τὰ
3213 2703 3320 2754 τῶν
3351 2696 3629 2774 προτέρων
3669 2715 3766 2749 κα-

2117 2789 2420 2860 ταλύεταις
2477 2792 2512 2860 ἢ
2567 2793 2682 2853 πῶς
2733 2789 2972 2866 Πατέρας
3021 2787 3404 2863 ὀνομάζουσιν,
3453 2784 3547 2845 οὓς
3605 2780 3772 2840 διεδέ-

2124 2880 2300 2952 ξαντο,
2362 2878 2435 2934 ὧν
2490 2878 2643 2934 αὐτοὶ
2691 2882 2790 2945 τῆς
2847 2878 3076 2956 γνώμης
3126 2879 3429 2954 κατήγοροι
3484 2873 3769 2950 γίνονταις

2127 2967 2384 3028 Μάλιστα
2431 2965 2489 3024 δὲ
2536 2969 2794 3031 Ἀκάκιος
2834 2967 2888 3023 τί
2935 2965 2995 3022 ἂν
3047 2965 3192 3022 εἴποι
3223 2966 3360 3042 πρὸς
3393 2957 3648 3020 Εὐσέϐιον
3677 2961 3769 3015 τὸν

2127 3058 2317 3114 ἑαυτοῦ
2366 3054 2716 3126 διδάσκαλον,
2771 3056 2829 3120 ὅς
2873 3055 2935 3112 οὐ
2987 3055 3150 3130 μόνον
3211 3054 3511 3132 ὑπέγραψεν
3570 3051 3622 3106 ἐν

2118 3148 2255 3204 κατὰ
2282 3147 2505 3202 Νίκαιαν
2552 3143 2759 3220 συνόδῳ
2812 3143 2960 3202 ἀλλὰ
2999 3146 3101 3222 γάρ
3154 3147 3229 3219 (5)
3261 3143 3352 3200 καὶ
3383 3139 3455 3198 δι’
3479 3138 3773 3210 ἐπιπολῆς

2121 3235 2368 3308 ἐδήλωσε
2421 3241 2540 3300 τοῖς
2587 3235 2674 3292 ὁδ’
2723 3234 2882 3290 αὐτὸν
2941 3232 3102 3298 λαοῖς
3148 3233 3348 3304 ταῦτην
3400 3232 3534 3287 εἶναι
3590 3226 3769 3284 πίστιν

2121 3325 2328 3398 ἀληθῆ,
2357 3325 2458 3395 τὴν
2509 3323 2946 3400 ὁμολογηθεῖσαν
2992 3321 3045 3378 ἐν
3091 3327 3159 3398 τῇ
3210 3321 3346 3378 κατὰ
3390 3319 3614 3376 Νίκαιαν
3649 3336 3771 3370 συν.

2123 3411 2235 3489 όδῳ
2265 3433 2279 3484 ;
2312 3413 2356 3470 εί
2407 3413 2510 3490 γὰρ
2553 3412 2643 3468 καὶ
2692 3414 2766 3476 ὡς
2818 3409 3084 3483 ἠθέλησεν
3124 3409 3508 3486 ἀπελογησατο
3553 3405 3642 3464 διὰ
3667 3411 3768 3475 τῆς

2123 3501 2439 3576 ἐπιπολῆς,
2471 3501 2618 3558 ἀλλά
2662 3523 2722 3580 γε
2769 3503 2864 3564 τὰς
2913 3500 3084 3574 λέξεις
3133 3501 3234 3557 οὐκ
3277 3501 3578 3576 ἠρνήσατο,
3625 3493 3772 3552 ἀλλὰ

2122 3593 2213 3649 καὶ
2242 3591 2582 3668 κατηγόρησε
2609 3595 2716 3647 τῶν
2769 3593 3084 3667 ’Δρειανῶν,
3131 3589 3214 3645 ὅτι
3259 3589 3527 3666 λέγοντες,
3557 3585 3676 3644 Οὐκ
3704 3583 3771 3652 ἦν

2123 3683 2251 3760 πρὶν
2280 3685 2515 3757 γεννηθῇ
2543 3681 2572 3736 ὁ
2601 3681 2726 3742 Υἱὸς
2770 3677 2896 3736 οὐδὲ
2941 3680 3047 3754 πρὸ
3095 3678 3312 3756 Μαρίας
3360 3677 3520 3733 αὐτὸν
3569 3672 3770 3744 ἤθελον

2127 3771 2281 3828 εἶναι.
2313 3769 2380 3827 Τί
2411 3766 2511 3844 ἄρα
2540 3768 2629 3825 καὶ
2679 3766 2952 3840 διδάξουσι
2982 3770 3061 3844 (6)
3098 3767 3226 3830 τοὺς
3269 3765 3461 3840 λαοὺς,
3489 3763 3616 3826 τοὺς
3648 3761 3774 3839 παρ’

2128 3859 2346 3916 ἐκείνων
2383 3855 2734 3935 διδαχθέντας
2765 3877 2779 3928 ;
2807 3856 2890 3914 ὅτι
2937 3855 3247 3936 ἐσφάλησαν
3297 3857 3349 3912 οἱ
3383 3855 3652 3929 Πατέρες;
3683 3851 3776 3906 καὶ

2125 3952 2244 4011 πῶς
2275 3947 2429 4003 αὐτοὶ
2457 3948 2906 4018 πιστευθήσονται
2937 3948 3064 4022 παρ’
3096 3947 3305 4016 αὐτοῖς,
3337 3943 3431 4008 οὕς
3463 3941 3774 3999 διδάσκουσι

2125 4036 2454 4114 παρακούειν
2502 4039 2609 4092 τῶν
2659 4032 3002 4092 διδασκάλων
3039 4055 3054 4106 ;
3106 4035 3296 4100 Ποίοις
3325 4031 3384 4090 δὲ
3430 4028 3641 4108 ὄμμασι
3675 4028 3772 4104 ἐμ-

2127 4121 2419 4202 ϐλέψονται
2449 4125 2540 4182 καὶ
2575 4130 2694 4188 τοῖς
2730 4128 2977 4200 μνήμασι
3023 4131 3134 4182 τῶν
3189 4122 3467 4197 Πατέρων,
3511 4121 3603 4185 οὓς
3657 4121 3775 4175 ὀνο·

2131 4216 2360 4290 μάζουσι
2391 4219 2495 4270 νῦν
2538 4214 2892 4290 αἱρετικούςς
2950 4215 3010 4270 Τί
3056 4211 3114 4270 δὲ
3157 4213 3286 4280 τοὺς
3333 4213 3438 4269 ἀπὸ
3485 4209 3772 4270 Οὐαλεντί-

2126 4325 2222 4361 νου
2267 4307 2364 4380 (7),
2417 4304 2506 4360 καὶ
2567 4303 2832 4382 Φρυγίας,
2889 4303 2980 4360 καὶ
3034 4303 3377 4381 Μανιχαίους
3438 4299 3774 4376 διασύρουσι,

375 4394 681 4450 minantur
726 4395 976 4451 ordinati
1010 4395 1196 4451 sunt?
1226 4395 1385 4460 Quod
1434 4396 1484 4452 si
1517 4395 1668 4452 male
1713 4400 2014 4453 senserunt

2128 4397 2257 4458 τοὺς
2289 4392 2347 4450 δὲ
2373 4393 2442 4450 τὰ
2467 4391 2636 4468 ὅμοια
2669 4394 3172 4474 φθεγξαμένους,ὡς
3223 4393 3545 4450 ὑπονοοῦσιν
3597 4390 3774 4459 αὐτοὶ,

375 4481 484 4552 illi,
517 4486 574 4538 et
603 4483 837 4556 scriptis
869 4483 994 4540 suis
1025 4484 1224 4541 orbem
1253 4487 1542 4540 terrarum
1571 4484 1629 4540 in
1647 4501 1904 4542 errorem
1925 4485 2022 4542 de-

377 4571 688 4640 duxerunt,
740 4577 928 4629 cesset
976 4573 1208 4645 penitus
1256 4589 1458 4630 eorum
1509 4575 1835 4630 memoria:
1870 4577 1929 4631 et
1971 4573 2021 4629 si

377 4661 598 4735 scripta
628 4678 830 4718 eorum
860 4662 1234 4735 abjiciantur,
1263 4662 1342 4718 ite
1362 4679 1464 4719 vos
1493 4663 1605 4736 ipsi
1627 4667 1684 4719 et
1699 4679 1901 4719 eorum
1927 4679 2022 4721 re-

373 4747 590 4824 liquias
620 4769 690 4808 ex
707 4751 1054 4809 caemeteriis
1070 4752 1324 4824 abjicite,
1347 4755 1415 4808 ut
1436 4769 1640 4810 omnes
1670 4751 2021 4826 intelligant,

373 4839 506 4897 illos
538 4841 900 4908 seductores,
931 4858 1034 4898 vos
1063 4840 1385 4914 parricidas
1413 4857 1562 4897 esse.

2129 4483 2315 4562 ἁγίους
2342 4483 2744 4558 ὀνομάζουσιν;
2791 4484 2863 4541 ’Ἡ
2905 4488 3025 4548 πῶς
3071 4480 3148 4538 ἔτι
3205 4480 3451 4538 δύνανται
3482 4479 3634 4537 αὐτοὶ
3667 4481 3778 4535 εῖνα

2131 4571 2445 4647 ἐπίσκοποι,
2478 4573 2525 4628 εί
2549 4574 2676 4650 παρ’
2699 4573 3006 4648 αἱρετικῶν,
3056 4573 3131 4636 ὡς
3185 4571 3339 4628 αὐτοὶ
3392 4564 3778 4640 διαϐάλλουσι,

2127 4665 2531 4734 κατεστάθησαν
2568 4683 2582 4734 ;
2617 4663 2682 4720 El
2732 4660 2790 4718 δὲ
2829 4663 2918 4719 καὶ
2957 4665 3142 4728 κακῶς
3187 4662 3507 4742 ξφρόνησαν.
3527 4660 3618 4716 καὶ
3647 4659 3780 4735 γρά-

2131 4756 2322 4827 ψαντες
2378 4751 2690 4823 ἐπλάνησαν
2736 4751 2836 4821 τήν
2883 4748 3229 4826 οἰκουμένην,
3279 4751 3539 4822 παυθήτω
3593 4746 3781 4804 τέλεον

2130 4841 2220 4897 καὶ
2251 4843 2286 4912 ἡ
2318 4843 2439 4918 περὶ
2473 4839 2680 4896 τούτων
2737 4843 2932 4916 μνήμη
2968 4860 2982 4874 ο
3009 4839 3099 4896 καὶ
3149 4840 3195 4896 εί
3245 4843 3313 4896 τὰ
3355 4840 3656 4917 γράμματα
3683 4836 3778 4893 αὖ·

371 4931 481 4982 τῶν
537 4922 889 4998 ἓκϐἀλλεται,
952 4923 1248 4984 ἐκϐάλλετε
1305 4929 1382 5002 (8)
1442 4927 1598 5002 ὑμεῖς
1645 4926 1972 4994 ἀπελθόντες
2018 4930 2124 4986 ἀπὸ
2180 4935 2287 4986 τῶν
2337 4929 2716 5006 κοιμητηρίων
2761 4930 2827 4986 τά
2875 4929 3101 5006 λείψανα
3153 4929 3385 5003 τούτων,
3436 4927 3529 4985 ’ίνα
3582 4930 3778 5006 γνῶσιν

374 5016 602 5082 ἅπαντες
629 5017 862 5081 ἐκείνους
893 5016 987 5092 μὶν
1018 5016 1283 5090 πλάνους,
1316 5017 1456 5092 ὑμᾶς
1483 5015 1540 5073 δὲ
1568 5019 1990 5097 πατροκτόνους.

448 5110 534 5165 lt.
568 5113 729 5166 Certe
757 5111 965 5166 beatus
997 5107 1313 5182 Apostolus
1338 5107 1672 5167 Corinthios
1702 5109 1906 5168 laudat
1933 5111 2028 5170 his

2209 5112 2295 5169 14.
2326 5111 2388 5169 Ὁ
2448 5110 2543 5186 μὲν
2603 5107 2695 5166 οῦν
2751 5111 3014 5188 ματάριος
3055 5108 3396 5194 ’Δπόστολος
3453 5105 3779 5188 ἀποδέχεται

377 5198 566 5255 verbis
595 5217 613 5254 :
649 5221 678 5249 «
709 5199 870 5265 Quod
904 5215 1006 5272 per
1033 5195 1234 5254 omnia
1279 5197 1390 5254 mei
1431 5214 1722 5256 memores
1750 5201 1893 5258 estis
1927 5219 1940 5258 :
1971 5206 2014 5259 ei

2133 5199 2262 5265 τοὺς
2293 5199 2607 5276 Κορινθίους
2639 5199 2838 5278 λέγων·
2875 5225 2905 5256 ιι
2935 5203 3059 5259 ’Ότι
3107 5199 3277 5258 πάντα
3328 5222 3434 5276 μου
3483 5199 3778 5277 μέμνησθε,

446 5363 519 5436 [1)
550 5363 692 5418 Eam
741 5360 1054 5436 epistolam
1103 5360 1286 5418 habes
1315 5377 1496 5434 supra
1543 5365 1679 5434 post
1708 5365 2023 5421 tractatum

373 5435 460 5494 ne
481 5437 714 5491 Nicama
741 5435 973 5507 synodo.

446 5509 521 5581 (2)
553 5508 649 5564 Sic
681 5504 888 5581 Regius
919 5510 978 5581 et
1018 5504 1104 5581 sic
1149 5504 1464 5581 legendum
1520 5509 1702 5578 patet,
1733 5523 1888 5581 nam_
1903 5505 2022 5581 ᾄσε-

375 5571 629 5648 6έὰτᾲτον
681 5571 816 5635 item
860 5579 1016 5634 intra
1043 5571 1456 5648 Constantium
1486 5571 1806 5648 nuncupat.
1849 5579 2022 5648 Editi,

375 5645 780 5723 εὐσεϐέστατον.
813 5651 999 5716 Quam
1042 5648 1196 5706 facili
1229 5647 1400 5723 lapsu
1451 5647 1508 5723 εὑ
1539 5665 1644 5722 pro

371 5720 433 5777 in
463 5723 786 5794 codicibus,
819 5725 1087 5794 notatum
1119 5736 1271 5793 sepe
1288 5719 1573 5794 superius
1600 5724 1710 5778 est.

447 5795 589 5868 (3-4)
613 5793 807 5851 Basil..
839 5791 1144 5866 ’Δριμὴνῳ.

1734 5650 2027 5708 scribatur

2212 5365 2286 5436 (5)
2319 5363 2425 5440 Sie_
2441 5363 2776 5440 Regius.__1n
2808 5365 2982 5423 editis
3010 5381 3146 5423 vero
3170 5362 3482 5440 γάρίόορθι.
3515 5364 3644 5440 Haec
3673 5380 3781 5421 au-

2133 5435 2485 5510 temgcont'er
2513 5435 2647 5492 cum
2687 5435 2762 5494 iis
2796 5454 2942 5510 quis
2973 5455 3155 5510 supra
3185 5435 3513 5509 habentur,
3553 5438 3626 5494 de
3655 5454 3784 5494 sen-

2133 5507 2856 5584 tentia_NicmnaeAsy_nodi',
2887 5527 2946 5584 p.
2980 5507 3102 5566 166.

2227 5579 2282 5652 6)
2316 5578 2552 5652 Begius,
2588 5575 2864 5651 SLSdEwcrt.

2229 5649 2284 5724 7)
2316 5649 2556 5724 Begius,
2587 5649 2888 5724 mendose,
2918 5649 3249 5710 Ἀλεντίνου.

2227 5719 2282 5796 8)
2314 5719 2553 5798 Regius,
2584 5719 2858 5782 ἐκϐάλετε.
