  <div class='ocr_page' id='page_1' title='image "/cluster/home/n/w/nwhite01/storage/ocr_20150623/26/hvd.32044019208479/420.png"; bbox 0 0 4082 6366; ppageno 0'>
   <div class='ocr_carea' id='block_1_1' title="bbox 287 457 406 517">
    <p class='ocr_par' dir='ltr' id='par_1_1' title="bbox 287 457 406 517">
     <span class='ocr_line' id='line_1_1' title="bbox 287 457 406 517; baseline 0.008 -1"><span class='ocrx_word' id='word_1_1' title='bbox 287 457 406 517; x_wconf 76' lang='grc'>’105</span> 
     </span>
    </p>
   </div>
   <div class='ocr_carea' id='block_1_2' title="bbox 1759 445 2271 509">
    <p class='ocr_par' dir='ltr' id='par_1_2' title="bbox 1759 445 2271 509">
     <span class='ocr_line' id='line_1_2' title="bbox 1759 445 2271 509; baseline -0.002 0"><span class='ocrx_word' id='word_1_2' title='bbox 1759 447 1863 509; x_wconf 88' lang='lat' dir='ltr'>DE</span> <span class='ocrx_word' id='word_1_3' title='bbox 1907 445 2271 509; x_wconf 88' lang='lat' dir='ltr'>SYNODIS.</span> 
     </span>
    </p>
   </div>
   <div class='ocr_carea' id='block_1_3' title="bbox 3056 24 3558 38">
    <p class='ocr_par' dir='ltr' id='par_1_3' title="bbox 3056 24 3558 38">
     <span class='ocr_line' id='line_1_3' title="bbox 3056 24 3558 38; baseline -0.002 -6"><span class='ocrx_word' id='word_1_4' title='bbox 3056 28 3320 38; x_wconf 74' lang='lat'>.__—_____</span> <span class='ocrx_word' id='word_1_5' title='bbox 3325 24 3558 32; x_wconf 65' lang='lat' dir='ltr'>..-_—-—.--~.-.=—-r-.—</span> 
     </span>
    </p>
   </div>
   <div class='ocr_carea' id='block_1_4' title="bbox 3583 450 3704 508">
    <p class='ocr_par' dir='ltr' id='par_1_4' title="bbox 3583 450 3704 508">
     <span class='ocr_line' id='line_1_4' title="bbox 3583 450 3704 508; baseline 0 0"><span class='ocrx_word' id='word_1_6' title='bbox 3583 450 3704 508; x_wconf 82' lang='grc'>’706</span> 
     </span>
    </p>
   </div>
   <div class='ocr_carea' id='block_1_5' title="bbox 287 577 1961 659">
    <p class='ocr_par' dir='ltr' id='par_1_5' title="bbox 287 577 1939 659">
     <span class='ocr_line' id='line_1_5' title="bbox 287 577 1939 659; baseline -0.005 -18"><span class='ocrx_word' id='word_1_7' title='bbox 287 587 375 641; x_wconf 83' lang='grc' dir='ltr'>καὶ</span> <span class='ocrx_word' id='word_1_8' title='bbox 410 583 590 649; x_wconf 81' lang='grc' dir='ltr'>καθὼς</span> <span class='ocrx_word' id='word_1_9' title='bbox 637 581 928 659; x_wconf 76' lang='grc' dir='ltr'>παρέδωκα</span> <span class='ocrx_word' id='word_1_10' title='bbox 972 581 1098 655; x_wconf 89' lang='grc' dir='ltr'>ὑμῖν</span> <span class='ocrx_word' id='word_1_11' title='bbox 1135 583 1220 656; x_wconf 90' lang='grc'>(8)</span> <span class='ocrx_word' id='word_1_12' title='bbox 1266 582 1362 644; x_wconf 78' lang='grc' dir='ltr'>τὰς</span> <span class='ocrx_word' id='word_1_13' title='bbox 1397 577 1746 656; x_wconf 77' lang='grc' dir='ltr'>παραδόσεις,</span> <span class='ocrx_word' id='word_1_14' title='bbox 1796 579 1939 634; x_wconf 73' lang='grc' dir='ltr'>οὕτω</span> 
     </span>
    </p>
   </div>
   <div class='ocr_carea' id='block_1_6' title="bbox 2082 577 3707 659">
    <p class='ocr_par' dir='ltr' id='par_1_6' title="bbox 2089 578 3707 652">
     <span class='ocr_line' id='line_1_6' title="bbox 2089 578 3707 652; baseline -0.001 -18"><span class='ocrx_word' id='word_1_15' title='bbox 2089 579 2202 635; x_wconf 87' lang='lat' dir='ltr'>icut</span> <span class='ocrx_word' id='word_1_16' title='bbox 2231 579 2445 636; x_wconf 83' lang='lat' dir='ltr'>tradidi</span> <span class='ocrx_word' id='word_1_17' title='bbox 2477 578 2662 646; x_wconf 86' lang='lat' dir='ltr'>vobis,</span> <span class='ocrx_word' id='word_1_18' title='bbox 2713 583 3003 652; x_wconf 66' lang='lat' dir='ltr'>praecepta</span> <span class='ocrx_word' id='word_1_19' title='bbox 3043 595 3173 635; x_wconf 89' lang='lat' dir='ltr'>mea</span> <span class='ocrx_word' id='word_1_20' title='bbox 3211 578 3421 635; x_wconf 80' lang='lat' dir='ltr'>tenetis</span> <span class='ocrx_word' id='word_1_21' title='bbox 3445 580 3509 634; x_wconf 69' lang='grc'>9⁵.</span> <span class='ocrx_word' id='word_1_22' title='bbox 3547 602 3574 629; x_wconf 89' lang='grc'><strong>››</strong></span> <span class='ocrx_word' id='word_1_23' title='bbox 3606 579 3707 636; x_wconf 86' lang='lat' dir='ltr'>Isti</span> 
     </span>
    </p>
   </div>
   <div class='ocr_carea' id='block_1_7' title="bbox 291 670 1943 752">
    <p class='ocr_par' dir='ltr' id='par_1_7' title="bbox 291 670 1943 752">
     <span class='ocr_line' id='line_1_7' title="bbox 291 670 1943 752; baseline -0.005 -20"><span class='ocrx_word' id='word_1_24' title='bbox 291 676 566 752; x_wconf 88' lang='grc' dir='ltr'>κατέχετε·</span> <span class='ocrx_word' id='word_1_25' title='bbox 608 699 627 726; x_wconf 78' lang='grc' dir='ltr'>ι</span> <span class='ocrx_word' id='word_1_26' title='bbox 683 676 831 729; x_wconf 77' lang='grc' dir='ltr'>οὗτοι</span> <span class='ocrx_word' id='word_1_27' title='bbox 884 671 962 744; x_wconf 67' lang='grc' dir='ltr'>δὲ,</span> <span class='ocrx_word' id='word_1_28' title='bbox 1007 677 1230 727; x_wconf 78' lang='grc' dir='ltr'>τοιαῦτα</span> <span class='ocrx_word' id='word_1_29' title='bbox 1281 671 1406 743; x_wconf 85' lang='grc' dir='ltr'>περὶ</span> <span class='ocrx_word' id='word_1_30' title='bbox 1450 675 1556 726; x_wconf 85' lang='grc' dir='ltr'>τῶν</span> <span class='ocrx_word' id='word_1_31' title='bbox 1609 670 1716 746; x_wconf 87' lang='grc' dir='ltr'>πρὸ</span> <span class='ocrx_word' id='word_1_32' title='bbox 1765 670 1943 724; x_wconf 81' lang='grc' dir='ltr'>αὐτῶν</span> 
     </span>
    </p>
   </div>
   <div class='ocr_carea' id='block_1_8' title="bbox 293 758 1940 838">
    <p class='ocr_par' dir='ltr' id='par_1_8' title="bbox 293 758 1940 838">
     <span class='ocr_line' id='line_1_8' title="bbox 293 758 1940 838; baseline -0.005 -16"><span class='ocrx_word' id='word_1_33' title='bbox 293 764 711 838; x_wconf 80' lang='grc' dir='ltr'>ἐνθυμούμενοι,</span> <span class='ocrx_word' id='word_1_34' title='bbox 743 761 991 818; x_wconf 79' lang='grc' dir='ltr'>τάναντία</span> <span class='ocrx_word' id='word_1_35' title='bbox 1038 761 1252 823; x_wconf 86' lang='grc' dir='ltr'>πάντως</span> <span class='ocrx_word' id='word_1_36' title='bbox 1300 767 1418 823; x_wconf 87' lang='grc' dir='ltr'>τοῖς</span> <span class='ocrx_word' id='word_1_37' title='bbox 1451 758 1608 823; x_wconf 81' lang='grc' dir='ltr'>λαοῖς</span> <span class='ocrx_word' id='word_1_38' title='bbox 1650 759 1740 814; x_wconf 83' lang='grc' dir='ltr'>καὶ</span> <span class='ocrx_word' id='word_1_39' title='bbox 1773 760 1940 814; x_wconf 82' lang='grc' dir='ltr'>εἰπεῖν</span> 
     </span>
    </p>
   </div>
   <div class='ocr_carea' id='block_1_9' title="bbox 293 848 1942 928">
    <p class='ocr_par' dir='ltr' id='par_1_9' title="bbox 293 848 1942 928">
     <span class='ocr_line' id='line_1_9' title="bbox 293 848 1942 928; baseline -0.005 -19"><span class='ocrx_word' id='word_1_40' title='bbox 293 853 690 928; x_wconf 72' lang='grc' dir='ltr'>τολμήσουσινο</span> <span class='ocrx_word' id='word_1_41' title='bbox 738 851 852 909; x_wconf 84' lang='grc' dir='ltr'>Ούκ</span> <span class='ocrx_word' id='word_1_42' title='bbox 894 850 1216 922; x_wconf 78' lang='grc' dir='ltr'>ἐπαινοῦμεν</span> <span class='ocrx_word' id='word_1_43' title='bbox 1262 851 1404 924; x_wconf 82' lang='grc' dir='ltr'>ὑμᾶς</span> <span class='ocrx_word' id='word_1_44' title='bbox 1457 848 1942 923; x_wconf 88' lang='grc' dir='ltr'>μνημμονεύοντας</span> 
     </span>
    </p>
   </div>
   <div class='ocr_carea' id='block_1_10' title="bbox 290 935 1942 1017">
    <p class='ocr_par' dir='ltr' id='par_1_10' title="bbox 290 935 1942 1017">
     <span class='ocr_line' id='line_1_10' title="bbox 290 935 1942 1017; baseline -0.005 -18"><span class='ocrx_word' id='word_1_45' title='bbox 290 948 398 999; x_wconf 88' lang='grc' dir='ltr'>τῶν</span> <span class='ocrx_word' id='word_1_46' title='bbox 434 943 714 1017; x_wconf 85' lang='grc' dir='ltr'>ΙΙατέρων,</span> <span class='ocrx_word' id='word_1_47' title='bbox 764 937 891 994; x_wconf 85' lang='grc' dir='ltr'>ἀλλ’</span> <span class='ocrx_word' id='word_1_48' title='bbox 920 937 1306 1015; x_wconf 81' lang='grc' dir='ltr'>ἀποδεχόμεθα</span> <span class='ocrx_word' id='word_1_49' title='bbox 1357 937 1569 1010; x_wconf 85' lang='grc' dir='ltr'>μᾶλλον</span> <span class='ocrx_word' id='word_1_50' title='bbox 1623 938 1784 1010; x_wconf 79' lang='grc' dir='ltr'>ὑμᾶς,</span> <span class='ocrx_word' id='word_1_51' title='bbox 1819 935 1942 991; x_wconf 81' lang='grc' dir='ltr'>ὅταν</span> 
     </span>
    </p>
   </div>
   <div class='ocr_carea' id='block_1_11' title="bbox 289 1023 1944 1105">
    <p class='ocr_par' dir='ltr' id='par_1_11' title="bbox 289 1023 1944 1105">
     <span class='ocr_line' id='line_1_11' title="bbox 289 1023 1944 1105; baseline -0.005 -18"><span class='ocrx_word' id='word_1_52' title='bbox 289 1033 387 1094; x_wconf 77' lang='grc' dir='ltr'>τὰς</span> <span class='ocrx_word' id='word_1_53' title='bbox 413 1028 737 1105; x_wconf 80' lang='grc' dir='ltr'>παραδόσεις</span> <span class='ocrx_word' id='word_1_54' title='bbox 769 1028 944 1083; x_wconf 82' lang='grc' dir='ltr'>αὐτῶν</span> <span class='ocrx_word' id='word_1_55' title='bbox 998 1029 1073 1100; x_wconf 78' lang='grc' dir='ltr'>μὴ</span> <span class='ocrx_word' id='word_1_56' title='bbox 1123 1028 1412 1103; x_wconf 77' lang='grc' dir='ltr'>κατέχητε·</span> <span class='ocrx_word' id='word_1_57' title='bbox 1455 1026 1544 1080; x_wconf 83' lang='grc' dir='ltr'>καὶ</span> <span class='ocrx_word' id='word_1_58' title='bbox 1598 1025 1794 1080; x_wconf 86' lang='grc' dir='ltr'>λοιπὸν</span> <span class='ocrx_word' id='word_1_59' title='bbox 1829 1023 1944 1079; x_wconf 84' lang='grc' dir='ltr'>δια-</span> 
     </span>
    </p>
   </div>
   <div class='ocr_carea' id='block_1_12' title="bbox 293 1114 1942 1191">
    <p class='ocr_par' dir='ltr' id='par_1_12' title="bbox 293 1114 1942 1191">
     <span class='ocr_line' id='line_1_12' title="bbox 293 1114 1942 1191; baseline -0.006 -14"><span class='ocrx_word' id='word_1_60' title='bbox 293 1117 648 1176; x_wconf 72' lang='grc' dir='ltr'>ϐαλλέτωσαν</span> <span class='ocrx_word' id='word_1_61' title='bbox 699 1118 797 1186; x_wconf 81' lang='grc' dir='ltr'>τήν</span> <span class='ocrx_word' id='word_1_62' title='bbox 850 1117 1053 1172; x_wconf 67' lang='grc' dir='ltr'>ἑαυτῶν</span> <span class='ocrx_word' id='word_1_63' title='bbox 1108 1114 1430 1191; x_wconf 83' lang='grc' dir='ltr'>δυσγένειαν,</span> <span class='ocrx_word' id='word_1_64' title='bbox 1478 1115 1567 1170; x_wconf 82' lang='grc' dir='ltr'>καὶ</span> <span class='ocrx_word' id='word_1_65' title='bbox 1617 1115 1942 1190; x_wconf 71' lang='grc' dir='ltr'>λεγέτωσαν·</span> 
     </span>
    </p>
   </div>
   <div class='ocr_carea' id='block_1_13' title="bbox 289 1201 1945 1283">
    <p class='ocr_par' dir='ltr' id='par_1_13' title="bbox 289 1201 1945 1283">
     <span class='ocr_line' id='line_1_13' title="bbox 289 1201 1945 1283; baseline -0.005 -15"><span class='ocrx_word' id='word_1_66' title='bbox 289 1213 480 1283; x_wconf 84' lang='grc' dir='ltr'>Ἡμεῖς</span> <span class='ocrx_word' id='word_1_67' title='bbox 527 1209 626 1263; x_wconf 83' lang='grc' dir='ltr'>οὐκ</span> <span class='ocrx_word' id='word_1_68' title='bbox 674 1201 908 1262; x_wconf 84' lang='grc' dir='ltr'>εὐσεϐῶν</span> <span class='ocrx_word' id='word_1_69' title='bbox 938 1250 951 1275; x_wconf 90' lang='grc'>,</span> <span class='ocrx_word' id='word_1_70' title='bbox 1003 1203 1128 1262; x_wconf 83' lang='grc' dir='ltr'>ἀλλ’</span> <span class='ocrx_word' id='word_1_71' title='bbox 1179 1205 1228 1279; x_wconf 74' lang='grc' dir='ltr'><strong>ἐξ</strong></span> <span class='ocrx_word' id='word_1_72' title='bbox 1276 1206 1560 1281; x_wconf 78' lang='grc' dir='ltr'>αἱρετικῶν</span> <span class='ocrx_word' id='word_1_73' title='bbox 1622 1204 1945 1280; x_wconf 77' lang='grc' dir='ltr'>γεγόναμεν.</span> 
     </span>
    </p>
   </div>
   <div class='ocr_carea' id='block_1_14' title="bbox 289 1292 1946 1372">
    <p class='ocr_par' dir='ltr' id='par_1_14' title="bbox 289 1292 1946 1372">
     <span class='ocr_line' id='line_1_14' title="bbox 289 1292 1946 1372; baseline -0.005 -20"><span class='ocrx_word' id='word_1_74' title='bbox 289 1301 525 1352; x_wconf 70' lang='grc' dir='ltr'>Τοιαῦτα</span> <span class='ocrx_word' id='word_1_75' title='bbox 559 1295 662 1372; x_wconf 77' lang='grc' dir='ltr'>γὰρ</span> <span class='ocrx_word' id='word_1_76' title='bbox 694 1293 922 1371; x_wconf 77' lang='grc' dir='ltr'>ἁρμόζει</span> <span class='ocrx_word' id='word_1_77' title='bbox 959 1292 1133 1369; x_wconf 87' lang='grc' dir='ltr'>λέγειν</span> <span class='ocrx_word' id='word_1_78' title='bbox 1162 1298 1302 1362; x_wconf 90' lang='grc' dir='ltr'>τοῖς,</span> <span class='ocrx_word' id='word_1_79' title='bbox 1351 1292 1424 1354; x_wconf 86' lang='grc' dir='ltr'>ὡς</span> <span class='ocrx_word' id='word_1_80' title='bbox 1473 1297 1758 1366; x_wconf 83' lang='grc' dir='ltr'>προεῖπον,</span> <span class='ocrx_word' id='word_1_81' title='bbox 1809 1311 1946 1367; x_wconf 90' lang='grc' dir='ltr'>προ-</span> 
     </span>
    </p>
   </div>
   <div class='ocr_carea' id='block_1_15' title="bbox 293 1380 1946 1457">
    <p class='ocr_par' dir='ltr' id='par_1_15' title="bbox 293 1380 1946 1457">
     <span class='ocr_line' id='line_1_15' title="bbox 293 1380 1946 1457; baseline -0.005 -16"><span class='ocrx_word' id='word_1_82' title='bbox 293 1385 510 1441; x_wconf 87' lang='grc' dir='ltr'>πίνουσι</span> <span class='ocrx_word' id='word_1_83' title='bbox 565 1384 666 1453; x_wconf 82' lang='grc' dir='ltr'>τήν</span> <span class='ocrx_word' id='word_1_84' title='bbox 724 1386 833 1437; x_wconf 86' lang='grc' dir='ltr'>τῶν</span> <span class='ocrx_word' id='word_1_85' title='bbox 889 1383 1148 1457; x_wconf 86' lang='grc' dir='ltr'>ΙΙατέρων</span> <span class='ocrx_word' id='word_1_86' title='bbox 1201 1382 1398 1454; x_wconf 77' lang='grc' dir='ltr'>τιμὴν,</span> <span class='ocrx_word' id='word_1_87' title='bbox 1454 1381 1544 1435; x_wconf 80' lang='grc' dir='ltr'>καὶ</span> <span class='ocrx_word' id='word_1_88' title='bbox 1599 1381 1698 1449; x_wconf 79' lang='grc' dir='ltr'>τήν</span> <span class='ocrx_word' id='word_1_89' title='bbox 1746 1380 1946 1434; x_wconf 73' lang='grc' dir='ltr'>ἑαυτῶν</span> 
     </span>
    </p>
   </div>
   <div class='ocr_carea' id='block_1_16' title="bbox 296 1463 1950 1550">
    <p class='ocr_par' dir='ltr' id='par_1_16' title="bbox 296 1463 1950 1550">
     <span class='ocr_line' id='line_1_16' title="bbox 296 1463 1950 1550; baseline -0.004 -20"><span class='ocrx_word' id='word_1_90' title='bbox 296 1473 566 1550; x_wconf 81' lang='grc' dir='ltr'>σωτηρίαν</span> <span class='ocrx_word' id='word_1_91' title='bbox 597 1475 666 1546; x_wconf 76' lang='grc' dir='ltr'>τῇ</span> <span class='ocrx_word' id='word_1_92' title='bbox 715 1475 1004 1545; x_wconf 84' lang='grc' dir='ltr'>Ἀρειανῶν</span> <span class='ocrx_word' id='word_1_93' title='bbox 1053 1473 1127 1543; x_wconf 84' lang='grc'>(9)</span> <span class='ocrx_word' id='word_1_94' title='bbox 1161 1470 1384 1547; x_wconf 77' lang='grc' dir='ltr'>αἱρέσει,</span> <span class='ocrx_word' id='word_1_95' title='bbox 1415 1471 1502 1524; x_wconf 83' lang='grc' dir='ltr'>καὶ</span> <span class='ocrx_word' id='word_1_96' title='bbox 1561 1470 1636 1542; x_wconf 85' lang='grc' dir='ltr'>μή</span> <span class='ocrx_word' id='word_1_97' title='bbox 1670 1463 1950 1546; x_wconf 74' lang='grc' dir='ltr'>φοϐουμέ-</span> 
     </span>
    </p>
   </div>
   <div class='ocr_carea' id='block_1_17' title="bbox 295 1558 1947 1634">
    <p class='ocr_par' dir='ltr' id='par_1_17' title="bbox 295 1558 1947 1634">
     <span class='ocr_line' id='line_1_17' title="bbox 295 1558 1947 1634; baseline -0.004 -16"><span class='ocrx_word' id='word_1_98' title='bbox 295 1584 409 1625; x_wconf 87' lang='grc' dir='ltr'>νοις</span> <span class='ocrx_word' id='word_1_99' title='bbox 459 1562 680 1617; x_wconf 80' lang='grc' dir='ltr'>ἆκοῦσαι</span> <span class='ocrx_word' id='word_1_100' title='bbox 723 1561 785 1615; x_wconf 81' lang='grc' dir='ltr'>τὸ</span> <span class='ocrx_word' id='word_1_101' title='bbox 832 1559 884 1614; x_wconf 85' lang='grc' dir='ltr'>έν</span> <span class='ocrx_word' id='word_1_102' title='bbox 934 1563 1003 1633; x_wconf 80' lang='grc' dir='ltr'>τῇ</span> <span class='ocrx_word' id='word_1_103' title='bbox 1052 1558 1166 1630; x_wconf 84' lang='grc' dir='ltr'>θείᾳ</span> <span class='ocrx_word' id='word_1_104' title='bbox 1213 1560 1490 1634; x_wconf 79' lang='grc' dir='ltr'>Παροιμίᾳ</span> <span class='ocrx_word' id='word_1_105' title='bbox 1543 1559 1947 1634; x_wconf 69' lang='grc' dir='ltr'>γεγραμμένον,</span> 
     </span>
    </p>
   </div>
   <div class='ocr_carea' id='block_1_18' title="bbox 298 1647 1951 1730">
    <p class='ocr_par' dir='ltr' id='par_1_18' title="bbox 298 1647 1951 1730">
     <span class='ocr_line' id='line_1_18' title="bbox 298 1647 1951 1730; baseline -0.004 -22"><span class='ocrx_word' id='word_1_106' title='bbox 298 1679 327 1708; x_wconf 93' lang='grc'>‹‹</span> <span class='ocrx_word' id='word_1_107' title='bbox 355 1656 610 1730; x_wconf 87' lang='grc' dir='ltr'>Ἕκγονον</span> <span class='ocrx_word' id='word_1_108' title='bbox 642 1652 805 1708; x_wconf 86' lang='grc' dir='ltr'>κακὸν</span> <span class='ocrx_word' id='word_1_109' title='bbox 855 1649 1059 1726; x_wconf 82' lang='grc' dir='ltr'>πατέρα</span> <span class='ocrx_word' id='word_1_110' title='bbox 1103 1655 1416 1726; x_wconf 83' lang='grc' dir='ltr'>καταρᾶται,</span> <span class='ocrx_word' id='word_1_111' title='bbox 1449 1673 1477 1702; x_wconf 89' lang='grc'><strong>››</strong></span> <span class='ocrx_word' id='word_1_112' title='bbox 1510 1650 1599 1703; x_wconf 83' lang='grc' dir='ltr'>καὶ</span> <span class='ocrx_word' id='word_1_113' title='bbox 1647 1649 1745 1718; x_wconf 74' lang='grc' dir='ltr'>τὴν</span> <span class='ocrx_word' id='word_1_114' title='bbox 1788 1647 1838 1702; x_wconf 78' lang='grc' dir='ltr'>έν</span> <span class='ocrx_word' id='word_1_115' title='bbox 1871 1652 1951 1720; x_wconf 75' lang='grc' dir='ltr'>τῷ</span> 
     </span>
    </p>
   </div>
   <div class='ocr_carea' id='block_1_19' title="bbox 295 1737 1948 1817">
    <p class='ocr_par' dir='ltr' id='par_1_19' title="bbox 295 1737 1948 1817">
     <span class='ocr_line' id='line_1_19' title="bbox 295 1737 1948 1817; baseline -0.005 -19"><span class='ocrx_word' id='word_1_116' title='bbox 295 1745 454 1817; x_wconf 85' lang='grc' dir='ltr'>νόμῳ</span> <span class='ocrx_word' id='word_1_117' title='bbox 486 1741 620 1797; x_wconf 81' lang='grc' dir='ltr'>κατὰ</span> <span class='ocrx_word' id='word_1_118' title='bbox 647 1744 754 1795; x_wconf 88' lang='grc' dir='ltr'>τῶν</span> <span class='ocrx_word' id='word_1_119' title='bbox 796 1738 1058 1794; x_wconf 81' lang='grc' dir='ltr'>τοιούτων</span> <span class='ocrx_word' id='word_1_120' title='bbox 1102 1739 1360 1812; x_wconf 74' lang='grc' dir='ltr'>κειμένην</span> <span class='ocrx_word' id='word_1_121' title='bbox 1413 1737 1668 1808; x_wconf 75' lang='grc' dir='ltr'>ἀπειλήν.</span> <span class='ocrx_word' id='word_1_122' title='bbox 1722 1739 1948 1794; x_wconf 85' lang='grc' dir='ltr'>Ἐκεῖνοι</span> 
     </span>
    </p>
   </div>
   <div class='ocr_carea' id='block_1_20' title="bbox 300 1824 1946 1907">
    <p class='ocr_par' dir='ltr' id='par_1_20' title="bbox 300 1824 1946 1907">
     <span class='ocr_line' id='line_1_20' title="bbox 300 1824 1946 1907; baseline -0.004 -20"><span class='ocrx_word' id='word_1_123' title='bbox 300 1833 394 1907; x_wconf 77' lang='grc' dir='ltr'>μὲν</span> <span class='ocrx_word' id='word_1_124' title='bbox 429 1831 521 1886; x_wconf 80' lang='grc' dir='ltr'>οὖν</span> <span class='ocrx_word' id='word_1_125' title='bbox 557 1828 646 1885; x_wconf 77' lang='grc' dir='ltr'>διὰ</span> <span class='ocrx_word' id='word_1_126' title='bbox 674 1831 773 1899; x_wconf 73' lang='grc' dir='ltr'>τὴν</span> <span class='ocrx_word' id='word_1_127' title='bbox 810 1829 941 1900; x_wconf 71' lang='grc' dir='ltr'>ὑπὲρ</span> <span class='ocrx_word' id='word_1_128' title='bbox 989 1835 1089 1897; x_wconf 82' lang='grc' dir='ltr'>τῆς</span> <span class='ocrx_word' id='word_1_129' title='bbox 1141 1828 1396 1903; x_wconf 67' lang='grc' dir='ltr'>αἱρέσεως</span> <span class='ocrx_word' id='word_1_130' title='bbox 1428 1824 1669 1896; x_wconf 78' lang='grc' dir='ltr'>σπουδὴν</span> <span class='ocrx_word' id='word_1_131' title='bbox 1701 1831 1946 1881; x_wconf 77' lang='grc' dir='ltr'>τοιοῦτον</span> 
     </span>
    </p>
   </div>
   <div class='ocr_carea' id='block_1_21' title="bbox 2053 668 3708 741">
    <p class='ocr_par' dir='ltr' id='par_1_21' title="bbox 2053 668 3708 741">
     <span class='ocr_line' id='line_1_21' title="bbox 2053 668 3708 741; baseline 0.001 -19"><span class='ocrx_word' id='word_1_132' title='bbox 2053 675 2248 725; x_wconf 72' lang='lat' dir='ltr'>autem</span> <span class='ocrx_word' id='word_1_133' title='bbox 2282 687 2414 725; x_wconf 92' lang='lat' dir='ltr'>cum</span> <span class='ocrx_word' id='word_1_134' title='bbox 2465 668 2605 725; x_wconf 90' lang='lat' dir='ltr'>talia</span> <span class='ocrx_word' id='word_1_135' title='bbox 2650 669 2719 724; x_wconf 91' lang='lat' dir='ltr'>de</span> <span class='ocrx_word' id='word_1_136' title='bbox 2768 669 3094 740; x_wconf 83' lang='lat' dir='ltr'>majoribus</span> <span class='ocrx_word' id='word_1_137' title='bbox 3142 669 3268 724; x_wconf 84' lang='lat' dir='ltr'>suis</span> <span class='ocrx_word' id='word_1_138' title='bbox 3317 670 3594 741; x_wconf 78' lang='lat' dir='ltr'>cogitent,</span> <span class='ocrx_word' id='word_1_139' title='bbox 3637 669 3708 724; x_wconf 90' lang='lat' dir='ltr'>iis</span> 
     </span>
    </p>
   </div>
   <div class='ocr_carea' id='block_1_22' title="bbox 2053 757 3708 830">
    <p class='ocr_par' dir='ltr' id='par_1_22' title="bbox 2053 757 3708 830">
     <span class='ocr_line' id='line_1_22' title="bbox 2053 757 3708 830; baseline 0.001 -18"><span class='ocrx_word' id='word_1_140' title='bbox 2053 757 2224 829; x_wconf 80' lang='lat' dir='ltr'><strong>plane</strong></span> <span class='ocrx_word' id='word_1_141' title='bbox 2255 760 2514 815; x_wconf 90' lang='lat' dir='ltr'>contaria</span> <span class='ocrx_word' id='word_1_142' title='bbox 2546 757 2775 830; x_wconf 86' lang='lat' dir='ltr'>populis</span> <span class='ocrx_word' id='word_1_143' title='bbox 2825 758 3014 813; x_wconf 83' lang='lat' dir='ltr'>dicere</span> <span class='ocrx_word' id='word_1_144' title='bbox 3046 758 3349 812; x_wconf 88' lang='lat' dir='ltr'>audebunt</span> <span class='ocrx_word' id='word_1_145' title='bbox 3379 774 3390 812; x_wconf 91' lang='lat'>:</span> <span class='ocrx_word' id='word_1_146' title='bbox 3450 758 3573 814; x_wconf 90' lang='lat' dir='ltr'>Non</span> <span class='ocrx_word' id='word_1_147' title='bbox 3606 775 3708 813; x_wconf 88' lang='lat' dir='ltr'>vos</span> 
     </span>
    </p>
   </div>
   <div class='ocr_carea' id='block_1_23' title="bbox 2052 849 3708 922">
    <p class='ocr_par' dir='ltr' id='par_1_23' title="bbox 2052 849 3708 922">
     <span class='ocr_line' id='line_1_23' title="bbox 2052 849 3708 922; baseline 0.001 -18"><span class='ocrx_word' id='word_1_148' title='bbox 2052 849 2364 906; x_wconf 81' lang='lat' dir='ltr'>laudamus</span> <span class='ocrx_word' id='word_1_149' title='bbox 2396 851 2550 922; x_wconf 93' lang='lat' dir='ltr'>quod</span> <span class='ocrx_word' id='word_1_150' title='bbox 2582 851 2819 905; x_wconf 83' lang='lat' dir='ltr'>Patrum</span> <span class='ocrx_word' id='word_1_151' title='bbox 2853 866 3140 904; x_wconf 82' lang='lat' dir='ltr'>memores</span> <span class='ocrx_word' id='word_1_152' title='bbox 3173 850 3342 916; x_wconf 90' lang='lat' dir='ltr'>sitis;</span> <span class='ocrx_word' id='word_1_153' title='bbox 3377 851 3477 905; x_wconf 90' lang='lat' dir='ltr'>sed</span> <span class='ocrx_word' id='word_1_154' title='bbox 3514 849 3708 921; x_wconf 78' lang='lat' dir='ltr'>potius</span> 
     </span>
    </p>
   </div>
   <div class='ocr_carea' id='block_1_24' title="bbox 2055 937 3710 1011">
    <p class='ocr_par' dir='ltr' id='par_1_24' title="bbox 2055 937 3710 1011">
     <span class='ocr_line' id='line_1_24' title="bbox 2055 937 3710 1011; baseline -0.001 -17"><span class='ocrx_word' id='word_1_155' title='bbox 2055 956 2121 994; x_wconf 92' lang='lat' dir='ltr'>eo</span> <span class='ocrx_word' id='word_1_156' title='bbox 2152 955 2250 993; x_wconf 91' lang='lat' dir='ltr'>vos</span> <span class='ocrx_word' id='word_1_157' title='bbox 2283 940 2626 1011; x_wconf 82' lang='lat' dir='ltr'>probamus,</span> <span class='ocrx_word' id='word_1_158' title='bbox 2657 938 2812 1009; x_wconf 91' lang='lat' dir='ltr'>quod</span> <span class='ocrx_word' id='word_1_159' title='bbox 2845 954 3046 993; x_wconf 85' lang='lat' dir='ltr'>eorum</span> <span class='ocrx_word' id='word_1_160' title='bbox 3089 937 3436 992; x_wconf 80' lang='lat' dir='ltr'>traditiones</span> <span class='ocrx_word' id='word_1_161' title='bbox 3471 955 3583 992; x_wconf 94' lang='lat' dir='ltr'>non</span> <span class='ocrx_word' id='word_1_162' title='bbox 3619 955 3710 993; x_wconf 87' lang='lat' dir='ltr'>re-</span> 
     </span>
    </p>
   </div>
   <div class='ocr_carea' id='block_1_25' title="bbox 2055 1028 3708 1100">
    <p class='ocr_par' dir='ltr' id='par_1_25' title="bbox 2055 1028 3708 1100">
     <span class='ocr_line' id='line_1_25' title="bbox 2055 1028 3708 1100; baseline -0.001 -16"><span class='ocrx_word' id='word_1_163' title='bbox 2055 1028 2332 1084; x_wconf 86' lang='lat' dir='ltr'>tineatis:</span> <span class='ocrx_word' id='word_1_164' title='bbox 2369 1045 2433 1084; x_wconf 88' lang='lat' dir='ltr'>ac</span> <span class='ocrx_word' id='word_1_165' title='bbox 2483 1029 2720 1083; x_wconf 91' lang='lat' dir='ltr'>demum</span> <span class='ocrx_word' id='word_1_166' title='bbox 2771 1028 3094 1084; x_wconf 76' lang='lat' dir='ltr'>infaustum</span> <span class='ocrx_word' id='word_1_167' title='bbox 3147 1045 3322 1083; x_wconf 90' lang='lat' dir='ltr'>suum</span> <span class='ocrx_word' id='word_1_168' title='bbox 3367 1044 3552 1100; x_wconf 79' lang='lat' dir='ltr'>genus</span> <span class='ocrx_word' id='word_1_169' title='bbox 3584 1029 3708 1084; x_wconf 91' lang='lat' dir='ltr'>cul-</span> 
     </span>
    </p>
   </div>
   <div class='ocr_carea' id='block_1_26' title="bbox 2056 1116 3709 1189">
    <p class='ocr_par' dir='ltr' id='par_1_26' title="bbox 2056 1116 3709 1189">
     <span class='ocr_line' id='line_1_26' title="bbox 2056 1116 3709 1189; baseline 0 -17"><span class='ocrx_word' id='word_1_170' title='bbox 2056 1123 2212 1188; x_wconf 88' lang='lat' dir='ltr'>pent,</span> <span class='ocrx_word' id='word_1_171' title='bbox 2246 1117 2579 1189; x_wconf 87' lang='lat' dir='ltr'>dicantque,</span> <span class='ocrx_word' id='word_1_172' title='bbox 2612 1118 2728 1172; x_wconf 90' lang='lat' dir='ltr'>Nos</span> <span class='ocrx_word' id='word_1_173' title='bbox 2761 1134 2875 1171; x_wconf 91' lang='lat' dir='ltr'>non</span> <span class='ocrx_word' id='word_1_174' title='bbox 2909 1134 2976 1172; x_wconf 87' lang='lat' dir='ltr'>ex</span> <span class='ocrx_word' id='word_1_175' title='bbox 3022 1116 3132 1188; x_wconf 91' lang='lat' dir='ltr'>piis</span> <span class='ocrx_word' id='word_1_176' title='bbox 3165 1117 3327 1187; x_wconf 88' lang='lat' dir='ltr'>viris,</span> <span class='ocrx_word' id='word_1_177' title='bbox 3361 1117 3460 1172; x_wconf 90' lang='lat' dir='ltr'>sed</span> <span class='ocrx_word' id='word_1_178' title='bbox 3493 1133 3558 1172; x_wconf 84' lang='lat' dir='ltr'>ex</span> <span class='ocrx_word' id='word_1_179' title='bbox 3593 1117 3709 1172; x_wconf 77' lang='lat' dir='ltr'>hae-</span> 
     </span>
    </p>
   </div>
   <div class='ocr_carea' id='block_1_27' title="bbox 2056 1205 3710 1279">
    <p class='ocr_par' dir='ltr' id='par_1_27' title="bbox 2056 1205 3710 1279">
     <span class='ocr_line' id='line_1_27' title="bbox 2056 1205 3710 1279; baseline -0.001 -17"><span class='ocrx_word' id='word_1_180' title='bbox 2056 1207 2253 1263; x_wconf 91' lang='lat' dir='ltr'>reticis</span> <span class='ocrx_word' id='word_1_181' title='bbox 2283 1206 2568 1279; x_wconf 84' lang='lat' dir='ltr'>originem</span> <span class='ocrx_word' id='word_1_182' title='bbox 2620 1207 2918 1261; x_wconf 89' lang='lat' dir='ltr'>duximus.</span> <span class='ocrx_word' id='word_1_183' title='bbox 2970 1207 3144 1261; x_wconf 89' lang='lat' dir='ltr'>Decet</span> <span class='ocrx_word' id='word_1_184' title='bbox 3180 1207 3397 1278; x_wconf 85' lang='lat' dir='ltr'>quippe</span> <span class='ocrx_word' id='word_1_185' title='bbox 3437 1207 3519 1261; x_wconf 87' lang='lat' dir='ltr'>ita</span> <span class='ocrx_word' id='word_1_186' title='bbox 3549 1205 3710 1278; x_wconf 88' lang='lat' dir='ltr'>loqui</span> 
     </span>
    </p>
   </div>
   <div class='ocr_carea' id='block_1_28' title="bbox 2055 1294 3710 1366">
    <p class='ocr_par' dir='ltr' id='par_1_28' title="bbox 2055 1294 3710 1366">
     <span class='ocr_line' id='line_1_28' title="bbox 2055 1294 3710 1366; baseline 0 -16"><span class='ocrx_word' id='word_1_187' title='bbox 2055 1295 2348 1364; x_wconf 88' lang='lat' dir='ltr'>homines,</span> <span class='ocrx_word' id='word_1_188' title='bbox 2381 1295 2480 1366; x_wconf 93' lang='lat' dir='ltr'>qui</span> <span class='ocrx_word' id='word_1_189' title='bbox 2513 1295 2594 1349; x_wconf 88' lang='lat' dir='ltr'>uti</span> <span class='ocrx_word' id='word_1_190' title='bbox 2643 1311 2823 1366; x_wconf 81' lang='lat' dir='ltr'>supra</span> <span class='ocrx_word' id='word_1_191' title='bbox 2860 1294 2999 1364; x_wconf 87' lang='lat' dir='ltr'>dixi,</span> <span class='ocrx_word' id='word_1_192' title='bbox 3051 1299 3106 1349; x_wconf 92' lang='lat' dir='ltr'>et</span> <span class='ocrx_word' id='word_1_193' title='bbox 3137 1299 3375 1350; x_wconf 86' lang='lat' dir='ltr'>Patrum</span> <span class='ocrx_word' id='word_1_194' title='bbox 3406 1295 3710 1360; x_wconf 81' lang='lat' dir='ltr'>honorem,</span> 
     </span>
    </p>
   </div>
   <div class='ocr_carea' id='block_1_29' title="bbox 2058 1383 3710 1456">
    <p class='ocr_par' dir='ltr' id='par_1_29' title="bbox 2058 1383 3710 1456">
     <span class='ocr_line' id='line_1_29' title="bbox 2058 1383 3710 1456; baseline -0.001 -17"><span class='ocrx_word' id='word_1_195' title='bbox 2058 1390 2115 1440; x_wconf 87' lang='lat' dir='ltr'>et</span> <span class='ocrx_word' id='word_1_196' title='bbox 2143 1383 2395 1439; x_wconf 84' lang='lat' dir='ltr'>salutem</span> <span class='ocrx_word' id='word_1_197' title='bbox 2428 1400 2595 1439; x_wconf 89' lang='lat' dir='ltr'>suam</span> <span class='ocrx_word' id='word_1_198' title='bbox 2618 1383 2842 1438; x_wconf 66' lang='lat' dir='ltr'>Arianae</span> <span class='ocrx_word' id='word_1_199' title='bbox 2872 1383 3072 1438; x_wconf 83' lang='lat' dir='ltr'>haeresi</span> <span class='ocrx_word' id='word_1_200' title='bbox 3107 1384 3438 1456; x_wconf 88' lang='lat' dir='ltr'>propinant,</span> <span class='ocrx_word' id='word_1_201' title='bbox 3470 1385 3565 1454; x_wconf 87' lang='lat' dir='ltr'>qui</span> <span class='ocrx_word' id='word_1_202' title='bbox 3595 1402 3710 1440; x_wconf 89' lang='lat' dir='ltr'>non</span> 
     </span>
    </p>
   </div>
   <div class='ocr_carea' id='block_1_30' title="bbox 2059 1472 3714 1545">
    <p class='ocr_par' dir='ltr' id='par_1_30' title="bbox 2059 1472 3714 1545">
     <span class='ocr_line' id='line_1_30' title="bbox 2059 1472 3714 1545; baseline 0 -17"><span class='ocrx_word' id='word_1_203' title='bbox 2059 1473 2212 1544; x_wconf 92' lang='lat' dir='ltr'>quod</span> <span class='ocrx_word' id='word_1_204' title='bbox 2243 1473 2298 1527; x_wconf 90' lang='lat' dir='ltr'>in</span> <span class='ocrx_word' id='word_1_205' title='bbox 2333 1473 2526 1528; x_wconf 92' lang='lat' dir='ltr'>divino</span> <span class='ocrx_word' id='word_1_206' title='bbox 2558 1473 2865 1529; x_wconf 84' lang='lat' dir='ltr'>Proverbio</span> <span class='ocrx_word' id='word_1_207' title='bbox 2897 1472 3184 1544; x_wconf 90' lang='lat' dir='ltr'>scriptum</span> <span class='ocrx_word' id='word_1_208' title='bbox 3216 1477 3323 1541; x_wconf 88' lang='lat' dir='ltr'>est,</span> <span class='ocrx_word' id='word_1_209' title='bbox 3358 1497 3385 1522; x_wconf 84' lang='lat'><strong>«</strong></span> <span class='ocrx_word' id='word_1_210' title='bbox 3409 1473 3558 1528; x_wconf 85' lang='lat' dir='ltr'>Mala</span> <span class='ocrx_word' id='word_1_211' title='bbox 3591 1490 3714 1545; x_wconf 91' lang='lat' dir='ltr'>pro-</span> 
     </span>
    </p>
   </div>
   <div class='ocr_carea' id='block_1_31' title="bbox 2057 1561 3714 1634">
    <p class='ocr_par' dir='ltr' id='par_1_31' title="bbox 2057 1561 3714 1634">
     <span class='ocr_line' id='line_1_31' title="bbox 2057 1561 3714 1634; baseline 0.001 -18"><span class='ocrx_word' id='word_1_212' title='bbox 2057 1561 2142 1618; x_wconf 89' lang='lat' dir='ltr'>les</span> <span class='ocrx_word' id='word_1_213' title='bbox 2191 1566 2414 1634; x_wconf 85' lang='lat' dir='ltr'>patrem</span> <span class='ocrx_word' id='word_1_214' title='bbox 2474 1563 2891 1630; x_wconf 65' lang='lat' dir='ltr'>exsecratur’“,</span> <span class='ocrx_word' id='word_1_215' title='bbox 2927 1585 2954 1610; x_wconf 90' lang='grc'>››</span> <span class='ocrx_word' id='word_1_216' title='bbox 3005 1562 3208 1617; x_wconf 86' lang='lat' dir='ltr'>audire</span> <span class='ocrx_word' id='word_1_217' title='bbox 3259 1567 3549 1631; x_wconf 89' lang='lat' dir='ltr'>metuunt,</span> <span class='ocrx_word' id='word_1_218' title='bbox 3599 1580 3714 1618; x_wconf 93' lang='lat' dir='ltr'>non</span> 
     </span>
    </p>
   </div>
   <div class='ocr_carea' id='block_1_32' title="bbox 2060 1650 3716 1724">
    <p class='ocr_par' dir='ltr' id='par_1_32' title="bbox 2060 1650 3716 1724">
     <span class='ocr_line' id='line_1_32' title="bbox 2060 1650 3716 1724; baseline 0.002 -19"><span class='ocrx_word' id='word_1_219' title='bbox 2060 1650 2252 1706; x_wconf 88' lang='lat' dir='ltr'>minas</span> <span class='ocrx_word' id='word_1_220' title='bbox 2282 1651 2591 1706; x_wconf 89' lang='lat' dir='ltr'>adversum</span> <span class='ocrx_word' id='word_1_221' title='bbox 2623 1651 2911 1722; x_wconf 90' lang='lat' dir='ltr'>ejusmodi</span> <span class='ocrx_word' id='word_1_222' title='bbox 2938 1651 3206 1706; x_wconf 85' lang='lat' dir='ltr'>homines</span> <span class='ocrx_word' id='word_1_223' title='bbox 3234 1651 3292 1706; x_wconf 91' lang='lat' dir='ltr'>in</span> <span class='ocrx_word' id='word_1_224' title='bbox 3317 1651 3716 1724; x_wconf 64' lang='lat' dir='ltr'>legeposftas.</span> 
     </span>
    </p>
   </div>
   <div class='ocr_carea' id='block_1_33' title="bbox 2060 1739 3720 1811">
    <p class='ocr_par' dir='ltr' id='par_1_33' title="bbox 2060 1739 3720 1811">
     <span class='ocr_line' id='line_1_33' title="bbox 2060 1739 3720 1811; baseline 0.001 -16"><span class='ocrx_word' id='word_1_225' title='bbox 2060 1740 2142 1795; x_wconf 92' lang='lat' dir='ltr'>Ob</span> <span class='ocrx_word' id='word_1_226' title='bbox 2175 1756 2349 1794; x_wconf 91' lang='lat' dir='ltr'>suum</span> <span class='ocrx_word' id='word_1_227' title='bbox 2385 1739 2582 1810; x_wconf 88' lang='lat' dir='ltr'>itaque</span> <span class='ocrx_word' id='word_1_228' title='bbox 2615 1756 2717 1811; x_wconf 93' lang='lat' dir='ltr'>pro</span> <span class='ocrx_word' id='word_1_229' title='bbox 2748 1739 2954 1794; x_wconf 65' lang='lat' dir='ltr'>haeresi</span> <span class='ocrx_word' id='word_1_230' title='bbox 2989 1740 3277 1806; x_wconf 87' lang='lat' dir='ltr'>studium,</span> <span class='ocrx_word' id='word_1_231' title='bbox 3311 1739 3392 1794; x_wconf 89' lang='lat' dir='ltr'>ita</span> <span class='ocrx_word' id='word_1_232' title='bbox 3423 1740 3720 1811; x_wconf 84' lang='lat' dir='ltr'>pertinace</span> 
     </span>
    </p>
   </div>
   <div class='ocr_carea' id='block_1_34' title="bbox 2060 1826 3720 1894">
    <p class='ocr_par' dir='ltr' id='par_1_34' title="bbox 2060 1826 3720 1894">
     <span class='ocr_line' id='line_1_34' title="bbox 2060 1826 3720 1894; baseline 0.001 -13"><span class='ocrx_word' id='word_1_233' title='bbox 2060 1832 2197 1883; x_wconf 90' lang='lat' dir='ltr'>sunt</span> <span class='ocrx_word' id='word_1_234' title='bbox 2231 1827 2448 1881; x_wconf 88' lang='lat' dir='ltr'>animo.</span> <span class='ocrx_word' id='word_1_235' title='bbox 2485 1831 2556 1880; x_wconf 86' lang='lat' dir='ltr'>At</span> <span class='ocrx_word' id='word_1_236' title='bbox 2587 1844 2687 1882; x_wconf 85' lang='lat' dir='ltr'>vos</span> <span class='ocrx_word' id='word_1_237' title='bbox 2721 1844 2791 1880; x_wconf 91' lang='lat' dir='ltr'>ne</span> <span class='ocrx_word' id='word_1_238' title='bbox 2821 1827 2948 1881; x_wconf 90' lang='lat' dir='ltr'>ideo</span> <span class='ocrx_word' id='word_1_239' title='bbox 2991 1826 3332 1894; x_wconf 84' lang='lat' dir='ltr'>turbem&#39;ini,</span> <span class='ocrx_word' id='word_1_240' title='bbox 3368 1843 3508 1882; x_wconf 91' lang='lat' dir='ltr'>neve</span> <span class='ocrx_word' id='word_1_241' title='bbox 3539 1829 3720 1883; x_wconf 87' lang='lat' dir='ltr'>auda-</span> 
     </span>
    </p>
   </div>
   <div class='ocr_carea' id='block_1_35' title="bbox 296 1914 1961 2018">
    <p class='ocr_par' dir='ltr' id='par_1_35' title="bbox 296 1914 1951 2000">
     <span class='ocr_line' id='line_1_35' title="bbox 296 1914 1951 2000; baseline -0.003 -26"><span class='ocrx_word' id='word_1_242' title='bbox 296 1921 607 2000; x_wconf 74' lang='grc' dir='ltr'>φιλόνεικον</span> <span class='ocrx_word' id='word_1_243' title='bbox 644 1918 909 1993; x_wconf 74' lang='grc' dir='ltr'>ἐσχήκασι</span> <span class='ocrx_word' id='word_1_244' title='bbox 941 1919 1027 1972; x_wconf 84' lang='grc' dir='ltr'>καὶ</span> <span class='ocrx_word' id='word_1_245' title='bbox 1065 1919 1124 1972; x_wconf 89' lang='grc' dir='ltr'>τὸ</span> <span class='ocrx_word' id='word_1_246' title='bbox 1157 1917 1433 1995; x_wconf 76' lang='grc' dir='ltr'>φρόνημα·</span> <span class='ocrx_word' id='word_1_247' title='bbox 1472 1918 1627 1990; x_wconf 84' lang='grc' dir='ltr'>ὑμεῖς</span> <span class='ocrx_word' id='word_1_248' title='bbox 1661 1914 1717 1970; x_wconf 75' lang='grc' dir='ltr'>δὲ</span> <span class='ocrx_word' id='word_1_249' title='bbox 1753 1918 1827 1990; x_wconf 77' lang='grc' dir='ltr'>μή</span> <span class='ocrx_word' id='word_1_250' title='bbox 1863 1914 1951 1970; x_wconf 78' lang='grc' dir='ltr'>διὰ</span> 
     </span>
    </p>
   </div>
   <div class='ocr_carea' id='block_1_36' title="bbox 2082 1914 3723 2018">
    <p class='ocr_par' dir='ltr' id='par_1_36' title="bbox 2082 1915 3723 1988">
     <span class='ocr_line' id='line_1_36' title="bbox 2082 1915 3723 1988; baseline 0.002 -20"><span class='ocrx_word' id='word_1_251' title='bbox 2082 1915 2210 1969; x_wconf 79' lang='lat' dir='ltr'>:iam</span> <span class='ocrx_word' id='word_1_252' title='bbox 2247 1932 2448 1969; x_wconf 83' lang='lat' dir='ltr'>eorum</span> <span class='ocrx_word' id='word_1_253' title='bbox 2483 1932 2586 1986; x_wconf 88' lang='lat' dir='ltr'>pro</span> <span class='ocrx_word' id='word_1_254' title='bbox 2611 1915 2850 1970; x_wconf 87' lang='lat' dir='ltr'>veritate</span> <span class='ocrx_word' id='word_1_255' title='bbox 2873 1915 3158 1970; x_wconf 88' lang='lat' dir='ltr'>habeatis.</span> <span class='ocrx_word' id='word_1_256' title='bbox 3185 1916 3412 1972; x_wconf 88' lang='lat' dir='ltr'>Etenim</span> <span class='ocrx_word' id='word_1_257' title='bbox 3434 1917 3545 1988; x_wconf 90' lang='lat' dir='ltr'>ipsi</span> <span class='ocrx_word' id='word_1_258' title='bbox 3570 1917 3723 1973; x_wconf 89' lang='lat' dir='ltr'>inter</span> 
     </span>
    </p>
   </div>
   <div class='ocr_carea' id='block_1_37' title="bbox 296 2003 1954 2084">
    <p class='ocr_par' dir='ltr' id='par_1_37' title="bbox 296 2003 1954 2084">
     <span class='ocr_line' id='line_1_37' title="bbox 296 2003 1954 2084; baseline -0.005 -18"><span class='ocrx_word' id='word_1_259' title='bbox 296 2014 460 2066; x_wconf 78' lang='grc' dir='ltr'>τοῦτο</span> <span class='ocrx_word' id='word_1_260' title='bbox 492 2009 824 2084; x_wconf 81' lang='grc' dir='ltr'>ταραχθῆτε,</span> <span class='ocrx_word' id='word_1_261' title='bbox 862 2005 1002 2080; x_wconf 78' lang='grc' dir='ltr'>μηδὲ</span> <span class='ocrx_word' id='word_1_262' title='bbox 1031 2005 1128 2074; x_wconf 72' lang='grc' dir='ltr'>τὴν</span> <span class='ocrx_word' id='word_1_263' title='bbox 1179 2005 1395 2060; x_wconf 83' lang='grc' dir='ltr'>ἐκείνων</span> <span class='ocrx_word' id='word_1_264' title='bbox 1449 2004 1663 2079; x_wconf 88' lang='grc' dir='ltr'>τόλμαν</span> <span class='ocrx_word' id='word_1_265' title='bbox 1696 2003 1954 2074; x_wconf 77' lang='grc' dir='ltr'>ἀλήθειαν</span> 
     </span>
    </p>
   </div>
   <div class='ocr_carea' id='block_1_38' title="bbox 299 2090 1955 2171">
    <p class='ocr_par' dir='ltr' id='par_1_38' title="bbox 299 2090 1955 2171">
     <span class='ocr_line' id='line_1_38' title="bbox 299 2090 1955 2171; baseline -0.004 -21"><span class='ocrx_word' id='word_1_266' title='bbox 299 2095 744 2171; x_wconf 64' lang='grc' dir='ltr'>ἡγήσησθεῌΟ).</span> <span class='ocrx_word' id='word_1_267' title='bbox 780 2092 882 2150; x_wconf 88' lang='grc' dir='ltr'>Καὶ</span> <span class='ocrx_word' id='word_1_268' title='bbox 932 2092 1032 2167; x_wconf 77' lang='grc' dir='ltr'>γὰρ</span> <span class='ocrx_word' id='word_1_269' title='bbox 1087 2091 1174 2146; x_wconf 84' lang='grc' dir='ltr'>καὶ</span> <span class='ocrx_word' id='word_1_270' title='bbox 1226 2092 1361 2166; x_wconf 85' lang='grc' dir='ltr'>πρὸς</span> <span class='ocrx_word' id='word_1_271' title='bbox 1411 2092 1630 2152; x_wconf 72' lang='grc' dir='ltr'>ἑαυτοὺς</span> <span class='ocrx_word' id='word_1_272' title='bbox 1677 2090 1955 2145; x_wconf 81' lang='grc' dir='ltr'>ἀνθίσταν-</span> 
     </span>
    </p>
   </div>
   <div class='ocr_carea' id='block_1_39' title="bbox 297 2177 1952 2256">
    <p class='ocr_par' dir='ltr' id='par_1_39' title="bbox 297 2177 1952 2256">
     <span class='ocr_line' id='line_1_39' title="bbox 297 2177 1952 2256; baseline -0.004 -16"><span class='ocrx_word' id='word_1_273' title='bbox 297 2206 412 2252; x_wconf 88' lang='grc' dir='ltr'>ται,</span> <span class='ocrx_word' id='word_1_274' title='bbox 441 2183 531 2238; x_wconf 80' lang='grc' dir='ltr'>καὶ</span> <span class='ocrx_word' id='word_1_275' title='bbox 580 2187 686 2236; x_wconf 90' lang='grc' dir='ltr'>τῶν</span> <span class='ocrx_word' id='word_1_276' title='bbox 738 2179 988 2256; x_wconf 87' lang='grc' dir='ltr'>Πατέρων</span> <span class='ocrx_word' id='word_1_277' title='bbox 1039 2179 1389 2250; x_wconf 79' lang='grc' dir='ltr'>ἀποστάντες,</span> <span class='ocrx_word' id='word_1_278' title='bbox 1435 2179 1558 2253; x_wconf 90' lang='grc' dir='ltr'>μίαν</span> <span class='ocrx_word' id='word_1_279' title='bbox 1614 2181 1712 2235; x_wconf 75' lang='grc' dir='ltr'>οὒκ</span> <span class='ocrx_word' id='word_1_280' title='bbox 1764 2177 1952 2256; x_wconf 83' lang='grc' dir='ltr'>ἔχουσι</span> 
     </span>
    </p>
   </div>
   <div class='ocr_carea' id='block_1_40' title="bbox 298 2267 1958 2349">
    <p class='ocr_par' dir='ltr' id='par_1_40' title="bbox 298 2267 1958 2349">
     <span class='ocr_line' id='line_1_40' title="bbox 298 2267 1958 2349; baseline -0.003 -21"><span class='ocrx_word' id='word_1_281' title='bbox 298 2274 398 2343; x_wconf 80' lang='grc' dir='ltr'>τήν</span> <span class='ocrx_word' id='word_1_282' title='bbox 429 2273 677 2349; x_wconf 82' lang='grc' dir='ltr'>γνώμην,</span> <span class='ocrx_word' id='word_1_283' title='bbox 725 2269 871 2325; x_wconf 84' lang='grc' dir='ltr'>ἀλλὰ</span> <span class='ocrx_word' id='word_1_284' title='bbox 917 2268 1199 2333; x_wconf 86' lang='grc' dir='ltr'>ποικίλαις</span> <span class='ocrx_word' id='word_1_285' title='bbox 1227 2270 1313 2324; x_wconf 84' lang='grc' dir='ltr'>καὶ</span> <span class='ocrx_word' id='word_1_286' title='bbox 1364 2267 1644 2348; x_wconf 80' lang='grc' dir='ltr'>διαφόροις</span> <span class='ocrx_word' id='word_1_287' title='bbox 1693 2271 1958 2344; x_wconf 79' lang='grc' dir='ltr'>νήχονται</span> 
     </span>
    </p>
   </div>
   <div class='ocr_carea' id='block_1_41' title="bbox 307 2356 1955 2437">
    <p class='ocr_par' dir='ltr' id='par_1_41' title="bbox 307 2356 1955 2437">
     <span class='ocr_line' id='line_1_41' title="bbox 307 2356 1955 2437; baseline -0.004 -20"><span class='ocrx_word' id='word_1_288' title='bbox 307 2357 660 2437; x_wconf 83' lang='grc' dir='ltr'>μεταϐολαῖς·</span> <span class='ocrx_word' id='word_1_289' title='bbox 689 2361 775 2414; x_wconf 83' lang='grc' dir='ltr'>καὶ</span> <span class='ocrx_word' id='word_1_290' title='bbox 825 2357 961 2433; x_wconf 84' lang='grc' dir='ltr'>πρὸς</span> <span class='ocrx_word' id='word_1_291' title='bbox 1005 2359 1104 2427; x_wconf 76' lang='grc' dir='ltr'>τὴν</span> <span class='ocrx_word' id='word_1_292' title='bbox 1157 2357 1210 2413; x_wconf 72' lang='grc' dir='ltr'>ἐν</span> <span class='ocrx_word' id='word_1_293' title='bbox 1255 2357 1454 2431; x_wconf 79' lang='grc' dir='ltr'>Νικαίᾳ</span> <span class='ocrx_word' id='word_1_294' title='bbox 1485 2356 1707 2413; x_wconf 78' lang='grc' dir='ltr'>σύνοδον</span> <span class='ocrx_word' id='word_1_295' title='bbox 1751 2359 1955 2432; x_wconf 82' lang='grc' dir='ltr'>ἐρίζον-</span> 
     </span>
    </p>
   </div>
   <div class='ocr_carea' id='block_1_42' title="bbox 299 2445 1959 2522">
    <p class='ocr_par' dir='ltr' id='par_1_42' title="bbox 299 2445 1959 2522">
     <span class='ocr_line' id='line_1_42' title="bbox 299 2445 1959 2522; baseline -0.002 -16"><span class='ocrx_word' id='word_1_296' title='bbox 299 2472 416 2519; x_wconf 85' lang='grc' dir='ltr'>τες,</span> <span class='ocrx_word' id='word_1_297' title='bbox 449 2449 662 2510; x_wconf 77' lang='grc' dir='ltr'>πολλὰς</span> <span class='ocrx_word' id='word_1_298' title='bbox 698 2448 790 2522; x_wconf 73' lang='grc' dir='ltr'>μὶν</span> <span class='ocrx_word' id='word_1_299' title='bbox 826 2445 1083 2509; x_wconf 85' lang='grc' dir='ltr'>συνόδους</span> <span class='ocrx_word' id='word_1_300' title='bbox 1135 2449 1466 2518; x_wconf 76' lang='grc' dir='ltr'>πεποιήκασι</span> <span class='ocrx_word' id='word_1_301' title='bbox 1512 2446 1598 2501; x_wconf 62' lang='grc' dir='ltr'><strong>καῖ</strong></span> <span class='ocrx_word' id='word_1_302' title='bbox 1632 2446 1808 2517; x_wconf 81' lang='grc' dir='ltr'>αύτοῖ,</span> <span class='ocrx_word' id='word_1_303' title='bbox 1839 2449 1959 2512; x_wconf 79' lang='grc' dir='ltr'>καθ’</span> 
     </span>
    </p>
   </div>
   <div class='ocr_carea' id='block_1_43' title="bbox 315 2532 1963 2609">
    <p class='ocr_par' dir='ltr' id='par_1_43' title="bbox 315 2532 1963 2609">
     <span class='ocr_line' id='line_1_43' title="bbox 315 2532 1963 2609; baseline -0.002 -15"><span class='ocrx_word' id='word_1_304' title='bbox 315 2539 538 2609; x_wconf 80' lang='grc' dir='ltr'>ἑκάστην</span> <span class='ocrx_word' id='word_1_305' title='bbox 590 2535 648 2592; x_wconf 69' lang='grc' dir='ltr'>δὲ</span> <span class='ocrx_word' id='word_1_306' title='bbox 695 2536 872 2591; x_wconf 84' lang='grc' dir='ltr'>πίστιν</span> <span class='ocrx_word' id='word_1_307' title='bbox 925 2535 1297 2609; x_wconf 72' lang='grc' dir='ltr'>ἐκτιθέμενοι,</span> <span class='ocrx_word' id='word_1_308' title='bbox 1344 2534 1395 2590; x_wconf 80' lang='grc' dir='ltr'>έν</span> <span class='ocrx_word' id='word_1_309' title='bbox 1442 2532 1670 2608; x_wconf 80' lang='grc' dir='ltr'>οὐδεμιᾷ</span> <span class='ocrx_word' id='word_1_310' title='bbox 1729 2538 1963 2609; x_wconf 69' lang='grc' dir='ltr'>μεμενή-</span> 
     </span>
    </p>
   </div>
   <div class='ocr_carea' id='block_1_44' title="bbox 312 2622 1962 2700">
    <p class='ocr_par' dir='ltr' id='par_1_44' title="bbox 312 2622 1962 2700">
     <span class='ocr_line' id='line_1_44' title="bbox 312 2622 1962 2700; baseline -0.002 -18"><span class='ocrx_word' id='word_1_311' title='bbox 312 2646 484 2683; x_wconf 87' lang='grc' dir='ltr'>κασιν⁶</span> <span class='ocrx_word' id='word_1_312' title='bbox 533 2625 679 2685; x_wconf 78' lang='grc' dir='ltr'>ἀλλά</span> <span class='ocrx_word' id='word_1_313' title='bbox 730 2627 819 2680; x_wconf 88' lang='grc' dir='ltr'>καὶ</span> <span class='ocrx_word' id='word_1_314' title='bbox 873 2625 932 2680; x_wconf 83' lang='grc' dir='ltr'>οὐ</span> <span class='ocrx_word' id='word_1_315' title='bbox 972 2624 1266 2680; x_wconf 86' lang='grc' dir='ltr'>παύσονταί</span> <span class='ocrx_word' id='word_1_316' title='bbox 1315 2645 1378 2700; x_wconf 93' lang='grc' dir='ltr'>γε</span> <span class='ocrx_word' id='word_1_317' title='bbox 1409 2625 1490 2679; x_wconf 84' lang='grc' dir='ltr'>ἀεὶ</span> <span class='ocrx_word' id='word_1_318' title='bbox 1539 2629 1700 2680; x_wconf 79' lang='grc' dir='ltr'>τοῦτο</span> <span class='ocrx_word' id='word_1_319' title='bbox 1738 2622 1962 2679; x_wconf 76' lang='grc' dir='ltr'>ποιοῦν-</span> 
     </span>
    </p>
   </div>
   <div class='ocr_carea' id='block_1_45' title="bbox 311 2711 1962 2789">
    <p class='ocr_par' dir='ltr' id='par_1_45' title="bbox 311 2711 1962 2789">
     <span class='ocr_line' id='line_1_45' title="bbox 311 2711 1962 2789; baseline -0.003 -17"><span class='ocrx_word' id='word_1_320' title='bbox 311 2737 421 2788; x_wconf 86' lang='grc' dir='ltr'>τες,</span> <span class='ocrx_word' id='word_1_321' title='bbox 454 2715 558 2787; x_wconf 77' lang='grc' dir='ltr'>ὅτι,</span> <span class='ocrx_word' id='word_1_322' title='bbox 589 2719 771 2778; x_wconf 88' lang='grc' dir='ltr'>κακῶς</span> <span class='ocrx_word' id='word_1_323' title='bbox 821 2718 1128 2784; x_wconf 76' lang='grc' dir='ltr'>ζητοῦντες,</span> <span class='ocrx_word' id='word_1_324' title='bbox 1175 2712 1282 2789; x_wconf 81' lang='grc' dir='ltr'>οὐχ</span> <span class='ocrx_word' id='word_1_325' title='bbox 1321 2712 1638 2787; x_wconf 74' lang='grc' dir='ltr'>εὑρήσουσιν</span> <span class='ocrx_word' id='word_1_326' title='bbox 1671 2715 1735 2783; x_wconf 81' lang='grc' dir='ltr'>ἦν</span> <span class='ocrx_word' id='word_1_327' title='bbox 1770 2711 1962 2786; x_wconf 80' lang='grc' dir='ltr'>ἐμίση-</span> 
     </span>
    </p>
   </div>
   <div class='ocr_carea' id='block_1_46' title="bbox 313 2801 1963 2883">
    <p class='ocr_par' dir='ltr' id='par_1_46' title="bbox 313 2801 1963 2883">
     <span class='ocr_line' id='line_1_46' title="bbox 313 2801 1963 2883; baseline -0.002 -23"><span class='ocrx_word' id='word_1_328' title='bbox 313 2827 406 2860; x_wconf 86' lang='grc' dir='ltr'>σαν</span> <span class='ocrx_word' id='word_1_329' title='bbox 459 2804 650 2883; x_wconf 82' lang='grc' dir='ltr'>σοφίαν</span> <span class='ocrx_word' id='word_1_330' title='bbox 677 2849 690 2863; x_wconf 89' lang='grc'><strong>.</strong></span> <span class='ocrx_word' id='word_1_331' title='bbox 737 2804 997 2874; x_wconf 80' lang='grc' dir='ltr'>Ὑπέταξα</span> <span class='ocrx_word' id='word_1_332' title='bbox 1041 2803 1218 2858; x_wconf 89' lang='grc' dir='ltr'>τοίνυν</span> <span class='ocrx_word' id='word_1_333' title='bbox 1269 2802 1568 2876; x_wconf 84' lang='grc' dir='ltr'>ἀναγκαίως</span> <span class='ocrx_word' id='word_1_334' title='bbox 1611 2803 1715 2857; x_wconf 82' lang='grc' dir='ltr'>ἀπὸ</span> <span class='ocrx_word' id='word_1_335' title='bbox 1769 2801 1963 2877; x_wconf 88' lang='grc' dir='ltr'>μέρους</span> 
     </span>
    </p>
   </div>
   <div class='ocr_carea' id='block_1_47' title="bbox 310 2891 1964 2971">
    <p class='ocr_par' dir='ltr' id='par_1_47' title="bbox 310 2891 1964 2971">
     <span class='ocr_line' id='line_1_47' title="bbox 310 2891 1964 2971; baseline -0.004 -20"><span class='ocrx_word' id='word_1_336' title='bbox 310 2897 378 2951; x_wconf 75' lang='grc' dir='ltr'>τὰ</span> <span class='ocrx_word' id='word_1_337' title='bbox 424 2916 484 2952; x_wconf 87' lang='grc' dir='ltr'>τε</span> <span class='ocrx_word' id='word_1_338' title='bbox 538 2895 685 2971; x_wconf 85' lang='grc' dir='ltr'>παρᾶ</span> <span class='ocrx_word' id='word_1_339' title='bbox 741 2893 954 2968; x_wconf 84' lang='grc' dir='ltr'>Ἀρείου</span> <span class='ocrx_word' id='word_1_340' title='bbox 1012 2891 1300 2970; x_wconf 74' lang='grc' dir='ltr'>γραφέντα,</span> <span class='ocrx_word' id='word_1_341' title='bbox 1358 2894 1447 2946; x_wconf 82' lang='grc' dir='ltr'><strong>καί</strong></span> <span class='ocrx_word' id='word_1_342' title='bbox 1499 2893 1597 2946; x_wconf 81' lang='grc' dir='ltr'>ὅσα</span> <span class='ocrx_word' id='word_1_343' title='bbox 1648 2896 1964 2967; x_wconf 88' lang='grc' dir='ltr'>συναγαγεῖν</span> 
     </span>
    </p>
   </div>
   <div class='ocr_carea' id='block_1_48' title="bbox 313 2977 1958 3059">
    <p class='ocr_par' dir='ltr' id='par_1_48' title="bbox 313 2977 1958 3059">
     <span class='ocr_line' id='line_1_48' title="bbox 313 2977 1958 3059; baseline -0.004 -20"><span class='ocrx_word' id='word_1_344' title='bbox 313 2983 614 3055; x_wconf 76' lang='grc' dir='ltr'>ἠδυνήθην,</span> <span class='ocrx_word' id='word_1_345' title='bbox 653 2981 727 3037; x_wconf 82' lang='grc' dir='ltr'>ὧν</span> <span class='ocrx_word' id='word_1_346' title='bbox 782 2982 833 3036; x_wconf 75' lang='grc' dir='ltr'>ἐν</span> <span class='ocrx_word' id='word_1_347' title='bbox 881 2978 1162 3059; x_wconf 75' lang='grc' dir='ltr'>διαφόροις</span> <span class='ocrx_word' id='word_1_348' title='bbox 1209 2981 1360 3034; x_wconf 81' lang='grc' dir='ltr'>οὗτοι</span> <span class='ocrx_word' id='word_1_349' title='bbox 1411 2977 1656 3042; x_wconf 87' lang='grc' dir='ltr'>συνόδοις</span> <span class='ocrx_word' id='word_1_350' title='bbox 1701 2980 1958 3052; x_wconf 76' lang='grc' dir='ltr'>ἐξέθεντο·</span> 
     </span>
    </p>
   </div>
   <div class='ocr_carea' id='block_1_49' title="bbox 309 3065 1960 3149">
    <p class='ocr_par' dir='ltr' id='par_1_49' title="bbox 309 3065 1960 3149">
     <span class='ocr_line' id='line_1_49' title="bbox 309 3065 1960 3149; baseline -0.004 -21"><span class='ocrx_word' id='word_1_351' title='bbox 309 3072 403 3128; x_wconf 72' lang='grc' dir='ltr'>⁹ίνα</span> <span class='ocrx_word' id='word_1_352' title='bbox 449 3077 621 3149; x_wconf 87' lang='grc' dir='ltr'>γνῶτε</span> <span class='ocrx_word' id='word_1_353' title='bbox 650 3071 741 3125; x_wconf 84' lang='grc' dir='ltr'>καὶ</span> <span class='ocrx_word' id='word_1_354' title='bbox 791 3071 1125 3144; x_wconf 77' lang='grc' dir='ltr'>θαυμάσητε,</span> <span class='ocrx_word' id='word_1_355' title='bbox 1174 3069 1320 3130; x_wconf 89' lang='grc' dir='ltr'>τίνος</span> <span class='ocrx_word' id='word_1_356' title='bbox 1369 3065 1540 3137; x_wconf 71' lang='grc' dir='ltr'>ἕνεκα,</span> <span class='ocrx_word' id='word_1_357' title='bbox 1592 3070 1726 3145; x_wconf 88' lang='grc' dir='ltr'>πρὸς</span> <span class='ocrx_word' id='word_1_358' title='bbox 1776 3067 1960 3123; x_wconf 76' lang='grc' dir='ltr'>οἰκου-</span> 
     </span>
    </p>
   </div>
   <div class='ocr_carea' id='block_1_50' title="bbox 324 3156 1963 3236">
    <p class='ocr_par' dir='ltr' id='par_1_50' title="bbox 324 3156 1963 3236">
     <span class='ocr_line' id='line_1_50' title="bbox 324 3156 1963 3236; baseline -0.002 -20"><span class='ocrx_word' id='word_1_359' title='bbox 324 3163 548 3236; x_wconf 73' lang='grc' dir='ltr'>μενικὴν</span> <span class='ocrx_word' id='word_1_360' title='bbox 581 3158 830 3230; x_wconf 75' lang='grc' dir='ltr'>σύνοδον,</span> <span class='ocrx_word' id='word_1_361' title='bbox 860 3159 950 3214; x_wconf 85' lang='grc' dir='ltr'>καὶ</span> <span class='ocrx_word' id='word_1_362' title='bbox 981 3158 1118 3234; x_wconf 89' lang='grc' dir='ltr'>πρὸς</span> <span class='ocrx_word' id='word_1_363' title='bbox 1169 3156 1294 3220; x_wconf 79' lang='grc' dir='ltr'>τοὺς</span> <span class='ocrx_word' id='word_1_364' title='bbox 1346 3158 1545 3212; x_wconf 74' lang='grc' dir='ltr'>ἑαυτῶν</span> <span class='ocrx_word' id='word_1_365' title='bbox 1596 3159 1840 3232; x_wconf 87' lang='grc' dir='ltr'>ΙΙατέρας</span> <span class='ocrx_word' id='word_1_366' title='bbox 1871 3180 1963 3236; x_wconf 80' lang='grc' dir='ltr'>φι-</span> 
     </span>
    </p>
   </div>
   <div class='ocr_carea' id='block_1_51' title="bbox 318 3244 1963 3322">
    <p class='ocr_par' dir='ltr' id='par_1_51' title="bbox 318 3244 1963 3322">
     <span class='ocr_line' id='line_1_51' title="bbox 318 3244 1963 3322; baseline -0.002 -17"><span class='ocrx_word' id='word_1_367' title='bbox 318 3249 708 3320; x_wconf 74' lang='grc' dir='ltr'>λονεικοῦντες,</span> <span class='ocrx_word' id='word_1_368' title='bbox 743 3249 805 3303; x_wconf 85' lang='grc' dir='ltr'>ού</span> <span class='ocrx_word' id='word_1_369' title='bbox 835 3244 1210 3303; x_wconf 86' lang='grc' dir='ltr'>καταδύονται.</span> <span class='ocrx_word' id='word_1_370' title='bbox 1239 3249 1455 3322; x_wconf 74' lang='grc' dir='ltr'>’Ἄρειος</span> <span class='ocrx_word' id='word_1_371' title='bbox 1485 3247 1573 3301; x_wconf 81' lang='grc' dir='ltr'>καὶ</span> <span class='ocrx_word' id='word_1_372' title='bbox 1605 3248 1656 3301; x_wconf 76' lang='grc' dir='ltr'>οἱ</span> <span class='ocrx_word' id='word_1_373' title='bbox 1689 3247 1780 3301; x_wconf 81' lang='grc' dir='ltr'>σὺν</span> <span class='ocrx_word' id='word_1_374' title='bbox 1816 3247 1963 3320; x_wconf 83' lang='grc' dir='ltr'>αύτῷ</span> 
     </span>
    </p>
   </div>
   <div class='ocr_carea' id='block_1_52' title="bbox 2067 2004 3719 2074">
    <p class='ocr_par' dir='ltr' id='par_1_52' title="bbox 2067 2004 3719 2074">
     <span class='ocr_line' id='line_1_52' title="bbox 2067 2004 3719 2074; baseline 0.001 -15"><span class='ocrx_word' id='word_1_375' title='bbox 2067 2021 2128 2059; x_wconf 91' lang='lat' dir='ltr'>se</span> <span class='ocrx_word' id='word_1_376' title='bbox 2161 2009 2364 2059; x_wconf 88' lang='lat' dir='ltr'>mutuo</span> <span class='ocrx_word' id='word_1_377' title='bbox 2409 2004 2715 2071; x_wconf 89' lang='lat' dir='ltr'>dissident,</span> <span class='ocrx_word' id='word_1_378' title='bbox 2747 2010 2805 2059; x_wconf 89' lang='lat' dir='ltr'>et</span> <span class='ocrx_word' id='word_1_379' title='bbox 2835 2021 2968 2059; x_wconf 92' lang='lat' dir='ltr'>cum</span> <span class='ocrx_word' id='word_1_380' title='bbox 3015 2021 3048 2060; x_wconf 91' lang='lat' dir='ltr'>a</span> <span class='ocrx_word' id='word_1_381' title='bbox 3081 2005 3347 2060; x_wconf 89' lang='lat' dir='ltr'>Patribus</span> <span class='ocrx_word' id='word_1_382' title='bbox 3379 2007 3719 2074; x_wconf 83' lang='lat' dir='ltr'>defecerint,</span> 
     </span>
    </p>
   </div>
   <div class='ocr_carea' id='block_1_53' title="bbox 2067 2094 3723 2165">
    <p class='ocr_par' dir='ltr' id='par_1_53' title="bbox 2067 2094 3723 2165">
     <span class='ocr_line' id='line_1_53' title="bbox 2067 2094 3723 2165; baseline 0 -15"><span class='ocrx_word' id='word_1_383' title='bbox 2067 2109 2440 2165; x_wconf 86' lang='lat' dir='ltr'>nequaquam</span> <span class='ocrx_word' id='word_1_384' title='bbox 2475 2110 2593 2149; x_wconf 85' lang='lat' dir='ltr'>una</span> <span class='ocrx_word' id='word_1_385' title='bbox 2622 2094 2941 2164; x_wconf 88' lang='lat' dir='ltr'>eademque</span> <span class='ocrx_word' id='word_1_386' title='bbox 2985 2102 3119 2149; x_wconf 90' lang='lat' dir='ltr'>sunl</span> <span class='ocrx_word' id='word_1_387' title='bbox 3147 2099 3369 2162; x_wconf 88' lang='lat' dir='ltr'>mente;</span> <span class='ocrx_word' id='word_1_388' title='bbox 3412 2096 3511 2150; x_wconf 91' lang='lat' dir='ltr'>sed</span> <span class='ocrx_word' id='word_1_389' title='bbox 3546 2095 3723 2150; x_wconf 91' lang='lat' dir='ltr'>variis</span> 
     </span>
    </p>
   </div>
   <div class='ocr_carea' id='block_1_54' title="bbox 2067 2182 3724 2255">
    <p class='ocr_par' dir='ltr' id='par_1_54' title="bbox 2067 2182 3724 2255">
     <span class='ocr_line' id='line_1_54' title="bbox 2067 2182 3724 2255; baseline 0.001 -17"><span class='ocrx_word' id='word_1_390' title='bbox 2067 2184 2434 2255; x_wconf 89' lang='lat' dir='ltr'>diversisque</span> <span class='ocrx_word' id='word_1_391' title='bbox 2478 2183 2783 2239; x_wconf 89' lang='lat' dir='ltr'>sententiis</span> <span class='ocrx_word' id='word_1_392' title='bbox 2835 2184 3159 2238; x_wconf 87' lang='lat' dir='ltr'>ﬂuctuant:</span> <span class='ocrx_word' id='word_1_393' title='bbox 3210 2182 3724 2255; x_wconf 90' lang='lat' dir='ltr'>disceptantesque</span> 
     </span>
    </p>
   </div>
   <div class='ocr_carea' id='block_1_55' title="bbox 2070 2271 3725 2344">
    <p class='ocr_par' dir='ltr' id='par_1_55' title="bbox 2070 2271 3725 2344">
     <span class='ocr_line' id='line_1_55' title="bbox 2070 2271 3725 2344; baseline 0.001 -18"><span class='ocrx_word' id='word_1_394' title='bbox 2070 2273 2347 2328; x_wconf 84' lang='lat' dir='ltr'>adversus</span> <span class='ocrx_word' id='word_1_395' title='bbox 2370 2272 2658 2329; x_wconf 67' lang='lat' dir='ltr'>Nicmnam</span> <span class='ocrx_word' id='word_1_396' title='bbox 2680 2273 2991 2344; x_wconf 82' lang='lat' dir='ltr'>synodum,</span> <span class='ocrx_word' id='word_1_397' title='bbox 3018 2271 3238 2327; x_wconf 65' lang='lat' dir='ltr'>mult-as</span> <span class='ocrx_word' id='word_1_398' title='bbox 3260 2276 3315 2326; x_wconf 89' lang='lat' dir='ltr'>et</span> <span class='ocrx_word' id='word_1_399' title='bbox 3337 2273 3445 2344; x_wconf 90' lang='lat' dir='ltr'>ipsi</span> <span class='ocrx_word' id='word_1_400' title='bbox 3471 2274 3725 2342; x_wconf 87' lang='lat' dir='ltr'>synodos</span> 
     </span>
    </p>
   </div>
   <div class='ocr_carea' id='block_1_56' title="bbox 2069 2359 3730 2434">
    <p class='ocr_par' dir='ltr' id='par_1_56' title="bbox 2069 2359 3730 2434">
     <span class='ocr_line' id='line_1_56' title="bbox 2069 2359 3730 2434; baseline 0.001 -18"><span class='ocrx_word' id='word_1_401' title='bbox 2069 2361 2456 2426; x_wconf 88' lang='lat' dir='ltr'>celebrarunt,</span> <span class='ocrx_word' id='word_1_402' title='bbox 2494 2361 2548 2414; x_wconf 91' lang='lat' dir='ltr'>in</span> <span class='ocrx_word' id='word_1_403' title='bbox 2585 2377 2828 2431; x_wconf 90' lang='lat' dir='ltr'>quarum</span> <span class='ocrx_word' id='word_1_404' title='bbox 2874 2359 3124 2431; x_wconf 86' lang='lat' dir='ltr'>singulis</span> <span class='ocrx_word' id='word_1_405' title='bbox 3181 2377 3312 2415; x_wconf 91' lang='lat' dir='ltr'>cum</span> <span class='ocrx_word' id='word_1_406' title='bbox 3349 2362 3518 2416; x_wconf 80' lang='lat' dir='ltr'>[idem</span> <span class='ocrx_word' id='word_1_407' title='bbox 3553 2378 3730 2434; x_wconf 83' lang='lat' dir='ltr'>expo-</span> 
     </span>
    </p>
   </div>
   <div class='ocr_carea' id='block_1_57' title="bbox 2071 2449 3730 2520">
    <p class='ocr_par' dir='ltr' id='par_1_57' title="bbox 2071 2449 3730 2520">
     <span class='ocr_line' id='line_1_57' title="bbox 2071 2449 3730 2520; baseline 0.001 -15"><span class='ocrx_word' id='word_1_408' title='bbox 2071 2449 2317 2516; x_wconf 89' lang='lat' dir='ltr'>suerint,</span> <span class='ocrx_word' id='word_1_409' title='bbox 2373 2449 2517 2504; x_wconf 88' lang='lat' dir='ltr'>nulli</span> <span class='ocrx_word' id='word_1_410' title='bbox 2569 2455 2766 2505; x_wconf 91' lang='lat' dir='ltr'>tamen</span> <span class='ocrx_word' id='word_1_411' title='bbox 2818 2454 3029 2505; x_wconf 87' lang='lat' dir='ltr'>stetere</span> <span class='ocrx_word' id='word_1_412' title='bbox 3076 2450 3445 2520; x_wconf 84' lang='lat' dir='ltr'>professioni,</span> <span class='ocrx_word' id='word_1_413' title='bbox 3481 2467 3584 2506; x_wconf 92' lang='lat' dir='ltr'>nec</span> <span class='ocrx_word' id='word_1_414' title='bbox 3616 2452 3730 2507; x_wconf 92' lang='lat' dir='ltr'>alio</span> 
     </span>
    </p>
   </div>
   <div class='ocr_carea' id='block_1_58' title="bbox 2072 2539 3728 2613">
    <p class='ocr_par' dir='ltr' id='par_1_58' title="bbox 2072 2539 3728 2613">
     <span class='ocr_line' id='line_1_58' title="bbox 2072 2539 3728 2613; baseline 0.001 -18"><span class='ocrx_word' id='word_1_415' title='bbox 2072 2555 2334 2611; x_wconf 89' lang='lat' dir='ltr'>unquam</span> <span class='ocrx_word' id='word_1_416' title='bbox 2369 2541 2541 2594; x_wconf 93' lang='lat' dir='ltr'>modo</span> <span class='ocrx_word' id='word_1_417' title='bbox 2561 2539 2749 2594; x_wconf 89' lang='lat' dir='ltr'>acturi</span> <span class='ocrx_word' id='word_1_418' title='bbox 2779 2544 2939 2609; x_wconf 87' lang='lat' dir='ltr'>sunt,</span> <span class='ocrx_word' id='word_1_419' title='bbox 2969 2539 3122 2594; x_wconf 88' lang='lat' dir='ltr'>male</span> <span class='ocrx_word' id='word_1_420' title='bbox 3155 2541 3370 2612; x_wconf 89' lang='lat' dir='ltr'>quippe</span> <span class='ocrx_word' id='word_1_421' title='bbox 3392 2544 3728 2613; x_wconf 81' lang='lat' dir='ltr'>quaerendo,</span> 
     </span>
    </p>
   </div>
   <div class='ocr_carea' id='block_1_59' title="bbox 2073 2629 3727 2700">
    <p class='ocr_par' dir='ltr' id='par_1_59' title="bbox 2073 2629 3727 2700">
     <span class='ocr_line' id='line_1_59' title="bbox 2073 2629 3727 2700; baseline 0.002 -16"><span class='ocrx_word' id='word_1_422' title='bbox 2073 2645 2248 2700; x_wconf 89' lang='lat' dir='ltr'>quam</span> <span class='ocrx_word' id='word_1_423' title='bbox 2282 2630 2534 2684; x_wconf 91' lang='lat' dir='ltr'>oderunt</span> <span class='ocrx_word' id='word_1_424' title='bbox 2568 2629 2917 2700; x_wconf 90' lang='lat' dir='ltr'>sapientiam</span> <span class='ocrx_word' id='word_1_425' title='bbox 2938 2645 3242 2700; x_wconf 89' lang='lat' dir='ltr'>nunquam</span> <span class='ocrx_word' id='word_1_426' title='bbox 3265 2630 3582 2686; x_wconf 90' lang='lat' dir='ltr'>invenient.</span> <span class='ocrx_word' id='word_1_427' title='bbox 3604 2633 3727 2687; x_wconf 88' lang='lat' dir='ltr'>Non</span> 
     </span>
    </p>
   </div>
   <div class='ocr_carea' id='block_1_60' title="bbox 2072 2717 3729 2790">
    <p class='ocr_par' dir='ltr' id='par_1_60' title="bbox 2072 2717 3729 2790">
     <span class='ocr_line' id='line_1_60' title="bbox 2072 2717 3729 2790; baseline 0.002 -18"><span class='ocrx_word' id='word_1_428' title='bbox 2072 2718 2144 2772; x_wconf 91' lang='lat' dir='ltr'>ab</span> <span class='ocrx_word' id='word_1_429' title='bbox 2177 2734 2236 2772; x_wconf 91' lang='lat' dir='ltr'>re</span> <span class='ocrx_word' id='word_1_430' title='bbox 2268 2717 2448 2788; x_wconf 75' lang='lat' dir='ltr'>igitur</span> <span class='ocrx_word' id='word_1_431' title='bbox 2491 2717 2749 2788; x_wconf 89' lang='lat' dir='ltr'>aliquam</span> <span class='ocrx_word' id='word_1_432' title='bbox 2780 2718 2898 2772; x_wconf 89' lang='lat' dir='ltr'>Arii</span> <span class='ocrx_word' id='word_1_433' title='bbox 2948 2719 3300 2789; x_wconf 87' lang='lat' dir='ltr'>scriptorum</span> <span class='ocrx_word' id='word_1_434' title='bbox 3335 2725 3557 2790; x_wconf 88' lang='lat' dir='ltr'>partem</span> <span class='ocrx_word' id='word_1_435' title='bbox 3589 2723 3729 2775; x_wconf 86' lang='lat' dir='ltr'>sub-</span> 
     </span>
    </p>
   </div>
   <div class='ocr_carea' id='block_1_61' title="bbox 2072 2806 3727 2882">
    <p class='ocr_par' dir='ltr' id='par_1_61' title="bbox 2072 2806 3727 2882">
     <span class='ocr_line' id='line_1_61' title="bbox 2072 2806 3727 2882; baseline 0.001 -20"><span class='ocrx_word' id='word_1_436' title='bbox 2072 2806 2258 2877; x_wconf 78' lang='lat' dir='ltr'>junxi,</span> <span class='ocrx_word' id='word_1_437' title='bbox 2290 2807 2427 2862; x_wconf 89' lang='lat' dir='ltr'>item</span> <span class='ocrx_word' id='word_1_438' title='bbox 2463 2823 2848 2878; x_wconf 84' lang='lat' dir='ltr'>quascunque</span> <span class='ocrx_word' id='word_1_439' title='bbox 2879 2807 3149 2879; x_wconf 85' lang='lat' dir='ltr'>colligere</span> <span class='ocrx_word' id='word_1_440' title='bbox 3194 2808 3356 2880; x_wconf 91' lang='lat' dir='ltr'>potui</span> <span class='ocrx_word' id='word_1_441' title='bbox 3392 2809 3523 2864; x_wconf 79' lang='lat' dir='ltr'>fidei</span> <span class='ocrx_word' id='word_1_442' title='bbox 3555 2827 3727 2882; x_wconf 80' lang='lat' dir='ltr'>expo-</span> 
     </span>
    </p>
   </div>
   <div class='ocr_carea' id='block_1_62' title="bbox 2073 2895 3727 2971">
    <p class='ocr_par' dir='ltr' id='par_1_62' title="bbox 2073 2895 3727 2971">
     <span class='ocr_line' id='line_1_62' title="bbox 2073 2895 3727 2971; baseline 0.003 -21"><span class='ocrx_word' id='word_1_443' title='bbox 2073 2895 2318 2951; x_wconf 86' lang='lat' dir='ltr'>sitiones</span> <span class='ocrx_word' id='word_1_444' title='bbox 2349 2897 2406 2950; x_wconf 92' lang='lat' dir='ltr'>in</span> <span class='ocrx_word' id='word_1_445' title='bbox 2439 2896 2613 2950; x_wconf 88' lang='lat' dir='ltr'>variis</span> <span class='ocrx_word' id='word_1_446' title='bbox 2642 2896 2880 2968; x_wconf 87' lang='lat' dir='ltr'>synodis</span> <span class='ocrx_word' id='word_1_447' title='bbox 2911 2896 3100 2951; x_wconf 89' lang='lat' dir='ltr'>editas</span> <span class='ocrx_word' id='word_1_448' title='bbox 3131 2898 3203 2952; x_wconf 91' lang='lat' dir='ltr'>ab</span> <span class='ocrx_word' id='word_1_449' title='bbox 3250 2897 3389 2964; x_wconf 89' lang='lat' dir='ltr'>illis,</span> <span class='ocrx_word' id='word_1_450' title='bbox 3422 2903 3484 2952; x_wconf 90' lang='lat' dir='ltr'>ut</span> <span class='ocrx_word' id='word_1_451' title='bbox 3510 2916 3727 2971; x_wconf 85' lang='lat' dir='ltr'>cogno-</span> 
     </span>
    </p>
   </div>
   <div class='ocr_carea' id='block_1_63' title="bbox 2073 2985 3729 3060">
    <p class='ocr_par' dir='ltr' id='par_1_63' title="bbox 2073 2985 3729 3060">
     <span class='ocr_line' id='line_1_63' title="bbox 2073 2985 3729 3060; baseline 0.002 -20"><span class='ocrx_word' id='word_1_452' title='bbox 2073 2985 2271 3054; x_wconf 85' lang='lat' dir='ltr'>scatis,</span> <span class='ocrx_word' id='word_1_453' title='bbox 2331 2989 2387 3040; x_wconf 93' lang='lat' dir='ltr'>et</span> <span class='ocrx_word' id='word_1_454' title='bbox 2427 2985 2665 3056; x_wconf 89' lang='lat' dir='ltr'>quidem</span> <span class='ocrx_word' id='word_1_455' title='bbox 2727 3002 2838 3040; x_wconf 89' lang='lat' dir='ltr'>non</span> <span class='ocrx_word' id='word_1_456' title='bbox 2892 2987 3018 3040; x_wconf 85' lang='lat' dir='ltr'>sine</span> <span class='ocrx_word' id='word_1_457' title='bbox 3071 2985 3476 3054; x_wconf 89' lang='lat' dir='ltr'>admiratione,</span> <span class='ocrx_word' id='word_1_458' title='bbox 3510 3005 3626 3060; x_wconf 91' lang='lat' dir='ltr'>qua</span> <span class='ocrx_word' id='word_1_459' title='bbox 3657 2990 3729 3044; x_wconf 90' lang='lat' dir='ltr'>de</span> 
     </span>
    </p>
   </div>
   <div class='ocr_carea' id='block_1_64' title="bbox 2073 3073 3723 3146">
    <p class='ocr_par' dir='ltr' id='par_1_64' title="bbox 2073 3073 3723 3146">
     <span class='ocr_line' id='line_1_64' title="bbox 2073 3073 3723 3146; baseline 0.002 -17"><span class='ocrx_word' id='word_1_460' title='bbox 2073 3091 2270 3140; x_wconf 89' lang='lat' dir='ltr'>causa,</span> <span class='ocrx_word' id='word_1_461' title='bbox 2304 3073 2465 3128; x_wconf 91' lang='lat' dir='ltr'>nullo</span> <span class='ocrx_word' id='word_1_462' title='bbox 2497 3074 2828 3129; x_wconf 78' lang='lat' dir='ltr'>afﬁciantur</span> <span class='ocrx_word' id='word_1_463' title='bbox 2849 3074 3001 3131; x_wconf 74' lang='lat'>582</span> <span class='ocrx_word' id='word_1_464' title='bbox 3035 3076 3422 3146; x_wconf 86' lang='lat' dir='ltr'>pudore,dum</span> <span class='ocrx_word' id='word_1_465' title='bbox 3443 3076 3723 3132; x_wconf 85' lang='lat' dir='ltr'>adversus</span> 
     </span>
    </p>
   </div>
   <div class='ocr_carea' id='block_1_65' title="bbox 2073 3162 3735 3235">
    <p class='ocr_par' dir='ltr' id='par_1_65' title="bbox 2073 3162 3735 3235">
     <span class='ocr_line' id='line_1_65' title="bbox 2073 3162 3735 3235; baseline 0.002 -18"><span class='ocrx_word' id='word_1_466' title='bbox 2073 3162 2492 3217; x_wconf 85' lang='lat' dir='ltr'>oecumenicam</span> <span class='ocrx_word' id='word_1_467' title='bbox 2527 3164 2816 3233; x_wconf 84' lang='lat' dir='ltr'>synodum</span> <span class='ocrx_word' id='word_1_468' title='bbox 2845 3168 2902 3218; x_wconf 86' lang='lat' dir='ltr'>et</span> <span class='ocrx_word' id='word_1_469' title='bbox 2924 3164 3204 3218; x_wconf 86' lang='lat' dir='ltr'>adversus</span> <span class='ocrx_word' id='word_1_470' title='bbox 3230 3168 3422 3235; x_wconf 87' lang='lat' dir='ltr'>patres</span> <span class='ocrx_word' id='word_1_471' title='bbox 3445 3182 3585 3220; x_wconf 91' lang='lat' dir='ltr'>suos</span> <span class='ocrx_word' id='word_1_472' title='bbox 3617 3166 3735 3220; x_wconf 90' lang='lat' dir='ltr'>dis-</span> 
     </span>
    </p>
   </div>
   <div class='ocr_carea' id='block_1_66' title="bbox 2074 3253 3734 3323">
    <p class='ocr_par' dir='ltr' id='par_1_66' title="bbox 2074 3253 3734 3323">
     <span class='ocr_line' id='line_1_66' title="bbox 2074 3253 3734 3323; baseline 0.002 -16"><span class='ocrx_word' id='word_1_473' title='bbox 2074 3256 2330 3323; x_wconf 89' lang='lat' dir='ltr'>ceptant.</span> <span class='ocrx_word' id='word_1_474' title='bbox 2367 3253 2538 3307; x_wconf 83' lang='lat' dir='ltr'>Arius</span> <span class='ocrx_word' id='word_1_475' title='bbox 2569 3257 2626 3306; x_wconf 87' lang='lat' dir='ltr'>et</span> <span class='ocrx_word' id='word_1_476' title='bbox 2673 3257 2989 3307; x_wconf 86' lang='lat' dir='ltr'>sectatores</span> <span class='ocrx_word' id='word_1_477' title='bbox 3040 3253 3165 3322; x_wconf 89' lang='lat' dir='ltr'>ejus</span> <span class='ocrx_word' id='word_1_478' title='bbox 3214 3270 3346 3308; x_wconf 91' lang='lat' dir='ltr'>cum</span> <span class='ocrx_word' id='word_1_479' title='bbox 3381 3253 3501 3309; x_wconf 75' lang='lat' dir='ltr'>haec</span> <span class='ocrx_word' id='word_1_480' title='bbox 3555 3256 3734 3310; x_wconf 85' lang='lat' dir='ltr'>senti-</span> 
     </span>
    </p>
   </div>
   <div class='ocr_carea' id='block_1_67' title="bbox 319 3321 1961 3417">
    <p class='ocr_par' dir='ltr' id='par_1_67' title="bbox 319 3332 1961 3417">
     <span class='ocr_line' id='line_1_67' title="bbox 319 3332 1961 3417; baseline -0.003 -22"><span class='ocrx_word' id='word_1_481' title='bbox 319 3342 704 3417; x_wconf 77' lang='grc' dir='ltr'>φρονήσαντες,</span> <span class='ocrx_word' id='word_1_482' title='bbox 735 3338 823 3392; x_wconf 78' lang='grc' dir='ltr'>καὶ</span> <span class='ocrx_word' id='word_1_483' title='bbox 858 3338 1130 3412; x_wconf 90' lang='grc' dir='ltr'>λέγοντες,</span> <span class='ocrx_word' id='word_1_484' title='bbox 1163 3361 1189 3387; x_wconf 91' lang='grc'>‹‹</span> <span class='ocrx_word' id='word_1_485' title='bbox 1225 3337 1309 3406; x_wconf 76' lang='grc' dir='ltr'>Ἐξ</span> <span class='ocrx_word' id='word_1_486' title='bbox 1340 3335 1438 3390; x_wconf 79' lang='grc' dir='ltr'>οὐκ</span> <span class='ocrx_word' id='word_1_487' title='bbox 1483 3332 1651 3391; x_wconf 79' lang='grc' dir='ltr'>ὄντων</span> <span class='ocrx_word' id='word_1_488' title='bbox 1701 3336 1961 3405; x_wconf 82' lang='grc' dir='ltr'>πεποίηκε</span> 
     </span>
    </p>
   </div>
   <div class='ocr_carea' id='block_1_68' title="bbox 2082 3321 3732 3417">
    <p class='ocr_par' dir='ltr' id='par_1_68' title="bbox 2082 3321 3732 3413">
     <span class='ocr_line' id='line_1_68' title="bbox 2082 3321 3732 3413; baseline 0.002 -17"><span class='ocrx_word' id='word_1_489' title='bbox 2082 3321 2207 3396; x_wconf 82' lang='lat' dir='ltr'>rent</span> <span class='ocrx_word' id='word_1_490' title='bbox 2229 3345 2403 3412; x_wconf 88' lang='lat' dir='ltr'>atque</span> <span class='ocrx_word' id='word_1_491' title='bbox 2427 3342 2768 3413; x_wconf 81' lang='lat' dir='ltr'>proferrent.</span> <span class='ocrx_word' id='word_1_492' title='bbox 2800 3365 2825 3390; x_wconf 88' lang='grc'><em>‹‹</em></span> <span class='ocrx_word' id='word_1_493' title='bbox 2852 3342 2932 3396; x_wconf 86' lang='lat' dir='ltr'>Ex</span> <span class='ocrx_word' id='word_1_494' title='bbox 2953 3321 3320 3397; x_wconf 89' lang='lat' dir='ltr'>nonentibus</span> <span class='ocrx_word' id='word_1_495' title='bbox 3344 3343 3497 3400; x_wconf 90' lang='lat' dir='ltr'>Deus</span> <span class='ocrx_word' id='word_1_496' title='bbox 3523 3343 3732 3399; x_wconf 85' lang='lat' dir='ltr'>Filium</span> 
     </span>
    </p>
   </div>
   <div class='ocr_carea' id='block_1_69' title="bbox 320 3424 1968 3498">
    <p class='ocr_par' dir='ltr' id='par_1_69' title="bbox 320 3424 1968 3498">
     <span class='ocr_line' id='line_1_69' title="bbox 320 3424 1968 3498; baseline -0.002 -15"><span class='ocrx_word' id='word_1_497' title='bbox 320 3430 408 3484; x_wconf 88' lang='grc' dir='ltr'>τὸν</span> <span class='ocrx_word' id='word_1_498' title='bbox 448 3429 572 3483; x_wconf 71' lang='grc' dir='ltr'>Υἳὸν</span> <span class='ocrx_word' id='word_1_499' title='bbox 623 3429 651 3483; x_wconf 97' lang='lat'>6</span> <span class='ocrx_word' id='word_1_500' title='bbox 701 3427 852 3498; x_wconf 87' lang='grc' dir='ltr'>Θεὸς,</span> <span class='ocrx_word' id='word_1_501' title='bbox 893 3426 982 3481; x_wconf 87' lang='grc' dir='ltr'>καὶ</span> <span class='ocrx_word' id='word_1_502' title='bbox 1035 3424 1300 3496; x_wconf 89' lang='grc' dir='ltr'>κέκληκεν</span> <span class='ocrx_word' id='word_1_503' title='bbox 1351 3425 1522 3496; x_wconf 73' lang='grc' dir='ltr'>ἑαυτῷ</span> <span class='ocrx_word' id='word_1_504' title='bbox 1567 3426 1706 3480; x_wconf 75' lang='grc' dir='ltr'>Υἳόνο</span> <span class='ocrx_word' id='word_1_505' title='bbox 1759 3425 1812 3480; x_wconf 82' lang='grc' dir='ltr'>’ἐν</span> <span class='ocrx_word' id='word_1_506' title='bbox 1861 3429 1968 3480; x_wconf 89' lang='grc' dir='ltr'>τῶν</span> 
     </span>
    </p>
   </div>
   <div class='ocr_carea' id='block_1_70' title="bbox 323 3514 1968 3591">
    <p class='ocr_par' dir='ltr' id='par_1_70' title="bbox 323 3514 1968 3591">
     <span class='ocr_line' id='line_1_70' title="bbox 323 3514 1968 3591; baseline -0.002 -19"><span class='ocrx_word' id='word_1_507' title='bbox 323 3519 631 3591; x_wconf 73' lang='grc' dir='ltr'>κτισμάτων</span> <span class='ocrx_word' id='word_1_508' title='bbox 668 3519 780 3591; x_wconf 90' lang='grc'>(11)</span> <span class='ocrx_word' id='word_1_509' title='bbox 828 3514 971 3570; x_wconf 82' lang='grc' dir='ltr'>ἐστὶν</span> <span class='ocrx_word' id='word_1_510' title='bbox 1006 3517 1034 3570; x_wconf 90' lang='lat'>6</span> <span class='ocrx_word' id='word_1_511' title='bbox 1063 3519 1158 3569; x_wconf 79' lang='grc' dir='ltr'>τοῦ</span> <span class='ocrx_word' id='word_1_512' title='bbox 1207 3518 1340 3569; x_wconf 78' lang='grc' dir='ltr'>Θεοῦ</span> <span class='ocrx_word' id='word_1_513' title='bbox 1385 3515 1575 3588; x_wconf 80' lang='grc' dir='ltr'>Λόγος,</span> <span class='ocrx_word' id='word_1_514' title='bbox 1608 3538 1634 3564; x_wconf 91' lang='grc'><strong>››</strong></span> <span class='ocrx_word' id='word_1_515' title='bbox 1664 3515 1774 3572; x_wconf 79' lang='grc' dir='ltr'>καὶ.</span> <span class='ocrx_word' id='word_1_516' title='bbox 1812 3538 1839 3567; x_wconf 90' lang='grc'><strong>‹‹</strong></span> <span class='ocrx_word' id='word_1_517' title='bbox 1871 3516 1968 3570; x_wconf 86' lang='grc' dir='ltr'>Ἦν</span> 
     </span>
    </p>
   </div>
   <div class='ocr_carea' id='block_1_71' title="bbox 319 3601 1974 3680">
    <p class='ocr_par' dir='ltr' id='par_1_71' title="bbox 319 3601 1974 3680">
     <span class='ocr_line' id='line_1_71' title="bbox 319 3601 1974 3680; baseline -0.003 -17"><span class='ocrx_word' id='word_1_518' title='bbox 319 3628 472 3678; x_wconf 85' lang='grc' dir='ltr'>ποτε,</span> <span class='ocrx_word' id='word_1_519' title='bbox 528 3605 619 3662; x_wconf 79' lang='grc' dir='ltr'>ὅτε</span> <span class='ocrx_word' id='word_1_520' title='bbox 665 3605 764 3660; x_wconf 86' lang='grc' dir='ltr'>ούκ</span> <span class='ocrx_word' id='word_1_521' title='bbox 811 3605 916 3674; x_wconf 78' lang='grc' dir='ltr'>ἦν’</span> <span class='ocrx_word' id='word_1_522' title='bbox 963 3605 1190 3680; x_wconf 89' lang='grc' dir='ltr'>τρεπτὸς</span> <span class='ocrx_word' id='word_1_523' title='bbox 1239 3601 1296 3658; x_wconf 87' lang='grc' dir='ltr'>δέ</span> <span class='ocrx_word' id='word_1_524' title='bbox 1343 3602 1474 3672; x_wconf 80' lang='grc' dir='ltr'>ἐστι,</span> <span class='ocrx_word' id='word_1_525' title='bbox 1523 3601 1838 3676; x_wconf 83' lang='grc' dir='ltr'>δυνάμενος,</span> <span class='ocrx_word' id='word_1_526' title='bbox 1884 3604 1974 3658; x_wconf 83' lang='grc' dir='ltr'>ὅτε</span> 
     </span>
    </p>
   </div>
   <div class='ocr_carea' id='block_1_72' title="bbox 329 3687 1973 3773">
    <p class='ocr_par' dir='ltr' id='par_1_72' title="bbox 329 3687 1973 3773">
     <span class='ocr_line' id='line_1_72' title="bbox 329 3687 1973 3773; baseline -0.002 -22"><span class='ocrx_word' id='word_1_527' title='bbox 329 3695 611 3773; x_wconf 83' lang='grc' dir='ltr'>βούλεται,</span> <span class='ocrx_word' id='word_1_528' title='bbox 657 3697 950 3768; x_wconf 75' lang='grc' dir='ltr'>τραπῆναι,</span> <span class='ocrx_word' id='word_1_529' title='bbox 1007 3717 1036 3744; x_wconf 86' lang='grc'><strong>››</strong></span> <span class='ocrx_word' id='word_1_530' title='bbox 1089 3687 1454 3763; x_wconf 74' lang='grc' dir='ltr'>ἐξεϐλήθησαν</span> <span class='ocrx_word' id='word_1_531' title='bbox 1495 3694 1593 3762; x_wconf 75' lang='grc' dir='ltr'>τῆς</span> <span class='ocrx_word' id='word_1_532' title='bbox 1646 3691 1973 3761; x_wconf 81' lang='grc' dir='ltr'>Έκκλησίας</span> 
     </span>
    </p>
   </div>
   <div class='ocr_carea' id='block_1_73' title="bbox 325 3779 1336 3862">
    <p class='ocr_par' dir='ltr' id='par_1_73' title="bbox 325 3779 1336 3862">
     <span class='ocr_line' id='line_1_73' title="bbox 325 3779 1336 3862; baseline -0.003 -22"><span class='ocrx_word' id='word_1_533' title='bbox 325 3785 474 3862; x_wconf 83' lang='grc' dir='ltr'>παρὰ</span> <span class='ocrx_word' id='word_1_534' title='bbox 502 3789 598 3839; x_wconf 76' lang='grc' dir='ltr'>τοῦ</span> <span class='ocrx_word' id='word_1_535' title='bbox 633 3785 938 3860; x_wconf 89' lang='grc' dir='ltr'>μακαρίτου</span> <span class='ocrx_word' id='word_1_536' title='bbox 967 3779 1336 3856; x_wconf 80' lang='grc' dir='ltr'>Ἀλεξάνδρου.</span> 
     </span>
    </p>
   </div>
   <div class='ocr_carea' id='block_1_74' title="bbox 396 3864 1977 3942">
    <p class='ocr_par' dir='ltr' id='par_1_74' title="bbox 396 3864 1977 3942">
     <span class='ocr_line' id='line_1_74' title="bbox 396 3864 1977 3942; baseline -0.005 -10"><span class='ocrx_word' id='word_1_537' title='bbox 396 3877 483 3932; x_wconf 87' lang='grc'>15.</span> <span class='ocrx_word' id='word_1_538' title='bbox 538 3871 695 3929; x_wconf 83' lang='grc' dir='ltr'>Ἀλλ’</span> <span class='ocrx_word' id='word_1_539' title='bbox 737 3868 1027 3942; x_wconf 72' lang='grc' dir='ltr'>ἐκϐληθεὶς</span> <span class='ocrx_word' id='word_1_540' title='bbox 1081 3871 1169 3926; x_wconf 89' lang='grc' dir='ltr'>καὶ</span> <span class='ocrx_word' id='word_1_541' title='bbox 1219 3864 1512 3942; x_wconf 76' lang='grc' dir='ltr'>έπιτριϐεὶς</span> <span class='ocrx_word' id='word_1_542' title='bbox 1557 3872 1772 3942; x_wconf 77' lang='grc' dir='ltr'>’Ἄρειος</span> <span class='ocrx_word' id='word_1_543' title='bbox 1830 3870 1977 3942; x_wconf 78' lang='grc' dir='ltr'>παρὰ</span> 
     </span>
    </p>
   </div>
   <div class='ocr_carea' id='block_1_75' title="bbox 321 3957 1972 4039">
    <p class='ocr_par' dir='ltr' id='par_1_75' title="bbox 321 3957 1972 4039">
     <span class='ocr_line' id='line_1_75' title="bbox 321 3957 1972 4039; baseline -0.004 -20"><span class='ocrx_word' id='word_1_544' title='bbox 321 3968 433 4019; x_wconf 92' lang='grc' dir='ltr'>τῶν</span> <span class='ocrx_word' id='word_1_545' title='bbox 464 3963 588 4039; x_wconf 84' lang='grc' dir='ltr'>περὶ</span> <span class='ocrx_word' id='word_1_546' title='bbox 637 3957 918 4034; x_wconf 88' lang='grc' dir='ltr'>Εύσέϐιον,</span> <span class='ocrx_word' id='word_1_547' title='bbox 967 3961 1247 4031; x_wconf 89' lang='grc' dir='ltr'>συνέθηκεν</span> <span class='ocrx_word' id='word_1_548' title='bbox 1294 3957 1484 4014; x_wconf 76' lang='grc' dir='ltr'>ἑαυτοῦ</span> <span class='ocrx_word' id='word_1_549' title='bbox 1530 3961 1630 4029; x_wconf 76' lang='grc' dir='ltr'>τὴν</span> <span class='ocrx_word' id='word_1_550' title='bbox 1672 3957 1870 4034; x_wconf 59' lang='grc' dir='ltr'>αἵρεσιν</span> <span class='ocrx_word' id='word_1_551' title='bbox 1922 3957 1972 4013; x_wconf 84' lang='grc' dir='ltr'>ἐν</span> 
     </span>
    </p>
   </div>
   <div class='ocr_carea' id='block_1_76' title="bbox 329 4047 1977 4129">
    <p class='ocr_par' dir='ltr' id='par_1_76' title="bbox 329 4047 1977 4129">
     <span class='ocr_line' id='line_1_76' title="bbox 329 4047 1977 4129; baseline -0.003 -22"><span class='ocrx_word' id='word_1_552' title='bbox 329 4054 529 4129; x_wconf 80' lang='grc' dir='ltr'>χάρτῃ,</span> <span class='ocrx_word' id='word_1_553' title='bbox 562 4052 650 4107; x_wconf 88' lang='grc' dir='ltr'>καὶ</span> <span class='ocrx_word' id='word_1_554' title='bbox 684 4053 758 4112; x_wconf 86' lang='grc' dir='ltr'>ὡς</span> <span class='ocrx_word' id='word_1_555' title='bbox 788 4051 840 4106; x_wconf 69' lang='grc' dir='ltr'>ἰν</span> <span class='ocrx_word' id='word_1_556' title='bbox 890 4049 1066 4122; x_wconf 74' lang='grc' dir='ltr'>Θαλία</span> <span class='ocrx_word' id='word_1_557' title='bbox 1120 4047 1370 4119; x_wconf 84' lang='grc' dir='ltr'>ζηλώσας</span> <span class='ocrx_word' id='word_1_558' title='bbox 1421 4048 1608 4103; x_wconf 84' lang='grc' dir='ltr'>ούδένα</span> <span class='ocrx_word' id='word_1_559' title='bbox 1650 4053 1756 4103; x_wconf 89' lang='grc' dir='ltr'>τῶν</span> <span class='ocrx_word' id='word_1_560' title='bbox 1790 4047 1977 4126; x_wconf 74' lang='grc' dir='ltr'>φρονί-</span> 
     </span>
    </p>
   </div>
   <div class='ocr_carea' id='block_1_77' title="bbox 331 4137 1972 4214">
    <p class='ocr_par' dir='ltr' id='par_1_77' title="bbox 331 4137 1972 4214">
     <span class='ocr_line' id='line_1_77' title="bbox 331 4137 1972 4214; baseline -0.002 -18"><span class='ocrx_word' id='word_1_561' title='bbox 331 4163 470 4214; x_wconf 90' lang='grc' dir='ltr'>μων,</span> <span class='ocrx_word' id='word_1_562' title='bbox 518 4139 665 4196; x_wconf 77' lang='grc' dir='ltr'>ἀλλά</span> <span class='ocrx_word' id='word_1_563' title='bbox 709 4141 802 4196; x_wconf 85' lang='grc' dir='ltr'>τὸν</span> <span class='ocrx_word' id='word_1_564' title='bbox 849 4139 1148 4214; x_wconf 77' lang='grc' dir='ltr'>Αἰγύπτιον</span> <span class='ocrx_word' id='word_1_565' title='bbox 1198 4138 1456 4208; x_wconf 84' lang='grc' dir='ltr'>Σωσάτην</span> <span class='ocrx_word' id='word_1_566' title='bbox 1499 4137 1549 4192; x_wconf 85' lang='grc' dir='ltr'>έν</span> <span class='ocrx_word' id='word_1_567' title='bbox 1605 4143 1682 4209; x_wconf 79' lang='grc' dir='ltr'>τῷ</span> <span class='ocrx_word' id='word_1_568' title='bbox 1724 4137 1846 4207; x_wconf 76' lang='grc' dir='ltr'>ἤθει</span> <span class='ocrx_word' id='word_1_569' title='bbox 1886 4139 1972 4193; x_wconf 89' lang='grc' dir='ltr'>καὶ</span> 
     </span>
    </p>
   </div>
   <div class='ocr_carea' id='block_1_78' title="bbox 323 4225 1977 4305">
    <p class='ocr_par' dir='ltr' id='par_1_78' title="bbox 323 4225 1977 4305">
     <span class='ocr_line' id='line_1_78' title="bbox 323 4225 1977 4305; baseline -0.002 -19"><span class='ocrx_word' id='word_1_570' title='bbox 323 4236 394 4305; x_wconf 79' lang='grc' dir='ltr'>τῇ</span> <span class='ocrx_word' id='word_1_571' title='bbox 425 4225 637 4285; x_wconf 71' lang='grc' dir='ltr'>έκϐύσει</span> <span class='ocrx_word' id='word_1_572' title='bbox 667 4233 763 4284; x_wconf 76' lang='grc' dir='ltr'>τοῦ</span> <span class='ocrx_word' id='word_1_573' title='bbox 812 4231 922 4301; x_wconf 86' lang='grc'>(12)</span> <span class='ocrx_word' id='word_1_574' title='bbox 981 4225 1200 4302; x_wconf 89' lang='grc' dir='ltr'>μέλους,</span> <span class='ocrx_word' id='word_1_575' title='bbox 1231 4228 1423 4305; x_wconf 77' lang='grc' dir='ltr'>γράφει</span> <span class='ocrx_word' id='word_1_576' title='bbox 1476 4227 1570 4300; x_wconf 78' lang='grc' dir='ltr'>μὲν</span> <span class='ocrx_word' id='word_1_577' title='bbox 1619 4226 1829 4296; x_wconf 74' lang='grc' dir='ltr'>πολλὰ,</span> <span class='ocrx_word' id='word_1_578' title='bbox 1871 4227 1977 4283; x_wconf 84' lang='grc' dir='ltr'>ἀπὸ</span> 
     </span>
    </p>
   </div>
   <div class='ocr_carea' id='block_1_79' title="bbox 332 4317 1191 4396">
    <p class='ocr_par' dir='ltr' id='par_1_79' title="bbox 332 4317 1191 4396">
     <span class='ocr_line' id='line_1_79' title="bbox 332 4317 1191 4396; baseline -0.006 -21"><span class='ocrx_word' id='word_1_579' title='bbox 332 4321 525 4396; x_wconf 80' lang='grc' dir='ltr'>μέρους</span> <span class='ocrx_word' id='word_1_580' title='bbox 559 4317 617 4375; x_wconf 88' lang='grc' dir='ltr'>δέ</span> <span class='ocrx_word' id='word_1_581' title='bbox 641 4317 782 4374; x_wconf 85' lang='grc' dir='ltr'>ἐστιν</span> <span class='ocrx_word' id='word_1_582' title='bbox 818 4317 982 4373; x_wconf 80' lang='grc' dir='ltr'>αὐτοῦ</span> <span class='ocrx_word' id='word_1_583' title='bbox 1005 4321 1191 4372; x_wconf 76' lang='grc' dir='ltr'>ταῦτα’</span> 
     </span>
    </p>
   </div>
   <div class='ocr_carea' id='block_1_80' title="bbox 613 4434 1681 4508">
    <p class='ocr_par' dir='ltr' id='par_1_80' title="bbox 613 4434 1681 4508">
     <span class='ocr_line' id='line_1_80' title="bbox 613 4434 1681 4508; baseline 0 -18"><span class='ocrx_word' id='word_1_584' title='bbox 613 4437 1063 4492; x_wconf 82' lang='grc' dir='ltr'>ΒΛΑΣΦΗΜΙΑΙ</span> <span class='ocrx_word' id='word_1_585' title='bbox 1100 4435 1229 4490; x_wconf 86' lang='grc' dir='ltr'>ΤΟΥ</span> <span class='ocrx_word' id='word_1_586' title='bbox 1268 4434 1512 4491; x_wconf 83' lang='grc' dir='ltr'>ΛΡΕΙΟΥ</span> <span class='ocrx_word' id='word_1_587' title='bbox 1547 4436 1681 4508; x_wconf 86' lang='grc'>(13).</span> 
     </span>
    </p>
   </div>
   <div class='ocr_carea' id='block_1_81' title="bbox 407 4537 1977 4619">
    <p class='ocr_par' dir='ltr' id='par_1_81' title="bbox 407 4537 1977 4619">
     <span class='ocr_line' id='line_1_81' title="bbox 407 4537 1977 4619; baseline -0.004 -20"><span class='ocrx_word' id='word_1_588' title='bbox 407 4543 579 4604; x_wconf 84' lang='grc' dir='ltr'>Αὐτὸς</span> <span class='ocrx_word' id='word_1_589' title='bbox 635 4547 761 4619; x_wconf 77' lang='grc' dir='ltr'>γοῦν</span> <span class='ocrx_word' id='word_1_590' title='bbox 825 4543 853 4596; x_wconf 88' lang='lat'>6</span> <span class='ocrx_word' id='word_1_591' title='bbox 906 4541 1034 4602; x_wconf 82' lang='grc' dir='ltr'>Θεὸς</span> <span class='ocrx_word' id='word_1_592' title='bbox 1090 4539 1224 4595; x_wconf 87' lang='grc' dir='ltr'>καθό</span> <span class='ocrx_word' id='word_1_593' title='bbox 1275 4541 1437 4608; x_wconf 80' lang='grc' dir='ltr'>ἐστιν,</span> <span class='ocrx_word' id='word_1_594' title='bbox 1490 4537 1727 4616; x_wconf 73' lang='grc' dir='ltr'>ἅρῥητος</span> <span class='ocrx_word' id='word_1_595' title='bbox 1785 4541 1977 4594; x_wconf 79' lang='grc' dir='ltr'>ἅπασιν</span> 
     </span>
    </p>
   </div>
   <div class='ocr_carea' id='block_1_82' title="bbox 330 4626 1974 4708">
    <p class='ocr_par' dir='ltr' id='par_1_82' title="bbox 330 4626 1974 4708">
     <span class='ocr_line' id='line_1_82' title="bbox 330 4626 1974 4708; baseline -0.002 -20"><span class='ocrx_word' id='word_1_596' title='bbox 330 4633 586 4708; x_wconf 77' lang='grc' dir='ltr'>ὑπάρχει.</span> <span class='ocrx_word' id='word_1_597' title='bbox 620 4637 785 4703; x_wconf 84' lang='grc' dir='ltr'>Ἴσον,</span> <span class='ocrx_word' id='word_1_598' title='bbox 819 4627 944 4686; x_wconf 70' lang='grc' dir='ltr'>οὐδὲ</span> <span class='ocrx_word' id='word_1_599' title='bbox 973 4629 1184 4703; x_wconf 82' lang='grc' dir='ltr'>ὅμοιον,</span> <span class='ocrx_word' id='word_1_600' title='bbox 1220 4629 1325 4705; x_wconf 80' lang='grc' dir='ltr'>οὐχ</span> <span class='ocrx_word' id='word_1_601' title='bbox 1357 4626 1624 4701; x_wconf 80' lang='grc' dir='ltr'>ὁμόδοξον</span> <span class='ocrx_word' id='word_1_602' title='bbox 1654 4627 1765 4704; x_wconf 82' lang='grc' dir='ltr'>ἔχει</span> <span class='ocrx_word' id='word_1_603' title='bbox 1810 4628 1974 4702; x_wconf 90' lang='grc' dir='ltr'>μόνος</span> 
     </span>
    </p>
   </div>
   <div class='ocr_carea' id='block_1_83' title="bbox 2083 3429 3738 3497">
    <p class='ocr_par' dir='ltr' id='par_1_83' title="bbox 2083 3429 3738 3497">
     <span class='ocr_line' id='line_1_83' title="bbox 2083 3429 3738 3497; baseline 0.004 -15"><span class='ocrx_word' id='word_1_604' title='bbox 2083 3429 2235 3497; x_wconf 80' lang='lat' dir='ltr'>fecit,</span> <span class='ocrx_word' id='word_1_605' title='bbox 2269 3435 2325 3485; x_wconf 89' lang='lat' dir='ltr'>et</span> <span class='ocrx_word' id='word_1_606' title='bbox 2354 3429 2576 3485; x_wconf 85' lang='lat' dir='ltr'>vocavit</span> <span class='ocrx_word' id='word_1_607' title='bbox 2607 3445 2740 3484; x_wconf 90' lang='lat' dir='ltr'>eum</span> <span class='ocrx_word' id='word_1_608' title='bbox 2791 3429 2900 3485; x_wconf 90' lang='lat' dir='ltr'>sibi</span> <span class='ocrx_word' id='word_1_609' title='bbox 2945 3430 3178 3496; x_wconf 89' lang='lat' dir='ltr'>Filium,</span> <span class='ocrx_word' id='word_1_610' title='bbox 3230 3431 3329 3486; x_wconf 91' lang='lat' dir='ltr'>Dei</span> <span class='ocrx_word' id='word_1_611' title='bbox 3361 3431 3616 3487; x_wconf 89' lang='lat' dir='ltr'>Verbum</span> <span class='ocrx_word' id='word_1_612' title='bbox 3649 3437 3738 3488; x_wconf 88' lang='lat' dir='ltr'>est</span> 
     </span>
    </p>
   </div>
   <div class='ocr_carea' id='block_1_84' title="bbox 2084 3519 3741 3590">
    <p class='ocr_par' dir='ltr' id='par_1_84' title="bbox 2084 3519 3741 3590">
     <span class='ocr_line' id='line_1_84' title="bbox 2084 3519 3741 3590; baseline 0.003 -17"><span class='ocrx_word' id='word_1_613' title='bbox 2084 3535 2201 3573; x_wconf 92' lang='lat' dir='ltr'>una</span> <span class='ocrx_word' id='word_1_614' title='bbox 2217 3535 2284 3574; x_wconf 84' lang='lat' dir='ltr'><strong>ex</strong></span> <span class='ocrx_word' id='word_1_615' title='bbox 2308 3519 2610 3588; x_wconf 87' lang='lat' dir='ltr'>creaturis,</span> <span class='ocrx_word' id='word_1_616' title='bbox 2637 3540 2664 3568; x_wconf 88' lang='lat'><strong>»</strong></span> <span class='ocrx_word' id='word_1_617' title='bbox 2689 3523 2766 3584; x_wconf 90' lang='lat' dir='ltr'>et,</span> <span class='ocrx_word' id='word_1_618' title='bbox 2797 3523 2982 3574; x_wconf 80' lang='lat' dir='ltr'>«Erat</span> <span class='ocrx_word' id='word_1_619' title='bbox 3014 3520 3330 3590; x_wconf 88' lang='lat' dir='ltr'>aliquando</span> <span class='ocrx_word' id='word_1_620' title='bbox 3358 3537 3488 3575; x_wconf 92' lang='lat' dir='ltr'>cum</span> <span class='ocrx_word' id='word_1_621' title='bbox 3515 3539 3627 3576; x_wconf 89' lang='lat' dir='ltr'>non</span> <span class='ocrx_word' id='word_1_622' title='bbox 3652 3539 3741 3579; x_wconf 88' lang='lat' dir='ltr'>es-</span> 
     </span>
    </p>
   </div>
   <div class='ocr_carea' id='block_1_85' title="bbox 2084 3607 3740 3679">
    <p class='ocr_par' dir='ltr' id='par_1_85' title="bbox 2084 3607 3740 3679">
     <span class='ocr_line' id='line_1_85' title="bbox 2084 3607 3740 3679; baseline 0.002 -16"><span class='ocrx_word' id='word_1_623' title='bbox 2084 3607 2712 3673; x_wconf 90' lang='lat' dir='ltr'>set,mutabilisautem</span> <span class='ocrx_word' id='word_1_624' title='bbox 2729 3612 3314 3679; x_wconf 84' lang='lat' dir='ltr'>est,potestque,cum</span> <span class='ocrx_word' id='word_1_625' title='bbox 3338 3609 3740 3678; x_wconf 89' lang='lat' dir='ltr'>voluerit,mu-</span> 
     </span>
    </p>
   </div>
   <div class='ocr_carea' id='block_1_86' title="bbox 2085 3696 3742 3771">
    <p class='ocr_par' dir='ltr' id='par_1_86' title="bbox 2085 3696 3742 3771">
     <span class='ocr_line' id='line_1_86' title="bbox 2085 3696 3742 3771; baseline 0.002 -20"><span class='ocrx_word' id='word_1_626' title='bbox 2085 3697 2213 3766; x_wconf 87' lang='lat' dir='ltr'>tari,</span> <span class='ocrx_word' id='word_1_627' title='bbox 2249 3719 2276 3746; x_wconf 60' lang='grc' dir='ltr'>ε›</span> <span class='ocrx_word' id='word_1_628' title='bbox 2308 3713 2340 3752; x_wconf 90' lang='lat' dir='ltr'>a</span> <span class='ocrx_word' id='word_1_629' title='bbox 2369 3697 2549 3752; x_wconf 79' lang='lat' dir='ltr'>beatae</span> <span class='ocrx_word' id='word_1_630' title='bbox 2585 3696 2882 3750; x_wconf 68' lang='lat' dir='ltr'>memoriie</span> <span class='ocrx_word' id='word_1_631' title='bbox 2906 3696 3230 3752; x_wconf 83' lang='lat' dir='ltr'>Alexandro</span> <span class='ocrx_word' id='word_1_632' title='bbox 3254 3698 3324 3752; x_wconf 85' lang='lat' dir='ltr'>ab</span> <span class='ocrx_word' id='word_1_633' title='bbox 3348 3699 3604 3755; x_wconf 88' lang='lat' dir='ltr'>Ecclesia</span> <span class='ocrx_word' id='word_1_634' title='bbox 3626 3701 3742 3771; x_wconf 85' lang='lat' dir='ltr'><strong>eje-</strong></span> 
     </span>
    </p>
   </div>
   <div class='ocr_carea' id='block_1_87' title="bbox 2084 3785 2352 3840">
    <p class='ocr_par' dir='ltr' id='par_1_87' title="bbox 2084 3785 2352 3840">
     <span class='ocr_line' id='line_1_87' title="bbox 2084 3785 2352 3840; baseline 0 0"><span class='ocrx_word' id='word_1_635' title='bbox 2084 3785 2158 3840; x_wconf 88' lang='lat' dir='ltr'>cti</span> <span class='ocrx_word' id='word_1_636' title='bbox 2191 3788 2352 3840; x_wconf 89' lang='lat' dir='ltr'>sunt.</span> 
     </span>
    </p>
   </div>
   <div class='ocr_carea' id='block_1_88' title="bbox 2158 3872 3740 3944">
    <p class='ocr_par' dir='ltr' id='par_1_88' title="bbox 2158 3872 3740 3944">
     <span class='ocr_line' id='line_1_88' title="bbox 2158 3872 3740 3944; baseline 0.003 -18"><span class='ocrx_word' id='word_1_637' title='bbox 2158 3875 2243 3927; x_wconf 88' lang='grc'>15.</span> <span class='ocrx_word' id='word_1_638' title='bbox 2289 3873 2516 3942; x_wconf 81' lang='lat' dir='ltr'>Ejectus</span> <span class='ocrx_word' id='word_1_639' title='bbox 2566 3877 2760 3927; x_wconf 88' lang='lat' dir='ltr'>autem</span> <span class='ocrx_word' id='word_1_640' title='bbox 2805 3872 2977 3927; x_wconf 90' lang='lat' dir='ltr'>Arius</span> <span class='ocrx_word' id='word_1_641' title='bbox 3027 3874 3164 3927; x_wconf 91' lang='lat' dir='ltr'>dum</span> <span class='ocrx_word' id='word_1_642' title='bbox 3219 3875 3372 3944; x_wconf 88' lang='lat' dir='ltr'>apud</span> <span class='ocrx_word' id='word_1_643' title='bbox 3425 3875 3740 3930; x_wconf 86' lang='lat' dir='ltr'>Eusebium</span> 
     </span>
    </p>
   </div>
   <div class='ocr_carea' id='block_1_89' title="bbox 2085 3961 3747 4033">
    <p class='ocr_par' dir='ltr' id='par_1_89' title="bbox 2085 3961 3747 4033">
     <span class='ocr_line' id='line_1_89' title="bbox 2085 3961 3747 4033; baseline 0.001 -16"><span class='ocrx_word' id='word_1_644' title='bbox 2085 3966 2434 4026; x_wconf 87' lang='lat' dir='ltr'>versaretur,</span> <span class='ocrx_word' id='word_1_645' title='bbox 2471 3978 2640 4016; x_wconf 88' lang='lat' dir='ltr'>suam</span> <span class='ocrx_word' id='word_1_646' title='bbox 2674 3961 2940 4016; x_wconf 68' lang='lat' dir='ltr'>haeresim</span> <span class='ocrx_word' id='word_1_647' title='bbox 2983 3962 3042 4015; x_wconf 90' lang='lat' dir='ltr'>in</span> <span class='ocrx_word' id='word_1_648' title='bbox 3093 3962 3295 4017; x_wconf 88' lang='lat' dir='ltr'>charta</span> <span class='ocrx_word' id='word_1_649' title='bbox 3345 3963 3654 4033; x_wconf 89' lang='lat' dir='ltr'>disposuit,</span> <span class='ocrx_word' id='word_1_650' title='bbox 3689 3970 3747 4019; x_wconf 87' lang='lat' dir='ltr'>et</span> 
     </span>
    </p>
   </div>
   <div class='ocr_carea' id='block_1_90' title="bbox 2088 4049 3742 4124">
    <p class='ocr_par' dir='ltr' id='par_1_90' title="bbox 2088 4049 3742 4124">
     <span class='ocr_line' id='line_1_90' title="bbox 2088 4049 3742 4124; baseline -0.001 -17"><span class='ocrx_word' id='word_1_651' title='bbox 2088 4051 2255 4124; x_wconf 88' lang='lat' dir='ltr'>quasi</span> <span class='ocrx_word' id='word_1_652' title='bbox 2283 4051 2342 4104; x_wconf 87' lang='lat' dir='ltr'>in</span> <span class='ocrx_word' id='word_1_653' title='bbox 2383 4051 2588 4115; x_wconf 77' lang='lat' dir='ltr'>Thalia,</span> <span class='ocrx_word' id='word_1_654' title='bbox 2637 4051 2931 4105; x_wconf 88' lang='lat' dir='ltr'>neminem</span> <span class='ocrx_word' id='word_1_655' title='bbox 2984 4049 3390 4122; x_wconf 88' lang='lat' dir='ltr'>prudentium,</span> <span class='ocrx_word' id='word_1_656' title='bbox 3445 4054 3544 4108; x_wconf 88' lang='lat' dir='ltr'>sed</span> <span class='ocrx_word' id='word_1_657' title='bbox 3580 4054 3742 4124; x_wconf 68' lang='lat' dir='ltr'>Aigy-</span> 
     </span>
    </p>
   </div>
   <div class='ocr_carea' id='block_1_91' title="bbox 2087 4139 3744 4213">
    <p class='ocr_par' dir='ltr' id='par_1_91' title="bbox 2087 4139 3744 4213">
     <span class='ocr_line' id='line_1_91' title="bbox 2087 4139 3744 4213; baseline 0.001 -19"><span class='ocrx_word' id='word_1_658' title='bbox 2087 4140 2271 4213; x_wconf 89' lang='lat' dir='ltr'>ptium</span> <span class='ocrx_word' id='word_1_659' title='bbox 2305 4141 2600 4208; x_wconf 91' lang='lat' dir='ltr'>Sotadem,</span> <span class='ocrx_word' id='word_1_660' title='bbox 2651 4139 2915 4194; x_wconf 92' lang='lat' dir='ltr'>moribus</span> <span class='ocrx_word' id='word_1_661' title='bbox 2947 4143 3004 4194; x_wconf 91' lang='lat' dir='ltr'>et</span> <span class='ocrx_word' id='word_1_662' title='bbox 3051 4139 3434 4194; x_wconf 90' lang='lat' dir='ltr'>dissolutione</span> <span class='ocrx_word' id='word_1_663' title='bbox 3467 4157 3744 4196; x_wconf 88' lang='lat' dir='ltr'>numero-</span> 
     </span>
    </p>
   </div>
   <div class='ocr_carea' id='block_1_92' title="bbox 2088 4227 3742 4301">
    <p class='ocr_par' dir='ltr' id='par_1_92' title="bbox 2088 4227 3742 4301">
     <span class='ocr_line' id='line_1_92' title="bbox 2088 4227 3742 4301; baseline 0 -17"><span class='ocrx_word' id='word_1_664' title='bbox 2088 4246 2218 4284; x_wconf 91' lang='lat' dir='ltr'>rum</span> <span class='ocrx_word' id='word_1_665' title='bbox 2252 4229 2538 4295; x_wconf 87' lang='lat' dir='ltr'>imitatus,</span> <span class='ocrx_word' id='word_1_666' title='bbox 2590 4227 2777 4282; x_wconf 85' lang='lat' dir='ltr'>multa</span> <span class='ocrx_word' id='word_1_667' title='bbox 2823 4228 3080 4299; x_wconf 88' lang='lat' dir='ltr'>scripsit,</span> <span class='ocrx_word' id='word_1_668' title='bbox 3131 4245 3381 4300; x_wconf 90' lang='lat' dir='ltr'>quorum</span> <span class='ocrx_word' id='word_1_669' title='bbox 3435 4247 3568 4301; x_wconf 92' lang='lat' dir='ltr'>pars</span> <span class='ocrx_word' id='word_1_670' title='bbox 3623 4231 3742 4284; x_wconf 63' lang='lat' dir='ltr'>haec</span> 
     </span>
    </p>
   </div>
   <div class='ocr_carea' id='block_1_93' title="bbox 2089 4324 2209 4375">
    <p class='ocr_par' dir='ltr' id='par_1_93' title="bbox 2089 4324 2209 4375">
     <span class='ocr_line' id='line_1_93' title="bbox 2089 4324 2209 4375; baseline -0.008 0"><span class='ocrx_word' id='word_1_671' title='bbox 2089 4324 2176 4375; x_wconf 87' lang='lat' dir='ltr'>est</span> <span class='ocrx_word' id='word_1_672' title='bbox 2197 4335 2209 4374; x_wconf 91' lang='lat'>:</span> 
     </span>
    </p>
   </div>
   <div class='ocr_carea' id='block_1_94' title="bbox 2517 4434 3314 4507">
    <p class='ocr_par' dir='ltr' id='par_1_94' title="bbox 2517 4434 3314 4507">
     <span class='ocr_line' id='line_1_94' title="bbox 2517 4434 3314 4507; baseline 0.004 -20"><span class='ocrx_word' id='word_1_673' title='bbox 2517 4435 2596 4489; x_wconf 83' lang='lat' dir='ltr'>BI.</span> <span class='ocrx_word' id='word_1_674' title='bbox 2613 4435 2967 4489; x_wconf 63' lang='lat' dir='ltr'>ASPHEMIzE</span> <span class='ocrx_word' id='word_1_675' title='bbox 3007 4434 3146 4490; x_wconf 84' lang='lat' dir='ltr'><strong><em>ARII</em></strong></span> <span class='ocrx_word' id='word_1_676' title='bbox 3181 4435 3314 4507; x_wconf 75' lang='lat'>(15).</span> 
     </span>
    </p>
   </div>
   <div class='ocr_carea' id='block_1_95' title="bbox 2162 4539 3746 4614">
    <p class='ocr_par' dir='ltr' id='par_1_95' title="bbox 2162 4539 3746 4614">
     <span class='ocr_line' id='line_1_95' title="bbox 2162 4539 3746 4614; baseline 0.001 -19"><span class='ocrx_word' id='word_1_677' title='bbox 2162 4541 2290 4611; x_wconf 88' lang='lat' dir='ltr'>Ipse</span> <span class='ocrx_word' id='word_1_678' title='bbox 2317 4539 2495 4611; x_wconf 84' lang='lat' dir='ltr'>igitur</span> <span class='ocrx_word' id='word_1_679' title='bbox 2527 4540 2684 4594; x_wconf 88' lang='lat' dir='ltr'>Dens</span> <span class='ocrx_word' id='word_1_680' title='bbox 2709 4541 3032 4595; x_wconf 88' lang='lat' dir='ltr'>secundum</span> <span class='ocrx_word' id='word_1_681' title='bbox 3060 4540 3203 4596; x_wconf 90' lang='lat' dir='ltr'>illud</span> <span class='ocrx_word' id='word_1_682' title='bbox 3231 4543 3381 4614; x_wconf 91' lang='lat' dir='ltr'>quod</span> <span class='ocrx_word' id='word_1_683' title='bbox 3407 4546 3518 4608; x_wconf 91' lang='lat' dir='ltr'>est,</span> <span class='ocrx_word' id='word_1_684' title='bbox 3552 4541 3746 4597; x_wconf 74' lang='lat' dir='ltr'>ineffa-</span> 
     </span>
    </p>
   </div>
   <div class='ocr_carea' id='block_1_96' title="bbox 2090 4629 3745 4702">
    <p class='ocr_par' dir='ltr' id='par_1_96' title="bbox 2090 4629 3745 4702">
     <span class='ocr_line' id='line_1_96' title="bbox 2090 4629 3745 4702; baseline 0 -17"><span class='ocrx_word' id='word_1_685' title='bbox 2090 4630 2225 4686; x_wconf 85' lang='lat' dir='ltr'>bilis</span> <span class='ocrx_word' id='word_1_686' title='bbox 2257 4629 2533 4684; x_wconf 89' lang='lat' dir='ltr'>omnibus</span> <span class='ocrx_word' id='word_1_687' title='bbox 2564 4634 2671 4684; x_wconf 86' lang='lat' dir='ltr'>est.</span> <span class='ocrx_word' id='word_1_688' title='bbox 2709 4629 2809 4683; x_wconf 89' lang='lat' dir='ltr'>Hic</span> <span class='ocrx_word' id='word_1_689' title='bbox 2841 4629 3004 4685; x_wconf 85' lang='lat' dir='ltr'>solus</span> <span class='ocrx_word' id='word_1_690' title='bbox 3037 4629 3266 4686; x_wconf 91' lang='lat' dir='ltr'>nullum</span> <span class='ocrx_word' id='word_1_691' title='bbox 3296 4631 3406 4686; x_wconf 91' lang='lat' dir='ltr'>sibi</span> <span class='ocrx_word' id='word_1_692' title='bbox 3439 4631 3527 4686; x_wconf 87' lang='lat' dir='ltr'>vel</span> <span class='ocrx_word' id='word_1_693' title='bbox 3558 4648 3745 4702; x_wconf 76' lang='lat' dir='ltr'>aequa-</span> 
     </span>
    </p>
   </div>
   <div class='ocr_carea' id='block_1_97' title="bbox 329 4692 1961 4797">
    <p class='ocr_par' dir='ltr' id='par_1_97' title="bbox 329 4692 1961 4797">
     <span class='ocr_line' id='line_1_97' title="bbox 443 4692 1819 4708; baseline -0.004 0"><span class='ocrx_word' id='word_1_694' title='bbox 443 4692 516 4708; x_wconf 64' lang='lat'>...</span> <span class='ocrx_word' id='word_1_695' title='bbox 773 4692 784 4703; x_wconf 77' lang='grc' dir='ltr'>ι</span> <span class='ocrx_word' id='word_1_696' title='bbox 1010 4692 1018 4703; x_wconf 79' lang='grc' dir='ltr'>ι</span> <span class='ocrx_word' id='word_1_697' title='bbox 1172 4692 1184 4701; x_wconf 66' lang='grc' dir='ltr'><strong>ρ</strong></span> <span class='ocrx_word' id='word_1_698' title='bbox 1292 4692 1325 4705; x_wconf 58' lang='grc' dir='ltr'>,ι</span> <span class='ocrx_word' id='word_1_699' title='bbox 1392 4692 1401 4701; x_wconf 84' lang='grc'>.</span> <span class='ocrx_word' id='word_1_700' title='bbox 1548 4692 1561 4699; x_wconf 83' lang='grc'>.</span> <span class='ocrx_word' id='word_1_701' title='bbox 1685 4692 1718 4704; x_wconf 51' lang='grc' dir='ltr'>,ι</span> <span class='ocrx_word' id='word_1_702' title='bbox 1810 4692 1819 4702; x_wconf 89' lang='grc'>.</span> 
     </span>
     <span class='ocr_line' id='line_1_98' title="bbox 329 4715 1961 4797; baseline -0.004 -18"><span class='ocrx_word' id='word_1_703' title='bbox 329 4721 504 4783; x_wconf 73' lang='grc' dir='ltr'>οὗτος.</span> <span class='ocrx_word' id='word_1_704' title='bbox 540 4722 856 4797; x_wconf 77' lang='grc' dir='ltr'>’Δγέννήτον</span> <span class='ocrx_word' id='word_1_705' title='bbox 910 4717 966 4774; x_wconf 67' lang='grc' dir='ltr'>δὲ</span> <span class='ocrx_word' id='word_1_706' title='bbox 1015 4719 1173 4774; x_wconf 80' lang='grc' dir='ltr'>αὐτόν</span> <span class='ocrx_word' id='word_1_707' title='bbox 1227 4739 1401 4796; x_wconf 75' lang='grc' dir='ltr'>φαμεν</span> <span class='ocrx_word' id='word_1_708' title='bbox 1435 4715 1523 4772; x_wconf 82' lang='grc' dir='ltr'>διὰ</span> <span class='ocrx_word' id='word_1_709' title='bbox 1567 4718 1658 4772; x_wconf 88' lang='grc' dir='ltr'>τὸν</span> <span class='ocrx_word' id='word_1_710' title='bbox 1692 4719 1789 4786; x_wconf 79' lang='grc' dir='ltr'>τήν</span> <span class='ocrx_word' id='word_1_711' title='bbox 1819 4718 1961 4796; x_wconf 45' lang='grc' dir='ltr'>φύσιν</span> 
     </span>
    </p>
   </div>
   <div class='ocr_carea' id='block_1_98' title="bbox 2082 4692 3742 4797">
    <p class='ocr_par' dir='ltr' id='par_1_98' title="bbox 2088 4692 3742 4792">
     <span class='ocr_line' id='line_1_99' title="bbox 2088 4692 3742 4792; baseline -0.001 -18"><span class='ocrx_word' id='word_1_712' title='bbox 2088 4719 2200 4774; x_wconf 91' lang='lat' dir='ltr'>lem</span> <span class='ocrx_word' id='word_1_713' title='bbox 2224 4718 2310 4774; x_wconf 90' lang='lat' dir='ltr'>vel</span> <span class='ocrx_word' id='word_1_714' title='bbox 2334 4717 2583 4774; x_wconf 90' lang='lat' dir='ltr'>similem</span> <span class='ocrx_word' id='word_1_715' title='bbox 2608 4717 2694 4773; x_wconf 88' lang='lat' dir='ltr'>vel</span> <span class='ocrx_word' id='word_1_716' title='bbox 2716 4717 2952 4788; x_wconf 78' lang='lat' dir='ltr'>aequalis</span> <span class='ocrx_word' id='word_1_717' title='bbox 2973 4719 3168 4791; x_wconf 83' lang='lat' dir='ltr'>gloriae</span> <span class='ocrx_word' id='word_1_718' title='bbox 3189 4720 3383 4775; x_wconf 89' lang='lat' dir='ltr'>habet.</span> <span class='ocrx_word' id='word_1_719' title='bbox 3412 4692 3742 4792; x_wconf 73' lang='lat' dir='ltr'>Ingenitum</span> 
     </span>
    </p>
   </div>
   <div class='ocr_carea' id='block_1_99' title="bbox 327 4803 1972 4887">
    <p class='ocr_par' dir='ltr' id='par_1_99' title="bbox 327 4803 1972 4887">
     <span class='ocr_line' id='line_1_100' title="bbox 327 4803 1972 4887; baseline -0.002 -22"><span class='ocrx_word' id='word_1_720' title='bbox 327 4810 581 4887; x_wconf 87' lang='grc' dir='ltr'>γεννητόν</span> <span class='ocrx_word' id='word_1_721' title='bbox 610 4829 622 4842; x_wconf 90' lang='grc'><strong>·</strong></span> <span class='ocrx_word' id='word_1_722' title='bbox 676 4813 867 4864; x_wconf 79' lang='grc' dir='ltr'>τοῦτον</span> <span class='ocrx_word' id='word_1_723' title='bbox 929 4809 1166 4884; x_wconf 84' lang='grc' dir='ltr'>ἄναρχον</span> <span class='ocrx_word' id='word_1_724' title='bbox 1227 4807 1567 4880; x_wconf 81' lang='grc' dir='ltr'>ἀνυμνοῦμεν</span> <span class='ocrx_word' id='word_1_725' title='bbox 1627 4803 1716 4861; x_wconf 81' lang='grc' dir='ltr'>διὰ</span> <span class='ocrx_word' id='word_1_726' title='bbox 1771 4808 1861 4862; x_wconf 87' lang='grc' dir='ltr'>τὸν</span> <span class='ocrx_word' id='word_1_727' title='bbox 1922 4809 1972 4862; x_wconf 80' lang='grc' dir='ltr'>έν</span> 
     </span>
    </p>
   </div>
   <div class='ocr_carea' id='block_1_100' title="bbox 328 4889 1976 4976">
    <p class='ocr_par' dir='ltr' id='par_1_100' title="bbox 328 4889 1976 4976">
     <span class='ocr_line' id='line_1_101' title="bbox 328 4889 1976 4976; baseline -0.001 -22"><span class='ocrx_word' id='word_1_728' title='bbox 328 4899 518 4976; x_wconf 81' lang='grc' dir='ltr'>χρόνῳ</span> <span class='ocrx_word' id='word_1_729' title='bbox 549 4901 659 4972; x_wconf 81' lang='grc'>(14)</span> <span class='ocrx_word' id='word_1_730' title='bbox 709 4897 957 4975; x_wconf 87' lang='grc' dir='ltr'>γεγαότα.</span> <span class='ocrx_word' id='word_1_731' title='bbox 1000 4898 1207 4972; x_wconf 76' lang='grc' dir='ltr'>’Λρχὴν</span> <span class='ocrx_word' id='word_1_732' title='bbox 1248 4897 1338 4950; x_wconf 87' lang='grc' dir='ltr'>τὸν</span> <span class='ocrx_word' id='word_1_733' title='bbox 1381 4896 1503 4950; x_wconf 79' lang='grc' dir='ltr'>ι”ιὸν</span> <span class='ocrx_word' id='word_1_734' title='bbox 1546 4889 1706 4966; x_wconf 78' lang='grc' dir='ltr'>ἔθηκε</span> <span class='ocrx_word' id='word_1_735' title='bbox 1744 4901 1851 4951; x_wconf 89' lang='grc' dir='ltr'>τῶν</span> <span class='ocrx_word' id='word_1_736' title='bbox 1881 4919 1976 4972; x_wconf 79' lang='grc' dir='ltr'>γε·</span> 
     </span>
    </p>
   </div>
   <div class='ocr_carea' id='block_1_101' title="bbox 329 4983 1979 5064">
    <p class='ocr_par' dir='ltr' id='par_1_101' title="bbox 329 4983 1979 5064">
     <span class='ocr_line' id='line_1_102' title="bbox 329 4983 1979 5064; baseline -0.001 -21"><span class='ocrx_word' id='word_1_737' title='bbox 329 4993 506 5060; x_wconf 86' lang='grc' dir='ltr'>νητῶν</span> <span class='ocrx_word' id='word_1_738' title='bbox 537 4989 565 5042; x_wconf 90' lang='grc' dir='ltr'>ὁ</span> <span class='ocrx_word' id='word_1_739' title='bbox 599 4986 858 5064; x_wconf 78' lang='grc' dir='ltr'>ἄναρχος,</span> <span class='ocrx_word' id='word_1_740' title='bbox 907 4986 997 5041; x_wconf 84' lang='grc' dir='ltr'>καὶ</span> <span class='ocrx_word' id='word_1_741' title='bbox 1045 4983 1264 5062; x_wconf 70' lang='grc' dir='ltr'>ἤνεγκεν</span> <span class='ocrx_word' id='word_1_742' title='bbox 1313 4985 1390 5047; x_wconf 70' lang='grc' dir='ltr'>εἴς</span> <span class='ocrx_word' id='word_1_743' title='bbox 1443 4985 1563 5038; x_wconf 77' lang='grc' dir='ltr'>Υἱὸν</span> <span class='ocrx_word' id='word_1_744' title='bbox 1611 4986 1782 5057; x_wconf 73' lang='grc' dir='ltr'>ἑαυτῷ</span> <span class='ocrx_word' id='word_1_745' title='bbox 1822 4985 1979 5042; x_wconf 87' lang='grc' dir='ltr'>τόνδε</span> 
     </span>
    </p>
   </div>
   <div class='ocr_carea' id='block_1_102' title="bbox 329 5069 1977 5150">
    <p class='ocr_par' dir='ltr' id='par_1_102' title="bbox 329 5069 1977 5150">
     <span class='ocr_line' id='line_1_103' title="bbox 329 5069 1977 5150; baseline -0.001 -18"><span class='ocrx_word' id='word_1_746' title='bbox 329 5079 739 5147; x_wconf 79' lang='grc' dir='ltr'>τεκνοποιήσας.</span> <span class='ocrx_word' id='word_1_747' title='bbox 783 5072 948 5133; x_wconf 81' lang='grc' dir='ltr'>’Ἱδιον</span> <span class='ocrx_word' id='word_1_748' title='bbox 990 5071 1141 5130; x_wconf 72' lang='grc' dir='ltr'>οὐδὲν</span> <span class='ocrx_word' id='word_1_749' title='bbox 1195 5069 1312 5150; x_wconf 79' lang='grc' dir='ltr'>ἔχει</span> <span class='ocrx_word' id='word_1_750' title='bbox 1354 5078 1451 5128; x_wconf 73' lang='grc' dir='ltr'>τοῦ</span> <span class='ocrx_word' id='word_1_751' title='bbox 1500 5077 1633 5129; x_wconf 81' lang='grc' dir='ltr'>Θεοῦ</span> <span class='ocrx_word' id='word_1_752' title='bbox 1679 5077 1795 5138; x_wconf 85' lang='grc' dir='ltr'>καθ’</span> <span class='ocrx_word' id='word_1_753' title='bbox 1848 5077 1977 5131; x_wconf 84' lang='grc' dir='ltr'>ὑπό-</span> 
     </span>
    </p>
   </div>
   <div class='ocr_carea' id='block_1_103' title="bbox 403 5202 1462 5273">
    <p class='ocr_par' dir='ltr' id='par_1_103' title="bbox 403 5202 1462 5273">
     <span class='ocr_line' id='line_1_104' title="bbox 403 5202 1462 5273; baseline -0.004 -13"><span class='ocrx_word' id='word_1_754' title='bbox 403 5206 448 5240; x_wconf 80' lang='grc'>⁰⁶</span> <span class='ocrx_word' id='word_1_755' title='bbox 479 5206 500 5260; x_wconf 91' lang='lat' dir='ltr'><strong>I</strong></span> <span class='ocrx_word' id='word_1_756' title='bbox 533 5208 658 5260; x_wconf 90' lang='lat' dir='ltr'>Cor.</span> <span class='ocrx_word' id='word_1_757' title='bbox 689 5221 774 5272; x_wconf 84' lang='lat' dir='ltr'>x1,</span> <span class='ocrx_word' id='word_1_758' title='bbox 801 5206 857 5258; x_wconf 88' lang='lat'>2.</span> <span class='ocrx_word' id='word_1_759' title='bbox 935 5203 978 5239; x_wconf 78' lang='lat'>’°</span> <span class='ocrx_word' id='word_1_760' title='bbox 1010 5203 1173 5258; x_wconf 90' lang='lat' dir='ltr'>Prov.</span> <span class='ocrx_word' id='word_1_761' title='bbox 1208 5219 1342 5273; x_wconf 80' lang='lat' dir='ltr'><strong>xxx,</strong></span> <span class='ocrx_word' id='word_1_762' title='bbox 1377 5202 1462 5256; x_wconf 95' lang='grc'>11.</span> 
     </span>
    </p>
   </div>
   <div class='ocr_carea' id='block_1_104' title="bbox 403 5345 1246 5418">
    <p class='ocr_par' dir='ltr' id='par_1_104' title="bbox 403 5345 1246 5418">
     <span class='ocr_line' id='line_1_105' title="bbox 403 5345 1246 5418; baseline -0.005 -16"><span class='ocrx_word' id='word_1_763' title='bbox 403 5347 480 5418; x_wconf 90' lang='grc'>(8)</span> <span class='ocrx_word' id='word_1_764' title='bbox 509 5347 598 5403; x_wconf 89' lang='lat' dir='ltr'>Sic</span> <span class='ocrx_word' id='word_1_765' title='bbox 631 5347 844 5417; x_wconf 80' lang='lat' dir='ltr'>Regius</span> <span class='ocrx_word' id='word_1_766' title='bbox 875 5345 1046 5411; x_wconf 82' lang='lat' dir='ltr'>Editi,</span> <span class='ocrx_word' id='word_1_767' title='bbox 1085 5345 1246 5418; x_wconf 81' lang='grc' dir='ltr'>ὑμᾶς.</span> 
     </span>
    </p>
   </div>
   <div class='ocr_carea' id='block_1_105' title="bbox 406 5410 1980 5544">
    <p class='ocr_par' dir='ltr' id='par_1_105' title="bbox 406 5410 1980 5544">
     <span class='ocr_line' id='line_1_106' title="bbox 406 5410 1980 5544; baseline 0 -72"><span class='ocrx_word' id='word_1_768' title='bbox 517 5410 751 5492; x_wconf 61' lang='lat' dir='ltr'>Regius,</span> <span class='ocrx_word' id='word_1_769' title='bbox 812 5410 1278 5492; x_wconf 70' lang='grc' dir='ltr'>Ἀρειανῇ.’ΜοΧ</span> <span class='ocrx_word' id='word_1_770' title='bbox 1343 5417 1520 5486; x_wconf 90' lang='lat' dir='ltr'>idem,</span> <span class='ocrx_word' id='word_1_771' title='bbox 1582 5410 1980 5494; x_wconf 72' lang='grc' dir='ltr'>φοϐουμένους,</span> 
     </span>
     <span class='ocr_line' id='line_1_107' title="bbox 406 5507 506 5544; baseline 0 0"><span class='ocrx_word' id='word_1_772' title='bbox 406 5508 430 5544; x_wconf 71' lang='grc' dir='ltr'>ει</span> <span class='ocrx_word' id='word_1_773' title='bbox 457 5507 506 5544; x_wconf 90' lang='lat' dir='ltr'>e.</span> 
     </span>
    </p>
   </div>
   <div class='ocr_carea' id='block_1_106' title="bbox 333 5507 506 5546">
    <p class='ocr_par' dir='ltr' id='par_1_106' title="bbox 333 5507 506 5546">
     <span class='ocr_line' id='line_1_108' title="bbox 333 5507 506 5546; baseline 0 0"><span class='ocrx_word' id='word_1_774' title='bbox 333 5507 506 5546; x_wconf 82' lang='lat' dir='ltr'>male.</span> 
     </span>
    </p>
   </div>
   <div class='ocr_carea' id='block_1_107' title="bbox 403 5559 1790 5634">
    <p class='ocr_par' dir='ltr' id='par_1_107' title="bbox 403 5559 1790 5634">
     <span class='ocr_line' id='line_1_109' title="bbox 403 5559 1790 5634; baseline -0.001 -17"><span class='ocrx_word' id='word_1_775' title='bbox 403 5565 515 5634; x_wconf 91' lang='grc'>(10)</span> <span class='ocrx_word' id='word_1_776' title='bbox 544 5561 758 5634; x_wconf 80' lang='lat' dir='ltr'>Regius</span> <span class='ocrx_word' id='word_1_777' title='bbox 788 5561 1092 5634; x_wconf 71' lang='grc' dir='ltr'>ἡγήσησθε.</span> <span class='ocrx_word' id='word_1_778' title='bbox 1127 5559 1277 5616; x_wconf 84' lang='lat' dir='ltr'>Editi</span> <span class='ocrx_word' id='word_1_779' title='bbox 1308 5577 1463 5634; x_wconf 81' lang='lat' dir='ltr'>vero,</span> <span class='ocrx_word' id='word_1_780' title='bbox 1493 5560 1790 5634; x_wconf 66' lang='grc' dir='ltr'>ἡγήσασθε.</span> 
     </span>
    </p>
   </div>
   <div class='ocr_carea' id='block_1_108' title="bbox 404 5627 1980 5705">
    <p class='ocr_par' dir='ltr' id='par_1_108' title="bbox 404 5627 1980 5705">
     <span class='ocr_line' id='line_1_110' title="bbox 404 5627 1980 5705; baseline 0.001 -17"><span class='ocrx_word' id='word_1_781' title='bbox 404 5627 514 5705; x_wconf 83' lang='grc'>(11)</span> <span class='ocrx_word' id='word_1_782' title='bbox 548 5627 744 5704; x_wconf 62' lang='grc' dir='ltr'>Βᾶέὶὶη</span> <span class='ocrx_word' id='word_1_783' title='bbox 777 5627 970 5686; x_wconf 68' lang='grc' dir='ltr'>καὶὲν</span> <span class='ocrx_word' id='word_1_784' title='bbox 1015 5635 1120 5686; x_wconf 91' lang='grc' dir='ltr'>τῶν</span> <span class='ocrx_word' id='word_1_785' title='bbox 1178 5631 1513 5705; x_wconf 12' lang='grc' dir='ltr'>κτισίματων.</span> <span class='ocrx_word' id='word_1_786' title='bbox 1547 5627 1736 5688; x_wconf 67' lang='grc' dir='ltr'>ἸΠῖΓδ.</span> <span class='ocrx_word' id='word_1_787' title='bbox 1800 5633 1980 5690; x_wconf 81' lang='lat' dir='ltr'>editio</span> 
     </span>
    </p>
   </div>
   <div class='ocr_carea' id='block_1_109' title="bbox 330 5651 1977 5778">
    <p class='ocr_par' dir='ltr' id='par_1_109' title="bbox 330 5651 1977 5778">
     <span class='ocr_line' id='line_1_111' title="bbox 404 5651 1977 5705; baseline 0.001 -17"><span class='ocrx_word' id='word_1_788' title='bbox 404 5651 514 5705; x_wconf 80' lang='grc' dir='ltr'>(ιι)</span> <span class='ocrx_word' id='word_1_789' title='bbox 548 5651 744 5704; x_wconf 71' lang='grc' dir='ltr'>υοειι.,</span> <span class='ocrx_word' id='word_1_790' title='bbox 777 5653 868 5686; x_wconf 85' lang='grc' dir='ltr'>και</span> <span class='ocrx_word' id='word_1_791' title='bbox 901 5652 953 5686; x_wconf 90' lang='grc' dir='ltr'>εν</span> <span class='ocrx_word' id='word_1_792' title='bbox 1015 5653 1120 5686; x_wconf 89' lang='grc' dir='ltr'>των</span> <span class='ocrx_word' id='word_1_793' title='bbox 1180 5652 1301 5687; x_wconf 85' lang='grc' dir='ltr'>κτισ</span> <span class='ocrx_word' id='word_1_794' title='bbox 1351 5651 1513 5688; x_wconf 86' lang='grc' dir='ltr'>ατων.</span> <span class='ocrx_word' id='word_1_795' title='bbox 1577 5651 1736 5688; x_wconf 77' lang='lat' dir='ltr'>inira</span> <span class='ocrx_word' id='word_1_796' title='bbox 1800 5651 1977 5690; x_wconf 74' lang='lat' dir='ltr'>editio</span> 
     </span>
     <span class='ocr_line' id='line_1_112' title="bbox 330 5651 1977 5778; baseline -0.001 -16"><span class='ocrx_word' id='word_1_797' title='bbox 330 5705 610 5778; x_wconf 68' lang='lat' dir='ltr'>Qommel.</span> <span class='ocrx_word' id='word_1_798' title='bbox 644 5711 702 5762; x_wconf 91' lang='lat' dir='ltr'>et</span> <span class='ocrx_word' id='word_1_799' title='bbox 734 5722 939 5762; x_wconf 90' lang='lat' dir='ltr'>omnes</span> <span class='ocrx_word' id='word_1_800' title='bbox 971 5721 1134 5776; x_wconf 65' lang='lat' dir='ltr'>mss,</span> <span class='ocrx_word' id='word_1_801' title='bbox 1169 5702 1257 5758; x_wconf 80' lang='grc' dir='ltr'>ὅτε</span> <span class='ocrx_word' id='word_1_802' title='bbox 1292 5651 1568 5778; x_wconf 52' lang='grc' dir='ltr'>έθύλεται.</span> <span class='ocrx_word' id='word_1_803' title='bbox 1605 5705 1977 5775; x_wconf 78' lang='lat' dir='ltr'>Edit.Paris.,</span> 
     </span>
    </p>
   </div>
   <div class='ocr_carea' id='block_1_110' title="bbox 330 5774 724 5851">
    <p class='ocr_par' dir='ltr' id='par_1_110' title="bbox 330 5774 724 5851">
     <span class='ocr_line' id='line_1_113' title="bbox 330 5774 724 5851; baseline 0.005 -20"><span class='ocrx_word' id='word_1_804' title='bbox 330 5774 412 5831; x_wconf 82' lang='grc' dir='ltr'>ὅτι</span> <span class='ocrx_word' id='word_1_805' title='bbox 450 5775 724 5851; x_wconf 88' lang='grc' dir='ltr'>βούλεται.</span> 
     </span>
    </p>
   </div>
   <div class='ocr_carea' id='block_1_111' title="bbox 2088 4807 3743 4880">
    <p class='ocr_par' dir='ltr' id='par_1_111' title="bbox 2088 4807 3743 4880">
     <span class='ocr_line' id='line_1_114' title="bbox 2088 4807 3743 4880; baseline 0 -17"><span class='ocrx_word' id='word_1_806' title='bbox 2088 4814 2283 4863; x_wconf 89' lang='lat' dir='ltr'>autem</span> <span class='ocrx_word' id='word_1_807' title='bbox 2317 4807 2485 4863; x_wconf 88' lang='lat' dir='ltr'>illum</span> <span class='ocrx_word' id='word_1_808' title='bbox 2517 4807 2791 4872; x_wconf 89' lang='lat' dir='ltr'>dicimus,</span> <span class='ocrx_word' id='word_1_809' title='bbox 2825 4813 3062 4878; x_wconf 88' lang='lat' dir='ltr'>propter</span> <span class='ocrx_word' id='word_1_810' title='bbox 3099 4825 3232 4863; x_wconf 89' lang='lat' dir='ltr'>eum</span> <span class='ocrx_word' id='word_1_811' title='bbox 3267 4809 3364 4879; x_wconf 92' lang='lat' dir='ltr'>qui</span> <span class='ocrx_word' id='word_1_812' title='bbox 3398 4814 3611 4863; x_wconf 88' lang='lat' dir='ltr'>natura</span> <span class='ocrx_word' id='word_1_813' title='bbox 3639 4825 3743 4880; x_wconf 86' lang='lat' dir='ltr'>ge-</span> 
     </span>
    </p>
   </div>
   <div class='ocr_carea' id='block_1_112' title="bbox 2090 4895 3746 4968">
    <p class='ocr_par' dir='ltr' id='par_1_112' title="bbox 2090 4895 3746 4968">
     <span class='ocr_line' id='line_1_115' title="bbox 2090 4895 3746 4968; baseline 0 -16"><span class='ocrx_word' id='word_1_814' title='bbox 2090 4898 2248 4953; x_wconf 89' lang='lat' dir='ltr'>nitus</span> <span class='ocrx_word' id='word_1_815' title='bbox 2280 4900 2406 4952; x_wconf 86' lang='lat' dir='ltr'>est:</span> <span class='ocrx_word' id='word_1_816' title='bbox 2441 4895 2598 4950; x_wconf 92' lang='lat' dir='ltr'>hunc</span> <span class='ocrx_word' id='word_1_817' title='bbox 2621 4895 2748 4951; x_wconf 89' lang='lat' dir='ltr'>sine</span> <span class='ocrx_word' id='word_1_818' title='bbox 2780 4895 3063 4968; x_wconf 89' lang='lat' dir='ltr'>principio</span> <span class='ocrx_word' id='word_1_819' title='bbox 3090 4896 3476 4968; x_wconf 85' lang='lat' dir='ltr'>celebramus,</span> <span class='ocrx_word' id='word_1_820' title='bbox 3509 4901 3746 4968; x_wconf 90' lang='lat' dir='ltr'>propter</span> 
     </span>
    </p>
   </div>
   <div class='ocr_carea' id='block_1_113' title="bbox 2088 4987 3742 5059">
    <p class='ocr_par' dir='ltr' id='par_1_113' title="bbox 2088 4987 3742 5059">
     <span class='ocr_line' id='line_1_116' title="bbox 2088 4987 3742 5059; baseline -0.001 -14"><span class='ocrx_word' id='word_1_821' title='bbox 2088 5006 2222 5046; x_wconf 90' lang='lat' dir='ltr'>eum</span> <span class='ocrx_word' id='word_1_822' title='bbox 2255 4989 2350 5059; x_wconf 90' lang='lat' dir='ltr'>qui</span> <span class='ocrx_word' id='word_1_823' title='bbox 2383 4987 2620 5042; x_wconf 89' lang='lat' dir='ltr'>initium</span> <span class='ocrx_word' id='word_1_824' title='bbox 2670 4987 2864 5042; x_wconf 89' lang='lat' dir='ltr'>habet.</span> <span class='ocrx_word' id='word_1_825' title='bbox 2916 4988 3215 5043; x_wconf 68' lang='lat' dir='ltr'>[Eternum</span> <span class='ocrx_word' id='word_1_826' title='bbox 3269 4989 3463 5059; x_wconf 89' lang='lat' dir='ltr'>ipsum</span> <span class='ocrx_word' id='word_1_827' title='bbox 3505 5005 3742 5044; x_wconf 89' lang='lat' dir='ltr'>venera-</span> 
     </span>
    </p>
   </div>
   <div class='ocr_carea' id='block_1_114' title="bbox 2091 5074 3744 5148">
    <p class='ocr_par' dir='ltr' id='par_1_114' title="bbox 2091 5074 3744 5148">
     <span class='ocr_line' id='line_1_117' title="bbox 2091 5074 3744 5148; baseline -0.001 -14"><span class='ocrx_word' id='word_1_828' title='bbox 2091 5078 2488 5148; x_wconf 87' lang='lat' dir='ltr'>mur,propter</span> <span class='ocrx_word' id='word_1_829' title='bbox 2515 5091 2649 5130; x_wconf 89' lang='lat' dir='ltr'>eum</span> <span class='ocrx_word' id='word_1_830' title='bbox 2676 5074 2776 5146; x_wconf 92' lang='lat' dir='ltr'>qui</span> <span class='ocrx_word' id='word_1_831' title='bbox 2800 5075 2858 5130; x_wconf 91' lang='lat' dir='ltr'>in</span> <span class='ocrx_word' id='word_1_832' title='bbox 2881 5078 3142 5147; x_wconf 88' lang='lat' dir='ltr'>tempore</span> <span class='ocrx_word' id='word_1_833' title='bbox 3166 5082 3338 5133; x_wconf 90' lang='lat' dir='ltr'>natus</span> <span class='ocrx_word' id='word_1_834' title='bbox 3361 5081 3468 5132; x_wconf 90' lang='lat' dir='ltr'>est.</span> <span class='ocrx_word' id='word_1_835' title='bbox 3487 5077 3594 5144; x_wconf 88' lang='lat' dir='ltr'>Qui</span> <span class='ocrx_word' id='word_1_836' title='bbox 3617 5078 3744 5133; x_wconf 89' lang='lat' dir='ltr'>sine</span> 
     </span>
    </p>
   </div>
   <div class='ocr_carea' id='block_1_115' title="bbox 2165 5343 3744 5417">
    <p class='ocr_par' dir='ltr' id='par_1_115' title="bbox 2165 5343 3744 5417">
     <span class='ocr_line' id='line_1_118' title="bbox 2165 5343 3744 5417; baseline 0.003 -17"><span class='ocrx_word' id='word_1_837' title='bbox 2165 5347 2276 5417; x_wconf 84' lang='grc'>(12)</span> <span class='ocrx_word' id='word_1_838' title='bbox 2299 5345 2388 5399; x_wconf 87' lang='lat' dir='ltr'>Sic</span> <span class='ocrx_word' id='word_1_839' title='bbox 2420 5343 2650 5413; x_wconf 77' lang='lat' dir='ltr'>Regius.</span> <span class='ocrx_word' id='word_1_840' title='bbox 2689 5345 2747 5398; x_wconf 87' lang='lat' dir='ltr'>In</span> <span class='ocrx_word' id='word_1_841' title='bbox 2781 5343 2953 5400; x_wconf 89' lang='lat' dir='ltr'>editis</span> <span class='ocrx_word' id='word_1_842' title='bbox 2983 5348 3080 5398; x_wconf 76' lang='grc' dir='ltr'>τοῦ</span> <span class='ocrx_word' id='word_1_843' title='bbox 3112 5345 3292 5402; x_wconf 88' lang='lat' dir='ltr'>deest.</span> <span class='ocrx_word' id='word_1_844' title='bbox 3348 5348 3452 5404; x_wconf 89' lang='lat' dir='ltr'>Hic</span> <span class='ocrx_word' id='word_1_845' title='bbox 3506 5352 3744 5405; x_wconf 82' lang='lat' dir='ltr'>Sosates</span> 
     </span>
    </p>
   </div>
   <div class='ocr_carea' id='block_1_116' title="bbox 2097 5417 2832 5486">
    <p class='ocr_par' dir='ltr' id='par_1_116' title="bbox 2097 5417 2832 5486">
     <span class='ocr_line' id='line_1_119' title="bbox 2097 5417 2832 5486; baseline -0.007 -13"><span class='ocrx_word' id='word_1_846' title='bbox 2097 5425 2337 5473; x_wconf 87' lang='lat' dir='ltr'>vocatur</span> <span class='ocrx_word' id='word_1_847' title='bbox 2365 5417 2605 5471; x_wconf 89' lang='lat' dir='ltr'>Sotades</span> <span class='ocrx_word' id='word_1_848' title='bbox 2633 5432 2832 5486; x_wconf 84' lang='lat' dir='ltr'>supra.</span> 
     </span>
    </p>
   </div>
   <div class='ocr_carea' id='block_1_117' title="bbox 2163 5483 3747 5564">
    <p class='ocr_par' dir='ltr' id='par_1_117' title="bbox 2163 5483 3747 5564">
     <span class='ocr_line' id='line_1_120' title="bbox 2163 5483 3747 5564; baseline 0.001 -20"><span class='ocrx_word' id='word_1_849' title='bbox 2163 5490 2276 5564; x_wconf 89' lang='grc'>(13)</span> <span class='ocrx_word' id='word_1_850' title='bbox 2316 5483 2730 5564; x_wconf 40' lang='grc' dir='ltr'>Αο-ιο-ίΑρείου,</span> <span class='ocrx_word' id='word_1_851' title='bbox 2759 5487 3052 5564; x_wconf 58' lang='grc' dir='ltr'>τοξρεεει</span> <span class='ocrx_word' id='word_1_852' title='bbox 3093 5488 3150 5564; x_wconf 76' lang='lat' dir='ltr'>in</span> <span class='ocrx_word' id='word_1_853' title='bbox 3207 5490 3402 5557; x_wconf 90' lang='lat' dir='ltr'>editis,</span> <span class='ocrx_word' id='word_1_854' title='bbox 3455 5490 3513 5545; x_wconf 90' lang='lat' dir='ltr'>in</span> <span class='ocrx_word' id='word_1_855' title='bbox 3569 5492 3747 5564; x_wconf 83' lang='lat' dir='ltr'>Regio</span> 
     </span>
    </p>
   </div>
   <div class='ocr_carea' id='block_1_118' title="bbox 2092 5556 3392 5634">
    <p class='ocr_par' dir='ltr' id='par_1_118' title="bbox 2092 5556 3392 5634">
     <span class='ocr_line' id='line_1_121' title="bbox 2092 5556 3392 5634; baseline -0.005 -20"><span class='ocrx_word' id='word_1_856' title='bbox 2092 5556 2362 5634; x_wconf 70' lang='lat' dir='ltr'>habetur.</span> <span class='ocrx_word' id='word_1_857' title='bbox 2398 5556 2795 5634; x_wconf 55' lang='lat' dir='ltr'>Ibid.&#39;Regius</span> <span class='ocrx_word' id='word_1_858' title='bbox 2833 5556 3176 5634; x_wconf 76' lang='grc' dir='ltr'>βλασφημία.</span> <span class='ocrx_word' id='word_1_859' title='bbox 3302 5631 3309 5634; x_wconf 24' lang='grc' dir='ltr'><strong>Α</strong></span> <span class='ocrx_word' id='word_1_860' title='bbox 3352 5595 3392 5634; x_wconf 80' lang='lat'>_.</span> 
     </span>
    </p>
   </div>
   <div class='ocr_carea' id='block_1_119' title="bbox 2163 5628 3746 5704">
    <p class='ocr_par' dir='ltr' id='par_1_119' title="bbox 2163 5628 3746 5704">
     <span class='ocr_line' id='line_1_122' title="bbox 2163 5628 3746 5704; baseline 0.004 -18"><span class='ocrx_word' id='word_1_861' title='bbox 2163 5633 2276 5704; x_wconf 70' lang='grc'>(14)</span> <span class='ocrx_word' id='word_1_862' title='bbox 2310 5628 2799 5704; x_wconf 19' lang='grc' dir='ltr'>Βεεςὶυελχρόνοις.</span> <span class='ocrx_word' id='word_1_863' title='bbox 2834 5628 3008 5687; x_wconf 83' lang='lat' dir='ltr'>Paulo</span> <span class='ocrx_word' id='word_1_864' title='bbox 3061 5628 3196 5704; x_wconf 86' lang='lat' dir='ltr'>post</span> <span class='ocrx_word' id='word_1_865' title='bbox 3251 5628 3406 5685; x_wconf 81' lang='grc' dir='ltr'>τόνδε</span> <span class='ocrx_word' id='word_1_866' title='bbox 3465 5635 3629 5691; x_wconf 86' lang='lat' dir='ltr'>deest</span> <span class='ocrx_word' id='word_1_867' title='bbox 3687 5636 3746 5691; x_wconf 90' lang='lat' dir='ltr'>in</span> 
     </span>
    </p>
   </div>
   <div class='ocr_carea' id='block_1_120' title="bbox 2090 5701 2860 5774">
    <p class='ocr_par' dir='ltr' id='par_1_120' title="bbox 2090 5701 2860 5774">
     <span class='ocr_line' id='line_1_123' title="bbox 2090 5701 2860 5774; baseline -0.003 -14"><span class='ocrx_word' id='word_1_868' title='bbox 2090 5701 2286 5760; x_wconf 88' lang='lat' dir='ltr'>editis.</span> <span class='ocrx_word' id='word_1_869' title='bbox 2323 5701 2609 5774; x_wconf 50' lang='lat' dir='ltr'>In_Regi&#39;o&#39;</span> <span class='ocrx_word' id='word_1_870' title='bbox 2631 5701 2860 5770; x_wconf 83' lang='lat' dir='ltr'>legitur.</span> 
     </span>
    </p>
   </div>
   <div class='ocr_carea' id='block_1_121' title="bbox 2162 5774 3734 5848">
    <p class='ocr_par' dir='ltr' id='par_1_121' title="bbox 2162 5774 3734 5848">
     <span class='ocr_line' id='line_1_124' title="bbox 2162 5774 3734 5848; baseline 0.003 -18"><span class='ocrx_word' id='word_1_871' title='bbox 2162 5777 2270 5848; x_wconf 84' lang='lat'>(15)</span> <span class='ocrx_word' id='word_1_872' title='bbox 2306 5775 2435 5831; x_wconf 73' lang='lat' dir='ltr'>Haec</span> <span class='ocrx_word' id='word_1_873' title='bbox 2465 5774 2640 5848; x_wconf 89' lang='lat' dir='ltr'>paulo</span> <span class='ocrx_word' id='word_1_874' title='bbox 2670 5781 2800 5847; x_wconf 91' lang='lat' dir='ltr'>post</span> <span class='ocrx_word' id='word_1_875' title='bbox 2829 5792 3052 5832; x_wconf 87' lang='lat' dir='ltr'>annum</span> <span class='ocrx_word' id='word_1_876' title='bbox 3083 5777 3188 5832; x_wconf 89' lang='lat'>320</span> <span class='ocrx_word' id='word_1_877' title='bbox 3235 5777 3393 5834; x_wconf 86' lang='lat' dir='ltr'>edita</span> <span class='ocrx_word' id='word_1_878' title='bbox 3441 5778 3734 5839; x_wconf 84' lang='lat' dir='ltr'>videntur.</span> 
     </span>
    </p>
   </div>
  </div>
