4082 6354
335 395 452 456 707

881 399 946 461 S.
991 400 1420 462 ATHANASII
1462 400 1634 463 OPP.
1680 396 1882 460 PARS
1925 394 1974 457 Ῑ.
2009 428 2089 442 -
2130 396 2545 461 HISTORICA
2586 399 2689 463 ET
2730 401 3214 467 DOGMATICA.

3621 409 3746 472 708

335 531 502 588 initio
533 533 622 588 est
650 531 860 588 Filium
885 533 1328 606 posuitinitium
1355 537 1776 596 creaturarum,
1795 529 1983 586 hunc-

2097 547 2277 584 στασιν
2337 527 2633 602 ἴδιότητοςο
2691 530 2818 590 οὐδὲ
2871 533 2970 612 γάρ
3021 533 3161 591 ἐστιν
3227 533 3380 606 ἴσος,
3433 535 3562 594 ἀλλ’
3621 536 3748 596 οὔδε

339 639 452 697 que
482 621 618 678 tulit
647 639 716 678 ac
745 623 856 680 sibi
889 623 947 678 in
984 623 1186 678 Filium
1221 623 1538 695 adoptavit,
1563 622 1662 695 qui
1695 620 1841 676 nihil
1875 625 1986 676 Deo

337 712 639 788 proprium
673 713 846 768 habet
876 713 1197 768 secundum
1239 713 1532 784 propriam
1567 710 1984 775 substantiam,

340 823 450 862 non
485 813 575 862 est
622 803 778 858 enim
827 801 1070 872 aequalis
1120 808 1226 856 aut
1273 800 1682 857 substantialis
1728 797 1834 854 illi.
1882 798 1984 853 Sa-

337 896 503 968 piens
533 912 666 950 vero
697 897 783 948 est
814 897 986 961 Deus,
1031 889 1170 961 quia
1199 891 1500 960 sapientiae
1553 890 1834 963 magister
1863 887 1986 960 ipse

337 990 442 1040 est.
479 984 722 1039 Evidens
755 997 984 1054 quoque
1005 996 1096 1036 res
1127 984 1236 1043 est,
1265 979 1446 1036 Deum
1471 977 1826 1034 invisibilem
1857 991 1986 1032 esse

335 1073 609 1128 omnibus
637 1089 766 1145 quae
799 1085 901 1142 per
925 1067 1131 1124 Filium
1165 1073 1322 1135 sunt,
1355 1067 1588 1140 ipsique
1609 1065 1754 1122 Filio
1783 1064 1985 1121 invisi-

334 1161 510 1216 bilem
541 1177 691 1216 esse.
725 1159 949 1214 Diserte
975 1161 1170 1212 autem
1203 1156 1396 1212 dicam
1428 1172 1542 1227 quo
1576 1156 1749 1210 modo
1779 1171 1813 1209 a
1846 1154 1985 1208 Filio

333 1250 602 1304 videatur
629 1247 730 1321 qui
759 1251 848 1304 est
877 1243 1224 1300 invisibilis:
1259 1244 1384 1308 Qua
1413 1244 1466 1300 vi
1493 1248 1642 1299 Deus
1671 1243 1866 1297 videre
1892 1258 1988 1314 po-

333 1344 470 1406 test,
501 1339 706 1395 eadem
741 1335 994 1410 propriis
1026 1333 1216 1389 modis
1240 1335 1296 1388 in
1322 1333 1533 1389 Filium
1567 1333 1725 1388 cadit
1757 1335 1983 1386 Patrem

331 1429 546 1492 videre,
578 1431 870 1498 quatenus
893 1424 979 1478 fas
1009 1427 1117 1478 est.
1143 1423 1430 1478 Nimirum
1464 1421 1722 1477 Trinitas
1752 1427 1840 1476 est
1869 1435 1982 1474 non

336 1517 513 1574 simili
547 1515 754 1589 gloria,
787 1513 1131 1570 substantias
1159 1512 1318 1568 enim
1349 1528 1551 1568 eorum
1583 1511 1736 1566 inter
1764 1526 1824 1565 se
1856 1526 1984 1582 per-

335 1606 522 1662 miste
557 1621 672 1660 non
700 1608 858 1669 sunt,
894 1601 1077 1656 altera
1106 1600 1288 1656 altera
1316 1599 1626 1673 gloriosior
1664 1604 1754 1656 est
1783 1598 1841 1652 in
1873 1598 1984 1652 im-

334 1709 628 1750 mensum.
660 1693 987 1748 Extraneus
1035 1707 1069 1745 a
1109 1689 1249 1746 Filio
1297 1691 1620 1745 secundum
1670 1689 1984 1746 essentiam

334 1785 502 1841 Pater
528 1789 637 1848 est,
670 1781 808 1854 quia
829 1781 954 1837 sine
975 1780 1261 1853 principio
1281 1785 1387 1836 est.
1417 1780 1680 1854 lntellige
1698 1780 1986 1837 unitatem

2097 617 2390 690 ὁμοούσιος
2421 619 2571 694 αὐτῷ
2601 623 2732 696 (16).
2770 623 2946 698 Σοφὸς
2999 620 3058 680 δέ
3104 623 3246 680 ἐστιν
3271 625 3299 682 6
3329 626 3482 698 Θεὸς,
3514 626 3599 682 ὅτι
3643 635 3746 699 τῆς

2097 705 2286 776 σοφίας
2335 705 2660 772 διδάσκαλος
2709 709 2891 774 αὐτός.
2939 712 3116 782 Ἱκανή
3168 711 3228 769 δὲ
3269 711 3566 787 ἀπόδειξις,
3599 717 3683 772 ὅτι
3716 719 3745 772 6

2095 797 2224 858 Θεὸς
2271 796 2500 873 ἀόρατος
2550 800 2738 870 ἅπασι,
2767 805 2884 862 τοῖς
2929 821 2989 856 τε
3037 799 3126 857 διὰ
3173 803 3301 858 Υἲοῦ
3345 805 3436 858 καὶ
3489 804 3636 878 αὐτῷ
3665 812 3746 880 τῷ

2094 885 2205 956 Υἱῷ
2235 884 2463 961 ἀόρατος
2514 887 2543 942 6
2593 887 2775 950 αὐτός.
2807 890 3013 961 Ῥητῶς
3063 888 3120 946 δὲ
3167 888 3326 962 λέξω.
3359 897 3475 957 πῶς
3524 899 3605 968 τῷ
3633 897 3746 968 Υἱῷ

2095 975 2283 1050 ὁρᾶται
2305 975 2333 1030 6
2363 975 2614 1051 ἀόρατοςο
2645 979 2729 1052 Τῇ
2781 975 3001 1052 δυνάμει
3051 981 3089 1050 ἧ
3137 976 3356 1036 δύναται
3385 981 3414 1036 6
3441 983 3570 1047 Θεὸς
3605 981 3739 1038 tam

2095 1061 2257 1125 ἰδίοις
2287 1084 2345 1119 τε
2379 1066 2598 1140 μέτροις
2647 1065 2904 1140 ὑπομένει
2951 1069 2980 1123 6
3024 1068 3150 1132 Υἱὸς
3205 1067 3336 1124 ἰδεῖν
3384 1071 3475 1126 τὸν
3507 1072 3741 1149 Πατέρα,

2095 1153 2169 1215 ὡς
2202 1155 2356 1226 θέμις
2387 1152 2551 1208 ἐστίν.
2583 1156 2782 1229 Ἥγουν
2814 1157 2974 1230 Τριάς
3007 1155 3119 1212 ἐστι
3151 1154 3328 1229 δόξαις
3359 1158 3468 1235 οὐχ
3497 1159 3739 1234 ὁμοίαις·

2093 1241 2439 1316 ἀνεπίμικτοι
2493 1243 2704 1306 ἑαυταῖς
2752 1243 2883 1299 εἰσιν
2932 1245 2988 1300 αἱ
3041 1247 3359 1310 ὑποστάσεις
3407 1247 3606 1304 αὐτῶν·
3647 1248 3746 1323 μία

2091 1335 2192 1402 τῆς
2243 1338 2370 1406 μιᾶς
2419 1329 2732 1408 ἐνδοξοτέρα
2781 1329 2960 1407 δόξαις
3008 1333 3088 1390 ἐπ’
3136 1336 3379 1412 ἄπειρον.
3429 1337 3600 1400 Ξὲνος
3644 1342 3746 1394 τοῦ

2094 1422 2222 1476 Υἱοῦ
2278 1423 2396 1476 κατ’
2451 1420 2633 1476 οὐσίαν
2698 1423 2726 1476 6
2784 1423 2994 1499 Πατὴρ,
3055 1423 3139 1479 ὅτι
3182 1421 3424 1502 ἄναρχος
3485 1427 3742 1504 ὑπάρχει.

2097 1509 2282 1581 Σῦνες,
2309 1511 2394 1564 ὅτι
2422 1512 2458 1580 ἡ
2495 1510 2660 1583 μονὰς
2691 1513 2779 1580 ἦν’
2813 1512 2850 1581 ἡ
2882 1509 3012 1575 δυὰς
3057 1509 3115 1568 δὲ
3145 1513 3244 1569 οὐκ
3289 1514 3376 1584 ἦν,
3408 1514 3533 1590 πρὶν
3567 1515 3747 1591 ὑπάρ-

2096 1598 2180 1673 ξῃ.
2216 1598 2420 1654 Αὐτίκα
2449 1603 2600 1674 γοῦν,
2630 1601 2758 1654 Υίοῦ
2813 1601 2888 1673 μή
2942 1597 3121 1664 ὄντος.
3153 1603 3181 1657 6
3213 1604 3400 1679 Πατήρ
3450 1605 3579 1666 Θεός
3611 1603 3741 1660 ἔστι.

2097 1689 2300 1743 Λοιπὸν
2329 1689 2506 1750 ὸΥἱὸς
2546 1689 2647 1744 οὐκ
2693 1685 2766 1743 ὢν
2819 1689 3046 1767 (ὑπῆρξε
3095 1687 3152 1746 δὲ
3201 1689 3421 1763 θελήσει
3472 1693 3744 1768 πατρῴᾳ),

2100 1778 2398 1854 μονογενής
2429 1777 2558 1839 Θεός
2611 1776 2745 1843 ἐστι,
2793 1778 2884 1833 καὶ
2936 1779 3198 1854 ἑκατέρων
3232 1779 3528 1857 ἀλλότριος
3560 1780 3742 1844 οὗτος.

336 1875 539 1943 fuisse,
575 1871 921 1928 dualitatem
951 1887 1088 1926 vero
1119 1887 1234 1926 non
1256 1871 1439 1927 fuisse
1469 1872 1810 1943 priusquam
1843 1871 1983 1926 exsi-

2097 1868 2156 1922 ’Π
2190 1865 2366 1945 Σοφία
2395 1866 2557 1945 σοφία
2587 1866 2790 1943 ὑπῆρξε
2819 1871 2989 1943 σοφοῦ
3033 1867 3165 1924 Θεοῦ
3201 1867 3440 1940 θελήσει.
3473 1875 3739 1926 Ἐπινοεῖ-

333 1970 531 2022 steret.
567 1964 748 2036 Igitur
776 1961 918 2017 Filio
963 1962 1224 2016 nondum
1263 1962 1600 2029 exsistente,
1634 1966 1799 2018 Pater
1827 1961 1982 2017 Deus

2097 1977 2180 2012 ται
2219 1956 2349 2031 γοῦν
2413 1955 2631 2030 μυρίαις
2687 1957 2836 2019 ὅσαις
2891 1956 3150 2020 ἐπινοίαις
3201 1961 3440 2032 Πνεῦμα,
3491 1956 3739 2034 δύναμις,

335 2060 442 2113 est.
490 2053 710 2111 Dehinc
751 2069 883 2108 cum
935 2051 1114 2107 Filius
1175 2051 1490 2124 aliquando
1541 2069 1655 2108 non
1700 2051 1988 2108 exstiterit

333 2145 654 2218 (voluntate
681 2145 875 2198 autem
909 2146 1146 2212 paterna
1175 2140 1438 2212 exstitit),
1463 2141 1803 2214 unigenitus
1833 2141 1986 2196 Deus

333 2239 442 2299 est,
475 2237 532 2288 et
562 2232 632 2288 ab
666 2237 911 2302 utroque
941 2229 1188 2285 alienus.
1220 2230 1534 2300 Sapientia,
1569 2231 1667 2288 Dei
1705 2231 1986 2304 sapientis

332 2323 634 2378 voluntate
663 2319 951 2392 sapientia
981 2319 1220 2374 exstitit.
1271 2319 1568 2376 Sexcentis
1597 2321 1779 2393 igitur
1807 2321 1979 2377 ratio-

336 2414 513 2469 nibus
566 2411 662 2466 hic
711 2407 1077 2482 intelligitur,
1137 2409 1394 2481 Spiritus
1439 2411 1642 2483 virtus,
1675 2412 1983 2484 sapientia,

337 2502 437 2558 Dei
488 2499 694 2572 gloria,
743 2497 980 2564 veritas,
1024 2497 1241 2569 imago,
1291 2503 1349 2554 et
1396 2499 1672 2556 Verbum.
1725 2502 1988 2575 Intelligo

334 2589 479 2646 illud
503 2589 702 2651 etiam,
726 2586 1098 2660 splendorem
1125 2591 1182 2642 et
1200 2585 1388 2643 lucem
1413 2590 1662 2664 concipi.
1686 2593 1983 2660 Equalem

337 2679 483 2735 Filio
531 2677 770 2749 gignere
815 2678 1006 2748 potest
1055 2681 1242 2732 Deus:
1277 2682 1336 2731 at
1376 2681 1856 2748 praestantiorem,
1896 2687 1983 2739 vel

334 2767 659 2834 meliorem,
687 2764 778 2819 vel
803 2765 1107 2833 majorem,
1140 2780 1536 2837 nequaquam.
1565 2768 1658 2825 Dei
1689 2769 1986 2828 voluntate

334 2853 515 2910 Filius
549 2857 807 2925 quantus
837 2855 1095 2923 quantus
1126 2857 1233 2916 est,
1265 2869 1331 2908 ex
1369 2869 1484 2925 quo
1517 2859 1777 2929 tempore
1805 2876 1837 2915 a
1867 2860 1984 2916 Deo

331 2943 572 3012 exstitit,
606 2942 757 2998 Deus
808 2940 973 2997 fortis
1003 2957 1134 2996 cum
1187 2942 1287 3009 sit,
1318 2960 1380 2999 se
1423 2948 1884 3016 praestantiorem
1916 2967 1985 3006 ex

331 3039 494 3106 parte
525 3031 800 3088 celebrat.
863 3029 936 3086 Ut
968 3029 1173 3102 paucis
1231 3031 1443 3096 dicam,
1496 3033 1640 3090 Filio
1695 3040 1846 3092 Deus
1894 3043 1987 3094 est

331 3121 664 3191 ineffabilia,
698 3126 788 3176 est
816 3121 970 3175 enim
1000 3119 1109 3175 sibi
1143 3121 1297 3192 quod
1352 3127 1460 3189 est,
1491 3124 1602 3179 hoc
1633 3130 1721 3182 est
1747 3126 1982 3184 inenar-

2093 2045 2276 2122 σοφία,
2308 2042 2432 2118 δόξα
2481 2049 2639 2112 Θεοῦ,
2689 2043 2918 2116 ἀλήθειά
2962 2067 3021 2102 τε
3065 2047 3154 2102 καὶ
3203 2047 3389 2119 εἰκὼν,
3419 2049 3508 2104 καὶ
3541 2048 3739 2124 Λόγος,

2096 2138 2273 2200 οὗτος.
2309 2136 2495 2209 Σύνες,
2529 2138 2610 2192 ὅτι
2663 2137 2754 2192 καὶ
2801 2136 3131 2214 ἀπαύγασμα
3158 2139 3248 2194 καὶ
3279 2144 3394 2216 φῶς
3424 2141 3739 2196 ἐπινοεῖται.

2093 2228 2234 2284 Ἴσον
2269 2226 2364 2300 μὶν
2394 2230 2492 2282 τοῦ
2523 2223 2650 2281 Υἱοῦ
2680 2231 2870 2302 γεννᾷν
2918 2224 3142 2290 δυνατός
3193 2227 3334 2292 ἔστιν
3385 2229 3414 2284 6
3442 2227 3733 2304 κρείττων.

2095 2314 2494 2394 διαφορώτερον
2528 2312 2606 2383 δὲ,
2638 2315 2674 2385 ἢ
2721 2315 3022 2392 κρείττονα,
3063 2317 3099 2386 ἢ
3134 2317 3371 2390 μείζονα,
3420 2317 3554 2394 οὐχί
3603 2320 3739 2391 (17).

2094 2410 2228 2461 Θεοῦ
2277 2404 2497 2475 θελήσει
2529 2405 2558 2460 6
2611 2405 2736 2468 Υἱὸς
2787 2403 2984 2475 ἡλίκος
3027 2405 3116 2460 καὶ
3165 2405 3289 2468 ὅσος
3337 2405 3502 2474 ἐστὶν,
3549 2405 3601 2476 ἐξ
3650 2405 3742 2460 ὅτε

2092 2494 2180 2551 καὶ
2216 2495 2304 2573 ἀφ’
2335 2493 2418 2563 οῦ,
2449 2493 2538 2550 καὶ
2587 2493 2693 2549 ἀπὸ
2730 2493 2854 2549 τότε
2901 2493 2964 2550 ὲκ
3005 2498 3104 2550 τοῦ
3153 2497 3284 2550 Θεοῦ
3315 2491 3540 2562 ὑπέστη,
3575 2491 3739 2569 ἰσχυο-

2096 2584 2188 2661 ρὸς
2219 2584 2350 2646 Θεὸς
2393 2581 2500 2653 ὣν,
2545 2583 2636 2638 τὸν
2685 2581 2965 2658 κρείττονα
3011 2581 3073 2638 ἐκ
3123 2582 3316 2658 μέρους
3363 2581 3542 2648 ὑμνεῖ.
3595 2589 3738 2638 Συν-

2094 2673 2270 2763 ελόντι
2311 2671 2502 2742 εἰπεῖν,
2531 2675 2612 2744 τῷ
2663 2671 2769 2744 Υἱῷ
2798 2672 2827 2726 6
2875 2671 3005 2736 Θεὸς
3055 2670 3292 2749 ἄρῥητος
3337 2667 3593 2746 ὑπάρχειο
3627 2668 3740 2726 ἔστι

2089 2758 2204 2843 γὰρ’
2239 2765 2414 2836 ἑαυτῷ
2463 2762 2493 2818 6'
2541 2761 2673 2834 ἐστι,
2723 2764 2868 2819 τοῦτ’
2916 2758 3056 2818 ἔστιν
3104 2761 3353 2825 ἄλεκτος*
3406 2761 3546 2818 ὥστε
3586 2758 3739 2816 οὐδὲν

2089 2860 2197 2910 τῶν
2231 2850 2544 2929 λεγομένων
2585 2850 2721 2906 κατά
2766 2872 2826 2907 τε
2871 2850 3178 2922 κατάληψιν
3221 2851 3385 2907 συνίει
3433 2849 3662 2922 ἐξειπεῖν
3708 2849 3736 2904 6

2093 2945 2235 3008 Υἱός.
2269 2942 2534 3000 Ἀδύνατα
2559 2943 2660 3018 γὰρ
2691 2941 2840 3015 αὗτῷ
2887 2942 2979 2998 τὸν
3031 2940 3246 3016 Πατέρα
3299 2961 3360 2997 τε
3409 2938 3732 3017 ἐξιχνιάσαι,

2095 3037 2151 3096 ὃς
2182 3034 2322 3090 ἐστιν
2369 3032 2450 3110 ἐφ’
2501 3033 2712 3088 ἑαυτοῦ.
2764 3029 2938 3094 Αὐτὸς
2984 3031 3088 3107 γὰρ
3136 3031 3166 3086 6
3217 3031 3342 3094 Υἱὸς
3389 3030 3489 3099 τὴν
3541 3029 3732 3085 ἑαυτοῦ

2094 3127 2276 3183 οὐσίαν
2310 3125 2412 3179 οὐκ
2439 3120 2605 3177 οἶδεν·
2639 3120 2764 3182 Υἱὸς
2794 3119 2898 3195 γὰρ
2929 3116 3002 3174 ὢν
3052 3117 3270 3190 θελήσει
3315 3117 3530 3194 Πατρός
3567 3119 3739 3192 ὑπῆρ-

330 3209 569 3276 rabilis;
603 3210 680 3264 ita
711 3213 777 3264 ut
809 3207 953 3263 nihil
983 3225 1182 3264 eorum
1218 3226 1345 3281 quas
1368 3213 1692 3270 secundum
1723 3232 1982 3288 compre-

2097 3220 2176 3290 ξεν
2202 3214 2444 3285 άληθῶς.
2473 3209 2568 3273 Τίς
2609 3213 2740 3284 γοῦν
2790 3208 2955 3285 λόγος
3004 3207 3400 3312 συγχωρεῖτὸν
3433 3206 3494 3263 ἐκ
3524 3207 3735 3312 ἱῐατρὸς

330 3298 673 3354 hensionem
721 3297 1023 3365 dicuntur,
1075 3297 1421 3370 intelligere,
1462 3307 1564 3356 aut
1600 3303 1762 3360 eﬂ'ari
1793 3305 1982 3361 valeat

2097 3302 2221 3362 ὅντα
2277 3303 2436 3358 αὐτὸν
2502 3299 2594 3356 τὸν
2651 3299 2980 3373 γεννήσαντα
3027 3301 3227 3373 γνῶναι
3284 3295 3338 3351 ἐν
3393 3294 3741 3369 καταλήψει;

330 3387 533 3441 Filius.
573 3383 935 3455 [mpossibile
971 3385 1182 3456 quippe
1211 3393 1300 3441 est
1347 3386 1432 3441 illi
1465 3391 1692 3446 Patrem
1739 3393 1976 3448 investi-

327 3491 486 3547 gare,
517 3473 708 3545 qualis
758 3473 817 3527 in
849 3487 909 3528 se
957 3477 1066 3528 est.
1118 3473 1260 3528 Nam
1319 3474 1445 3546 ipse
1492 3477 1675 3536 Filius
1707 3499 1778 3537 ne
1809 3499 1974 3542 suam

325 3562 564 3634 quidem
595 3559 986 3617 substantiam
1039 3563 1241 3617 novit:
1289 3563 1468 3620 Filius
1515 3568 1672 3624 enim
1713 3587 1844 3627 cum
1877 3575 1977 3641 sit,

2091 3393 2260 3466 δῆλον
2292 3391 2394 3467 γὰρ
2426 3391 2558 3464 (18),
2592 3386 2676 3443 ὅτι
2723 3387 2787 3442 τὸ
2835 3386 3014 3462 ἀρχὴν
3052 3381 3201 3462 ἔχον,
3231 3385 3322 3440 τὸν
3373 3381 3636 3461 ἄναρχον,
3668 3383 3744 3445 ὡς

2089 3480 2256 3552 ἔστιν,
2305 3480 2718 3554 ἐμπερινοῆσαι,
2749 3477 2784 3546 ἢ
2835 3472 3347 3552 ἐμπεριδράξασθαι,
3379 3473 3490 3549 οὐχ
3535 3473 3648 3528 οἷόν
3679 3471 3741 3527 τὶ

2092 3573 2255 3630 ἐστιν.

327 3659 568 3724 paterna
625 3667 693 3706 ex
753 3649 1050 3706 voluntate
1103 3667 1304 3707 revera
1359 3655 1598 3711 exstitit.
1661 3661 1784 3724 Qua
1841 3667 2066 3726 ratione
2119 3664 2244 3723 ﬁeri
2303 3663 2500 3734 queat,
2532 3663 2598 3714 ut
2653 3655 2752 3730 qui
2805 3670 2876 3712 ex
2931 3655 3121 3726 Patre,
3179 3653 3377 3726 ipsum
3409 3651 3735 3726 genitorem

326 3741 883 3832 cognoscere_atque
923 3740 1418 3832 comprehendere
1456 3745 1690 3815 possit?
1733 3749 1923 3810 Palam
1959 3758 2177 3832 quippe
2205 3757 2297 3810 est
2334 3751 2388 3806 id
2424 3747 2578 3821 quod
2618 3745 2795 3801 habet
2821 3742 3081 3812 initium,
3121 3758 3238 3800 non
3280 3757 3452 3814 posse
3478 3739 3538 3796 id
3578 3741 3735 3812 quod

327 3845 444 3886 non
475 3827 652 3884 habet
677 3827 938 3894 initium,
971 3833 1037 3883 ut
1067 3833 1158 3884 est
1185 3830 1437 3902 cogitare
1468 3833 1553 3888 vel
1585 3827 2098 3910 comprehendere.

403 3919 488 3973 16.
522 3920 656 3984 Qua:
688 3934 823 3974 vero
877 3917 1074 3974 Ariani
1109 3936 1211 3990 per
1258 3921 1567 3992 epistolam
1599 3942 1766 3984 suam
1798 3931 1974 3991 beata:

324 4007 619 4062 memorias
667 4007 788 4063 viro
837 4005 1164 4064 Alexandro
1213 4009 1486 4085 episc0po
1535 4015 1754 4088 scripta
1794 4021 1976 4077 tradi-

322 4097 480 4168 dere,
514 4095 634 4152 hmc
665 4100 805 4153 sunt
827 4113 840 4152 :

323 4233 478 4290 588
542 4233 798 4304 BEATOA
854 4234 1064 4289 ΡΑΡΑΞ
1147 4235 1234 4289 ΕΤ
1315 4237 1648 4297 EPISCOPO
1719 4195 1992 4304 NOSTRO.

393 4302 807 4361 ALEXANDRO
945 4305 1359 4364 PRESBYTER!
1480 4311 1568 4366 ET
1698 4302 1984 4373 Ducem

398 4381 476 4433 IN
515 4375 772 4434 DOMINO
811 4375 1138 4434 SALUTEM.

399 4499 614 4556 Nostra
663 4516 696 4555 α
746 4501 1074 4572 majoribus
1105 4503 1252 4560 ﬁdes
1283 4520 1460 4577 quam
1493 4511 1552 4564 et
1607 4513 1726 4566 ate
1772 4510 1980 4567 didici-

324 4605 480 4656 mus,
531 4589 698 4645 beate
757 4606 932 4662 papa,
989 4590 1112 4647 haec
1167 4599 1276 4649 est.
1351 4597 1744 4668 Agnoscimus
1798 4617 1980 4656 unum

322 4681 532 4747 Deum,
564 4678 754 4736 solum
806 4681 1155 4752 ingenitum,
1207 4684 1395 4742 solum
1445 4692 1754 4756 aeternum,
1786 4691 1979 4746 solum

319 4769 611 4842 principio
642 4774 962 4835 carentem,
1013 4771 1205 4827 solum
1245 4788 1471 4844 verum,
1504 4778 1697 4834 solum
1730 4778 1980 4835 immor-

2159 3935 2246 3990 16.
2275 3932 2350 3988 “Λ
2375 3925 2434 3983 δὲ
2461 3925 2550 3982 καὶ
2584 3921 2654 3980 δι’
2701 3919 2999 3992 ἐπιπολῆς
3050 3917 3285 3997 ἔγραψαν
3331 3917 3468 3993 πρὸς
3515 3918 3608 3974 τὸν
3643 3938 3738 3992 μα-

2084 4019 2308 4094 καρίτην
2343 4009 2694 4088 Ἀλέξανδρον
2721 4010 2812 4066 τὸν
2844 4007 3162 4078 ἐπίσκοπον,
3195 4002 3306 4062 ἔστι
3330 4009 3518 4062 ταῦτα’

2085 4241 2200 4317 (19)
2258 4238 2586 4317 MAKAE‘?
2653 4227 3737 4317 119114...§.A}.E}£L2.K.0"2.9M9}?

2157 4299 2572 4436 ᾹΛΕΞΑΝΔΡῗ
2676 4304 2743 4360 οΙ
2827 4299 3329 4358 ἸΙΡΕΣΒΥΤΕΡΟΙ
3436 4299 3556 4356 ΚΑΙ
3663 4299 3736 4355 01

2161 4380 2493 4436 AlAKONOI
2553 4382 2620 4431 ’Ν
2661 4375 2859 4436 ΚΥΡΙΩ
2897 4373 3201 4430 XAIPEIN.

2161 4380 2493 4440 AIAKONOI
2532 4373 2620 4436 EN
2661 4375 2859 4451 ΚΥΡΙῼ
2897 4373 3201 4430 XAIPEIN.

2159 4508 2218 4565 Ἡ
2249 4504 2432 4566 πίστις
2483 4504 2645 4576 ἡμῶν
2691 4501 2726 4570 ἡ
2778 4497 2839 4554 ἐκ
2889 4496 3199 4572 προγόνων,
3249 4493 3314 4565 ἢν
3363 4492 3454 4550 καὶ
3501 4492 3610 4549 ἀπὸ
3640 4496 3738 4548 σοῦ

2095 4595 2508 4671 μεμαθήκαμεν,
2560 4588 2789 4664 μακάριε
2835 4587 3008 4654 πάπα,
3051 4579 3384 4671 ἕστινᾼαὸτη
3421 4628 3452 4671 .ν
3496 4579 3739 4671 σίδαμεν

2087 4669 2181 4742 ἕνα
2209 4683 2359 4754 Θεὸν,
2395 4679 2558 4754 μόνον
2589 4678 2904 4752 ἀγέννητον,
2940 4673 3104 4748 μόνον
3151 4669 3348 4744 ἀίδιον,
3385 4670 3550 4746 μόνον
3583 4669 3741 4745 ἄναρ-

2091 4795 2212 4850 χον,
2250 4771 2413 4845 μόνον
2448 4767 2724 4838 ἀληθινὸν,
2780 4763 2941 4838 μόνον
2987 4761 3273 4850 ἀεανασίαν
3321 4756 3543 4850 ἔχοντα,
3579 4759 3744 4834 μόνον

319 4857 549 4916 talitate
571 4858 902 4931 praeditum,
927 4858 1120 4916 solum
1143 4860 1490 4932 sapientem,
1514 4863 1706 4921 solum
1733 4866 1975 4934 bonum,

2097 4847 2279 4940 σοφὸν,
2332 4858 2496 4932 μόνον
2540 4854 2762 4931 ἀγαθὸν,
2815 4851 2977 4927 μόνον
3029 4848 3318 4921 δυνάστην,
3361 4847 3578 4906 πάντων
3621 4867 3741 4925 κρι-

431 5018 512 5091 l6)
546 5019 782 5091 Regius,
816 5019 1006 5076 αὐτοῦ.

428 5091 515 5160 l7)
545 5091 643 5164 Sic
673 5091 848 5164 habet
877 5092 1272 5163 interpunctio
1305 5092 1362 5147 in
1416 5094 1726 5151 Basiliensi
1760 5095 1979 5164 codice,

323 5161 406 5218 ita
453 5167 522 5236 ut
553 5160 682 5236 οὐχί
713 5163 782 5236 ad
817 5160 1120 5236 superiora
1153 5165 1457 5235 referatur,
1493 5172 1558 5221 ut
1587 5167 1710 5224 haec
1736 5169 1816 5224 sit
1847 5160 1981 5224 seni

325 5234 530 5311 tentia,
559 5234 862 5305 Equalem
897 5234 1038 5290 Filio
1072 5240 1258 5306 potest
1285 5234 1523 5311 gignere
1553 5243 1722 5311 Deus,
1745 5243 1812 5311 at
1838 5257 1982 5311 prae-

325 5305 696 5388 stantiorem,
727 5305 1124 5388 nequaquam.
1156 5313 1218 5388 _In
1253 5305 1430 5388 editis
1460 5327 1596 5388 vero
1623 5305 1754 5386 οὐχί
1785 5305 1984 5388 subse-

327 5378 646 5466 quentibus
667 5378 1028 5450 jungebatur
1058 5379 1227 5436 male.
1265 5381 1437 5438 Paulo
1467 5383 1623 5438 infra
1675 5378 1891 5456 R‘cgius
1923 5382 1984 5438 τὸ

325 5468 632 5504 κοειττονα.

661 5519 876 5598 Regius
897 5521 964 5598 in
997 5521 1304 5598 editisya’zp
1340 5523 1526 5580 deest.
1581 5527 1710 5580 Mox
1741 5525 1984 5598 Regius,

329 5587 386 5651 ὅς
415 5587 586 5657 ἐστιν,
621 5597 681 5648 et
708 5587 863 5647 ili-fro.
893 5593 1076 5658 idem,
1105 5587 1223 5655 οἷός
1249 5587 1328 5648 τε.

402 5663 811 5752 ρξ’),ῌεξξβιυιέ
839 5663 1124 5752 ηωοέῖάθί
1154 5664 1412 5752 {9219.019
1435 5667 1984 5752 apamﬁehanue

331 5731 541 5790 haeresi
569 5751 716 5804 LXIX,
749 5751 914 5790 num.
947 5738 982 5790 7
1007 5752 1022 5805 ;
1051 5737 1207 5809 apud
1230 5731 1516 5794 Hilarium
1547 5731 1673 5806 bis;
1698 5731 1848 5796 libro
1879 5739 1988 5796 sci-

2089 5022 2228 5078 licet
2256 5023 2466 5092 quarto
2496 5014 2903 5092 de_Trinitate,
2929 5011 3036 5092 r_ol.
3068 5011 3176 5092 8_33
3203 5036 3217 5080 ;
3245 5010 3394 5092 libro
3415 5009 3556 5092 item
3587 5027 3645 5066 v1
3671 5009 3744 5065 De

2092 5082 2316 5163 Τνίηίιῖ,
2355 5089 2466 5146 col.
2491 5089 2622 5163 881.
2651 5085 3246 5163 ΑρῃᾶᾼΑῑῃριζοεὶιιω,
3271 5091 3445 5163 _lo_m.
3482 5082 3570 5163 lI,_
3607 5097 3740 5163 pag.

2088 5152 2316 5239 786,_in'
2343 5161 2538 5239 Gestis
2569 5152 2776 5239 synodi
2808 5155 3225 5239 Aquileiensis,
3271 5153 3452 5239 hujus
3480 5152 3742 5234 epistola:

2092 5227 2359 5292 seu-ﬁdei
2395 5227 2657 5290 formulae
2689 5227 2912 5302 passim
2944 5229 3008 5284 fit
3041 5227 3277 5294 mentio,
3309 5227 3744 5302 ejusque__v_aria

2093 5308 2504 5377 expenduntur
2534 5296 2761 5377 loca,ab_
2793 5301 2962 5377 initio
2995 5302 3216 5377 petita:
3247 5296 3422 5369 atque
3451 5296 3518 5352 ut
3547 5296 3626 5352 ibi
3652 5301 3742 5351 te-

2093 5371 2309 5450 tantnr
2339 5376 2624 5450 Patresin
2673 5373 2920 5450 epistola
2974 5371 3489 5450 adhimperatores
3539 5384 3742 5450 nume:

2095 5469 2158 5508 ro
2189 5448 2432 5516 decima,
2465 5446 2620 5502 eain
2682 5439 2903 5518 s'ynodo
2960 5439 3210 5518 recitata
3259 5441 3388 5508 fuit,
3430 5447 3616 5518 atque
3647 5439 3744 5494 isti

2094 5525 2165 5578 ad
2199 5513 2585 5594 imperatores
2613 5513 2892 5594 epistolae.
2932 5514 3299 5594 subiuncta,‘
3331 5513 3487 5594 unde
3544 5515 3744 5594 tamen

2095 5581 2328 5666 excidit.
2387 5581 2896 5666 Vocaturque_ibi
2948 5581 3196 5666 Epistula
3232 5584 3403 5666 ‘Arii,
3464 5581 3744 5666 praecipui

2095 5665 2342 5733 scilicet,
2391 5667 2451 5718 at
2507 5678 2624 5733 non
2655 5656 2868 5733 _'solin_s
2925 5659 3060 5733 ejus
3115 5656 3395 5733 auctoris.
3429 5687 3494 5733 —‘
3527 5656 3742 5733 [fagina

2095 5743 2154 5796 et
2207 5723 2440 5810 Epipb.,
2506 5731 2596 5788 καὶ
2653 5723 2977 5802 ἰπισκόπῳῖ
3039 5729 3100 5784 In
3159 5727 3333 5784 editis
3385 5723 3478 5782 καί
3533 5723 3700 5786 deést
3731 5767 3747 5781 .
