4082 6340
254 375 376 438 709

1712 363 1816 424 DE
1863 360 2228 424 SYNODIS.

3551 370 3672 430 710

245 509 352 577 τὴν
384 505 521 579 (20),
556 501 862 580 διοικητὴν,
914 501 1230 574 οἰκονόμον,
1280 497 1564 574 ἄτρεπτον,
1615 496 1704 552 καὶ
1737 493 1904 549 ἀναλ-

2023 492 2206 549 Iolum
2239 498 2558 564 potentem,
2591 495 2856 550 omnium
2895 496 3178 566 judicem,
3226 498 3665 558 administrato-

251 595 512 663 λοίωτον,
565 591 773 648 δίκαιον
819 591 912 646 καὶ
961 592 1194 667 ἀγαθὸν,
1244 590 1418 663 νόμου
1466 588 1558 644 καί
1604 589 1900 663 προφητῶν

249 686 342 740 καὶ
392 689 592 751 Καινῆς
643 683 918 752 Διαθήκης
958 684 1147 735 τοῦτον
1195 679 1344 735 Θεόν·
1396 680 1728 752 γεννήσαντα
1778 672 1902 726 Υἱὸν

258 779 528 849 μονογενῆ
561 771 668 845 πρὸ
707 770 922 846 χρόνων
975 768 1226 840 αἰωνίων,
1261 765 1330 821 δι’
1379 766 1440 821 οὗ
1498 765 1586 820 καὶ
1617 763 1743 824 τοὺς
1777 760 1904 815 αἰῶ-

251 883 348 924 νας
382 847 568 916 καὶτὰ
600 858 705 914 ὅλα
752 859 1021 927 πεποίηκε
1067 861 1194 929 (21)·
1248 858 1578 931 γεννήσαντα
1617 850 1675 907 δὲ
1719 849 1779 905 οὐ
1813 847 1902 903 δο-

251 954 432 1022 κήσει,
482 948 630 1005 ἀλλὰ
676 947 908 1018 ἀληθείᾳ
940 965 952 978 °
1014 948 1392 1016 ὑποστήσαντα
1448 942 1572 1016 ἱδίῳ
1631 940 1900 1011 θελήματι

253 1041 518 1116 ἄτρεπτον
547 1037 637 1093 καὶ
691 1035 1068 1091 ἀναλλοίωτον
1116 1035 1314 1108 κτίσμα
1359 1038 1457 1088 τοῦ
1488 1037 1620 1088 Θεοῦ
1666 1028 1899 1095 τέλειον,

252 1127 382 1184 ἀλλ’
423 1129 534 1202 οὐχ
563 1127 637 1188 ὡς
686 1126 740 1180 ἓν
772 1130 878 1178 τῶν
929 1126 1261 1199 κτισμάτων·
1295 1122 1558 1197 γέννημα,
1613 1119 1737 1174 ἀλλ’
1792 1118 1903 1190 οὐχ

250 1220 327 1280 ὡς
357 1217 412 1272 ἓν
456 1221 563 1270 τῶν
615 1213 1022 1290 γεγεννημένων
1068 1215 1202 1286 (22),
1263 1209 1375 1266 οὐδ’
1426 1211 1500 1272 ὡς
1550 1208 1902 1266 Οὖαλεντῖνος

249 1301 540 1381 προϐολὴν
590 1305 652 1358 τὸ
695 1303 934 1379 γέννημα
981 1307 1078 1356 τοῦ
1131 1301 1338 1375 Πατρὸς
1385 1297 1753 1375 ἐδογμάτισεν”
1788 1291 1904 1348 οὐδ’

251 1397 329 1458 ὡς
363 1396 390 1449 6
419 1398 725 1469 Μανιχαῖος
777 1391 940 1466 μέρος
992 1389 1289 1464 ὁμοούσιον
1320 1393 1415 1443 τοῦ
1455 1388 1662 1463 Πατρὸς
1692 1386 1754 1440 τὸ
1786 1383 1904 1458 γὲν-

248 1504 405 1557 νημα
437 1483 786 1557 εἷσηγήσατο’
823 1477 939 1534 οὐδ’
972 1481 1045 1541 ὡς
1079 1473 1383 1540 Σαϐὲλλιος
1410 1479 1508 1546 τὴν
1552 1471 1760 1548 μονάδα

253 1572 502 1648 διαιρῶν,
562 1571 862 1646 υίοπάτορα
907 1568 1072 1623 εἶπεν·
1124 1565 1237 1622 οὑδ¹
1287 1567 1362 1628 ὡς
1410 1565 1643 1637 Ἱέρακας
1697 1561 1901 1648 λύχνον

253 1647 624 1736 ἀπὸγλύχνου,
667 1657 702 1728 ἢ
735 1657 810 1720 ὠς
858 1654 1122 1730 λαμπάδα
1166 1656 1241 1718 εἴς
1293 1653 1409 1710 δύο·
1463 1651 1587 1708 οὐδὲ
1633 1653 1724 1707 τὸν
1777 1647 1906 1704 ὄντα

252 1749 521 1826 πρότερον
553 1792 568 1818 ,
615 1747 834 1824 ὕστερον
911 1746 1246 1822 γεννηθέντα,
1304 1745 1338 1814 ἢ
1407 1741 1768 1798 ὲπικτισθὲντα
1826 1739 1901 1801 εἷς

255 1839 402 1894 Υἱόψ
447 1839 523 1900 ὡς
565 1837 653 1892 καὶ
705 1835 766 1890 σὺ
814 1835 994 1906 αὐτὸς,
1051 1834 1281 1910 μακάριε
1326 1834 1498 1899 πάπα,
1551 1831 1686 1886 κατᾶ
1739 1830 1906 1901 μὲσην

250 1929 352 1997 τὴν
413 1924 740 1997 Ἐκκλησίαν
820 1924 907 1979 καί
967 1925 1017 1978 ἐν
1089 1921 1351 1998 συνεδρίῳ
1407 1919 1724 1981 πλειστάκις
1777 1918 1902 1979 τοὺς

247 2021 421 2073 ταῦτα
452 2014 919 2089 εἰσηγησαμένους
972 2012 1368 2088 άπηγόρευσας,
1403 2008 1551 2077 ἀλλ’,
1600 2008 1671 2070 ὥς
1705 2029 1901 2084 φαμεν,

251 2104 524 2178 θελήματι
553 2107 648 2157 τοῦ
687 2107 819 2157 Θεοῦ
850 2101 956 2176 πρὸ
1000 2097 1216 2176 χρόνων
1254 2099 1343 2154 καὶ
1392 2104 1498 2174 πρὸ
1541 2097 1754 2152 αἰώνων
1795 2117 1905 2150 κτι-

253 2193 462 2266 σθέντα,
497 2191 589 2248 καὶ
621 2192 682 2246 τὸ
719 2195 814 2265 ζῇν
846 2191 935 2245 καὶ
965 2190 1028 2244 τὸ
1053 2189 1185 2244 εἶναι
1217 2189 1364 2264 παρὰ
1389 2192 1485 2242 τοῦ
1517 2187 1722 2262 Πατρὸς
1756 2183 1906 2256 εἰλη-

252 2283 410 2360 φότα,
443 2281 533 2335 καὶ
563 2281 658 2342 τὰς
710 2277 864 2352 δόξας
917 2280 1414 2349 συνυποστήσαντος
1465 2276 1610 2347 αὐτῷ
1655 2279 1750 2328 τοῦ
1795 2280 1902 2328 Πα-

250 2371 402 2446 τρός.
439 2370 511 2424 Οὐ
543 2371 648 2444 γὰρ
681 2370 707 2422 ὁ
740 2370 949 2444 Πατὴρ,
983 2365 1109 2430 δοὺς
1142 2366 1288 2439 αὐτῷ
1317 2367 1532 2420 πάντων
1563 2366 1660 2433 τήν
1693 2363 1900 2438 κληρο-

251 2458 474 2532 νομίαν,
523 2457 802 2533 ὑστέρησεν
865 2457 1070 2525 ἑαυτὸν,
1129 2457 1204 2510 ὧν
1263 2455 1569 2532 ἀγεννήτως
1617 2451 1733 2528 ἔχει
1791 2456 1904 2526 (24)

258 2547 310 2602 ἐν
347 2549 539 2619 ἑαυτῷ·
574 2553 725 2622 πηγή
771 2545 873 2621 γάρ
923 2545 1032 2600 ἐστι
1081 2547 1318 2601 πάντων.
1367 2548 1527 2598 ’Ὼστε
1573 2547 1716 2618 τρεῖς
1773 2541 1902 2596 εἰσιν

259 2634 600 2696 ὑποστάσεις.
637 2635 732 2689 Καὶ
762 2636 789 2689 6
834 2635 928 2707 μὲν
979 2635 1130 2706 Θεὸς,
1162 2632 1334 2696 αἶ’τιος
1381 2638 1490 2687 τῶν
1534 2632 1747 2688 πάντων
1779 2653 1904 2704 τυγ-

259 2726 467 2801 χάνων,
519 2722 660 2778 ἔστιν
712 2726 947 2799 ἄναρχος
999 2725 1311 2797 μονώτατος
1548 2722 1604 2775 Ὀ
1654 2718 1711 2774 δὲ
1758 2721 1903 2791 Υἱὸς,

260 2812 512 2887 ἀχρόνως
543 2811 818 2886 γεννηθεὶς
871 2812 972 2866 ὑπὸ
1018 2817 1114 2866 τοῦ
1164 2811 1391 2887 Πατρὸς,
1424 2809 1513 2864 καὶ
1558 2810 1663 2882 πρὸ
1696 2808 1908 2863 αἰώνων

257 2900 492 2965 κτισθεὶς
535 2901 627 2955 καὶ
677 2899 1053 2974 θεμελιωθεὶς,
1102 2891 1201 2954 οὑκ
1252 2901 1317 2969 ἦν
1365 2899 1471 2975 πρὸ
1502 2903 1597 2953 τοῦ
1639 2899 1904 2972 γεννηθῆ-

257 3011 344 3044 ναι
380 2992 512 3063 (26),
561 2988 688 3045 ἀλλ’
732 2989 984 3065 ἀχρόνως
1033 2989 1137 3064 πρό
1177 2989 1389 3043 πάντων
1412 2989 1711 3062 γεννηθεὶς,
1745 2987 1907 3059 μόνος

271 3079 372 3134 ὑπὸ
411 3082 508 3133 τοῦ
553 3079 764 3153 ΙΙατρὸς
817 3077 1038 3146 ὑπέστη.
1090 3075 1231 3134 Οὐδὲ
1275 3078 1374 3152 γὰρ
1430 3076 1568 3132 ἐστι)
1621 3073 1818 3143 ἀΐδιος,

256 3163 552 3238 συναΐδιος,
604 3165 639 3235 ἢ
691 3165 1046 3242 συναγὲνητος
1094 3169 1208 3239 (27)
1257 3171 1336 3238 τῷ
1382 3165 1568 3241 Πατρί’
1623 3162 1747 3220 οὐδὲ
1795 3166 1908 3238 ἅμα

2014 597 2160 650 rem,
2209 584 2674 654 dispensatorem
2734 585 3166 640 immutabilem
3221 594 3279 641 et
3328 589 3665 647 inalterabi-

2013 669 2148 736 lem,
2173 671 2408 740 justum
2439 681 2497 726 et
2526 673 2772 738 bonum,
2807 672 2971 744 legis,
2999 675 3417 746 prophetarum
3446 685 3502 734 et
3523 680 3666 738 Novi

2012 761 2365 814 Testamenti
2415 761 2635 815 Deum:
2689 761 2788 833 qui
2844 761 3056 816 Filium
3109 763 3481 835 unigenitum
3535 778 3669 826 ante

2011 851 2275 919 tempora
2319 855 2531 905 {eterna
2587 851 2809 920 genuit,
2870 868 2971 922 per
3027 869 3198 922 quem
3258 859 3314 908 et
3371 858 3572 914 secula
3614 875 3670 922 et

2012 937 2285 993 universa
2313 939 2612 994 condidit:
2667 940 2870 1010 genuit
2913 947 3108 995 autem
3161 959 3278 996 non
3323 944 3447 1000 sola
3477 952 3668 1019 specie

2011 1027 2204 1092 tenus,
2239 1028 2340 1082 sed
2363 1044 2561 1082 revera
2593 1029 2829 1098 propria
2851 1028 3146 1085 voluntate
3167 1031 3487 1089 subsistere
3511 1037 3666 1107 fecit,

2011 1130 2264 1186 eumque
2321 1116 2779 1186 immutabilem,
2829 1117 3293 1176 inalterabilem:
3341 1129 3666 1183 creaturam

2011 1203 2110 1257 Dei
2143 1205 2480 1274 perfectam,
2516 1206 2615 1260 sed
2653 1223 2767 1260 non
2821 1213 2885 1261 ut
2931 1207 3186 1278 aliquam
3242 1227 3310 1264 ex
3342 1215 3626 1270 creaturis
3656 1235 3668 1273 :

2011 1292 2296 1363 genitum,
2331 1296 2431 1350 sed
2466 1313 2580 1350 non
2616 1301 2680 1351 ut
2712 1295 2949 1367 aliquod
2997 1314 3065 1352 ex
3103 1300 3351 1369 genitis:
3387 1319 3576 1374 neque
3610 1315 3673 1365 ut

2013 1381 2356 1439 Valentinus
2387 1385 2587 1439 docuit
2617 1385 2808 1440 Patris
2842 1386 3061 1457 prolem
3096 1404 3222 1444 esse
3252 1390 3626 1449 emissionem
3656 1413 3668 1448 :

2013 1485 2202 1540 neque
2237 1477 2299 1526 ut
2333 1473 2704 1544 Manichaeus,
2739 1482 2962 1545 partem
2998 1476 3150 1530 Patri
3197 1481 3669 1538 consubstantia-

2013 1560 2126 1615 lem
2155 1579 2167 1616 :
2203 1579 2390 1632 neque
2425 1567 2487 1618 ut
2515 1563 2802 1621 Sabellius
2849 1565 3132 1620 unitatem
3185 1567 3470 1641 dividens,
3503 1589 3668 1629 eum-

2015 1651 2146 1705 dem
2181 1650 2327 1705 dixit
2364 1651 2577 1708 Filium
2631 1659 2687 1708 et
2735 1654 3002 1710 Patrem:
3058 1673 3245 1727 neque
3295 1663 3357 1714 ut
3402 1660 3670 1720 Hieracas

2011 1739 2312 1794 lucernam
2345 1756 2413 1795 ex
2457 1741 2718 1808 lucerna,
2771 1750 2871 1798 aut
2921 1750 2986 1798 ut
3042 1743 3373 1818 lampadem
3421 1751 3478 1804 in
3521 1753 3670 1808 duas

2015 1833 2209 1900 partes
2241 1827 2576 1883 distinctam
2610 1832 2742 1902 (32).
2779 1832 2975 1903 Neque
3003 1850 3133 1888 vero
3166 1835 3456 1904 ejusmodi
3488 1843 3672 1906 est,ut

2013 1917 2062 1970 is
2097 1916 2194 1987 qui
2231 1917 2392 1986 prius
2424 1924 2569 1984 erat,
2602 1924 2801 1990 postea
2844 1923 3077 1992 genitus
3129 1923 3204 1978 sit
3234 1930 3336 1978 aut
3363 1926 3419 1980 in
3453 1927 3666 1982 Filium

2013 2007 2323 2062 conditus:
2357 2010 2855 2070 quemadmodum
2900 2017 2960 2065 tu
3011 2014 3156 2084 ipse,
3191 2015 3356 2070 beate
3403 2033 3574 2089 papa,
3606 2018 3667 2072 in

2015 2096 2207 2152 media
2238 2096 2496 2152 Ecclesia
2525 2105 2582 2152 et
2611 2100 2668 2153 in
2693 2108 2971 2155 consessu
3007 2102 3227 2172 pluries
3253 2104 3349 2174 qui
3381 2105 3500 2160 haec
3519 2106 3671 2161 afﬁr-

2015 2190 2243 2240 marent
2272 2187 2627 2255 confutasti;
2671 2189 2770 2243 sed
2805 2195 2868 2243 ut
2913 2191 3188 2258 dicimus,
3239 2194 3536 2249 voluntate
3569 2195 3666 2251 Dei

2014 2279 2146 2330 ante
2177 2281 2444 2346 tempora
2475 2281 2532 2331 et
2564 2283 2698 2330 ante
2720 2278 2932 2333 saecula
2958 2283 3346 2353 creatum,qui
3374 2288 3433 2337 ut
3455 2283 3671 2339 viveret

2013 2368 2070 2417 et
2098 2369 2253 2419 esset
2283 2381 2313 2418 a
2342 2364 2506 2419 Patre
2536 2367 2780 2436 accepit,
2809 2368 2949 2422 adeo
2984 2374 3046 2422 ut
3076 2369 3123 2423 ei
3155 2369 3322 2424 Pater
3344 2389 3512 2427 suam
3543 2373 3668 2444 glo-

2015 2452 2161 2507 riam
2194 2453 2252 2505 in
2303 2453 2593 2508 creatione
2641 2454 2968 2510 contulerit.
3020 2457 3218 2529 Neque
3270 2460 3426 2515 enim
3476 2461 3668 2528 Pater,

2015 2557 2148 2596 cum
2182 2541 2444 2595 omnium
2499 2542 2930 2613 possessionem
2983 2545 3092 2616 ipsi
3145 2547 3408 2618 tradidit,
3460 2549 3531 2605 iis
3581 2567 3671 2606 se-

2015 2630 2212 2701 ipsum
2245 2630 2512 2702 privavit,
2541 2648 2666 2702 quae
2691 2632 2950 2702 ingenito
2979 2636 3150 2689 modo
3183 2636 3237 2689 in
3274 2653 3335 2692 se
3367 2640 3668 2694 continet:

2016 2719 2146 2773 fons
2177 2719 2332 2773 enim
2365 2725 2454 2774 est
2485 2721 2773 2789 omnium,
2808 2729 3164 2794 quapropter
3209 2731 3329 2780 tres
3359 2733 3498 2782 sunt
3528 2730 3671 2783 sub-

2018 2806 2248 2863 stantiae
2296 2807 2429 2878 (33).
2490 2812 2563 2863 Et
2596 2811 2746 2864 Deus
2804 2811 3042 2882 quidem
3103 2829 3237 2867 cum
3296 2816 3561 2870 omnium
3596 2806 3682 2871 sit.

2017 2913 2194 2952 causa
2227 2897 2464 2952 omnino
2495 2896 2658 2952 solus
2706 2899 2928 2970 absque
2987 2900 3273 2972 principio
3323 2908 3448 2959 est:
3495 2905 3672 2960 Filius

2017 3003 2151 3042 vero
2181 2985 2310 3041 sine
2341 2990 2602 3057 tempore
2632 3003 2665 3040 a
2704 2991 2874 3043 Patre
2905 2989 3160 3060 genitus,
3194 2995 3249 3045 et
3297 2997 3430 3046 ante
3461 2993 3674 3049 saecula

2018 3080 2246 3130 creatus
2278 3078 2335 3128 et
2369 3075 2670 3146 fundatus,
2702 3092 2816 3130 non
2851 3081 2976 3131 erat
3022 3077 3367 3150 priusquam
3401 3081 3673 3152 gignere-

2017 3171 2150 3232 tur;
2184 3165 2282 3219 sed
2318 3163 2444 3218 sine
2474 3170 2756 3235 tempore,
2781 3169 2913 3220 ante
2943 3167 3141 3221 omnia
3169 3169 3421 3240 genitus,
3455 3169 3616 3225 solus
3641 3189 3675 3226 a

253 3257 334 3326 τῷ
367 3237 546 3330 [la1pi
564 3255 626 3309 16
658 3255 788 3309 εἶναι
816 3237 954 3330 ἔχει,
987 3253 1062 3316 ὥς
1093 3237 1230 3316 τινες
1283 3237 1507 3329 λέγουσι
1552 3253 1618 3308 τὰ
1666 3253 1801 3329 πρός
1829 3237 1903 3327 τι,

2023 3255 2184 3310 Patre
2215 3251 2464 3319 exsistit,
2514 3269 2628 3307 non
2659 3247 2814 3307 enim
2868 3258 2957 3309 est
3004 3260 3275 3326 aiternus,
3327 3263 3670 3326 coaeternus,

258 3341 355 3398 δύο
409 3344 732 3417 ἀγεννήτους
790 3345 902 3416 (28)
959 3343 1132 3418 ἀρχὰς
1185 3343 1592 3418 εἰσηγούμενον
1644 3340 1769 3397 ἀλλ’
1827 3343 1902 3404 ὡς

262 3431 430 3505 μονὰς
481 3431 570 3485 καὶ
618 3431 766 3507 ἀρχὴ
805 3432 1039 3499 πάντων,
1086 3431 1257 3492 οὕτως
1291 3432 1317 3485 ὁ
1361 3432 1488 3493 Θεὸς
1535 3431 1640 3507 πρὸ
1690 3432 1902 3486 πάντων

259 3521 396 3576 ἐστί.
428 3519 520 3574 Διὸ
552 3521 642 3573 καὶ
689 3520 795 3594 πρὸ
842 3523 938 3574 τοῦ
990 3521 1113 3574 Υὶοῦ
1162 3522 1274 3593 (29)
1317 3517 1478 3574 ἔστιν’
1512 3521 1584 3582 ὡς
1632 3520 1720 3574 καὶ
1763 3520 1908 3594 παρὰ

260 3613 357 3662 σοῦ
389 3610 780 3682 μεμαθήκαμεν
823 3609 960 3664 κατὰ
1013 3609 1182 3682 μέσην
1227 3610 1326 3678 τήν
1379 3608 1700 3680 Ἐκκλησίαν
1742 3609 1909 3684 κηρύ-

261 3699 469 3768 ξαντος.
515 3696 662 3762 Καθὸ
712 3699 804 3752 οὖν
851 3699 998 3774 παρὰ
1043 3703 1138 3752 τοῦ
1188 3702 1322 3752 Θεοῦ
1365 3700 1427 3753 τὸ
1457 3698 1589 3753 εἶναι
1644 3697 1782 3774 ἔχει,
1816 3698 1906 3754 καὶ

257 3785 351 3846 τὰς
411 3783 566 3858 δόξας
627 3787 717 3840 καὶ
772 3788 835 3840 τὸ
895 3790 1014 3860 ζῇν,
1072 3786 1160 3840 καὶ
1218 3786 1284 3841 τὰ
1339 3787 1514 3842 πάντα
1567 3787 1712 3860 αὐτῷ
1768 3808 1906 3863 παρ-

259 3872 418 3945 εδόθη
453 3878 590 3946 (30),
645 3875 780 3930 κατὰ
834 3880 994 3931 τοῦτο
1054 3875 1202 3952 ἀρχὴ
1261 3877 1424 3931 αὑτοῦ
1483 3876 1622 3931 ἐστιν
1677 3879 1705 3932 6
1752 3877 1904 3940 Θεός.

259 3965 457 4039 ’Λρχει
490 3965 592 4040 γὰρ
624 3964 808 4032 αὐτοῦ,
842 3965 915 4027 ὡς
963 3965 1093 4028 Θεὸς
1138 3966 1302 4020 αὑτοῦ
1350 3965 1439 4020 καὶ
1472 3967 1578 4041 πρὸ
1617 3966 1780 4021 αὐτοῦ
1811 3962 1904 4022 ὥν.

258 4049 324 4105 Εῗ
355 4049 412 4106 δὲ
439 4053 500 4106 τὸ
545 4055 678 4128 (31),
716 4077 744 4104 ‹‹
777 4053 828 4124 ἐξ
859 4052 1044 4124 αὐτοῦ,
1077 4076 1106 4106 ››
1138 4054 1228 4108 καὶ
1279 4054 1364 4122 τὸ,
1420 4078 1441 4107 ι
1486 4055 1545 4109 ἑκ
1587 4055 1841 4131 γαστρός,
1874 4076 1900 4108 ι»

257 4140 347 4194 καὶ
374 4141 454 4212 τὸ,
494 4165 514 4192 ε
551 4141 610 4196 ἂκ
637 4145 734 4196 τοῦ
764 4143 978 4218 Πατρὸς
1009 4141 1255 4213 ἐξῆλθον;
1283 4144 1372 4198 καὶ
1405 4143 1546 4214 ἥκω,
1583 4168 1611 4196 ›ι
1643 4146 1716 4207 ὡς
1745 4146 1908 4220 μέρος

259 4229 425 4284 αὐτοῦ
455 4229 774 4303 ὑμοουσίου,
805 4230 894 4285 καὶ
925 4231 1001 4293 ὠς
1049 4226 1302 4306 προϐολή
1355 4231 1457 4287 ὑπό
1487 4253 1648 4287 τινων
1681 4239 1906 4302 νοεῖται,

332 4373 443 4416 91,98
475 4374 639 4430 Rom,
675 4392 753 4446 χι,
782 4375 872 4431 36,
951 4375 995 4410 οο
1027 4374 1176 4431 Psal.
1209 4391 1323 4443 01x,
1356 4341 1408 4430 3.
1466 4379 1482 4411 ¹
1515 4375 1681 4432 Joan.
1715 4395 1772 4448 x,
1801 4377 1892 4432 28.

2019 3347 2120 3397 aut
2149 3358 2265 3396 una
2299 3357 2432 3396 cum
2498 3341 2659 3396 Patre
2702 3341 3040 3414 ingenitus:
3103 3361 3291 3416 neque
3331 3346 3506 3402 simul
3539 3365 3669 3403 cum

2017 3436 2186 3486 Patre
2217 3430 2390 3485 habet
2416 3446 2562 3499 esse,
2597 3434 2660 3485 ut
2699 3431 2940 3501 quidam
2991 3432 3195 3487 dicunt
3238 3435 3307 3488 de
3340 3435 3412 3490 iis
3445 3452 3570 3508 quae
3603 3437 3672 3492 ad

2018 3519 2178 3575 aliud
2203 3519 2678 3582 referunturﬂuo
2700 3518 2958 3590 ingenita
2981 3520 3265 3592 principia
3287 3520 3630 3580 inducentes
3659 3543 3671 3580 :

2019 3608 2120 3664 sed
2152 3609 2326 3672 Deus,
2355 3612 2419 3660 ut
2447 3610 2536 3661 est
2568 3607 2764 3661 unitas
2794 3613 2850 3662 et
2881 3608 3232 3680 principium
3270 3611 3556 3681 omnium,
3590 3614 3674 3668 sic

2019 3703 2152 3754 ante
2182 3696 2380 3750 omnia
2409 3700 2517 3750 est.
2571 3699 2934 3766 Quapropter
2962 3702 3018 3751 et
3060 3702 3194 3752 ante
3225 3699 3436 3754 Filium
3469 3706 3576 3768 est,
3613 3707 3676 3756 ut

2019 3793 2132 3841 ate
2165 3786 2221 3840 in
2257 3784 2449 3839 media
2481 3784 2738 3839 Ecclesia
2770 3787 3123 3856 praedicante
3153 3787 3492 3843 didicimus.
3523 3790 3673 3852 Qua-

2018 3881 2192 3931 tenus
2223 3873 2403 3944 igitur
2424 3890 2456 3926 a
2483 3873 2598 3927 Deo
2632 3872 2803 3927 habet
2832 3875 3446 3946 essentiam,gloriam,
3469 3877 3670 3946 vitam,

2017 3970 2072 4022 et
2103 3963 2300 4020 omnia
2329 3961 2380 4017 ei
2421 3962 2639 4016 tradita
2680 3969 2856 4028 sunt;
2899 3969 3141 4019 eatenus
3175 3971 3322 4020 Deus
3352 3966 3480 4035 ejus
3513 3968 3671 4038 prin-

2016 4053 2236 4126 cipium
2269 4049 2732 4106 est.Dominatur
2760 4050 2914 4106 enim
2960 4051 3071 4117 illi,
3105 4057 3302 4122 utpote
3333 4053 3487 4109 Deus
3518 4056 3670 4126 ejus,

2015 4148 2073 4199 et
2104 4145 2234 4196 ante
2257 4139 2424 4194 illum
2449 4139 2893 4203 existens~Quod
2918 4139 2964 4193 si
2993 4139 3157 4207 illud,
3187 4157 3302 4195 «ex
3327 4141 3454 4213 ipso
3476 4143 3614 4210 97-",
3642 4166 3668 4194 »

2015 4238 2071 4289 et
2092 4253 2119 4282 ‹‹
2137 4248 2204 4286 ex
2221 4233 2382 4284 utero
2398 4229 2463 4295 9°,
2487 4247 2514 4280 ι
2537 4232 2612 4298 et,
2643 4248 2662 4276 ι
2689 4244 2758 4282 ex
2775 4227 2941 4283 Patre
2955 4228 3185 4295 exivi,et
3204 4230 3369 4285 venio
3396 4233 3481 4300 1,»
3500 4233 3671 4304 quasi

333 4518 445 4599 (29)
482 4518 712 4590 Epiph.,
768 4519 936 4599 μόνον
999 4520 1195 4599 κριτήν
1253 4519 1491 4599 πάντων.
1540 4520 1720 4599 Ililar.
1775 4538 1905 4577 vero

2025 4517 2364 4599 ὑποστάσεις,
2396 4515 2572 4599 habet
2620 4513 2829 4589 Πατὴρ,
2873 4515 2996 4578 Υἱὸς
3025 4514 3112 4569 καὶ
3147 4516 3294 4592 ἅγιον
3328 4519 3569 4591 Πνεῦμα.
3604 4521 3674 4576 Et

260 4591 512 4665 omnium
532 4599 846 4665 creatorem
869 4590 1273 4665 ;legit'scilicet
1298 4591 1512 4644 πάντων
1537 4590 1912 4665 κτίστην,(]ιλω

260 4661 502 4732 quidem
517 4661 702 4735 lectio
723 4661 1165 4735 videtur—adea
1187 4679 1314 4735 qua:
1333 4661 1789 4735 (subsequuntur
1805 4661 1913 4720 iac-

259 4733 853 4810 commodatior,lice_t
885 4735 944 4789 in
978 4733 1121 4810 locis
1173 4733 1564 4810 Aquileiensis
1589 4737 1799 4810 synodi
1833 4736 1912 4792 le-

257 4809 435 4929 gatur
465 4809 529 4858 ut
558 4806 713 4876 apud
745 4806 1136 4887 Athanasium
1164 4823 1180 4888 ξ
1212 4806 1473 4888 Omnium
1496 4806 1760 4878 judibcm.
1789 4813 1913 4893 ~In-

287 4892 352 4929 ra
384 4877 538 4929 anud
565 4877 960 4929 Athanasium
991 4883 1046 4929 et
1079 4877 1496 4929 Emnhamum.
1530 4879 1691 4929 hmo:
1723 4899 1913 4929 τουτον

287 4892 361 4949 ra_
384 4877 538 4946 apud
565 4877 960 4932 Athanasium
991 4883 1046 4933 et
1079 4877 1505 4949 Epiphaniam,
1530 4879 1651 4935 haec
1677 4897 1691 4934 :
1723 4882 1913 4933 τοῦτον

260 4944 393 5022 Θεόν
421 4944 561 5022 cum
591 4949 994 5022 superioribus
1053 4944 1501 5022 connectuntur,
1563 4952 1719 5022 apud
1778 4967 1912 5007 vero

261 5017 552 5092 ljilarium
585 5017 720 5075 cum
770 5021 1292 5092 subsequentibus,
1349 5017 1718 5078 hoc'modo:
1769 5023 1914 5078 hunc

260 5090 437 5145 Deum
464 5095 717 5161 genuisse
745 5090 986 5158 Filium;
1003 5093 1104 5147 sed
1132 5092 1328 5148 minus
1361 5097 1530 5148 recte.

338 5161 450 5236 (2t)
484 5162 578 5218 Sic
604 5163 821 5236 Regius
851 5169 905 5218 et
937 5164 1019 5218 ita
1051 5163 1190 5234 legit
1220 5163 1517 5236 Hi_lariu_s_,_
1558 5165 1658 5236 qui
1715 5165 1909 5230 habet,

257 5235 457 5310 omnia
483 5237 636 5310 fecit.
667 5235 828 5310 Editi
852 5233 1179 5301 Athanasii,
1215 5234 1302 5288 καὶ
1334 5235 1400 5288 τὰ
1431 5233 1593 5290 ἄλλαῖ
1660 5237 1909 5310 Epipha-

261 5305 422 5367 nius,
449 5305 539 5358 καὶ
569 5305 634 5359 16.
667 5304 852 5360 λοιπά.

331 5378 445 5445 (ἓξ)
481 5378 864 5448 Epiphanius,

335 5448 448 5515 (23)
483 5449 868 5521 Epiphanius,

481 5517 715 5594 Reg—ius,
748 5517 879 5577 τῶν.
913 5517 1298 5594 Epiphanius,
1325 5520 1385 5594 τὸ
1406 5521 1716 5594 ἀγεννήτως
1741 5517 1910 5594 ἔχειν.

260 5589 345 5667 l_bi
379 5591 598 5667 Regius
631 5593 931 5667 ἀγενήτως,
960 5589 1053 5667 Εε-
1087 5592 1366 5667 ita_legit
1422 5589 1703 5667 Hilarius.
1738 5589 1911 5660 Editi,

259 5659 572 5738 ἆγεννήξως
606 5659 741 5722 cum
772 5659 1116 5739 Epiphanio.
1178 5659 1312 5723 Moi
1356 5665 1718 5739 Epiphanius
1786 5659 1917 5740 post

938 5397 1058 5446 εννη
1073 5377 1257 5448 μάτων
1268 5419 1279 5431 .

960 5445 1060 5517 τὴν
1074 5445 1081 5448 ’
1097 5445 1323 5520 μονάδα.
1355 5455 1464 5504 etc.

2026 4593 2109 4648 sic
2141 4588 2397 4644 Hilarius
2428 4588 2584 4658 legit.

2119 4664 2207 4731 25)
2247 4660 2476 4731 Regius,
2491 4657 2502 4658 ί
2517 4657 2832 4731 μονότατος,

2119 4665 2186 4715 25
2247 4665 2476 4731 Regius,
2517 4665 2832 4729 μονότατος,

2097 4665 2498 4806 (26)_Si_o_ed_it.
2529 4735 2588 4806 et
2613 4729 2820 4806 Epjp‘h,
2853 4730 2988 4803 Reg.
3019 4737 3214 4788 autem
3250 4737 3306 4788 et
3336 4731 3535 4798 Basil.,
3559 4751 3676 4806 γεν-

2021 4797 2199 4876 νηὸῇξ
2222 4803 2370 4876 Ibid.
2389 4803 2644 4876 ‘Regius,
2660 4797 2846 4855 Ἑλλὰ.

2096 4869 2205 4948 (27)
2240 4869 2638 4946 Epiphanius,
2690 4869 3097 4946 συναγέννητος.
3166 4874 3426 4930 Hilarius
3505 4874 3675 4931 simul

2021 4965 2129 5005 non
2161 4951 2358 5019 fact-us.

2241 5017 2458 5100 Begius
2492 5014 2674 5099 solus,
2709 5013 3016 5100 ἀγενῆ-τοῦς.

2241 5085 2625 5172 Epiphanius,
2657 5085 2766 5160 πρό
2793 5085 2890 5139 τοῦ
2922 5087 3178 5172 Χριστοῦ,
3206 5086 3384 5172 multa

2097 5093 2208 5234 (29)
2241 5093 2625 5172 Epiphanius,
2657 5093 2764 5160 πρὸ
2793 5093 2890 5139 τοῦ
2922 5093 3178 5159 Χριστοῦ,
3206 5093 3384 5169 φαίδ.
3471 5159 3482 5170 ο

2120 5165 2208 5231 30)
2260 5161 2681 5234 Epiphanius,“
2703 5157 3282 5234 napacxév13.__lbld.
3311 5230 3320 5234 _
3346 5163 3561 5234 Regius
3619 5165 3676 5216 ct

2023 5229 2404 5306 Epiphanius
2427 5229 2563 5306 κατὰ
2592 5229 2788 5306 τοῦτο,
2811 5229 3000 5306 recte._
3018 5230 3166 5306 Editi
3199 5229 3446 5306 mityl-10;

2098 5299 2207 5375 (31)
2243 5303 2627 5376 Epiphanius,
2685 5301 2791 5376 πρὸ
2850 5300 3018 5354 αὐτοῦ
3076 5301 3208 5354 εἶναι
3270 5299 3357 5356 διὰ
3402 5302 3464 5355 τὸ
3496 5300 3546 5372 ἐξ
3580 5301 3675 5356 αὖ-

2023 5397 2140 5431 του.

2101 5448 2209 5519 (32)
2239 5451 2313 5500 De
2342 5445 2584 5499 Hieraca
2617 5443 2823 5515 Epipq.
2881 5445 3088 5500 Haeres.
3126 5463 3239 5510 LXI,
3273 5445 3375 5500 ubi
3409 5444 3530 5501 hac
3557 5461 3672 5504 non

2023 5520 2319 5591 leguntur.

2099 5593 2209 5664 (33)
2243 5590 2334 5645 Sic
2361 5585 2640 5642 Hilarius.

2193 4664 2208 4804 ἒ
