4082 6376
393 417 502 480 711
551 459 558 466 ι

935 415 998 478 S.
1048 414 1476 478 ATHANASII
1517 414 1692 478 OPP.
1739 413 1941 476 PARS
1979 413 2030 475 1.
2062 448 2142 461 —
2168 413 2581 479 HISTORIGA
2628 415 2728 478 ET
2769 414 3249 480 DOGMATICA.

3676 419 3799 480 7'12

392 568 530 625 pars
559 552 746 626 ipsius
789 547 1332 619 consubstantialis,
1361 547 1451 605 vel
1497 549 1667 620 quasi
1713 546 1972 613 emissio,
2007 563 2033 604 a

2151 544 2400 612 σύνθετος
2441 541 2590 603 ἔσται
2637 547 2666 604 6
2714 549 2901 623 Πατὴρ
2952 547 3043 604 καὶ
3093 545 3385 627 διαιρετὸς,
3413 551 3503 606 καὶ
3543 550 3796 625 τριπτὸς,

393 643 750 716 quibusdam
785 639 1171 713 intelligatur.
1214 643 1387 696 Pater
1433 638 1798 711 compositus
1831 637 1960 707 erit,
1992 640 2051 692 et

389 731 703 791 divisibilis
724 740 776 786 et
800 727 1271 797 mutabilis,item
1295 744 1509 800 corpus
1545 728 1870 784 secundum
1896 725 2048 808 illos,

389 824 444 878 et
473 825 761 894 quantum
795 819 854 874 in
905 817 1053 890 ipsis
1101 817 1231 885 erit,
1288 817 1666 890 incorporeus
1711 816 1888 887 Deus,
1919 831 2048 887 qua

387 909 616 982 corpori
649 912 790 964 sunt
836 907 1093 980 propria,
1126 907 1401 980 patietur.
1452 911 1597 963 Pars
1627 906 1894 978 quadam
1927 904 2048 960 hac

387 1003 528 1056 sunt
577 1013 781 1055 eorum
836 1013 964 1070 qua
1023 1013 1094 1052 ex
1156 996 1425 1053 haretico
1473 996 1646 1053 corde
1694 1012 1802 1052 suo
1849 990 2048 1050 Ariani

385 1092 788 1146 evomuerunt.

459 1186 618 1244 584
651 1187 737 1241 17.
765 1187 1098 1256 Antequam
1147 1200 1280 1241 vero
1328 1185 1564 1240 Nicana
1610 1185 1871 1256 synodus
1896 1184 2050 1244 cele-

387 1277 678 1346 hraretur,
711 1291 914 1330 eorum
945 1273 1166 1330 similia
1194 1273 1553 1345 scripserant
1578 1274 1884 1341 Eusebius,
1907 1275 2044 1332 Nar.

387 1366 600 1437 cissus,
633 1363 1031 1436 Patrophilus,
1061 1361 1260 1432 Maris,
1295 1361 1595 1427 Paulinus,
1621 1363 1958 1420 Theodotus
1985 1369 2044 1421 et

387 1453 740 1510 Athanasius
779 1452 1213 1509 Nazarborum:
1265 1469 1514 1525 quorum
1545 1452 1830 1508 Eusebius
1872 1452 2041 1508 Nico-

391 1543 710 1599 mediensis
743 1557 810 1597 eo
839 1557 1186 1614 progressus
1214 1547 1322 1612 est,
1356 1546 1421 1597 ut
1458 1541 1581 1596 hac
1622 1541 1758 1596 Ario
1790 1541 2042 1614 scripse-

389 1631 502 1688 rit:
539 1653 568 1682 ιι
600 1633 743 1688 Cum
771 1634 924 1687 recte
953 1630 1195 1698 sentias,
1223 1646 1457 1702 precare
1479 1635 1544 1685 ut
1573 1647 1776 1686 omnes
1807 1630 1887 1685 ita
1908 1647 2040 1686 sen-

389 1723 574 1776 tiant:
608 1719 987 1776 manifestum
1031 1719 1186 1775 enim
1237 1718 1514 1775 omnibus
1556 1727 1664 1787 es',
1706 1717 1850 1774 illud
1883 1719 2037 1792 quod

386 1811 606 1866 factum
639 1813 746 1880 est,
781 1824 898 1864 non
947 1807 1128 1864 fuisse
1159 1811 1474 1879 antequam
1527 1807 1709 1862 ﬁeret.
1741 1806 1902 1871 Quod
1937 1825 2044 1864 au-

385 1903 504 1954 tem
535 1898 758 1994 factum
791 1900 900 1964 est,
930 1897 1138 1994 incipit
1177 1913 1329 1994 esse:
1365 1917 1393 1946 »
1427 1895 1713 1994 Eusebius
1760 1913 1908 1994 vero
1923 1900 2038 1994 C_a-
2067 1929 2116 1994 Β

385 2004 562 2043 sarea
595 1985 910 2042 Palastina
942 1985 1015 2041 ad
1049 1984 1505 2058 Euphrationem
1549 1985 1815 2041 scribens
1846 1983 2036 2057 [Bala-

384 2078 529 2149 nea]
553 2077 920 2148 episcopum,
971 2091 1085 2130 non
1135 2075 1336 2130 timuit
1382 2079 1580 2147 aperte
1626 2073 1840 2142 dicere,
1869 2074 2035 2130 Chri-

385 2171 540 2221 stum
574 2182 687 2221 non
717 2181 847 2221 esse
890 2180 1092 2220 verum
1145 2165 1344 2220 Deum.
1377 2164 1488 2219 Sed
1537 2162 1898 2220 Athanasius
1923 2168 2033 2220 Na-

387 2255 696 2310 zarborum
718 2253 978 2326 apertius
1002 2251 1270 2308 haresim
1303 2253 1683 2318 detexit,cum
1715 2252 1798 2307 ait
1825 2251 2032 2308 Filium

387 2342 493 2398 Dei
527 2359 703 2398 unam
736 2359 804 2397 ex
835 2345 1068 2398 centum
1101 2341 1310 2396 ovibus
1341 2357 1489 2397 esse.
1525 2342 1587 2396 In
1617 2341 1739 2396 suis
1771 2341 1926 2395 enim
1961 2341 2034 2397 ad

382 2432 778 2487 Alexandrum
835 2431 1173 2502 episcopum
1237 2429 1471 2498 litteris,
1529 2447 1712 2486 ausus
1771 2434 1862 2486 est
1913 2430 2034 2488 hac

384 2523 675 2592 proterre:
712 2542 738 2571 «
771 2521 886 2576 Cur
907 2519 1160 2597 ⁵Αιιὶιιῐιοε
1178 2519 1376 2590 arguis
1397 2520 1550 2590 quod
1581 2519 1798 2586 dicant,
1827 2536 1896 2575 ex
1917 2536 2032 2576 non

383 2609 748 2666 exstantibus
783 2608 991 2664 Filium
1024 2609 1124 2664 Dei
1169 2613 1428 2664 creatum
1467 2609 1826 2681 factumque,
1857 2613 2034 2680 atque

383 2714 452 2754 ex
468 2697 742 2754 omnibus
761 2713 942 2752 unum
963 2712 1093 2752 esse
1112 2697 1140 2752 ‘I
1156 2712 1288 2752 cum
1311 2696 1467 2752 enim
1491 2696 1550 2751 in
1570 2701 1804 2752 centum
1827 2697 2034 2753 ovibus

380 2787 615 2859 opiﬁcis
643 2785 842 2842 omnia
892 2802 992 2857 per
1033 2785 1372 2856 parabolam
1419 2785 1774 2852 iudicentur,
1819 2802 1935 2842 una
1965 2801 2035 2840 ex

379 2875 497 2932 illis
528 2882 617 2932 est
645 2875 771 2948 ipse
805 2873 1002 2930 Filius.
1039 2874 1098 2930 Si
1129 2874 1308 2946 igitur
1337 2880 1574 2930 centum
1607 2873 1717 2930 illa
1748 2891 1861 2930 non
1895 2890 2036 2942 sunt

381 2971 585 3022 creata
616 2983 708 3023 res
751 2969 809 3021 et
859 2962 1114 3037 Opiﬁcia,
1147 2967 1250 3019 aut
1297 2963 1344 3019 si
1380 2969 1585 3035 prater
1633 2963 1766 3019 illas
1796 2968 2032 3020 centum

383 3055 538 3111 aliud
571 3054 870 3126 quidpiam
921 3052 1203 3109 exsistat:
1257 3069 1361 3108 nec
1406 3052 1587 3108 Filius
1641 3053 1845 3124 utique
1875 3069 2032 3108 crea-

384 3151 516 3200 tura
541 3151 649 3208 est,
675 3149 776 3198 aut
801 3159 956 3198 unus
977 3159 1046 3198 ex
1075 3141 1371 3198 omnibus.
1404 3142 1564 3206 Quod
1589 3141 1639 3196 si
1663 3148 1898 3198 centum
1923 3141 2035 3199 illa

383 3249 587 3288 omnes
618 3236 822 3288 creata
854 3247 946 3288 res
977 3232 1115 3301 sint,
1143 3230 1406 3302 nihilque
1436 3230 1512 3287 sit
1546 3237 1708 3286 extra
1737 3230 1869 3286 illas
1901 3247 2033 3286 cen-

2157 635 2247 692 καὶ
2295 639 2455 710 σῶμα
2509 637 2625 693 κατ’
2671 636 2888 709 αὐτοὺς,
2935 637 3026 694 καὶ
3071 639 3135 694 τὸ
3184 637 3310 695 ὅσον
3354 637 3435 695 ἐπ’
3481 639 3686 708 αὐτοῖς,
3733 641 3803 696 τὰ

2160 725 2437 782 ἀκόλουθα
2484 728 2696 801 σώματι
2748 726 3000 803 πάσχων,
3045 729 3074 783 6
3125 727 3416 802 ἀσώματος
3443 729 3596 793 Θεός.
3627 735 3803 786 Ταῦτα

2157 813 2263 869 ἀπὸ
2299 814 2500 889 μέρους
2523 815 2599 870 ὧν
2627 814 2836 890 ἤμεσαθ
2885 815 2946 872 ἐκ
2991 818 3089 886 τῆς
3132 814 3334 873 ἑαυτῶν
3361 818 3641 896 αἱρετικῆς
3669 841 3803 898 καρ-

2157 899 2276 966 δίας
2307 904 2359 958 οἱ
2389 904 2512 979 περὶ
2539 905 2775 976 Ἀρειον,
2807 903 2946 960 ἐστίν
2974 907 3107 980 (34).

2229 1183 2313 1238 17.
2356 1179 2470 1256 Πρὸ
2519 1176 2576 1236 δὲ
2619 1184 2716 1235 τοῦ
2766 1177 3006 1258 γενέσθαι
3053 1181 3153 1250 τήν
3210 1178 3264 1236 ἐν
3307 1181 3502 1254 Nutan
3549 1181 3798 1255 σύνοδον,

2153 1266 2390 1346 ἔγραψαν
2447 1267 2536 1324 καὶ
2594 1269 2646 1324 οἱ
2701 1268 2827 1344 περὶ
2883 1263 3140 1326 Εὖσὲϐιον
3167 1313 3183 1342 ,
3241 1270 3539 1347 Νάρκισσόν
3595 1293 3656 1329 τε
3706 1273 3796 1330 καὶ

2153 1356 2522 1436 Πατρόφιλον,
2568 1356 2659 1414 καὶ
2709 1359 2908 1432 Μάριν,
2957 1357 3227 1415 Παυλῖνόν
3277 1380 3358 1429 τε,
3388 1361 3479 1416 καὶ
3509 1359 3795 1434 θεόδοτον,

2150 1447 2240 1502 καὶ
2290 1448 2613 1503 ’Δθανάσιον
2666 1447 2757 1502 τὸν
2979 1447 3084 1502 ἀπὸ
3153 1443 3450 1524 Ναζαρϐῶν
3505 1451 3574 1506 τὰ
3629 1449 3796 1524 ὅμοια

2149 1535 2351 1599 αὐτοῖς.
2411 1535 2508 1592 Καὶ
2564 1537 2593 1591 6
2653 1535 2748 1608 μὲν
2806 1535 2912 1591 ἀπὸ
2957 1542 3059 1606 τῆς
3111 1534 3477 1612 Νικομηδείας
3533 1535 3796 1605 Εὐσέϐιος

2147 1625 2284 1680 κατὰ
2309 1625 2559 1701 περιττὸν
2593 1619 2815 1703 ἔγραφεν
2865 1625 3082 1700 Ἀρείῳ,
3115 1625 3219 1680 δτιο
3255 1651 3285 1678 ι(
3318 1624 3519 1690 Καλῶς
3558 1634 3795 1706 φρονῶν,

2148 1711 2315 1790 εὔχου
2345 1715 2548 1778 πάντας
2574 1713 2746 1776 οὕτως
2793 1719 3030 1792 φρονεῖν·
3063 1715 3223 1770 παντὶ
3270 1716 3375 1791 γὰρ
3425 1714 3595 1788 δῆλόν
3627 1718 3792 1792 ἔστιν,

2145 1803 2228 1859 ὅτι
2256 1805 2320 1860 τὸ
2350 1803 2716 1878 πεποιημένον
2749 1804 2853 1858 οὐκ
2878 1806 2944 1874 ἦν
2969 1803 3095 1880 πρὶν
3123 1803 3385 1880 γενέσθαι.
3417 1807 3488 1862 Τὸ
3515 1808 3798 1884 γενόμενον

2147 1889 2204 1948 δὲ
2234 1893 2412 1970 ἀρχὴν
2445 1887 2559 1969 ἔχει
2601 1896 2698 1947 τοῦ
2745 1893 2904 1948 εἶναι.
2944 1917 2965 1944 ι
2995 1898 3052 1948 '0
3083 1890 3142 1949 δὶ
3187 1893 3294 1951 ἀπὸ
3342 1897 3666 1968 Καισαρείας
3691 1904 3793 1968 τῆς

2145 1979 2518 2052 Παλαιστίνης
2549 1975 2833 2051 Εὐσέϐιος,
2871 1980 3090 2060 γράφων
3138 1983 3274 2058 πρὸς
3320 1983 3675 2062 Εὐφρατίωνα
3703 1987 3794 2042 τὸν

2145 2069 2459 2139 ἐπίσκοπον,
2509 2069 2608 2126 οὐκ
2655 2065 2898 2149 ἐφοϐήθη
2951 2075 3192 2150 φανερῶς
3237 2071 3432 2146 εῒπεῖν,
3479 2075 3562 2130 ὅτι
3593 2076 3622 2130 6
3659 2076 3791 2150 Χρι-

2143 2161 2266 2222 στὸς
2315 2159 2414 2215 οὐκ
2461 2158 2602 2215 ἔστιν
2647 2157 2910 2230 ἀληθινὸς
2959 2161 3110 2224 Θεός.
3161 2162 3260 2216 Καὶ
3309 2163 3624 2228 Ἀθανάσιος
3676 2162 3788 2221 ὂέὁ

2144 2250 2250 2304 ἀπὸ
2293 2243 2586 2322 Ναζαρϐὦν
2634 2243 2712 2304 ἔτι
2759 2248 3092 2326 γυμνότερον
3139 2249 3486 2308 ἀπεκάλυπτε
3514 2254 3614 2323 τὴν
3647 2252 3792 2330 α’ίρε-

2143 2359 2249 2408 σιν,
2278 2333 2371 2392 ’ἕνα
2398 2342 2506 2392 τῶν
2551 2338 2737 2393 ἑκατὸν
2785 2335 3081 2416 προϐάτων
3135 2341 3308 2417 Αὲγων
3359 2341 3496 2397 εἶναι
3540 2344 3634 2398 τὸν
3663 2345 3786 2400 Υὶὸν

2140 2431 2237 2482 τοῦ
2269 2429 2423 2483 Θεοῦ.
2455 2425 2680 2504 Γράφων
2711 2427 2815 2503 γὰρ
2847 2427 2984 2504 πρὸς
3030 2425 3517 2506 Ἀλέξανδρονητὸν
3569 2431 3792 2488 ἐπίσκο-

2141 2537 2266 2587 πον,
2315 2513 2696 2588 ἀπετόλμησεν
2747 2514 2920 2579 οὕτως
2971 2515 3138 2572 εἰπεῖν
3162 2535 3176 2550 ο
3227 2542 3256 2570 ι(
3305 2517 3366 2572 Τί
3425 2519 3613 2599 μέμφῃ
3667 2526 3789 2585 τοῖς

2141 2603 2264 2679 περὶ
2295 2604 2539 2681 Ἀρειον,
2571 2603 2617 2659 εἰ
2667 2601 2936 2680 λέγουσιν’
2974 2606 3058 2680 Ἐξ
3107 2605 3208 2662 οὐκ
3253 2602 3422 2662 ὄντων
3460 2608 3664 2682 κτίσμα
3691 2631 3793 2666 πε-

2141 2693 2365 2763 ποίηται
2399 2694 2428 2748 6
2461 2693 2584 2756 Υἱὸς
2631 2697 2731 2749 τοῦ
2779 2698 2936 2762 Θεοῦ,
2984 2694 3073 2750 καὶ
3115 2695 3170 2751 ἓν
3197 2699 3306 2750 τῶν
3353 2693 3569 2753 πάντων
3598 2697 3737 2755 ἐστίν
3775 2718 3790 2770 ;

2143 2782 2194 2838 ἐν
2255 2783 2443 2838 ἑκατὸν
2499 2781 2604 2858 γὰρ
2664 2777 2960 2860 προϐάτοις
3018 2779 3528 2860 παραϐαλλομὲνων
3574 2788 3790 2844 πάντων

2139 2875 2248 2926 τῶν
2290 2871 2701 2944 πεποιημένων,
2751 2871 2831 2934 εὲς
2881 2870 2992 2927 ἐστι
3039 2871 3130 2927 καὶ
3171 2874 3200 2928 6
3251 2873 3375 2937 Υἱὸς
3404 2874 3456 2946 ἐξ
3496 2875 3694 2934 αὐτῶν.
3729 2877 3797 2935 Ei’

2146 2961 2240 3034 μὲν
2269 2958 2360 3014 οὖν
2390 2961 2458 3014 τὰ
2509 2960 2694 3015 ἑκατὸν
2742 2959 2842 3016 οὐκ
2888 2957 3000 3016 ἔστι
3048 2961 3318 3036 κτίσματα
3364 2967 3456 3019 καὶ
3501 2966 3720 3040 γενητὰ,
3753 2966 3788 3037 ἢ

2143 3047 2219 3104 ἔνι
2251 3047 2415 3104 πλέον
2465 3070 2517 3104 τι
2564 3053 2675 3104 τῶν
2728 3049 2938 3122 ἑκατὸν,
2970 3047 3235 3122 δηλονότι
3267 3049 3467 3126 μηδὲ-ὁ
3497 3053 3620 3116 Υἱὸς
3652 3051 3790 3110 ἔστω

2142 3138 2362 3210 κτίσμα,
2392 3137 2482 3192 καὶ
2514 3139 2592 3198 εἷς
2641 3141 2747 3192 τῶν
2792 3143 3026 3194 πάντων.
3062 3138 3122 3194 Ei
3175 3137 3234 3195 δὶ
3277 3141 3344 3196 τὰ
3391 3139 3578 3197 ἑκατὸν
3617 3143 3791 3199 πάντα

2145 3227 2366 3302 γενητὰ,
2401 3226 2489 3282 καὶ
2522 3223 2675 3282 οὐδὲν
2718 3226 2858 3282 ἐστιν
2904 3226 3056 3291 ἐκτὸς
3099 3233 3206 3284 τῶν
3241 3231 3286 3304 ρ’
3314 3228 3463 3300 πλὴν
3495 3232 3663 3304 μόνου
3692 3237 3790 3288 τοῦ

383 3327 511 3377 tum
529 3320 936 3393 prater-solum
954 3290 1573 3391 Deum,quid.absurdi
1594 3319 1801 3376 dicunt
1817 3321 2030 3388 Ariani,

2145 3320 2300 3387 Θεοῦ,
2357 3315 2411 3370 τί
2469 3315 2670 3372 ἄτοπον
2729 3315 2976 3394 λέγουσιν
3024 3317 3076 3372 οἱ
3129 3317 3254 3394 περὶ
3309 3319 3548 3396 Ἄρειον,
3608 3319 3678 3392 εί,
3732 3319 3788 3376 ἓν

381 3411 430 3467 si
465 3411 521 3466 in
546 3410 664 3464 illis
687 3415 943 3476 centum,
967 3408 1264 3465 Christum
1289 3408 1744 3480 complectentes
1770 3415 1824 3465 et
1849 3427 2036 3464 annu-

383 3502 698 3563 merantes,
749 3514 932 3552 unum
985 3514 1053 3552 ex
1099 3497 1374 3554 omnibus
1424 3496 1588 3552 illum
1631 3497 1973 3553 afﬁrmant?
2003 3519 2032 3548 ι»

381 3587 665 3658 Georgius
695 3591 889 3642 autem
921 3586 1020 3658 qui
1054 3602 1210 3641 nunc
1257 3586 1550 3641 Laodicea
1581 3586 1894 3659 episcopus
1923 3592 2031 3654 est,

381 3683 628 3748 tumque
674 3672 1037 3730 Alexandria
1085 3674 1387 3747 presbyter
1427 3680 1574 3740 erat,
1614 3679 1672 3730 et
1715 3674 2033 3731 Antiochia

380 3764 874 3830 commorabatur,
925 3764 995 3820 ad
1056 3763 1455 3819 Alexandrum
1512 3763 1850 3836 episcopum
1913 3763 2034 3820 hac

376 3853 654 3926 scripsit:
688 3875 716 3904 «
750 3853 831 3910 Ne
858 3852 1106 3910 Arianos
1150 3853 1566 3925 reprehendas,
1608 3853 1763 3924 quod
1795 3853 2028 3910 dicant:

375 3943 513 3997 Erat
569 3945 804 4013 tempus
835 3957 970 3996 cum
1029 3958 1142 3998 non
1197 3946 1354 3997 esset
1407 3940 1589 3996 Filius
1635 3939 1772 3996 Dei:
1813 3942 2030 3998 etenim

377 4032 560 4087 lsaias
591 4031 748 4087 tilius
789 4031 898 4087 fuit
937 4033 1136 4099 Amos,
1186 4031 1426 4103 ipseque
1475 4033 1651 4086 Amos
1701 4034 1825 4086 erat
1868 4038 2029 4088 ante-

377 4139 552 4194 quam
586 4121 768 4177 Isaias
801 4120 1139 4176 exsisteret:
1179 4121 1359 4177 lsaias
1389 4135 1522 4176 vero
1574 4136 1688 4175 non
1719 4125 1844 4176 erat
1873 4125 2028 4188 ante,

375 4212 476 4267 sed
510 4215 713 4282 postea
740 4209 980 4266 exstitit.
1013 4231 1042 4260 »
1092 4209 1176 4264 Ad
1207 4210 1453 4265 Arianos
1497 4225 1628 4264 vero
1659 4208 1898 4281 scripsit
1937 4210 2029 4266 his

371 4299 566 4356 verbis
591 4317 604 4356 :
627 4322 654 4350 «
673 4300 822 4365 Quid
845 4297 1240 4354 Alexandrum
1265 4315 1472 4370 papam
1499 4298 1746 4369 arguitis
1767 4299 1918 4370 quod
1944 4299 2029 4354 di-

370 4385 519 4442 xerit
548 4403 615 4442 ex
642 4388 802 4442 Patre
825 4385 1036 4441 Filium
1054 4395 1186 4441 esse
1210 4388 1233 4440 ?
1259 4385 1477 4440 etenim
1503 4402 1607 4441 nec
1638 4402 1738 4441 vos
1772 4391 2029 4444 metuere

371 4473 599 4530 debetis
630 4473 842 4530 Filium
875 4473 1064 4530 dicere
1093 4491 1163 4528 ex
1197 4475 1307 4530 Deo
1337 4490 1486 4530 esse.
1518 4473 1665 4529 Nam
1695 4474 1744 4530 si
1779 4480 2024 4546 Aposto-

370 4560 466 4617 lus
523 4560 778 4634 scripsit,
839 4562 1036 4618 Omnia
1089 4570 1272 4617 autem
1326 4577 1394 4616 ea:
1453 4563 1555 4617 Deo
1585 4563 1627 4629 ’,
1691 4563 2024 4636 propalam-

2142 3405 2194 3460 ἐν
2249 3408 2362 3481 (36)
2417 3411 2533 3461 τοῖς
2593 3407 2778 3461 ἑκατὸν
2839 3401 3228 3470 πεθιλαϐόντες
3287 3406 3376 3463 καὶ
3433 3409 3792 3484 ἀριθμοῦντες

2138 3493 2233 3550 τὸν
2293 3494 2528 3570 Χριστὸν
2564 3537 2579 3563 ,
2636 3491 2730 3550 ἕνα
2783 3498 2890 3549 τῶν
2949 3495 3162 3551 πάντων
3217 3495 3376 3551 αὐτὸν
3434 3497 3681 3572 εἰρήκασι
3713 3519 3728 3569 ;
3763 3522 3792 3550 n

2140 3583 2414 3658 Γεώργιος
2477 3580 2534 3638 δὲ
2590 3583 2617 3637 6
2667 3587 2758 3637 νῦν
2817 3581 2870 3638 ἐν
2929 3571 3244 3657 Λαοδικείᾳ,
3293 3580 3658 3663 πρεσϐύτερος
3717 3584 3792 3642 ὢν

2137 3671 2262 3727 τότε
2295 3679 2390 3742 τῆς
2417 3669 2844 3746 Ἀλεξανδρείας,
2889 3673 2978 3728 καὶ
3027 3671 3078 3728 ἐν
3112 3673 3427 3750 Ἀντιοχείᾳ
3475 3672 3796 3754 διατρίϐων,

2138 3761 2277 3836 πρὸς
2326 3762 2420 3834 μὲν
2473 3757 2824 3836 Ἀλέξανδρον
2873 3762 2964 3816 τὸν
3019 3761 3311 3820 ἐπίσκοπον
3341 3760 3625 3841 ’ἔγραψεν,
3669 3765 3800 3840 ὅτις

2141 3874 2169 3903 ι(
2203 3851 2297 3920 Μὴ
2334 3853 2554 3926 μέμφου
2581 3856 2699 3913 τοῖς
2727 3851 2852 3927 περὶ
2884 3853 3123 3928 Ἄρειον,
3151 3852 3196 3908 εἴ
3218 3853 3492 3929 λέγουσιν’
3515 3861 3610 3912 Ἦν
3634 3877 3790 3926 ποτε,

2140 3939 2231 3993 ὅτε
2260 3938 2358 3993 οὐκ
2387 3939 2452 4008 ἧν
2485 3940 2514 3994 6
2545 3939 2672 4002 Υἱὸς
2719 3943 2818 3994 τοῦ
2865 3938 3020 3996 Θεοῦ’
3070 3941 3160 3996 καὶ
3199 3943 3301 4019 γὰρ
3334 3944 3363 3998 6
3411 3945 3524 4018 (37)
3569 3943 3788 4009 Ἠσαίας

2137 4025 2255 4089 υἱὸς
2287 4025 2501 4102 γέγονεν
2553 4027 2758 4100 ’Δμὼς,
2805 4029 2896 4082 καὶ
2944 4028 3098 4102 ὅμως
3145 4031 3175 4084 6
3221 4029 3314 4104 μὲν
3349 4031 3534 4106 Ἀμὼς
3575 4033 3643 4104 ἦν
3680 4035 3788 4110 πρὸ

2135 4119 2232 4170 τοῦ
2262 4117 2509 4191 γενέσθαι
2540 4117 2632 4172 τὸν
2671 4115 2914 4174 Ἡσαΐαν·
2966 4119 2994 4172 6
3039 4115 3096 4174 δὲ
3143 4116 3362 4182 Ἡσαΐας
3393 4121 3495 4176 οὐκ
3541 4121 3609 4192 ἧν
3650 4123 3786 4197 πρό-

2134 4227 2313 4283 τερον,
2349 4204 2494 4261 ἀλλὰ
2526 4209 2662 4280 μετὰ
2691 4211 2860 4263 ταῦτα
2884 4208 3094 4285 γέγονε.
3126 4233 3154 4260 ››
3183 4211 3324 4286 Πρὸς
3347 4207 3405 4266 δὲ
3433 4211 3560 4276 τοὺς
3587 4214 3794 4288 Ἀρεια-

2135 4294 2261 4357 νοός
2302 4291 2516 4374 ἔγραφεσ
2584 4319 2610 4351 ι
2651 4294 2712 4370 Τί
2773 4299 3045 4374 μεμφεσθε
3101 4297 3446 4374 Ἀλεξάνδρῳ
3500 4305 3582 4374 τῷ
3636 4303 3793 4375 πὰπᾳ

2137 4382 2346 4458 λέγοντι
2379 4383 2440 4440 ἐκ
2483 4388 2582 4439 τοῦ
2630 4384 2840 4461 Ιιατρὸς
2885 4385 2978 4440 τὸν
3029 4386 3152 4442 Υἱὸν
3181 4406 3194 4457 ;
3225 4388 3316 4442 καὶ
3357 4388 3459 4466 γὰρ
3513 4390 3602 4446 καὶ
3634 4391 3793 4465 ὑμεῖς

2140 4474 2226 4546 μὴ’
2249 4467 2528 4551 φοϐηθῆτε
2577 4474 2745 4528 εἰπεῖν
2776 4473 2866 4528 καὶ
2909 4471 2970 4529 ἐκ
2996 4479 3094 4529 τοῦ
3125 4480 3260 4531 Θεοῦ
3287 4477 3378 4532 τὸν
3412 4477 3560 4536 Υἱόν.
3592 4479 3654 4535 Ei
3683 4480 3784 4557 γὰρ

2135 4563 2162 4618 6
2215 4562 2553 4626 Ἀπόστολος
2609 4560 2830 4640 ἔγραψε’
2891 4563 2966 4619 Τὰ
3021 4560 3080 4620 δὲ
3134 4567 3308 4622 πάντα
3358 4565 3417 4622 ἐκ
3471 4572 3568 4623 τοῦ
3624 4573 3782 4642 θεοῦ,

369 4668 484 4725 que
531 4657 638 4719 est,
693 4667 762 4706 ex
819 4667 934 4706 non
967 4650 1332 4706 exstantibus
1387 4650 1587 4706 omnia
1635 4651 1788 4706 facta
1825 4651 2028 4723 fuisse,

2143 4652 2220 4708 ιιαὶ
2269 4649 2380 4708 ἔστι
2435 4648 2604 4722 δῆλον
2638 4651 2688 4724 ἐξ
2739 4653 2838 4709 οὐκ
2880 4650 3049 4709 ὄντων
3101 4657 3428 4722 πεποιῆσθαι
3474 4657 3542 4712 τὰ
3585 4657 3780 4730 πάντα,

369 4745 576 4814 estque
622 4740 798 4796 etiam
853 4738 1029 4795 Filius
1078 4744 1329 4808 creatus,
1376 4744 1554 4810 atque
1602 4756 1719 4796 una
1749 4757 1817 4796 ex
1849 4741 2024 4798 rebus

438 4922 461 4956 ²
492 4925 517 4976 I
549 4922 674 4978 Cor.
707 4938 788 4993 xx,
821 4921 907 4976 12.

437 5101 550 5173 (34)
577 5101 742 5168 Quod
770 5100 868 5174 hic
898 5101 980 5174 ait
1007 5101 1308 5174 Athanas._
1327 5100 1450 5158 hac
1483 5105 1714 5174 partem
1745 5116 1879 5174 esse,
1925 5117 2021 5158 eo-

367 5189 500 5229 rum
529 5189 654 5245 qua
686 5173 884 5228 Ariani
919 5173 1096 5245 impie
1123 5172 1434 5245 protulere,
1460 5172 1842 5245 nequaquam
1869 5173 2021 5229 indi-

367 5249 464 5300 cat
491 5243 715 5316 partem
747 5250 976 5301 tantum
1007 5243 1262 5316 epistola
1295 5244 1391 5300 hic
1421 5243 1657 5300 allatam
1678 5244 1892 5316 fuisse;
1919 5246 2019 5300 sed

367 5315 662 5388 signiﬁcat
693 5323 932 5373 sanctus
965 5315 1186 5383 doctor,
1219 5316 1366 5372 alias
1398 5321 1636 5388 exstare,
1672 5315 1733 5370 in
1783 5315 2024 5388 scriptis

368 5389 718 5444 Arianorum
771 5388 984 5456 impias
1030 5404 1220 5458 voces,
1257 5404 1358 5442 seu
1409 5387 1558 5443 alias
1589 5387 1726 5442 alibi
1763 5387 2022 5459 prolatas

367 5461 439 5515 ab
471 5461 592 5516 illis
625 5461 824 5517 fuisse.
861 5461 1148 5530 Integram
1181 5459 1345 5532 enim,
1371 5474 1503 5515 esse
1535 5459 1682 5532 hanc
1709 5459 2021 5532 epistolam

365 5537 527 5622 patet
557 5548 626 5588 ex
682 5529 1161 5622 Epiphaniouubi
1197 5531 1582 5622 νςῃιξιξίιῐιηρριει
1612 5529 2022 5622 ξωιξξνοςὺα,νὸ

363 5597 653 5673 ἆσώματος
684 5597 836 5672 Θὲόξ,
873 5603 1161 5690 sequitur.
1197 5597 1506 5678 Ἐῤῥῶσθαί
1540 5621 1597 5655 σε
1622 5599 1676 5656 ἐν
1717 5601 1905 5728 Κυρίις
1933 5597 2025 5657 εὕ-

365 5691 565 5728 vomat.
624 5674 853 5728 μακάριε
903 5692 1074 5727 παπα·
1133 5675 1344 5728 Ἀοιος.
1385 5672 1642 5728 Ἐθάλης.
1699 5671 1864 5728 Ἀγιλ
1911 5672 2021 5728 silc.

365 5671 566 5749 χομαι,
623 5674 853 5749 μακάριε
903 5671 1074 5749 πᾶπα·
1112 5671 1344 5749 “'Apt'o'c,
1385 5672 1642 5749 Ἐθάλῃς,
1699 5671 2021 5749 Ἀχιλλεὺς,

365 5741 694 5817 Καρπώνης,
745 5741 1060 5819 Σαρματᾶς,
1112 5741 1352 5820 Ἄρειος,
1404 5741 1807 5819 πρεσϐῦτεροι²’
1838 5741 2022 5800 διάκο-

2135 4739 2242 4797 ἕστι
2271 4738 2328 4797 δὲ
2357 4743 2447 4797 καὶ
2479 4743 2508 4797 ὁ
2537 4743 2659 4804 Υἱὸς
2708 4741 2930 4816 κτίσμα,
2963 4743 3053 4800 καὶ
3095 4749 3204 4800 τῶν
3249 4748 3632 4821 πεποιημένων
3683 4747 3782 4811 εἶς’

2131 5122 2240 5176 νοᾼι,
2289 5099 2554 5176 Εὐζώῖος,
2595 5099 2848 5173 Λούκιος,
2896 5102 3153 5176 Ἰούλιος,
3202 5111 3415 5176 Μηνᾶς,
3469 5105 3783 5176 Ἐλλάδιος,

2129 5170 2313 5246 Patior
2375 5170 2684 5246 ἐπίσκοποι,
2747 5170 3046 5246 Σεκοῦνδος
3100 5170 3510 5246 Πενταπόλεως,
3571 5170 3785 5243 Θεωνᾶς

2130 5240 2324 5326 λίϐος,
2357 5244 2576 5326 Ιξισξὸς,
2619 5245 2682 5326 ’ῥχ
2728 5245 3069 5326 ,κατέστησαν
3127 5247 3204 5311 είς
3259 5240 3669 5326 Ἀλεξανδρειαν
3729 5240 3783 5307 ei

2131 5315 2423 5393 ξΔρειανοί.
2446 5317 2597 5393 Qua
2625 5316 2847 5393 Pistum
2880 5315 3037 5376 hunc
3068 5315 3784 5393 spectant,expenduntur

2131 5389 2206 5445 in
2228 5392 2340 5445 vita
2366 5389 2666 5445 Athanasii
2693 5392 2765 5446 ad
2797 5408 3016 5447 annum
3047 5389 3172 5460 349,
3217 5395 3314 5450 ubi
3347 5389 3612 5452 'videsis.
3674 5397 3780 5454 Alii

2130 5467 2328 5541 autem
2361 5477 2584 5541 omnes
2625 5459 2746 5541 hic_
2777 5463 3054 5541 recensiti
3107 5459 3459 5541 in_Epistola
3487 5468 3782 5541 encyclica

2131 5531 2454 5610 Alexandri
2482 5532 2685 5610 eodem
2719 5533 2903 5610 ferme
2915 5534 3132 5610 ordine
3165 5531 3460 5610 leguntur-

2208 5603 2320 5676 (35)
2351 5604 2446 5659 Sic
2481 5603 2716 5672 Regius.
2752 5605 2814 5660 In
2837 5606 3012 5662 editis
3040 5623 3173 5676 vero
3202 5603 3296 5662 ὧν
3323 5610 3508 5669 deest.

2207 5675 2318 5746 (35)
2353 5677 2440 5732 Ita
2468 5675 2701 5746 Regius.
2735 5680 2796 5732 In
2830 5677 3004 5735 editis
3033 5675 3086 5732 ἐν
3113 5680 3295 5737 deest.

2211 5747 2321 5821 (37)
2354 5747 2574 5821 Regius
2601 5763 2716 5806 non
2747 5747 2927 5808 habet
2957 5749 3006 5807 ὁ.
