  <div class='ocr_page' id='page_1' title='image "/cluster/home/n/w/nwhite01/storage/ocr_20150623/26/hvd.32044019208479/424.png"; bbox 0 0 4082 6364; ppageno 0'>
   <div class='ocr_carea' id='block_1_1' title="bbox 256 386 401 484">
    <p class='ocr_par' dir='ltr' id='par_1_1' title="bbox 256 386 401 484">
     <span class='ocr_line' id='line_1_1' title="bbox 256 386 401 484; baseline -0.007 0"><span class='ocrx_word' id='word_1_1' title='bbox 256 386 401 484; x_wconf 68' lang='grc'>713</span> 
     </span>
    </p>
   </div>
   <div class='ocr_carea' id='block_1_2' title="bbox 1742 418 2251 483">
    <p class='ocr_par' dir='ltr' id='par_1_2' title="bbox 1742 418 2251 483">
     <span class='ocr_line' id='line_1_2' title="bbox 1742 418 2251 483; baseline 0.004 -4"><span class='ocrx_word' id='word_1_2' title='bbox 1742 418 1846 479; x_wconf 87' lang='lat' dir='ltr'>DE</span> <span class='ocrx_word' id='word_1_3' title='bbox 1890 418 2251 483; x_wconf 85' lang='lat' dir='ltr'>SYNODIS.</span> 
     </span>
    </p>
   </div>
   <div class='ocr_carea' id='block_1_3' title="bbox 3577 419 3696 479">
    <p class='ocr_par' dir='ltr' id='par_1_3' title="bbox 3577 419 3696 479">
     <span class='ocr_line' id='line_1_3' title="bbox 3577 419 3696 479; baseline 0 0"><span class='ocrx_word' id='word_1_4' title='bbox 3577 419 3696 479; x_wconf 79' lang='grc'>’714</span> 
     </span>
    </p>
   </div>
   <div class='ocr_carea' id='block_1_4' title="bbox 285 547 1943 630">
    <p class='ocr_par' dir='ltr' id='par_1_4' title="bbox 285 547 1937 630">
     <span class='ocr_line' id='line_1_4' title="bbox 285 547 1937 630; baseline -0.002 -21"><span class='ocrx_word' id='word_1_5' title='bbox 285 550 515 630; x_wconf 77' lang='grc' dir='ltr'>λεχθείη</span> <span class='ocrx_word' id='word_1_6' title='bbox 547 548 611 607; x_wconf 75' lang='grc' dir='ltr'>ἃν</span> <span class='ocrx_word' id='word_1_7' title='bbox 637 550 728 606; x_wconf 84' lang='grc' dir='ltr'>καὶ</span> <span class='ocrx_word' id='word_1_8' title='bbox 755 550 783 605; x_wconf 85' lang='grc' dir='ltr'><strong>ὁ</strong></span> <span class='ocrx_word' id='word_1_9' title='bbox 811 549 934 612; x_wconf 74' lang='grc' dir='ltr'>Υἱὸς</span> <span class='ocrx_word' id='word_1_10' title='bbox 966 547 1026 605; x_wconf 79' lang='grc' dir='ltr'>ἐκ</span> <span class='ocrx_word' id='word_1_11' title='bbox 1053 552 1151 605; x_wconf 88' lang='grc' dir='ltr'>τοῦ</span> <span class='ocrx_word' id='word_1_12' title='bbox 1201 553 1356 622; x_wconf 88' lang='grc' dir='ltr'>Θεοῦ,</span> <span class='ocrx_word' id='word_1_13' title='bbox 1397 547 1568 613; x_wconf 64' lang='grc' dir='ltr'>οὕτως</span> <span class='ocrx_word' id='word_1_14' title='bbox 1621 548 1800 626; x_wconf 81' lang='grc' dir='ltr'>ὥσπερ</span> <span class='ocrx_word' id='word_1_15' title='bbox 1847 550 1937 606; x_wconf 86' lang='grc' dir='ltr'>καὶ</span> 
     </span>
    </p>
   </div>
   <div class='ocr_carea' id='block_1_5' title="bbox 2055 547 3699 630">
    <p class='ocr_par' dir='ltr' id='par_1_5' title="bbox 2055 550 3699 627">
     <span class='ocr_line' id='line_1_5' title="bbox 2055 550 3699 627; baseline 0.001 -19"><span class='ocrx_word' id='word_1_16' title='bbox 2055 553 2241 623; x_wconf 82' lang='lat' dir='ltr'>factis;</span> <span class='ocrx_word' id='word_1_17' title='bbox 2266 569 2403 627; x_wconf 88' lang='lat' dir='ltr'>ergo</span> <span class='ocrx_word' id='word_1_18' title='bbox 2434 557 2491 610; x_wconf 89' lang='lat' dir='ltr'>et</span> <span class='ocrx_word' id='word_1_19' title='bbox 2519 553 2704 611; x_wconf 89' lang='lat' dir='ltr'>Filius</span> <span class='ocrx_word' id='word_1_20' title='bbox 2734 570 2804 611; x_wconf 82' lang='lat' dir='ltr'>ex</span> <span class='ocrx_word' id='word_1_21' title='bbox 2830 553 2947 610; x_wconf 90' lang='lat' dir='ltr'>Deo</span> <span class='ocrx_word' id='word_1_22' title='bbox 2981 551 3096 607; x_wconf 92' lang='lat' dir='ltr'>dici</span> <span class='ocrx_word' id='word_1_23' title='bbox 3126 552 3362 623; x_wconf 88' lang='lat' dir='ltr'>poterit,</span> <span class='ocrx_word' id='word_1_24' title='bbox 3386 550 3541 608; x_wconf 90' lang='lat' dir='ltr'>sicut</span> <span class='ocrx_word' id='word_1_25' title='bbox 3569 568 3699 609; x_wconf 89' lang='lat' dir='ltr'>om-</span> 
     </span>
    </p>
   </div>
   <div class='ocr_carea' id='block_1_6' title="bbox 280 637 1931 717">
    <p class='ocr_par' dir='ltr' id='par_1_6' title="bbox 280 637 1931 717">
     <span class='ocr_line' id='line_1_6' title="bbox 280 637 1931 717; baseline -0.003 -17"><span class='ocrx_word' id='word_1_26' title='bbox 280 644 349 700; x_wconf 80' lang='grc' dir='ltr'>τὰ</span> <span class='ocrx_word' id='word_1_27' title='bbox 390 639 566 697; x_wconf 82' lang='grc' dir='ltr'>πάντα</span> <span class='ocrx_word' id='word_1_28' title='bbox 614 639 825 715; x_wconf 72' lang='grc' dir='ltr'>λέγεται</span> <span class='ocrx_word' id='word_1_29' title='bbox 880 638 942 694; x_wconf 75' lang='grc' dir='ltr'>ἐκ</span> <span class='ocrx_word' id='word_1_30' title='bbox 984 643 1081 695; x_wconf 90' lang='grc' dir='ltr'>τοῦ</span> <span class='ocrx_word' id='word_1_31' title='bbox 1133 637 1290 698; x_wconf 75' lang='grc' dir='ltr'>Θεοῦ.</span> <span class='ocrx_word' id='word_1_32' title='bbox 1325 663 1354 692; x_wconf 89' lang='grc'>››</span> <span class='ocrx_word' id='word_1_33' title='bbox 1402 639 1489 711; x_wconf 80' lang='grc' dir='ltr'>Ἐξ</span> <span class='ocrx_word' id='word_1_34' title='bbox 1539 639 1748 696; x_wconf 78' lang='grc' dir='ltr'>ἐκείνου</span> <span class='ocrx_word' id='word_1_35' title='bbox 1804 644 1931 717; x_wconf 92' lang='grc' dir='ltr'>γοῦν</span> 
     </span>
    </p>
   </div>
   <div class='ocr_carea' id='block_1_7' title="bbox 283 726 1933 806">
    <p class='ocr_par' dir='ltr' id='par_1_7' title="bbox 283 726 1933 806">
     <span class='ocr_line' id='line_1_7' title="bbox 283 726 1933 806; baseline -0.002 -19"><span class='ocrx_word' id='word_1_36' title='bbox 283 726 485 806; x_wconf 79' lang='grc' dir='ltr'>ἔμαθον</span> <span class='ocrx_word' id='word_1_37' title='bbox 548 728 602 784; x_wconf 73' lang='grc' dir='ltr'>οἱ</span> <span class='ocrx_word' id='word_1_38' title='bbox 648 728 716 783; x_wconf 72' lang='grc' dir='ltr'>τὰ</span> <span class='ocrx_word' id='word_1_39' title='bbox 767 726 981 804; x_wconf 78' lang='grc' dir='ltr'>Ἀρείου</span> <span class='ocrx_word' id='word_1_40' title='bbox 1034 732 1356 806; x_wconf 79' lang='grc' dir='ltr'>φρονοῦντες</span> <span class='ocrx_word' id='word_1_41' title='bbox 1410 728 1787 806; x_wconf 82' lang='grc' dir='ltr'>ὑποκρίνεσθαι</span> <span class='ocrx_word' id='word_1_42' title='bbox 1833 731 1933 799; x_wconf 80' lang='grc' dir='ltr'>τὴν</span> 
     </span>
    </p>
   </div>
   <div class='ocr_carea' id='block_1_8' title="bbox 286 816 1934 894">
    <p class='ocr_par' dir='ltr' id='par_1_8' title="bbox 286 816 1934 894">
     <span class='ocr_line' id='line_1_8' title="bbox 286 816 1934 894; baseline -0.002 -17"><span class='ocrx_word' id='word_1_43' title='bbox 286 819 456 892; x_wconf 72' lang='grc' dir='ltr'>λέξιν,</span> <span class='ocrx_word' id='word_1_44' title='bbox 486 819 587 888; x_wconf 83' lang='grc' dir='ltr'>τήν</span> <span class='ocrx_word' id='word_1_45' title='bbox 621 816 681 874; x_wconf 69' lang='grc' dir='ltr'>ἐκ</span> <span class='ocrx_word' id='word_1_46' title='bbox 706 822 803 873; x_wconf 87' lang='grc' dir='ltr'>τοῦ</span> <span class='ocrx_word' id='word_1_47' title='bbox 837 821 993 890; x_wconf 88' lang='grc' dir='ltr'>Θεοῦ,</span> <span class='ocrx_word' id='word_1_48' title='bbox 1024 816 1115 873; x_wconf 87' lang='grc' dir='ltr'>καὶ</span> <span class='ocrx_word' id='word_1_49' title='bbox 1148 816 1327 894; x_wconf 74' lang='grc' dir='ltr'>λέγειν</span> <span class='ocrx_word' id='word_1_50' title='bbox 1364 818 1457 892; x_wconf 78' lang='grc' dir='ltr'>μὶν</span> <span class='ocrx_word' id='word_1_51' title='bbox 1514 821 1614 889; x_wconf 80' lang='grc' dir='ltr'>τὴν</span> <span class='ocrx_word' id='word_1_52' title='bbox 1656 817 1826 890; x_wconf 81' lang='grc' dir='ltr'>λὲξιν,</span> <span class='ocrx_word' id='word_1_53' title='bbox 1857 820 1934 892; x_wconf 79' lang='grc' dir='ltr'>μὴ</span> 
     </span>
    </p>
   </div>
   <div class='ocr_carea' id='block_1_9' title="bbox 286 904 1932 988">
    <p class='ocr_par' dir='ltr' id='par_1_9' title="bbox 286 904 1932 988">
     <span class='ocr_line' id='line_1_9' title="bbox 286 904 1932 988; baseline -0.002 -23"><span class='ocrx_word' id='word_1_54' title='bbox 286 913 504 988; x_wconf 75' lang='grc' dir='ltr'>φρονεῖν</span> <span class='ocrx_word' id='word_1_55' title='bbox 564 904 623 962; x_wconf 75' lang='grc' dir='ltr'>δὲ</span> <span class='ocrx_word' id='word_1_56' title='bbox 680 904 885 969; x_wconf 79' lang='grc' dir='ltr'>καλῶς.</span> <span class='ocrx_word' id='word_1_57' title='bbox 924 906 1100 970; x_wconf 83' lang='grc' dir='ltr'>Αὐτὸς</span> <span class='ocrx_word' id='word_1_58' title='bbox 1164 904 1222 964; x_wconf 71' lang='grc' dir='ltr'>δὲ</span> <span class='ocrx_word' id='word_1_59' title='bbox 1267 908 1297 962; x_wconf 84' lang='grc' dir='ltr'>ὁ</span> <span class='ocrx_word' id='word_1_60' title='bbox 1339 907 1610 984; x_wconf 86' lang='grc' dir='ltr'>Γεώργιος</span> <span class='ocrx_word' id='word_1_61' title='bbox 1657 908 1932 985; x_wconf 71' lang='grc' dir='ltr'>καθῃρέθη</span> 
     </span>
    </p>
   </div>
   <div class='ocr_carea' id='block_1_10' title="bbox 290 992 1938 1073">
    <p class='ocr_par' dir='ltr' id='par_1_10' title="bbox 290 992 1938 1073">
     <span class='ocr_line' id='line_1_10' title="bbox 290 992 1938 1073; baseline -0.003 -17"><span class='ocrx_word' id='word_1_62' title='bbox 290 1000 396 1056; x_wconf 80' lang='grc' dir='ltr'>ὑπὸ</span> <span class='ocrx_word' id='word_1_63' title='bbox 447 993 802 1073; x_wconf 74' lang='grc' dir='ltr'>Ἀλεξάνδρου</span> <span class='ocrx_word' id='word_1_64' title='bbox 856 993 927 1051; x_wconf 86' lang='grc' dir='ltr'>δι’</span> <span class='ocrx_word' id='word_1_65' title='bbox 972 992 1118 1052; x_wconf 80' lang='grc' dir='ltr'>ἄλλα</span> <span class='ocrx_word' id='word_1_66' title='bbox 1148 998 1261 1071; x_wconf 87' lang='grc'>(38)</span> <span class='ocrx_word' id='word_1_67' title='bbox 1296 997 1414 1071; x_wconf 76' lang='grc' dir='ltr'>μὲν,</span> <span class='ocrx_word' id='word_1_68' title='bbox 1448 995 1529 1052; x_wconf 82' lang='grc' dir='ltr'>ὅτι</span> <span class='ocrx_word' id='word_1_69' title='bbox 1576 993 1634 1052; x_wconf 77' lang='grc' dir='ltr'>δὶ</span> <span class='ocrx_word' id='word_1_70' title='bbox 1679 996 1767 1052; x_wconf 87' lang='grc' dir='ltr'>καὶ</span> <span class='ocrx_word' id='word_1_71' title='bbox 1814 998 1938 1052; x_wconf 68' lang='grc' dir='ltr'>ἀσει</span> 
     </span>
    </p>
   </div>
   <div class='ocr_carea' id='block_1_11' title="bbox 286 1082 1936 1165">
    <p class='ocr_par' dir='ltr' id='par_1_11' title="bbox 286 1082 1936 1165">
     <span class='ocr_line' id='line_1_11' title="bbox 286 1082 1936 1165; baseline -0.001 -22"><span class='ocrx_word' id='word_1_72' title='bbox 286 1084 390 1158; x_wconf 81' lang='grc' dir='ltr'>ϐἠς</span> <span class='ocrx_word' id='word_1_73' title='bbox 439 1085 632 1164; x_wconf 66' lang='grc' dir='ltr'>ἐφάνη·</span> <span class='ocrx_word' id='word_1_74' title='bbox 665 1082 1027 1165; x_wconf 68' lang='grc' dir='ltr'>πρεσϐύτερος</span> <span class='ocrx_word' id='word_1_75' title='bbox 1078 1085 1182 1164; x_wconf 76' lang='grc' dir='ltr'>γὰρ</span> <span class='ocrx_word' id='word_1_76' title='bbox 1238 1087 1304 1157; x_wconf 79' lang='grc' dir='ltr'>ἦν</span> <span class='ocrx_word' id='word_1_77' title='bbox 1357 1086 1540 1159; x_wconf 79' lang='grc' dir='ltr'>αὐτὸς,</span> <span class='ocrx_word' id='word_1_78' title='bbox 1570 1087 1707 1151; x_wconf 84' lang='grc' dir='ltr'>καθά</span> <span class='ocrx_word' id='word_1_79' title='bbox 1750 1085 1936 1161; x_wconf 88' lang='grc' dir='ltr'>προεί-</span> 
     </span>
    </p>
   </div>
   <div class='ocr_carea' id='block_1_12' title="bbox 286 1179 620 1254">
    <p class='ocr_par' dir='ltr' id='par_1_12' title="bbox 286 1179 620 1254">
     <span class='ocr_line' id='line_1_12' title="bbox 286 1179 620 1254; baseline 0.006 -22"><span class='ocrx_word' id='word_1_80' title='bbox 286 1198 449 1254; x_wconf 87' lang='grc' dir='ltr'>ρηται</span> <span class='ocrx_word' id='word_1_81' title='bbox 484 1179 620 1252; x_wconf 86' lang='grc'>(39).</span> 
     </span>
    </p>
   </div>
   <div class='ocr_carea' id='block_1_13' title="bbox 359 1261 1935 1342">
    <p class='ocr_par' dir='ltr' id='par_1_13' title="bbox 359 1261 1935 1342">
     <span class='ocr_line' id='line_1_13' title="bbox 359 1261 1935 1342; baseline -0.003 -18"><span class='ocrx_word' id='word_1_82' title='bbox 359 1269 447 1325; x_wconf 90' lang='grc'>18.</span> <span class='ocrx_word' id='word_1_83' title='bbox 478 1264 577 1322; x_wconf 83' lang='grc' dir='ltr'>Καὶ</span> <span class='ocrx_word' id='word_1_84' title='bbox 642 1263 788 1328; x_wconf 78' lang='grc' dir='ltr'>ὅλως</span> <span class='ocrx_word' id='word_1_85' title='bbox 837 1262 1071 1342; x_wconf 82' lang='grc' dir='ltr'>ἔγραφον</span> <span class='ocrx_word' id='word_1_86' title='bbox 1110 1265 1259 1321; x_wconf 79' lang='grc' dir='ltr'>οὗτοι</span> <span class='ocrx_word' id='word_1_87' title='bbox 1304 1268 1550 1337; x_wconf 79' lang='grc' dir='ltr'>τοιαῦτα,</span> <span class='ocrx_word' id='word_1_88' title='bbox 1600 1264 1675 1328; x_wconf 82' lang='grc' dir='ltr'>ὡς</span> <span class='ocrx_word' id='word_1_89' title='bbox 1713 1261 1935 1321; x_wconf 73' lang='grc' dir='ltr'>’ἑκαστον</span> 
     </span>
    </p>
   </div>
   <div class='ocr_carea' id='block_1_14' title="bbox 285 1353 1936 1434">
    <p class='ocr_par' dir='ltr' id='par_1_14' title="bbox 285 1353 1936 1434">
     <span class='ocr_line' id='line_1_14' title="bbox 285 1353 1936 1434; baseline -0.001 -23"><span class='ocrx_word' id='word_1_90' title='bbox 285 1355 482 1433; x_wconf 76' lang='grc' dir='ltr'>ἐρίζειν</span> <span class='ocrx_word' id='word_1_91' title='bbox 508 1356 600 1411; x_wconf 85' lang='grc' dir='ltr'>καὶ</span> <span class='ocrx_word' id='word_1_92' title='bbox 624 1353 1067 1434; x_wconf 85' lang='grc' dir='ltr'>φιλοτιμεῖσθαι,</span> <span class='ocrx_word' id='word_1_93' title='bbox 1097 1354 1178 1417; x_wconf 90' lang='grc' dir='ltr'>τίς</span> <span class='ocrx_word' id='word_1_94' title='bbox 1208 1353 1374 1411; x_wconf 81' lang='grc' dir='ltr'>πλὲον</span> <span class='ocrx_word' id='word_1_95' title='bbox 1410 1354 1627 1426; x_wconf 79' lang='grc' dir='ltr'>αὐξήσει</span> <span class='ocrx_word' id='word_1_96' title='bbox 1670 1355 1769 1423; x_wconf 78' lang='grc' dir='ltr'>τὴν</span> <span class='ocrx_word' id='word_1_97' title='bbox 1816 1353 1936 1410; x_wconf 85' lang='grc' dir='ltr'>ὀισὲ-</span> 
     </span>
    </p>
   </div>
   <div class='ocr_carea' id='block_1_15' title="bbox 285 1441 1936 1521">
    <p class='ocr_par' dir='ltr' id='par_1_15' title="bbox 285 1441 1936 1521">
     <span class='ocr_line' id='line_1_15' title="bbox 285 1441 1936 1521; baseline 0 -20"><span class='ocrx_word' id='word_1_98' title='bbox 285 1441 434 1501; x_wconf 76' lang='grc' dir='ltr'>ϐειαν</span> <span class='ocrx_word' id='word_1_99' title='bbox 486 1451 589 1515; x_wconf 85' lang='grc' dir='ltr'>τῆς</span> <span class='ocrx_word' id='word_1_100' title='bbox 643 1442 924 1521; x_wconf 73' lang='grc' dir='ltr'>αἱρὲσεως,</span> <span class='ocrx_word' id='word_1_101' title='bbox 970 1445 1059 1499; x_wconf 80' lang='grc' dir='ltr'>καὶ</span> <span class='ocrx_word' id='word_1_102' title='bbox 1121 1442 1334 1519; x_wconf 84' lang='grc' dir='ltr'>μᾶλλον</span> <span class='ocrx_word' id='word_1_103' title='bbox 1392 1443 1558 1514; x_wconf 77' lang='grc' dir='ltr'>αὐτὴν</span> <span class='ocrx_word' id='word_1_104' title='bbox 1618 1441 1774 1515; x_wconf 78' lang='grc' dir='ltr'>δείξει</span> <span class='ocrx_word' id='word_1_105' title='bbox 1825 1447 1936 1519; x_wconf 85' lang='grc'>(40)</span> 
     </span>
    </p>
   </div>
   <div class='ocr_carea' id='block_1_16' title="bbox 286 1539 1934 1620">
    <p class='ocr_par' dir='ltr' id='par_1_16' title="bbox 286 1539 1934 1620">
     <span class='ocr_line' id='line_1_16' title="bbox 286 1539 1934 1620; baseline -0.001 -23"><span class='ocrx_word' id='word_1_106' title='bbox 286 1541 643 1620; x_wconf 86' lang='grc' dir='ltr'>γυμνότερον.</span> <span class='ocrx_word' id='word_1_107' title='bbox 677 1542 776 1597; x_wconf 82' lang='grc' dir='ltr'>Καὶ</span> <span class='ocrx_word' id='word_1_108' title='bbox 807 1541 905 1604; x_wconf 86' lang='grc' dir='ltr'>τὰς</span> <span class='ocrx_word' id='word_1_109' title='bbox 935 1542 1030 1615; x_wconf 75' lang='grc' dir='ltr'>μὲν</span> <span class='ocrx_word' id='word_1_110' title='bbox 1063 1540 1352 1604; x_wconf 76' lang='grc' dir='ltr'>ἐπιστολὰς</span> <span class='ocrx_word' id='word_1_111' title='bbox 1403 1542 1580 1597; x_wconf 80' lang='grc' dir='ltr'>αὐτῶν</span> <span class='ocrx_word' id='word_1_112' title='bbox 1626 1541 1726 1598; x_wconf 83' lang='grc' dir='ltr'>οὐκ</span> <span class='ocrx_word' id='word_1_113' title='bbox 1773 1539 1934 1618; x_wconf 80' lang='grc' dir='ltr'>ἔσχον</span> 
     </span>
    </p>
   </div>
   <div class='ocr_carea' id='block_1_17' title="bbox 288 1628 1936 1704">
    <p class='ocr_par' dir='ltr' id='par_1_17' title="bbox 288 1628 1936 1704">
     <span class='ocr_line' id='line_1_17' title="bbox 288 1628 1936 1704; baseline 0 -18"><span class='ocrx_word' id='word_1_114' title='bbox 288 1630 342 1686; x_wconf 82' lang='grc' dir='ltr'>ἐν</span> <span class='ocrx_word' id='word_1_115' title='bbox 393 1631 622 1704; x_wconf 74' lang='grc' dir='ltr'>ἐτοίμω,</span> <span class='ocrx_word' id='word_1_116' title='bbox 654 1630 793 1686; x_wconf 83' lang='grc' dir='ltr'>ὥστε</span> <span class='ocrx_word' id='word_1_117' title='bbox 835 1629 926 1685; x_wconf 87' lang='grc' dir='ltr'>καὶ</span> <span class='ocrx_word' id='word_1_118' title='bbox 978 1628 1320 1685; x_wconf 69' lang='grc' dir='ltr'>ἀποστεῖλαι·</span> <span class='ocrx_word' id='word_1_119' title='bbox 1353 1630 1399 1685; x_wconf 83' lang='grc' dir='ltr'>εί</span> <span class='ocrx_word' id='word_1_120' title='bbox 1445 1628 1490 1685; x_wconf 88' lang='grc' dir='ltr'>δ’</span> <span class='ocrx_word' id='word_1_121' title='bbox 1537 1628 1653 1699; x_wconf 78' lang='grc' dir='ltr'>οὖν,</span> <span class='ocrx_word' id='word_1_122' title='bbox 1683 1632 1775 1686; x_wconf 84' lang='grc' dir='ltr'>καὶ</span> <span class='ocrx_word' id='word_1_123' title='bbox 1823 1632 1936 1704; x_wconf 87' lang='grc'>(41)</span> 
     </span>
    </p>
   </div>
   <div class='ocr_carea' id='block_1_18' title="bbox 290 1716 1938 1797">
    <p class='ocr_par' dir='ltr' id='par_1_18' title="bbox 290 1716 1938 1797">
     <span class='ocr_line' id='line_1_18' title="bbox 290 1716 1938 1797; baseline -0.001 -22"><span class='ocrx_word' id='word_1_124' title='bbox 290 1720 597 1797; x_wconf 83' lang='grc' dir='ltr'>ἀντίγραφα</span> <span class='ocrx_word' id='word_1_125' title='bbox 622 1720 713 1774; x_wconf 84' lang='grc' dir='ltr'>καὶ</span> <span class='ocrx_word' id='word_1_126' title='bbox 743 1718 921 1779; x_wconf 79' lang='grc' dir='ltr'>αὐτῶν</span> <span class='ocrx_word' id='word_1_127' title='bbox 949 1720 1076 1792; x_wconf 84' lang='grc' dir='ltr'>ὑμῖν</span> <span class='ocrx_word' id='word_1_128' title='bbox 1122 1717 1339 1793; x_wconf 75' lang='grc' dir='ltr'>ἔπεμψα</span> <span class='ocrx_word' id='word_1_129' title='bbox 1482 1722 1580 1774; x_wconf 90' lang='grc' dir='ltr'>τοῦ</span> <span class='ocrx_word' id='word_1_130' title='bbox 1628 1716 1685 1774; x_wconf 78' lang='grc' dir='ltr'>δὲ</span> <span class='ocrx_word' id='word_1_131' title='bbox 1733 1719 1938 1794; x_wconf 80' lang='grc' dir='ltr'>Κυρίου</span> 
     </span>
    </p>
   </div>
   <div class='ocr_carea' id='block_1_19' title="bbox 289 1806 1937 1882">
    <p class='ocr_par' dir='ltr' id='par_1_19' title="bbox 289 1806 1937 1882">
     <span class='ocr_line' id='line_1_19' title="bbox 289 1806 1937 1882; baseline -0.002 -17"><span class='ocrx_word' id='word_1_132' title='bbox 289 1808 565 1875; x_wconf 67' lang='grc' dir='ltr'>θέλοντος,</span> <span class='ocrx_word' id='word_1_133' title='bbox 598 1806 687 1864; x_wconf 72' lang='grc' dir='ltr'>ἐὰν</span> <span class='ocrx_word' id='word_1_134' title='bbox 721 1807 1011 1882; x_wconf 76' lang='grc' dir='ltr'>εὐπορήσω</span> <span class='ocrx_word' id='word_1_135' title='bbox 1042 1806 1132 1863; x_wconf 82' lang='grc' dir='ltr'>καὶ</span> <span class='ocrx_word' id='word_1_136' title='bbox 1161 1813 1322 1864; x_wconf 89' lang='grc' dir='ltr'>τοῦτο</span> <span class='ocrx_word' id='word_1_137' title='bbox 1355 1810 1593 1880; x_wconf 85' lang='grc' dir='ltr'>ποιήσω.</span> <span class='ocrx_word' id='word_1_138' title='bbox 1627 1809 1726 1863; x_wconf 85' lang='grc' dir='ltr'>Καὶ</span> <span class='ocrx_word' id='word_1_139' title='bbox 1754 1808 1937 1864; x_wconf 79' lang='grc' dir='ltr'>’Λστὲ-</span> 
     </span>
    </p>
   </div>
   <div class='ocr_carea' id='block_1_20' title="bbox 291 1893 2018 1992">
    <p class='ocr_par' dir='ltr' id='par_1_20' title="bbox 291 1893 2018 1992">
     <span class='ocr_line' id='line_1_20' title="bbox 291 1893 2018 1992; baseline 0.001 -42"><span class='ocrx_word' id='word_1_140' title='bbox 291 1916 411 1974; x_wconf 85' lang='grc' dir='ltr'>ριος</span> <span class='ocrx_word' id='word_1_141' title='bbox 445 1893 507 1950; x_wconf 73' lang='grc' dir='ltr'>δι</span> <span class='ocrx_word' id='word_1_142' title='bbox 530 1917 613 1959; x_wconf 91' lang='grc' dir='ltr'>τις</span> <span class='ocrx_word' id='word_1_143' title='bbox 647 1895 752 1951; x_wconf 86' lang='grc' dir='ltr'>ἀπὸ</span> <span class='ocrx_word' id='word_1_144' title='bbox 798 1893 1207 1968; x_wconf 86' lang='grc' dir='ltr'>Καππαδοκίας,</span> <span class='ocrx_word' id='word_1_145' title='bbox 1238 1894 1621 1971; x_wconf 73' lang='grc' dir='ltr'>πολυκὲφαλος</span> <span class='ocrx_word' id='word_1_146' title='bbox 1652 1897 1934 1970; x_wconf 80' lang='grc' dir='ltr'>σοφιστὴς,</span> <span class='ocrx_word' id='word_1_147' title='bbox 1970 1926 2018 1992; x_wconf 82' lang='grc' dir='ltr'><strong>Β</strong></span> 
     </span>
    </p>
   </div>
   <div class='ocr_carea' id='block_1_21' title="bbox 289 1989 1940 2069">
    <p class='ocr_par' dir='ltr' id='par_1_21' title="bbox 289 1989 1940 2069">
     <span class='ocr_line' id='line_1_21' title="bbox 289 1989 1940 2069; baseline -0.001 -21"><span class='ocrx_word' id='word_1_148' title='bbox 289 1995 370 2057; x_wconf 83' lang='grc' dir='ltr'>εἷς</span> <span class='ocrx_word' id='word_1_149' title='bbox 402 1991 476 2048; x_wconf 76' lang='grc' dir='ltr'>ὣν</span> <span class='ocrx_word' id='word_1_150' title='bbox 503 1998 614 2049; x_wconf 80' lang='grc' dir='ltr'>τῶν</span> <span class='ocrx_word' id='word_1_151' title='bbox 645 1995 768 2068; x_wconf 78' lang='grc' dir='ltr'>περὶ</span> <span class='ocrx_word' id='word_1_152' title='bbox 808 1989 1090 2061; x_wconf 71' lang='grc' dir='ltr'>Εὐσέϐιον,</span> <span class='ocrx_word' id='word_1_153' title='bbox 1121 1991 1312 2063; x_wconf 83' lang='grc' dir='ltr'>ἐπειδή</span> <span class='ocrx_word' id='word_1_154' title='bbox 1357 1994 1516 2058; x_wconf 88' lang='grc' dir='ltr'>θύσας</span> <span class='ocrx_word' id='word_1_155' title='bbox 1568 1992 1620 2048; x_wconf 81' lang='grc' dir='ltr'>ὲν</span> <span class='ocrx_word' id='word_1_156' title='bbox 1670 1998 1750 2066; x_wconf 83' lang='grc' dir='ltr'>τῷ</span> <span class='ocrx_word' id='word_1_157' title='bbox 1805 2014 1940 2069; x_wconf 89' lang='grc' dir='ltr'>προ-</span> 
     </span>
    </p>
   </div>
   <div class='ocr_carea' id='block_1_22' title="bbox 292 2081 1943 2159">
    <p class='ocr_par' dir='ltr' id='par_1_22' title="bbox 292 2081 1943 2159">
     <span class='ocr_line' id='line_1_22' title="bbox 292 2081 1943 2159; baseline -0.001 -21"><span class='ocrx_word' id='word_1_158' title='bbox 292 2083 436 2159; x_wconf 81' lang='grc' dir='ltr'>τὲρῳ</span> <span class='ocrx_word' id='word_1_159' title='bbox 467 2081 722 2159; x_wconf 74' lang='grc' dir='ltr'>διωγμῷ,</span> <span class='ocrx_word' id='word_1_160' title='bbox 752 2088 833 2155; x_wconf 77' lang='grc' dir='ltr'>τῷ</span> <span class='ocrx_word' id='word_1_161' title='bbox 864 2083 999 2138; x_wconf 87' lang='grc' dir='ltr'>κατά</span> <span class='ocrx_word' id='word_1_162' title='bbox 1026 2084 1116 2137; x_wconf 90' lang='grc' dir='ltr'>τὸν</span> <span class='ocrx_word' id='word_1_163' title='bbox 1149 2082 1368 2138; x_wconf 84' lang='grc' dir='ltr'>πάππον</span> <span class='ocrx_word' id='word_1_164' title='bbox 1415 2082 1812 2155; x_wconf 85' lang='grc' dir='ltr'>Κωνσταντίου,</span> <span class='ocrx_word' id='word_1_165' title='bbox 1843 2081 1943 2153; x_wconf 83' lang='grc' dir='ltr'>οὐκ</span> 
     </span>
    </p>
   </div>
   <div class='ocr_carea' id='block_1_23' title="bbox 289 2170 1943 2247">
    <p class='ocr_par' dir='ltr' id='par_1_23' title="bbox 289 2170 1943 2247">
     <span class='ocr_line' id='line_1_23' title="bbox 289 2170 1943 2247; baseline -0.001 -20"><span class='ocrx_word' id='word_1_166' title='bbox 289 2170 529 2244; x_wconf 78' lang='grc' dir='ltr'>ἠδύνατο</span> <span class='ocrx_word' id='word_1_167' title='bbox 577 2173 704 2247; x_wconf 88' lang='grc' dir='ltr'>παρ’</span> <span class='ocrx_word' id='word_1_168' title='bbox 754 2170 931 2227; x_wconf 77' lang='grc' dir='ltr'>αὐτῶν</span> <span class='ocrx_word' id='word_1_169' title='bbox 979 2171 1059 2234; x_wconf 73' lang='grc' dir='ltr'>είς</span> <span class='ocrx_word' id='word_1_170' title='bbox 1119 2171 1324 2247; x_wconf 73' lang='grc' dir='ltr'>κλῆρον</span> <span class='ocrx_word' id='word_1_171' title='bbox 1371 2174 1742 2247; x_wconf 78' lang='grc' dir='ltr'>προαχθῆναι,</span> <span class='ocrx_word' id='word_1_172' title='bbox 1792 2175 1943 2227; x_wconf 89' lang='grc' dir='ltr'>ποιεῖ</span> 
     </span>
    </p>
   </div>
   <div class='ocr_carea' id='block_1_24' title="bbox 293 2256 1939 2336">
    <p class='ocr_par' dir='ltr' id='par_1_24' title="bbox 293 2256 1939 2336">
     <span class='ocr_line' id='line_1_24' title="bbox 293 2256 1939 2336; baseline -0.002 -19"><span class='ocrx_word' id='word_1_173' title='bbox 293 2260 431 2335; x_wconf 82' lang='grc' dir='ltr'>μετά</span> <span class='ocrx_word' id='word_1_174' title='bbox 498 2261 729 2336; x_wconf 83' lang='grc' dir='ltr'>γνώμης</span> <span class='ocrx_word' id='word_1_175' title='bbox 797 2265 905 2316; x_wconf 79' lang='grc' dir='ltr'>τῶν</span> <span class='ocrx_word' id='word_1_176' title='bbox 985 2260 1110 2335; x_wconf 88' lang='grc' dir='ltr'>περὶ</span> <span class='ocrx_word' id='word_1_177' title='bbox 1186 2256 1444 2316; x_wconf 76' lang='grc' dir='ltr'>Εὐσέϐιον</span> <span class='ocrx_word' id='word_1_178' title='bbox 1523 2260 1939 2336; x_wconf 77' lang='grc' dir='ltr'>συνταγμάτων,</span> 
     </span>
    </p>
   </div>
   <div class='ocr_carea' id='block_1_25' title="bbox 292 2354 1941 2432">
    <p class='ocr_par' dir='ltr' id='par_1_25' title="bbox 292 2354 1941 2432">
     <span class='ocr_line' id='line_1_25' title="bbox 292 2354 1941 2432; baseline -0.001 -19"><span class='ocrx_word' id='word_1_179' title='bbox 292 2361 485 2414; x_wconf 86' lang='grc' dir='ltr'>ὁποῖον</span> <span class='ocrx_word' id='word_1_180' title='bbox 517 2359 612 2432; x_wconf 73' lang='grc' dir='ltr'>μὲν</span> <span class='ocrx_word' id='word_1_181' title='bbox 644 2355 846 2428; x_wconf 70' lang='grc' dir='ltr'>ἤθελον</span> <span class='ocrx_word' id='word_1_182' title='bbox 871 2356 1048 2413; x_wconf 81' lang='grc' dir='ltr'>αὐτοί·</span> <span class='ocrx_word' id='word_1_183' title='bbox 1083 2354 1201 2413; x_wconf 68' lang='grc' dir='ltr'>ἴσον</span> <span class='ocrx_word' id='word_1_184' title='bbox 1241 2355 1299 2413; x_wconf 69' lang='grc' dir='ltr'>δὲ</span> <span class='ocrx_word' id='word_1_185' title='bbox 1325 2363 1405 2431; x_wconf 83' lang='grc' dir='ltr'>τῷ</span> <span class='ocrx_word' id='word_1_186' title='bbox 1431 2362 1530 2425; x_wconf 82' lang='grc' dir='ltr'>τῆς</span> <span class='ocrx_word' id='word_1_187' title='bbox 1562 2358 1743 2422; x_wconf 89' lang='grc' dir='ltr'>θυσίας</span> <span class='ocrx_word' id='word_1_188' title='bbox 1775 2358 1941 2414; x_wconf 82' lang='grc' dir='ltr'>αὐτοῦ</span> 
     </span>
    </p>
   </div>
   <div class='ocr_carea' id='block_1_26' title="bbox 290 2445 1939 2524">
    <p class='ocr_par' dir='ltr' id='par_1_26' title="bbox 290 2445 1939 2524">
     <span class='ocr_line' id='line_1_26' title="bbox 290 2445 1939 2524; baseline 0 -22"><span class='ocrx_word' id='word_1_189' title='bbox 290 2447 639 2521; x_wconf 81' lang='grc' dir='ltr'>τολμήματι·</span> <span class='ocrx_word' id='word_1_190' title='bbox 673 2446 726 2503; x_wconf 78' lang='grc' dir='ltr'>ἐν</span> <span class='ocrx_word' id='word_1_191' title='bbox 759 2447 864 2523; x_wconf 82' lang='grc' dir='ltr'>γὰρ</span> <span class='ocrx_word' id='word_1_192' title='bbox 892 2447 1072 2520; x_wconf 84' lang='grc' dir='ltr'>τούτῳ</span> <span class='ocrx_word' id='word_1_193' title='bbox 1098 2448 1198 2516; x_wconf 77' lang='grc' dir='ltr'>τήν</span> <span class='ocrx_word' id='word_1_194' title='bbox 1227 2445 1422 2524; x_wconf 84' lang='grc' dir='ltr'>ἀκρίδα</span> <span class='ocrx_word' id='word_1_195' title='bbox 1450 2449 1539 2502; x_wconf 83' lang='grc' dir='ltr'>καὶ</span> <span class='ocrx_word' id='word_1_196' title='bbox 1570 2448 1668 2516; x_wconf 73' lang='grc' dir='ltr'>νην</span> <span class='ocrx_word' id='word_1_197' title='bbox 1717 2447 1939 2520; x_wconf 86' lang='grc' dir='ltr'>κάμπην</span> 
     </span>
    </p>
   </div>
   <div class='ocr_carea' id='block_1_27' title="bbox 289 2533 1943 2612">
    <p class='ocr_par' dir='ltr' id='par_1_27' title="bbox 289 2533 1943 2612">
     <span class='ocr_line' id='line_1_27' title="bbox 289 2533 1943 2612; baseline -0.002 -20"><span class='ocrx_word' id='word_1_198' title='bbox 289 2542 375 2609; x_wconf 73' lang='grc' dir='ltr'>τῷ</span> <span class='ocrx_word' id='word_1_199' title='bbox 405 2537 624 2612; x_wconf 83' lang='grc' dir='ltr'>Χριστῷ</span> <span class='ocrx_word' id='word_1_200' title='bbox 654 2534 961 2611; x_wconf 76' lang='grc' dir='ltr'>συγκρίνας,</span> <span class='ocrx_word' id='word_1_201' title='bbox 992 2534 1206 2609; x_wconf 85' lang='grc' dir='ltr'>μᾶλλον</span> <span class='ocrx_word' id='word_1_202' title='bbox 1237 2533 1296 2591; x_wconf 75' lang='grc' dir='ltr'>δὲ</span> <span class='ocrx_word' id='word_1_203' title='bbox 1350 2538 1698 2612; x_wconf 82' lang='grc' dir='ltr'>προτιμήσας</span> <span class='ocrx_word' id='word_1_204' title='bbox 1754 2535 1943 2601; x_wconf 82' lang='grc' dir='ltr'>αὐτοῦ,</span> 
     </span>
    </p>
   </div>
   <div class='ocr_carea' id='block_1_28' title="bbox 292 2623 1945 2703">
    <p class='ocr_par' dir='ltr' id='par_1_28' title="bbox 292 2623 1945 2703">
     <span class='ocr_line' id='line_1_28' title="bbox 292 2623 1945 2703; baseline -0.001 -22"><span class='ocrx_word' id='word_1_205' title='bbox 292 2626 387 2681; x_wconf 86' lang='grc' dir='ltr'>καὶ</span> <span class='ocrx_word' id='word_1_206' title='bbox 416 2625 588 2703; x_wconf 77' lang='grc' dir='ltr'>λὲγων</span> <span class='ocrx_word' id='word_1_207' title='bbox 620 2623 800 2694; x_wconf 76' lang='grc' dir='ltr'>ἄλλην</span> <span class='ocrx_word' id='word_1_208' title='bbox 833 2625 1132 2699; x_wconf 73' lang='grc' dir='ltr'>εἶναιπαρὰ</span> <span class='ocrx_word' id='word_1_209' title='bbox 1175 2625 1267 2679; x_wconf 87' lang='grc' dir='ltr'>τὸν</span> <span class='ocrx_word' id='word_1_210' title='bbox 1321 2626 1553 2699; x_wconf 85' lang='grc' dir='ltr'>Χριστὸν</span> <span class='ocrx_word' id='word_1_211' title='bbox 1598 2624 1651 2680; x_wconf 84' lang='grc' dir='ltr'>ἐν</span> <span class='ocrx_word' id='word_1_212' title='bbox 1699 2646 1780 2698; x_wconf 84' lang='grc' dir='ltr'>τῳ</span> <span class='ocrx_word' id='word_1_213' title='bbox 1827 2629 1945 2698; x_wconf 82' lang='grc' dir='ltr'>Θεῴ</span> 
     </span>
    </p>
   </div>
   <div class='ocr_carea' id='block_1_29' title="bbox 295 2710 1942 2793">
    <p class='ocr_par' dir='ltr' id='par_1_29' title="bbox 295 2710 1942 2793">
     <span class='ocr_line' id='line_1_29' title="bbox 295 2710 1942 2793; baseline -0.002 -23"><span class='ocrx_word' id='word_1_214' title='bbox 295 2714 505 2793; x_wconf 74' lang='grc' dir='ltr'>σοφίαν,</span> <span class='ocrx_word' id='word_1_215' title='bbox 523 2715 620 2783; x_wconf 72' lang='grc' dir='ltr'>τὴν</span> <span class='ocrx_word' id='word_1_216' title='bbox 646 2718 744 2769; x_wconf 91' lang='grc' dir='ltr'>τοῦ</span> <span class='ocrx_word' id='word_1_217' title='bbox 764 2710 999 2790; x_wconf 78' lang='grc' dir='ltr'>Χριστοῦ</span> <span class='ocrx_word' id='word_1_218' title='bbox 1028 2714 1119 2768; x_wconf 78' lang='grc' dir='ltr'>καὶ</span> <span class='ocrx_word' id='word_1_219' title='bbox 1149 2717 1246 2769; x_wconf 87' lang='grc' dir='ltr'>τοῦ</span> <span class='ocrx_word' id='word_1_220' title='bbox 1274 2713 1484 2787; x_wconf 82' lang='grc' dir='ltr'>κόσμου</span> <span class='ocrx_word' id='word_1_221' title='bbox 1516 2711 1942 2790; x_wconf 76' lang='grc' dir='ltr'>δημιουργικὴν,</span> 
     </span>
    </p>
   </div>
   <div class='ocr_carea' id='block_1_30' title="bbox 294 2809 1942 2888">
    <p class='ocr_par' dir='ltr' id='par_1_30' title="bbox 294 2809 1942 2888">
     <span class='ocr_line' id='line_1_30' title="bbox 294 2809 1942 2888; baseline -0.002 -21"><span class='ocrx_word' id='word_1_222' title='bbox 294 2813 635 2888; x_wconf 77' lang='grc' dir='ltr'>περιήρχετο</span> <span class='ocrx_word' id='word_1_223' title='bbox 665 2812 762 2873; x_wconf 76' lang='grc' dir='ltr'>τὰς</span> <span class='ocrx_word' id='word_1_224' title='bbox 792 2810 845 2865; x_wconf 70' lang='grc' dir='ltr'>ἐν</span> <span class='ocrx_word' id='word_1_225' title='bbox 872 2813 942 2884; x_wconf 85' lang='grc' dir='ltr'>τῇ</span> <span class='ocrx_word' id='word_1_226' title='bbox 976 2813 1146 2886; x_wconf 78' lang='grc' dir='ltr'>Συρίᾳ</span> <span class='ocrx_word' id='word_1_227' title='bbox 1173 2810 1376 2873; x_wconf 75' lang='grc' dir='ltr'>καὶτὰς</span> <span class='ocrx_word' id='word_1_228' title='bbox 1397 2809 1570 2872; x_wconf 75' lang='grc' dir='ltr'>ἄλλας</span> <span class='ocrx_word' id='word_1_229' title='bbox 1592 2810 1942 2881; x_wconf 85' lang='grc' dir='ltr'>Ἐκκλησίας,</span> 
     </span>
    </p>
   </div>
   <div class='ocr_carea' id='block_1_31' title="bbox 295 2895 1942 2974">
    <p class='ocr_par' dir='ltr' id='par_1_31' title="bbox 295 2895 1942 2974">
     <span class='ocr_line' id='line_1_31' title="bbox 295 2895 1942 2974; baseline -0.002 -17"><span class='ocrx_word' id='word_1_230' title='bbox 295 2903 434 2957; x_wconf 84' lang='grc' dir='ltr'>κατά</span> <span class='ocrx_word' id='word_1_231' title='bbox 489 2900 737 2955; x_wconf 87' lang='grc' dir='ltr'>σύστασιν</span> <span class='ocrx_word' id='word_1_232' title='bbox 782 2903 891 2954; x_wconf 82' lang='grc' dir='ltr'>τῶν</span> <span class='ocrx_word' id='word_1_233' title='bbox 951 2899 1076 2974; x_wconf 83' lang='grc' dir='ltr'>περὶ</span> <span class='ocrx_word' id='word_1_234' title='bbox 1135 2895 1530 2955; x_wconf 72' lang='grc' dir='ltr'>Εὗσὲϐιον·’ίνα</span> <span class='ocrx_word' id='word_1_235' title='bbox 1578 2899 1714 2972; x_wconf 79' lang='grc' dir='ltr'>’ἅπαξ</span> <span class='ocrx_word' id='word_1_236' title='bbox 1759 2899 1942 2974; x_wconf 81' lang='grc' dir='ltr'>ἀρνεῖ-</span> 
     </span>
    </p>
   </div>
   <div class='ocr_carea' id='block_1_32' title="bbox 294 2987 1941 3064">
    <p class='ocr_par' dir='ltr' id='par_1_32' title="bbox 294 2987 1941 3064">
     <span class='ocr_line' id='line_1_32' title="bbox 294 2987 1941 3064; baseline -0.002 -19"><span class='ocrx_word' id='word_1_237' title='bbox 294 2991 418 3045; x_wconf 81' lang='grc' dir='ltr'>σθαι</span> <span class='ocrx_word' id='word_1_238' title='bbox 460 2988 788 3062; x_wconf 73' lang='grc' dir='ltr'>μελετήσας,</span> <span class='ocrx_word' id='word_1_239' title='bbox 819 2987 963 3043; x_wconf 70' lang='grc' dir='ltr'>οὕτω</span> <span class='ocrx_word' id='word_1_240' title='bbox 1002 2988 1090 3043; x_wconf 85' lang='grc' dir='ltr'>καὶ</span> <span class='ocrx_word' id='word_1_241' title='bbox 1142 2992 1232 3043; x_wconf 92' lang='grc' dir='ltr'>νῦν</span> <span class='ocrx_word' id='word_1_242' title='bbox 1285 2988 1616 3064; x_wconf 72' lang='grc' dir='ltr'>θρασύνηται</span> <span class='ocrx_word' id='word_1_243' title='bbox 1663 2987 1800 3043; x_wconf 80' lang='grc' dir='ltr'>κατὰ</span> <span class='ocrx_word' id='word_1_244' title='bbox 1839 2994 1941 3056; x_wconf 80' lang='grc' dir='ltr'>τῆς</span> 
     </span>
    </p>
   </div>
   <div class='ocr_carea' id='block_1_33' title="bbox 291 3081 1940 3159">
    <p class='ocr_par' dir='ltr' id='par_1_33' title="bbox 291 3081 1940 3159">
     <span class='ocr_line' id='line_1_33' title="bbox 291 3081 1940 3159; baseline -0.002 -15"><span class='ocrx_word' id='word_1_245' title='bbox 291 3088 581 3158; x_wconf 87' lang='grc' dir='ltr'>ἀληθείας.</span> <span class='ocrx_word' id='word_1_246' title='bbox 615 3081 927 3145; x_wconf 77' lang='grc' dir='ltr'>Ἐπέϐαινεν</span> <span class='ocrx_word' id='word_1_247' title='bbox 959 3084 1051 3140; x_wconf 79' lang='grc' dir='ltr'>οῦν</span> <span class='ocrx_word' id='word_1_248' title='bbox 1083 3085 1160 3150; x_wconf 83' lang='grc' dir='ltr'>είς</span> <span class='ocrx_word' id='word_1_249' title='bbox 1188 3085 1317 3148; x_wconf 81' lang='grc' dir='ltr'>τοὺς</span> <span class='ocrx_word' id='word_1_250' title='bbox 1373 3087 1448 3159; x_wconf 80' lang='grc' dir='ltr'>μή</span> <span class='ocrx_word' id='word_1_251' title='bbox 1499 3085 1612 3157; x_wconf 70' lang='grc' dir='ltr'>ἰξὸν</span> <span class='ocrx_word' id='word_1_252' title='bbox 1658 3086 1805 3159; x_wconf 80' lang='grc' dir='ltr'>αὐτῷ</span> <span class='ocrx_word' id='word_1_253' title='bbox 1847 3086 1940 3141; x_wconf 84' lang='grc' dir='ltr'>τό·</span> 
     </span>
    </p>
   </div>
   <div class='ocr_carea' id='block_1_34' title="bbox 291 3173 1938 3252">
    <p class='ocr_par' dir='ltr' id='par_1_34' title="bbox 291 3173 1938 3252">
     <span class='ocr_line' id='line_1_34' title="bbox 291 3173 1938 3252; baseline -0.002 -19"><span class='ocrx_word' id='word_1_254' title='bbox 291 3198 430 3240; x_wconf 86' lang='grc' dir='ltr'>πους</span> <span class='ocrx_word' id='word_1_255' title='bbox 466 3178 495 3232; x_wconf 86' lang='grc' dir='ltr'>ὁ</span> <span class='ocrx_word' id='word_1_256' title='bbox 524 3176 695 3231; x_wconf 84' lang='grc' dir='ltr'>πάντα</span> <span class='ocrx_word' id='word_1_257' title='bbox 739 3173 1049 3252; x_wconf 89' lang='grc' dir='ltr'>τολμηρὸς,</span> <span class='ocrx_word' id='word_1_258' title='bbox 1076 3177 1166 3230; x_wconf 80' lang='grc' dir='ltr'>καὶ</span> <span class='ocrx_word' id='word_1_259' title='bbox 1226 3175 1300 3238; x_wconf 84' lang='grc' dir='ltr'>είς</span> <span class='ocrx_word' id='word_1_260' title='bbox 1359 3175 1452 3230; x_wconf 86' lang='grc' dir='ltr'>τὸν</span> <span class='ocrx_word' id='word_1_261' title='bbox 1505 3180 1603 3231; x_wconf 89' lang='grc' dir='ltr'>τοῦ</span> <span class='ocrx_word' id='word_1_262' title='bbox 1658 3175 1938 3252; x_wconf 78' lang='grc' dir='ltr'>κληρικῶν</span> 
     </span>
    </p>
   </div>
   <div class='ocr_carea' id='block_1_35' title="bbox 288 3262 2014 3362">
    <p class='ocr_par' dir='ltr' id='par_1_35' title="bbox 288 3262 2014 3362">
     <span class='ocr_line' id='line_1_35' title="bbox 288 3262 2014 3362; baseline -0.003 -40"><span class='ocrx_word' id='word_1_263' title='bbox 288 3266 458 3322; x_wconf 86' lang='grc' dir='ltr'>τόπον</span> <span class='ocrx_word' id='word_1_264' title='bbox 533 3264 937 3339; x_wconf 84' lang='grc' dir='ltr'>καθεζόμενος,</span> <span class='ocrx_word' id='word_1_265' title='bbox 987 3263 1313 3362; x_wconf 29' lang='grc' dir='ltr'>ἀνεγιίνωσκᾳε</span> <span class='ocrx_word' id='word_1_266' title='bbox 1382 3262 1624 3338; x_wconf 83' lang='grc' dir='ltr'>δημοσίᾳ</span> <span class='ocrx_word' id='word_1_267' title='bbox 1694 3267 1756 3321; x_wconf 88' lang='grc' dir='ltr'>τὸ</span> <span class='ocrx_word' id='word_1_268' title='bbox 1816 3285 1936 3319; x_wconf 89' lang='grc' dir='ltr'>συν-</span> <span class='ocrx_word' id='word_1_269' title='bbox 1971 3294 2014 3362; x_wconf 77' lang='lat' dir='ltr'>C</span> 
     </span>
    </p>
   </div>
   <div class='ocr_carea' id='block_1_36' title="bbox 291 3350 1945 3433">
    <p class='ocr_par' dir='ltr' id='par_1_36' title="bbox 291 3350 1945 3433">
     <span class='ocr_line' id='line_1_36' title="bbox 291 3350 1945 3433; baseline -0.003 -20"><span class='ocrx_word' id='word_1_270' title='bbox 291 3357 621 3433; x_wconf 77' lang='grc' dir='ltr'>ταγμάτων,</span> <span class='ocrx_word' id='word_1_271' title='bbox 651 3354 827 3409; x_wconf 90' lang='grc' dir='ltr'>καίτοι</span> <span class='ocrx_word' id='word_1_272' title='bbox 875 3358 980 3408; x_wconf 81' lang='grc' dir='ltr'>τῶν</span> <span class='ocrx_word' id='word_1_273' title='bbox 1033 3350 1219 3409; x_wconf 81' lang='grc' dir='ltr'>ἄλλων</span> <span class='ocrx_word' id='word_1_274' title='bbox 1271 3350 1809 3430; x_wconf 81' lang='grc' dir='ltr'>δυσανασχετούντων</span> <span class='ocrx_word' id='word_1_275' title='bbox 1856 3354 1945 3409; x_wconf 76' lang='grc' dir='ltr'>ἐπ’</span> 
     </span>
    </p>
   </div>
   <div class='ocr_carea' id='block_1_37' title="bbox 294 3439 1941 3519">
    <p class='ocr_par' dir='ltr' id='par_1_37' title="bbox 294 3439 1941 3519">
     <span class='ocr_line' id='line_1_37' title="bbox 294 3439 1941 3519; baseline -0.002 -17"><span class='ocrx_word' id='word_1_276' title='bbox 294 3447 469 3518; x_wconf 79' lang='grc' dir='ltr'>αύτῷ.</span> <span class='ocrx_word' id='word_1_277' title='bbox 504 3446 598 3500; x_wconf 79' lang='grc' dir='ltr'>Καὶ</span> <span class='ocrx_word' id='word_1_278' title='bbox 632 3445 695 3500; x_wconf 84' lang='grc' dir='ltr'>τὸ</span> <span class='ocrx_word' id='word_1_279' title='bbox 730 3444 824 3517; x_wconf 74' lang='grc' dir='ltr'>μὲν</span> <span class='ocrx_word' id='word_1_280' title='bbox 858 3442 1251 3519; x_wconf 85' lang='grc' dir='ltr'>συνταγμάτιον</span> <span class='ocrx_word' id='word_1_281' title='bbox 1284 3439 1373 3498; x_wconf 81' lang='grc' dir='ltr'>διὰ</span> <span class='ocrx_word' id='word_1_282' title='bbox 1418 3441 1644 3501; x_wconf 83' lang='grc' dir='ltr'>πολλῶν</span> <span class='ocrx_word' id='word_1_283' title='bbox 1697 3441 1806 3500; x_wconf 70' lang='grc' dir='ltr'>ἔστι</span> <span class='ocrx_word' id='word_1_284' title='bbox 1854 3466 1941 3519; x_wconf 89' lang='grc' dir='ltr'>γε-</span> 
     </span>
    </p>
   </div>
   <div class='ocr_carea' id='block_1_38' title="bbox 295 3529 1943 3611">
    <p class='ocr_par' dir='ltr' id='par_1_38' title="bbox 295 3529 1943 3611">
     <span class='ocr_line' id='line_1_38' title="bbox 295 3529 1943 3611; baseline -0.001 -22"><span class='ocrx_word' id='word_1_285' title='bbox 295 3535 635 3611; x_wconf 71' lang='grc' dir='ltr'>γραμμένον.</span> <span class='ocrx_word' id='word_1_286' title='bbox 667 3534 818 3605; x_wconf 71' lang='grc' dir='ltr'>Μὲρη</span> <span class='ocrx_word' id='word_1_287' title='bbox 855 3529 913 3587; x_wconf 67' lang='grc' dir='ltr'>δὲ</span> <span class='ocrx_word' id='word_1_288' title='bbox 950 3531 1114 3586; x_wconf 81' lang='grc' dir='ltr'>αὐτοῦ</span> <span class='ocrx_word' id='word_1_289' title='bbox 1143 3531 1253 3586; x_wconf 83' lang='grc' dir='ltr'>ἐστι</span> <span class='ocrx_word' id='word_1_290' title='bbox 1301 3535 1487 3587; x_wconf 80' lang='grc' dir='ltr'>ταῦτα’</span> <span class='ocrx_word' id='word_1_291' title='bbox 1523 3556 1552 3585; x_wconf 86' lang='lat'><em>«</em></span> <span class='ocrx_word' id='word_1_292' title='bbox 1585 3531 1662 3590; x_wconf 80' lang='grc' dir='ltr'>Οὐ</span> <span class='ocrx_word' id='word_1_293' title='bbox 1709 3533 1810 3609; x_wconf 73' lang='grc' dir='ltr'>γὰρ</span> <span class='ocrx_word' id='word_1_294' title='bbox 1865 3533 1943 3588; x_wconf 78' lang='grc' dir='ltr'>εἶ-</span> 
     </span>
    </p>
   </div>
   <div class='ocr_carea' id='block_1_39' title="bbox 296 3619 1951 3698">
    <p class='ocr_par' dir='ltr' id='par_1_39' title="bbox 296 3619 1951 3698">
     <span class='ocr_line' id='line_1_39' title="bbox 296 3619 1951 3698; baseline -0.002 -19"><span class='ocrx_word' id='word_1_295' title='bbox 296 3645 395 3679; x_wconf 87' lang='grc' dir='ltr'>πεν</span> <span class='ocrx_word' id='word_1_296' title='bbox 430 3625 459 3679; x_wconf 85' lang='grc' dir='ltr'><strong>ὁ</strong></span> <span class='ocrx_word' id='word_1_297' title='bbox 494 3621 758 3698; x_wconf 83' lang='grc' dir='ltr'>μακάριος</span> <span class='ocrx_word' id='word_1_298' title='bbox 792 3619 1009 3683; x_wconf 77' lang='grc' dir='ltr'>Παῦλος</span> <span class='ocrx_word' id='word_1_299' title='bbox 1049 3621 1278 3694; x_wconf 82' lang='grc' dir='ltr'>Χριστὸν</span> <span class='ocrx_word' id='word_1_300' title='bbox 1326 3619 1615 3698; x_wconf 88' lang='grc' dir='ltr'>κηρύσσειν</span> <span class='ocrx_word' id='word_1_301' title='bbox 1662 3622 1761 3690; x_wconf 84' lang='grc' dir='ltr'>τήν</span> <span class='ocrx_word' id='word_1_302' title='bbox 1814 3619 1951 3677; x_wconf 85' lang='grc' dir='ltr'>ίδίαν</span> 
     </span>
    </p>
   </div>
   <div class='ocr_carea' id='block_1_40' title="bbox 302 3717 1954 3797">
    <p class='ocr_par' dir='ltr' id='par_1_40' title="bbox 302 3717 1954 3797">
     <span class='ocr_line' id='line_1_40' title="bbox 302 3717 1954 3797; baseline -0.001 -21"><span class='ocrx_word' id='word_1_303' title='bbox 302 3722 476 3777; x_wconf 78' lang='grc' dir='ltr'>αὐτοῦ</span> <span class='ocrx_word' id='word_1_304' title='bbox 530 3717 777 3793; x_wconf 85' lang='grc' dir='ltr'>δύναμιν,</span> <span class='ocrx_word' id='word_1_305' title='bbox 815 3717 852 3787; x_wconf 74' lang='grc' dir='ltr'><strong>ἢ</strong></span> <span class='ocrx_word' id='word_1_306' title='bbox 907 3718 1006 3788; x_wconf 78' lang='grc' dir='ltr'>τὴν</span> <span class='ocrx_word' id='word_1_307' title='bbox 1068 3719 1260 3797; x_wconf 85' lang='grc' dir='ltr'>σοφίαν</span> <span class='ocrx_word' id='word_1_308' title='bbox 1312 3718 1499 3790; x_wconf 81' lang='grc' dir='ltr'>αὐτοῦ,</span> <span class='ocrx_word' id='word_1_309' title='bbox 1557 3721 1801 3776; x_wconf 69' lang='grc' dir='ltr'>τουτέστι</span> <span class='ocrx_word' id='word_1_310' title='bbox 1858 3725 1954 3775; x_wconf 87' lang='grc' dir='ltr'>τοῦ</span> 
     </span>
    </p>
   </div>
   <div class='ocr_carea' id='block_1_41' title="bbox 310 3804 1953 3884">
    <p class='ocr_par' dir='ltr' id='par_1_41' title="bbox 310 3804 1953 3884">
     <span class='ocr_line' id='line_1_41' title="bbox 310 3804 1953 3884; baseline -0.001 -18"><span class='ocrx_word' id='word_1_311' title='bbox 310 3814 466 3879; x_wconf 89' lang='grc' dir='ltr'>Θεοῦ,</span> <span class='ocrx_word' id='word_1_312' title='bbox 510 3808 656 3865; x_wconf 81' lang='grc' dir='ltr'>ἀλλὰ</span> <span class='ocrx_word' id='word_1_313' title='bbox 706 3805 839 3884; x_wconf 86' lang='grc' dir='ltr'>δίχα</span> <span class='ocrx_word' id='word_1_314' title='bbox 882 3811 985 3872; x_wconf 87' lang='grc' dir='ltr'>τῆς</span> <span class='ocrx_word' id='word_1_315' title='bbox 1030 3808 1373 3883; x_wconf 76' lang='grc' dir='ltr'>προσθήκης,</span> <span class='ocrx_word' id='word_1_316' title='bbox 1406 3804 1637 3881; x_wconf 84' lang='grc' dir='ltr'>δύναμιν</span> <span class='ocrx_word' id='word_1_317' title='bbox 1686 3812 1819 3864; x_wconf 85' lang='grc' dir='ltr'>Θεοῦ</span> <span class='ocrx_word' id='word_1_318' title='bbox 1866 3810 1953 3864; x_wconf 73' lang='grc' dir='ltr'>καὶ</span> 
     </span>
    </p>
   </div>
   <div class='ocr_carea' id='block_1_42' title="bbox 309 3894 1959 3976">
    <p class='ocr_par' dir='ltr' id='par_1_42' title="bbox 309 3894 1959 3976">
     <span class='ocr_line' id='line_1_42' title="bbox 309 3894 1959 3976; baseline -0.002 -21"><span class='ocrx_word' id='word_1_319' title='bbox 309 3903 446 3956; x_wconf 84' lang='grc' dir='ltr'>Θεοῦ</span> <span class='ocrx_word' id='word_1_320' title='bbox 496 3898 702 3976; x_wconf 84' lang='grc' dir='ltr'>σοφίαν·</span> <span class='ocrx_word' id='word_1_321' title='bbox 754 3895 932 3966; x_wconf 80' lang='grc' dir='ltr'>ἄλλην</span> <span class='ocrx_word' id='word_1_322' title='bbox 986 3897 1082 3969; x_wconf 78' lang='grc' dir='ltr'>μὶν</span> <span class='ocrx_word' id='word_1_323' title='bbox 1130 3896 1262 3951; x_wconf 76' lang='grc' dir='ltr'>εἶναι</span> <span class='ocrx_word' id='word_1_324' title='bbox 1308 3897 1408 3966; x_wconf 79' lang='grc' dir='ltr'>τήν</span> <span class='ocrx_word' id='word_1_325' title='bbox 1460 3894 1597 3952; x_wconf 78' lang='grc' dir='ltr'>ἰδίαν</span> <span class='ocrx_word' id='word_1_326' title='bbox 1643 3898 1812 3954; x_wconf 81' lang='grc' dir='ltr'>αὐτοῦ</span> <span class='ocrx_word' id='word_1_327' title='bbox 1861 3902 1959 3953; x_wconf 89' lang='grc' dir='ltr'>τοῦ</span> 
     </span>
    </p>
   </div>
   <div class='ocr_carea' id='block_1_43' title="bbox 310 3991 1959 4073">
    <p class='ocr_par' dir='ltr' id='par_1_43' title="bbox 310 3991 1959 4073">
     <span class='ocr_line' id='line_1_43' title="bbox 310 3991 1959 4073; baseline -0.002 -20"><span class='ocrx_word' id='word_1_328' title='bbox 310 4001 444 4054; x_wconf 83' lang='grc' dir='ltr'>Θεοῦ</span> <span class='ocrx_word' id='word_1_329' title='bbox 476 3994 727 4068; x_wconf 88' lang='grc' dir='ltr'>δύναμιν,</span> <span class='ocrx_word' id='word_1_330' title='bbox 758 3996 858 4064; x_wconf 80' lang='grc' dir='ltr'>τὴν</span> <span class='ocrx_word' id='word_1_331' title='bbox 891 3991 1128 4073; x_wconf 80' lang='grc' dir='ltr'>ἔμφυτον</span> <span class='ocrx_word' id='word_1_332' title='bbox 1177 3993 1325 4067; x_wconf 75' lang='grc' dir='ltr'>αὐτῷ</span> <span class='ocrx_word' id='word_1_333' title='bbox 1372 3994 1463 4048; x_wconf 84' lang='grc' dir='ltr'>καὶ</span> <span class='ocrx_word' id='word_1_334' title='bbox 1511 3996 1959 4072; x_wconf 84' lang='grc' dir='ltr'>συνυπάρχουσαν</span> 
     </span>
    </p>
   </div>
   <div class='ocr_carea' id='block_1_44' title="bbox 310 4081 1964 4160">
    <p class='ocr_par' dir='ltr' id='par_1_44' title="bbox 310 4081 1964 4160">
     <span class='ocr_line' id='line_1_44' title="bbox 310 4081 1964 4160; baseline -0.001 -19"><span class='ocrx_word' id='word_1_335' title='bbox 310 4087 460 4159; x_wconf 74' lang='grc' dir='ltr'>αὒτῷ</span> <span class='ocrx_word' id='word_1_336' title='bbox 510 4085 788 4160; x_wconf 76' lang='grc' dir='ltr'>ἀγενήτως</span> <span class='ocrx_word' id='word_1_337' title='bbox 830 4085 964 4158; x_wconf 80' lang='grc'>(42),</span> <span class='ocrx_word' id='word_1_338' title='bbox 995 4081 1304 4159; x_wconf 87' lang='grc' dir='ltr'>κηρύσσων·</span> <span class='ocrx_word' id='word_1_339' title='bbox 1356 4085 1679 4158; x_wconf 76' lang='grc' dir='ltr'>γεννητικὴν</span> <span class='ocrx_word' id='word_1_340' title='bbox 1723 4085 1817 4159; x_wconf 70' lang='grc' dir='ltr'>μὶν</span> <span class='ocrx_word' id='word_1_341' title='bbox 1870 4083 1964 4140; x_wconf 78' lang='grc' dir='ltr'>οὗ-</span> 
     </span>
    </p>
   </div>
   <div class='ocr_carea' id='block_1_45' title="bbox 309 4169 1965 4249">
    <p class='ocr_par' dir='ltr' id='par_1_45' title="bbox 309 4169 1965 4249">
     <span class='ocr_line' id='line_1_45' title="bbox 309 4169 1965 4249; baseline -0.002 -18"><span class='ocrx_word' id='word_1_342' title='bbox 309 4197 426 4245; x_wconf 85' lang='grc' dir='ltr'>σαν,</span> <span class='ocrx_word' id='word_1_343' title='bbox 487 4171 747 4245; x_wconf 77' lang='grc' dir='ltr'>δηλονότι</span> <span class='ocrx_word' id='word_1_344' title='bbox 806 4176 907 4227; x_wconf 88' lang='grc' dir='ltr'>τοῦ</span> <span class='ocrx_word' id='word_1_345' title='bbox 971 4176 1246 4249; x_wconf 76' lang='grc' dir='ltr'>Χριστοῦ,</span> <span class='ocrx_word' id='word_1_346' title='bbox 1309 4169 1711 4248; x_wconf 77' lang='grc' dir='ltr'>δημιουργικὴν</span> <span class='ocrx_word' id='word_1_347' title='bbox 1764 4170 1821 4229; x_wconf 76' lang='grc' dir='ltr'>δὶ</span> <span class='ocrx_word' id='word_1_348' title='bbox 1868 4178 1965 4228; x_wconf 88' lang='grc' dir='ltr'>τοῦ</span> 
     </span>
    </p>
   </div>
   <div class='ocr_carea' id='block_1_46' title="bbox 308 4268 1969 4347">
    <p class='ocr_par' dir='ltr' id='par_1_46' title="bbox 308 4268 1969 4347">
     <span class='ocr_line' id='line_1_46' title="bbox 308 4268 1969 4347; baseline -0.001 -20"><span class='ocrx_word' id='word_1_349' title='bbox 308 4272 510 4335; x_wconf 85' lang='grc' dir='ltr'>παντὸς</span> <span class='ocrx_word' id='word_1_350' title='bbox 560 4270 793 4343; x_wconf 85' lang='grc' dir='ltr'>κόσμου·</span> <span class='ocrx_word' id='word_1_351' title='bbox 828 4268 952 4345; x_wconf 85' lang='grc' dir='ltr'>περὶ</span> <span class='ocrx_word' id='word_1_352' title='bbox 1000 4271 1069 4338; x_wconf 71' lang='grc' dir='ltr'>ἧς</span> <span class='ocrx_word' id='word_1_353' title='bbox 1114 4268 1167 4324; x_wconf 81' lang='grc' dir='ltr'>ἐν</span> <span class='ocrx_word' id='word_1_354' title='bbox 1215 4273 1283 4344; x_wconf 83' lang='grc' dir='ltr'>τῇ</span> <span class='ocrx_word' id='word_1_355' title='bbox 1314 4269 1451 4347; x_wconf 84' lang='grc' dir='ltr'>πρὸς</span> <span class='ocrx_word' id='word_1_356' title='bbox 1481 4269 1785 4344; x_wconf 80' lang='grc' dir='ltr'>Ῥωμαίους</span> <span class='ocrx_word' id='word_1_357' title='bbox 1820 4272 1969 4326; x_wconf 85' lang='grc' dir='ltr'>Ἐπι-</span> 
     </span>
    </p>
   </div>
   <div class='ocr_carea' id='block_1_47' title="bbox 2045 640 3702 714">
    <p class='ocr_par' dir='ltr' id='par_1_47' title="bbox 2045 640 3702 714">
     <span class='ocr_line' id='line_1_47' title="bbox 2045 640 3702 714; baseline -0.001 -15"><span class='ocrx_word' id='word_1_358' title='bbox 2045 644 2145 699; x_wconf 90' lang='lat' dir='ltr'>nia</span> <span class='ocrx_word' id='word_1_359' title='bbox 2171 659 2240 699; x_wconf 84' lang='lat' dir='ltr'>ex</span> <span class='ocrx_word' id='word_1_360' title='bbox 2268 643 2386 700; x_wconf 93' lang='lat' dir='ltr'>Deo</span> <span class='ocrx_word' id='word_1_361' title='bbox 2417 643 2762 699; x_wconf 78' lang='lat' dir='ltr'>dicuntur.»</span> <span class='ocrx_word' id='word_1_362' title='bbox 2785 642 2871 699; x_wconf 81' lang='lat' dir='ltr'>Ab</span> <span class='ocrx_word' id='word_1_363' title='bbox 2901 640 3001 698; x_wconf 90' lang='lat' dir='ltr'>illo</span> <span class='ocrx_word' id='word_1_364' title='bbox 3031 641 3212 714; x_wconf 78' lang='lat' dir='ltr'>igitur</span> <span class='ocrx_word' id='word_1_365' title='bbox 3233 640 3355 697; x_wconf 89' lang='lat' dir='ltr'>Arii</span> <span class='ocrx_word' id='word_1_366' title='bbox 3385 645 3702 697; x_wconf 80' lang='lat' dir='ltr'>sectatores</span> 
     </span>
    </p>
   </div>
   <div class='ocr_carea' id='block_1_48' title="bbox 2045 729 3704 802">
    <p class='ocr_par' dir='ltr' id='par_1_48' title="bbox 2045 729 3704 802">
     <span class='ocr_line' id='line_1_48' title="bbox 2045 729 3704 802; baseline -0.002 -14"><span class='ocrx_word' id='word_1_367' title='bbox 2045 732 2300 789; x_wconf 81' lang='lat' dir='ltr'>didicere</span> <span class='ocrx_word' id='word_1_368' title='bbox 2358 748 2579 801; x_wconf 90' lang='lat' dir='ltr'>vocem,</span> <span class='ocrx_word' id='word_1_369' title='bbox 2621 749 2690 789; x_wconf 79' lang='lat' dir='ltr'>ex</span> <span class='ocrx_word' id='word_1_370' title='bbox 2760 733 2910 800; x_wconf 90' lang='lat' dir='ltr'>Deo,</span> <span class='ocrx_word' id='word_1_371' title='bbox 2978 729 3256 787; x_wconf 91' lang='lat' dir='ltr'>simulate</span> <span class='ocrx_word' id='word_1_372' title='bbox 3322 730 3579 802; x_wconf 83' lang='lat' dir='ltr'>proferre</span> <span class='ocrx_word' id='word_1_373' title='bbox 3646 735 3704 787; x_wconf 88' lang='lat' dir='ltr'>et</span> 
     </span>
    </p>
   </div>
   <div class='ocr_carea' id='block_1_49' title="bbox 2047 819 3703 893">
    <p class='ocr_par' dir='ltr' id='par_1_49' title="bbox 2047 819 3703 893">
     <span class='ocr_line' id='line_1_49' title="bbox 2047 819 3703 893; baseline -0.001 -15"><span class='ocrx_word' id='word_1_374' title='bbox 2047 822 2223 879; x_wconf 89' lang='lat' dir='ltr'>verba</span> <span class='ocrx_word' id='word_1_375' title='bbox 2252 822 2489 893; x_wconf 84' lang='lat' dir='ltr'>quidem</span> <span class='ocrx_word' id='word_1_376' title='bbox 2519 822 2735 893; x_wconf 82' lang='lat' dir='ltr'>dicere,</span> <span class='ocrx_word' id='word_1_377' title='bbox 2761 837 2868 877; x_wconf 88' lang='lat' dir='ltr'>nec</span> <span class='ocrx_word' id='word_1_378' title='bbox 2898 824 3095 876; x_wconf 89' lang='lat' dir='ltr'>tamen</span> <span class='ocrx_word' id='word_1_379' title='bbox 3126 823 3278 875; x_wconf 87' lang='lat' dir='ltr'>recte</span> <span class='ocrx_word' id='word_1_380' title='bbox 3310 819 3545 876; x_wconf 89' lang='lat' dir='ltr'>sentire.</span> <span class='ocrx_word' id='word_1_381' title='bbox 3572 819 3703 892; x_wconf 90' lang='lat' dir='ltr'>Ipse</span> 
     </span>
    </p>
   </div>
   <div class='ocr_carea' id='block_1_50' title="bbox 2045 907 3696 984">
    <p class='ocr_par' dir='ltr' id='par_1_50' title="bbox 2045 907 3696 984">
     <span class='ocr_line' id='line_1_50' title="bbox 2045 907 3696 984; baseline 0.001 -20"><span class='ocrx_word' id='word_1_382' title='bbox 2045 926 2180 967; x_wconf 91' lang='lat' dir='ltr'>vero</span> <span class='ocrx_word' id='word_1_383' title='bbox 2212 910 2495 984; x_wconf 87' lang='lat' dir='ltr'>Georgius</span> <span class='ocrx_word' id='word_1_384' title='bbox 2526 913 2597 967; x_wconf 88' lang='lat' dir='ltr'>ab</span> <span class='ocrx_word' id='word_1_385' title='bbox 2630 909 2981 977; x_wconf 84' lang='lat' dir='ltr'>Alexandro,</span> <span class='ocrx_word' id='word_1_386' title='bbox 3017 924 3148 965; x_wconf 92' lang='lat' dir='ltr'>cum</span> <span class='ocrx_word' id='word_1_387' title='bbox 3175 907 3307 964; x_wconf 88' lang='lat' dir='ltr'>aliis</span> <span class='ocrx_word' id='word_1_388' title='bbox 3355 908 3426 964; x_wconf 93' lang='lat' dir='ltr'>de</span> <span class='ocrx_word' id='word_1_389' title='bbox 3477 908 3696 981; x_wconf 88' lang='lat' dir='ltr'>causis,</span> 
     </span>
    </p>
   </div>
   <div class='ocr_carea' id='block_1_51' title="bbox 2044 997 3700 1072">
    <p class='ocr_par' dir='ltr' id='par_1_51' title="bbox 2044 997 3700 1072">
     <span class='ocr_line' id='line_1_51' title="bbox 2044 997 3700 1072; baseline -0.001 -17"><span class='ocrx_word' id='word_1_390' title='bbox 2044 1002 2172 1055; x_wconf 90' lang='lat' dir='ltr'>tum</span> <span class='ocrx_word' id='word_1_391' title='bbox 2222 1000 2379 1072; x_wconf 90' lang='lat' dir='ltr'>quod</span> <span class='ocrx_word' id='word_1_392' title='bbox 2427 1017 2555 1057; x_wconf 89' lang='lat' dir='ltr'>sese</span> <span class='ocrx_word' id='word_1_393' title='bbox 2602 999 2852 1072; x_wconf 89' lang='lat' dir='ltr'>impium</span> <span class='ocrx_word' id='word_1_394' title='bbox 2892 998 3191 1055; x_wconf 84' lang='lat' dir='ltr'>exhiberet</span> <span class='ocrx_word' id='word_1_395' title='bbox 3238 997 3542 1070; x_wconf 90' lang='lat' dir='ltr'>depositus</span> <span class='ocrx_word' id='word_1_396' title='bbox 3570 1002 3700 1066; x_wconf 90' lang='lat' dir='ltr'>est;</span> 
     </span>
    </p>
   </div>
   <div class='ocr_carea' id='block_1_52' title="bbox 2045 1086 3428 1161">
    <p class='ocr_par' dir='ltr' id='par_1_52' title="bbox 2045 1086 3428 1161">
     <span class='ocr_line' id='line_1_52' title="bbox 2045 1086 3428 1161; baseline 0.001 -18"><span class='ocrx_word' id='word_1_397' title='bbox 2045 1088 2349 1161; x_wconf 75' lang='lat' dir='ltr'>presbyter</span> <span class='ocrx_word' id='word_1_398' title='bbox 2374 1088 2531 1145; x_wconf 89' lang='lat' dir='ltr'>enim</span> <span class='ocrx_word' id='word_1_399' title='bbox 2562 1092 2705 1157; x_wconf 90' lang='lat' dir='ltr'>erat,</span> <span class='ocrx_word' id='word_1_400' title='bbox 2740 1088 2826 1144; x_wconf 88' lang='lat' dir='ltr'>uti</span> <span class='ocrx_word' id='word_1_401' title='bbox 2856 1105 3037 1160; x_wconf 84' lang='lat' dir='ltr'>supra</span> <span class='ocrx_word' id='word_1_402' title='bbox 3067 1086 3290 1144; x_wconf 89' lang='lat' dir='ltr'>dictum</span> <span class='ocrx_word' id='word_1_403' title='bbox 3321 1091 3428 1144; x_wconf 88' lang='lat' dir='ltr'>est.</span> 
     </span>
    </p>
   </div>
   <div class='ocr_carea' id='block_1_53' title="bbox 2120 1264 3700 1339">
    <p class='ocr_par' dir='ltr' id='par_1_53' title="bbox 2120 1264 3700 1339">
     <span class='ocr_line' id='line_1_53' title="bbox 2120 1264 3700 1339; baseline 0.001 -19"><span class='ocrx_word' id='word_1_404' title='bbox 2120 1266 2206 1322; x_wconf 88' lang='grc'>18.</span> <span class='ocrx_word' id='word_1_405' title='bbox 2240 1265 2364 1322; x_wconf 92' lang='lat' dir='ltr'>Uno</span> <span class='ocrx_word' id='word_1_406' title='bbox 2412 1266 2587 1323; x_wconf 91' lang='lat' dir='ltr'>verbo</span> <span class='ocrx_word' id='word_1_407' title='bbox 2637 1266 2721 1322; x_wconf 88' lang='lat' dir='ltr'>ita</span> <span class='ocrx_word' id='word_1_408' title='bbox 2766 1265 2852 1322; x_wconf 89' lang='lat' dir='ltr'>illi</span> <span class='ocrx_word' id='word_1_409' title='bbox 2902 1264 3209 1338; x_wconf 80' lang='lat' dir='ltr'>scripsere,</span> <span class='ocrx_word' id='word_1_410' title='bbox 3260 1265 3429 1337; x_wconf 88' lang='lat' dir='ltr'>quasi</span> <span class='ocrx_word' id='word_1_411' title='bbox 3479 1264 3700 1339; x_wconf 85' lang='lat' dir='ltr'>singuli</span> 
     </span>
    </p>
   </div>
   <div class='ocr_carea' id='block_1_54' title="bbox 2048 1353 3699 1427">
    <p class='ocr_par' dir='ltr' id='par_1_54' title="bbox 2048 1353 3699 1427">
     <span class='ocr_line' id='line_1_54' title="bbox 2048 1353 3699 1427; baseline 0.001 -17"><span class='ocrx_word' id='word_1_412' title='bbox 2048 1359 2339 1411; x_wconf 79' lang='lat' dir='ltr'>certarent</span> <span class='ocrx_word' id='word_1_413' title='bbox 2385 1361 2563 1427; x_wconf 88' lang='lat' dir='ltr'>atque</span> <span class='ocrx_word' id='word_1_414' title='bbox 2615 1356 3054 1421; x_wconf 84' lang='lat' dir='ltr'>contenderent,</span> <span class='ocrx_word' id='word_1_415' title='bbox 3107 1355 3380 1427; x_wconf 82' lang='lat' dir='ltr'>quisnam</span> <span class='ocrx_word' id='word_1_416' title='bbox 3411 1353 3699 1412; x_wconf 63' lang='lat' dir='ltr'>hereseos</span> 
     </span>
    </p>
   </div>
   <div class='ocr_carea' id='block_1_55' title="bbox 2047 1443 3699 1517">
    <p class='ocr_par' dir='ltr' id='par_1_55' title="bbox 2047 1443 3699 1517">
     <span class='ocr_line' id='line_1_55' title="bbox 2047 1443 3699 1517; baseline 0.002 -20"><span class='ocrx_word' id='word_1_417' title='bbox 2047 1443 2410 1515; x_wconf 79' lang='lat' dir='ltr'>impietatem</span> <span class='ocrx_word' id='word_1_418' title='bbox 2440 1445 2577 1517; x_wconf 90' lang='lat' dir='ltr'>plus</span> <span class='ocrx_word' id='word_1_419' title='bbox 2606 1448 2930 1517; x_wconf 89' lang='lat' dir='ltr'>augeret,et</span> <span class='ocrx_word' id='word_1_420' title='bbox 2961 1444 3221 1516; x_wconf 83' lang='lat' dir='ltr'>apertius</span> <span class='ocrx_word' id='word_1_421' title='bbox 3238 1459 3365 1499; x_wconf 87' lang='lat' dir='ltr'>eam</span> <span class='ocrx_word' id='word_1_422' title='bbox 3384 1445 3699 1517; x_wconf 83' lang='lat' dir='ltr'>detegeret.</span> 
     </span>
    </p>
   </div>
   <div class='ocr_carea' id='block_1_56' title="bbox 2049 1532 3708 1607">
    <p class='ocr_par' dir='ltr' id='par_1_56' title="bbox 2049 1532 3708 1607">
     <span class='ocr_line' id='line_1_56' title="bbox 2049 1532 3708 1607; baseline 0 -18"><span class='ocrx_word' id='word_1_423' title='bbox 2049 1533 2223 1590; x_wconf 89' lang='lat' dir='ltr'>Porro</span> <span class='ocrx_word' id='word_1_424' title='bbox 2253 1533 2535 1607; x_wconf 82' lang='lat' dir='ltr'>epistolas</span> <span class='ocrx_word' id='word_1_425' title='bbox 2567 1533 2801 1590; x_wconf 91' lang='lat' dir='ltr'>illorum</span> <span class='ocrx_word' id='word_1_426' title='bbox 2830 1549 3009 1606; x_wconf 89' lang='lat' dir='ltr'>penes</span> <span class='ocrx_word' id='word_1_427' title='bbox 3041 1548 3135 1588; x_wconf 90' lang='lat' dir='ltr'>me</span> <span class='ocrx_word' id='word_1_428' title='bbox 3169 1549 3283 1588; x_wconf 90' lang='lat' dir='ltr'>non</span> <span class='ocrx_word' id='word_1_429' title='bbox 3317 1532 3525 1599; x_wconf 90' lang='lat' dir='ltr'>habeo,</span> <span class='ocrx_word' id='word_1_430' title='bbox 3562 1532 3708 1589; x_wconf 86' lang='lat' dir='ltr'>alio-</span> 
     </span>
    </p>
   </div>
   <div class='ocr_carea' id='block_1_57' title="bbox 2048 1620 3707 1695">
    <p class='ocr_par' dir='ltr' id='par_1_57' title="bbox 2048 1620 3707 1695">
     <span class='ocr_line' id='line_1_57' title="bbox 2048 1620 3707 1695; baseline 0 -19"><span class='ocrx_word' id='word_1_431' title='bbox 2048 1621 2190 1693; x_wconf 88' lang='lat' dir='ltr'>quin</span> <span class='ocrx_word' id='word_1_432' title='bbox 2220 1639 2424 1679; x_wconf 89' lang='lat' dir='ltr'>earum</span> <span class='ocrx_word' id='word_1_433' title='bbox 2458 1621 2815 1695; x_wconf 83' lang='lat' dir='ltr'>exemplaria</span> <span class='ocrx_word' id='word_1_434' title='bbox 2844 1622 3009 1679; x_wconf 86' lang='lat' dir='ltr'>vobis</span> <span class='ocrx_word' id='word_1_435' title='bbox 3040 1620 3369 1691; x_wconf 90' lang='lat' dir='ltr'>misissem,</span> <span class='ocrx_word' id='word_1_436' title='bbox 3414 1621 3707 1678; x_wconf 88' lang='lat' dir='ltr'>missurus</span> 
     </span>
    </p>
   </div>
   <div class='ocr_carea' id='block_1_58' title="bbox 2047 1709 3708 1782">
    <p class='ocr_par' dir='ltr' id='par_1_58' title="bbox 2047 1709 3708 1782">
     <span class='ocr_line' id='line_1_58' title="bbox 2047 1709 3708 1782; baseline 0.001 -17"><span class='ocrx_word' id='word_1_437' title='bbox 2047 1727 2189 1766; x_wconf 87' lang='lat' dir='ltr'>sane</span> <span class='ocrx_word' id='word_1_438' title='bbox 2229 1709 2280 1766; x_wconf 89' lang='lat' dir='ltr'>si</span> <span class='ocrx_word' id='word_1_439' title='bbox 2328 1711 2446 1768; x_wconf 89' lang='lat' dir='ltr'>Deo</span> <span class='ocrx_word' id='word_1_440' title='bbox 2493 1711 2724 1768; x_wconf 88' lang='lat' dir='ltr'>volente</span> <span class='ocrx_word' id='word_1_441' title='bbox 2775 1715 2981 1767; x_wconf 88' lang='lat' dir='ltr'>nactus</span> <span class='ocrx_word' id='word_1_442' title='bbox 3033 1711 3213 1767; x_wconf 84' lang='lat' dir='ltr'>fuero.</span> <span class='ocrx_word' id='word_1_443' title='bbox 3265 1711 3417 1766; x_wconf 84' lang='lat' dir='ltr'>Item</span> <span class='ocrx_word' id='word_1_444' title='bbox 3466 1710 3708 1782; x_wconf 88' lang='lat' dir='ltr'>quidam</span> 
     </span>
    </p>
   </div>
   <div class='ocr_carea' id='block_1_59' title="bbox 2045 1797 3710 1871">
    <p class='ocr_par' dir='ltr' id='par_1_59' title="bbox 2045 1797 3710 1871">
     <span class='ocr_line' id='line_1_59' title="bbox 2045 1797 3710 1871; baseline 0.002 -20"><span class='ocrx_word' id='word_1_445' title='bbox 2045 1798 2313 1854; x_wconf 80' lang='lat' dir='ltr'>Asterius</span> <span class='ocrx_word' id='word_1_446' title='bbox 2328 1815 2397 1854; x_wconf 81' lang='lat' dir='ltr'>ex</span> <span class='ocrx_word' id='word_1_447' title='bbox 2409 1797 2791 1871; x_wconf 82' lang='lat' dir='ltr'>Cappadocia,</span> <span class='ocrx_word' id='word_1_448' title='bbox 2811 1797 3118 1870; x_wconf 87' lang='lat' dir='ltr'>multiceps</span> <span class='ocrx_word' id='word_1_449' title='bbox 3142 1797 3609 1871; x_wconf 88' lang='lat' dir='ltr'>sophista,unus</span> <span class='ocrx_word' id='word_1_450' title='bbox 3642 1815 3710 1855; x_wconf 80' lang='lat' dir='ltr'>ex</span> 
     </span>
    </p>
   </div>
   <div class='ocr_carea' id='block_1_60' title="bbox 2049 1885 3707 1959">
    <p class='ocr_par' dir='ltr' id='par_1_60' title="bbox 2049 1885 3707 1959">
     <span class='ocr_line' id='line_1_60' title="bbox 2049 1885 3707 1959; baseline 0.002 -18"><span class='ocrx_word' id='word_1_451' title='bbox 2049 1885 2416 1957; x_wconf 82' lang='lat' dir='ltr'>Eusebianis,</span> <span class='ocrx_word' id='word_1_452' title='bbox 2449 1904 2582 1943; x_wconf 87' lang='lat' dir='ltr'>cum</span> <span class='ocrx_word' id='word_1_453' title='bbox 2613 1888 2671 1942; x_wconf 88' lang='lat' dir='ltr'>in</span> <span class='ocrx_word' id='word_1_454' title='bbox 2703 1891 2894 1959; x_wconf 89' lang='lat' dir='ltr'>priore</span> <span class='ocrx_word' id='word_1_455' title='bbox 2934 1887 3343 1959; x_wconf 81' lang='lat' dir='ltr'>persecutione</span> <span class='ocrx_word' id='word_1_456' title='bbox 3395 1888 3507 1944; x_wconf 90' lang='lat' dir='ltr'>sub</span> <span class='ocrx_word' id='word_1_457' title='bbox 3561 1892 3707 1944; x_wconf 87' lang='lat' dir='ltr'>Con-</span> 
     </span>
    </p>
   </div>
   <div class='ocr_carea' id='block_1_61' title="bbox 2052 1975 3705 2048">
    <p class='ocr_par' dir='ltr' id='par_1_61' title="bbox 2052 1975 3705 2048">
     <span class='ocr_line' id='line_1_61' title="bbox 2052 1975 3705 2048; baseline 0.001 -18"><span class='ocrx_word' id='word_1_458' title='bbox 2052 1975 2255 2030; x_wconf 83' lang='lat' dir='ltr'>stantii</span> <span class='ocrx_word' id='word_1_459' title='bbox 2303 1993 2407 2032; x_wconf 90' lang='lat' dir='ltr'>avo</span> <span class='ocrx_word' id='word_1_460' title='bbox 2438 1977 2552 2032; x_wconf 91' lang='lat' dir='ltr'>diis</span> <span class='ocrx_word' id='word_1_461' title='bbox 2582 1976 2997 2044; x_wconf 87' lang='lat' dir='ltr'>sacriﬁcasset,</span> <span class='ocrx_word' id='word_1_462' title='bbox 3031 1991 3136 2031; x_wconf 89' lang='lat' dir='ltr'>nec</span> <span class='ocrx_word' id='word_1_463' title='bbox 3166 1980 3366 2048; x_wconf 84' lang='lat' dir='ltr'>posset</span> <span class='ocrx_word' id='word_1_464' title='bbox 3394 1976 3466 2031; x_wconf 88' lang='lat' dir='ltr'>ab</span> <span class='ocrx_word' id='word_1_465' title='bbox 3497 1975 3614 2032; x_wconf 90' lang='lat' dir='ltr'>illis</span> <span class='ocrx_word' id='word_1_466' title='bbox 3644 1976 3705 2032; x_wconf 90' lang='lat' dir='ltr'>in</span> 
     </span>
    </p>
   </div>
   <div class='ocr_carea' id='block_1_62' title="bbox 2051 2062 3704 2137">
    <p class='ocr_par' dir='ltr' id='par_1_62' title="bbox 2051 2062 3704 2137">
     <span class='ocr_line' id='line_1_62' title="bbox 2051 2062 3704 2137; baseline -0.001 -17"><span class='ocrx_word' id='word_1_467' title='bbox 2051 2062 2272 2120; x_wconf 91' lang='lat' dir='ltr'>clerum</span> <span class='ocrx_word' id='word_1_468' title='bbox 2303 2066 2595 2137; x_wconf 86' lang='lat' dir='ltr'>cooptari;</span> <span class='ocrx_word' id='word_1_469' title='bbox 2629 2082 2698 2121; x_wconf 81' lang='lat' dir='ltr'>ex</span> <span class='ocrx_word' id='word_1_470' title='bbox 2726 2064 3014 2122; x_wconf 84' lang='lat' dir='ltr'>sententia</span> <span class='ocrx_word' id='word_1_471' title='bbox 3043 2065 3506 2121; x_wconf 89' lang='lat' dir='ltr'>Eusebianorum</span> <span class='ocrx_word' id='word_1_472' title='bbox 3558 2081 3704 2136; x_wconf 92' lang='lat' dir='ltr'>opu-</span> 
     </span>
    </p>
   </div>
   <div class='ocr_carea' id='block_1_63' title="bbox 2051 2154 3699 2227">
    <p class='ocr_par' dir='ltr' id='par_1_63' title="bbox 2051 2154 3699 2227">
     <span class='ocr_line' id='line_1_63' title="bbox 2051 2154 3699 2227; baseline -0.001 -17"><span class='ocrx_word' id='word_1_473' title='bbox 2051 2154 2283 2210; x_wconf 91' lang='lat' dir='ltr'>sculum</span> <span class='ocrx_word' id='word_1_474' title='bbox 2332 2154 2535 2225; x_wconf 86' lang='lat' dir='ltr'>edidit,</span> <span class='ocrx_word' id='word_1_475' title='bbox 2581 2171 2784 2210; x_wconf 90' lang='lat' dir='ltr'>eorum</span> <span class='ocrx_word' id='word_1_476' title='bbox 2816 2154 3057 2211; x_wconf 85' lang='lat' dir='ltr'>arbitrio</span> <span class='ocrx_word' id='word_1_477' title='bbox 3089 2154 3509 2227; x_wconf 88' lang='lat' dir='ltr'>conscriptum,</span> <span class='ocrx_word' id='word_1_478' title='bbox 3542 2154 3699 2226; x_wconf 90' lang='lat' dir='ltr'>quod</span> 
     </span>
    </p>
   </div>
   <div class='ocr_carea' id='block_1_64' title="bbox 2049 2243 3701 2316">
    <p class='ocr_par' dir='ltr' id='par_1_64' title="bbox 2049 2243 3701 2316">
     <span class='ocr_line' id='line_1_64' title="bbox 2049 2243 3701 2316; baseline -0.001 -16"><span class='ocrx_word' id='word_1_479' title='bbox 2049 2243 2322 2300; x_wconf 87' lang='lat' dir='ltr'>sacriﬁcii</span> <span class='ocrx_word' id='word_1_480' title='bbox 2350 2245 2479 2316; x_wconf 87' lang='lat' dir='ltr'>ejus</span> <span class='ocrx_word' id='word_1_481' title='bbox 2510 2243 2701 2300; x_wconf 88' lang='lat' dir='ltr'>scelus</span> <span class='ocrx_word' id='word_1_482' title='bbox 2729 2248 2987 2316; x_wconf 66' lang='lat' dir='ltr'>aequaret</span> <span class='ocrx_word' id='word_1_483' title='bbox 3037 2261 3051 2299; x_wconf 90' lang='lat'><strong>:</strong></span> <span class='ocrx_word' id='word_1_484' title='bbox 3105 2243 3164 2299; x_wconf 91' lang='lat' dir='ltr'>in</span> <span class='ocrx_word' id='word_1_485' title='bbox 3213 2243 3311 2298; x_wconf 90' lang='lat' dir='ltr'>illo</span> <span class='ocrx_word' id='word_1_486' title='bbox 3361 2244 3516 2300; x_wconf 88' lang='lat' dir='ltr'>enim</span> <span class='ocrx_word' id='word_1_487' title='bbox 3566 2260 3701 2299; x_wconf 90' lang='lat' dir='ltr'>cum</span> 
     </span>
    </p>
   </div>
   <div class='ocr_carea' id='block_1_65' title="bbox 2049 2330 3701 2405">
    <p class='ocr_par' dir='ltr' id='par_1_65' title="bbox 2049 2330 3701 2405">
     <span class='ocr_line' id='line_1_65' title="bbox 2049 2330 3701 2405; baseline 0.001 -18"><span class='ocrx_word' id='word_1_488' title='bbox 2049 2332 2337 2389; x_wconf 84' lang='lat' dir='ltr'>locustam</span> <span class='ocrx_word' id='word_1_489' title='bbox 2386 2338 2443 2387; x_wconf 90' lang='lat' dir='ltr'>et</span> <span class='ocrx_word' id='word_1_490' title='bbox 2488 2348 2722 2388; x_wconf 91' lang='lat' dir='ltr'>erucam</span> <span class='ocrx_word' id='word_1_491' title='bbox 2754 2332 2980 2388; x_wconf 91' lang='lat' dir='ltr'>Christo</span> <span class='ocrx_word' id='word_1_492' title='bbox 3009 2332 3373 2402; x_wconf 86' lang='lat' dir='ltr'>contulisset,</span> <span class='ocrx_word' id='word_1_493' title='bbox 3407 2330 3525 2388; x_wconf 91' lang='lat' dir='ltr'>imo</span> <span class='ocrx_word' id='word_1_494' title='bbox 3556 2350 3701 2405; x_wconf 64' lang='lat' dir='ltr'>prae-</span> 
     </span>
    </p>
   </div>
   <div class='ocr_carea' id='block_1_66' title="bbox 2051 2421 3703 2494">
    <p class='ocr_par' dir='ltr' id='par_1_66' title="bbox 2051 2421 3703 2494">
     <span class='ocr_line' id='line_1_66' title="bbox 2051 2421 3703 2494; baseline -0.001 -16"><span class='ocrx_word' id='word_1_495' title='bbox 2051 2421 2306 2490; x_wconf 85' lang='lat' dir='ltr'>tulisset,</span> <span class='ocrx_word' id='word_1_496' title='bbox 2339 2438 2406 2477; x_wconf 89' lang='lat' dir='ltr'>ac</span> <span class='ocrx_word' id='word_1_497' title='bbox 2437 2421 2653 2478; x_wconf 87' lang='lat' dir='ltr'>diceret</span> <span class='ocrx_word' id='word_1_498' title='bbox 2683 2421 2859 2477; x_wconf 88' lang='lat' dir='ltr'>aliam</span> <span class='ocrx_word' id='word_1_499' title='bbox 2903 2437 3030 2477; x_wconf 87' lang='lat' dir='ltr'>esse</span> <span class='ocrx_word' id='word_1_500' title='bbox 3081 2422 3140 2477; x_wconf 92' lang='lat' dir='ltr'>in</span> <span class='ocrx_word' id='word_1_501' title='bbox 3169 2422 3301 2490; x_wconf 51' lang='lat' dir='ltr'>,Deo</span> <span class='ocrx_word' id='word_1_502' title='bbox 3351 2421 3703 2494; x_wconf 83' lang='lat' dir='ltr'>sapientiam</span> 
     </span>
    </p>
   </div>
   <div class='ocr_carea' id='block_1_67' title="bbox 2054 2510 3709 2584">
    <p class='ocr_par' dir='ltr' id='par_1_67' title="bbox 2054 2510 3709 2584">
     <span class='ocr_line' id='line_1_67' title="bbox 2054 2510 3709 2584; baseline 0.001 -18"><span class='ocrx_word' id='word_1_503' title='bbox 2054 2516 2259 2584; x_wconf 68' lang='lat' dir='ltr'>praeter</span> <span class='ocrx_word' id='word_1_504' title='bbox 2287 2510 2608 2577; x_wconf 87' lang='lat' dir='ltr'>Christum,</span> <span class='ocrx_word' id='word_1_505' title='bbox 2641 2528 2767 2583; x_wconf 68' lang='lat' dir='ltr'>quae</span> <span class='ocrx_word' id='word_1_506' title='bbox 2798 2516 2855 2566; x_wconf 90' lang='lat' dir='ltr'>et</span> <span class='ocrx_word' id='word_1_507' title='bbox 2884 2511 3096 2567; x_wconf 88' lang='lat' dir='ltr'>Christi</span> <span class='ocrx_word' id='word_1_508' title='bbox 3125 2514 3184 2567; x_wconf 91' lang='lat' dir='ltr'>et</span> <span class='ocrx_word' id='word_1_509' title='bbox 3212 2511 3418 2566; x_wconf 88' lang='lat' dir='ltr'>mundi</span> <span class='ocrx_word' id='word_1_510' title='bbox 3462 2513 3709 2568; x_wconf 85' lang='lat' dir='ltr'>creatrix</span> 
     </span>
    </p>
   </div>
   <div class='ocr_carea' id='block_1_68' title="bbox 2053 2599 3704 2673">
    <p class='ocr_par' dir='ltr' id='par_1_68' title="bbox 2053 2599 3704 2673">
     <span class='ocr_line' id='line_1_68' title="bbox 2053 2599 3704 2673; baseline 0.001 -17"><span class='ocrx_word' id='word_1_511' title='bbox 2053 2606 2224 2670; x_wconf 87' lang='lat' dir='ltr'>esset,</span> <span class='ocrx_word' id='word_1_512' title='bbox 2291 2599 2468 2673; x_wconf 69' lang='lat' dir='ltr'>Syriae</span> <span class='ocrx_word' id='word_1_513' title='bbox 2533 2599 2820 2656; x_wconf 78' lang='lat' dir='ltr'>Ecclesiae</span> <span class='ocrx_word' id='word_1_514' title='bbox 2884 2600 3171 2671; x_wconf 85' lang='lat' dir='ltr'>aliasque,</span> <span class='ocrx_word' id='word_1_515' title='bbox 3239 2599 3704 2657; x_wconf 88' lang='lat' dir='ltr'>Eusebianorum</span> 
     </span>
    </p>
   </div>
   <div class='ocr_carea' id='block_1_69' title="bbox 2053 2688 3705 2760">
    <p class='ocr_par' dir='ltr' id='par_1_69' title="bbox 2053 2688 3705 2760">
     <span class='ocr_line' id='line_1_69' title="bbox 2053 2688 3705 2760; baseline 0.001 -16"><span class='ocrx_word' id='word_1_516' title='bbox 2053 2688 2562 2745; x_wconf 82' lang='lat' dir='ltr'>commendatione</span> <span class='ocrx_word' id='word_1_517' title='bbox 2590 2688 2740 2746; x_wconf 72' lang='lat'>585</span> <span class='ocrx_word' id='word_1_518' title='bbox 2778 2688 3273 2758; x_wconf 85' lang='lat' dir='ltr'>fretus,circuibat</span> <span class='ocrx_word' id='word_1_519' title='bbox 3305 2706 3319 2745; x_wconf 88' lang='lat'><strong>:</strong></span> <span class='ocrx_word' id='word_1_520' title='bbox 3354 2693 3419 2744; x_wconf 91' lang='lat' dir='ltr'>ut</span> <span class='ocrx_word' id='word_1_521' title='bbox 3450 2689 3591 2760; x_wconf 86' lang='lat' dir='ltr'>quia</span> <span class='ocrx_word' id='word_1_522' title='bbox 3612 2706 3705 2745; x_wconf 90' lang='lat' dir='ltr'>se-</span> 
     </span>
    </p>
   </div>
   <div class='ocr_carea' id='block_1_70' title="bbox 2055 2778 3704 2849">
    <p class='ocr_par' dir='ltr' id='par_1_70' title="bbox 2055 2778 3704 2849">
     <span class='ocr_line' id='line_1_70' title="bbox 2055 2778 3704 2849; baseline 0.001 -16"><span class='ocrx_word' id='word_1_523' title='bbox 2055 2778 2167 2834; x_wconf 90' lang='lat' dir='ltr'>mel</span> <span class='ocrx_word' id='word_1_524' title='bbox 2195 2779 2486 2834; x_wconf 86' lang='lat' dir='ltr'>Christum</span> <span class='ocrx_word' id='word_1_525' title='bbox 2528 2778 2819 2849; x_wconf 81' lang='lat' dir='ltr'>abnegare</span> <span class='ocrx_word' id='word_1_526' title='bbox 2850 2794 3164 2849; x_wconf 81' lang='lat' dir='ltr'>aggressus</span> <span class='ocrx_word' id='word_1_527' title='bbox 3196 2778 3406 2848; x_wconf 86' lang='lat' dir='ltr'>fuerat,</span> <span class='ocrx_word' id='word_1_528' title='bbox 3437 2778 3517 2833; x_wconf 91' lang='lat' dir='ltr'>ita</span> <span class='ocrx_word' id='word_1_529' title='bbox 3548 2795 3704 2834; x_wconf 91' lang='lat' dir='ltr'>nunc</span> 
     </span>
    </p>
   </div>
   <div class='ocr_carea' id='block_1_71' title="bbox 2053 2866 3698 2938">
    <p class='ocr_par' dir='ltr' id='par_1_71' title="bbox 2053 2866 3698 2938">
     <span class='ocr_line' id='line_1_71' title="bbox 2053 2866 3698 2938; baseline 0 -16"><span class='ocrx_word' id='word_1_530' title='bbox 2053 2883 2287 2938; x_wconf 86' lang='lat' dir='ltr'>quoque</span> <span class='ocrx_word' id='word_1_531' title='bbox 2331 2867 2610 2922; x_wconf 87' lang='lat' dir='ltr'>adversus</span> <span class='ocrx_word' id='word_1_532' title='bbox 2656 2866 2963 2922; x_wconf 86' lang='lat' dir='ltr'>veritatem</span> <span class='ocrx_word' id='word_1_533' title='bbox 3014 2866 3297 2922; x_wconf 87' lang='lat' dir='ltr'>audacius</span> <span class='ocrx_word' id='word_1_534' title='bbox 3346 2866 3698 2938; x_wconf 84' lang='lat' dir='ltr'>insurgeret.</span> 
     </span>
    </p>
   </div>
   <div class='ocr_carea' id='block_1_72' title="bbox 2052 2954 3705 3028">
    <p class='ocr_par' dir='ltr' id='par_1_72' title="bbox 2052 2954 3705 3028">
     <span class='ocr_line' id='line_1_72' title="bbox 2052 2954 3705 3028; baseline 0.001 -18"><span class='ocrx_word' id='word_1_535' title='bbox 2052 2954 2237 3012; x_wconf 86' lang='lat' dir='ltr'>Homo</span> <span class='ocrx_word' id='word_1_536' title='bbox 2285 2954 2381 3011; x_wconf 91' lang='lat' dir='ltr'>ille</span> <span class='ocrx_word' id='word_1_537' title='bbox 2429 2971 2570 3011; x_wconf 90' lang='lat' dir='ltr'>sane</span> <span class='ocrx_word' id='word_1_538' title='bbox 2605 2955 3036 3012; x_wconf 82' lang='lat' dir='ltr'>audacissimus</span> <span class='ocrx_word' id='word_1_539' title='bbox 3067 2955 3126 3010; x_wconf 87' lang='lat' dir='ltr'>in</span> <span class='ocrx_word' id='word_1_540' title='bbox 3158 2972 3285 3028; x_wconf 65' lang='lat' dir='ltr'>qua</span> <span class='ocrx_word' id='word_1_541' title='bbox 3317 2956 3441 3011; x_wconf 91' lang='lat' dir='ltr'>loca</span> <span class='ocrx_word' id='word_1_542' title='bbox 3473 2955 3585 3012; x_wconf 90' lang='lat' dir='ltr'>sibi</span> <span class='ocrx_word' id='word_1_543' title='bbox 3615 2955 3705 3011; x_wconf 91' lang='lat' dir='ltr'>in-</span> 
     </span>
    </p>
   </div>
   <div class='ocr_carea' id='block_1_73' title="bbox 2050 3042 3702 3117">
    <p class='ocr_par' dir='ltr' id='par_1_73' title="bbox 2050 3042 3702 3117">
     <span class='ocr_line' id='line_1_73' title="bbox 2050 3042 3702 3117; baseline 0 -16"><span class='ocrx_word' id='word_1_544' title='bbox 2050 3045 2214 3117; x_wconf 89' lang='lat' dir='ltr'>gredi</span> <span class='ocrx_word' id='word_1_545' title='bbox 2246 3060 2361 3100; x_wconf 91' lang='lat' dir='ltr'>non</span> <span class='ocrx_word' id='word_1_546' title='bbox 2392 3042 2594 3100; x_wconf 89' lang='lat' dir='ltr'>liceret</span> <span class='ocrx_word' id='word_1_547' title='bbox 2624 3060 2752 3100; x_wconf 87' lang='lat' dir='ltr'>sese</span> <span class='ocrx_word' id='word_1_548' title='bbox 2772 3043 3109 3111; x_wconf 88' lang='lat' dir='ltr'>immisit,et</span> <span class='ocrx_word' id='word_1_549' title='bbox 3132 3045 3191 3099; x_wconf 92' lang='lat' dir='ltr'>in</span> <span class='ocrx_word' id='word_1_550' title='bbox 3214 3044 3702 3101; x_wconf 90' lang='lat' dir='ltr'>clericorumloco</span> 
     </span>
    </p>
   </div>
   <div class='ocr_carea' id='block_1_74' title="bbox 2050 3132 3697 3206">
    <p class='ocr_par' dir='ltr' id='par_1_74' title="bbox 2050 3132 3697 3206">
     <span class='ocr_line' id='line_1_74' title="bbox 2050 3132 3697 3206; baseline 0.001 -16"><span class='ocrx_word' id='word_1_551' title='bbox 2050 3135 2262 3191; x_wconf 91' lang='lat' dir='ltr'>sedens</span> <span class='ocrx_word' id='word_1_552' title='bbox 2290 3133 2643 3206; x_wconf 90' lang='lat' dir='ltr'>opusculum</span> <span class='ocrx_word' id='word_1_553' title='bbox 2675 3133 2905 3206; x_wconf 90' lang='lat' dir='ltr'>publice</span> <span class='ocrx_word' id='word_1_554' title='bbox 2934 3132 3182 3206; x_wconf 87' lang='lat' dir='ltr'>legebat,</span> <span class='ocrx_word' id='word_1_555' title='bbox 3231 3134 3453 3191; x_wconf 65' lang='lat' dir='ltr'>caeteris</span> <span class='ocrx_word' id='word_1_556' title='bbox 3502 3139 3697 3192; x_wconf 81' lang='lat' dir='ltr'>tamen</span> 
     </span>
    </p>
   </div>
   <div class='ocr_carea' id='block_1_75' title="bbox 2047 3222 3702 3295">
    <p class='ocr_par' dir='ltr' id='par_1_75' title="bbox 2047 3222 3702 3295">
     <span class='ocr_line' id='line_1_75' title="bbox 2047 3222 3702 3295; baseline 0.001 -16"><span class='ocrx_word' id='word_1_557' title='bbox 2047 3239 2172 3280; x_wconf 90' lang='lat' dir='ltr'>rem</span> <span class='ocrx_word' id='word_1_558' title='bbox 2220 3223 2460 3295; x_wconf 87' lang='lat' dir='ltr'>indigne</span> <span class='ocrx_word' id='word_1_559' title='bbox 2506 3222 2849 3278; x_wconf 88' lang='lat' dir='ltr'>ferentibus.</span> <span class='ocrx_word' id='word_1_560' title='bbox 2900 3222 3079 3279; x_wconf 82' lang='lat' dir='ltr'>Multa</span> <span class='ocrx_word' id='word_1_561' title='bbox 3107 3228 3264 3280; x_wconf 90' lang='lat' dir='ltr'>certe</span> <span class='ocrx_word' id='word_1_562' title='bbox 3291 3223 3702 3295; x_wconf 86' lang='lat' dir='ltr'>complectitur</span> 
     </span>
    </p>
   </div>
   <div class='ocr_carea' id='block_1_76' title="bbox 2048 3311 3695 3386">
    <p class='ocr_par' dir='ltr' id='par_1_76' title="bbox 2048 3311 3695 3386">
     <span class='ocr_line' id='line_1_76' title="bbox 2048 3311 3695 3386; baseline -0.002 -16"><span class='ocrx_word' id='word_1_563' title='bbox 2048 3312 2396 3386; x_wconf 86' lang='lat' dir='ltr'>opusculum</span> <span class='ocrx_word' id='word_1_564' title='bbox 2419 3312 2793 3383; x_wconf 89' lang='lat' dir='ltr'>illud:cujus</span> <span class='ocrx_word' id='word_1_565' title='bbox 2824 3311 2944 3368; x_wconf 60' lang='lat' dir='ltr'>haec</span> <span class='ocrx_word' id='word_1_566' title='bbox 2977 3328 3113 3384; x_wconf 87' lang='lat' dir='ltr'>pars</span> <span class='ocrx_word' id='word_1_567' title='bbox 3143 3319 3234 3368; x_wconf 89' lang='lat' dir='ltr'>est</span> <span class='ocrx_word' id='word_1_568' title='bbox 3266 3330 3278 3367; x_wconf 89' lang='lat'><strong>:</strong></span> <span class='ocrx_word' id='word_1_569' title='bbox 3313 3336 3341 3363; x_wconf 83' lang='lat'><strong><em>«</em></strong></span> <span class='ocrx_word' id='word_1_570' title='bbox 3378 3313 3502 3371; x_wconf 89' lang='lat' dir='ltr'>Non</span> <span class='ocrx_word' id='word_1_571' title='bbox 3535 3313 3695 3369; x_wconf 87' lang='lat' dir='ltr'>enim</span> 
     </span>
    </p>
   </div>
   <div class='ocr_carea' id='block_1_77' title="bbox 2054 3400 3703 3475">
    <p class='ocr_par' dir='ltr' id='par_1_77' title="bbox 2054 3400 3703 3475">
     <span class='ocr_line' id='line_1_77' title="bbox 2054 3400 3703 3475; baseline 0.001 -18"><span class='ocrx_word' id='word_1_572' title='bbox 2054 3401 2135 3457; x_wconf 87' lang='lat' dir='ltr'>ait</span> <span class='ocrx_word' id='word_1_573' title='bbox 2165 3402 2368 3457; x_wconf 74' lang='lat' dir='ltr'>beatus</span> <span class='ocrx_word' id='word_1_574' title='bbox 2401 3400 2617 3457; x_wconf 87' lang='lat' dir='ltr'>Paulus</span> <span class='ocrx_word' id='word_1_575' title='bbox 2640 3417 2703 3457; x_wconf 91' lang='lat' dir='ltr'>se</span> <span class='ocrx_word' id='word_1_576' title='bbox 2722 3401 3020 3457; x_wconf 87' lang='lat' dir='ltr'>Christum</span> <span class='ocrx_word' id='word_1_577' title='bbox 3052 3401 3703 3475; x_wconf 72' lang='lat' dir='ltr'>praedicare,propriam</span> 
     </span>
    </p>
   </div>
   <div class='ocr_carea' id='block_1_78' title="bbox 2053 3489 3705 3562">
    <p class='ocr_par' dir='ltr' id='par_1_78' title="bbox 2053 3489 3705 3562">
     <span class='ocr_line' id='line_1_78' title="bbox 2053 3489 3705 3562; baseline 0.001 -17"><span class='ocrx_word' id='word_1_578' title='bbox 2053 3490 2355 3557; x_wconf 86' lang='lat' dir='ltr'>virtutem,</span> <span class='ocrx_word' id='word_1_579' title='bbox 2408 3494 2511 3546; x_wconf 92' lang='lat' dir='ltr'>aut</span> <span class='ocrx_word' id='word_1_580' title='bbox 2559 3489 2909 3562; x_wconf 87' lang='lat' dir='ltr'>sapientiam</span> <span class='ocrx_word' id='word_1_581' title='bbox 2958 3490 3108 3561; x_wconf 89' lang='lat' dir='ltr'>ejus,</span> <span class='ocrx_word' id='word_1_582' title='bbox 3158 3490 3380 3547; x_wconf 90' lang='lat' dir='ltr'>scilicet</span> <span class='ocrx_word' id='word_1_583' title='bbox 3427 3491 3549 3559; x_wconf 88' lang='lat' dir='ltr'>Dei,</span> <span class='ocrx_word' id='word_1_584' title='bbox 3601 3492 3705 3547; x_wconf 89' lang='lat' dir='ltr'>sed</span> 
     </span>
    </p>
   </div>
   <div class='ocr_carea' id='block_1_79' title="bbox 2058 3579 3710 3652">
    <p class='ocr_par' dir='ltr' id='par_1_79' title="bbox 2058 3579 3710 3652">
     <span class='ocr_line' id='line_1_79' title="bbox 2058 3579 3710 3652; baseline 0.002 -17"><span class='ocrx_word' id='word_1_585' title='bbox 2058 3579 2187 3635; x_wconf 88' lang='lat' dir='ltr'>sine</span> <span class='ocrx_word' id='word_1_586' title='bbox 2208 3579 2629 3651; x_wconf 83' lang='lat' dir='ltr'>additamenta,</span> <span class='ocrx_word' id='word_1_587' title='bbox 2650 3579 2743 3635; x_wconf 92' lang='lat' dir='ltr'>Dei</span> <span class='ocrx_word' id='word_1_588' title='bbox 2774 3579 3070 3646; x_wconf 88' lang='lat' dir='ltr'>virtutem,</span> <span class='ocrx_word' id='word_1_589' title='bbox 3094 3584 3150 3636; x_wconf 89' lang='lat' dir='ltr'>et</span> <span class='ocrx_word' id='word_1_590' title='bbox 3178 3580 3277 3636; x_wconf 90' lang='lat' dir='ltr'>Dei</span> <span class='ocrx_word' id='word_1_591' title='bbox 3311 3580 3659 3652; x_wconf 88' lang='lat' dir='ltr'>sapientiam</span> <span class='ocrx_word' id='word_1_592' title='bbox 3695 3598 3710 3639; x_wconf 86' lang='lat'><strong>:</strong></span> 
     </span>
    </p>
   </div>
   <div class='ocr_carea' id='block_1_80' title="bbox 2061 3666 3716 3742">
    <p class='ocr_par' dir='ltr' id='par_1_80' title="bbox 2061 3666 3716 3742">
     <span class='ocr_line' id='line_1_80' title="bbox 2061 3666 3716 3742; baseline 0 -18"><span class='ocrx_word' id='word_1_593' title='bbox 2061 3667 2280 3725; x_wconf 88' lang='lat' dir='ltr'>docens</span> <span class='ocrx_word' id='word_1_594' title='bbox 2327 3666 2505 3723; x_wconf 86' lang='lat' dir='ltr'>aliam</span> <span class='ocrx_word' id='word_1_595' title='bbox 2555 3668 2793 3739; x_wconf 88' lang='lat' dir='ltr'>quidem</span> <span class='ocrx_word' id='word_1_596' title='bbox 2844 3683 2974 3724; x_wconf 90' lang='lat' dir='ltr'>esse</span> <span class='ocrx_word' id='word_1_597' title='bbox 3024 3669 3322 3740; x_wconf 81' lang='lat' dir='ltr'>prapriam</span> <span class='ocrx_word' id='word_1_598' title='bbox 3373 3669 3563 3742; x_wconf 88' lang='lat' dir='ltr'>ipsius</span> <span class='ocrx_word' id='word_1_599' title='bbox 3614 3670 3716 3725; x_wconf 84' lang='lat' dir='ltr'>Dei</span> 
     </span>
    </p>
   </div>
   <div class='ocr_carea' id='block_1_81' title="bbox 2062 3757 3719 3831">
    <p class='ocr_par' dir='ltr' id='par_1_81' title="bbox 2062 3757 3719 3831">
     <span class='ocr_line' id='line_1_81' title="bbox 2062 3757 3719 3831; baseline 0.002 -21"><span class='ocrx_word' id='word_1_600' title='bbox 2062 3757 2360 3821; x_wconf 89' lang='lat' dir='ltr'>virtutem,</span> <span class='ocrx_word' id='word_1_601' title='bbox 2412 3757 2524 3829; x_wconf 89' lang='lat' dir='ltr'>ipsi</span> <span class='ocrx_word' id='word_1_602' title='bbox 2570 3758 2860 3827; x_wconf 86' lang='lat' dir='ltr'>innatam,</span> <span class='ocrx_word' id='word_1_603' title='bbox 2910 3774 3024 3812; x_wconf 90' lang='lat' dir='ltr'>non</span> <span class='ocrx_word' id='word_1_604' title='bbox 3074 3757 3289 3813; x_wconf 84' lang='lat' dir='ltr'>factam</span> <span class='ocrx_word' id='word_1_605' title='bbox 3338 3762 3394 3813; x_wconf 89' lang='lat' dir='ltr'>et</span> <span class='ocrx_word' id='word_1_606' title='bbox 3424 3774 3557 3813; x_wconf 88' lang='lat' dir='ltr'>cum</span> <span class='ocrx_word' id='word_1_607' title='bbox 3591 3759 3719 3831; x_wconf 90' lang='lat' dir='ltr'>ipso</span> 
     </span>
    </p>
   </div>
   <div class='ocr_carea' id='block_1_82' title="bbox 2068 3845 3724 3917">
    <p class='ocr_par' dir='ltr' id='par_1_82' title="bbox 2068 3845 3724 3917">
     <span class='ocr_line' id='line_1_82' title="bbox 2068 3845 3724 3917; baseline -0.001 -16"><span class='ocrx_word' id='word_1_608' title='bbox 2068 3846 2443 3902; x_wconf 82' lang='lat' dir='ltr'>exsistentem</span> <span class='ocrx_word' id='word_1_609' title='bbox 2475 3861 2604 3917; x_wconf 69' lang='lat' dir='ltr'>quis</span> <span class='ocrx_word' id='word_1_610' title='bbox 2633 3845 2884 3916; x_wconf 78' lang='lat' dir='ltr'>genitrix</span> <span class='ocrx_word' id='word_1_611' title='bbox 2913 3850 3024 3914; x_wconf 88' lang='lat' dir='ltr'>est,</span> <span class='ocrx_word' id='word_1_612' title='bbox 3046 3845 3261 3901; x_wconf 88' lang='lat' dir='ltr'>Christi</span> <span class='ocrx_word' id='word_1_613' title='bbox 3291 3845 3534 3910; x_wconf 88' lang='lat' dir='ltr'>scilicet,</span> <span class='ocrx_word' id='word_1_614' title='bbox 3559 3862 3724 3902; x_wconf 85' lang='lat' dir='ltr'>crea-</span> 
     </span>
    </p>
   </div>
   <div class='ocr_carea' id='block_1_83' title="bbox 2072 3934 3722 4006">
    <p class='ocr_par' dir='ltr' id='par_1_83' title="bbox 2072 3934 3722 4006">
     <span class='ocr_line' id='line_1_83' title="bbox 2072 3934 3722 4006; baseline -0.001 -16"><span class='ocrx_word' id='word_1_615' title='bbox 2072 3935 2183 3990; x_wconf 81' lang='lat' dir='ltr'>trix</span> <span class='ocrx_word' id='word_1_616' title='bbox 2202 3950 2335 3990; x_wconf 91' lang='lat' dir='ltr'>vero</span> <span class='ocrx_word' id='word_1_617' title='bbox 2374 3935 2555 3990; x_wconf 88' lang='lat' dir='ltr'>totius</span> <span class='ocrx_word' id='word_1_618' title='bbox 2601 3934 2802 3989; x_wconf 89' lang='lat' dir='ltr'>mundi</span> <span class='ocrx_word' id='word_1_619' title='bbox 2833 3952 2845 3990; x_wconf 91' lang='lat'><strong>:</strong></span> <span class='ocrx_word' id='word_1_620' title='bbox 2871 3935 2942 3990; x_wconf 92' lang='lat' dir='ltr'>de</span> <span class='ocrx_word' id='word_1_621' title='bbox 2973 3951 3091 4006; x_wconf 89' lang='lat' dir='ltr'>qua</span> <span class='ocrx_word' id='word_1_622' title='bbox 3122 3935 3180 3990; x_wconf 88' lang='lat' dir='ltr'>in</span> <span class='ocrx_word' id='word_1_623' title='bbox 3214 3934 3474 4006; x_wconf 84' lang='lat' dir='ltr'>Epistola</span> <span class='ocrx_word' id='word_1_624' title='bbox 3505 3935 3576 3990; x_wconf 89' lang='lat' dir='ltr'>ad</span> <span class='ocrx_word' id='word_1_625' title='bbox 3612 3935 3722 3990; x_wconf 82' lang='lat' dir='ltr'>Ro-</span> 
     </span>
    </p>
   </div>
   <div class='ocr_carea' id='block_1_84' title="bbox 2073 4021 3730 4094">
    <p class='ocr_par' dir='ltr' id='par_1_84' title="bbox 2073 4021 3730 4094">
     <span class='ocr_line' id='line_1_84' title="bbox 2073 4021 3730 4094; baseline -0.002 -14"><span class='ocrx_word' id='word_1_626' title='bbox 2073 4039 2280 4080; x_wconf 88' lang='lat' dir='ltr'>manos</span> <span class='ocrx_word' id='word_1_627' title='bbox 2317 4040 2332 4082; x_wconf 87' lang='lat'><strong>:</strong></span> <span class='ocrx_word' id='word_1_628' title='bbox 2362 4045 2388 4074; x_wconf 88' lang='grc'><em>‹‹</em></span> <span class='ocrx_word' id='word_1_629' title='bbox 2423 4021 2746 4079; x_wconf 76' lang='lat' dir='ltr'>Invisibilis</span> <span class='ocrx_word' id='word_1_630' title='bbox 2769 4022 2927 4078; x_wconf 87' lang='lat' dir='ltr'>enim</span> <span class='ocrx_word' id='word_1_631' title='bbox 2959 4022 3172 4094; x_wconf 89' lang='lat' dir='ltr'>ipsius,</span> <span class='ocrx_word' id='word_1_632' title='bbox 3221 4023 3442 4094; x_wconf 87' lang='lat' dir='ltr'>inquit,</span> <span class='ocrx_word' id='word_1_633' title='bbox 3496 4040 3530 4078; x_wconf 81' lang='grc' dir='ltr'>ο,</span> <span class='ocrx_word' id='word_1_634' title='bbox 3575 4039 3730 4078; x_wconf 86' lang='lat' dir='ltr'>crea-</span> 
     </span>
    </p>
   </div>
   <div class='ocr_carea' id='block_1_85' title="bbox 2082 4111 3732 4184">
    <p class='ocr_par' dir='ltr' id='par_1_85' title="bbox 2082 4111 3732 4184">
     <span class='ocr_line' id='line_1_85' title="bbox 2082 4111 3732 4184; baseline 0.002 -21"><span class='ocrx_word' id='word_1_635' title='bbox 2082 4131 2104 4163; x_wconf 75' lang='grc' dir='ltr'>ι</span> <span class='ocrx_word' id='word_1_636' title='bbox 2137 4118 2271 4169; x_wconf 89' lang='lat' dir='ltr'>tura</span> <span class='ocrx_word' id='word_1_637' title='bbox 2300 4112 2639 4184; x_wconf 91' lang='lat' dir='ltr'>mundi,per</span> <span class='ocrx_word' id='word_1_638' title='bbox 2666 4128 2733 4166; x_wconf 89' lang='lat' dir='ltr'>ea</span> <span class='ocrx_word' id='word_1_639' title='bbox 2762 4128 2890 4183; x_wconf 74' lang='lat' dir='ltr'>quas</span> <span class='ocrx_word' id='word_1_640' title='bbox 2918 4111 3072 4168; x_wconf 80' lang='lat' dir='ltr'>facta</span> <span class='ocrx_word' id='word_1_641' title='bbox 3102 4111 3565 4183; x_wconf 88' lang='lat' dir='ltr'>sunt,intellecta</span> <span class='ocrx_word' id='word_1_642' title='bbox 3594 4128 3732 4166; x_wconf 89' lang='lat' dir='ltr'>con-</span> 
     </span>
    </p>
   </div>
   <div class='ocr_carea' id='block_1_86' title="bbox 2078 4199 3728 4275">
    <p class='ocr_par' dir='ltr' id='par_1_86' title="bbox 2078 4199 3728 4275">
     <span class='ocr_line' id='line_1_86' title="bbox 2078 4199 3728 4275; baseline 0.001 -22"><span class='ocrx_word' id='word_1_643' title='bbox 2078 4225 2105 4254; x_wconf 85' lang='grc'><em>‹‹</em></span> <span class='ocrx_word' id='word_1_644' title='bbox 2139 4201 2875 4275; x_wconf 75' lang='lat' dir='ltr'>spiciunturzsempiterna</span> <span class='ocrx_word' id='word_1_645' title='bbox 2896 4216 3128 4274; x_wconf 84' lang='lat' dir='ltr'>quoque</span> <span class='ocrx_word' id='word_1_646' title='bbox 3148 4202 3277 4271; x_wconf 86' lang='lat' dir='ltr'>ejus</span> <span class='ocrx_word' id='word_1_647' title='bbox 3297 4201 3483 4257; x_wconf 89' lang='lat' dir='ltr'>virtus</span> <span class='ocrx_word' id='word_1_648' title='bbox 3504 4205 3562 4256; x_wconf 88' lang='lat' dir='ltr'>et</span> <span class='ocrx_word' id='word_1_649' title='bbox 3582 4199 3728 4255; x_wconf 79' lang='lat' dir='ltr'>divi-</span> 
     </span>
    </p>
   </div>
   <div class='ocr_carea' id='block_1_87' title="bbox 2079 4289 3727 4347">
    <p class='ocr_par' dir='ltr' id='par_1_87' title="bbox 2079 4289 3727 4347">
     <span class='ocr_line' id='line_1_87' title="bbox 2079 4289 3727 4347; baseline 0 -3"><span class='ocrx_word' id='word_1_650' title='bbox 2079 4317 2106 4344; x_wconf 87' lang='grc'>‹‹</span> <span class='ocrx_word' id='word_1_651' title='bbox 2141 4292 2297 4347; x_wconf 84' lang='lat' dir='ltr'>nitas</span> <span class='ocrx_word' id='word_1_652' title='bbox 2325 4292 2403 4346; x_wconf 82' lang='grc'>³.»</span> <span class='ocrx_word' id='word_1_653' title='bbox 2437 4291 2602 4346; x_wconf 87' lang='lat' dir='ltr'>Sicut</span> <span class='ocrx_word' id='word_1_654' title='bbox 2630 4289 2786 4345; x_wconf 90' lang='lat' dir='ltr'>enim</span> <span class='ocrx_word' id='word_1_655' title='bbox 2819 4294 3201 4345; x_wconf 87' lang='lat' dir='ltr'>memoratam</span> <span class='ocrx_word' id='word_1_656' title='bbox 3235 4289 3330 4345; x_wconf 91' lang='lat' dir='ltr'>hic</span> <span class='ocrx_word' id='word_1_657' title='bbox 3359 4289 3727 4346; x_wconf 83' lang='lat' dir='ltr'>divinitatem</span> 
     </span>
    </p>
   </div>
   <div class='ocr_carea' id='block_1_88' title="bbox 320 4356 1943 4451">
    <p class='ocr_par' dir='ltr' id='par_1_88' title="bbox 320 4356 1943 4436">
     <span class='ocr_line' id='line_1_88' title="bbox 320 4356 1943 4436; baseline -0.001 -20"><span class='ocrx_word' id='word_1_658' title='bbox 320 4360 493 4436; x_wconf 80' lang='grc' dir='ltr'>στολῇ</span> <span class='ocrx_word' id='word_1_659' title='bbox 538 4357 804 4415; x_wconf 80' lang='grc' dir='ltr'>διδάσκων</span> <span class='ocrx_word' id='word_1_660' title='bbox 858 4356 1028 4434; x_wconf 78' lang='grc' dir='ltr'>ἔλεγε·</span> <span class='ocrx_word' id='word_1_661' title='bbox 1063 4381 1092 4409; x_wconf 88' lang='grc'>‹‹</span> <span class='ocrx_word' id='word_1_662' title='bbox 1137 4358 1212 4413; x_wconf 77' lang='grc' dir='ltr'>Τὰ</span> <span class='ocrx_word' id='word_1_663' title='bbox 1256 4358 1355 4435; x_wconf 70' lang='grc' dir='ltr'>γὰρ</span> <span class='ocrx_word' id='word_1_664' title='bbox 1410 4358 1613 4435; x_wconf 80' lang='grc' dir='ltr'>ἀόρατα</span> <span class='ocrx_word' id='word_1_665' title='bbox 1658 4358 1822 4415; x_wconf 70' lang='grc' dir='ltr'>αὑτοῦ</span> <span class='ocrx_word' id='word_1_666' title='bbox 1862 4359 1943 4416; x_wconf 71' lang='grc' dir='ltr'>ἀπ</span> 
     </span>
    </p>
   </div>
   <div class='ocr_carea' id='block_1_89' title="bbox 2055 4356 3732 4451">
    <p class='ocr_par' dir='ltr' id='par_1_89' title="bbox 2081 4377 3732 4451">
     <span class='ocr_line' id='line_1_89' title="bbox 2081 4377 3732 4451; baseline -0.002 -14"><span class='ocrx_word' id='word_1_667' title='bbox 2081 4398 2253 4437; x_wconf 89' lang='lat' dir='ltr'>nemo</span> <span class='ocrx_word' id='word_1_668' title='bbox 2284 4379 2496 4435; x_wconf 79' lang='lat' dir='ltr'>dixerit</span> <span class='ocrx_word' id='word_1_669' title='bbox 2523 4377 2819 4434; x_wconf 89' lang='lat' dir='ltr'>Christum</span> <span class='ocrx_word' id='word_1_670' title='bbox 2850 4394 3000 4446; x_wconf 78' lang='lat' dir='ltr'>esse,</span> <span class='ocrx_word' id='word_1_671' title='bbox 3052 4378 3153 4434; x_wconf 89' lang='lat' dir='ltr'>sed</span> <span class='ocrx_word' id='word_1_672' title='bbox 3201 4378 3398 4451; x_wconf 89' lang='lat' dir='ltr'>ipsum</span> <span class='ocrx_word' id='word_1_673' title='bbox 3445 4395 3577 4436; x_wconf 89' lang='lat' dir='ltr'>esse</span> <span class='ocrx_word' id='word_1_674' title='bbox 3624 4383 3732 4434; x_wconf 91' lang='lat' dir='ltr'>Pa-</span> 
     </span>
    </p>
   </div>
   <div class='ocr_carea' id='block_1_90' title="bbox 324 4446 1943 4540">
    <p class='ocr_par' dir='ltr' id='par_1_90' title="bbox 324 4446 1943 4527">
     <span class='ocr_line' id='line_1_90' title="bbox 324 4446 1943 4527; baseline 0 -22"><span class='ocrx_word' id='word_1_675' title='bbox 324 4476 352 4504; x_wconf 84' lang='lat'><strong>«</strong></span> <span class='ocrx_word' id='word_1_676' title='bbox 382 4449 607 4511; x_wconf 85' lang='grc' dir='ltr'>κτίσεως</span> <span class='ocrx_word' id='word_1_677' title='bbox 636 4447 847 4522; x_wconf 87' lang='grc' dir='ltr'>κόσμου</span> <span class='ocrx_word' id='word_1_678' title='bbox 888 4452 1007 4508; x_wconf 88' lang='grc' dir='ltr'>τοῖς</span> <span class='ocrx_word' id='word_1_679' title='bbox 1045 4449 1312 4521; x_wconf 82' lang='grc' dir='ltr'>ποιήμαςι</span> <span class='ocrx_word' id='word_1_680' title='bbox 1342 4446 1612 4522; x_wconf 87' lang='grc' dir='ltr'>νοούμενα</span> <span class='ocrx_word' id='word_1_681' title='bbox 1652 4455 1943 4527; x_wconf 72' lang='grc' dir='ltr'>καθορᾶται</span> 
     </span>
    </p>
   </div>
   <div class='ocr_carea' id='block_1_91' title="bbox 2055 4446 3734 4540">
    <p class='ocr_par' dir='ltr' id='par_1_91' title="bbox 2083 4467 3734 4540">
     <span class='ocr_line' id='line_1_91' title="bbox 2083 4467 3734 4540; baseline -0.002 -14"><span class='ocrx_word' id='word_1_682' title='bbox 2083 4476 2266 4537; x_wconf 91' lang='lat' dir='ltr'>trem;</span> <span class='ocrx_word' id='word_1_683' title='bbox 2299 4469 2384 4524; x_wconf 92' lang='lat' dir='ltr'>sic</span> <span class='ocrx_word' id='word_1_684' title='bbox 2414 4472 2576 4539; x_wconf 91' lang='lat' dir='ltr'>puto,</span> <span class='ocrx_word' id='word_1_685' title='bbox 2617 4467 3039 4539; x_wconf 88' lang='lat' dir='ltr'>sempiternam</span> <span class='ocrx_word' id='word_1_686' title='bbox 3089 4469 3218 4540; x_wconf 86' lang='lat' dir='ltr'>ejus</span> <span class='ocrx_word' id='word_1_687' title='bbox 3264 4468 3561 4536; x_wconf 90' lang='lat' dir='ltr'>virtutem,</span> <span class='ocrx_word' id='word_1_688' title='bbox 3617 4485 3734 4524; x_wconf 89' lang='lat' dir='ltr'>non</span> 
     </span>
    </p>
   </div>
   <div class='ocr_carea' id='block_1_92' title="bbox 328 4541 1943 4630">
    <p class='ocr_par' dir='ltr' id='par_1_92' title="bbox 328 4541 1940 4623">
     <span class='ocr_line' id='line_1_92' title="bbox 328 4541 1940 4623; baseline 0.001 -23"><span class='ocrx_word' id='word_1_689' title='bbox 328 4573 355 4600; x_wconf 88' lang='grc'><em>‹‹</em></span> <span class='ocrx_word' id='word_1_690' title='bbox 388 4546 425 4617; x_wconf 79' lang='grc' dir='ltr'>ἥ</span> <span class='ocrx_word' id='word_1_691' title='bbox 454 4567 513 4602; x_wconf 86' lang='grc' dir='ltr'>τε</span> <span class='ocrx_word' id='word_1_692' title='bbox 537 4542 713 4607; x_wconf 77' lang='grc' dir='ltr'>ἀίδιος</span> <span class='ocrx_word' id='word_1_693' title='bbox 744 4543 907 4600; x_wconf 78' lang='grc' dir='ltr'>αὐτοῦ</span> <span class='ocrx_word' id='word_1_694' title='bbox 939 4541 1169 4618; x_wconf 85' lang='grc' dir='ltr'>δύναμις</span> <span class='ocrx_word' id='word_1_695' title='bbox 1198 4544 1288 4599; x_wconf 82' lang='grc' dir='ltr'>καὶ</span> <span class='ocrx_word' id='word_1_696' title='bbox 1321 4546 1555 4615; x_wconf 75' lang='grc' dir='ltr'>θειότης.</span> <span class='ocrx_word' id='word_1_697' title='bbox 1585 4570 1611 4597; x_wconf 75' lang='lat' dir='ltr'>n</span> <span class='ocrx_word' id='word_1_698' title='bbox 1635 4548 1837 4621; x_wconf 77' lang='grc' dir='ltr'>’Ὠσπερ</span> <span class='ocrx_word' id='word_1_699' title='bbox 1869 4547 1940 4623; x_wconf 72' lang='grc' dir='ltr'>γά</span> 
     </span>
    </p>
   </div>
   <div class='ocr_carea' id='block_1_93' title="bbox 2055 4541 3736 4630">
    <p class='ocr_par' dir='ltr' id='par_1_93' title="bbox 2085 4555 3736 4630">
     <span class='ocr_line' id='line_1_93' title="bbox 2085 4555 3736 4630; baseline -0.001 -16"><span class='ocrx_word' id='word_1_700' title='bbox 2085 4558 2453 4630; x_wconf 89' lang='lat' dir='ltr'>unigenitum</span> <span class='ocrx_word' id='word_1_701' title='bbox 2479 4555 2686 4621; x_wconf 88' lang='lat' dir='ltr'>Deum,</span> <span class='ocrx_word' id='word_1_702' title='bbox 2703 4556 2805 4611; x_wconf 89' lang='lat' dir='ltr'>sed</span> <span class='ocrx_word' id='word_1_703' title='bbox 2830 4572 2959 4611; x_wconf 90' lang='lat' dir='ltr'>eum</span> <span class='ocrx_word' id='word_1_704' title='bbox 2986 4556 3086 4628; x_wconf 91' lang='lat' dir='ltr'>qui</span> <span class='ocrx_word' id='word_1_705' title='bbox 3109 4556 3313 4629; x_wconf 89' lang='lat' dir='ltr'>genuit</span> <span class='ocrx_word' id='word_1_706' title='bbox 3332 4557 3557 4614; x_wconf 89' lang='lat' dir='ltr'>Patrem</span> <span class='ocrx_word' id='word_1_707' title='bbox 3590 4573 3736 4613; x_wconf 82' lang='lat' dir='ltr'>esse.</span> 
     </span>
    </p>
   </div>
   <div class='ocr_carea' id='block_1_94' title="bbox 325 4632 1943 4724">
    <p class='ocr_par' dir='ltr' id='par_1_94' title="bbox 325 4632 1943 4715">
     <span class='ocr_line' id='line_1_94' title="bbox 325 4632 1943 4715; baseline -0.001 -23"><span class='ocrx_word' id='word_1_708' title='bbox 325 4637 426 4706; x_wconf 80' lang='grc' dir='ltr'>τὴν</span> <span class='ocrx_word' id='word_1_709' title='bbox 480 4635 777 4713; x_wconf 73' lang='grc' dir='ltr'>εἰρημένην</span> <span class='ocrx_word' id='word_1_710' title='bbox 833 4632 1082 4698; x_wconf 77' lang='grc' dir='ltr'>ἐνταυθοῖ</span> <span class='ocrx_word' id='word_1_711' title='bbox 1133 4634 1365 4705; x_wconf 83' lang='grc' dir='ltr'>θεότητα</span> <span class='ocrx_word' id='word_1_712' title='bbox 1436 4633 1537 4689; x_wconf 75' lang='grc' dir='ltr'>οὐκ</span> <span class='ocrx_word' id='word_1_713' title='bbox 1587 4634 1645 4689; x_wconf 81' lang='grc' dir='ltr'>ἄν</span> <span class='ocrx_word' id='word_1_714' title='bbox 1699 4657 1781 4699; x_wconf 90' lang='grc' dir='ltr'>τις</span> <span class='ocrx_word' id='word_1_715' title='bbox 1839 4635 1943 4715; x_wconf 87' lang='grc' dir='ltr'>φαί·</span> 
     </span>
    </p>
   </div>
   <div class='ocr_carea' id='block_1_95' title="bbox 2055 4632 3743 4724">
    <p class='ocr_par' dir='ltr' id='par_1_95' title="bbox 2055 4644 3743 4717">
     <span class='ocr_line' id='line_1_95' title="bbox 2055 4644 3743 4717; baseline -0.001 -15"><span class='ocrx_word' id='word_1_716' title='bbox 2055 4687 2056 4702; x_wconf 53' lang='grc' dir='ltr'><strong>η</strong></span> <span class='ocrx_word' id='word_1_717' title='bbox 2088 4647 2279 4702; x_wconf 82' lang='lat' dir='ltr'>Aliam</span> <span class='ocrx_word' id='word_1_718' title='bbox 2325 4661 2458 4701; x_wconf 92' lang='lat' dir='ltr'>vero</span> <span class='ocrx_word' id='word_1_719' title='bbox 2492 4645 2589 4700; x_wconf 88' lang='lat' dir='ltr'>Dei</span> <span class='ocrx_word' id='word_1_720' title='bbox 2620 4644 2896 4700; x_wconf 87' lang='lat' dir='ltr'>virtutem</span> <span class='ocrx_word' id='word_1_721' title='bbox 2930 4648 2986 4700; x_wconf 91' lang='lat' dir='ltr'>et</span> <span class='ocrx_word' id='word_1_722' title='bbox 3015 4646 3360 4717; x_wconf 84' lang='lat' dir='ltr'>sapientiam</span> <span class='ocrx_word' id='word_1_723' title='bbox 3393 4646 3580 4713; x_wconf 88' lang='lat' dir='ltr'>docet,</span> <span class='ocrx_word' id='word_1_724' title='bbox 3614 4663 3743 4717; x_wconf 72' lang='lat' dir='ltr'>quas</span> 
     </span>
    </p>
   </div>
   <div class='ocr_carea' id='block_1_96' title="bbox 329 4729 1943 4810">
    <p class='ocr_par' dir='ltr' id='par_1_96' title="bbox 329 4729 1943 4810">
     <span class='ocr_line' id='line_1_96' title="bbox 329 4729 1943 4810; baseline 0.002 -24"><span class='ocrx_word' id='word_1_725' title='bbox 329 4733 559 4810; x_wconf 85' lang='grc' dir='ltr'>Χριστὸν</span> <span class='ocrx_word' id='word_1_726' title='bbox 611 4732 763 4796; x_wconf 75' lang='grc' dir='ltr'>εἶναι,</span> <span class='ocrx_word' id='word_1_727' title='bbox 798 4729 924 4786; x_wconf 83' lang='grc' dir='ltr'>ἀλλ’</span> <span class='ocrx_word' id='word_1_728' title='bbox 954 4729 1112 4785; x_wconf 80' lang='grc' dir='ltr'>αὐτὸν</span> <span class='ocrx_word' id='word_1_729' title='bbox 1165 4729 1428 4807; x_wconf 78' lang='grc' dir='ltr'>ὑπάρχειν</span> <span class='ocrx_word' id='word_1_730' title='bbox 1477 4732 1567 4787; x_wconf 84' lang='grc' dir='ltr'>τὸν</span> <span class='ocrx_word' id='word_1_731' title='bbox 1619 4734 1849 4806; x_wconf 74' lang='grc' dir='ltr'>Πατέρα·</span> <span class='ocrx_word' id='word_1_732' title='bbox 1884 4732 1943 4789; x_wconf 74' lang='grc' dir='ltr'>οῦ</span> 
     </span>
    </p>
   </div>
   <div class='ocr_carea' id='block_1_97' title="bbox 2055 4729 3746 4810">
    <p class='ocr_par' dir='ltr' id='par_1_97' title="bbox 2089 4733 3746 4807">
     <span class='ocr_line' id='line_1_97' title="bbox 2089 4733 3746 4807; baseline -0.002 -15"><span class='ocrx_word' id='word_1_733' title='bbox 2089 4736 2312 4792; x_wconf 85' lang='lat' dir='ltr'>scilicet</span> <span class='ocrx_word' id='word_1_734' title='bbox 2342 4751 2445 4806; x_wconf 89' lang='lat' dir='ltr'>per</span> <span class='ocrx_word' id='word_1_735' title='bbox 2476 4733 2772 4790; x_wconf 89' lang='lat' dir='ltr'>Christum</span> <span class='ocrx_word' id='word_1_736' title='bbox 2805 4733 3131 4806; x_wconf 82' lang='lat' dir='ltr'>exhibetur,</span> <span class='ocrx_word' id='word_1_737' title='bbox 3165 4740 3223 4791; x_wconf 88' lang='lat' dir='ltr'>et</span> <span class='ocrx_word' id='word_1_738' title='bbox 3253 4750 3358 4807; x_wconf 85' lang='lat' dir='ltr'>per</span> <span class='ocrx_word' id='word_1_739' title='bbox 3400 4734 3530 4806; x_wconf 87' lang='lat' dir='ltr'>ipsa</span> <span class='ocrx_word' id='word_1_740' title='bbox 3567 4734 3746 4789; x_wconf 79' lang='lat' dir='ltr'>mini-</span> 
     </span>
    </p>
   </div>
   <div class='ocr_carea' id='block_1_98' title="bbox 331 4817 1943 4898">
    <p class='ocr_par' dir='ltr' id='par_1_98' title="bbox 331 4817 1943 4898">
     <span class='ocr_line' id='line_1_98' title="bbox 331 4817 1943 4898; baseline -0.001 -19"><span class='ocrx_word' id='word_1_741' title='bbox 331 4819 764 4895; x_wconf 76' lang='grc' dir='ltr'>τως,οἶμαι,καὶ</span> <span class='ocrx_word' id='word_1_742' title='bbox 795 4817 1149 4892; x_wconf 78' lang='grc' dir='ltr'>ἠ(43)ἆ“ίδιος</span> <span class='ocrx_word' id='word_1_743' title='bbox 1180 4819 1345 4875; x_wconf 79' lang='grc' dir='ltr'>αὐτοῦ</span> <span class='ocrx_word' id='word_1_744' title='bbox 1376 4818 1604 4893; x_wconf 82' lang='grc' dir='ltr'>δύναμις</span> <span class='ocrx_word' id='word_1_745' title='bbox 1635 4822 1742 4898; x_wconf 83' lang='grc' dir='ltr'>οὐχ</span> <span class='ocrx_word' id='word_1_746' title='bbox 1763 4825 1791 4878; x_wconf 88' lang='grc' dir='ltr'>ὁ</span> <span class='ocrx_word' id='word_1_747' title='bbox 1825 4846 1943 4896; x_wconf 69' lang='grc' dir='ltr'>μον(</span> 
     </span>
    </p>
   </div>
   <div class='ocr_carea' id='block_1_99' title="bbox 2055 4817 3746 4898">
    <p class='ocr_par' dir='ltr' id='par_1_99' title="bbox 2094 4822 3746 4895">
     <span class='ocr_line' id='line_1_99' title="bbox 2094 4822 3746 4895; baseline -0.002 -13"><span class='ocrx_word' id='word_1_748' title='bbox 2094 4824 2259 4882; x_wconf 89' lang='lat' dir='ltr'>sterii</span> <span class='ocrx_word' id='word_1_749' title='bbox 2290 4825 2419 4895; x_wconf 83' lang='lat' dir='ltr'>ejus</span> <span class='ocrx_word' id='word_1_750' title='bbox 2448 4839 2627 4895; x_wconf 88' lang='lat' dir='ltr'>opera</span> <span class='ocrx_word' id='word_1_751' title='bbox 2655 4824 3049 4894; x_wconf 88' lang='lat' dir='ltr'>cognoscitur.</span> <span class='ocrx_word' id='word_1_752' title='bbox 3089 4847 3109 4872; x_wconf 75' lang='grc' dir='ltr'>ι</span> <span class='ocrx_word' id='word_1_753' title='bbox 3150 4824 3214 4878; x_wconf 85' lang='lat' dir='ltr'>Et</span> <span class='ocrx_word' id='word_1_754' title='bbox 3244 4839 3481 4878; x_wconf 88' lang='lat' dir='ltr'>rursum</span> <span class='ocrx_word' id='word_1_755' title='bbox 3516 4839 3528 4877; x_wconf 94' lang='lat'><strong>:</strong></span> <span class='ocrx_word' id='word_1_756' title='bbox 3564 4845 3591 4873; x_wconf 85' lang='lat'><strong><em>«</em></strong></span> <span class='ocrx_word' id='word_1_757' title='bbox 3625 4822 3746 4878; x_wconf 88' lang='lat' dir='ltr'>Etsi</span> 
     </span>
    </p>
   </div>
   <div class='ocr_carea' id='block_1_100' title="bbox 335 4907 1943 4988">
    <p class='ocr_par' dir='ltr' id='par_1_100' title="bbox 335 4907 1943 4988">
     <span class='ocr_line' id='line_1_100' title="bbox 335 4907 1943 4988; baseline -0.002 -21"><span class='ocrx_word' id='word_1_758' title='bbox 335 4914 495 4988; x_wconf 79' lang='grc' dir='ltr'>γενὴς</span> <span class='ocrx_word' id='word_1_759' title='bbox 528 4911 678 4978; x_wconf 88' lang='grc' dir='ltr'>Θεὸς,</span> <span class='ocrx_word' id='word_1_760' title='bbox 710 4907 836 4965; x_wconf 84' lang='grc' dir='ltr'>ἀλλ’</span> <span class='ocrx_word' id='word_1_761' title='bbox 868 4909 896 4963; x_wconf 91' lang='grc' dir='ltr'>ὁ</span> <span class='ocrx_word' id='word_1_762' title='bbox 926 4910 1188 4984; x_wconf 82' lang='grc' dir='ltr'>γεννήσας</span> <span class='ocrx_word' id='word_1_763' title='bbox 1233 4908 1465 4985; x_wconf 80' lang='grc' dir='ltr'>ὑπάρχει</span> <span class='ocrx_word' id='word_1_764' title='bbox 1516 4912 1727 4986; x_wconf 86' lang='grc' dir='ltr'>Πατήρ.</span> <span class='ocrx_word' id='word_1_765' title='bbox 1766 4911 1943 4985; x_wconf 72' lang='grc' dir='ltr'>’Ἄλλη</span> 
     </span>
    </p>
   </div>
   <div class='ocr_carea' id='block_1_101' title="bbox 2055 4907 3751 4988">
    <p class='ocr_par' dir='ltr' id='par_1_101' title="bbox 2095 4910 3751 4985">
     <span class='ocr_line' id='line_1_101' title="bbox 2095 4910 3751 4985; baseline -0.002 -15"><span class='ocrx_word' id='word_1_766' title='bbox 2095 4913 2459 4985; x_wconf 89' lang='lat' dir='ltr'>sempiterna</span> <span class='ocrx_word' id='word_1_767' title='bbox 2477 4912 2608 4983; x_wconf 84' lang='lat' dir='ltr'>ejus</span> <span class='ocrx_word' id='word_1_768' title='bbox 2627 4910 2811 4967; x_wconf 90' lang='lat' dir='ltr'>virtus</span> <span class='ocrx_word' id='word_1_769' title='bbox 2833 4916 2891 4967; x_wconf 90' lang='lat' dir='ltr'>et</span> <span class='ocrx_word' id='word_1_770' title='bbox 2914 4912 3403 4984; x_wconf 83' lang='lat' dir='ltr'>sapientia,quam</span> <span class='ocrx_word' id='word_1_771' title='bbox 3426 4912 3554 4967; x_wconf 90' lang='lat' dir='ltr'>sine</span> <span class='ocrx_word' id='word_1_772' title='bbox 3582 4912 3751 4984; x_wconf 86' lang='lat' dir='ltr'>prin-</span> 
     </span>
    </p>
   </div>
   <div class='ocr_carea' id='block_1_102' title="bbox 340 4993 1943 5077">
    <p class='ocr_par' dir='ltr' id='par_1_102' title="bbox 340 4993 1943 5073">
     <span class='ocr_line' id='line_1_102' title="bbox 340 4993 1943 5073; baseline 0.001 -17"><span class='ocrx_word' id='word_1_773' title='bbox 340 4998 399 5056; x_wconf 65' lang='grc' dir='ltr'>δὲ</span> <span class='ocrx_word' id='word_1_774' title='bbox 453 4997 680 5073; x_wconf 87' lang='grc' dir='ltr'>δύναμιν</span> <span class='ocrx_word' id='word_1_775' title='bbox 731 4997 820 5054; x_wconf 84' lang='grc' dir='ltr'>καὶ</span> <span class='ocrx_word' id='word_1_776' title='bbox 870 4997 1057 5073; x_wconf 84' lang='grc' dir='ltr'>σοφίαν</span> <span class='ocrx_word' id='word_1_777' title='bbox 1105 4993 1344 5052; x_wconf 76' lang='grc' dir='ltr'>διδάσκει</span> <span class='ocrx_word' id='word_1_778' title='bbox 1393 5003 1548 5070; x_wconf 87' lang='grc' dir='ltr'>Θεοῦ,</span> <span class='ocrx_word' id='word_1_779' title='bbox 1592 5001 1692 5069; x_wconf 83' lang='grc' dir='ltr'>τήν</span> <span class='ocrx_word' id='word_1_780' title='bbox 1751 4997 1842 5057; x_wconf 74' lang='grc' dir='ltr'>διὰ</span> <span class='ocrx_word' id='word_1_781' title='bbox 1888 5023 1943 5058; x_wconf 83' lang='grc' dir='ltr'>το</span> 
     </span>
    </p>
   </div>
   <div class='ocr_carea' id='block_1_103' title="bbox 2055 4993 3750 5077">
    <p class='ocr_par' dir='ltr' id='par_1_103' title="bbox 2096 4998 3750 5077">
     <span class='ocr_line' id='line_1_103' title="bbox 2096 4998 3750 5077; baseline -0.003 -17"><span class='ocrx_word' id='word_1_782' title='bbox 2096 5003 2248 5077; x_wconf 88' lang='lat' dir='ltr'>cipio</span> <span class='ocrx_word' id='word_1_783' title='bbox 2279 5006 2335 5058; x_wconf 88' lang='lat' dir='ltr'>et</span> <span class='ocrx_word' id='word_1_784' title='bbox 2364 4999 2737 5075; x_wconf 85' lang='lat' dir='ltr'>generatione</span> <span class='ocrx_word' id='word_1_785' title='bbox 2784 5016 2934 5065; x_wconf 90' lang='lat' dir='ltr'>esse,</span> <span class='ocrx_word' id='word_1_786' title='bbox 2982 4999 3244 5056; x_wconf 84' lang='lat' dir='ltr'>veritatis</span> <span class='ocrx_word' id='word_1_787' title='bbox 3297 4998 3605 5055; x_wconf 89' lang='lat' dir='ltr'>ratiocinia</span> <span class='ocrx_word' id='word_1_788' title='bbox 3652 5000 3750 5055; x_wconf 86' lang='lat' dir='ltr'>de-</span> 
     </span>
    </p>
   </div>
   <div class='ocr_carea' id='block_1_104' title="bbox 411 5124 827 5191">
    <p class='ocr_par' dir='ltr' id='par_1_104' title="bbox 411 5124 827 5191">
     <span class='ocr_line' id='line_1_104' title="bbox 411 5124 827 5191; baseline -0.012 -8"><span class='ocrx_word' id='word_1_789' title='bbox 411 5128 434 5162; x_wconf 79' lang='grc'><strong>³</strong></span> <span class='ocrx_word' id='word_1_790' title='bbox 465 5126 633 5182; x_wconf 80' lang='lat' dir='ltr'>Rom.</span> <span class='ocrx_word' id='word_1_791' title='bbox 664 5142 704 5191; x_wconf 81' lang='grc' dir='ltr'>ι,</span> <span class='ocrx_word' id='word_1_792' title='bbox 735 5124 827 5178; x_wconf 87' lang='grc'>20.</span> 
     </span>
    </p>
   </div>
   <div class='ocr_carea' id='block_1_105' title="bbox 412 5243 1943 5325">
    <p class='ocr_par' dir='ltr' id='par_1_105' title="bbox 412 5243 1639 5325">
     <span class='ocr_line' id='line_1_105' title="bbox 412 5243 1639 5325; baseline 0 -20"><span class='ocrx_word' id='word_1_793' title='bbox 412 5250 526 5325; x_wconf 67' lang='lat'>(38)</span> <span class='ocrx_word' id='word_1_794' title='bbox 554 5248 770 5325; x_wconf 57' lang='lat' dir='ltr'>[legitis</span> <span class='ocrx_word' id='word_1_795' title='bbox 803 5250 857 5325; x_wconf 82' lang='lat' dir='ltr'>e_t</span> <span class='ocrx_word' id='word_1_796' title='bbox 887 5245 1091 5325; x_wconf 83' lang='lat' dir='ltr'>B_ssil.,</span> <span class='ocrx_word' id='word_1_797' title='bbox 1122 5247 1209 5325; x_wconf 75' lang='grc' dir='ltr'>καὶ</span> <span class='ocrx_word' id='word_1_798' title='bbox 1243 5243 1508 5325; x_wconf 38' lang='grc' dir='ltr'>δι’-ἅλλα.</span> <span class='ocrx_word' id='word_1_799' title='bbox 1628 5320 1639 5325; x_wconf 27' lang='grc' dir='ltr'><strong>Δ</strong></span> 
     </span>
    </p>
   </div>
   <div class='ocr_carea' id='block_1_106' title="bbox 2055 5243 3757 5325">
    <p class='ocr_par' dir='ltr' id='par_1_106' title="bbox 2183 5248 3757 5325">
     <span class='ocr_line' id='line_1_106' title="bbox 2183 5248 3757 5325; baseline -0.004 -17"><span class='ocrx_word' id='word_1_800' title='bbox 2183 5252 2292 5325; x_wconf 80' lang='grc'>(41)</span> <span class='ocrx_word' id='word_1_801' title='bbox 2323 5252 2387 5308; x_wconf 92' lang='lat' dir='ltr'>In</span> <span class='ocrx_word' id='word_1_802' title='bbox 2415 5250 2589 5325; x_wconf 66' lang='lat' dir='ltr'>Regio</span> <span class='ocrx_word' id='word_1_803' title='bbox 2628 5248 2739 5325; x_wconf 62' lang='lat' dir='ltr'>nat</span> <span class='ocrx_word' id='word_1_804' title='bbox 2765 5248 3023 5325; x_wconf 79' lang='lat' dir='ltr'>deletum</span> <span class='ocrx_word' id='word_1_805' title='bbox 3074 5251 3180 5303; x_wconf 86' lang='lat' dir='ltr'>est.</span> <span class='ocrx_word' id='word_1_806' title='bbox 3212 5250 3321 5325; x_wconf 81' lang='lat' dir='ltr'>Sed</span> <span class='ocrx_word' id='word_1_807' title='bbox 3364 5249 3454 5304; x_wconf 88' lang='grc' dir='ltr'>καί</span> <span class='ocrx_word' id='word_1_808' title='bbox 3502 5264 3757 5325; x_wconf 81' lang='lat' dir='ltr'>sequens</span> 
     </span>
    </p>
   </div>
   <div class='ocr_carea' id='block_1_107' title="bbox 411 5309 3760 5396">
    <p class='ocr_par' dir='ltr' id='par_1_107' title="bbox 411 5309 3760 5396">
     <span class='ocr_line' id='line_1_107' title="bbox 411 5309 3760 5396; baseline -0.001 -19"><span class='ocrx_word' id='word_1_809' title='bbox 559 5323 620 5378; x_wconf 94' lang='lat' dir='ltr'>In</span> <span class='ocrx_word' id='word_1_810' title='bbox 636 5309 801 5396; x_wconf 25' lang='lat' dir='ltr'>‘éd‘it,</span> <span class='ocrx_word' id='word_1_811' title='bbox 817 5321 999 5396; x_wconf 73' lang='lat' dir='ltr'>Paris.</span> <span class='ocrx_word' id='word_1_812' title='bbox 1026 5309 1499 5396; x_wconf 49' lang='lat' dir='ltr'>m&#39;ajustitteris</span> <span class='ocrx_word' id='word_1_813' title='bbox 1529 5320 1812 5393; x_wconf 89' lang='lat' dir='ltr'>scriptum</span> <span class='ocrx_word' id='word_1_814' title='bbox 1838 5326 2000 5378; x_wconf 85' lang='lat' dir='ltr'>erat:</span> <span class='ocrx_word' id='word_1_815' title='bbox 2114 5309 2311 5396; x_wconf 50' lang='lat' dir='ltr'>po‘liu&#39;s</span> <span class='ocrx_word' id='word_1_816' title='bbox 2341 5309 2660 5396; x_wconf 78' lang='lat' dir='ltr'>delendum</span> <span class='ocrx_word' id='word_1_817' title='bbox 2691 5321 2938 5396; x_wconf 78' lang='lat' dir='ltr'>videtur.</span> <span class='ocrx_word' id='word_1_818' title='bbox 2966 5325 3044 5396; x_wconf 79' lang='lat' dir='ltr'>De</span> <span class='ocrx_word' id='word_1_819' title='bbox 3065 5321 3293 5396; x_wconf 78' lang='lat' dir='ltr'>Asterio</span> <span class='ocrx_word' id='word_1_820' title='bbox 3320 5326 3514 5396; x_wconf 82' lang='lat' dir='ltr'>autem</span> <span class='ocrx_word' id='word_1_821' title='bbox 3543 5309 3604 5396; x_wconf 75' lang='lat' dir='ltr'>et</span> <span class='ocrx_word' id='word_1_822' title='bbox 3630 5321 3760 5396; x_wconf 82' lang='lat' dir='ltr'>ejus</span> 
     </span>
    </p>
   </div>
   <div class='ocr_carea' id='block_1_108' title="bbox 236 5386 1943 5466">
    <p class='ocr_par' dir='ltr' id='par_1_108' title="bbox 236 5386 1943 5466">
     <span class='ocr_line' id='line_1_108' title="bbox 236 5386 1943 5466; baseline 0.013 -40"><span class='ocrx_word' id='word_1_823' title='bbox 236 5438 249 5449; x_wconf 24' lang='grc' dir='ltr'><strong>κ</strong></span> <span class='ocrx_word' id='word_1_824' title='bbox 339 5386 525 5466; x_wconf 64' lang='grc' dir='ltr'>ταζδτοί</span> <span class='ocrx_word' id='word_1_825' title='bbox 563 5398 664 5466; x_wconf 70' lang='grc' dir='ltr'>τῆς</span> <span class='ocrx_word' id='word_1_826' title='bbox 716 5386 1135 5466; x_wconf 73' lang='grc' dir='ltr'>Ἀλεξανδρείας</span> <span class='ocrx_word' id='word_1_827' title='bbox 1175 5391 1557 5466; x_wconf 81' lang='grc' dir='ltr'>πρεσούτεροι,</span> <span class='ocrx_word' id='word_1_828' title='bbox 1609 5386 1736 5465; x_wconf 62' lang='lat' dir='ltr'>qua</span> <span class='ocrx_word' id='word_1_829' title='bbox 1786 5396 1943 5450; x_wconf 86' lang='lat' dir='ltr'>desu:</span> 
     </span>
    </p>
   </div>
   <div class='ocr_carea' id='block_1_109' title="bbox 2055 5386 3761 5466">
    <p class='ocr_par' dir='ltr' id='par_1_109' title="bbox 2118 5386 3761 5466">
     <span class='ocr_line' id='line_1_109' title="bbox 2118 5386 3761 5466; baseline -0.004 -14"><span class='ocrx_word' id='word_1_830' title='bbox 2118 5386 2352 5466; x_wconf 71' lang='lat' dir='ltr'>scriptis</span> <span class='ocrx_word' id='word_1_831' title='bbox 2384 5394 2513 5449; x_wconf 88' lang='lat' dir='ltr'>vide</span> <span class='ocrx_word' id='word_1_832' title='bbox 2542 5410 2724 5464; x_wconf 86' lang='lat' dir='ltr'>supra</span> <span class='ocrx_word' id='word_1_833' title='bbox 2748 5392 2806 5447; x_wconf 88' lang='lat' dir='ltr'>in</span> <span class='ocrx_word' id='word_1_834' title='bbox 2838 5390 3085 5464; x_wconf 85' lang='lat' dir='ltr'>epistola</span> <span class='ocrx_word' id='word_1_835' title='bbox 3113 5397 3189 5448; x_wconf 91' lang='lat' dir='ltr'>De</span> <span class='ocrx_word' id='word_1_836' title='bbox 3211 5393 3458 5450; x_wconf 84' lang='lat' dir='ltr'>decretis</span> <span class='ocrx_word' id='word_1_837' title='bbox 3486 5386 3761 5459; x_wconf 67' lang='lat' dir='ltr'>Nicmnis,</span> 
     </span>
    </p>
   </div>
   <div class='ocr_carea' id='block_1_110' title="bbox 344 5463 2335 5540">
    <p class='ocr_par' dir='ltr' id='par_1_110' title="bbox 344 5463 2335 5540">
     <span class='ocr_line' id='line_1_110' title="bbox 344 5463 2335 5540; baseline -0.001 -18"><span class='ocrx_word' id='word_1_838' title='bbox 344 5467 403 5540; x_wconf 86' lang='lat' dir='ltr'>in</span> <span class='ocrx_word' id='word_1_839' title='bbox 438 5465 577 5522; x_wconf 87' lang='lat' dir='ltr'>edit.</span> <span class='ocrx_word' id='word_1_840' title='bbox 612 5463 907 5540; x_wconf 75' lang='lat' dir='ltr'>Commel_._</span> <span class='ocrx_word' id='word_1_841' title='bbox 923 5468 981 5518; x_wconf 89' lang='lat' dir='ltr'>et</span> <span class='ocrx_word' id='word_1_842' title='bbox 1005 5463 1062 5516; x_wconf 90' lang='lat' dir='ltr'>in</span> <span class='ocrx_word' id='word_1_843' title='bbox 1091 5463 1550 5540; x_wconf 24' lang='lat' dir='ltr'>omnibus‘mss.</span> <span class='ocrx_word' id='word_1_844' title='bbox 1584 5463 1791 5540; x_wconf 63' lang='lat' dir='ltr'>Latina</span> <span class='ocrx_word' id='word_1_845' title='bbox 1821 5483 1957 5522; x_wconf 87' lang='lat' dir='ltr'>vero</span> <span class='ocrx_word' id='word_1_846' title='bbox 1992 5481 2007 5521; x_wconf 85' lang='lat'>:</span> <span class='ocrx_word' id='word_1_847' title='bbox 2120 5463 2335 5540; x_wconf 61' lang='lat' dir='ltr'>p.169.</span> 
     </span>
    </p>
   </div>
   <div class='ocr_carea' id='block_1_111' title="bbox 351 5533 3597 5610">
    <p class='ocr_par' dir='ltr' id='par_1_111' title="bbox 351 5533 3597 5610">
     <span class='ocr_line' id='line_1_111' title="bbox 351 5533 3597 5610; baseline -0.002 -17"><span class='ocrx_word' id='word_1_848' title='bbox 351 5539 479 5595; x_wconf 67' lang='lat' dir='ltr'>Haec</span> <span class='ocrx_word' id='word_1_849' title='bbox 506 5536 816 5609; x_wconf 81' lang='lat' dir='ltr'>presbyteri</span> <span class='ocrx_word' id='word_1_850' title='bbox 843 5533 1264 5610; x_wconf 73' lang='lat' dir='ltr'>Ale:2:_andrinz‘,_</span> <span class='ocrx_word' id='word_1_851' title='bbox 1291 5552 1324 5590; x_wconf 91' lang='lat' dir='ltr'>a</span> <span class='ocrx_word' id='word_1_852' title='bbox 1373 5536 1655 5610; x_wconf 78' lang='lat' dir='ltr'>Cpmmel.</span> <span class='ocrx_word' id='word_1_853' title='bbox 1699 5553 2010 5610; x_wconf 88' lang='lat' dir='ltr'>perperam</span> <span class='ocrx_word' id='word_1_854' title='bbox 2120 5533 2138 5540; x_wconf 86' lang='grc'><em>’</em></span> <span class='ocrx_word' id='word_1_855' title='bbox 2194 5539 2305 5609; x_wconf 66' lang='lat'>(1:2)</span> <span class='ocrx_word' id='word_1_856' title='bbox 2336 5535 2429 5610; x_wconf 72' lang='lat' dir='ltr'>Sic</span> <span class='ocrx_word' id='word_1_857' title='bbox 2459 5539 2598 5605; x_wconf 84' lang='lat' dir='ltr'>Reg.</span> <span class='ocrx_word' id='word_1_858' title='bbox 2631 5538 2689 5588; x_wconf 87' lang='lat' dir='ltr'>et</span> <span class='ocrx_word' id='word_1_859' title='bbox 2710 5533 3084 5610; x_wconf 63' lang='lat' dir='ltr'>_]lasil._Edit_i</span> <span class='ocrx_word' id='word_1_860' title='bbox 3110 5551 3242 5610; x_wconf 80' lang='lat' dir='ltr'>vero</span> <span class='ocrx_word' id='word_1_861' title='bbox 3270 5534 3597 5610; x_wconf 74' lang='grc' dir='ltr'>ἀγεννήτως.</span> 
     </span>
    </p>
   </div>
   <div class='ocr_carea' id='block_1_112' title="bbox 354 5604 3770 5680">
    <p class='ocr_par' dir='ltr' id='par_1_112' title="bbox 354 5604 3770 5680">
     <span class='ocr_line' id='line_1_112' title="bbox 354 5604 3770 5680; baseline -0.002 -14"><span class='ocrx_word' id='word_1_862' title='bbox 354 5604 584 5680; x_wconf 84' lang='lat' dir='ltr'>adjecta</span> <span class='ocrx_word' id='word_1_863' title='bbox 612 5604 774 5680; x_wconf 77' lang='lat' dir='ltr'>sunt,</span> <span class='ocrx_word' id='word_1_864' title='bbox 808 5622 943 5662; x_wconf 91' lang='lat' dir='ltr'>cum</span> <span class='ocrx_word' id='word_1_865' title='bbox 977 5605 1035 5660; x_wconf 90' lang='lat' dir='ltr'>in</span> <span class='ocrx_word' id='word_1_866' title='bbox 1069 5605 1364 5680; x_wconf 81' lang='lat' dir='ltr'>prioribus</span> <span class='ocrx_word' id='word_1_867' title='bbox 1407 5607 1630 5663; x_wconf 87' lang='lat' dir='ltr'>Latinis</span> <span class='ocrx_word' id='word_1_868' title='bbox 1671 5604 1845 5665; x_wconf 65' lang='lat' dir='ltr'>e&#39;ditis</span> <span class='ocrx_word' id='word_1_869' title='bbox 1896 5626 2013 5666; x_wconf 90' lang='lat' dir='ltr'>non</span> <span class='ocrx_word' id='word_1_870' title='bbox 2193 5604 2306 5680; x_wconf 75' lang='grc'>(43)</span> <span class='ocrx_word' id='word_1_871' title='bbox 2340 5609 2426 5663; x_wconf 89' lang='lat' dir='ltr'>Ita</span> <span class='ocrx_word' id='word_1_872' title='bbox 2456 5604 2605 5680; x_wconf 43' lang='lat' dir='ltr'>Reg,</span> <span class='ocrx_word' id='word_1_873' title='bbox 2624 5611 2680 5660; x_wconf 80' lang='lat' dir='ltr'>et</span> <span class='ocrx_word' id='word_1_874' title='bbox 2710 5604 2966 5680; x_wconf 89' lang='lat' dir='ltr'>Basil._ln</span> <span class='ocrx_word' id='word_1_875' title='bbox 2998 5604 3597 5680; x_wconf 12' lang='lat' dir='ltr'>ed.itis-§ideest.Mox</span> <span class='ocrx_word' id='word_1_876' title='bbox 3628 5605 3770 5680; x_wconf 82' lang='lat' dir='ltr'>Reg.</span> 
     </span>
    </p>
   </div>
   <div class='ocr_carea' id='block_1_113' title="bbox 358 5671 1943 5756">
    <p class='ocr_par' dir='ltr' id='par_1_113' title="bbox 358 5671 1870 5756">
     <span class='ocr_line' id='line_1_113' title="bbox 358 5671 1870 5756; baseline -0.001 -19"><span class='ocrx_word' id='word_1_877' title='bbox 358 5671 673 5756; x_wconf 65' lang='lat' dir='ltr'>exstarent.</span> <span class='ocrx_word' id='word_1_878' title='bbox 707 5679 968 5756; x_wconf 62' lang='lat' dir='ltr'>Graecae</span> <span class='ocrx_word' id='word_1_879' title='bbox 998 5671 1436 5735; x_wconf 72' lang='lat' dir='ltr'>Parisiensibus</span> <span class='ocrx_word' id='word_1_880' title='bbox 1467 5680 1669 5736; x_wconf 85' lang='lat' dir='ltr'>addita</span> <span class='ocrx_word' id='word_1_881' title='bbox 1711 5685 1870 5738; x_wconf 90' lang='lat' dir='ltr'>sunt.</span> 
     </span>
    </p>
   </div>
   <div class='ocr_carea' id='block_1_114' title="bbox 2055 5671 3773 5756">
    <p class='ocr_par' dir='ltr' id='par_1_114' title="bbox 2127 5671 3773 5756">
     <span class='ocr_line' id='line_1_114' title="bbox 2127 5671 3773 5756; baseline 0.001 -20"><span class='ocrx_word' id='word_1_882' title='bbox 2127 5671 2415 5756; x_wconf 40' lang='lat' dir='ltr'>et‘lsasil”</span> <span class='ocrx_word' id='word_1_883' title='bbox 2448 5671 2613 5752; x_wconf 57' lang='lat' dir='ltr'>odio</span> <span class='ocrx_word' id='word_1_884' title='bbox 2644 5676 2941 5752; x_wconf 81' lang='grc' dir='ltr'>μονογενὴς</span> <span class='ocrx_word' id='word_1_885' title='bbox 2971 5671 3124 5741; x_wconf 86' lang='grc' dir='ltr'>Θεός.</span> <span class='ocrx_word' id='word_1_886' title='bbox 3153 5671 3327 5749; x_wconf 76' lang='lat' dir='ltr'>Editi,</span> <span class='ocrx_word' id='word_1_887' title='bbox 3356 5677 3464 5755; x_wconf 81' lang='grc' dir='ltr'>οὐχ</span> <span class='ocrx_word' id='word_1_888' title='bbox 3504 5671 3773 5756; x_wconf 70' lang='grc' dir='ltr'>ὁμογενῆς</span> 
     </span>
    </p>
   </div>
   <div class='ocr_carea' id='block_1_115' title="bbox 438 5744 1943 5826">
    <p class='ocr_par' dir='ltr' id='par_1_115' title="bbox 438 5744 1022 5826">
     <span class='ocr_line' id='line_1_115' title="bbox 438 5744 1022 5826; baseline -0.003 -19"><span class='ocrx_word' id='word_1_889' title='bbox 438 5753 553 5826; x_wconf 83' lang='grc'>(40)</span> <span class='ocrx_word' id='word_1_890' title='bbox 584 5751 821 5825; x_wconf 78' lang='lat' dir='ltr'>Regius,</span> <span class='ocrx_word' id='word_1_891' title='bbox 853 5744 1022 5822; x_wconf 80' lang='grc' dir='ltr'>δείξῃ.</span> 
     </span>
    </p>
   </div>
   <div class='ocr_carea' id='block_1_116' title="bbox 2055 5744 2278 5826">
    <p class='ocr_par' dir='ltr' id='par_1_116' title="bbox 2130 5749 2278 5815">
     <span class='ocr_line' id='line_1_116' title="bbox 2130 5749 2278 5815; baseline -0.007 -8"><span class='ocrx_word' id='word_1_892' title='bbox 2130 5749 2278 5815; x_wconf 88' lang='grc' dir='ltr'>Θεός.</span> 
     </span>
    </p>
   </div>
   <div class='ocr_carea' id='block_1_117' title="bbox 686 5876 3495 5942">
    <p class='ocr_par' dir='ltr' id='par_1_117' title="bbox 686 5876 3495 5942">
     <span class='ocr_line' id='line_1_117' title="bbox 686 5876 3495 5942; baseline -0.001 -3"><span class='ocrx_word' id='word_1_893' title='bbox 686 5878 953 5940; x_wconf 57' lang='lat' dir='ltr'>Panos.</span> <span class='ocrx_word' id='word_1_894' title='bbox 1000 5876 1113 5938; x_wconf 74' lang='lat' dir='ltr'>Gs.</span> <span class='ocrx_word' id='word_1_895' title='bbox 1161 5876 1380 5942; x_wconf 80' lang='lat' dir='ltr'>XXVI.</span> <span class='ocrx_word' id='word_1_896' title='bbox 3415 5876 3495 5938; x_wconf 78' lang='lat'><strong>23</strong></span> 
     </span>
    </p>
   </div>
  </div>
