4082 6384
375 450 489 507 715

924 447 988 505 S.
1035 443 1460 505 ATHANASII
1506 445 1682 505 OPP.
1727 442 1932 501 PARS
1976 442 2025 500 Ι.
2058 472 2134 485 -
2165 439 2582 502 HISTORICA
2627 441 2726 502 ET
2768 440 3248 504 DOGMATICA.

3663 442 3780 504 716

367 577 608 646 clarant,
659 595 775 632 una
804 578 1126 648 eademque
1157 575 1314 630 haud
1348 575 1523 630 dubie
1555 574 1621 628 iit
1651 589 1665 628 :
1701 570 1896 627 multis
1926 574 1996 627 ta!

2131 571 2370 645 Χριστοῦ
2396 566 2742 643 δεικνυμίνην
2778 567 3060 644 δηλονότι,
3094 569 3182 626 καί
3215 568 3304 626 διὰ
3329 576 3437 627 τῶν
3479 567 3650 650 ἔργων
3682 572 3773 628 αὐ-

367 684 500 722 men
533 666 876 739 singulatim
906 667 978 720 ab
1011 682 1076 721 eo
1107 671 1312 720 creatae
1345 669 1764 734 sunt,quarum
1795 659 2015 733 primo-

363 757 614 827 genitus,
651 755 990 828 unigenitus
1021 760 1108 809 est
1137 753 1424 817 Christus,
1459 769 1586 824 quae
1621 752 1857 823 quidem
1890 767 2015 806 om-

364 862 468 901 nes
492 863 523 900 a
546 861 876 916 possessore
909 845 1245 915 pendent,et
1277 859 1481 898 omnes
1512 841 1699 912 ipsius
1729 839 2016 895 Creatoris

366 934 464 1005 qui
494 933 610 989 illis
646 933 1112 1000 utitur,virtutes
1135 932 1270 1002 jure
1300 930 1689 1002 appellantur.
1712 927 2015 1000 Ejusmodi

364 1029 453 1080 est
484 1025 637 1096 quod
661 1024 945 1096 propheta
969 1022 1253 1077 locustam
1278 1022 1336 1075 in
1361 1038 1590 1092 pronam
1618 1020 2014 1074 humanorum

365 1113 649 1170 scelerum
684 1112 966 1167 divinitus
997 1111 1475 1177 immissam,non
1509 1109 1602 1164 Dei
1625 1109 1891 1162 virtutem
1925 1124 2016 1162 so-

366 1204 513 1272 lum,
547 1203 650 1257 sed
683 1217 954 1272 magnam
984 1201 1262 1254 virtutem
1295 1199 1366 1253 ab
1399 1199 1524 1269 ipso
1556 1198 1670 1252 Deo
1702 1196 1893 1251 vocari
1923 1196 2013 1250 di-

365 1293 484 1347 cit‘.
514 1290 726 1346 Beatus
758 1294 948 1343 autem
983 1287 1163 1342 David
1206 1288 1265 1341 in
1299 1286 1592 1358 plerisque
1625 1284 2010 1356 psalmorum,

365 1399 479 1437 non
514 1378 751 1451 angelos
785 1377 976 1432 solum
1010 1377 1112 1432 sed
1143 1381 1200 1431 et
1247 1376 1493 1429 virtutes
1541 1375 1723 1429 Deum
1773 1373 2011 1428 laudare

353 1471 540 1542 jubet,
593 1473 650 1523 et
698 1483 901 1522 omnes
937 1467 1008 1520 ad
1038 1465 1319 1537 hymnum
1355 1464 1781 1519 concinendum
1813 1462 2010 1518 horta-

355 1565 493 1614 tur:
529 1573 776 1629 quarum
812 1553 1246 1610 multitudinem
1279 1552 1554 1616 declarat,
1589 1567 1803 1622 easque
1835 1551 2009 1605 mini-

357 1654 510 1703 stros
544 1647 641 1701 Dsi
674 1662 876 1700 vocare
908 1661 1022 1699 non
1054 1643 1272 1712 renuit,
1326 1657 1390 1696 ac
1442 1640 1604 1695 illius
1646 1639 2006 1696 voluntatem

354 1737 544 1792 facere
575 1736 761 1790 docet.
796 1755 825 1784 »

2125 663 2233 713 τῶν
2263 661 2361 728 τῆς
2393 656 2669 721 διακονίας
2701 658 2864 714 αὐτοῦ
2895 661 3326 735 γνωριζομένην.
3363 684 3390 712 »
3422 663 3526 717 Καὶ
3587 661 3772 717 πάλιν·

2128 773 2154 800 ‹‹
2190 748 2446 823 Καίτοιγε
2475 751 2509 818 ἡ
2548 749 2642 821 μὲν
2670 746 2846 811 ἀίδιος
2877 751 3040 804 αὑτοῦ
3087 747 3316 822 δύναμις
3365 750 3454 804 καὶ
3502 752 3685 829 σοφία,
3719 753 3776 821 ἢν

2126 837 2357 912 ἄναρχόν
2402 859 2459 892 τε
2504 839 2593 892 καὶ
2626 839 2919 912 ἀγέννητον
2940 842 3052 913 (44)
3085 839 3135 893 oi
3182 842 3280 904 τῆς
3329 839 3592 910 ἀληθείας
3641 841 3772 896 ἀποο

2126 927 2405 1002 φαίνονται
2434 923 2716 1002 λογισμοὶ,
2756 927 2851 999 μία
2881 925 2942 981 ἂν
2971 924 3054 999 εἷή
3091 925 3357 998 δήπουθεν
3389 929 3478 983 καὶ
3527 931 3563 999 ἡ
3606 931 3768 1001 αὐτή-

2124 1013 2328 1068 πολλαὶ
2387 1012 2443 1068 δὲ
2489 1015 2542 1069 αἱ
2587 1018 2706 1079 καθ’
2745 1013 2966 1071 ἕκαστον
3021 1017 3110 1072 ὑπ’
3136 1017 3299 1072 αὐτοῦ
3347 1024 3666 1089 κτισθεῖσαι,
3697 1022 3772 1076 ῶν

2123 1103 2476 1174 πρωτότοκος
2502 1105 2590 1157 καὶ
2629 1107 2932 1179 μονογενὴς
2977 1107 3006 1160 6
3055 1107 3302 1180 Χριστός·
3337 1107 3501 1162 πᾶσαί
3552 1129 3615 1183 γε
3665 1110 3769 1182 μὴν

2124 1192 2354 1264 ὁμοίως,
2408 1192 2484 1253 εἷς
2535 1193 2626 1247 τὸν
2676 1193 3009 1267 κεκτημένον
3060 1195 3409 1270 ἀνήρτηνται,
3459 1197 3550 1251 καὶ
3607 1203 3770 1253 πᾶσαι

2122 1282 2176 1334 αἱ
2209 1284 2322 1353 (45)
2356 1278 2611 1354 δυνάμεις
2662 1281 2825 1337 αὐτοῦ
2872 1284 2970 1338 τοῦ
3012 1284 3292 1344 κτίσαντος
3336 1284 3426 1339 καὶ
3478 1289 3771 1363 χρωμένου

2121 1368 2411 1424 καλοῦνται
2445 1368 2688 1434 δικαίως·
2723 1375 2837 1428 οἷον
2873 1374 2900 1426 6
2950 1374 3044 1446 μὶν
3098 1376 3391 1450 προφήτης
3432 1376 3532 1444 τὴν
3578 1375 3771 1447 ἀκρίδα

2122 1455 2276 1528 δίκην
2304 1463 2411 1512 τῶν
2445 1459 2800 1536 ἀνθρωπίνων
2851 1462 3258 1537 ἁμαρτημάτων
3304 1462 3568 1534 θεήλατον
3621 1487 3767 1540 γινο-

2123 1545 2288 1619 μένην
2323 1548 2383 1602 οὐ
2415 1545 2640 1621 δύναμιν
2678 1550 2840 1622 μόνον
2874 1555 3030 1620 Θεοῦ,
3062 1550 3208 1607 ἀλλά
3235 1551 3325 1606 καὶ
3374 1553 3616 1627 μεγάλην
3660 1577 3768 1632 φη-

2118 1637 2197 1690 σὶν
2259 1637 2348 1690 ὑπ’
2403 1637 2566 1692 αὐτοῦ
2621 1639 3108 1716 προσαγορεύεσθαι
3165 1645 3262 1695 τοῦ
3316 1647 3470 1696 Θεοῦ*
3522 1643 3550 1696 6
3603 1641 3660 1698 δέ
3706 1666 3768 1719 γε

2121 1727 2383 1800 μακάριος
2435 1722 2600 1780 Δαϐὶδ
2652 1727 2703 1782 ἰν
2753 1727 2968 1783 πλείοσι
3019 1733 3126 1783 τῶν
3179 1728 3416 1803 ψαλμῶν
3459 1732 3558 1786 οὐκ
3609 1733 3766 1808 ἀγγέ-

354 1825 472 1885 λοις
536 1824 719 1896 μόνον,
754 1818 900 1876 ἀλλά
954 1821 1042 1874 καὶ
1102 1816 1386 1890 δυνάμεσιν
1440 1817 1604 1872 αἶ’νεῖν
1665 1813 2089 1891 παρακελεύεται
2146 1816 2236 1870 τὸν
2298 1814 2450 1870 Θεὸνο
2481 1816 2570 1870 καὶ
2627 1818 2804 1881 πάσας
2859 1839 2923 1892 γε
2969 1817 3056 1872 ἐπὶ
3087 1820 3178 1873 τὸν
3213 1819 3378 1892 ὕμνον
3411 1821 3763 1897 παρακαλῶν,

348 1913 437 1966 καὶ
495 1913 555 1965 τὸ
614 1909 827 1978 πλῆθος
884 1908 1198 1984 παρίστησι,
1230 1908 1317 1961 καὶ
1374 1904 1725 1981 λειτουργοὺς
1784 1909 1918 1960 Θεοῦ
1969 1902 2154 1959 καλεῖν
2215 1903 2276 1958 οὐ
2335 1911 2698 1979 παραιτεῖται,
2731 1906 2819 1961 καὶ
2878 1912 3050 1962 ποιεῖν
3109 1907 3272 1963 αὐτοῦ
3323 1910 3383 1964 τὸ
3432 1907 3649 1984 θέλημα
3681 1909 3761 1966 δι-

350 1999 552 2056 δάσκει.
589 2024 618 2051 ››

422 2094 508 2148 19.
543 2093 673 2146 Haec
705 2094 909 2145 contra
937 2088 1297 2144 Salvatorsm
1348 2104 1551 2155 ausus,
1604 2103 1721 2141 non
1772 2084 1865 2139 hic
1914 2088 2000 2139 ta-
2033 2091 2081 2154 Β

351 2200 481 2238 men
533 2180 770 2236 sceleris
819 2178 998 2243 stetit,
1035 2179 1133 2233 sed
1170 2176 1360 2248 magis
1391 2176 1696 2247 magisque
1726 2172 1999 2244 blasphe-

347 2271 497 2326 mias
525 2269 764 2324 adauxit
795 2284 933 2322 suas
965 2267 1164 2321 dicens
1199 2282 1210 2319 :
1249 2287 1274 2313 ‹‹
1311 2269 1474 2320 Unus
1505 2281 1574 2318 ex
1604 2263 1878 2319 omnibus
1911 2266 2001 2317 est

347 2360 555 2414 Filius.
588 2356 962 2428 Opiﬁcioruln
995 2355 1152 2409 enim
1196 2343 1451 2424 primum
1502 2357 1612 2419 est,
1662 2356 1718 2406 et
1767 2367 1883 2405 una
1931 2367 2000 2405 ex

343 2446 813 2518 intelligentibus
846 2443 1168 2498 naturis.Et
1189 2441 1687 2513 quemadmodum
1712 2439 1798 2495 sol
1823 2439 1879 2493 in
1915 2455 1999 2493 re-

343 2537 456 2592 bus
487 2553 615 2606 quis
647 2534 757 2589 sub
785 2533 970 2588 oculis
1021 2533 1257 2597 cadunt,
1313 2549 1466 2585 unus
1516 2535 1702 2584 estex
1749 2528 1820 2584 iis
1870 2545 1996 2600 quae

342 2625 784 2696 conspiciuntur
816 2638 828 2677 :
865 2639 997 2676 cum
1031 2625 1229 2675 tamen
1263 2619 1532 2675 universo
1565 2618 1802 2683 mundo,
1827 2618 1999 2688 juxta

340 2713 578 2768 factoris
605 2712 696 2767 sui
721 2709 1524 2779 mandatum,luceat;eodem
1559 2723 1798 2774 prorsus
1823 2705 1994 2761 modo

343 2803 545 2870 Filius,
579 2818 709 2857 cum
746 2817 863 2855 una
893 2799 967 2855 sit
997 2815 1063 2853 ex
1093 2797 1562 2870 intelligentibus
1595 2796 1842 2861 naturis,
1869 2811 1992 2850 om-

341 2893 517 2946 nibus
549 2891 649 2962 qui
703 2891 760 2944 in
813 2886 1188 2944 intellectuali
1241 2886 1460 2941 mundo
1513 2890 1670 2953 sunt,
1724 2885 1880 2938 lucet
1926 2901 1992 2938 ac

340 2981 628 3052 splendet.
665 3003 692 3028 ››
729 2981 1062 3048 iterumque
1096 2977 1174 3032 ait
1207 2994 1220 3032 :
1255 3000 1280 3025 ‹‹
1318 2977 1451 3030 Erat
1489 2974 1804 3045 aliquando
1855 2989 1989 3028 cum

342 3088 456 3126 non
489 3075 879 3140 esset,»atque
910 3068 992 3122 ita
1022 3066 1224 3121 scribit
1257 3082 1270 3122 :
1311 3086 1337 3118 ιι
1366 3065 1435 3119 Ει
1465 3064 1700 3136 quidem
1733 3067 1868 3117 ante
1900 3062 1990 3115 Fi-

339 3159 400 3212 lii
434 3160 871 3230 generationem
905 3155 1400 3227 prznexsistentem
1434 3152 1750 3224 generandi
1801 3151 1989 3206 scien-

337 3249 478 3303 tiam
534 3246 743 3301 habuit
792 3247 993 3313 Pater;
1045 3245 1232 3299 inerat
1279 3243 1494 3314 quippe
1545 3241 1793 3310 medico,
1827 3246 1990 3296 ante-

341 3352 518 3407 quam
552 3351 699 3405 quos
725 3339 956 3389 sanaret
987 3334 1280 3400 adessent,
1322 3331 1590 3386 medendi
1644 3329 1904 3384 scientia.
1960 3351 1986 3377 »

336 3427 405 3480 Et
454 3439 687 3478 rursum
721 3440 733 3478 :
770 3445 796 3472 ‹‹
834 3422 1113 3488 Beneﬁco,
1165 3420 1374 3491 inquit,
1409 3419 1603 3474 studio
1636 3422 1867 3472 creatus
1897 3422 1985 3472 est
2016 3459 2058 3526 ϐ

336 3513 437 3526 η...
604 3516 613 3526 ,
689 3510 752 3526 .,
812 3511 847 3526 ,.
1033 3511 1041 3520 .
1118 3513 1209 3526 λ,
1314 3507 1369 3526 ,η
1519 3506 1766 3526 AM...“
1920 3507 1982 3526 ,η

335 3513 540 3577 Filius,
566 3516 622 3566 et
653 3510 884 3565 virtutis
918 3511 1084 3581 cOpia
1114 3513 1282 3564 Pater
1311 3507 1479 3562 illum
1512 3506 1790 3562 condidit.
1845 3530 1866 3557 ι
1919 3507 1986 3560 Ει

336 3603 550 3656 iterum
605 3618 617 3655 :
675 3623 701 3649 «
743 3600 801 3655 bi
836 3599 934 3654 Dei
966 3597 1236 3654 voluntas
1268 3615 1368 3669 per
1399 3596 1595 3652 omnia
1625 3595 1835 3651 deinde
1862 3595 1988 3666 opi-.

338 3690 469 3745 ﬁcia
500 3689 860 3762 pertransiit,
894 3688 1078 3760 liquet
1110 3686 1320 3742 Filium
1351 3685 1649 3758 opificium
1702 3701 1835 3740 cum
1887 3683 1984 3752 sit,

335 3779 635 3834 voluntate
667 3779 985 3845 exstitisse,
1019 3782 1074 3832 et
1103 3777 1319 3832 factum
1349 3776 1550 3831 fuisse.
1583 3796 1611 3825 »
1647 3774 1777 3831 Haec
1820 3779 1986 3829 Aste-

339 3868 463 3923 rius
511 3866 673 3923 solus
723 3867 995 3938 scripsit;
1048 3864 1357 3921 Eusebiani
1391 3881 1528 3920 vero
1560 3863 1684 3918 haec
1714 3863 1844 3934 ipsa
1872 3879 1990 3917 una

343 3973 476 4013 cum
509 3956 607 4012 illo
639 3957 990 4012 sentiebant.

412 4047 500 4099 20.
535 4045 666 4102 Haec
697 4051 836 4101 sunt
864 4061 1113 4116 quorum
1158 4059 1338 4099 causa
1383 4043 1702 4107 decertant,
1751 4045 1810 4096 et
1854 4057 1989 4096 cum

343 4135 586 4207 antiqua
633 4135 854 4206 synodo
903 4138 1188 4206 pugnant,
1240 4133 1379 4204 quia
1425 4131 1647 4186 scilicet
1693 4130 1790 4199 qui
1833 4129 1892 4184 in
1923 4146 1992 4184 ea

342 4239 660 4279 convenere
694 4224 887 4278 Patres
915 4224 1040 4278 suis
1070 4221 1290 4278 similia
1320 4238 1434 4276 non
1466 4219 1846 4290 scripserunt,
1871 4218 1989 4273 imo

340 4313 614 4368 Arianam
664 4313 955 4380 haeresim,
1007 4327 1182 4382 quam
1233 4310 1292 4364 hi
1341 4309 1604 4364 stabilire
1652 4308 1987 4374 studebant,

340 4407 757 4471 percusserunt
805 4400 1196 4456 anathemate.
1247 4399 1526 4463 Quocirca
1562 4397 1856 4454 Asterium
1888 4395 1990 4467 qui

337 4488 510 4544 idolis
542 4489 922 4557 sacrificarat,
951 4488 1276 4560 sophistam
1317 4488 1618 4542 hominem
1668 4486 1989 4558 impietatis

339 4594 457 4631 sua:
504 4577 659 4634 586
712 4580 1058 4633 advocatum
1107 4578 1529 4649 designarunt;
1565 4593 1634 4630 no
1668 4575 1992 4631 abstineret

338 4671 438 4721 aut
469 4683 501 4722 a
530 4667 720 4722 verbis
753 4673 954 4722 contra
987 4666 1322 4733 Dominum,
1357 4671 1459 4721 aut
1489 4683 1521 4721 a
1550 4663 1778 4721 callidis
1816 4681 1988 4736 argu-

340 4757 554 4810 mentis
585 4757 655 4811 ad
690 4755 1080 4826 simpliciores
1110 4755 1653 4810 circumveniendos
1698 4755 1987 4825 composi-

2184 2085 2269 2139 19.
2301 2087 2533 2138 Τοιαῦτα
2557 2082 2844 2158 τολμήσας
2879 2085 3014 2140 κατὰ
3060 2091 3158 2141 τοῦ
3205 2091 3464 2164 Σωτῆρος
3517 2089 3614 2144 οὐκ
3661 2091 3761 2165 ἠρ-

2109 2171 2296 2241 κέσθη,
2330 2170 2477 2227 ἀλλά
2533 2174 2622 2228 καὶ
2683 2171 2852 2229 πλέον
2907 2173 3193 2230 ἐπεκτείνει
3249 2177 3344 2240 τὰς
3407 2177 3758 2256 βλασφημίας

2109 2260 2295 2331 αὐτοῦ,
2357 2259 2557 2336 λέγων,
2607 2262 2689 2316 ὅτι
2752 2264 2825 2325 εἷς
2882 2268 2990 2318 τῶν
3067 2264 3280 2320 πάντων
3338 2266 3478 2322 ἐστὶν
3534 2269 3561 2323 6
3613 2269 3756 2333 Υἱός

2111 2353 2398 2424 «Πρῶτον
2451 2351 2552 2425 γὰρ
2599 2350 2709 2405 ἐστι
2753 2357 2860 2406 τῶν
2902 2358 3165 2427 γενητῶν,
3200 2356 3287 2409 καὶ
3338 2358 3413 2417 εἷς
3468 2361 3574 2411 τῶν
3625 2379 3755 2429 νοη-

2107 2442 2215 2492 τῶν
2249 2438 2458 2516 φύσεών
2511 2439 2642 2495 ἐστι·
2677 2441 2764 2496 καὶ
2799 2441 2979 2517 ὥσπερ
3011 2441 3175 2512 ἥλιος
3221 2441 3271 2497 έν
3314 2447 3429 2507 τοῖς
3480 2443 3755 2521 βλεπομέ-

2107 2548 2222 2589 νοις
2258 2531 2332 2590 εἷς
2370 2530 2463 2601 μὲν
2523 2524 2635 2584 ἔστι
2672 2535 2782 2585 τῶν
2841 2533 3206 2608 φαινομένων,
3235 2531 3439 2606 λάμπει
3498 2532 3554 2589 δὲ
3594 2537 3752 2590 παντὶ

2104 2620 2182 2687 τῷ
2211 2616 2402 2689 κόσμῳ
2444 2618 2580 2672 κατὰ
2606 2619 2888 2694 πρόσταξιν
2938 2625 3035 2675 τοῦ
3083 2623 3468 2693 πεποιηκότος
3519 2623 3690 2687 οὕτως
3724 2627 3753 2681 6

2105 2705 2247 2777 Υἱὸς,
2283 2706 2356 2760 εἷς
2390 2704 2461 2760 ὣν
2494 2712 2599 2761 τῶν
2628 2713 2841 2777 νοητῶν
2873 2709 3101 2787 φύσεων,
3136 2712 3356 2789 φωτίζει
3404 2711 3492 2767 καὶ
3547 2711 3752 2787 λάμπει

2102 2793 2193 2846 καὶ
2227 2794 2388 2856 αὐτὸς
2419 2799 2546 2848 πᾶσι
2578 2801 2694 2857 τοῖς
2733 2794 2784 2851 ἐν
2815 2802 2896 2869 τῷ
2922 2803 3102 2871 νοητῷ
3149 2799 3366 2873 κόσμῳ.
3395 2825 3422 2852 )›
3477 2799 3646 2857 Πάλιν
3693 2805 3752 2858 τέ

2103 2903 2285 2958 φησιν’
2327 2905 2352 2937 α
2379 2885 2474 2938 Ἦν
2509 2905 2664 2955 ποτε,
2695 2884 2783 2939 ὅτε
2809 2885 2908 2940 οὐκ
2932 2887 3022 2960 ἧν,
3056 2913 3076 2938 ι
3114 2888 3256 2943 οὕτω
3303 2890 3551 2966 γράμων’
3587 2916 3613 2942 ‹‹
3649 2893 3750 2948 Καὶ

2101 2972 2227 3046 πρὶν
2261 2978 2360 3040 τῆς
2391 2974 2648 3047 γενέσεως
2691 2979 2787 3028 τοῦ
2828 2976 2955 3029 Υίοῦ
2987 2977 3015 3030 6
3048 2978 3233 3052 Πατὴρ
3285 2980 3746 3055 προϋπάρχουσαν

2101 3061 2217 3135 εἶχε
2273 3063 2372 3131 τὴν
2433 3067 2529 3116 τοῦ
2579 3068 2762 3138 γεννᾷν
2824 3063 3172 3138 ἐπιστήμην
3236 3066 3351 3122 ἐπεὶ
3404 3067 3493 3122 καὶ
3547 3068 3747 3146 ἰατρὸς,

2099 3149 2204 3223 πρὸ
2246 3155 2342 3204 τοῦ
2395 3150 2657 3225 ἰατρεύειν
2709 3153 2823 3228 εἶχε
2865 3157 2973 3230 (46)
3021 3155 3116 3223 τὴν
3167 3160 3262 3209 τοῦ
3311 3156 3571 3230 ἰατρεύειν
3631 3157 3747 3213 ἐπι-

2100 3240 2339 3310 στήμην.
2373 3263 2401 3292 ››
2437 3241 2533 3294 Καὶ
2580 3239 2742 3294 πάλιν
2796 3243 2980 3320 φησίνο
3016 3268 3042 3294 ιι
3082 3243 3414 3320 Εὖεργετικῇ
3458 3246 3748 3324 φιλοτιμίᾳ

2099 3325 2314 3398 ἐκτίσθη
2377 3329 2404 3381 6
2459 3329 2581 3391 Υἱὸς
2613 3373 2626 3399 ,
2677 3331 2765 3384 καὶ
2817 3331 3102 3406 περιουσίᾳ
3157 3329 3438 3405 δυνάμεως
3493 3334 3744 3406 ἐποίησεν

2097 3415 2256 3470 αὐτὸν
2289 3418 2315 3471 6
2348 3419 2555 3491 Πατήρ·
2593 3445 2617 3469 ››
2652 3419 2739 3472 καὶ
2773 3419 2961 3488 πάλιν,
2999 3446 3020 3470 ι
3059 3421 3120 3478 Εἰ
3155 3422 3215 3476 τὸ
3249 3421 3422 3486 θέλειν
3467 3429 3562 3479 τοῦ
3611 3431 3744 3480 Θεοῦ

2098 3501 2186 3558 διὰ
2235 3504 2446 3560 πάντων
2499 3505 2686 3584 ἐφεξῆς
2743 3513 2852 3564 τῶν
2910 3512 3234 3582 ποιημάτων
3285 3509 3594 3583 διελήλυθε,
3643 3512 3740 3586 δη-

2097 3593 2305 3665 λονότι,
2337 3595 2486 3649 καὶὸ
2531 3597 2674 3664 Υἱὸς,
2701 3597 2915 3670 ποίημα
2963 3598 3060 3667 ὣν,
3115 3599 3373 3675 βουλήσει
3422 3601 3608 3678 γέγονε
3651 3605 3738 3658 καὶ

2096 3684 2408 3754 πεποίηται.
2467 3709 2494 3735 ››
2544 3689 2717 3740 Ταῦτα
2776 3684 2832 3741 δὲ
2888 3687 3160 3764 Ἀστέριος
3215 3686 3415 3765 ἔγραψε
3470 3695 3584 3765 (47)
3638 3694 3735 3766 μό-

2096 3793 2209 3834 νος·
2240 3774 2292 3827 oi
2344 3771 2400 3828 δὲ
2445 3773 2567 3849 περὶ
2619 3771 2876 3832 Εὐσέϐιον
2927 3775 3186 3854 ἐφρόνουν
3238 3779 3371 3835 αὐτά
3408 3786 3567 3856 κοινῇ
3635 3784 3749 3857 μετ’

2101 3862 2288 3916 αὐτοῦ.

2168 4041 2257 4095 20.
2292 4039 2468 4095 Ταῦτά
2526 4039 2689 4115 ἐστιν,
2725 4043 2855 4120 ὑπὲρ
2916 4043 2988 4100 ὦν
3040 4045 3414 4122 ἀγωνίζονται,
3449 4046 3539 4104 διὰ
3583 4055 3751 4106 ταῦτα

2106 4128 2378 4203 μάχονται
2409 4130 2544 4205 πρὸς
2573 4133 2673 4200 τήν
2703 4133 2936 4208 ἀρχαίαν
2972 4133 3215 4190 σύνοδον·
3247 4136 3329 4192 ὅτι
3362 4139 3437 4211 μὴ
3471 4139 3537 4194 τὰ
3581 4141 3749 4212 ὅμοια

2099 4216 2275 4271 αὐτῶν
2319 4213 2555 4292 ἔγραψαν
2597 4222 2648 4274 οἱ
2677 4219 3024 4286 συνελθόντες
3057 4223 3107 4277 ἐν
3143 4225 3300 4300 αὐτῇ,
3333 4225 3480 4282 ἀλλά
3532 4227 3744 4301 μᾶλλον

2099 4305 2477 4380 ἀνεθεμάτισαν
2526 4310 2624 4377 τήν
2673 4311 2952 4383 Ἀρειανὴν
3001 4314 3244 4386 α’ίρεσιν,
3295 4318 3361 4385 ἣν
3415 4315 3742 4388 ἐσπούδαζον

2100 4396 2247 4450 οὗτοι
2283 4401 2562 4462 συστῆσαι.
2599 4399 2695 4453 Διά
2721 4404 2881 4455 τοῦτο
2912 4404 3000 4456 καὶ
3034 4404 3311 4479 Ἀστέριον
3371 4407 3460 4460 τὸν
3519 4407 3748 4472 θύσαντα

2101 4487 2360 4570 σοφιστήν
2411 4483 2561 4558 ὄντα,
2595 4491 2896 4566 συνήγορον
2944 4498 3042 4560 τῆς
3096 4490 3339 4558 ἀσεϐείας
3389 4495 3566 4551 αὐτῶν
3611 4500 3747 4570 (48),

2099 4569 2542 4649 προύϐάλλοντο,
2573 4575 2661 4631 ’ίνα
2705 4578 2781 4649 μὴ
2833 4577 3081 4656 φείδηται
3131 4585 3268 4656 μήτε
3315 4584 3450 4638 κατά
3498 4590 3593 4639 τοῦ
3622 4569 3746 4641 Ku-

2101 4664 2220 4736 ρίου
2271 4665 2610 4741 φθέγγεσθαι,
2650 4669 2787 4739 μήτε
2828 4668 2953 4731 τοὺς
3005 4671 3284 4745 ἀκεραίους
3331 4677 3401 4746 τῇ
3454 4676 3744 4738 πιθανολο-

2099 4753 2194 4827 γίᾳ
2239 4751 2468 4822 πλανᾷν.
2519 4755 2620 4810 Καῖ
2670 4756 2942 4829 ἠγνόησάν
2990 4779 3049 4835 γε
3099 4761 3149 4813 οἱ
3200 4758 3445 4834 ἀμαθεῖς,
3498 4763 3580 4817 ὅτι
3627 4765 3747 4818 καθ’

334 4846 431 4900 tis.
489 4843 696 4900 Verum
749 4845 1100 4918 ignorabant
1130 4844 1300 4899 inscii
1340 4844 1445 4911 illi,
1479 4843 1534 4898 id
1569 4860 1696 4899 sese
1728 4844 1785 4897 in
1820 4861 1986 4899 suam

2110 4846 2298 4896 Lai):ti
2329 4841 2640 4916 εἰργάζοντο
2671 4849 2853 4900 τοῦτο.
2887 4850 2949 4902 Ἡ
2981 4851 3084 4922 γὰρ
3133 4845 3370 4905 δυσωδία
3417 4859 3517 4921 τῆς
3563 4853 3638 4914 εἰς
3681 4854 3748 4909 τὰ

334 4950 502 5005 agere
537 4934 876 5006 perniciem.
908 4935 1075 4990 Fetor
1105 4935 1260 4990 enim
1294 4933 1562 4989 sacriﬁcii
1595 4934 1666 4988 ab
1712 4934 1986 4988 advocato

332 5040 438 5078 suo
469 5023 643 5080 idolis
674 5023 870 5090 oblati,
897 5023 1168 5079 haeresim
1203 5023 1390 5096 magis
1426 5021 1730 5095 magisque
1760 5021 1990 5079 Christo

328 5110 632 5167 inimicam
665 5112 1265 5185 coarguebat.ldcirco
1297 5113 1625 5168 etiamnum
1648 5111 1848 5168 omnia
1870 5129 1990 5168 mo-

405 5265 426 5298 ⁴
455 5262 581 5320 Joel
612 5280 675 5332 ιι,
707 5266 799 5334 25,
858 5325 870 5334 ο

399 5421 509 5492 (44)
541 5420 633 5475 Sic
668 5424 810 5492 Reg.
842 5420 1020 5492 Aetita
1052 5419 1190 5492 legit
1224 5420 1484 5477 Nannius
1513 5421 1615 5492 qui
1649 5422 1848 5492 vertit,
1881 5424 1973 5477 in-

324 5489 598 5564 gehitdm.
620 5491 798 5556 Editi,
829 5489 1115 5564 ἀγένητονέ

397 5566 508 5635 (45)
539 5563 608 5618 Ai
643 5563 892 5636 deestin
929 5564 1067 5636 Reg.

536 5636 700 5709 Reg,
734 5634 840 5707 πρὸ
871 5638 979 5709 τῶν
1013 5633 1452 5709 θεραπευομένων
1484 5633 1620 5708 εἶχε.

391 5708 505 5789 (η)
529 5703 676 5789 ﬂag.
712 5703 1003 5789 etjfasi‘iq
1038 5703 1250 5789 ἔγραφε.
1284 5703 1418 5775 Qua)
1462 5703 1794 5789 squuuntur
1834 5723 1965 5778 por-

322 5773 405 5844 ro,
442 5777 493 5828 ot
526 5773 582 5828 δὲ
609 5773 728 5849 περὶ
774 5773 1052 5848 Εὖσέϐιον,
1077 5773 1222 5848 'stcl,
1276 5773 1320 5836 δι’
1358 5773 1968 5852 praecedentibus—se-

2097 4927 2302 4985 εἴδωλα
2337 4931 2521 4995 θυσίας
2551 4937 2648 4986 τοῦ
2693 4935 3000 5008 συνηγόρου
3052 4935 3126 4991 ἔτι
3180 4938 3344 4995 πλέον
3388 4941 3488 5010 τήν
3543 4939 3746 5018 α’ίρεσιν

2098 5019 2480 5096 χριστομάχον
2529 5018 2783 5080 ἐδείκνυε.
2816 5025 2913 5078 Διά
2953 5030 3119 5082 τοῦτο
3168 5029 3255 5082 καὶ
3301 5033 3393 5084 νῦν
3438 5030 3609 5086 πάντα
3662 5054 3744 5086 κι-

2096 5114 2248 5165 νοῦσι
2305 5109 2394 5164 καὶ
2453 5104 2769 5184 θορυϐοῦσι,
2826 5114 3156 5187 νομίζοντες,
3209 5119 3293 5172 ὅτι
3344 5117 3439 5174 κᾶν
3491 5119 3750 5183 πλείονας

2075 5419 2382 5492 jungenda
2415 5434 2528 5492 non
2562 5423 2718 5487 sunt,
2755 5423 2818 5475 ut
2849 5421 2904 5476 in
2939 5423 3076 5480 edit.
3112 5427 3294 5484 Paris.
3328 5428 3474 5484 Nam
3512 5430 3567 5484 in
3596 5433 3740 5488 edit.

2084 5490 2309 5575 90mm.
2365 5495 2422 5575 et
2464 5490 2532 5575 in
2585 5507 2726 5573 mss.
2769 5504 3196 5575 consequenter
3242 5505 3578 5571 ponuntur;
3626 5520 3745 5575 quo

2086 5565 2231 5636 item
2249 5563 2428 5636 modo
2464 5561 2731 5636 Nannius
2755 5561 2979 5636 posuit:

2156 5635 2262 5704 (£8)
2290 5638 2453 5704 Beia,
2489 5632 2709 5689 ἑαυτῶν.
2746 5632 2916 5702 Editi,
2951 5637 3148 5696 αὐτῶν.
3184 5643 3311 5698 Mox
3365 5643 3518 5700 idem
3571 5650 3708 5704 Rea.

2085 5690 2169 5777 ir};
2194 5690 2467 5778 ipsiS'q'rai,
2498 5710 2669 5762 recte.
2701 5709 2868 5778 Editi,
3571 5690 3736 5720 "VO"
