4082 6370
456 475 573 534 ’119

990 468 1055 528 8.
1103 464 1527 528 ATHANASII
1572 467 1745 528 OPP.
1790 465 1992 527 PARS
2038 464 2088 525 Ι.
2120 499 2200 511 -
2228 464 2648 529 HISTORICA
2689 466 2792 529 ET
2836 466 3320 529 DOGMATICA.

3763 470 3874 533 720

445 601 664 677 junxit,
697 616 873 671 quam
906 614 1012 654 nos
1043 612 1250 653 omnes
1279 600 1498 653 rectam
1544 600 1601 653 et
1648 595 2105 653 ecclesiasticam

2238 593 2543 671 γράμμασιν
2572 591 2835 676 ἔγγραφον
2860 598 2960 665 τὴν
2994 601 3105 652 τῶν
3153 593 3364 673 ἀνδρῶν
3402 595 3713 675 ὀρθοδοείαν
3742 601 3870 675 (58),

452 708 581 751 esse
611 689 984 764 agnovimus.
1019 690 1086 742 Et
1108 688 1243 758 jure
1272 686 1512 758 quidem
1562 685 1913 741 hortabatur
1957 685 2113 742 viros

451 780 671 853 suscipi
719 782 777 834 et
801 775 1069 832 Ecclesiae
1098 774 1200 830 Dei
1234 774 1537 847 conjungi,
1566 780 1633 830 ut
1660 775 1824 830 vobis
1852 791 1922 829 ex
1951 774 2116 845 ejus-

451 873 586 928 dem
619 865 882 941 epistolzs
912 862 1437 935 exemplari,quam
1470 880 1576 919 nos
1607 864 1679 918 ad
1713 863 1989 935 pietatem
2019 879 2115 918 ve-

452 964 636 1016 stram
671 955 972 1023 misimus,
1006 957 1213 1008 notum
1246 952 1377 1008 erit.
1412 951 1724 1009 Credimus
1752 953 1922 1008 vobis
1946 952 2117 1024 ipsis,

459 1052 665 1122 utpote
695 1046 931 1119 propria
963 1042 1142 1099 vestri
1175 1041 1437 1113 corporis
1469 1042 1737 1097 membra
1766 1057 2117 1113 recuperan-

457 1138 635 1205 tibus,
689 1149 975 1207 magnum
1022 1132 1143 1188 fore
1195 1131 1478 1203 gaudium
1511 1130 1896 1202 laetitiamque
1930 1148 1943 1186 :
1975 1131 2117 1186 dum

455 1230 649 1283 vestra
677 1225 921 1289 viscera,
954 1229 1179 1277 vestros
1220 1221 1427 1276 fratres
1476 1224 1532 1275 et
1554 1229 1746 1291 patres
1795 1218 2117 1292 agnoscitis

459 1316 608 1375 587
662 1317 720 1369 et
769 1310 1064 1384 recipitis;
1116 1310 1334 1381 quippe
1384 1326 1497 1364 non
1554 1308 1748 1364 solum
1792 1308 2117 1380 presbyteri

456 1406 577 1463 Arii
630 1417 935 1474 sequaces,
996 1397 1098 1455 sed
1150 1397 1344 1454 omnis
1398 1397 1652 1470 populus
1696 1402 1754 1453 et
1802 1396 2119 1452 multitudo

456 1493 732 1551 universa
760 1490 931 1546 vobis
963 1487 1318 1555 restituitur,
1349 1504 1475 1559 quae
1510 1503 1691 1558 supra
1719 1486 2011 1543 dictorum
2045 1485 2125 1541 vi-

457 1599 656 1640 rorum
719 1578 1025 1637 occasione
1082 1575 1306 1645 iamdiu
1361 1593 1395 1631 a
1450 1576 1617 1631 vobis
1675 1575 2020 1631 dissidebat.
2052 1574 2123 1629 Et

454 1688 659 1728 revera
683 1670 850 1725 docet
877 1683 1001 1737 vos,
1035 1666 1110 1721 iis
1140 1664 1458 1737 compertis
1491 1681 1619 1736 quae
1649 1664 1746 1719 hic
1776 1669 1905 1719 acta
1957 1667 2120 1732 sunt,

460 1775 669 1831 nempe
716 1757 871 1812 viros
918 1755 1050 1810 illos
1102 1753 1415 1810 nobiscum
1466 1752 1966 1823 communicasse,
2001 1757 2060 1807 et
2090 1768 2124 1807 a

459 1853 625 1906 tanta
647 1862 814 1904 sacra
843 1845 1066 1918 synodo
1098 1846 1367 1914 receptos
1397 1842 1609 1907 fuisse,
1643 1842 1772 1913 conj
1784 1843 2122 1897 unctionem

462 1942 519 1994 et
548 1952 749 2009 pacem
783 1950 915 1990 cum
950 1931 1199 2005 propriis
1225 1931 1508 1987 membris
1553 1928 1946 1987 libentissime
1996 1946 2123 1985 am—

463 2026 636 2099 plecti
682 2041 695 2080 :
743 2040 878 2080 cum
925 2020 1304 2095 potissimum
1357 2021 1503 2077 fides
1553 2021 1626 2076 ab
1678 2019 1795 2076 illis
1842 2017 2124 2093 exposita,

465 2114 848 2189 apostolicam
899 2111 1275 2169 traditionem
1331 2114 1508 2182 atque
1542 2109 1867 2165 doctrinam
1896 2109 1965 2164 ab
1996 2124 2121 2164 om-

465 2206 641 2261 nibus
688 2203 1106 2275 approbatam,
1156 2200 1380 2271 absque
1447 2199 1820 2255 contentione
1887 2214 2124 2255 conser-

462 2299 575 2350 vet.

2224 686 2292 754 ἣν
2355 684 2662 761 ἐπέγνωμεν
2706 687 2757 740 οἱ
2806 686 2999 748 πάντες
3053 685 3177 763 ὑγιῆ
3221 706 3279 741 τε
3322 684 3484 743 οὖσαν
3532 687 3622 743 καὶ
3671 686 3871 762 ἔκκλη-

2226 777 2527 845 σιαστικήν.
2562 774 2666 831 Καὶ
2697 774 2923 837 εἰκότως
2972 773 3270 851 παρεκάλει
3318 776 3447 840 τοὺς
3498 775 3694 854 ἄνδρας
3751 780 3874 835 ὑπο-

2229 859 2493 938 δεχθῆναι
2520 862 2610 917 καὶ
2642 863 2907 932 ἑνωθῆναι
2936 866 3004 938 τῇ
3037 862 3335 936 Ἐκκλησία
3358 870 3457 920 τοῦ
3499 871 3657 936 Θεοῦ,
3695 867 3870 943 ὥσπερ

2229 950 2320 1006 οὖν
2380 951 2471 1005 καὶ
2521 951 2679 1006 αὐτοὶ
2741 951 2802 1007 ἐκ
2854 957 2962 1007 τῶν
3018 951 3290 1008 ΐσοτύπων
3353 955 3466 1028 (59)
3522 953 3724 1012 εἴσεσθε
3773 963 3872 1028 τῆς

2229 1039 2398 1109 αὐτῆς
2457 1038 2780 1109 ἐπιστολῆς,
2819 1043 2887 1110 ἧς
2926 1040 3064 1116 πρὸς
3119 1042 3221 1109 τὴν
3278 1041 3539 1118 ὑμετέραν
3591 1039 3871 1101 εὐλάϐειαν

2231 1126 2664 1202 διεπεμψάμεθα.
2698 1128 3054 1203 Πιστεύομεν,
3085 1127 3168 1185 ὅτι
3212 1129 3301 1186 καὶ
3354 1131 3482 1205 ὑμῖν
3535 1131 3722 1198 αὐτοῖς

2231 1218 2307 1279 ὡς
2359 1216 2420 1271 ἂν
2456 1218 2524 1271 τὰ
2560 1217 2734 1273 οἲκεῖα
2784 1216 2927 1290 μὲλη
2982 1222 3080 1273 τοῦ
3125 1219 3390 1296 ὑμετέρου
3435 1222 3685 1296 σώματο>
3743 1223 3876 1279 ἀπο-

2232 1301 2596 1379 λαμϐάνουσι,
2633 1306 2844 1383 μεγάλη
2874 1309 3023 1383 χαρὰ
3069 1308 3159 1363 καὶ
3212 1309 3515 1386 εὐφροσύνη
3574 1314 3875 1388 γενήσεται,

2230 1394 2297 1449 τὰ
2338 1395 2539 1449 ἑαυτῶν
2571 1393 2868 1472 σπλάγχνα
2914 1395 3004 1451 καὶ
3060 1396 3189 1460 τοὺς
3244 1398 3450 1454 ἑαυτῶν
3499 1396 3770 1478 ἀδελφούς
3821 1423 3878 1457 τε

2231 1484 2320 1538 καὶ
2370 1485 2603 1561 πατὲρας
2658 1484 2985 1562 γνωρίζουσι
3039 1506 3098 1541 τε
3135 1487 3226 1542 καὶ
3275 1480 3784 1562 ἀπολαμϐάνοιῖσιν·
3817 1490 3876 1545 ού

2236 1573 2402 1645 μόνον
2433 1577 2540 1627 τῶν
2572 1568 2951 1650 πρεσϐυτέρων
2999 1580 3108 1630 τῶν
3148 1576 3274 1654 περὶ
3320 1578 3538 1651 Ἀρειον
3590 1576 3878 1635 ἀποδοθένο

2231 1683 2338 1716 των
2380 1662 2529 1735 ὑμῖν,
2563 1661 2823 1718 ἀλλὰκαὶ
2853 1661 3054 1725 παντὸς
3102 1668 3199 1719 τοῦ
3249 1663 3387 1721 λαοῦ
3434 1666 3525 1720 καὶ
3580 1674 3682 1737 τῆς
3739 1665 3880 1739 πλη-

2233 1748 2358 1813 θύος
2420 1749 2655 1821 ἀπάσης,
2715 1749 2751 1819 ἢ
2810 1752 3075 1829 προφάσει
3135 1755 3244 1807 τῶν
3304 1752 3607 1827 εἰρημένων
3670 1753 3876 1830 ἀνδρῶν

2235 1844 2431 1914 μακρῷ
2472 1839 2661 1915 χρόνῳ
2705 1841 2832 1917 παρ’
2864 1840 2989 1914 ὑμῖν
3042 1836 3333 1912 διειστήκει
3361 1844 3494 1917 (61).
3531 1843 3627 1897 Καὶ
3686 1844 3877 1921 πρέπει

2234 1948 2297 2004 γε
2355 1928 2577 1997 ἀληθῶς
2629 1928 2851 2003 γνόντας
2915 1929 3053 2003 ὑμᾶς
3109 1929 3176 1985 τὰ
3226 1933 3599 2006 πεπραγμένα,
3659 1933 3749 1988 καὶ
3804 1934 3878 1996 ὡς

2238 2017 2597 2087 ἐκοινώνησαν
2655 2019 2711 2072 οἱ
2770 2014 2977 2094 ἄνδρες,
3033 2016 3442 2096 παρεδέχθησάν
3505 2042 3563 2077 τε
3621 2022 3723 2078 ὑπὸ
3778 2030 3878 2093 τῆς

2229 2106 2497 2177 τοσαύτης
2556 2105 2709 2181 ἁγίας
2765 2104 3018 2178 συνόδου,
3072 2109 3464 2182 προθυμότατα
3538 2110 3627 2165 καὶ
3686 2109 3877 2173 αὐτοὺς

2232 2194 2565 2250 ἀσπάσασθαι
2613 2197 2713 2265 τὴν
2757 2197 2895 2272 πρὸς
2937 2196 3004 2251 τὰ
3051 2196 3224 2251 οἰκεῖα
3275 2196 3418 2271 μέλη
3489 2201 3773 2279 συνάφειάν
3824 2221 3882 2255 τε

2233 2284 2324 2339 καὶ
2354 2283 2571 2359 εἷ’ρήνην
2600 2282 2681 2339 ὅτι
2745 2285 2983 2359 μάλιστα
3030 2286 3098 2340 τὰ
3151 2292 3251 2356 τῆς
3304 2285 3607 2359 ἐκτεθείσης
3666 2290 3755 2344 ὑπ’
3785 2288 3878 2346 αύ-

460 2385 570 2435 τῶν
630 2377 862 2439 πίστεως
931 2376 1343 2455 ἀναμφήριστον
1419 2374 1579 2444 σώζει
1633 2374 1733 2444 τὴν
1799 2376 1945 2451 παρὰ
1999 2378 2117 2437 τοῖς
2169 2379 2329 2429 πᾶσιν
2384 2374 2844 2449 ὁμολογουμένην
2891 2371 3263 2445 ἀποστολικὴν
3321 2374 3617 2452 παράδοσίν
3676 2398 3736 2434 τε
3790 2394 3890 2447 καὶ⁵

464 2466 816 2525 διδασκαλίαν
846 2467 980 2540 (62).

532 2560 623 2614 22.
653 2558 770 2614 Ηοο
799 2556 919 2612 illis
951 2556 1060 2612 fuit
1086 2556 1444 2629 synodorum
1476 2555 1802 2623 exordium,
1853 2554 1955 2612 ubi
2005 2554 2119 2611 cito

465 2647 778 2706 concilium
830 2662 1005 2702 suum
1053 2644 1246 2717 palam
1300 2644 1506 2713 fecere,
1558 2660 1663 2700 nec
1692 2643 1985 2701 occultare
2015 2661 2123 2717 po-

469 2739 727 2794 tuerunt.
760 2738 903 2791 Cum
953 2732 1106 2790 enim
1156 2733 1420 2790 dicerent
1466 2732 1834 2790 eliminatam
1885 2750 2119 2790 omnem

469 2825 750 2881 invidiam
802 2822 1009 2888 fuisse,
1040 2827 1115 2891 et,
1143 2825 1455 2895 postquam
1488 2822 1851 2878 Athanasius
1879 2821 2122 2879 Alexan-

468 2916 608 2970 driae
639 2913 951 2987 episcopus
980 2910 1037 2967 in
1070 2911 1344 2968 exsilium
1376 2912 1596 2968 missus
1618 2911 2124 2979 esset,scriberent

469 3008 734 3076 oportere
754 3002 959 3058 Arium
980 3017 1117 3057 cum
1140 3001 1265 3057 suis
1286 3000 1527 3072 suscipi;
1549 3000 1720 3073 plane
1739 3002 2125 3058 ostenderunt

471 3108 627 3159 se,ea
645 3092 716 3145 de
736 3106 936 3159 causa,
958 3089 1278 3145 Athanasio
1301 3093 1358 3145 et
1378 3089 1509 3145 aliis
1532 3088 1805 3145 omnibus
1830 3089 2122 3162 episcopis

2302 2555 2391 2608 22.
2426 2550 2577 2625 Αὕτη
2623 2557 2733 2608 τῶν
2782 2549 3021 2609 συνόδων
3063 2553 3237 2609 αὐτῶν
3288 2555 3323 2625 ἡ
3375 2553 3521 2631 ἀρχὴ
3552 2554 3791 2630 γέγονεν,
3826 2555 3880 2610 ἐν

2231 2643 2270 2714 ᾖ
2315 2642 2404 2697 καὶ
2478 2642 2578 2710 τὴν
2654 2641 2964 2717 προαίρεσιν
3026 2643 3228 2698 ἑαυτῶν
3276 2643 3493 2718 ταχέως
3542 2641 3884 2720 ἐξήγγειλαν,

2231 2730 2320 2785 καὶ
2371 2729 2470 2786 οὐκ
2516 2729 2866 2802 ἠδυνήθησαν
2916 2730 3138 2808 κρύψαι.
3175 2731 3473 2807 Εἰρηκότες
3530 2734 3634 2809 γὰρ
3692 2731 3885 2806 ἐξηλᾶ-

2234 2831 2354 2883 σθαι
2386 2822 2496 2893 (63)
2524 2822 2698 2875 πάντα
2726 2820 2944 2899 φθόνον,
2969 2820 3058 2875 καὶ
3110 2821 3246 2895 μετὰ
3293 2821 3355 2876 τὸ
3402 2819 3740 2896 ἐξορισθῆναι
3790 2821 3884 2877 τὸν

2234 2908 2530 2965 ἐπίσκοπον
2578 2917 2680 2981 τῆς
2730 2907 3136 2987 ’Δλεξανδρείας
3184 2911 3527 2980 Ἀθανάσιον,
3586 2911 3886 2989 γράφοντες

2236 2996 2345 3054 δεῖν
2395 2997 2657 3075 δεχθῆναι
2712 3002 2940 3077 Ἀρειον
2973 2999 3062 3056 καὶ
3121 2998 3247 3063 τοὺς
3306 2998 3399 3055 σὺν
3458 2999 3626 3073 αὐτῷ,
3666 2994 3889 3071 ἔδειξαν,

2235 3088 2317 3144 ὅτι
2378 3086 2467 3144 διὰ
2523 3094 2681 3145 τοῦτο
2735 3089 2881 3163 αύτῷ
2928 3109 2986 3144 τε
3040 3094 3119 3162 τῷ
3176 3092 3288 3163 (64)
3322 3089 3617 3163 Ἀθανασίῳ
3668 3085 3892 3144 ἐπεϐού-

470 3179 584 3235 sibi
606 3178 1073 3252 repugnantibus
1098 3178 1339 3233 insidias
1360 3177 1743 3245 struxisse,ut
1762 3179 1962 3234 Arium
1987 3195 2120 3234 cum

2238 3177 2416 3250 λευον,
2449 3178 2537 3233 καὶ
2568 3183 2683 3242 τοῖς
2716 3176 2914 3241 ἄλλοις
2944 3182 3102 3234 πᾶσιν
3145 3177 3463 3241 ἐπισκόποις
3507 3185 3624 3241 τοῖς
3673 3176 3886 3235 ἀντιλε-

472 3267 651 3325 sociis
681 3267 1027 3339 reciperent,
1050 3266 1434 3339 hteresimque
1464 3265 1905 3323 introducerent
1931 3266 1991 3322 in
2029 3267 2126 3323 Ec-

471 3354 736 3420 clesiam,
762 3359 820 3410 et
846 3371 1184 3427 quanquam
1208 3370 1413 3411 omnes
1429 3370 1639 3427 pravas
1662 3355 1779 3409 Arii
1802 3356 2126 3413 sententias

473 3445 532 3500 in
554 3443 654 3500 illo
677 3444 900 3517 synodo
940 3442 1303 3511 laudassent,
1333 3449 1391 3499 et
1416 3444 1487 3499 ad
1521 3443 1995 3501 communionem
2024 3461 2124 3501 eos

475 3533 706 3589 admitti
727 3532 1251 3603 statuissent,quod
1260 3533 1385 3604 jam
1408 3532 1480 3588 ab
1503 3533 1650 3605 ipsis
1674 3533 1890 3589 factum
1913 3534 2122 3602 fuerat;

477 3627 737 3679 attamen
764 3622 871 3678 rati
895 3621 1118 3693 aliquid
1139 3621 1330 3678 adhuc
1352 3622 1423 3677 ad
1447 3639 1621 3678 suum
1647 3622 2011 3695 pr0positum
2031 3624 2126 3679 de-

481 3710 1084 3779 siderari,Antiochia3
1106 3712 1394 3785 synodum
1425 3712 1667 3767 obtentu
1700 3712 2123 3783 Encieniorum,

481 3808 547 3858 ut
574 3805 801 3869 vocant,
848 3806 1150 3874 cogerunt.
1192 3801 1262 3856 Et
1308 3801 1445 3874 quia
1491 3816 1725 3875 semper
1759 3802 1829 3859 ab
1850 3802 2125 3860 omnibus

482 3894 554 3949 de
590 3890 795 3947 hasresi
825 3891 1274 3957 accusabantur,
1308 3891 1422 3947 alia
1445 3890 1578 3948 aliis
1605 3891 1969 3963 diversisque
2000 3909 2123 3949 mo-

480 3983 573 4039 dis
604 3982 821 4056 scripta
851 3981 1182 4037 ediderunt.
1202 3980 1265 4036 In
1296 3980 1495 4054 aliqua
1521 3986 1716 4037 autem
1746 3982 2126 4054 epistolarum

477 4087 722 4129 suarum
758 4070 878 4128 haec
904 4070 1303 4144 conscripsere
1338 4088 1350 4127 :

545 4361 574 4390 ‹‹
605 4338 721 4396 Nos
769 4355 959 4411 neque
1004 4338 1124 4394 Arii
1175 4341 1493 4395 sectatores
1546 4337 1789 4406 fuimus,
1832 4339 2127 4410 quomodo

472 4428 630 4483 enim
679 4428 938 4501 episcopi
994 4428 1401 4501 presbyterum
1449 4442 1829 4499 sequeremur
1862 4426 1891 4483 ?
1938 4443 2127 4500 neque

472 4515 648 4571 aliam
682 4516 879 4583 fidem,
903 4521 1114 4588 praeter
1142 4533 1270 4572 eam
1303 4533 1431 4589 qua:
1463 4517 1536 4571 ab
1569 4516 1738 4572 initio
1770 4516 1985 4572 tradita
2014 4520 2125 4588 est,

472 4603 823 4677 recepimus.
844 4603 1116 4669 Quinimo
1140 4622 1248 4661 nos
1273 4606 1401 4675 ejus
1424 4606 1537 4660 [ide
1561 4605 1917 4672 examinata,
1938 4606 2128 4678 explo-

472 4698 878 4766 rataque,eum
902 4694 1098 4766 potius
1120 4694 1677 4765 admisimus,quam
1693 4693 1877 4750 secuti
1895 4710 2122 4753 sumus:

541 4856 656 4982 (:58)
687 4857 809 4912 Τῶν
844 4852 1078 4931 ἆνδρῶιν
1114 4852 1529 4931 ὀρθοδοξίαν.Ιη
1554 4854 1677 4910 Ι]ωο
1709 4855 2127 4938 verbadesinit

466 4932 545 4982 At
594 4929 833 4985 anasius
882 4944 1063 5001 supra
1120 4944 1253 5001 pag.
1293 4930 1413 5000 157,
1447 4928 1548 4983 ubi
1592 4943 1709 4982 non
1757 4932 1846 4982 est
1895 4934 2127 5001 integra

1240 4968 1253 4982 .
1293 4968 1413 5000 ιω,

472 5000 744 5056 epistola.

510 5018 777 5141 ἣξὸῗιὲίο
807 5071 1037 5143 Reg.et
1069 5070 1248 5143 Basil.
1276 5070 1431 5143 Editi
1473 5085 1605 5127 vero
1633 5074 1734 5138 τῆς
1771 5066 2055 5143 ἰσοτύπης.

541 5142 653 5213 (60)
686 5147 847 5215 Reg.,
879 5141 971 5215 icti
998 5144 1133 5215 ἡμῖν
1166 5141 1255 5196 καὶ
1289 5141 1495 5203 αὐτοῖς.
1530 5147 1655 5215 Μοξ
1693 5142 1913 5215 Regius
1943 5158 2120 5214 quem

467 5208 1281 5286 εοᾲυῖωυιῖἀπολαμέοἱνουσι.
1318 5216 1486 5285 Editi,
1520 5208 1981 5284 ἀπολαμϐἷὶνωσιῖ

541 5283 651 5357 (61)
682 5292 845 5358 383.,
878 5283 1165 5356 διιστήκει.

536 5355 650 5429 (62)
683 5355 820 5414 Post
849 5358 971 5414 haec
1002 5360 1062 5415 in
1095 5358 1232 5414 edit.
1266 5358 1453 5414 Paris.
1487 5357 1753 5430 sequitur
1781 5359 1951 5430 ταύτα
1989 5355 2119 5410 σύν-

466 5425 772 5501 οδος,’(ιιιω
824 5430 1001 5486 verba
1056 5431 1270 5485 desunt
1327 5431 1386 5485 in
1444 5425 1588 5485 edit:
1620 5428 1903 5485 Commel.
1954 5435 2010 5483 et
2058 5431 2114 5483 in

464 5503 748 5628 amnibus
783 5503 1225 5575 manuscriptis.
1260 5507 1384 5558 Mov
1415 5502 1450 5570 ἡ
1485 5507 1621 5557 ante
1665 5500 1812 5575 ἀρχή
1864 5502 2024 5557 deest
2056 5501 2113 5556 in

515 5590 604 5628 ea.

515 5590 604 5629 ΘΕ.

678 5645 844 5717 Reg.,
880 5639 1193 5713 ἐξηλάσθαι.

539 5716 654 5785 (64)
688 5716 939 5785 ItaReg.
974 5716 1033 5770 in
1062 5716 1237 5772 editis
1261 5718 1343 5785 τῷ
1374 5716 1555 5772 deest.

540 5786 653 5857 (65)
684 5789 824 5857 Reg.
858 5788 1115 5843 secunda
1146 5804 1326 5844 manu
1350 5787 1439 5841 καὶ
1472 5785 1548 5850 εἰς
1577 5786 1774 5866 πάσας.

2233 3288 2417 3345 γουσιν
2478 3266 2661 3330 αὐτοῖς
2719 3262 3138 3337 ἐπεϐούλευσαν,
3202 3268 3334 3345 ὑπὲρ
3403 3272 3500 3323 τοῦ
3563 3267 3689 3330 τοὺς
3762 3267 3888 3342 περὶ

2235 3360 2454 3433 Ἀρειον
2504 3355 2773 3431 δέξασθαι,
2805 3358 2894 3413 καὶ
2952 3359 3052 3428 τήν
3112 3355 3314 3434 α’ίρεσιν
3377 3357 3455 3420 εἷς
3495 3358 3595 3427 τὴν
3648 3355 3890 3427 Ἐκκλη-

2236 3445 2354 3503 σίαν
2412 3446 2737 3523 εἰσαγαγεῖν·
2770 3445 2860 3501 καὶ
2923 3446 2967 3500 εί
3024 3444 3113 3502 καὶ
3170 3452 3342 3501 πᾶσαν
3376 3449 3490 3519 (65)
3544 3447 3642 3516 τὴν
3677 3447 3888 3522 ’Λρείου

2233 3536 2644 3609 κακοφροσύνην
2678 3534 2934 3609 ἐπῄνεσαν
2994 3533 3047 3591 ἐν
3090 3535 3278 3610 ταύτῃ,
3327 3536 3416 3590 καὶ
3469 3535 3547 3598 εἰς
3603 3536 3891 3591 κοινωνίαν

2235 3624 2563 3699 προσέταξαν
2622 3624 2816 3687 αὐτοὺς
2883 3621 3168 3700 δεχθῆναι,
3200 3623 3352 3679 αὐτοὶ
3410 3623 3673 3700 πρότερον
3721 3628 3887 3679 τοῦτο

2235 3715 2581 3784 ποιήσαντεςο
2616 3710 2771 3785 ὅμως
2800 3712 3099 3787 ἡγούμενοι
3132 3710 3339 3767 λείπειν
3373 3713 3561 3776 αὐτοῖς
3612 3710 3889 3789 ἔτι,.πρὸς

2238 3804 2267 3858 ’ὸ
2327 3801 2654 3879 βούλονται,
2715 3807 3099 3879 συγκροτοῦσιν
3159 3802 3212 3857 ἐν
3272 3802 3584 3878 Ἀντιοχείᾳ
3659 3799 3889 3858 σύνοδον

2238 3894 2503 3969 προφάσει
2550 3895 2658 3947 τῶν
2706 3889 3015 3966 λεγομὲνων
3063 3891 3403 3968 Ἐγκαινίων”
3435 3891 3525 3946 καὶ
3569 3888 3758 3961 ἐπειδή
3805 3892 3892 3947 ἀεὶ

2240 3981 2344 4036 ὑπὸ
2394 3982 2610 4037 πάντων
2653 3985 3063 4057 κατηγοροῦντο
3113 3980 3237 4055 περὶ
3284 3987 3384 4051 τῆς
3436 3980 3716 4055 αἱρέσεως,
3754 3983 3893 4058 γρά-

2237 4092 2398 4149 φουσι
2455 4068 2753 4150 διαφόρως,
2783 4070 2851 4126 τὰ
2911 4071 3005 4144 μὶν
3059 4069 3255 4140 οὕτως,
3280 4070 3347 4125 τὰ
3407 4067 3465 4126 δὲ
3513 4070 3753 4133 ἐκείνως.
3787 4070 3892 4125 Καὶ

2233 4159 2303 4214 τὰ
2353 4159 2447 4234 μὶν
2496 4158 2547 4213 ἐν
2596 4163 2694 4233 μιᾷ
2737 4157 3001 4233 ἐπιστολῇ
3042 4160 3312 4237 γραφίντα
3360 4160 3486 4232 παρ’
3534 4160 3711 4215 αὐτῶν
3771 4157 3886 4214 ἐστι

2233 4266 2421 4304 ταυτα’

2307 4338 2420 4410 (66)
2457 4360 2478 4388 α
2514 4336 2707 4409 Ἡμεῖς
2757 4338 2867 4411 (67)
2908 4334 3032 4393 οὔτε
3070 4333 3365 4393 ἀκόλουθοι
3413 4336 3623 4414 Ἀρείου
3668 4338 3895 4415 γεγόνα-

2244 4446 2360 4500 μεν’
2394 4429 2511 4488 πῶς
2540 4426 2642 4502 γὰρ
2666 4425 2953 4481 ἐπίσκοποι
2988 4423 3137 4489 ὄντες
3189 4424 3599 4500 ἀκολουθοῦμεν
3648 4422 3893 4502 πρεσϐυ-

2234 4515 2414 4592 τέρῳ;
2449 4510 2572 4569 οὔτε
2628 4512 2806 4586 ἄλλην
2865 4514 2983 4569 τινὰ
3039 4515 3219 4571 πίστιν
3272 4514 3418 4590 παρὰ
3457 4517 3557 4585 τήν
3608 4514 3658 4586 ἐξ
3706 4515 3894 4592 ἀρχῆς

2156 4573 2205 4639 D
2236 4573 2632 4681 παραδοθεῖσαν
2690 4573 2803 4675 (66)
2857 4601 3170 4678 ἐδεξάμεθα.
3232 4573 3409 4660 Ἀλλὰ
3456 4573 3545 4659 καὶ
3610 4573 3899 4675 «31033.5;

2237 4693 2451 4749 ετασταὶ
2475 4693 2563 4747 καὶ
2595 4689 2920 4766 δοκιμασταὶ
2951 4699 3050 4764 τῆς
3080 4693 3315 4757 πίστεως
3358 4692 3522 4749 αὐτοῦ
3577 4693 3891 4770 γενόμενοι,

2306 4856 2423 4924 (66)
2453 4856 2644 4929 Prima
2676 4855 2809 4911 ﬁdei
2838 4854 3093 4929 formula
3123 4856 3526 4929 scriptaanno
3556 4857 3680 4912 341.

2310 4928 2424 5001 (6ῖ)
2457 4928 2689 5001 ln_edit.
2717 4928 2903 5001 Paris.
2939 4927 3187 5001 habetur
3214 4927 3306 4984 hic
3326 4928 3703 5001 titulus,rTch
3760 4927 3895 5001 περὶ

2231 4992 2492 5054 Εὐάὲϐἰον
2525 4995 2813 5072 ἐπιστολή,
2841 5000 2914 5055 ab
2945 5000 3272 5072 editoribus
3304 5002 3404 5072 qui
3449 4992 3640 5057 titulis
3687 4992 3896 5057 omnia

2230 5071 2535 5127 inferciere
2555 5071 2824 5138 additus;
2844 5072 2901 5126 in
2937 5070 3118 5127 nullis
3147 5072 3302 5127 enim
3322 5070 3634 5129 codicibus
3652 5071 3893 5140 legitur,

2230 5159 2418 5215 neque
2450 5142 2508 5197 in
2558 5143 2696 5198 edit.
2749 5142 3142 5215 Comm.7Ha:c
3194 5160 3365 5215 porro
3415 5144 3549 5200 ﬁdei
3599 5142 3896 5215 professio

2132 5235 2144 5247 α
2228 5219 2420 5270 exstat
2449 5215 2602 5285 apud
2637 5219 2932 5271 Socratem
2964 5214 3065 5269 lib.
3085 5231 3145 5281 ιι,
3175 5214 3297 5286 cap.
3324 5214 3676 5287 10;Niceph.
3704 5214 3811 5271 lib.
3833 5234 3894 5283 x,

2228 5287 2425 5359 cap.5,
2444 5292 2502 5341 et
2531 5288 2720 5357 quoad
2756 5287 3109 5342 sententiam
3144 5291 3373 5344 tantum
3406 5288 3563 5359 apud
3584 5288 3892 5359 ATheodor.

2226 5355 2329 5413 lib.
2365 5374 2453 5419 ιιι,
2480 5355 2612 5429 cap.
2644 5359 2698 5412 5.
2732 5359 2890 5415 Infra
2920 5362 3144 5414 Socrat.
3190 5367 3249 5415 et
3296 5355 3536 5429 Nicepb.
3572 5355 3894 5428 ἀκολουθή-

2227 5448 2414 5499 σομεν.
2466 5428 2919 5486 Decreveramus
2978 5430 3072 5485 hic
3121 5430 3192 5486 de
3247 5428 3469 5506 synodo
3517 5430 3899 5487 Antiochena

2225 5518 2319 5555 an.
2355 5499 2449 5554 341
2490 5517 2679 5558 agere.
2712 5502 2820 5557 Sed
2855 5519 2988 5558 cum
3022 5506 3294 5558 notarum
3324 5503 3605 5558 harumce
3628 5502 3898 5558 brevitas

2226 5518 2319 5555 an.
2355 5518 2449 5554 seu
2490 5518 2679 5570 agere.
2712 5518 2820 5557 bed
2855 5519 2988 5558 cum
3022 5518 3294 5558 nonarum
3324 5518 3605 5559 narumce
3631 5518 3898 5559 brevnas

2226 5588 2349 5646 rem
2385 5576 2605 5627 tantam
2638 5589 2844 5646 capere
2894 5579 3168 5644 nequeat,
3202 5576 3272 5629 ad
3323 5575 3497 5629 vitam
3550 5573 3896 5642 Athanasii,

2224 5643 2336 5716 ubi,
2360 5659 2452 5699 res
2482 5643 2809 5701 necessarie
2842 5643 3250 5716 pertractatur,
3284 5646 3665 5701 remittimus.

2298 5715 2408 5800 (68)
2440 5719 2597 5802 ξροιι.
2627 5722 2688 5802 et
2712 5714 3339 5802 _h]i‘c‘eph.,‘égrzaqeieav.
3363 5716 3496 5774 Mox
3526 5718 3686 5774 Socr.
3722 5714 3895 5772 Ἀλλ’

2223 5785 2409 5858 ἡμεῖς,
2444 5786 2686 5859 Niceph.
2712 5785 2891 5843 Ἀλλὰ
2913 5787 3002 5842 καὶ
3032 5790 3219 5861 ἡμεῖς.
