4082 6332
420 364 532 423 723

963 368 1027 427 S.
1076 366 1503 428 ATHANASII
1549 369 1722 428 OPP.
1770 368 1972 428 PARS
2018 368 2064 426 Ι.
2098 395 2174 408 -
2215 364 2630 426 HISTORICA
2674 367 2774 426 ET
2817 366 3297 427 DOGMATICA.

3717 365 3840 423 724

422 495 741 550 resurrexit
769 496 944 550 tertia
972 497 1065 551 die
1100 514 1111 551 :
1147 501 1203 552 et
1233 499 1495 553 ascendit
1525 499 1582 552 in
1623 498 1854 564 omium,
1883 498 2074 552 sedet-

2206 493 2499 566 τέμψαντός
2548 515 2632 566 με·
2671 495 2819 548 »τὸν
2869 494 3105 557 παθόντα
3155 495 3286 568 ὑπὲρ
3333 495 3518 564 ἡμῶν,
3568 493 3658 546 καὶ
3705 492 3841 547 ἀνα-

421 599 535 652 que
570 584 640 637 ad
677 584 974 638 dexteram
1011 584 1197 639 Patris
1233 601 1246 638 :
1281 591 1339 639 et
1377 585 1589 640 iterum
1650 593 1934 641 venturus
1985 589 2074 640 est

420 688 554 725 cum
587 672 774 742 gloria
803 679 859 727 et
891 674 1480 744 potestate,judicare
1509 675 1667 730 vivos
1698 679 1754 730 et
1784 679 2070 729 mortuos.

2188 583 2385 636 στάντα
2411 586 2521 653 (81)
2568 586 2636 655 τῇ
2684 582 2836 658 τρίτῃ
2883 583 3084 654 ἡμέρᾳ·
3135 581 3224 636 καὶ
3275 581 3568 650 ἀνελθόντα
3617 580 3691 642 εἰς
3742 581 3843 635 ού-

2185 670 2397 744 ρανοὺς,
2457 671 2546 725 καὶ
2596 671 2917 734 καθεσθέντα
2976 670 3030 725 έν
3087 669 3233 742 δεξιᾷ
3279 675 3376 725 τοῦ
3433 670 3644 744 Πατρός
3685 691 3697 704 ο
3752 674 3850 727 καὶ

424 759 493 812 Et
529 760 583 812 in
618 760 900 830 Spiritum
934 767 1228 826 sanctum,
1259 762 1364 833 qui
1393 763 1462 817 ad
1508 763 1986 829 consolationem,
2021 767 2077 817 et

2206 759 2349 814 πάλιν
2414 758 2715 834 ἐρχόμενον
2771 760 2905 831 μετά
2961 757 3121 829 δόξης
3176 761 3265 814 καὶ
3317 757 3620 832 δυνάμεως,
3667 766 3851 835 κρῖναι

422 849 969 914 sanctiﬁcationem,
1019 856 1075 905 et
1122 851 1194 905 ad
1254 851 1648 906 initiationem
1702 852 2077 907 credentibus

423 936 782 1001 datur,sicut
806 941 862 991 et
892 938 1178 994 Dominus
1210 944 1408 995 noster
1433 942 1605 995 Jesus
1633 940 1902 996 Christus
1935 958 2076 1011 pras-

425 1025 581 1094 cepit
604 1023 914 1096 discipulis
945 1027 1146 1082 dicens
1170 1044 1183 1081 :
1208 1048 1229 1077 ι
1247 1029 1462 1084 Euntes
1488 1029 1688 1084 docete
1715 1046 1920 1084 omnes
1940 1045 2080 1100 gen-

427 1118 537 1178 tes,
574 1113 938 1184 baptizantes
969 1133 1089 1180 eos,
1123 1117 1181 1170 in
1217 1118 1454 1173 nomine
1502 1119 1712 1185 Patris,
1761 1124 1818 1172 et
1844 1117 1992 1186 Filii,
2027 1120 2084 1171 et

429 1201 685 1272 Spiritus
719 1204 906 1258 sancti
939 1205 979 1267 ⁷,
1019 1224 1043 1255 ι
1079 1206 1284 1273 Patris,
1318 1206 1541 1261 scilicet
1589 1222 1721 1261 vere
1768 1207 1994 1272 Patris;
2027 1209 2086 1260 et

433 1290 570 1344 Filii
622 1307 748 1346 vere
805 1291 1064 1358 Filii;et
1120 1294 1375 1365 Spiritus
1432 1295 1620 1350 sancti
1650 1312 1780 1350 vere
1832 1294 2087 1366 Spiritus

437 1382 626 1435 sancti
655 1399 668 1448 ;
705 1383 1048 1438 nominibus
1083 1401 1196 1439 non
1229 1390 1447 1441 temere
1483 1393 1583 1440 aut
1613 1385 1903 1440 inutiliter
1933 1385 2090 1456 posi-

433 1469 641 1535 tis,sed
675 1476 944 1526 accurate
967 1473 1262 1543 prOpriam
1279 1474 1648 1545 singulorum
1665 1475 1763 1544 qui
1781 1475 2089 1528 nominan-

434 1565 533 1612 tur
563 1559 1224 1630 hypostasim,ordinem
1258 1567 1315 1617 et
1347 1562 1592 1634 gloriam
1620 1563 2092 1634 significantibus

435 1649 578 1702 adeo
614 1651 676 1702 ut
706 1648 1008 1720 hypostasi
1041 1651 1277 1720 quidem
1313 1653 1424 1706 tria
1457 1653 1612 1719 sint;
1647 1653 1960 1708 concordia
1990 1669 2094 1706 au-

433 1742 582 1804 tem,
618 1753 822 1791 unum.
856 1741 1018 1793 Hanc
1049 1739 1228 1809 igitur
1261 1745 1520 1795 tenentes
1551 1741 2000 1812 ﬁdem,eamque
2023 1745 2093 1796 ab

433 1823 606 1880 initio
634 1826 705 1880 ad
741 1826 917 1881 tinem
953 1845 1138 1898 usque
1178 1828 1236 1882 in
1269 1835 1586 1900 conspectu
1642 1829 1739 1884 Dei
1787 1835 1845 1884 et
1875 1829 2097 1890 Christi

438 1920 760 1982 servantes,
803 1932 1041 1985 pravam
1094 1933 1330 1972 omnem
1381 1917 1712 1972 haereticam
1766 1918 2096 1972 doctrinam

438 2002 810 2058 anathemate
840 2003 1214 2060 damnamus.
1248 2007 1315 2060 Et
1363 2005 1412 2061 si
1461 2005 1595 2076 quis
1643 2011 1844 2077 praeter
1893 2023 2098 2063 sanam

444 2096 781 2162 rectamque
822 2093 1252 2164 Scripturarum
1305 2094 1480 2149 ﬁdem
1530 2095 1815 2160 docuerit,
1865 2095 2092 2163 dicens,

443 2183 544 2234 aut
573 2185 830 2252 tempus,
863 2187 964 2237 aut
993 2200 1201 2248 aevum,
1239 2201 1311 2237 au
1363 2183 1664 2253 saeculum,
1697 2201 1848 2248 esse,
1879 2184 1968 2239 vel
1998 2201 2093 2239 ex-

444 2268 688 2338 stitisse,
740 2272 1086 2341 priusquam
1140 2271 1323 2326 Filius
1373 2274 1730 2343 gigneretur,
1783 2273 2096 2328 anathema

442 2362 584 2412 esto.
620 2357 689 2411 Et
718 2358 768 2412 si
802 2360 936 2428 quis
970 2359 1180 2414 dixerit
1212 2360 1420 2414 Filium
1446 2366 1794 2426 creaturam,
1821 2366 1884 2414 ut
1915 2377 2093 2417 unam

441 2461 509 2498 ex
540 2447 846 2513 creaturis,
877 2454 978 2502 aut
1008 2448 1297 2519 genitum,
1333 2455 1396 2503 ut
1422 2466 1606 2504 unum
1638 2467 1704 2504 ex
1734 2449 1970 2521 genitis,
1995 2456 2096 2505 aut

441 2532 766 2602 Opiﬁcium,
799 2539 864 2590 ut
895 2551 1077 2590 unum
1128 2553 1195 2590 ex
1226 2537 1498 2606 opiﬁciis,
1533 2553 1718 2607 neque
1767 2537 2001 2609 singula
2033 2542 2095 2592 ut

443 2622 650 2676 divina:
683 2624 993 2695 Scriptum
1035 2625 1425 2692 tradiderunt,
1459 2637 1628 2696 prout
1680 2627 1884 2682 ordine
1940 2627 2096 2682 dicta

443 2714 968 2783 sunt,protitcatur
991 2731 1004 2781 ;
1030 2719 1131 2768 aut
1160 2715 1208 2768 si
1242 2713 1466 2786 aliquid
1498 2716 1892 2781 docuerit,aut
1921 2732 2093 2770 evan-

441 2799 790 2868 gelizaverit,
824 2807 1030 2872 prater
1070 2803 1126 2856 id
1160 2804 1315 2873 quod
1368 2804 1722 2874 accepimus,
1782 2803 2096 2859 anathema

442 2894 584 2944 esto.
618 2889 733 2946 Nos
765 2893 919 2946 enim
953 2892 1151 2946 omnia
1172 2908 1298 2962 qua:
1329 2893 1514 2948 sacris
1545 2892 1603 2946 in
1638 2892 1953 2964 Scripturis
1974 2898 2092 2947 tra-

447 2978 689 3048 duntur,
723 2997 856 3036 cum
881 2997 913 3035 a
944 2981 1242 3052 pr0phetis
1277 2991 1397 3035 tum
1424 2983 1496 3036 ab
1526 2980 1830 3053 apostolis,
1863 2999 1993 3036 vere
2027 2997 2092 3036 ac

445 3065 718 3138 religiose
748 3069 1042 3124 credimus
1073 3075 1502 3140 sectamurque.
1539 3092 1568 3119 ››

2189 852 2387 916 ζῶντας
2437 849 2526 902 καὶ
2574 849 2816 922 νεκρούς’
2850 849 2939 902 καὶ
2991 848 3067 910 εἷς
3113 849 3175 902 τὸ
3228 850 3446 920 Πνεῦμα
3474 849 3536 902 τὸ
3570 850 3746 923 ἅγιον,
3775 849 3844 904 τὸ

2188 936 2264 998 εἷς
2323 935 2689 1011 παράκλησιν,
2749 937 2840 991 καὶ
2900 938 3189 1012 ἁγιασμὸν,
3243 937 3332 991 καὶ
3389 935 3668 992 τελείωσιν
3729 943 3853 1000 τοῖς

2189 1028 2504 1079 πιστεύουσι
2563 1022 2892 1098 διδόμενον,
2949 1025 3129 1088 καθὼς
3187 1026 3277 1080 καὶ
3335 1027 3363 1079 6
3423 1027 3623 1102 Κύριος
3679 1029 3857 1099 ἡμῶν

2191 1114 2403 1183 Ἰησοῦς
2475 1115 2710 1188 Χριστὸς
2769 1112 3046 1184 διετάξατο
3103 1121 3218 1176 τοῖς
3300 1121 3568 1188 μαθηταῖς
3622 1113 3795 1192 λέγων
3831 1134 3846 1147 ⁸

2196 1229 2223 1255 ι(
2262 1204 2637 1278 Πορευθέντες,
2694 1203 3066 1276 μαθητεύσατε
3108 1205 3278 1258 πάντα
3325 1204 3394 1258 τὰ
3443 1202 3593 1275 ἔθνη,
3650 1205 3854 1278 βαπτί-

2200 1295 2385 1358 ζοντες
2441 1290 2636 1352 αὐτοὺς
2698 1291 2774 1352 εἷς
2829 1292 2890 1346 τὸ
2949 1287 3122 1364 ὄνομα
3171 1297 3269 1346 τοῦ
3327 1293 3556 1366 Πατρὸς,
3613 1293 3703 1346 καὶ
3749 1297 3852 1347 τοῦ

2199 1379 2346 1446 Υἱοῦ,
2397 1379 2486 1432 καὶ
2530 1383 2626 1432 τοῦ
2673 1379 2826 1455 ἁγίου
2883 1380 3216 1452 Πνεύματος·
3247 1405 3274 1433 ››
3311 1379 3570 1450 δηλονότι
3619 1383 3856 1457 Πατρὸς,

2199 1467 2424 1536 ἀληθῶς
2604 1468 2818 1542 Πατρός
2869 1465 3043 1535 ὄντος,
3098 1471 3225 1524 Υὶοῦ
3257 1467 3314 1524 δὲ
3357 1468 3578 1539 ἀληθῶς
3612 1471 3740 1524 Υἱοῦ
3771 1467 3860 1525 ὅν-

2201 1577 2313 1627 τος,
2347 1560 2442 1609 τοῦ
2475 1554 2532 1610 δὲ
2562 1556 2719 1629 ἁγίου
2769 1557 3084 1630 Ιίνεύματος
3133 1559 3353 1628 ἀληθῶς
3403 1559 3559 1633 ἁγίου
3607 1559 3862 1632 Πνεύμα-

2201 1666 2294 1706 τος
2362 1640 2541 1710 ὄντος,
2572 1651 2679 1699 τῶν
2718 1646 3000 1718 ὀνομάτων
3035 1647 3142 1722 οὐχ
3173 1646 3363 1710 ἁπλῶς
3395 1647 3520 1702 οὐδὲ
3548 1649 3725 1724 ἀργῶς
3757 1669 3866 1703 κει-

2209 1732 2406 1805 μένων,
2451 1732 2597 1789 ἀλλά
2639 1736 3016 1807 σημαινόντων
3052 1731 3313 1812 ’ἀκριϐῶς
3342 1737 3440 1806 τήν
3490 1736 3692 1792 οἰκείαν
3732 1738 3858 1792 έκά-

2211 1841 2337 1876 στου
2384 1827 2491 1877 τῶν
2543 1823 2965 1896 ὀνομαζομένων
3017 1824 3304 1879 ὑπόστασίν
3353 1846 3413 1880 τε
3459 1826 3548 1880 καὶ
3587 1825 3731 1895 τάξιν
3762 1825 3856 1880 καὶ

2209 1906 2386 1980 δόξαν·
2439 1911 2512 1972 ὡς
2560 1913 2692 1966 εἶναι
2739 1916 2808 1985 τῇ
2857 1913 2952 1985 μὲν
3007 1913 3291 1969 ὑποστάσει
3341 1915 3486 1988 τρία,
3529 1919 3598 1988 τῇ
3631 1912 3687 1969 δὲ
3715 1936 3856 1987 συμ-

2208 1999 2383 2074 φωνίᾳ
2437 1996 2510 2055 ἓν.
2568 2000 2780 2070 Ταύτην
2831 2001 2922 2055 οὗν
2973 1998 3192 2077 ἔχοντες
3247 2004 3346 2070 τήν
3402 2004 3604 2071 πίστιν,
3650 2004 3739 2058 καὶ
3798 2003 3852 2074 ἐξ

2209 2088 2390 2162 ἀρχῆς
2421 2090 2508 2142 καὶ
2545 2091 2710 2164 μέχρι
2733 2088 2926 2152 τέλους
2958 2085 3176 2166 ἔχοντες
3200 2090 3431 2147 ἐνώπιον
3456 2097 3552 2146 τοῦ
3577 2097 3708 2148 Θεοῦ
3739 2095 3853 2166 (83)

2206 2177 2298 2230 καὶ
2353 2181 2448 2230 τοῦ
2504 2181 2760 2251 Χριστοῦ,
2808 2185 2978 2233 πᾶσαν
3031 2180 3312 2255 αἱρετικήν
3362 2178 3680 2251 κακοδοξίαν
3724 2183 3850 2236 ἀνα-

2204 2265 2586 2338 θεματίζομεν.
2619 2267 2722 2323 Καὶ
2767 2265 2822 2322 εἷ’
2863 2289 2944 2329 τις
2989 2271 3135 2342 παρά
3178 2271 3278 2338 τὴν
3317 2271 3439 2344 ὑγιῇ
3487 2275 3594 2324 τῶν
3630 2269 3855 2347 Γραφῶν

2207 2354 2372 2428 ὀρθὴν
2423 2359 2602 2408 πίστιν
2655 2353 2916 2426 διδάσκει,
2961 2356 3132 2432 λέγων
3184 2357 3219 2426 ἢ
3268 2360 3467 2433 χρόνον
3500 2362 3634 2431 (84),
3667 2358 3703 2427 ἢ
3736 2380 3855 2414 και-

2207 2443 2320 2517 ρὸν,
2352 2443 2386 2511 ἢ
2438 2443 2629 2512 αἰῶνα,
2680 2445 2713 2513 ἢ
2767 2445 2924 2514 εἶναι,
2965 2445 3000 2514 ἢ
3032 2448 3324 2522 γεγονέναι,
3373 2447 3478 2521 πρὸ
3523 2452 3620 2502 τοῦ
3666 2469 3855 2523 γεννη-

2205 2539 2363 2600 θῆναι
2409 2533 2500 2587 τὸν
2553 2534 2698 2600 Υἱὸν,
2749 2533 2989 2608 ἀνάθεμα
3037 2533 3193 2591 ἔστω.
3228 2537 3326 2590 Καὶ
3374 2535 3422 2590 εἲ
3449 2558 3531 2598 τις
3583 2535 3728 2611 λέγει
3760 2539 3854 2592 τὸν

2207 2620 2324 2674 ι’ἱὸν
2377 2621 2598 2692 κτίσμα,
2658 2622 2731 2683 ὡς
2777 2622 2830 2676 ’ὲν
2874 2628 2978 2677 τῶν
3031 2627 3366 2696 κτισμάτων,
3398 2624 3432 2693 ἢ
3477 2625 3720 2698 γέννημα
3779 2627 3853 2688 ὡς

2203 2709 2256 2763 ἓν
2288 2714 2396 2764 τῶν
2419 2712 2766 2785 γεννημάτων
2803 2714 2942 2784 (85),
2973 2712 3007 2781 ἢ
3039 2713 3169 2783 ποίη
3181 2735 3275 2786 μα,
3301 2714 3374 2775 ὡς
3397 2714 3452 2768 ἓν
3478 2719 3586 2768 τῶν
3605 2715 3852 2787 ποιημά-

2201 2819 2333 2867 των,
2365 2798 2452 2852 καὶ
2514 2799 2588 2870 μὴ
2640 2800 2713 2860 ὡς
2763 2801 2816 2852 αἱ
2863 2805 2999 2863 θεῖαι
3053 2801 3256 2877 Γραφαὶ
3303 2799 3710 2876 παραδέδωκαν,
3742 2807 3848 2856 τῶν

2203 2886 2615 2962 προειρημένων
2666 2884 2887 2942 ἕκαστον
2939 2887 3028 2966 ἀφ’
3074 2888 3317 2944 ἑκάστου·
3351 2890 3385 2958 ἢ
3420 2887 3545 2945 εἴτι
3596 2890 3735 2946 ἄλλο
3769 2888 3848 2945 δι-

2205 2973 2408 3044 δάσκει,
2464 2975 2497 3044 ἢ
2548 2975 2968 3050 εὐαγγελίζεται,
3021 2979 3146 3053 παρ’
3197 2979 3225 3032 ὃ
3268 2974 3673 3054 παρελάϐομεν,
3726 2980 3850 3034 ἀνά-

2205 3076 2342 3136 θεμα
2368 3062 2524 3120 ἔστω.
2558 3065 2752 3136 Ἡμεῖς
2794 3066 2897 3141 γάρ
2946 3071 3074 3120 πᾶσι
3123 3073 3243 3129 τοῖς
3291 3067 3350 3122 ἐκ
3377 3073 3483 3123 τῶν
3528 3068 3685 3125 θείων
3714 3075 3850 3145 Γρα-

447 3158 559 3228 φῶν
614 3153 1077 3230 παραδεδομένοις
1138 3153 1240 3210 ὑπό
1299 3177 1357 3210 τε
1409 3161 1703 3233 προφητῶν
1757 3158 1846 3211 καὶ
1905 3154 2222 3211 ἀποστόλων
2299 3151 2574 3224 ἀληθινῶς
2642 3173 2699 3207 τε
2755 3155 2842 3208 καὶ
2898 3150 3154 3232 έμφόϐως
3210 3159 3325 3230 (86)
3381 3157 3470 3211 καὶ
3527 3157 3852 3231 πιστεύομεν

444 3242 536 3294 καί
595 3241 1019 3316 ἀκολουθοῦμεν.
1057 3268 1085 3294 ››

515 3334 1055 3406 24.Theophronius
1086 3351 1254 3405 porro
1288 3335 1530 3406 quidam
1561 3335 1871 3408 episcopus
1899 3336 2088 3408 Thya-
2121 3340 2164 3407 α

446 3423 667 3490 nensis,
701 3423 852 3477 hanc
887 3422 1018 3478 fidei
1049 3423 1362 3478 formulam
1397 3441 1430 3476 a
1467 3440 1529 3478 se
1559 3425 1948 3494 compositam
1998 3441 2092 3480 co-

443 3529 567 3566 ram
611 3513 888 3568 omnibus
918 3513 1243 3582 proposuit,
1295 3511 1409 3579 cui,
1465 3511 1718 3568 hominis
1769 3515 2094 3586 approbata

444 3601 577 3667 ﬁde,
613 3601 1096 3672 subscripserunt
1125 3618 1330 3656 omnes
1364 3617 1376 3654 :

520 3711 546 3741 ¢
577 3689 744 3745 Novit
773 3691 1128 3761 Deus,quem
1163 3695 1367 3745 testem
1404 3690 1460 3744 in
1488 3690 1746 3745 animam
1781 3707 1970 3746 meam
1991 3693 2092 3746 ad-

445 3797 602 3846 voco,
637 3795 731 3834 me
761 3779 843 3834 ita
874 3781 1130 3844 credere,
1162 3778 1403 3845 scilicet,
1433 3779 1491 3834 in
1527 3797 1709 3834 unum
1760 3781 1944 3836 Deum
1987 3781 2094 3836 Pa-

447 3874 593 3923 trem
643 3868 1124 3939 omnipotentem,
1177 3867 1584 3923 universorum
1659 3874 1977 3924 creatorem
2039 3874 2096 3924 et

444 3959 748 4028 factorem,
788 3975 855 4012 ex
884 3974 995 4027 quo
1027 3956 1244 4011 omnia.
1298 3959 1366 4012 Et
1413 3957 1473 4011 in
1525 3956 1736 4012 Filium
1782 3958 1910 4028 ejus
1965 3958 2095 4012 uni-

445 4047 736 4117 genitum,
767 4047 972 4112 Dsum,
1006 4045 1284 4112 Verbum,
1333 4044 1676 4116 potentiam,
1722 4046 2090 4116 sapientiam,

443 4135 758 4190 Dominum
793 4141 1058 4189 nostrum
1088 4135 1286 4188 .Iesum
1311 4134 1742 4204 Christum,per
1769 4151 1941 4204 quem
1965 4151 2094 4190 om-

447 4224 562 4290 nia,
597 4240 666 4278 ex
694 4224 863 4277 Patre
895 4228 1097 4277 natum
1131 4230 1265 4278 ante
1295 4221 1528 4289 saecula,
1559 4226 1737 4276 Deum
1774 4224 2094 4293 perfectum

446 4332 513 4369 ex
544 4315 659 4368 Deo
691 4313 944 4384 perfecto
972 4331 985 4380 ;
1021 4311 1120 4383 qui
1150 4316 1238 4367 est
1267 4313 1421 4382 apud
1452 4314 1630 4367 Deum
1666 4313 1722 4365 in
1759 4312 2094 4384 hypostasi;

446 4401 547 4473 qui
577 4402 637 4456 in
671 4400 1004 4457 novissimis
1032 4401 1240 4456 diebus
1271 4401 1588 4466 descendit,
1622 4405 1678 4454 et
1708 4406 1880 4456 natus
1910 4406 1999 4456 est
2028 4418 2097 4455 ex

447 4490 704 4563 Virgine,
739 4491 1063 4545 secundum
1098 4489 1447 4560 Scripturas,
1498 4489 1651 4545 589
1697 4490 1872 4544 homo
1906 4490 2096 4545 factus

448 4586 555 4650 est,
589 4595 802 4651 passus
830 4584 938 4650 est,
973 4578 1289 4634 resurrexit
1315 4595 1348 4632 a
1379 4577 1647 4646 mortuis,
1672 4583 1727 4633 et
1749 4578 2014 4633 ascendit
2035 4579 2093 4634 in

449 4667 644 4737 caelos,
676 4668 955 4740 sedetque
985 4667 1057 4722 ad
1090 4667 1384 4722 dexteram
1420 4666 1608 4720 Patris
1640 4666 1752 4721 sui.
1788 4667 1854 4720 Et
1879 4665 2094 4722 iterum

449 4763 732 4813 venturus
755 4761 844 4812 est
875 4773 1008 4812 cum
1049 4755 1236 4826 gloria
1280 4759 1338 4810 et
1376 4759 1680 4826 potestate,
1717 4754 1983 4825 judicare
2012 4755 2094 4810 vi-

449 4863 550 4903 vos
578 4851 636 4901 et
667 4851 949 4911 mortuos,
985 4849 1298 4914 manetque
1328 4842 1384 4896 in
1419 4841 1650 4898 saecula.
1700 4843 1768 4898 Et
1813 4843 1873 4898 in
1913 4842 2092 4916 Spiri-

517 4947 538 4981 “¹
567 4945 768 5001 Matth.
801 4959 999 5010 xxvm,
1032 4943 1116 4996 19.

521 5047 817 5117 (81)Socr.
880 5048 1011 5111 post
1070 5039 1385 5106 ἀναστάντα,
1445 5043 1670 5113 repetit,
1735 5041 1864 5112 ὑπὲρ
1906 5043 2089 5113 ἡμῶν.

449 5116 628 5172 Hilar.
663 5133 836 5171 vero:
873 5118 976 5184 Qui
1020 5133 1222 5186 passus
1264 5126 1342 5170 est
1385 5125 1436 5170 et
1462 5120 1765 5171 resurrexit
1788 5131 1894 5186 pro
1941 5117 2095 5172 nobis

451 5190 927 5332 tc’ltég)dbfgcrates
961 5257 1050 5332 bis
1082 5253 1357 5332 ἀληθινῶς
1402 5256 1596 5326 habet,
1647 5257 1829 5332 tertio
1872 5252 2093 5332 ἀληθῶς

449 5329 828 5402 υθὶηἨθμὶο
882 5330 1148 5402 habetur,
1198 5329 1351 5402 quod
1402 5334 1766 5402 postremum
1817 5329 1875 5382 in
1919 5329 2093 5402 editis

447 5409 630 5492 deest.
681 5398 836 5458 Infra
889 5400 1106 5472 Regius
1154 5398 1228 5454 et,
1267 5401 1553 5467 Socrates,
1614 5398 1857 5454 ἑκάστου.
1917 5399 2093 5469 Editi,

449 5498 808 5621 εκῗὲξὶῖὶῖεεο
842 5543 1138 5621 habentur
1181 5544 1336 5615 apud
1386 5542 1627 5621 Niceph.
1656 5541 1755 5621 lib.
1788 5559 2003 5621 x,.ca‘p.
2034 5543 2090 5612 5,

523 5560 633 5621 (83)
666 5560 796 5602 Haec
845 5560 1138 5598 habentur
1181 5560 1336 5615 apud
1386 5560 1522 5598 mce
1569 5560 1627 5597 [ι.
1656 5560 1755 5597 ιιι).
1788 5560 1845 5611 x,
1877 5560 2003 5611 cap.
2034 5560 2088 5612 ξ),

451 5640 583 5692 pag.
610 5620 735 5698 689.
771 5616 993 5696 Ibidem
1027 5615 1212 5698 ξορα,
1243 5633 1462 5698 εχοντες
1492 5560 1589 5681 1g»;
1622 5611 1800 5667 πίστιν
1860 5611 2088 5667 ἐνώπιον

449 5698 545 5746 τοῦ
573 5693 729 5755 Θεοῦ,
765 5692 1002 5742 omissis
1031 5692 1415 5741 intermediis.

524 5762 635 5838 (84)
665 5754 734 5817 "H
768 5756 969 5833 χρόνον
1003 5758 1163 5813 deest
1189 5757 1250 5812 in
1280 5758 1530 5814 Socrate.
1583 5759 1713 5813 Mox
1749 5754 1928 5827 idem,
1983 5754 2088 5829 πρὸ

2272 3333 2361 3386 24.
2396 3331 2492 3384 Καὶ
2534 3333 2854 3408 Θεοφρόνιος
2903 3329 2961 3387 δέ
3003 3354 3086 3396 τις
3133 3332 3427 3397 ἐπίσκοπος
3471 3337 3687 3393 Τυάνων

2205 3420 2409 3483 συνθεὶς
2461 3420 2548 3473 καὶ
2597 3419 2757 3482 αὐτὸς
2807 3420 3008 3491 ἐξέθετο
3067 3425 3164 3491 τὴν
3229 3423 3406 3479 πίστιν
3463 3426 3664 3495 ταύτην
3729 3423 3854 3496 ἵμ-

2201 3510 2431 3584 προσθεν
2458 3512 2564 3562 τῶν
2612 3510 2847 3579 πάντων,
2979 3511 3067 3566 καὶ
3116 3511 3308 3574 πάντες
3363 3513 3695 3590 ὑπέγραψαν,
3723 3515 3854 3570 ἀπο-

2203 3597 2481 3670 δεξάμενοι
2513 3599 2614 3666 τήν
2642 3603 2739 3654 τοῦ
2773 3598 3062 3674 ἀνθρώπου
3090 3599 3289 3656 πίστιν’

2273 3688 2386 3759 (88)
2417 3711 2445 3737 ‹‹
2479 3684 2635 3743 Οἶδεν
2681 3689 2708 3742 6
2755 3688 2883 3750 Θεὸς
2921 3732 2934 3758 ,
2985 3690 3040 3743 ὃν
3103 3691 3346 3766 μάρτυρα
3398 3691 3552 3747 καλῶ
3602 3691 3692 3748 ἐπὶ
3747 3695 3846 3762 τὴν

2202 3774 2338 3848 ἐμήν
2386 3776 2595 3850 ψυχὴν,
2651 3776 2735 3830 ὅτι
2793 3775 2964 3839 οὕτως
3018 3778 3279 3833 πιστεύω·
3331 3780 3406 3842 εἷς
3453 3782 3582 3836 Θεὸν
3631 3782 3849 3857 ΙΙατέρα

2200 3866 2631 3938 παντοκράτορα,
2662 3865 2754 3920 τὸν
2785 3871 2892 3920 τῶν
2928 3865 3072 3922 ὅλων
3103 3868 3323 3938 κτίστην
3371 3869 3461 3923 καὶ
3505 3871 3764 3941 ποιητὴν,
3798 3871 3848 3942 ἐξ

2203 3951 2265 4007 οῦ
2289 3953 2356 4006 τὰ
2398 3954 2590 4007 πάντα’
2624 3953 2712 4007 καὶ
2763 3954 2838 4016 είς
2886 3957 2977 4009 τὸν
3033 3957 3147 4011 Γὶὸν
3201 3957 3365 4013 αὐτοῦ
3410 3959 3501 4013 τὸν
3559 3967 3846 4037 μονογενῆ,

2204 4042 2330 4096 Θεὸν
2379 4044 2513 4114 (89),
2565 4042 2763 4118 Λόγον,
2825 4041 3050 4117 δύναμιν
3100 4046 3190 4100 καὶ
3246 4045 3460 4122 σοφίαν,
3508 4047 3600 4102 τὸν
3650 4048 3847 4124 Κύριον

2203 4131 2362 4200 ἡμῶν
2395 4134 2600 4198 Ἰησοῦν
2653 4132 2909 4205 Χριστὸν,
2963 4129 3032 4186 δι’
3083 4133 3146 4187 οὗ
3192 4133 3259 4188 τὰ
3306 4135 3500 4204 πάντα,
3539 4137 3631 4190 τὸν
3660 4157 3850 4211 γεννη-

2203 4217 2356 4273 θέντα
2386 4217 2445 4272 έκ
2472 4223 2568 4273 τοῦ
2621 4221 2832 4295 Ῑῐατρὸς
2879 4222 2985 4297 πρὸ
3030 4227 3138 4276 τῶν
3184 4222 3420 4293 αἰώνων,
3467 4225 3594 4279 Θεὸν
3640 4225 3845 4280 τέλειον

2203 4306 2261 4362 ἐκ
2292 4311 2424 4362 Θεοῦ
2452 4305 2688 4378 τελείου,
2713 4309 2802 4363 καὶ
2851 4305 2978 4365 ὅντα
3028 4311 3165 4386 πρὸς
3214 4312 3304 4366 τὸν
3355 4313 3482 4368 Θεὸν
3535 4312 3586 4368 ἐν
3617 4313 3847 4370 ὑποστά-

2202 4413 2303 4450 σει*
2337 4395 2420 4451 ἐπ’
2449 4396 2690 4472 ἐσχάτων
2725 4394 2783 4452 δὲ
2810 4399 2917 4452 τῶν
2949 4401 3171 4474 ἡμερῶν
3217 4399 3563 4474 κατελθόντα,
3603 4403 3692 4457 καὶ
3724 4425 3844 4479 γεν-

2202 4484 2430 4554 νηθέντα
2478 4483 2538 4539 ἐκ
2585 4493 2685 4556 τῆς
2735 4488 3012 4560 Παρθένου
3066 4489 3200 4544 κατὰ
3248 4490 3343 4554 τὰς
3405 4491 3641 4568 Γραφάς,
3698 4491 3846 4548 ἐναν-

2205 4576 2566 4649 θρωπήσαντα
2597 4619 2613 4640 ,
2671 4571 2909 4630 παθόντα
2943 4619 2956 4645 ,
3018 4578 3108 4632 καὶ
3174 4577 3473 4634 ἀναστάντα
3557 4579 3664 4635 ἀπὸ
3735 4587 3842 4637 τῶν

2204 4668 2403 4738 νεκρῶν
2440 4707 2454 4733 ,
2507 4663 2596 4717 καὶ
2675 4662 2971 4720 ἀνελθόντα
3036 4666 3113 4728 εἷς
3186 4667 3314 4730 τοὺς
3391 4668 3696 4745 οὐρανοὺς,
3755 4671 3843 4725 καὶ

2204 4753 2523 4816 καθεσθέντα
2570 4751 2629 4808 ἐκ
2672 4750 2858 4823 δεξιῶν
2908 4759 3009 4808 τοῦ
3067 4758 3284 4832 ΙΙατρὸς
3329 4756 3510 4812 αὐτοῦ·
3544 4759 3634 4813 καὶ
3679 4759 3842 4816 πάλιν

2204 4839 2498 4916 ἐρχόμενον
2562 4840 2696 4914 μετὰ
2748 4838 2910 4912 δόξης
2957 4845 3044 4898 καὶ
3095 4842 3372 4918 δυνάμεως
3418 4851 3594 4901 κοῖναι
3647 4852 3847 4916 ζῶντας

2202 5042 2297 5094 τοῦ
2325 5039 2416 5094 τὸν
2447 5038 2591 5100 Υἱόν.
2626 5041 2845 5115 omisso
2877 5041 3222 5115 γεννηθῆναι.

2276 5115 2386 5184 (85)
2419 5117 2506 5168 Ita
2537 5115 2676 5184 Reg.
2709 5114 2800 5184 cui
2833 5114 3124 5171 censentit
3153 5117 3330 5174 Hilar.
3367 5118 3542 5184 Editi,
3598 5118 3704 5173 τῶν
3732 5139 3848 5176 κτι-

2202 5182 2444 5255 σμάτων,
2477 5183 2567 5237 καὶ
2603 5182 2678 5256 pii,
2714 5183 2787 5245 ὡς
2821 5185 2896 5256 αἱ,
2925 5188 3163 5244 omissis
3208 5182 3590 5261 interpositis.
3626 5196 3844 5249 Socrat.

2203 5255 2322 5310 haec
2353 5255 2586 5313 omittit.
2620 5254 2655 5313 “ii
2687 5254 2924 5313 ποίημα.
2965 5257 3039 5313 ὡς
3067 5255 3121 5313 ἓν
3166 5279 3272 5313 των
3325 5262 3668 5313 ποιπιιάτων.
3720 5268 3844 5313 Mox

2204 5261 2322 5310 hac
2353 5261 2586 5323 omittit,
2687 5261 2924 5327 ποίημα,
2965 5261 3039 5318 ὡς
3067 5261 3121 5313 ἓν
3166 5279 3272 5313 των
3325 5262 3668 5334 ποιημάτων.
3720 5268 3849 5321 Mox

2203 5327 2450 5414 δραι-εξ,
2469 5346 2634 5414 κπαρα¹
2665 5323 3042 5414 εδώκασιιτῶν¹
3085 5331 3502 5414 προειρημένων
3560 5328 3772 5395 ἓκαςτα·
3811 5335 3846 5405 ἢ

2203 5395 2255 5450 εἷ’
2279 5417 2362 5458 τις
2393 5395 2650 5471 mmet
2674 5399 2754 5455 ita
2783 5400 2923 5471 legit
2953 5395 3231 5460 Hilarius.

2417 5467 2907 5548 Socr.Lépgpav6Ic.
2941 5472 3072 5530 Mox
3102 5475 3237 5546 Reg.
3270 5471 3674 5548 ἀκολουθῶμεν.

2296 5543 2384 5613 87)
2419 5546 2552 5613 Reg.
2586 5543 2846 5599 Τοιάνων.

2294 5613 2383 5690 SS)
2415 5613 2768 5690 Tertia‘ﬂdei
2798 5615 3054 5690 formula
3079 5616 3298 5690 scripta
3325 5633 3478 5690 anno
3506 5619 3631 5675 342.

2294 5681 2384 5758 89)
2415 5688 2554 5759 Reg.
2586 5681 2714 5740 Θεὸν
2744 5684 2945 5762 Λόγον,
2975 5681 3478 5763 absque-virgula.

2272 5473 2290 5755 ξ

2366 5471 2385 5758 ἓ
