4082 6342
340 429 458 486 ’725

1801 429 1903 488 DE
1952 429 2311 490 SYNODIS.

3641 429 3760 485 726

338 560 430 614 καὶ
461 554 708 632 νεκροὺς,
742 556 831 612 καὶ
869 557 1103 630 μένοντα
1154 557 1231 620 εἷς
1275 559 1402 621 τοὺς
1454 559 1673 622 αἰῶνας*
1701 559 1792 615 καὶ
1833 557 1910 620 εἲς
1939 581 1977 614 τε

2119 564 2244 616 tum
2278 564 2571 629 sanctum,
2631 561 3078 625 consolatorem,
3138 557 3418 632 Spiritum
3475 557 3758 620 veritatis.

340 651 561 720 Πνεῦμα
595 647 770 722 ἅγιον,
799 646 889 700 τὸν
942 645 1332 721 Παράκλητον,
1362 650 1425 703 τὸ
1473 654 1685 723 πνεῦμα
1724 656 1822 718 τῆς
1854 649 1998 719 ἀλη-

341 736 508 805 θείας,
566 736 594 790 ὃ
638 736 724 790 καὶ
780 731 869 790 διὰ
915 739 1010 790 τοῦ
1060 739 1348 813 προφήτου
1399 737 1758 814 ἐπηγγείλατο
1809 740 1836 792 ὁ
1869 740 1996 800 Θεὸς

341 824 548 901 ἰκχέειν
598 823 682 878 ἐπὶ
716 823 843 886 τοὺς
889 825 1082 879 ἑαυτοῦ
1127 823 1382 899 δούλους,
1414 827 1503 882 καὶ
1536 829 1563 882 ὁ
1591 827 1788 902 Κύριος
1824 826 1996 904 ἐπηγ-

335 913 556 992 γείλατο
607 913 818 987 πέμψαι
866 919 983 978 τοῖς
1033 915 1222 970 ἑαυτοῦ
1277 922 1564 989 μαθηταῖς,
1614 918 1642 971 ’ὀ
1692 919 1780 972 καὶ
1828 911 1993 991 ἔπεμ-

335 1007 452 1078 ψεν,
488 1004 564 1068 ὡς
611 1003 664 1057 αἱ
716 1003 942 1078 Πράξεις
992 1007 1099 1058 τῶν
1152 1003 1473 1060 ἀποστόλων
1511 1010 1895 1082 μαρτυροῦσιν,
1929 1006 1992 1060 Εἰ

337 1091 394 1149 δέ
423 1115 507 1156 τις
553 1091 699 1169 παρὰ
745 1091 947 1164 ταύτην
992 1095 1091 1164 τὴν
1144 1095 1324 1149 πίστιν
1375 1092 1634 1164 διδάσκει,
1686 1094 1721 1164 ἢ
1777 1093 1890 1171 ἔχει
1939 1095 1990 1150 ἐν

334 1182 529 1255 ἑαυτῷ,
593 1182 839 1256 ἀνάθεμα
897 1178 1056 1238 ἔστω·
1117 1183 1207 1238 καὶ
1265 1183 1597 1260 Μαρκέλλου
1649 1189 1744 1239 τοῦ
1795 1186 1992 1260 Ἀγκύ-

331 1292 449 1348 ρας,
487 1270 522 1340 ἢ)
558 1265 891 1343 Σαϐελλίου,
922 1273 957 1341 ἢ
1010 1271 1229 1328 Παύλου
1281 1278 1379 1328 τοῦ
1432 1275 1820 1347 Σαμοσατέως,
1865 1274 1990 1328 ἀνά-

333 1362 473 1434 θεμα
533 1356 672 1415 ἔστω
720 1361 808 1415 καὶ
863 1359 1054 1434 αὐτὸς,
1112 1361 1202 1416 καὶ
1261 1363 1450 1426 πάντες
1504 1364 1556 1418 οἱ
1605 1367 1988 1425 κοινωνοῦντες

332 1448 481 1522 αὐτῷ
513 1450 646 1523 (90).
684 1473 712 1500 υ

401 1559 491 1614 25.
522 1558 634 1629 (91)
663 1558 829 1612 Ἦσαν
865 1553 922 1611 δὲ
955 1559 1008 1611 οἱ
1038 1554 1387 1624 συνελθόντες
1415 1559 1466 1615 ἐν
1497 1563 1613 1622 τοῖς
1661 1559 1987 1635 Ἐγκαινίοις

334 1643 620 1700 ἐπίσκοποι
698 1644 1014 1716 ἰνενήκυντα
1071 1690 1086 1713 ,
1149 1647 1371 1720 ὑπατείᾳ
1437 1647 1825 1724 Μαρκελλίνου
1897 1648 1987 1702 καὶ

335 1728 630 1810 Προϐίνου,
664 1732 1002 1798 ῗνδικτιῶνος
1039 1733 1123 1808 ιδ’,
1157 1735 1269 1791 ἐκεῖ
1308 1732 1458 1800 ὄντος
1490 1736 1861 1793 Κωνσταντίου
1892 1741 1986 1791 τοῦ

332 1817 690 1878 ἆσεϐεστάτου
727 1867 740 1881 .
787 1827 962 1878 Ταῦτα
1035 1824 1326 1900 πράξαντες
1383 1825 1436 1881 ἐν
1505 1827 1813 1901 Ἀντιοχείᾳ
1865 1830 1984 1886 τοῖς

2109 667 2282 722 quem
2315 665 2418 722 per
2448 650 2790 723 prophetam
2823 649 3096 720 promisit
3125 648 3280 702 Deus
3313 664 3374 702 se
3427 646 3753 703 effusorum

2107 757 2286 812 super
2315 757 2512 796 servos
2541 757 2679 796 suos
2710 740 2814 810 ’,εἰ
2839 738 3124 794 Dominus
3147 737 3417 809 promisit
3448 754 3508 791 se
3542 736 3754 791 missu-

2107 847 2234 884 rum
2269 831 2390 885 suis
2422 829 2727 902 discipulis
2756 830 2980 900 °,quem
3014 827 3190 882 etiam
3224 826 3405 892 misit,
3437 829 3502 880 ut
3530 829 3750 880 testan-

2104 923 2202 974 tur
2230 919 2630 992 apostolorum
2661 921 2800 975 Acta
2833 918 2895 972 ¹⁰.
2933 918 2991 974 Si
3031 917 3165 989 quis
3197 921 3391 972 autem
3442 914 3748 986 quidpiam

2105 1013 2313 1081 praeter
2340 1010 2492 1065 hanc
2525 1010 2696 1065 ﬁdem
2729 1010 2914 1076 docet,
2949 1011 3050 1063 aut
3080 1007 3236 1062 intra
3266 1022 3326 1061 se
3377 1004 3575 1072 sentit,
3612 1020 3750 1059 ana-

2104 1097 2304 1153 thema
2332 1102 2475 1154 esto.
2527 1099 2595 1152 Et
2653 1098 2754 1169 qui
2811 1113 2943 1152 cum
3005 1095 3275 1151 Marcello
3333 1097 3591 1167 Ancyrae,
3651 1096 3754 1147 aut

2102 1186 2375 1256 Sabellio,
2410 1186 2498 1242 vel
2543 1187 2724 1242 Paulo
2755 1185 3147 1242 Samosatensi
3196 1183 3391 1250 sentit,
3439 1181 3754 1239 anathema

2101 1275 2151 1331 is
2183 1293 2419 1348 quoque
2451 1277 2613 1343 sit,et
2644 1275 2980 1348 quicunque
3007 1290 3138 1331 cum
3163 1290 3228 1329 eo
3254 1271 3753 1329 communicant.»

2167 1565 2258 1619 25.
2294 1563 2468 1619 Porro
2503 1562 2603 1634 qui
2635 1563 2705 1618 ad
2738 1561 3008 1616 Encasnia
3037 1562 3428 1615 convenerant
3465 1557 3748 1629 episcopi,

2099 1652 2421 1725 nonaginta
2449 1668 2693 1707 numero
2725 1654 2910 1718 erant,
2954 1665 3101 1704 coss.
3160 1645 3495 1702 Marcellino
3525 1649 3583 1700 et
3612 1646 3748 1700 Pro-

2096 1741 2583 1809 bino,indictione
2616 1741 2844 1806 14,cum
2871 1739 2952 1794 ibi
2980 1742 3138 1794 esset
3170 1735 3563 1808 impiissimus
3595 1739 3742 1790 Cons

2095 1831 2508 1887 stantius.Ha:c
2534 1847 2668 1886 cum
2697 1827 3024 1884 Antiochia
3053 1825 3454 1882 Encaaniorum
3486 1828 3747 1894 tempore

332 1911 682 1996 Ἐγκαινίοις,
749 1911 1067 1984 νομίσαντες
1120 1911 1176 1967 δὲ
1229 1916 1304 1987 μὴ
1358 1912 1579 1977 τελείως
1638 1915 1977 1991 γεγραφέναι,

2097 1921 2436 1992 gessissent,
2479 1919 2587 1974 rati
2620 1935 2682 1973 se
2729 1918 2991 1972 nondum
3043 1915 3298 1987 perfecte
3349 1914 3525 1967 ﬁdem
3576 1927 3745 1966 suam

337 1995 680 2075 ῥεμϐομένην
714 1997 772 2054 δὲ
799 2001 898 2069 τήν
931 1999 1172 2056 διάνοιαν
1204 2001 1444 2077 ἔχοντες,
1477 2005 1627 2065 αὖθις
1657 2003 1820 2059 πάλιν
1863 2025 1986 2058 συν-

330 2088 563 2152 τιθέασιν
599 2087 743 2144 ἄλλο
793 2089 1024 2165 γράμμα
1075 2088 1232 2161 δῆθεν
1264 2093 1386 2168 περὶ
1444 2092 1674 2155 πίστεως
1711 2093 1845 2166 μετὰ
1878 2099 1986 2166 μῆ-

327 2199 423 2242 νας
482 2177 708 2252 ὀλίγους
744 2221 758 2246 ,
816 2179 906 2232 καὶ
964 2180 1392 2236 ἀποστέλλουσιν
1455 2182 1529 2244 εἰς
1593 2184 1688 2245 τὰς
1747 2180 1982 2244 Γαλλίας

332 2267 657 2343 Νάρκισσον,
710 2268 911 2341 Μάριν,
963 2265 1244 2344 Θεόδωρον
1297 2271 1381 2326 καὶ
1442 2271 1680 2347 Μάρκον.
1733 2271 1982 2326 Κάκεῖνοι

333 2357 406 2417 ὡς
439 2356 543 2410 ἀπὸ
577 2352 802 2410 συνόδου
852 2356 1185 2432 πεμφθέντες
1230 2357 1590 2415 ἐπιδεδώκασι
1635 2365 1716 2433 τῷ
1753 2363 1850 2429 τῆς
1887 2381 1984 2432 μα-

333 2445 524 2520 καρίας
560 2447 783 2518 μνήμης
815 2447 1121 2502 Κώνσταντι
1151 2453 1231 2520 τῷ
1260 2448 1582 2524 Αὐγούστῳ,
1613 2450 1703 2505 καὶ
1730 2455 1848 2512 τοῖς
1875 2449 1984 2505 ἇκεῖ

335 2539 486 2606 πᾶσι,
517 2538 704 2589 ταῦτα’

406 2642 518 2714 (92)
550 2665 577 2692 ‹‹
611 2640 942 2715 Πιστεύομεν
995 2641 1070 2706 είς
1118 2640 1210 2698 ἕνα
1259 2643 1386 2699 Θεὸν
1433 2647 1565 2718 (93),
1617 2646 1826 2722 Πατέρα
1852 2668 1982 2701 παν-

332 2729 655 2806 τοκράτορα,
705 2731 924 2802 κτίστην
974 2733 1064 2787 καὶ
1111 2735 1350 2804 ποιητὴν
1399 2739 1508 2789 τῶν
1551 2734 1784 2805 πάντων,
1819 2737 1867 2809 ἐξ
1919 2738 1980 2791 οὗ

330 2824 476 2873 πᾶσα
532 2821 733 2895 πατριὰ
781 2819 831 2875 ἐν
884 2821 1138 2894 οὐρανοῖς
1195 2824 1283 2878 καὶ
1342 2822 1428 2878 ἐπὶ
1470 2831 1575 2898 γῆς
1635 2825 1976 2897 ὀνομάζεταιο

329 2907 420 2962 καὶ
449 2907 526 2970 εἷς
569 2909 662 2963 τὸν
714 2913 981 2984 μονογενῆ
1033 2911 1196 2965 αὐτοῦ
1244 2910 1368 2966 Υἱὸν
1417 2911 1506 2966 τὸν
1565 2913 1758 2987 Κύριον
1817 2917 1976 2986 ἡμῶν

335 2998 544 3068 Ἰησοῦν
574 2999 828 3073 Χριστὸν,
859 2999 950 3054 τὸν
984 3001 1089 3073 πρὸ
1139 2999 1352 3054 πάντων
1406 3006 1512 3056 τῶν
1548 3001 1760 3056 αίώνων
1803 3001 1862 3057 ἐκ
1883 3001 1979 3058 τοῦ

332 3086 544 3160 Πατρὸς
592 3088 933 3160 γεννηθένταο
996 3089 1122 3143 Θεὸν
1185 3087 1243 3144 ἐκ
1301 3094 1452 3162 Θεοῦ,
1515 3095 1627 3168 φῶς
1679 3091 1738 3146 ὲκ
1776 3091 1975 3167 φωτός·

331 3172 402 3229 δι’
434 3175 496 3228 οὗ
529 3174 739 3250 ἰγένετο
771 3177 837 3230 τὰ
865 3175 1036 3231 πάντα
1068 3176 1118 3231 ἐν
1172 3183 1289 3240 τοῖς
1339 3178 1592 3255 οὐρανοῖς
1638 3181 1729 3235 καὶ
1762 3181 1848 3236 ἰπὶ
1877 3187 1979 3250 τῆς

328 3266 593 3364 γῆς’(94),
624 3265 693 3364 τα
732 3266 899 3364 δρατὰ
944 3265 1035 3320 καί
1085 3267 1152 3320 τὰ
1196 3267 1416 3342 ἀόρατα·
1469 3268 1639 3344 Λόγον
1692 3263 1839 3338 ὄντα,
1889 3271 1978 3324 καὶ
2009 3297 2052 3364 C

331 3351 545 3429 σοφίαν,
591 3351 680 3407 καί
734 3350 982 3426 δύναμιν,
1033 3355 1125 3409 καὶ
1179 3356 1345 3424 ζωὴν,
1405 3358 1492 3410 καὶ
1547 3363 1660 3434 φῶς
1693 3357 1976 3430 ἀληθινόν·

329 3442 424 3496 τὸν
475 3441 555 3496 ἧστ’
605 3441 849 3518 ἐσχάτων
894 3449 1002 3498 τῶν
1051 3447 1275 3521 ἦμερῶν
1323 3443 1391 3499 δι’
1439 3448 1586 3519 ἡμᾶς
1633 3447 1977 3523 ἐνανθρωπή-

332 3551 517 3596 σαντα,
562 3531 651 3585 καὶ
700 3531 1021 3607 γεννηθέντα
1079 3532 1138 3588 ἐκ
1191 3541 1290 3603 τῆς
1349 3534 1500 3609 ἁγίας
1560 3538 1852 3611 Παρθένου,
1884 3539 1974 3592 τὸν

321 3619 723 3692 σταυρωθέντα,
769 3620 858 3674 καὶ
911 3621 1271 3694 ἀποθανόντα,
1322 3623 1408 3677 καὶ
1456 3627 1704 3702 ταφένταδ
1737 3627 1825 3680 καὶ
1859 3626 1979 3681 ἀνα-

334 3707 528 3762 στάντα
557 3708 616 3763 ἐκ
645 3714 846 3784 νεκρῶν
895 3714 964 3783 τῇ
1013 3709 1168 3785 τρίτῃ
1220 3711 1422 3787 ἡμέρᾳ,
1467 3715 1551 3768 καὶ
1601 3714 1978 3792 ἀναληφθέντα

330 3797 405 3859 εἰς
457 3798 682 3874 οὐρανὸν
727 3801 863 3872 (95),
915 3799 1004 3854 καὶ
1053 3801 1378 3864 καθεσθέντα
1426 3801 1476 3856 έν
1537 3800 1680 3874 δεξιᾷ
1727 3809 1823 3859 τοῦ
1876 3811 1979 3859 Πα-

322 3886 468 3961 τρός’
502 3887 590 3942 καὶ
623 3886 925 3963 ἐρχόμενον
954 3887 1041 3942 ἐπὶ
1090 3888 1364 3962 συντελείᾳ
1405 3896 1504 3945 τοῦ
1553 3891 1750 3955 αἷῶνος
1792 3899 1970 3969 κρῖναι

327 3979 530 4044 ζῶντας
579 3976 668 4030 καὶ
717 3975 958 4051 νεκροὺς,
1001 3976 1090 4031 καὶ
1135 3976 1430 4033 ἀποδοῦναι
1488 3981 1697 4054 ἑκάστῳ
1743 3983 1974 4037 κατὰτὰ

325 4061 453 4140 ἔργα
481 4065 666 4119 αὐτοῦ·
703 4063 765 4119 οὗ
795 4067 829 4134 ἡ
868 4065 1116 4139 βασιλεία
1145 4067 1479 4131 ἀκατάλυτος
1529 4072 1638 4145 (96)
1687 4069 1818 4126 οὖσα
1857 4070 1973 4126 δια-

330 4154 475 4224 μένει
507 4151 582 4216 εἵς
632 4153 759 4216 τοὺς
810 4155 1064 4230 ἀπείρους
1110 4155 1332 4218 αἰῶνας.
1382 4159 1564 4214 Ἔσται
1609 4159 1708 4234 γὰρ
1756 4160 1973 4230 καθεζό-

333 4262 490 4314 μενος
522 4241 572 4296 ἐν
619 4241 765 4314 δεξιᾷ
809 4241 906 4298 τοῦ
965 4245 1197 4321 Πατρὸς,
1257 4245 1319 4300 οὐ
1380 4247 1542 4320 μόνον
1599 4247 1649 4302 ἐν
1708 4254 1788 4321 τῷ
1816 4251 1970 4304 αἶ’ῶνι

319 4330 520 4402 τούτῳ,
552 4330 698 4386 ἀλλὰ
735 4331 825 4387 καὶ
873 4332 928 4386 ἐν
980 4338 1059 4401 τῷ
1114 4331 1397 4407 μέλλοντι·
1444 4337 1533 4390 καὶ
1584 4336 1660 4401 εἷς
1709 4338 1772 4392 τὸ
1819 4341 1968 4414 ἅγιον

322 4424 561 4493 Πνεῦμα,
611 4423 880 4491 τουτέστι,
928 4423 1019 4477 τὸν
1073 4423 1430 4499 Παράκλητον
1468 4427 1600 4497 (97)·
1634 4426 1765 4502 ὅπερ
1816 4427 1972 4502 ἐπαγ-

317 4507 640 4582 γειλάμενος
689 4516 806 4566 τοῖς
857 4511 1208 4576 ἀποστόλοις,
1263 4514 1398 4585 μετὰ
1441 4516 1541 4584 τὴν
1592 4516 1667 4577 εἷς
1709 4515 1968 4592 οὐρανοὺς

317 4596 484 4652 αὐτοῦ
515 4597 704 4654 ἄνοδον
757 4599 1059 4671 ἀπέστειλε,
1115 4598 1322 4672 διδάξαι
1372 4602 1567 4664 αὐτοὺς
1592 4604 1681 4658 καὶ
1715 4605 1968 4679 ὑπομνῆ-

2099 2009 2431 2081 scripsisse,
2466 2012 2665 2080 utpote
2697 2004 3022 2062 ﬂuctuandi
3056 2008 3247 2059 mente
3289 2000 3550 2074 praediti;
3586 1999 3746 2054 aliud

2099 2099 2291 2153 denuo
2321 2099 2504 2152 edunt
2533 2097 2603 2152 de
2634 2097 2748 2150 ﬁde
2778 2094 3130 2165 rescriptum
3192 2090 3393 2162 paucis
3424 2088 3750 2157 interiectis

2097 2188 2403 2243 mensibus
2438 2204 2450 2240 :
2485 2191 2658 2257 atque
2684 2183 3049 2249 Narcissum,
3088 2181 3294 2247 Marin,
3352 2179 3749 2247 Theodorum,

2096 2281 2152 2332 et
2181 2277 2444 2332 Marcum
2493 2276 2552 2330 in
2605 2273 2824 2330 Gallias
2871 2273 3162 2328 mittunt:
3197 2269 3294 2341 qui
3329 2267 3496 2340 quasi
3556 2284 3590 2321 a
3653 2283 3748 2337 sy-

2096 2366 2246 2421 nodo
2278 2365 2476 2438 legati,
2508 2364 2632 2420 haec
2662 2365 2841 2419 beatas
2873 2361 3171 2416 memoria)
3201 2356 3495 2414 Constanti
3545 2357 3747 2426 Augu-

2094 2461 2206 2523 sto,
2239 2455 2464 2511 cateris
2493 2453 2592 2526 qui
2622 2454 2884 2519 adorant,
2919 2450 3292 2506 tradiderunt
3325 2465 3337 2502 :

2165 2676 2190 2703 ιι
2225 2652 2530 2708 Credimus
2561 2651 2619 2706 in
2654 2667 2837 2706 unum
2866 2650 3074 2716 Deum,
3108 2650 3336 2702 Patrem
3368 2643 3740 2714 omnipoten-

2091 2744 2230 2808 tem,
2263 2740 2627 2796 conditorem
2659 2743 2716 2794 et
2747 2739 3023 2794 factorem
3055 2735 3344 2800 omnium,
3366 2748 3435 2788 ex
3466 2748 3580 2802 quo
3614 2747 3738 2786 om-

2093 2831 2184 2885 nis
2216 2829 2539 2901 paternitas
2567 2828 2627 2882 in
2659 2827 2820 2882 caelis
2850 2832 2907 2881 et
2955 2827 3013 2880 in
3044 2830 3202 2880 terra
3252 2822 3609 2877 nominatur.
3673 2821 3741 2874 Et

2091 2918 2150 2973 in
2183 2917 2550 2989 unigenitum
2583 2920 2711 2987 ejus
2742 2915 2952 2970 Filium
2984 2913 3297 2969 Dominum
3348 2913 3614 2965 nostrum
3645 2907 3736 2961 Je-

2092 3023 2224 3062 sum
2254 3006 2576 3073 Christum,
2630 3010 2762 3060 ante
2819 3004 3018 3058 omnia
3074 2999 3287 3057 saecula
3317 3015 3386 3055 ex
3439 2998 3605 3052 Patre
3638 3013 3739 3050 na-

2091 3099 2256 3162 tum;
2292 3100 2474 3149 Deum
2505 3111 2575 3149 ex
2603 3093 2740 3159 Deo,
2773 3091 2973 3147 lumen
3006 3107 3072 3146 ex
3103 3090 3324 3144 lumine
3359 3106 3372 3156 ;
3408 3102 3510 3158 per
3564 3102 3740 3156 quem

2091 3184 2288 3239 omnia
2317 3184 2469 3238 facta
2500 3186 2639 3237 sunt
2670 3182 2729 3235 in
2768 3180 2930 3236 ccelis
2969 3185 3026 3234 et
3077 3179 3136 3233 in
3171 3182 3347 3245 terra,
3397 3173 3654 3230 visibilia
3683 3178 3742 3228 et

2091 3271 2454 3339 invisibilia;
2489 3271 2590 3342 qui
2639 3277 2726 3326 est
2772 3268 3050 3337 Verbum,
3101 3265 3407 3338 sapientia,
3459 3263 3738 3336 potentia,

2091 3362 2210 3416 vita
2242 3365 2298 3416 et
2327 3360 2428 3415 lux
2458 3377 2612 3415 vera.
2647 3358 2753 3424 Qui
2786 3359 2844 3412 in
2876 3356 3214 3412 novissimis
3262 3354 3470 3409 diebus
3504 3357 3740 3423 prepter

2090 3467 2196 3506 nos
2228 3450 2401 3505 homo
2452 3452 2662 3515 factus,
2697 3453 2754 3504 et
2783 3451 2956 3502 natus
3005 3450 3093 3500 est
3122 3463 3190 3500 ex
3222 3448 3424 3499 sancta
3480 3440 3736 3512 Virgine,

2089 3539 2404 3594 cruciﬁxus
2439 3539 2636 3607 etiam,
2670 3543 2940 3592 mortuus
2970 3539 3026 3590 et
3055 3533 3322 3605 sepultus
3370 3536 3496 3601 est;
3529 3537 3585 3586 et
3639 3546 3734 3584 re-

2092 3628 2340 3684 surrexit
2373 3644 2439 3682 ex
2471 3625 2720 3681 mortuis
2752 3624 2926 3679 tertia
2957 3625 3069 3688 die,
3103 3627 3159 3677 et
3189 3627 3532 3692 assumptus
3563 3625 3650 3674 est
3672 3619 3730 3672 in

2089 3718 2321 3781 ccelum,
2356 3717 2630 3786 sedetque
2663 3715 2733 3769 ad
2767 3715 3059 3768 dexteram
3095 3711 3303 3767 Patris.
3355 3711 3424 3764 Et
3465 3714 3743 3764 venturus

2086 3813 2176 3864 est
2221 3808 2280 3862 in
2328 3806 2838 3862 consummatione
2887 3803 3084 3859 saeculi
3132 3802 3403 3872 judicare
3462 3800 3620 3854 vivos
3689 3803 3746 3853 et

2086 3903 2373 3966 mortuos,
2418 3902 2474 3952 et
2508 3897 2746 3951 reddere
2809 3894 3129 3963 unicuique
3190 3892 3516 3947 secundum
3571 3905 3748 3960 opera

2085 4005 2194 4042 sua
2221 4005 2235 4054 ;
2269 3987 2441 4056 cujus
2470 4001 2716 4057 regnum
2747 3983 3194 4038 interminatum
3231 3987 3535 4052 permanet
3564 3978 3622 4031 in
3655 3977 3742 4031 in-

2084 4077 2252 4131 ﬁnita
2280 4076 2512 4130 saecula.
2564 4073 2803 4128 Sedebit
2841 4071 2997 4126 enim
3050 4071 3119 4125 ad
3176 4071 3470 4125 dexteram
3532 4065 3742 4136 Patris,

2085 4183 2199 4221 non
2232 4165 2424 4220 solum
2457 4165 2516 4218 in
2548 4163 2656 4218 hoc
2687 4160 2918 4226 saeculo,
2952 4161 3053 4215 sed
3085 4159 3263 4214 etiam
3310 4158 3368 4211 in
3402 4158 3616 4211 futuro.
3670 4155 3744 4209 Et

2083 4255 2141 4308 in
2183 4254 2469 4325 Spiritum
2522 4256 2815 4319 sanctum,
2863 4250 2920 4304 id
2972 4252 3080 4318 est,
3133 4245 3487 4302 Paracletum
3517 4263 3529 4312 ;
3563 4259 3740 4314 quem

2083 4343 2364 4415 apostolis
2393 4340 2708 4412 pollicitus,
2744 4341 2876 4410 post
2907 4354 3082 4392 suum
3115 4337 3187 4392 ad
3219 4335 3393 4391 caelos
3426 4348 3739 4390 ascensum

2082 4432 2267 4497 misit,
2299 4435 2365 4486 ut
2395 4431 2624 4485 doceret
2674 4427 2803 4484 illos
2857 4431 2915 4482 et
2969 4430 3306 4498 suggereret
3361 4424 3556 4480 omnia
3588 4441 3600 4489 ;
3638 4437 3742 4494 per

2081 4537 2256 4592 quem
2306 4519 2484 4575 etiam
2535 4517 3061 4573 sanctiﬁcabuntur
3104 4516 3311 4571 animas.
3355 4513 3588 4569 illorum
3635 4509 3741 4581 qui

2085 4609 2307 4664 sincere
2337 4609 2396 4662 in
2430 4608 2627 4679 ipsum
2661 4605 3034 4662 crediderint.
3071 4604 3206 4661 Illos
3264 4607 3459 4660 autem
3493 4601 3590 4672 qui
3648 4599 3734 4654 di-

323 4707 411 4741 σαι
436 4687 626 4743 πάνταο
671 4685 740 4744 δι’
792 4689 854 4744 οὗ
903 4689 992 4745 καὶ
1040 4691 1462 4765 ἁγιασθήσονται
1513 4693 1567 4748 αἱ
1595 4697 1704 4748 τῶν
1741 4668 1970 4770 εἰλικρι-

2097 4703 2238 4770 :unt,
2273 4715 2341 4755 ex
2372 4715 2488 4754 non
2521 4696 2889 4753 exstantibus
2921 4695 3155 4765 Filium,
3190 4699 3291 4748 aut
3337 4710 3406 4748 ex
3452 4691 3566 4746 alia
3597 4687 3737 4743 sub-

388 4831 409 4867 ⁸
437 4830 563 4889 Joel
590 4849 654 4902 ιι,
682 4834 773 4890 28.
852 4833 873 4869 ³
909 4838 1074 4890 Joan.
1103 4852 1194 4904 xv,
1225 4836 1317 4892 26.
1396 4836 1438 4872 ¹ο
1466 4839 1589 4894 Act.
1624 4854 1685 4894 ιι.

388 4972 678 5057 βωμοὶ
707 4973 828 5057 hac
858 4975 1212 5032 addiderunt
1247 4977 1615 5057 Parisienses
1665 4982 1735 5038 de
1787 5000 1967 5052 more,

319 5045 1029 5128 caﬁrqﬂsoqapdycoc,_qua§
1080 5065 1196 5104 non
1247 5049 1540 5107 habentur
1599 5053 1658 5108 in
1691 5071 1835 5112 mss.
1864 5045 1971 5113 nec

320 5120 436 5172 nisi
472 5120 692 5185 Latine,
726 5121 786 5175 in
817 5120 956 5175 edit.
985 5121 1210 5176 Comm.

346 5188 514 5270 “(91)
546 5189 625 5246 De
655 5189 748 5270 his
791 5191 935 5270 rvide
987 5197 1205 5270 Sperat.
1269 5191 1390 5270 lib._
1427 5211 1487 5264 ιι,
1516 5213 1582 5270 ο.
1617 5196 1704 5266 18,
1738 5199 1964 5255 Sozom.

319 5259 544 5335 1ib._til,
573 5277 630 5335 ρ.
662 5264 716 5329 5,
748 5269 806 5320 et
835 5281 962 5335 quea
1000 5263 1255 5319 diximus
1286 5265 1345 5320 in
1376 5259 1609 5324 Monilo.

396 5333 774 5411 (?§)_Oua_r_ta
831 5333 982 5411 ﬁdei
1036 5335 1288 5391 formula
1361 5340 1580 5411 scripta
1638 5359 1790 5398 anno
1838 5343 1963 5398 341.

387 5404 592 5480 (93))[1
626 5407 764 5480 edit.
801 5404 1499 5480 Parisiens._pr:epositus
1533 5413 1642 5468 fuit
1681 5414 1774 5469 hic
1823 5415 1963 5469 titu-

319 5467 420 5559 lus
452 5467 862 5559 ἑτέρα-πίστεως
892 5467 1183 5559 ὁμολογία,
1219 5467 1318 5552 qui
1346 5499 1457 5559 npn
1509 5467 1784 5559 exstatiin

319 5558 429 5614 nec
461 5550 569 5603 nisi
603 5550 804 5606 Latine
836 5552 893 5605 in
925 5551 1062 5606 edit.
1087 5550 1320 5607 Comm.
1355 5553 1484 5609 Haec
1518 5557 1650 5611 ﬁdei
1677 5558 1962 5614 confessio

319 5613 569 5701 habetur
594 5623 749 5701 apud
779 5627 934 5701 _Socr.
967 5621 1072 5701 lib.
1094 5641 1176 5701 _I_r,
1210 5640 1270 5701 (ί.-
1296 5625 1381 5701 1β.
1416 5625 1672 5701 ΕιΑαρυά
1722 5613 1959 5701 Niceph.
2016 5644 2019 5645 '

316 5684 535 5777 :lib.1ix,
570 5684 738 5777 ο;’10.
772 5699 929 5751 Socr.
963 5694 1023 5777 i'n
1045 5684 1670 5777 edit._Christ_opho.r§,,
1701 5684 1958 5777 πιπέᾇω,

313 5761 380 5816 in
427 5761 760 5836 Valesiana,
802 5763 1147 5838 πιστεύομεν.
1198 5767 1355 5824 Infra
1402 5761 1542 5844 R'eg.
1583 5761 1744 5830 sc'cr.
1776 5781 1833 5830 et
1860 5761 1957 5832 Ni;

2081 4985 2271 5071 geph.,
2331 4983 2568 5054 ποιητὴν
2625 4985 2733 5037 τῶν
2793 4977 3035 5036 πάντων,
3099 4977 3282 5045 Editi,
3332 4975 3570 5047 ποιητὴν
3622 4980 3732 5032 τῶν

2081 5077 2381 5200 Sic
2412 5133 2547 5200 Reg.
2581 5132 2738 5200 Socr.
2772 5123 3013 5196 Niceph.
3049 5128 3108 5179 et
3149 5124 3287 5179 edit.
3341 5123 3529 5181 Paris.
3580 5123 3727 5180 Edit.

2079 5197 2303 5255 Comm.
2337 5197 2517 5266 male,
2541 5197 2629 5252 καὶ
2660 5203 2760 5263 τῆς
2789 5202 2914 5269 γῆς.

2148 5272 2261 5342 (95)
2291 5278 2448 5342 Socr.
2483 5263 2541 5325 et
2591 5263 2855 5342 Niceph.,
2908 5265 2995 5342 καὶ
3049 5263 3420 5342 ἀνεληλυθύῖεα
3467 5265 3540 5328 εἷς
3599 5266 3724 5342 τούς

2078 5337 2361 5416 οὐρανούς.
2427 5343 2559 5416 Mox
2607 5337 2784 5416 iidefn
2836 5341 3098 5416 etReg.,
3161 5337 3496 5416 καθεσθέντα.
3552 5339 3721 5405 Editi,

2073 5408 2455 5505 καθεζόμενον.
2493 5412 2667 5468 Paulo
2728 5416 2855 5483 post
2901 5415 3117 5466 Socrat.
3168 5416 3224 5467 et
3255 5411 3587 5484 Nicephor.,
3614 5414 3720 5463 τῶν

2073 5505 2504 5629 αιῗόὧνὲοοταῐ.
2535 5561 2591 5612 et
2620 5554 2956 5629 Niceph_or.,
2987 5550 3414 5629 ἀκατάπαυστρς.
3514 5628 3517 5629 ν
3590 5600 3595 5606 .

2143 5623 2258 5702 (97)
2289 5630 2509 5702 Socrat.
2543 5633 2615 5702 et_
2655 5623 2983 5702 Nicep‘hgr”
3034 5623 3124 5677 καὶ
3173 5623 3248 5686 εἷς
3297 5625 3358 5678 τὸ
3400 5628 3616 5696 Πνεῦμα
3657 5624 3720 5678 τὸ

2071 5693 2252 5775 ἅγιον,
2271 5701 2535 5771 τουτέστι,
2566 5699 2658 5753 τὸν
2693 5693 3052 5770 Παράκλητον
