4082 6324
374 413 489 471 ’727

919 413 984 472 S.
1032 416 1458 477 ATHANASII
1503 418 1676 477 OPP.
1724 417 1924 477 PARS
1968 415 2018 474 Ῑ.
2051 447 2129 458 -
2157 415 2575 477 HISTORICA
2619 419 2717 478 ET
2759 419 3243 479 DOGMA'I‘ICA.

3666 420 3784 478 728

379 543 679 614 stantia,et
706 559 820 600 non
852 560 920 599 ex
949 544 1064 600 Deo
1092 562 1221 602 esse
1254 562 1267 600 :
1304 547 1500 612 et,t'uit
1528 547 1844 620 aliquando
1876 551 2026 604 tem-

2150 551 2242 608 θῶς
2275 545 2351 608 εἰς
2383 547 2541 602 αὐτὸν
2583 548 3016 603 πεπιστευκότων
3068 548 3262 625 ψυχαί.
3311 547 3451 611 Τοὺς
3503 546 3560 603 δὲ
3591 545 3783 624 λέγον-

379 649 510 704 pus,
541 649 656 704 quo
687 651 799 691 non
832 637 976 706 erat,
1027 633 1246 692 alienos
1297 637 1565 709 agnoscit
1618 636 1878 694 Ecclesia
1932 653 2027 692 ca-

377 721 614 779 tholica.
654 745 674 772 ν

447 900 536 955 26.
571 900 703 967 Sed,
732 899 898 971 quasi
933 918 994 957 se
1026 901 1233 958 horum
1270 905 1593 975 paeniteret,
1628 921 1862 961 rursum
1898 907 2030 977 post

376 993 495 1044 tres
526 1004 710 1044 annos
741 989 1051 1046 concilium
1089 1008 1261 1047 suum
1297 997 1598 1066 cogerunt,
1621 994 2028 1066 miseruntque

379 1075 727 1143 Eudoxium,
760 1078 1125 1152 Martyrium,
1167 1085 1223 1136 et
1278 1082 1706 1151 Macedonium,
1740 1083 1798 1137 in
1832 1082 2030 1139 Cilicia

378 1165 742 1238 episcopum,
777 1184 911 1224 cum
945 1169 1132 1241 iisque
1164 1169 1308 1226 alios
1341 1173 1651 1244 quosdam,
1686 1173 1742 1227 in
1777 1171 2026 1244 Italiam,

381 1254 477 1325 qui
504 1255 636 1310 ﬁdei
665 1255 977 1313 formulam
1003 1258 1275 1330 plurimis
1289 1261 1681 1334 conscriptam
1715 1261 2026 1329 deferrent,

381 1345 704 1418 multisque
735 1348 1155 1406 additamentis
1186 1352 1501 1407 auctiorem
1554 1370 1730 1424 quam
1765 1353 2026 1425 superio-

380 1451 510 1504 res;
545 1453 679 1491 nam
711 1438 883 1508 quasi
915 1441 1236 1496 recentiora
1265 1443 1533 1512 quaedam
1577 1442 2025 1515 excogitassent,

378 1523 500 1578 hec
527 1540 727 1579 secum
760 1525 1026 1582 attulere.

451 1612 492 1666 ῐ.
532 1635 552 1661 ι
590 1615 895 1670 Credimus
926 1616 982 1671 in
1021 1634 1202 1672 unum
1236 1619 1444 1686 Deum,
1476 1621 1706 1675 Patrem
1755 1619 2024 1692 omnipo-

379 1706 618 1773 tentem,
653 1708 967 1761 creatorem
1005 1711 1061 1761 et
1111 1707 1386 1764 factorem
1448 1710 1736 1776 omnium,
1787 1725 1854 1765 ex
1911 1725 2026 1780 quo

381 1793 573 1847 omnis
605 1793 926 1864 paternitas
958 1794 1014 1848 in
1049 1795 1193 1851 emlo
1224 1802 1280 1852 et
1308 1797 1366 1853 in
1400 1802 1554 1854 terra
1584 1798 2026 1854 nominatur.Et

381 1879 441 1934 in
475 1879 843 1952 unigenitum
874 1884 1003 1954 ejus
1037 1885 1246 1941 Filium
1282 1887 1592 1943 Dominum
1627 1892 1893 1944 nostrum
1924 1888 2024 1943 Je-

385 1986 515 2024 sum
548 1971 868 2039 Christum,
900 1975 1056 2031 590
1085 1981 1220 2031 ante
1250 1976 1445 2032 omnia
1492 1978 1704 2033 saecula
1733 1995 1801 2033 ex
1859 1981 2029 2032 Patre

385 2063 590 2115 natum
627 2078 638 2116 :
674 2062 855 2118 Deum
889 2080 956 2119 ex
991 2066 1121 2136 Deo,
1157 2065 1353 2122 lumen
1386 2065 1834 2139 exlumine,per
1854 2081 2029 2138 quem

386 2149 584 2204 omnia
615 2151 766 2206 facta
797 2157 954 2222 sunt,
990 2154 1048 2209 in
1081 2156 1243 2212 coelis
1273 2160 1330 2212 et
1358 2156 1416 2210 in
1465 2161 1640 2224 terra,
1691 2155 1947 2211 visibilis
1975 2158 2032 2211 et

386 2237 735 2309 invisibilia;
782 2243 880 2314 qui
923 2248 1012 2299 est
1057 2245 1336 2316 Verbum,
1387 2245 1696 2318 sapientia,
1748 2246 2029 2318 potentia,

385 2328 503 2384 vita
533 2333 590 2383 et
619 2329 715 2384 lux
747 2347 898 2386 vera.
934 2334 1040 2396 Qui
1073 2333 1130 2388 in
1164 2335 1502 2391 novissimis
1539 2335 1748 2391 diebus
1798 2340 2033 2407 propter

386 2433 491 2471 nos
525 2416 698 2474 homo
733 2421 920 2476 factus
953 2427 1062 2490 est,
1094 2428 1152 2478 et
1185 2428 1356 2480 natus
1387 2429 1478 2479 est
1509 2441 1575 2479 ex
1608 2429 1809 2480 sancta
1842 2423 2030 2496 Virgi-

385 2522 475 2573 ne,
508 2507 844 2574 crucifixus,
879 2517 1146 2568 mortuus
1180 2518 1233 2567 et
1265 2514 1530 2585 sepultus
1567 2532 1580 2582 ;
1611 2519 1667 2569 et
1715 2514 2034 2570 resurrexit

384 2611 451 2650 ex
484 2597 733 2652 mortuis
763 2599 935 2654 tertia
965 2601 1082 2667 die,
1113 2605 1170 2656 et
1199 2607 1545 2674 assumptus
1585 2608 1674 2659 est
1703 2603 1762 2657 in
1795 2602 2032 2672 coelum,

385 2683 664 2756 sedetque
695 2687 763 2741 ad
802 2688 1096 2744 dexteram
1131 2691 1358 2759 Patris;
1391 2691 1491 2762 qui
1539 2696 1821 2748 venturus
1853 2696 1942 2748 est
1970 2692 2029 2746 in

385 2776 891 2832 consummatione
922 2778 1116 2834 seculi
1145 2779 1412 2850 judicare
1441 2781 1601 2837 vivos
1651 2785 1708 2836 et
1751 2785 2030 2845 mortuos,

386 2867 442 2919 et
471 2863 713 2920 reddere
745 2866 1058 2940 unicuique
1090 2870 1416 2925 secundum
1451 2887 1626 2942 opera
1674 2887 1782 2926 sua
1815 2887 1826 2937 ;
1861 2871 2032 2941 cujus

386 2967 629 3023 regnum
663 2953 1108 3011 interminatum
1134 2962 1437 3030 permanet
1457 2959 1512 3013 in
1540 2959 1770 3013 inﬁnita
1799 2957 2030 3014 saecula.

386 3041 560 3096 Sedet
591 3042 748 3098 enim
782 3045 853 3099 ad
904 3045 1201 3101 dexteram
1238 3047 1422 3102 Patris
1454 3064 1570 3103 non
1617 3047 1806 3102 solum
1836 3047 1894 3102 in
1925 3047 2034 3102 hoc

387 3128 622 3198 saeculo,
656 3147 856 3187 verum
889 3135 1063 3189 etiam
1093 3135 1152 3190 in
1186 3135 1404 3191 futuro.
1439 3135 1743 3191 Credimus
1766 3136 1940 3192 etiam
1974 3135 2030 3190 io
2067 3157 2070 3161 ι

387 3218 670 3289 Spiritum
703 3226 996 3290 sanctum,
1028 3223 1137 3278 hoc
1183 3229 1271 3279 cst
1321 3225 1376 3277 in
1428 3224 1808 3293 Paracletum,
1858 3241 2033 3296 quem

2057 1931 2104 1996 B

2133 657 2228 698 τας
2261 635 2310 706 ἐξ
2343 635 2442 690 οὐκ
2473 632 2642 692 ὄντων
2685 639 2775 692 τὸν
2825 638 2972 707 Υἷὸν,
3015 636 3049 706 ἢ
3086 637 3135 708 ἐξ
3185 637 3366 714 ἐτέρας
3419 637 3782 705 ὑποστάσεως,

2135 724 2224 778 καὶ
2261 725 2336 796 μὴ
2366 725 2424 779 ἐκ
2471 730 2566 780 τοῦ
2614 730 2766 781 Θεοῦ’
2808 725 2921 794 καὶ,
2965 727 3064 783 Ἢν
3114 747 3246 781 ποτε
3295 726 3520 804 χρόνος,
3569 727 3658 782 ὅτε
3689 727 3786 782 οὐκ

2136 815 2228 882 ἦν,
2260 810 2590 887 ἀλλοτρίους
2621 811 2763 868 οἶδεν
2796 816 2830 883 ἡ
2862 813 3129 884 καθολική
3164 814 3458 885 Ἐκκλησία
3483 819 3614 887 (98).
3649 841 3676 868 »

2205 905 2294 958 26.
2349 903 2466 956 Ἐπὶ
2515 903 2733 965 τούτοις
2784 903 2966 979 ὥσπερ
3017 905 3404 979 μεταγνόντες,
3458 904 3782 980 συλλέγουσι

2137 988 2302 1045 πάλιν
2348 993 2409 1046 τὸ
2459 989 2732 1068 συνέδριον
2785 994 2986 1048 ἑαυτῶν
3039 993 3175 1067 μετᾶ
3223 988 3314 1064 ἔτη
3344 993 3486 1070 τρία,
3521 994 3611 1049 καὶ
3652 995 3786 1050 ἀπο-

2139 1079 2454 1135 στέλλουσιν
2511 1079 2786 1152 Εὐδόξιον,
2819 1081 3148 1159 Μαρτόριον,
3179 1084 3272 1137 καὶ
3325 1081 3658 1141 Μακεδόνιον
3691 1085 3782 1139 τὸν

2139 1169 2242 1223 ἀπὸ
2294 1169 2562 1238 Κιλικίας,
2611 1173 2697 1225 καὶ
2744 1170 2834 1225 σὺν
2889 1171 3073 1234 αὐτοῖς
3127 1173 3344 1248 ἑτέρους
3400 1173 3548 1236 τινὰς
3598 1173 3674 1236 εἷς
3719 1174 3786 1228 τά

2144 1257 2278 1334 μέρη
2313 1266 2411 1329 τῆς
2454 1257 2710 1332 Ἰταλίας,
2761 1260 3134 1338 ἇποφέροντας
3188 1261 3365 1316 πίστιν
3418 1259 3508 1316 διὰ
3554 1261 3784 1317 πολλῶν

2135 1352 2427 1425 γραφεῖσαν
2465 1395 2478 1420 ,
2539 1350 2850 1424 προσθήκας
2907 1370 2966 1404 τε
3026 1347 3257 1426 ἕχουόαν
3330 1349 3586 1413 πλείστας
3642 1352 3787 1424 παρᾶ

2133 1437 2231 1498 τάς
2262 1435 2544 1512 προτέρας·
2597 1438 2671 1499 ὡς
2720 1438 2820 1514 γάρ
2875 1438 3159 1514 καινότερά
3215 1460 3335 1494 τινα
3385 1437 3786 1510 ἐπινοήσαντες,

2137 1522 2492 1597 ἀπεδήμησαν
2522 1522 2740 1602 ἔχοντες
2770 1531 2955 1583 ταῦτα.

2206 1617 2394 1689 (99)1.
2432 1639 2459 1666 ‹‹
2493 1615 2822 1689 Πιστεόομεν
2874 1616 2949 1678 εἰς
2996 1613 3089 1671 ἕνα
3139 1617 3288 1688 Θεὸν,
3335 1619 3544 1693 Πατέρα
3591 1639 3788 1673 παντο-

2137 1703 2374 1778 κράτορα
2428 1707 2527 1778 (1),
2586 1704 2806 1775 κτίστην
2865 1705 2956 1760 καὶ
3013 1707 3251 1776 ποιητὴν
3307 1712 3414 1761 τῶν
3466 1709 3703 1777 πάντων,
3738 1706 3788 1778 ἐξ

2140 1793 2200 1847 οὗ
2231 1799 2374 1847 πᾶσα
2421 1795 2621 1869 πατριὰ
2650 1794 2701 1849 ὲν
2754 1794 2966 1870 οὐρανῷ
3017 1795 3106 1850 καὶ
3152 1794 3241 1850 ἐπὶ
3289 1799 3388 1870 γῆς
3440 1796 3783 1870 ὀνομάζεται·

2135 1881 2222 1936 καί
2255 1881 2330 1944 εἷς
2377 1883 2468 1937 τὸν
2528 1890 2788 1959 μονογενῆ
2838 1882 3005 1938 αὐτοῦ
3059 1883 3182 1938 Υἱὸν
3236 1886 3330 1940 τὸν
3382 1885 3574 1958 Κύριον
3623 1885 3785 1958 ἡμῶν

2139 1971 2346 2040 Ἰησοῦν
2380 1972 2629 2045 Χριστὸν,
2661 1971 2752 2026 τὸν
2805 1971 2911 2047 πρὸ
2955 1973 3168 2026 πάντων
3217 1977 3323 2026 τῶν
3486 1971 3695 2027 αἰώνων
3729 1971 3788 2027 ἐκ

2136 2064 2233 2114 τοῦ
2262 2063 2473 2136 Ιῐατρὸς
2504 2060 2848 2135 γεννηθέντα,
2882 2061 3010 2116 Θεὸν
3041 2061 3100 2116 ἐκ
3149 2066 3304 2132 Θεοῦ,
3338 2066 3454 2140 φῶς
3494 2061 3552 2116 ἐκ
3582 2061 3785 2139 φωτὸς,

2141 2146 2209 2203 δι’
2241 2150 2302 2203 οὗ
2333 2148 2537 2224 ἐγένετο
2588 2150 2655 2204 τὰ
2701 2151 2875 2204 πάντα
2923 2149 2975 2204 ἐν
3028 2151 3283 2224 οὐρανοῖς
3328 2153 3405 2224 (3)
3455 2149 3545 2205 καὶ
3593 2151 3660 2204 τὰ
3699 2149 3785 2205 ἐπὶ

2139 2245 2237 2307 τῆς
2267 2245 2394 2313 γῆς,
2441 2240 2509 2292 τὰ
2560 2240 2726 2314 ὁρατᾶ
2773 2239 2859 2293 καὶ
2909 2240 2978 2294 τὰ
3025 2239 3250 2315 ἀόρατα*
3301 2240 3477 2314 Λόγον
3527 2236 3651 2294 ὄντα
3699 2239 3788 2294 καὶ

2140 2327 2354 2405 σοφίαν,
2403 2327 2493 2382 καὶ
2553 2325 2799 2400 δύναμιν,
2848 2329 2937 2382 καὶ
2989 2329 3156 2397 ζωὴν,
3206 2328 3294 2383 καὶ
3340 2333 3454 2406 φῶς
3508 2328 3787 2397 ἀληθινόν·

2138 2417 2230 2472 τὸν
2265 2415 2344 2471 ἀπ’
2394 2415 2635 2492 ἐσχάτων
2691 2420 2767 2491 (4)
2814 2422 2922 2472 τῶν
2975 2417 3198 2493 ἡμερῶν
3254 2415 3322 2472 δι’
3371 2417 3792 2492 ἢμᾶςένανθρω-

2141 2505 2406 2574 πήσαντα,
2465 2503 2551 2559 καῖ
2611 2504 2934 2581 γεννηθέντα
2993 2505 3050 2560 ἐκ
3111 2513 3210 2575 τῆς
3269 2506 3418 2580 άγίας
3476 2504 3793 2579 Παρθένου,

2143 2591 2535 2668 σταυρωθέντα,
2586 2594 2674 2647 καὶ
2727 2592 3082 2661 ἀποθανόντα,
3134 2593 3224 2648 καὶ
3271 2595 3504 2670 ταφέντα
3553 2596 3654 2666 (5),
3699 2593 3791 2648 καὶ

2143 2683 2440 2736 ἀναστάντα
2487 2682 2545 2736 ἐκ
2590 2687 2696 2737 τῶν
2729 2687 2929 2757 νεκρῶν
2970 2687 3038 2756 τῇ
3085 2682 3240 2758 τρίτῃ
3287 2684 3492 2758 ἡμέρα,
3547 2681 3637 2737 καὶ
3668 2683 3794 2738 ἀνα-

2143 2768 2418 2847 ληφθέντα
2467 2769 2542 2834 εἷς
2589 2771 2838 2846 οὐρανὸν,
2887 2772 2976 2826 καὶ
3023 2772 3345 2835 καθεσθέντα
3374 2771 3432 2826 ἐκ
3461 2768 3644 2844 δεξιῶν
3697 2775 3794 2826 τοῦ

2144 2857 2377 2934 Πατρός·
2421 2857 2512 2913 καί
2560 2857 2860 2934 ἐρχόμενον
2907 2857 2994 2914 ἐπὶ
3039 2857 3318 2930 συντελείᾳ
3358 2865 3456 2915 τοῦ
3490 2859 3684 2920 αἰῶνος
3717 2863 3794 2933 (6)

2141 2953 2320 3023 κρῖναι
2383 2953 2584 3017 ζῶντας
2631 2949 2719 3002 καὶ
2764 2948 2989 3024 νεκροὺς
3023 2995 3039 3015 ,
3090 2949 3180 3003 καὶ
3229 2946 3525 3004 ἀποδοῦναι
3585 2948 3792 3021 ἑκάστῳ

2143 3038 2277 3090 κατᾶ
2327 3035 2394 3091 τά
2429 3035 2556 3111 ἔργα
2603 3035 2802 3091 αὐτοῦ·
2859 3035 2920 3091 οῦ
2978 3039 3012 3106 ἡ
3071 3037 3319 3112 βασιλεία
3379 3039 3789 3099 ἆκατάπαυστος

2145 3123 2276 3180 οὖσα
2325 3123 2565 3199 διαμένει
2613 3125 2691 3188 εἷς
2735 3125 2864 3190 τοῦς
2917 3126 3173 3201 ἀπείρους
3229 3126 3448 3190 αἰῶνας.
3507 3127 3792 3196 Καθέζεται

2144 3216 2246 3290 γάρ
2278 3214 2327 3268 έν
2365 3212 2508 3285 δεξιᾷ
2554 3219 2650 3270 τοῦ
2695 3216 2924 3289 Ιιατρὸς,
2977 3214 3038 3270 οὐ
3074 3215 3238 3288 μόνον
3296 3215 3348 3271 ἐν
3377 3221 3458 3288 τῷ
3488 3216 3644 3271 αἰῶνι
3673 3215 3796 3270 τοῦ·

387 3306 668 3376 apostolis
693 3309 986 3380 pollicitus
1016 3316 1146 3382 post
1184 3329 1357 3367 suum
1394 3313 1448 3366 in
1495 3313 1670 3368 caelos
1718 3329 2028 3370 ascensum

2150 3325 2242 3376 τῳ,
2271 3301 2416 3358 ἀλλὰ
2445 3303 2534 3358 καὶ
2568 3303 2620 3358 έν
2672 3307 2750 3376 τῷ
2800 3303 3081 3376 μέλλοντι.
3117 3305 3447 3378 Πιστεόομεν
3482 3308 3559 3379 (7)
3594 3304 3684 3360 καὶ
3717 3304 3795 3366 εἷς

389 3395 570 3462 misit,
616 3401 681 3452 ut
710 3398 942 3454 doceret
984 3400 1114 3455 illos
1157 3406 1214 3456 et
1273 3406 1611 3473 suggereret
1657 3403 1873 3473 omnia,
1935 3419 2037 3474 per

388 3501 563 3557 quem
594 3486 769 3542 etiam
794 3488 1318 3546 sanctiﬁcabuntur
1339 3491 1758 3547 animmeorum
1793 3491 1891 3564 qui
1912 3492 2034 3548 sin-

387 3590 514 3630 cere
537 3575 594 3630 in
624 3575 790 3632 illum
824 3579 1195 3636 crediderint.

463 3845 569 3900 II.«
596 3845 731 3902 Illos
763 3854 956 3904 autem
993 3849 1093 3920 qui
1122 3849 1326 3904 dicunt
1355 3849 1563 3905 Filium
1596 3867 1664 3906 ex
1697 3867 1809 3906 non
1841 3856 2035 3907 extan-

393 3934 572 4002 tibus,
603 3940 704 3992 aut
735 3954 803 3992 ex
833 3937 948 3992 alia
991 3939 1341 4007 substantia,
1392 3957 1506 3994 non
1556 3945 1751 3995 autem
1801 3957 1869 3996 ex
1917 3941 2033 3997 Deo

387 4040 554 4092 esse;
589 4030 692 4080 aut
731 4031 965 4098 tempus
1015 4025 1332 4098 aliquando
1364 4027 1451 4084 vel
1510 4029 1793 4084 saeculum
1853 4028 2033 4086 fuisse

382 4128 513 4167 cum
551 4131 666 4169 non
698 4120 872 4181 esset,
907 4113 1127 4170 alienos
1185 4115 1454 4187 agnoscit
1506 4115 1797 4171 catholica
1838 4116 2034 4172 Eccle-

380 4202 488 4256 sia.
524 4203 808 4260 Simillter
838 4221 936 4261 eos
969 4206 1069 4277 qui
1119 4203 1322 4260 dicunt
1370 4210 1487 4260 tres
1544 4205 1691 4261 Deos
1722 4221 1873 4272 esse,
1932 4209 2034 4260 aut

379 4291 678 4348 Christum
712 4311 827 4349 non
858 4311 987 4350 esse
1036 4299 1213 4350 Deum
1251 4311 1262 4349 :
1298 4300 1398 4349 aut
1446 4311 1580 4350 eum
1641 4299 1774 4350 ante
1822 4294 2033 4350 saecula

381 4396 572 4451 neque
603 4381 900 4436 Christum
933 4399 1286 4454 esse,neque
1318 4383 1527 4438 Filium
1563 4383 1656 4438 Dei
1695 4401 1707 4439 :
1743 4388 1844 4438 aut
1865 4399 2034 4439 eum-

381 4469 516 4524 dem
547 4484 676 4524 esse
705 4473 936 4526 Patrem
969 4476 1142 4542 atque
1176 4471 1380 4527 Filium
1419 4471 1506 4528 vel
1559 4472 1843 4547 Spiritum
1892 4489 2032 4528 san-

2142 3392 2203 3447 τὸ
2238 3395 2458 3466 Πνεῦμα
2499 3393 2560 3448 τὸ
2602 3395 2778 3469 ἅγιον,
2810 3393 3072 3461 τουτέστι,
3107 3393 3200 3448 τὸν
3235 3393 3620 3469 Παράκλητον,
3661 3393 3794 3469 ὅπερ

2145 3481 2607 3556 ἐπαγγειλάμενος
2657 3488 2772 3543 τοῖς
2821 3481 3150 3544 ἀποστόλοις
3203 3483 3340 3555 μετὰ
3389 3485 3489 3554 τήν
3527 3483 3602 3546 εἷς
3635 3483 3795 3559 οὖρα-

2142 3571 2233 3624 νὸν
2267 3568 2479 3640 ἄνοδον,
2515 3569 2796 3626 ἀπέστειλε
2847 3568 3053 3643 διδάξαι
3104 3571 3300 3634 αὐτοὺς
3345 3571 3433 3626 καὶ
3489 3573 3796 3645 ὑπομνῆσαι

2144 3660 2335 3728 πάντα,
2391 3657 2461 3714 δι’
2505 3661 2565 3714 οὗ
2607 3659 2697 3714 καὶ
2749 3661 3166 3735 ἀγιασθήσονται
3216 3662 3294 3733 (8)
3324 3661 3379 3715 αἱ
3420 3665 3528 3716 τῶν
3564 3660 3792 3735 εἰλικρι-

2143 3754 2250 3811 νῶς
2283 3747 2360 3811 εἷς
2395 3749 2551 3804 αὐτὸν
2584 3748 3016 3804 πεπιστευκότων
3050 3748 3246 3824 ψυχαί.

2217 3843 2284 3899 ΙΙ.
2323 3867 2348 3892 ι(
2383 3840 2525 3903 Τοὺς
2576 3837 2632 3894 δὲ
2673 3838 2929 3916 λέγοντας
2981 3839 3031 3910 ἐξ
3082 3839 3180 3895 οὐκ
3212 3835 3380 3896 ὄντων
3410 3841 3500 3896 τὸν
3534 3841 3656 3896 ne»
3689 3844 3790 3915 (9),

2144 3931 2261 4002 ἢέξ
2318 3932 2499 4004 ἑτέρας
2561 3932 2925 4000 ὑποστάσεως,
2983 3931 3073 3986 καὶ
3127 3933 3202 4004 μὴ
3254 3931 3314 3987 ἐκ
3357 3937 3456 3987 τοῦ
3504 3937 3659 4001 Θεοῦ,
3700 3933 3789 3988 καὶ

2143 4022 2225 4077 ὅτι
2257 4024 2321 4090 ἦν
2357 4020 2558 4097 χρόνος
2612 4022 2765 4088 ποτὶ,
2797 4021 2830 4089 ἢ
2873 4020 3033 4087 αἶ’ὼν,
3083 4019 3172 4076 ὅτε
3219 4021 3296 4094 μὴ
3345 4022 3436 4090 ἦν,
3468 4019 3793 4096 ἀλλοτρίους

2144 4109 2284 4166 οἶδεν
2316 4113 2350 4180 ἡ
2401 4109 2667 4179 καθολικὴ
2717 4112 2832 4182 (10)
2878 4109 2967 4164 καὶ
3020 4108 3143 4186 ἦγία
3183 4108 3500 4180 Ἐκκλησία.
3551 4110 3794 4184 Ὁμοίως

2141 4199 2386 4261 καὶτοὺς
2433 4196 2690 4274 λέγοντας
2741 4204 2888 4275 τρεῖς
2938 4199 3071 4252 εἶναι
3122 4197 3308 4266 Θεοὺς,
3358 4198 3392 4267 ἢ
3423 4199 3514 4254 τὸν
3564 4201 3796 4274 Χριστὸν

2147 4291 2223 4363 μή
2257 4291 2388 4344 εἶναι
2418 4288 2564 4357 Θεὸν,
2615 4287 2650 4357 ἢ
2682 4288 2787 4364 πρὸ
2829 4292 2937 4343 τῶν
2971 4287 3184 4342 αἰώνων
3220 4289 3359 4360 μήτε
3389 4289 3618 4359 Χριστὸν
3654 4292 3794 4363 μήτε

2143 4378 2267 4432 Υἱὸν
2301 4377 2458 4432 αὐτὸν
2495 4379 2626 4432 εἶναι
2672 4381 2830 4449 Θεοῦ,
2865 4376 2900 4446 ἢ
2931 4377 3021 4431 τὸν
3072 4375 3230 4432 αὐτὸν
3281 4378 3414 4432 εἶναι
3457 4378 3672 4455 Πατέρα
3701 4378 3791 4434 καὶ

2146 4467 2293 4537 ι’ἱὸν,
2324 4469 2359 4537 ἢ
2393 4469 2541 4544 ἅγιον
2598 4471 2817 4542 Πνεῦμα
2846 4469 2978 4541 (11)⁶
3013 4465 3048 4535 ἢ
3099 4467 3385 4542 ἀγέννητον
3436 4467 3576 4539 ι’ἱὸν,
3623 4467 3657 4537 ἢ
3707 4467 3792 4523 ὅτι

454 4613 572 4688 (98)
621 4615 758 4688 Quae
817 4613 1213 4688 sequebantur
1258 4614 1416 4688 hic,
1449 4611 1607 4674 τέλος
1661 4613 1861 4688 ταύτης
1931 4620 2028 4683 τῆς

2150 4611 2630 4688 raetvtgthdesunt:
2658 4612 2814 4688 Infra
2832 4608 2932 4688 ,τόν
2963 4614 3096 4688 ante
3128 4608 3353 4686 οὐρανόν
3378 4613 3542 4668 deest
3562 4611 3621 4667 in
3645 4610 3787 4683 Reg.

388 4681 715 4758 ὁμολογίας,
767 4681 964 4740 addita
1015 4685 1517 4758 a_Paris_iensibus
1548 4681 1896 4752 editoribus,
1928 4681 2027 4742 es-

387 4755 603 4828 puncta
633 4761 793 4812 sunt.
826 4761 950 4812 Non
981 4755 1134 4811 enim
1168 4756 1457 4828 habentur
1488 4758 1543 4828 in
1575 4775 1741 4823 mss.,
1779 4773 1888 4828 nec
1908 4758 2019 4814 nisi

387 4825 586 4884 Latine
616 4830 676 4883 in
708 4828 846 4884 edit.
881 4828 1165 4900 Commel.
1198 4828 1371 4897 Infra,
1403 4826 1560 4888 αὑτός
1617 4833 1748 4900 post
1814 4825 2017 4898 διδάξαι

385 4900 545 4955 abest
577 4917 610 4954 a
639 4905 858 4955 Socrat.
891 4905 946 4954 et
975 4899 1281 4971 Nicephor.

457 4972 567 5042 (99)
584 4973 797 5038 Quinta
827 4971 960 5026 fidei
980 4970 1230 5026 formula
1248 4971 1467 5042 scripta
1489 4987 1641 5025 anno
1663 4971 1765 5024 344
1781 4970 1865 5025 vel
1893 4972 2018 5026 345.

385 5041 512 5099 Hch
539 5043 677 5098 item
711 5043 844 5097 ﬁdei
878 5044 1159 5114 professio
1201 5041 1407 5114 exstat
1437 5043 1591 5114 apud
1640 5048 1858 5097 Socrat.
1914 5043 2016 5098 lib.

381 5129 466 5181 ιιι,
503 5132 629 5186 cap.
666 5115 750 5186 19,
783 5121 838 5168 et
867 5112 1020 5185 apud
1055 5113 1360 5184 Nicephor.
1393 5112 1494 5186 lib.
1528 5131 1611 5186 xx,
1639 5130 1763 5182 cap.
1801 5115 1884 5168 11.

456 5189 531 5256 (1)
560 5184 782 5240 Titulus
846 5184 1039 5242 Latine
1100 5187 1352 5258 primum
1410 5185 1465 5239 in
1525 5185 1660 5238 edit.
1708 5189 2021 5258 Comm._et

380 5254 574 5329 Grn-ce
607 5262 808 5329 postea
837 5258 895 5329 in
927 5259 1063 5313 edit.
1097 5254 1408 5313 Parisiens.
1445 5258 1709 5328 prmfixus
1732 5258 1832 5321 sic,
1868 5254 2020 5329 ἑτέρα

378 5338 478 5399 τῆς
511 5328 740 5390 πίστεως
773 5328 1064 5401 ὁμολογία,
1117 5331 1174 5384 in
1230 5329 1408 5384 nullis
1460 5329 1710 5384 habetur
1754 5345 1896 5384 mss.
1930 5345 2020 5384 ex-

379 5409 750 5477 punctusque
773 5420 806 5456 a
839 5402 1016 5477 nobis
1037 5407 1144 5456 est.

449 5479 525 5544 (2‘)
558 5467 672 5526 Τῶν
705 5475 869 5530 deest
902 5475 958 5528 in
989 5474 1150 5545 Reg,
1183 5471 1301 5526 haec
1329 5474 1438 5524 τῶν
1471 5467 1682 5523 αἶ’ώνων
1717 5471 1928 5526 desunt
1957 5471 2013 5525 in

376 5547 686 5603 Nicephor.

450 5563 799 5688 (c§)p§§§iat.,
833 5615 883 5688 ἐν
908 5620 1031 5688 τοῖς
1059 5613 1469 5688 οὖρανοῖςΜοχ
1497 5613 1561 5666 τά
1591 5613 1755 5670 deest
1784 5615 1843 5670 in
1876 5615 2014 5688 Reg.

451 5685 528 5802 (4)
558 5693 800 5756 Socrat.,
834 5687 915 5741 ἐπ’
948 5685 1200 5761 ἐσχάτου.

475 5761 529 5802 Ξ)
567 5763 644 5802 lin
679 5763 792 5802 Reg
868 5765 1006 5802 anr
1053 5765 1111 5802 et.
1168 5759 1200 5802 Ν

475 5754 529 5830 5)
563 5763 648 5814 lta
679 5754 835 5829 Reg),
868 5754 1111 5815 Socrl‘et
1168 5757 1408 5828 Niceph.
1460 5759 1520 5813 In
1572 5756 1745 5812 editis
1776 5755 1896 5812 haec
1925 5754 2014 5809 καὶ

2140 4682 2297 4740 Socr
2332 4684 2573 4756 Niceph.
2609 4685 2669 4739 In
2702 4683 2878 4740 editis
2903 4682 3172 4756 habetur.

2187 4758 2284 4827 -(6)
2312 4751 2558 4811 Socrfet
2587 4756 2723 4812 Nice
2747 4756 3006 4827 ph.,;£bv
3040 4751 3459 4827 aidwwv.Paul_o
3494 4757 3623 4826 post
3648 4751 3787 4821 Reg.

2134 4820 2294 4900 Socr.
2327 4827 2592 4900 Niceph..
2627 4820 2767 4881 κατᾶ
2791 4820 2864 4879 τά
2886 4820 3128 4900 ἔργαζῐῐ]
3162 4825 3429 4900 editisti
3460 4820 3641 4900 deest.
3662 4820 3790 4879 MOx

2128 4899 2256 4959 τούς
2285 4903 2417 4953 ante
2449 4896 2710 4971 ἆπείρους
2741 4896 2993 4955 ᾶεΘΞΗὴ
3029 4898 3189 4971 Socr.
3223 4902 3279 4952 et
3306 4896 3546 4971 Niceph.

2205 4971 2448 5043 (7),ΡοΞί
2478 4962 2800 5043 πιστεόομεν
2835 4971 2996 5043 Socr.
3032 4973 3089 5024 et
3126 4969 3368 5041 Niceph.
3420 4962 3640 5025 Habent
3696 4962 3784 5021 δε.

2129 5038 2272 5116 Μόιρ
2286 5042 2483 5116 iidem,
2513 5038 2716 5116 si‘ci-rdv'
2735 5038 3117 5116 Ilapéalnsov.

2203 5115 2275 5186 (8)
2311 5111 2476 5188 S_ocr.
2502 5120 2558 5170 et
2586 5111 2849 5187 Niceph.,
2883 5111 3219 5188 ἀγιάζονται.
3269 5116 3326 5168 et
3372 5129 3507 5168 mox
3560 5111 3784 5182 iidem,

2130 5185 2517 5239 πιστευόντων⁹

2203 5260 2277 5328 (9)
2307 5263 2473 5330 Socr.
2498 5262 2556 5313 et
2583 5252 3150 5330 Niceph.,acvirtdv,
3186 5256 3406 5330 rectius
3438 5259 3503 5312 ut
3530 5254 3780 5317 videtur,

2133 5325 2307 5401 quam
2341 5329 2477 5384 editi
2511 5334 2568 5384 et
2597 5325 2743 5401 mss,
2776 5325 2872 5401 qui
2902 5329 3123 5401 habent
3152 5325 3303 5401 856v:

2203 5402 2313 5472 (10)
2344 5406 2499 5455 Socr.
2534 5406 2590 5455 et
2618 5395 2882 5472 Niceph.,
2915 5401 2949 5468 ἡ
2984 5399 3107 5472 ἁγία
3137 5395 3431 5472 καθολική.

2201 5467 2500 5554 (l1)_Socr.
2527 5477 2602 5554 Aet
2659 5467 2946 5554 Niceph.,
2974 5467 3060 5554 καὶ
3111 5469 3273 5554 ’ἅγιον
3334 5471 3596 5554 Πνεῦμα.-
3631 5467 3788 5554 [ΠΗ-ρ

2131 5537 2276 5616 egit.
2297 5537 2492 5616 'Paris.
2524 5547 2683 5602 Socr.
2716 5550 2774 5600 et
2802 5537 3069 5615 Niceph.,
3101 5542 3136 5610 ἠ
3171 5537 3300 5616 ἆγία
3354 5540 3441 5616 καὶ
3483 5537 3778 5616 ζκαθολικὴ

2133 5612 2634 5688 ἘκκλησίακΕάἰῑ.
2667 5633 2799 5673 vero
2831 5611 3062 5672 Comm.
3088 5622 3146 5671 et
3188 5611 3347 5688 Reg,
3379 5615 3414 5683 ἡ
3472 5611 3597 5686 ἁγία
3651 5620 3781 5674 καθ-

2130 5682 2295 5754 ολική
2325 5681 2512 5742 Ἐκκλ.
