4082 6332
281 442 402 503 729

1743 428 1846 492 DE
1892 432 2251 495 SYNODIS.

3577 437 3698 499 730

283 571 347 626 οὗ
408 568 672 646 βουλήσει
731 562 856 620 ούδὶ
925 561 1145 634 θελήσει
1216 561 1461 638 ἐγέννησε
1513 561 1542 615 6
1599 560 1785 636 Πατὴρ
1841 561 1925 615 τὸν

2054 572 2207 620 clum
2243 582 2256 620 :
2292 568 2393 620 aut
2420 562 2747 637 ingenitum
2771 582 2900 624 esse
2929 565 3173 623 Filium:
3206 566 3293 623 vel
3325 567 3551 624 Patrem
3580 585 3697 624 non

282 659 405 714 Υἱὸν
434 700 449 726 ,
525 654 906 728 ἀναθεματίζει
975 655 1009 723 ἡ
1082 650 1207 728 ἁγία
1289 651 1376 705 καὶ
1472 647 1741 718 καθολικὴ
1817 649 1936 706 Ἐκρ

282 746 510 816 κλησία.
1526 755 1531 759 ’

358 842 460 894 ΙΙΙ.
493 859 521 888 ‹‹
555 830 693 892 Οὔτε
722 831 823 908 γὰρ
853 829 909 902 ἐξ
938 828 1037 884 οὐκ
1077 825 1245 884 ὄντων
1276 829 1366 884 τὸν
1399 829 1522 883 Υἱὸν
1564 827 1740 903 λέγειν
1771 825 1935 891 ἀσφα-

286 923 402 997 λὲς,
435 922 552 980 ἐπεὶ
610 918 869 997 μηδαμοῦ
914 922 1077 974 τοῦτο
1124 922 1232 973 τῶν
1294 916 1660 982 θεοπνεύστων
1707 917 1932 992 Γραφῶν

286 1016 504 1092 φέρεται
536 1015 647 1088 (12)
697 1009 821 1086 περὶ
879 1004 1217 1079 αύτοῦ,οὕτε
1274 1008 1382 1081 μὴν
1441 1005 1492 1078 ἐξ
1551 1004 1732 1079 ἑτέρας
1791 1003 1933 1065 τινὸς

289 1091 634 1164 ῦποστάσεως
688 1099 834 1175 παρὰ
877 1098 969 1154 τὸν
1023 1095 1235 1172 Πατέρα
1282 1094 1771 1172 προϋποκειμένης·
1805 1091 1933 1148 ἀλλ’

284 1191 345 1247 ἐκ
376 1190 543 1266 μόνου
572 1189 666 1244 τοῦ
696 1192 830 1244 Θεοῦ
873 1183 1111 1262 γνησίως
1162 1184 1321 1240 αὐτὸν
1369 1186 1716 1260 γεγεννῆσθαι
1767 1179 1933 1256 διορι-

286 1282 490 1354 ζόμεθα
520 1281 654 1352 (13)’
685 1283 776 1332 Ἒν
821 1276 923 1353 γὰρ
965 1276 1030 1330 τὸ
1077 1273 1369 1350 ἀγέννητον
1419 1273 1509 1328 καὶ
1560 1269 1793 1347 ἄναρχον
1840 1270 1932 1325 τὸν

281 1371 519 1445 Χριστοῦ
570 1367 782 1441 Πατέρα
829 1366 857 1419 6
909 1367 1053 1426 θεῖος
1103 1360 1340 1419 διδάσκει
1390 1362 1571 1439 λόγος.
1596 1360 1761 1417 Ἀλλ’
1809 1357 1933 1415 οὐδὲ

281 1459 365 1531 τὸ,
394 1459 461 1528 ἦν
493 1475 647 1529 ποτε,
681 1457 770 1511 ὅτε
796 1454 896 1510 οὐκ
942 1453 1034 1524 ἦν,
1068 1452 1119 1524 ἐξ
1167 1453 1424 1531 ἀγράφων
1473 1448 1786 1529 ἐπισφαλῶς
1835 1448 1931 1506 λέ-

282 1569 482 1624 γοντας
539 1548 675 1621 (14),
739 1544 998 1621 χρονικόν
1057 1564 1109 1598 τι
1168 1540 1443 1615 διάστημα
1497 1539 1932 1617 προενθυμητέον

282 1638 472 1709 αὐτοῦ,
500 1634 627 1692 ἀλλ’
656 1634 691 1705 ἢ
729 1634 894 1708 μόνον
920 1632 1011 1688 τὸν
1043 1632 1299 1709 ἆχρόνως
1354 1631 1512 1686 αὐτὸν
1569 1630 1933 1707 γεγεννηκότα

285 1728 436 1783 Θεόν’
467 1726 558 1782 καὶ
606 1723 803 1801 χρόνοι
850 1722 953 1799 γὰρ
1001 1721 1090 1777 καὶ
1132 1720 1324 1783 αἰῶνες
1361 1719 1614 1797 γεγόνασι
1646 1716 1717 1774 δι’
1744 1718 1928 1775 αὐτοῦ.

283 1816 424 1876 Οῦτε
481 1819 588 1890 μὴν
640 1815 974 1890 συνάναρχον
1027 1814 1117 1868 καὶ
1175 1811 1565 1885 συναγέννητον
1622 1814 1704 1883 τῷ
1761 1809 1930 1886 Πατρὶ

281 1908 377 1962 τὸν
425 1906 550 1960 Υἱὸν
604 1904 740 1994 εἶναι
772 1900 1078 1994 νομιστέον
1111 1899 1604 1994 συνανάρχῖουΔγάρ
1660 1900 1753 1994 καὶ.
1808 1919 1932 1953 συν-
1966 1929 2009 1994 Β

283 1997 583 2072 αγεννήτου
628 1993 805 2054 οὐδεὶς
854 1991 1055 2068 κυρίως
1112 1991 1291 2065 πατὴρ
1349 1990 1384 2059 ἢ
1435 1990 1548 2051 υἱὸς
1577 1987 1928 2064 λεχθήσεται.

282 2083 466 2140 Ἀλλά
492 2084 585 2139 τὸν
621 2084 714 2156 μὲν
751 2081 961 2157 Πατέρα
994 2078 1154 2153 μόνον
1188 2077 1425 2155 ἄναρχον
1458 2073 1582 2132 ὄντα
1625 2078 1712 2131 καὶ
1775 2077 1931 2152 ἀγέν-

279 2193 448 2245 νητον
492 2174 604 2246 (15)
655 2167 1033 2247 γεγεννηκέναι
1085 2167 1404 2245 ἀνεφίκτως,
1450 2167 1541 2220 καὶ
1597 2170 1757 2220 πᾶσιν
1809 2165 1930 2219 ἀκα-

283 2260 581 2332 ταλήπτως
639 2256 863 2332 οἴδαμεν
892 2276 906 2291 ⁸
965 2258 1057 2312 τὸν
1139 2253 1197 2311 δὲ
1246 2255 1370 2310 Υἱὸν
1423 2256 1771 2330 γεγεννῆσθαι
1824 2254 1930 2331 πρὸ

283 2349 518 2420 αἰώνων,
548 2349 636 2403 καὶ
674 2347 869 2421 μηκέτι
895 2344 1102 2420 ὁμοίως
1155 2350 1234 2417 τῷ
1289 2345 1456 2420 Πατρὶ
1514 2344 1803 2419 ἀγέννητον
1855 2343 1929 2398 εἶ-

284 2460 374 2493 ναι
402 2437 493 2493 καὶ
523 2437 705 2507 αὐτὸν,
736 2434 863 2492 ἀλλ’
893 2436 1071 2510 ἀρχὴν
1103 2428 1249 2510 ἔχειν
1294 2434 1387 2489 τὸν
1437 2435 1765 2510 γεννήσαντα
1816 2439 1931 2487 Πα-

282 2528 413 2605 τέρα
440 2525 652 2607 κεφαλή
683 2527 788 2603 γὰρ
811 2525 1041 2600 Χριστοῦ
1068 2524 1096 2578 6
1126 2522 1274 2585 Θεός.

355 2793 449 2850 IV.
467 2816 496 2844 «
516 2788 650 2847 Οὔτε
670 2792 777 2865 μὴν
807 2789 930 2866 τρία
960 2787 1359 2866 ὁμολογοῦντες
1385 2789 1678 2865 πράγματα
1696 2787 1784 2842 καὶ
1804 2784 1931 2860 τρία

283 2881 575 2958 πρόσωπα,
601 2885 698 2937 τοῦ
751 2880 984 2955 Πατρὸς,
1011 2880 1098 2934 καὶ
1153 2882 1249 2933 τοῦ
1302 2876 1569 2945 Υἱοῦ,καὶ
1626 2881 1724 2931 τοῦ
1769 2875 1929 2951 ἁγίου

287 2968 610 3053 Πνεύματος⁸
656 2969 794 3025 κατά
848 2968 942 3030 τὰς
991 2967 1223 3044 Γραφὰς,
1254 2971 1399 3042 τρεῖς
1456 2963 1545 3021 διὰ
1591 2970 1750 3020 τοῦτο
1802 2966 1928 3027 τοὺς

282 3059 450 3121 Θεοὺς
484 3063 774 3134 ποιοῦμενο
810 3054 997 3127 ἐπειδή
1040 3057 1130 3112 τὸν
1177 3054 1443 3125 αὐτοτελῆ
1494 3055 1583 3110 καὶ
1632 3054 1927 3130 ἀγέννητον

281 3143 522 3224 ἅναρχόν
550 3169 611 3204 τε
636 3147 727 3203 καὶ
760 3147 988 3223 ἀόρατον
1030 3147 1157 3203 Θεὸν
1205 3143 1298 3201 ἕνα
1358 3145 1525 3219 μόνον
1570 3142 1794 3218 οἴδαμεν
1835 3147 1926 3201 τὸν

283 3238 414 3294 Θεὸν
443 3238 533 3292 καὶ
564 3236 775 3313 Πατέρα
801 3237 897 3292 τοῦ
956 3238 1318 3313 Μονογενοῦς,
1349 3235 1441 3290 τὸν
1498 3234 1658 3309 μόνον
1722 3234 1817 3308 μὶν
1872 3234 1921 3308 ἐξ

2044 655 2285 712 arbitrio
2317 673 2423 712 suo
2464 662 2566 713 aut
2611 658 2904 715 voluntate
2952 659 3228 731 genuisse
3268 658 3521 727 Filium;
3554 676 3693 716 ana-

2044 746 2301 803 themate
2334 748 2464 803 ferit
2495 754 2697 805 sancta
2726 755 2783 806 et
2812 750 3099 807 catholica
3130 749 3404 807 Ecclesia.

2116 836 2213 891 ΙΙΙ.
2254 858 2275 887 ι
2308 837 2506 910 Neque
2526 839 2680 894 enim
2707 844 2899 894 tutum
2922 844 3012 895 est
3032 840 3219 896 dicere
3242 840 3450 896 Filium
3475 855 3543 894 ex
3578 856 3691 895 non

2043 926 2411 982 exstantibus
2432 944 2582 999 esse,
2602 944 2733 983 cum
2759 946 3053 1001 nusquam
3076 929 3406 986 divinarum
3428 928 3692 1001 Scriptu-

2043 1030 2242 1070 rarum
2275 1014 2382 1071 hoc
2412 1017 2483 1071 de
2515 1017 2640 1089 ipso
2691 1018 2912 1073 feratur
2943 1035 2957 1073 :
2990 1018 3076 1074 vel
3109 1036 3174 1075 ex
3205 1018 3319 1074 alia
3350 1018 3513 1090 prius
3543 1017 3694 1073 exsi-

2042 1107 2230 1160 stente
2252 1105 2586 1161 substantia
2608 1124 2735 1178 quae
2762 1106 2950 1163 Patris
2972 1125 3086 1162 non
3118 1113 3301 1176 esset;
3326 1108 3425 1163 sed
3471 1123 3540 1162 ex
3568 1105 3692 1162 solo

2041 1191 2158 1247 Deo
2192 1209 2327 1248 eum
2358 1209 2489 1250 vere
2508 1194 2773 1265 genitum
2804 1212 2933 1251 esse
2954 1195 3268 1252 deﬁnimus
3292 1213 3306 1261 ;
3331 1213 3515 1252 unum
3536 1194 3693 1251 enim
3782 1249 3787 1254 .

2042 1280 2368 1353 ingenitum
2401 1287 2459 1337 et
2504 1283 2631 1338 sine
2683 1284 2971 1356 principio
3019 1284 3233 1340 Christi
3283 1285 3510 1341 Patrem
3568 1300 3695 1340 esse

2041 1370 2273 1426 divinus
2306 1388 2499 1427 sermo
2533 1372 2714 1429 docet.
2745 1374 2851 1428 Sed
2888 1389 3075 1446 neque
3104 1391 3203 1429 eos
3236 1374 3335 1446 qui
3367 1374 3510 1429 citra
3537 1375 3695 1430 Scri-

2040 1462 2189 1515 turas
2236 1461 2644 1518 auctoritatem
2695 1465 2913 1518 temere
2961 1462 3167 1518 dicunt
3211 1480 3223 1517 :
3272 1463 3411 1518 Erat
3458 1467 3694 1534 tempus

2042 1564 2173 1603 cum
2208 1566 2322 1605 non
2354 1553 2530 1620 esset,
2563 1549 2799 1623 aliquod
2835 1552 3117 1623 temporis
3164 1553 3423 1624 spatium
3469 1558 3696 1607 antece-

2041 1638 2186 1693 dens
2217 1639 2474 1712 cogitare
2514 1644 2777 1712 oportet;
2821 1642 2921 1696 sed
2975 1641 3166 1697 solum
3198 1641 3381 1697 Deum
3432 1641 3532 1713 qui
3569 1642 3696 1697 sine

2040 1730 2302 1798 tempore
2332 1726 2497 1783 illum
2532 1729 3051 1801 genuit.Tempora
3079 1731 3235 1786 enim
3269 1734 3325 1785 et
3355 1728 3566 1786 saecula
3594 1747 3696 1802 per

2041 1813 2210 1870 illum
2245 1816 2400 1872 facta
2448 1822 2606 1873 sunt.
2655 1818 2853 1889 Neque
2901 1819 3045 1875 item
3096 1818 3555 1875 existimandum
3606 1822 3699 1875 est

2040 1903 2248 1959 Filium
2282 1922 2399 1961 una
2449 1921 2580 1961 cum
2618 1906 2781 1962 Patre
2830 1924 2945 1962 non
2977 1906 3243 1979 genitum
3295 1913 3353 1964 et
3407 1906 3694 1980 principio

2042 1998 2336 2065 expertem
2364 2012 2377 2061 ;
2403 1994 2618 2067 quippe
2637 1994 2815 2050 simul
2850 2012 2965 2051 non
2987 1996 3168 2068 geniti
3195 2000 3252 2051 et
3281 1995 3569 2068 principio
3601 2012 3694 2051 ca-

2042 2082 2246 2152 rentis,
2278 2098 2450 2138 nemo
2501 2085 2733 2155 proprie
2763 2089 2927 2154 pater
2974 2090 3077 2141 aut
3106 2083 3267 2140 filius
3299 2084 3413 2139 dici
3465 2085 3695 2156 poterit.

2039 2170 2146 2225 Sed
2177 2174 2405 2225 Patrem
2428 2170 2530 2242 qui
2563 2169 2726 2226 solus
2750 2170 3038 2243 principio
3078 2187 3283 2227 carens
3314 2175 3370 2226 et
3397 2170 3696 2243 ingenitus

2042 2262 2149 2326 est,
2184 2259 2356 2315 modo
2380 2258 2659 2315 ineffabili
2690 2264 2747 2315 et
2792 2260 3069 2315 omnibus
3113 2258 3697 2332 incomprehensibili

2041 2347 2316 2419 genuisse
2346 2347 2633 2404 novimus,
2658 2347 2869 2403 Filium
2901 2355 3096 2404 autem
3129 2353 3262 2403 ante
3294 2347 3508 2404 saecula
3533 2345 3695 2421 geni-

2041 2442 2166 2493 tum
2199 2437 2401 2505 fuisse,
2435 2454 2539 2492 nec
2570 2438 2814 2509 proinde
2861 2436 3019 2494 velut
3051 2437 3275 2493 Patrem
3324 2437 3520 2509 ipsum
3554 2453 3694 2510 quo-

2041 2542 2153 2598 que
2182 2526 2510 2599 ingenitum
2563 2543 2728 2594 esse;
2762 2526 2864 2582 sed
2915 2526 3271 2598 principium
3311 2526 3545 2596 habere,
3595 2526 3695 2583 Pa-

2038 2618 2185 2671 trem
2232 2632 2443 2689 nempe
2490 2614 2591 2687 qui
2640 2632 2703 2672 se
2748 2616 2995 2689 genuit:
3042 2620 3220 2689 caput
3265 2616 3423 2672 enim
3474 2614 3691 2673 Christi

2038 2705 2194 2761 Deus
2226 2705 2296 2761 ¹¹.

2112 2792 2206 2849 IV.
2241 2816 2269 2844 ‹‹
2301 2791 2415 2850 Nec
2446 2797 2639 2849 tamen
2692 2792 2831 2865 quia
2863 2797 2981 2850 tres
3012 2809 3104 2849 res
3154 2798 3213 2850 et
3243 2797 3362 2850 tres
3410 2811 3693 2865 personas

2041 2878 2246 2948 Patris,
2278 2884 2335 2935 et
2366 2879 2517 2947 Filii,
2550 2884 2605 2935 et
2633 2880 2886 2952 Spiritus
2936 2880 3123 2936 sancti
3174 2880 3496 2935 secundum
3549 2880 3695 2935 Scri-

2038 2974 2241 3042 pturas
2273 2970 2643 3040 confitemur,
2674 2969 2802 3025 ideo
2849 2975 2970 3025 tres
3001 2971 3141 3024 deos
3191 2969 3461 3024 facimus.
3494 2968 3689 3024 Unum

2037 3058 2194 3114 enim
2223 3057 2412 3113 solum
2444 3075 2513 3114 ex
2541 3058 2734 3130 seipso
2766 3060 3111 3131 perfectum,
3143 3057 3497 3130 ingenitum,
3530 3058 3689 3129 prin-

2037 3147 2187 3219 cipio
2239 3152 2565 3215 carentem,
2624 3150 2683 3204 et
2736 3147 3091 3203 invisibilem
3149 3147 3332 3203 Deum
3393 3147 3684 3213 novimus,

2037 3236 2222 3293 Deum
2275 3240 2333 3293 et
2380 3236 2608 3293 Patrem
2656 3235 2975 3309 Unigeniti,
3008 3236 3107 3308 qui
3157 3235 3319 3292 solus
3368 3252 3438 3291 ex
3494 3236 3688 3308 seipso

269 3327 473 3382 »ἑαυτοῦ
527 3328 591 3382 τὸ
651 3297 786 3383 εἶναι
845 3324 1065 3402 ἔχοντα,
1101 3297 1265 3398 μόνον
1307 3297 1379 3380 ’δὲ
1412 3297 1525 3400 (Id)
1553 3330 1671 3387 τοῖς
1722 3297 1921 3388 ἀλλοις

2045 3325 2210 3383 habet
2239 3342 2389 3396 esse,
2420 3324 2582 3382 solus
2612 3297 2844 3398 copiose
2874 3297 3182 3381 illud-aliis
3212 3325 3478 3398 largitur.
3515 3297 3686 3381 Porro
3740 3324 3741 3327 “

277 3421 439 3470 πᾶσιν
496 3414 747 3493 ἀφθόνως
804 3418 965 3469 τοῦτο
1023 3413 1411 3490 χαριζόμενον.
1463 3408 1598 3467 Οὔτε
1658 3412 1788 3486 μὴν,
1838 3409 1928 3468 ἕνα

277 3503 407 3559 Θεὸν
444 3503 608 3577 μόνον
637 3501 887 3577 λέγοντες
921 3502 1053 3557 εἶναι
1076 3501 1171 3557 τὸν
1216 3505 1313 3557 τοῦ
1359 3500 1561 3577 Κυρίου
1608 3502 1767 3573 ἡμῶν
1819 3501 1924 3570 Ἰη-

279 3600 378 3651 σοῦ
436 3595 674 3671 Χριστοῦ
726 3594 959 3669 Πατέρα,
1035 3592 1128 3648 τὸν
1220 3593 1384 3665 μόνον
1470 3592 1780 3667 ἀγέννητον,
1839 3588 1928 3645 διὰ

273 3690 439 3741 τοῦτο
495 3681 803 3761 ἀρνούμεθα
857 3682 945 3738 καὶ
1003 3681 1095 3736 τὸν
1156 3681 1384 3755 Χριστὸν
1444 3681 1571 3737 Θεὸν
1632 3681 1763 3735 εἶναι
1820 3680 1925 3755 πρὸ

277 3773 493 3828 αἰώνων
527 3772 658 3845 (17)⁶
693 3769 877 3826 ὁποῖοί
906 3768 1041 3824 εἶσιν
1070 3769 1122 3824 οἱ
1153 3768 1258 3824 ἀπὸ
1288 3766 1508 3824 Παύλου
1537 3771 1632 3822 τοῦ
1673 3774 1924 3841 Σαμοσα-

272 3862 437 3935 τέως,
469 3859 688 3936 ὕστερον
721 3860 883 3915 αὐτὸν
915 3861 1051 3933 μετά
1095 3860 1194 3929 τὴν
1245 3858 1646 3934 ένανθρώπησιν
1694 3856 1755 3912 ἐκ
1792 3876 1925 3930 προ-

275 3959 454 4023 κοπῆς
502 3952 918 4020 τεθεοποιῆσθαι
969 3948 1242 4024 λέγοντες,
1289 3953 1370 4023 τῷ
1403 3950 1501 4018 τὴν
1554 3946 1709 4025 φύσιν
1759 3945 1920 4023 ψιλὸν

276 4040 562 4118 ἄνθρωπον
619 4040 918 4117 γεγονέναι.
952 4035 1192 4113 Οἴδαμεν
1245 4038 1346 4116 γὰρ
1398 4038 1490 4094 καὶ
1543 4039 1727 4108 αὐτὸν,
1757 4036 1802 4093 εἰ
1832 4038 1922 4093 καὶ

277 4129 634 4186 ὑποτέτακται
689 4129 771 4202 τῷ
827 4130 997 4203 Πατρί
1043 4128 1132 4185 καὶ
1185 4127 1265 4203 τῷ
1295 4133 1412 4202 Θεῷ
1444 4130 1577 4203 (18),
1610 4125 1737 4184 ἀλλ’
1767 4126 1921 4202 ὅμως

275 4221 384 4297 πρὸ
415 4219 628 4275 αἰώνων
659 4219 980 4296 γεννηθέντα
1022 4216 1082 4273 ἐκ
1125 4221 1223 4273 τοῦ
1272 4221 1426 4287 Θεοῦ,
1458 4217 1585 4272 Θεὸν
1630 4216 1766 4271 κατὰ
1821 4216 1919 4292 φύ-

275 4330 356 4364 σιν
414 4307 625 4365 τέλειον
682 4307 815 4363 εἶναι
868 4307 959 4362 καὶ
1017 4305 1221 4378 ἀληθῆ,
1252 4306 1341 4361 καὶ
1399 4306 1473 4380 μή
1525 4305 1577 4377 ἐξ
1620 4305 1916 4383 ἀνθρώπων

278 4397 412 4472 μετά
452 4401 621 4453 ταῦτα
681 4396 832 4468 Θεὸν,
884 4393 1011 4451 ἀλλ’
1057 4393 1118 4450 ἐκ
1182 4398 1316 4450 Θεοῦ
1384 4393 1790 4471 ένανθρωπῆσαι
1850 4391 1921 4449 δι’

275 4488 441 4560 ἡμᾶς,
473 4486 565 4541 καὶ
600 4482 877 4559 μηδέποτε
916 4483 1309 4540 ἀπολωλεκότα
1344 4484 1408 4539 τὸ
1438 4482 1573 4539 εἶναι
1603 4485 1736 4558 (19).

346 4579 417 4631 V.
451 4597 479 4626 «
510 4570 929 4647 Βδελυσσόμεθα
959 4569 1017 4628 δὶ
1045 4572 1182 4649 πρὸς
1210 4571 1425 4634 τούτοις
1462 4571 1548 4628 καὶ
1594 4570 1918 4645 ἀναθεματί-

2036 3416 2272 3472 tametsi
2324 3431 2509 3470 unum
2542 3413 2725 3471 Deum
2772 3414 2961 3471 solum
3011 3415 3265 3471 dicimus
3314 3416 3539 3471 Patrem
3571 3417 3687 3473 Do-

2037 3504 2184 3560 mini
2233 3503 2417 3560 nostri
2462 3503 2601 3560 Jesu
2649 3504 2885 3573 Christi,
2919 3503 3112 3559 solum
3162 3503 3513 3577 ingenitum,
3569 3524 3683 3562 non

2035 3594 2166 3649 ideo
2180 3594 2550 3666 negamusCh
2561 3594 2769 3649 ristum
2785 3592 3196 3664 quoqueDeum
3215 3610 3344 3650 esse
3358 3601 3493 3652 ante
3507 3613 3684 3652 saecu-

2035 3682 2094 3738 la
2128 3708 2141 3751 ;
2175 3687 2237 3739 ut
2269 3682 2494 3739 faciunt
2522 3684 2671 3740 σοι
2711 3681 2871 3738 Pauli
2902 3686 3335 3740 Samosatensis
3385 3686 3685 3757 discipuli,

2035 3771 2398 3827 affirmantes
2429 3787 2562 3827 eum
2608 3776 2742 3843 post
2788 3772 3275 3839 incarnationem,
3308 3790 3377 3829 ex
3425 3773 3685 3845 profectu

2034 3860 2220 3917 Deum
2251 3863 2468 3916 factum
2499 3864 2967 3932 esse,postquam
2991 3865 3202 3916 natura
3231 3860 3480 3932 simplex
3509 3862 3685 3917 homo

2033 3950 2222 4006 factus
2265 3950 2492 4005 fuisset.
2534 3949 2763 4004 Scimus
2812 3948 2966 4004 enim
3016 3965 3173 4017 eum,
3208 3949 3476 4021 quamvis
3525 3951 3686 4006 Patri

2032 4043 2089 4095 et
2117 4039 2234 4095 Deo
2265 4038 2566 4109 subjectus
2596 4037 2693 4107 sit,
2727 4041 2863 4093 ante
2892 4036 3105 4093 saecula
3135 4042 3333 4093 tamen
3366 4056 3400 4094 a
3428 4038 3545 4093 Deo
3577 4055 3681 4110 ge-

2031 4128 2244 4196 nitum,
2269 4127 2454 4183 Deum
2486 4125 2812 4183 secundum
2846 4131 3116 4181 naturam
3148 4126 3468 4198 perfectum
3500 4131 3555 4182 et
3586 4143 3680 4181 ve-

2031 4234 2162 4274 rum
2190 4233 2340 4287 esse,
2372 4232 2563 4287 neque
2593 4231 2661 4270 ex
2710 4214 2949 4269 homine
2979 4219 3181 4285 postea
3235 4219 3436 4283 Deum,
3472 4216 3571 4270 sed
3613 4232 3682 4271 ex

2032 4306 2144 4363 Deo
2176 4304 2475 4362 hominem
2507 4308 2744 4377 propter
2774 4321 2879 4359 nos
2921 4302 3141 4359 factum
3172 4318 3321 4375 esse,
3354 4319 3544 4376 neque
3576 4322 3679 4360 un-

2030 4412 2208 4468 quam
2240 4411 2369 4451 esee
2399 4392 2701 4451 desivisse.

2099 4573 2166 4629 V.
2199 4597 2227 4625 «
2252 4574 2639 4629 Exsecramur
2670 4575 2945 4644 praterea
2966 4578 3023 4629 et
3038 4572 3414 4630 anathemate
3434 4575 3676 4631 damna-

280 4668 442 4736 ζομεν
474 4662 563 4717 καὶ
587 4660 719 4726 τοὺς
742 4662 925 4737 ’Λόγον
958 4662 1052 4735 μὶν
1089 4663 1253 4737 μόνον
1286 4660 1445 4717 αὐτὸν
1477 4659 1637 4736 ψιλὸν
1668 4663 1764 4717 τοῦ
1785 4665 1921 4716 Θεοῦ

2045 4679 2162 4719 nus
2186 4679 2307 4729 eos,
2339 4662 2441 4734 qui
2472 4660 2638 4718 illum
2668 4660 2860 4717 solum
2893 4678 2959 4717 ac
2989 4662 3237 4734 simplex
3283 4663 3382 4718 Dei
3410 4662 3669 4719 Verbum

280 4752 375 4808 καὶ
414 4750 747 4828 ἀνύηαρκτον
800 4749 1150 4815 ἐπιπλάστως
1189 4749 1513 4820 καλοῦντας,
1547 4747 1599 4805 έν
1649 4749 1816 4827 ἑτέρῳ
1858 4752 1919 4807 τὸ

275 4842 407 4897 εἶναι
440 4838 639 4917 ἔχοντα
669 4841 807 4915 (20),
845 4843 937 4895 νῦν
973 4841 1067 4914 μὲν
1109 4840 1182 4903 ὡς
1224 4840 1315 4895 τὸν
1363 4839 1696 4916 προφορικὸν
1758 4836 1919 4915 λεγό-

276 4951 435 5005 μενον
489 4929 593 4985 ὑπό
639 4949 825 5002 τινων,
865 4933 957 4985 νῦν
1003 4926 1061 4984 δὲ
1091 4930 1169 4993 ὡς
1200 4929 1292 4985 τὸν
1328 4925 1653 4984 ἐνδιάθετον*
1684 4930 1918 5003 Χριστὸν

341 5058 386 5092 ¹¹
419 5059 446 5110 Ι
475 5054 609 5113 Cor.
646 5071 725 5123 χι,
758 5055 812 5110 3.

368 5199 455 5275 12)
484 5199 641 5275 ξοον-
669 5200 729 5275 ει
758 5196 1027 5275 Nicer?»
1061 5196 1368 5275 laetem-

369 5266 456 5343 13)
489 5271 741 5343 Βοοιιηοῒε
760 5266 1027 5342 Niceph.,
1063 5266 1449 5343 διδασκόμεθα.
1486 5269 1619 5328 Mox
1648 5268 1915 5342 Niceph.,

269 5338 364 5417 ἵνά
380 5338 617 5417 κάμὸν
651 5338 968 5417 ᾇγέννητὸντ

342 5407 750 5487 (1Ζ)’Νἱοθρὴ’.,
793 5407 911 5474 τοῖς
962 5410 1013 5483 ἐξ
1062 5411 1314 5491 ἀγράφων
1359 5409 1674 5491 ἐπισφαλῶς
1724 5407 1916 5486 λέγου-

342 5506 376 5539 ι.
409 5484 485 5539 ὡς
511 5482 794 5539 γοονικόν.

270 5505 376 5551 σιν,
409 5502 794 5613 ωςΞχρονικον.

321 5558 486 5641 (15).
531 5574 650 5615 ocr.
684 5560 743 5641 et
768 5554 1157 5641 Niceph.,‘aai
1208 5553 1512 5641 ἀνέφικτον.
1540 5555 1718 5641 _Infra

270 5626 413 5704 edit.
439 5626 672 5686 'Comm.
711 5626 986 5700 δοίη-,ζει
1018 5626 1325 5702 ’Νἱοερὶι.,’
1349 5627 1717 5704 γεγεννῆσθαι.
1761 5626 1910 5682 Edit.

270 5700 855 5777 Ρατίευχεγενῆσθοξι-

346 5763 750 5847 (16)ἸίιἨεέ.
782 5775 942 5830 Socr.
976 5772 1035 5829 et
1053 5768 1296 5844 Niceph.
1325 5773 1395 5829 In
1424 5769 1600 5829 editis
1647 5763 1704 5823 δέ
1750 5768 1914 5828 deest

2029 4768 2145 4809 non
2177 4750 2531 4819 subsistens,
2553 4750 2705 4822 quod
2730 4750 2788 4805 in
2812 4750 2926 4829 alio
2949 4767 3114 4807 suam
3138 4751 3537 4807 exsistentiam
3571 4751 3673 4806 ba-

2028 4839 2185 4912 beat,
2216 4841 2364 4896 falso
2394 4838 2711 4912 appellant,
2750 4840 3021 4911 quodque
3051 4840 3224 4895 modo
3253 4839 3413 4895 velut
3442 4839 3678 4911 prolati-

2028 4930 2177 4987 tium
2209 4947 2245 4987 a
2272 4928 2630 5002 quibusdam
2657 4927 2894 5000 dicitur,
2927 4929 3103 4984 modo
3154 4928 3454 4985 internum
3487 4929 3675 4985 nomi-

2024 5200 2151 5254 Mox
2179 5196 2365 5266 Soor.,
2396 5191 2429 5249 ἀ
2474 5192 2638 5258 θένως
2666 5192 2729 5249 τὸ
2779 5213 2912 5249 ειναι
2960 5193 3366 5271 παρεχόμενον.
3410 5196 3671 5270 Niceph.,

2029 5266 2278 5335 ἀφθόνως
2310 5216 2673 5335 χαρὶἒόμενον
2704 5266 2767 5320 τὸ
2799 5266 2952 5321 εἶναι.

2029 5266 2278 5346 ἀφθόνως
2310 5266 2673 5346 χαριζόμενον
2702 5266 2767 5346 τὸ
2799 5266 2952 5321 εἶναι.

2241 5337 2403 5420 ἓςέὸῑδέ
2438 5337 2805 5420 et‘Nice‘phz,‘
2818 5337 3169 5420 προαιώνιον.

2097 5409 2336 5501 (182,“?
2368 5410 2626 5501 deletae
2641 5409 2921 5501 593.133.;
2944 5412 3121 5501 dies.
3140 5410 3304 5501 erat!
3352 5409 3474 5466 Νίο·
3518 5409 3668 5482 Μαι»

2025 5481 2139 5558 πρὸ.
2161 5481 2378 5558 αἰώνων
2408 5481 2756 5558 dees_t__apud
2786 5486 3028 5558 _Socr.-et
3056 5481 3297 5558 Nice’ph.

2239 5558 2400 5627 Socr,
2432 5561 2488 5609 et
2536 5549 2685 5620 Νίοξ,
2717 5552 2804 5606 καὶ
2859 5549 3225 5624 μηδεπώποτε
3275 5550 3669 5610 ἀπολωλεκότα

2020 5623 2084 5679 τὸ
2106 5623 2243 5679 ἐἶναι
2275 5623 2422 5679 Θεόν.

2095 5697 2207 5771 (20)
2237 5697 2327 5754 Sic
2354 5696 2493 5770 Reg.
2525 5698 2684 5752 Socr.
2718 5698 2777 5752 et
2801 5693 3041 5770 Niceph.
3075 5695 3225 5753 Editi
3268 5712 3421 5771 vero,
3463 5693 3663 5773 ἔχοντι.
