4082 6320
416 372 528 432 ’131

959 375 1022 435 S.
1071 375 1497 438 ATHANASlI
1542 377 1718 439 OPP.
1762 377 1963 438 PARS
2005 377 2055 438 Ι.
2088 409 2166 421 -
2197 376 2612 440 HISTORICA
2659 380 2758 442 ET
2802 374 3283 441 DOGMATICA.

3719 378 3843 438 732

421 468 613 560 natur.
648 504 944 562 Christum
977 511 1173 564 autem
1221 509 1416 582 ipsum
1450 514 1505 567 et
1533 509 1742 567 Filium
1792 510 1916 579 Dei,
1950 526 2071 566 me-

2197 505 2245 563 5t
2292 502 2477 579 αὐτὸν,
2507 509 2596 565 καὶ
2646 509 2770 565 Υἳὸν
2820 512 2920 565 τοῦ
2976 513 3131 580 Θεοῦ,
3179 508 3271 563 καὶ
3323 508 3572 582 μεσίτην,
3619 505 3712 562 καί
3756 506 3838 563 εἰ·

420 594 729 665 diatorem,
753 598 811 650 et
837 594 1155 670 imaginem
1187 597 1310 665 Dei,
1345 616 1459 655 non
1492 599 1674 656 fuisse
1707 604 1841 656 ante
1864 597 2079 655 secula

415 683 819 751 contendunt;
854 686 954 740 sed
988 702 1054 741 eo
1106 691 1369 759 tempore
1425 688 1724 745 Christum
1778 688 1973 761 ipsum
2023 677 2081 742 et

417 770 632 825 Filium
667 773 763 829 Dei
797 773 1012 829 factum
1046 792 1270 844 esse,ex
1302 794 1418 849 quo
1451 784 1713 834 nostram
1741 795 1977 834 carnem
2010 794 2079 833 ex

414 859 649 930 Virgine
700 863 1046 933 assumpsit,
1082 882 1195 920 non
1255 866 1500 939 integris
1532 867 1748 923 abhinc
1794 866 2081 940 quadrin-

414 948 608 1020 gentis
658 950 850 1006 annis.
883 951 963 1006 Ex
1012 968 1078 1009 eo
1109 955 1265 1010 enim
1315 960 1576 1029 tempore
1624 957 1865 1013 initium
1918 945 2079 1029 regni

417 1036 700 1094 habuisse
750 1038 1048 1097 Christum
1102 1046 1511 1101 contendunt:
1546 1051 1603 1102 et
1648 1047 1757 1103 hoc
1805 1063 2075 1120 regnum,

419 1133 555 1198 post
588 1131 1153 1189 consummationem
1186 1139 1244 1190 et
1268 1135 1581 1208 judicium,
1618 1136 1795 1192 tinem
1835 1136 2079 1193 habitu-

416 1233 566 1272 ΓΗΚΒ.

486 1306 583 1361 VI.
619 1330 646 1357 ‹‹
698 1308 1051 1381 Hujusmodi
1109 1316 1251 1368 sunt
1308 1318 1626 1371 sectatores
1687 1314 1969 1381 Marcelli,
2021 1312 2080 1371 et

416 1395 638 1451 Scotini
668 1399 1253 1472 Ancyrogalatarum,
1288 1404 1389 1474 qui
1431 1403 1644 1460 Christi
1677 1409 1812 1462 ante
1863 1402 2081 1461 saecula

418 1484 819 1542 exsistentiam
849 1494 905 1543 et
926 1490 1563 1564 divinitatem,ejusque
1591 1498 1941 1565 perpetuum
1978 1510 2072 1549 re-

421 1587 602 1643 gnum
636 1591 768 1629 cum
800 1576 1023 1633 Judaeis
1054 1578 1484 1648 inficiantur,ut
1514 1582 1917 1639 monarchiam
1945 1599 2076 1638 con-

424 1661 668 1718 stituere
724 1664 1055 1722 videantur.
1088 1668 1320 1725 Scimus
1373 1670 1528 1726 enim
1586 1687 1744 1741 eum,
1775 1687 1890 1726 non
1949 1688 2080 1728 esse

423 1748 710 1807 duntaxat
764 1753 1079 1826 prolatum,
1113 1763 1170 1813 et
1201 1756 1497 1814 internum
1530 1759 1631 1814 Dei
1663 1759 1941 1831 Verbum,
1976 1761 2077 1818 sed

2188 597 2322 652 κόνα
2348 603 2446 654 τοῦ
2476 604 2609 655 Θεοῦ
2656 600 2734 674 μή
2784 598 2920 655 εἰναι
2969 602 3078 673 (21)
3126 598 3232 674 πρὸ
3275 596 3488 652 αἰώνων
3550 594 3832 660 θέλοντας

2190 685 2315 743 ἀλλ’
2344 687 2402 743 ἐκ
2446 689 2570 744 τότε
2609 688 2838 764 Χριστὸν
2883 688 3045 743 αὐτὸν
3093 685 3364 763 γεγονεναι
3414 684 3505 741 καὶ
3557 685 3680 740 Υῖὸν
3738 689 3837 740 τοῦ

2190 782 2322 832 Θεοῦ
2369 780 2503 852 (22),
2561 777 2612 851 ἐξ
2672 778 2735 833 οὗ
2779 780 2877 849 τὴν
2935 777 3203 851 ἡμετέραν
3269 774 3329 831 lx
3399 782 3501 846 τῆς
3561 772 3836 847 Ηαρθὲνου

2192 868 2363 944 σάρκα
2427 867 2706 946 ἀνείληφε,
2767 869 2873 941 πρὸ
2929 865 3287 943 τετρακοσίων
3347 865 3462 941 οὐχ
3518 866 3631 938 (23)
3687 861 3835 920 ὅλων

2192 956 2346 1015 ἐτῶν.
2407 958 2502 1013 Ἐκ
2551 956 2674 1013 τότε
2729 956 2832 1033 γὰρ
2882 957 2974 1013 τὸν
3032 956 3259 1032 Χριστὸν
3318 954 3497 1030 ἀρχὴν
3562 951 3839 1029 βασιλείας

2190 1045 2481 1122 ἰσχηκὲναι
2539 1045 2784 1111 ἐθέλουσι
2821 1067 2834 1080 ’
2893 1045 2981 1102 καὶ
3054 1042 3213 1108 τέλος
3284 1040 3420 1115 ἕξειν
3495 1041 3662 1111 αὐτὴν
3722 1044 3843 1115 (24)

2190 1136 2326 1208 μετὰ
2353 1137 2453 1205 τὴν
2482 1133 2789 1191 συντέλειαν
2821 1134 2910 1191 καὶ
2939 1136 3039 1205 τὴν
3062 1131 3261 1210 κρίσιν.

2260 1316 2355 1371 VI.
2392 1339 2420 1367 «
2448 1320 2696 1372 Τοιοῦτοι
2729 1313 2787 1370 δὲ
2816 1313 2947 1371 εἰσιν
2982 1315 3033 1370 οἱ
3064 1314 3171 1371 ἀπὸ
3202 1311 3534 1395 Μαρκέλλου
3565 1310 3654 1368 καὶ
3699 1317 3841 1367 Σκο-

2187 1408 2366 1459 τεινοῦ
2410 1408 2522 1479 (25)
2565 1409 2671 1460 τῶν
2704 1402 3217 1481 Ἀγκυρογαλατῶν,
3250 1403 3303 1458 οἳ
3352 1403 3453 1472 τήν
3503 1399 3838 1476 προαιώνιον

2189 1490 2413 1570 ὕπαρξιν
2447 1499 2542 1549 τοῦ
2572 1497 2831 1570 Χριστοῦ,
2854 1493 2943 1549 καὶ
2973 1495 3073 1564 τὴν
3102 1492 3353 1564 θεότητα,
3371 1491 3461 1547 καὶ
3490 1491 3589 1559 τὴν
3619 1487 3840 1545 ἀτελεύ-

2185 1603 2347 1652 τητον
2383 1583 2546 1639 αὐτοῦ
2573 1582 2845 1658 βασιλείαν
2878 1582 3096 1657 ἠμοίως
3119 1578 3400 1643 Ἰουδαίοις
3425 1579 3728 1651 ἀθετοῦσιν,
3748 1576 3839 1633 ἐπὶ

2186 1670 2451 1750 προφάσει
2496 1676 2594 1728 τοῦ
2643 1673 2984 1728 συνίστασθαι
3035 1669 3213 1727 δοκεῖν
3261 1673 3332 1744 τῇ
3383 1667 3835 1745 μοναρχίᾳ

2185 1764 2369 1834 Ἴσμεν
2400 1762 2503 1837 γὰρ
2535 1760 2697 1817 αὐτὸν
2724 1763 2912 1834 ἡμεῖς,
2932 1761 3042 1837 οὐχ
3067 1758 3455 1834 ἁπλῶςΔόγον
3479 1756 3836 1836 προφορικὸν,

422 1838 618 1894 vivum
677 1842 855 1897 Deum
908 1843 1163 1902 Verbum
1215 1863 1317 1919 per
1365 1865 1428 1904 se
1476 1848 1832 1917 subsistens,
1869 1850 2077 1921 Deique

2197 1851 2221 1920 ἢ
2255 1847 2553 1905 ἐνδιάθετον
2584 1855 2682 1906 τοῦ
2721 1854 2877 1918 Θεοῦ,
2910 1847 3056 1906 ἀλλὰ
3097 1854 3271 1919 ζῶντα
3309 1849 3437 1904 Θεὸν
3496 1845 3672 1946 θόγον
3714 1845 3845 1946 καθ.⁹

424 1926 633 1984 Filium
686 1934 743 1985 et
791 1932 1107 2006 Christum,
1140 1953 1392 2009 eumque
1452 1942 1585 1994 ante
1618 1939 1818 1994 omnia
1867 1939 2077 1995 secula

2197 1941 2379 1997 ἑαυτὸν
2413 1939 2750 2017 ὑπάρχοντα,
2781 1940 2872 1996 καὶ
2904 1941 3028 1996 Υἱὸν
3058 1944 3191 1995 Θεοῦ
3218 1939 3309 1994 καὶ
3351 1938 3606 2014 Χριστὸν,
3642 1938 3729 1992 καὶ
3779 1933 3843 1990 ού

427 2033 540 2071 non
575 2033 679 2089 per
708 2018 892 2077 solam
927 2025 1354 2095 praesciontiam
1388 2026 1564 2083 simul
1598 2045 1731 2083 cum
1764 2032 1933 2085 Patre
1965 2046 2088 2085 exs-

428 2105 708 2175 titisss,et
731 2126 866 2165 cum
892 2110 988 2168 illo
1010 2119 1306 2171 versatum
1334 2116 1536 2187 fuisse,
1563 2117 1796 2190 ipsique
1823 2119 1894 2174 ad
1918 2135 2081 2174 crea-

429 2195 649 2251 tionem
704 2200 969 2256 omnium
1022 2201 1342 2260 visibilium
1389 2206 1510 2261 sive
1557 2206 1943 2264 invisibilium
1975 2207 2085 2264 mi-

433 2285 739 2342 nistrasse.
774 2289 876 2344 Hic
925 2291 1080 2347 enim
1122 2298 1210 2349 est
1239 2293 1332 2349 cui
1383 2297 1555 2350 Pater
1602 2295 1747 2350 dixit
1780 2313 1793 2351 :
1826 2319 1854 2344 ‹‹
1888 2297 2085 2353 Facia-

433 2390 566 2430 mus
601 2375 899 2433 hominem
930 2381 1000 2434 ad
1035 2379 1349 2454 imaginem
1385 2389 1443 2439 et
1490 2383 1941 2440 similitudinem
1982 2402 2086 2441 no-

433 2467 616 2518 stram
644 2465 706 2519 ¹².
732 2488 760 2514 ››
786 2468 891 2533 Qui
915 2469 1263 2539 patriarchis
1289 2472 1433 2527 facie
1455 2472 1525 2527 ad
1549 2472 1757 2529 faciem
1779 2474 1942 2529 visus
1973 2478 2085 2558 est:

433 2553 534 2623 qui
562 2553 746 2625 legem
780 2556 960 2624 dedit,
994 2562 1051 2613 et
1104 2559 1332 2617 locutus
1362 2568 1451 2618 est
1481 2578 1584 2634 per
1613 2562 1952 2635 prophetas,
1985 2553 2084 2635 qui

430 2643 671 2698 tandem
703 2643 877 2701 homo
911 2646 1102 2702 factus
1130 2654 1237 2721 est,
1258 2655 1315 2705 et
1344 2650 1569 2707 Patrem
1601 2668 1778 2707 suum
1810 2652 2086 2708 omnibus

432 2730 775 2788 hominibus
805 2735 1235 2794 manifestavit:
1268 2739 1365 2811 qui
1399 2745 1607 2812 regnat
1635 2741 1695 2796 in
1726 2741 1957 2797 infinita
1978 2759 2085 2798 sas-

431 2819 583 2876 cula.
620 2822 851 2879 Nullam
876 2825 1033 2881 enim
1060 2844 1264 2883 novam
1306 2828 1651 2902 dignitatem
1676 2832 1899 2903 accepit
1920 2830 2085 2886 Chri-

431 2914 560 2966 stus
586 2928 598 2967 :
620 2912 720 2967 sed
745 2929 880 2969 eum
903 2921 1074 2971 antea
1094 2917 1419 2989 perfectum
1443 2918 1750 2993 Patrisque
1774 2937 1874 2992 per
1888 2922 2088 2977 omnia

430 2999 684 3056 similem
720 3018 848 3059 esse
880 3005 1195 3062 credimus.

496 3178 618 3235 Vll.
652 3202 680 3229 «
714 3178 849 3236 Illos
880 3199 1014 3239 vero
1047 3183 1149 3256 qui
1198 3186 1403 3242 dicunt
1436 3188 1661 3244 Patrem
1690 3200 1746 3244 et
1774 3188 1988 3246 Filium
2020 3194 2077 3246 et

2195 2034 2619 2107 προγνωστικιῖκ
2649 2030 2878 2085 συνόντα
2919 2028 3010 2084 καὶ
3059 2022 3508 2105 συνδιατρίϐοντα
3555 2024 3661 2102 πρὸ
3710 2024 3845 2079 αἰώ-

2194 2142 2300 2175 νων
2330 2125 2411 2193 τῷ
2443 2121 2633 2175 ἑαυτοῦ
2683 2119 2876 2194 Πατρὶ,
2906 2118 2997 2174 καὶ
3045 2119 3180 2193 πρὸς
3226 2123 3398 2174 πᾶσαν
3444 2114 3844 2187 διακονησάμε-

2195 2231 2285 2265 νον
2321 2208 2468 2281 αύτῷ
2494 2210 2593 2277 τήν
2629 2206 3015 2285 δημιουργίαν,
3049 2207 3158 2262 εἴτε
3185 2212 3293 2262 τῶν
3324 2207 3533 2282 ὁρατῶν
3581 2202 3688 2260 εἷ’τε
3733 2206 3842 2257 τῶν

2197 2298 2439 2373 ἀοράτων
2492 2300 2627 2371 (27).
2662 2298 2834 2359 Οὗτος
2883 2298 2989 2372 γάρ
3033 2296 3166 2367 ἐστι,
3196 2297 3333 2371 πρὸς
3376 2296 3436 2350 ’ὸν
3491 2293 3632 2349 εἶπεν
3667 2293 3695 2347 ὁ
3729 2294 3846 2349 Ila-

2194 2388 2320 2462 τηρ,
2352 2385 2458 2455 ὅτι,
2510 2410 2538 2438 ‹‹
2600 2388 2924 2459 Ποιήσωμεν
2975 2384 3258 2462 ἄνθρωπον
3307 2383 3424 2440 κατ’
3470 2381 3650 2438 εἰκόνα
3693 2383 3841 2454 ἡμε-

2192 2474 2349 2551 τὲραν
2406 2474 2497 2529 καὶ
2548 2474 2667 2530 καθ’
2696 2471 2983 2548 ὁμοίωσιν·
3018 2498 3047 2528 ι)
3083 2475 3111 2528 ὁ
3159 2473 3246 2528 καὶ
3297 2478 3414 2534 τοῖς
3472 2468 3845 2546 πατριάρχαις

2198 2564 2645 2639 αύτοπροσώπως
2697 2563 2880 2642 ὀφθεὶς
2920 2566 3056 2637 (28),
3089 2560 3341 2624 δεδωκὼς
3390 2569 3482 2616 τον
3522 2558 3717 2633 νόμον,
3749 2556 3842 2613 καὶ

2196 2652 2444 2724 λαλήσας
2475 2651 2565 2709 διὰ
2591 2657 2699 2708 τῶν
2748 2653 3067 2730 προφητῶν,
3098 2651 3187 2707 καὶ
3237 2651 3306 2706 τὰ
3352 2647 3639 2705 τελευταῖα
3687 2645 3844 2702 ἔναν-

2197 2744 2514 2817 θρωπήσας,
2545 2741 2635 2798 καὶ
2663 2742 2756 2797 τὸν
2800 2742 2990 2796 ἑαυτοῦ
3048 2740 3260 2817 Πατὲρα
3315 2745 3475 2795 πᾶσιν
3532 2735 3842 2811 ἀνθρώποις

2196 2833 2545 2911 φανερώσας,
2606 2832 2696 2887 καὶ
2773 2829 3075 2905 βασιλεύων
3136 2828 3213 2894 εἲς
3267 2828 3393 2890 τοὺς
3450 2824 3844 2896 ἁτελευτήτους

2194 2922 2414 2983 αἰῶνας.
2449 2917 2617 2979 Ούὸὶν
2679 2920 2779 2996 γὰρ
2824 2919 3134 2995 πρόσφατον
3181 2920 3211 2974 ὁ
3254 2917 3487 2993 Χριστὸς
3541 2911 3844 2991 προσείλη-

2196 3032 2287 3087 φεν
2314 3010 2552 3084 ἀξίωμα,
2584 3007 2711 3065 ἀλλ’
2742 3006 2943 3074 ἄνωθεν
2992 3007 3200 3064 τέλειον
3250 3006 3429 3073 αὐτὸν,
3460 3005 3551 3062 καὶ
3608 3002 3688 3078 τῷ
3736 3004 3843 3060 Πα-

2191 3100 2279 3176 τρὶ
2309 3100 2444 3156 κατὰ
2473 3101 2647 3155 πάντα
2680 3098 2873 3173 ὅμοιον
2905 3099 3038 3154 εἶναι
3069 3096 3527 3170 πεπιστεύκαμεν.

2265 3192 2385 3247 VII.
2424 3212 2451 3245 α
2481 3188 2584 3246 Καὶ
2636 3188 2764 3251 τοὺς
2821 3186 3081 3264 λέγοντας
3128 3184 3187 3242 δὲ
3232 3187 3324 3241 τὸν
3369 3186 3532 3240 αὐτὸν
3561 3182 3696 3239 εἶναι
3726 3185 3837 3235 Πα·

426 3265 711 3338 Spiritum
742 3275 1008 3327 sanctum
1036 3275 1306 3330 eumdem
1331 3291 1460 3332 esse
1486 3294 1499 3345 ;
1533 3278 1646 3333 tria
1678 3277 1800 3333 hac
1834 3279 2075 3335 nomina

2197 3279 2313 3355 τέρα
2364 3278 2453 3333 καὶ
2503 3278 2627 3333 rte»
2671 3278 2762 3332 καὶ
2816 3251 2969 3352 ἅγίον
3013 3280 3252 3350 Πνεῦμα,
3282 3275 3402 3340 καθ’
3430 3274 3547 3337 ἑνὸς
3594 3272 3684 3327 καὶ
3736 3272 3833 3325 τοῦ

425 3355 495 3409 de
533 3373 648 3412 una
677 3358 1000 3432 eademque
1031 3379 1092 3420 re
1122 3380 1186 3419 ac
1217 3380 1464 3436 persona
1489 3366 1667 3438 impie
1697 3367 2069 3440 accipientes,

429 3444 635 3501 merito
667 3447 739 3502 ab
782 3449 1038 3507 Ecclesia
1064 3455 1517 3524 proscribimus:
1562 3473 1627 3511 eo
1658 3458 1813 3528 quod
1846 3462 2071 3514 Patrem

427 3533 527 3605 qui
560 3551 665 3590 nec
695 3539 1132 3613 comprehendi,
1165 3559 1269 3598 nec
1300 3544 1415 3616 pati
1444 3550 1654 3617 potest,
1689 3547 2072 3618 comprehen-

426 3622 576 3678 sioni
608 3628 663 3679 et
696 3628 955 3698 passioni
979 3632 1558 3702 perincarnationem
1590 3634 1911 3706 subjiciant
1934 3654 1947 3704 ;
1972 3653 2072 3692 cu-

415 3712 681 3783 jusmodi
714 3723 855 3772 sunt
884 3719 985 3790 qui
1008 3722 1161 3792 apud
1187 3722 1417 3779 Latinos
1438 3723 1895 3795 Patropassiani,
1917 3726 2071 3798 apud

426 3817 532 3856 nos
562 3802 874 3861 Sabelliani
901 3814 1201 3865 vocantur.
1236 3810 1352 3869 Nos
1402 3812 1559 3869 enim
1590 3812 1813 3869 scimus
1845 3814 2072 3870 Patrem

425 3890 525 3961 qui
555 3891 736 3961 misit,
772 3894 828 3951 in
862 3898 1099 3970 propria
1147 3899 1537 3957 immutabilis
1585 3901 1910 3959 divinitatis
1937 3920 2073 3959 con-

425 3978 644 4037 ditione
691 3986 1107 4054 permansisse.
1140 3989 1435 4045 Christum
1485 3994 1681 4046 autem
1714 3991 1815 4063 qui
1856 3992 2074 4049 missus

425 4073 534 4140 est,
568 4070 991 4131 Incarnationis
1020 4076 1356 4149 implevisse
1385 4078 1907 4152 dispensationem.

498 4249 645 4303 VIII.
666 4273 692 4299 cx
721 4251 984 4325 Itemque
1010 4253 1142 4311 illos
1163 4256 1263 4327 qui
1285 4273 1521 4313 summa
1542 4257 1844 4330 impietate
1871 4259 2076 4315 dicunt

429 4352 541 4390 non
557 4338 801 4396 arbitrio
824 4359 1009 4414 neque
1028 4343 1327 4400 voluntate
1353 4344 1561 4402 Filium
1583 4346 1847 4420 genitum
1872 4347 2072 4405 fuisse:

424 4423 879 4485 involuntariam
929 4435 986 4486 et
1016 4432 1262 4488 invitam
1291 4435 1632 4506 [quamdam
1666 4437 2075 4494 necessitatem

429 4516 542 4568 Deo
591 4515 979 4576 attribuentes
1010 4538 1023 4589 ;
1056 4521 1136 4576 ita
1166 4525 1232 4577 ut
1280 4522 1485 4579 nolens
1533 4524 1801 4597 genuerit
1838 4525 2073 4593 Filium,

2182 3366 2347 3422 αὐτοῦ
2376 3366 2694 3443 πράγματός
2724 3386 2783 3421 τε
2810 3365 2902 3420 καὶ
2945 3365 3242 3439 προσώπου
3290 3363 3358 3418 τὰ
3406 3361 3531 3439 τρία
3589 3359 3831 3433 ὀνόματα

2181 3451 2389 3519 ἀσεϐῶς
2440 3450 2905 3530 ἐκλαμϐάνοντας,
2945 3454 3172 3517 εἰκότως
3219 3452 3671 3528 ἀποκηρύσσομεν
3728 3450 3827 3518 τῆς

2184 3544 2550 3616 Ἐκκλησίαςο
2610 3544 2693 3601 ὅτι
2747 3545 2842 3600 τὸν
2892 3545 3185 3619 ἀχώρητον
3235 3544 3327 3598 καὶ
3375 3541 3558 3606 ἅπαθῆ
3617 3539 3828 3614 Πατέρα

2183 3634 2440 3710 χωρητὸν
2494 3634 2605 3708 ἅμα
2652 3633 2743 3688 καὶ
2788 3633 3029 3704 παθητὸν
3080 3630 3169 3687 διὰ
3217 3638 3318 3701 τῆς
3366 3629 3825 3706 ἐνανθρωπήσεως

2187 3724 2547 3780 ὑποτίθενται·
2596 3727 2834 3778 τοιοῦτοι
2894 3723 2996 3798 γὸρ
3056 3722 3185 3778 εἰσιν
3245 3723 3297 3776 οἱ
3355 3716 3829 3796 Πατροπασσιανοὶ

2187 3815 2279 3888 μὲν
2357 3813 2505 3884 παρᾶ
2558 3811 2892 3886 Ῥωμαίοις,
2955 3807 3320 3868 Σαϐελλιανοὶ
3378 3807 3436 3866 δὲ
3490 3805 3825 3880 καλούμενοι

2182 3903 2309 3977 παρ’
2338 3904 2497 3975 ἡμῖν.
2531 3898 2769 3974 Οἴδαμεν
2799 3900 2898 3977 γὰρ
2939 3903 3101 3974 ἡμεῖς
3147 3899 3239 3955 τὸν
3291 3899 3384 3973 μὶν
3436 3895 3829 3953 ἀποστείλαντα

2184 3986 2397 4068 Πατέρα
2426 3991 2477 4046 ἐν
2511 3996 2591 4063 τῷ
2623 3989 2807 4063 οἰκείῳ
2835 3993 2934 4060 τῆς
2965 3988 3345 4048 ἀναλλοιώτου
3395 3988 3651 4059 θεότητος
3705 3981 3827 4053 ἤθει

2186 4082 2570 4157 μεμενηκέναι,
2616 4080 2709 4135 τὸν
2757 4077 2814 4135 δὲ
2862 4076 3231 4135 ἀποσταλέντα
3295 4076 3526 4154 Χριστὸν
3569 4075 3669 4144 τὴν
3726 4080 3827 4143 τῆς

2184 4170 2643 4244 ἐνανθρωπήσεως
2676 4167 2991 4241 οἰκονομίαν
3020 4165 3463 4241 πεπληρωκέναι.

2253 4260 2401 4315 VIII.
2427 4283 2454 4310 «
2477 4259 2670 4331 ’Ὁμως
2702 4254 2761 4312 δὶ
2788 4256 2877 4312 καὶ
2905 4257 3034 4320 τοὺς
3066 4256 3127 4312 οὐ
3165 4252 3427 4332 βουλήσει
3460 4250 3587 4309 ούδέ
3608 4250 3827 4322 θελήσει

2184 4347 2535 4425 γεγεννῆσθαι
2592 4348 2704 4420 (29)
2758 4346 2848 4401 τὸν
2928 4345 3052 4400 Υἳὸν
3121 4344 3408 4421 εἰρηκότας
3492 4335 3828 4409 ἀνευλαόὦς,

2183 4436 2421 4513 ἀνάγκην
2456 4434 2513 4491 δὲ
2544 4432 2798 4507 δηλονότι
2832 4429 3142 4506 ἀϐούλητον
3189 4434 3280 4489 καὶ
3327 4431 3683 4510 ἀπροαίρετον
3729 4450 3830 4485 πε-

2184 4525 2541 4603 ριτεθεικότας
2600 4529 2680 4597 τῷ
2730 4529 2868 4597 Θεῷ,
2915 4522 3009 4579 ⁸ίνα
3057 4520 3199 4579 ἂὶκων
3254 4525 3486 4599 γεννήσῃ
3534 4519 3626 4577 τὸν
3685 4519 3827 4586 Υἱὸν,

425 4602 815 4675 impiissimos
845 4610 903 4664 et
930 4609 1003 4665 ab
1031 4609 1288 4667 Ecclesia
1318 4611 1542 4669 alienos
1569 4616 2077 4689 censemus;quod

2197 4610 2638 4677 Βυσσεϐεστάτους
2686 4614 2776 4668 καὶ
2823 4620 2924 4683 τῆς
2975 4611 3296 4683 Ἐκκλησίας
3345 4611 3527 4682 ξένους
3574 4606 3828 4684 ἐπιγινώ-

423 4697 636 4764 praeter
682 4711 1030 4754 communes
1077 4700 1147 4755 de
1179 4704 1293 4756 Deo
1342 4704 1686 4768 sententias,
1716 4703 1833 4760 imo
1878 4710 2082 4763 contra

426 4787 687 4839 mentem
719 4785 1031 4860 Scriptum
1055 4787 1340 4847 divinitus
1362 4790 1981 4864 inspiratw,ejusmodi
2011 4796 2084 4853 de

495 4925 542 4960 ¹²
572 4924 780 4983 Genes.
812 4944 853 4999 ι,
883 4931 971 4986 26.

643 5069 908 5146 ῌὶοθρῇη
946 5073 1040 5146 μὶν
1068 5074 1201 5129 εἶναι
1232 5075 1401 5132 male.

520 5088 610 5140 ιι)
646 5088 908 5198 mcep)n.,
946 5088 1040 5146 μεν
1068 5088 1201 5129 εἰναι
1232 5088 1401 5132 male.

518 5140 608 5210 22)
642 5141 788 5197 Ense
838 5146 955 5199 ium
990 5146 1117 5200 vide
1152 5147 1205 5202 in
1240 5146 1601 5203 Marcellum.

515 5212 608 5287 23)
638 5215 804 5287 apud
841 5217 1001 5273 Socr.
1035 5225 1089 5273 et
1120 5219 1267 5285 Nic.,
1303 5218 1401 5272 οὐκ
1431 5221 1612 5287 deest,
1649 5223 1846 5278 minus
1897 5228 2069 5278 recte.

498 5284 612 5407 (24)
643 5285 727 5341 Ita
757 5285 897 5361 Reg.
947 5293 1164 5346 Socrat.
1213 5284 1271 5346 et
1311 5291 1435 5346 Nic.
1470 5284 1646 5360 Edit‘i,
1679 5291 1837 5348 αὐτόν
1874 5295 2072 5350 minus

498 5371 521 5407 ο
551 5372 604 5407 e.

425 5370 604 5411 recte.

643 5429 737 5484 Sic
767 5431 1224 5511 editzcommmt
1245 5450 1449 5511 omnes
1483 5438 1870 5511 manuscripti
1901 5438 2071 5495 codd.

425 5498 750 5580 Igdit._vero
796 5503 1146 5580 Parisiensis
1196 5521 1264 5561 ex
1310 5510 1543 5563 Socrate
1592 5510 1677 5565 sic
1723 5498 2071 5580 emendavit,

436 5572 702 5645 Φοτεῖνου
721 5575 890 5645 quasi
911 5578 1190 5632 mendum
1223 5581 1398 5633 esset.
1413 5580 1480 5634 At
1495 5574 1780 5637 Σκοτιινόν
1804 5572 2074 5640 vocatum

435 5640 848 5720 existimamus
876 5663 981 5718 per
1007 5647 1397 5720 antiphrasin.

505 5711 623 5784 (26)
651 5714 765 5783 Τήν
803 5711 1105 5794 μοναρχίαν
1133 5711 1297 5776 Socr.
1329 5723 1388 5776 et
1415 5718 1537 5777 Nic.

2184 4725 2382 4777 σκομεν
2619 4700 2703 4757 ὅτι
2750 4723 2811 4757 τε
2858 4701 3004 4776 παρᾶ
3046 4700 3141 4764 τὰς
3188 4700 3376 4762 κοινὰς
3405 4697 3529 4776 περὶ
3559 4701 3693 4754 Θεοῦ
3746 4694 3827 4750 ἕνα

2181 4792 2354 4865 νοίας,
2386 4793 2474 4848 καὶ
2511 4788 2578 4862 δὴ
2608 4789 2697 4847 καί
2726 4791 2873 4867 παρὰ
2913 4790 2976 4846 τὸ
3029 4788 3291 4866 βούλημα
3334 4795 3435 4860 τῆς
3477 4783 3833 4853 θεοπνεύστου

2254 5080 2367 5154 (27)
2399 5081 2558 5155 Sper.
2592 5085 2650 5137 et
2678 5079 2827 5149 Nic.,
2859 5082 2967 5155 τῷν
3011 5076 3281 5155 ἀοράτων,
3310 5074 3439 5155 ἀλλ’
3473 5072 3826 5155 ἄνυπόστατον

2182 5148 2359 5227 Λόγον
2422 5148 2558 5227 ὄντα
2605 5156 2703 5227 τοῦ
2746 5148 2993 5227 -Πατρὸς,
3023 5148 3114 5206 καὶ
3172 5150 3300 5206 Θεὸν
3360 5150 3420 5205 ἐκ
3466 5154 3621 5206 Θεοῦ.
3662 5148 3833 5212 Οὗτος

2179 5222 2439 5299 γάρζᾷστι
2457 5222 2595 5299 πρός
2628 5224 2686 5299 ’ὸν
2706 5222 2899 5299 εἶπεν,
2922 5229 3031 5281 etc.

2400 5288 2653 5375 _S_oér.-et
2672 5298 2822 5375 Nic.,
2877 5288 2936 5358 ὃς
2980 5336 3013 5375 ._
3041 5337 3055 5351 .
3100 5335 3113 5350 .
3158 5335 3172 5349 .
3216 5288 3397 5371 ὤφθη.
3510 5362 3609 5375 __.

2253 5362 2365 5438 (29)
2397 5368 2492 5423 Sic
2522 5368 2661 5423 edit.
2695 5362 2916 5425 Comm.
2965 5373 3024 5425 et
3068 5362 3289 5424 omnes'
3323 5382 3464 5422 mss.
3510 5362 3660 5421 Edit.
3692 5379 3828 5421 vero

2186 5439 2779 5523 Paﬂﬂvlels‘jcomz.
2994 5513 3005 5523 .
3252 5511 3293 5523 κ

2253 5508 2505 5583 (30)’Βίο’
2552 5514 2692 5583 Reg.
2745 5513 2904 5583 Socr.
2955 5513 3023 5583 et,
3059 5509 3201 5583 _Nic.
3252 5508 3424 5583 Editi,
3462 5508 3826 5583 γινώσκομενζ

2183 5577 2317 5664 Μόξ
2346 5577 2510 5664 Βθεέ,
2531 5577 2745 5664 καινός,
2782 5581 2953 5664 male.
2971 5581 3209 5664 ibidem
3237 5577 3520 5664 equi,”ch
3549 5577 3671 5655 περὶ
3695 5577 3830 5633 Θεοῦ

2183 5652 2357 5722 male,
2388 5652 2485 5707 τᾱῦ
2514 5654 2679 5714 deest
2706 5655 2766 5712 in
2796 5654 2936 5728 Reg.
2968 5657 3125 5710 Socr.
3157 5655 3215 5709 et
3236 5652 3358 5709 Nic.
