4082 6360
358 400 479 458 733

1814 399 1917 459 DE
1961 399 2325 462 SYNODIS.

3656 397 3775 456 ’734

358 530 595 606 Γραφῆς,
645 530 867 582 τοιαῦτα
922 525 1296 600 τετολμήκασι
1353 529 1476 600 περὶ
1535 527 1703 583 αὐτοῦ
1762 525 2002 602 διορίσα-

2122 530 2224 587 illo
2256 533 2383 587 ausi
2419 533 2538 589 sint
2567 533 2841 588 deﬂuere.
2863 531 2980 589 Nos
3002 530 3154 586 enim
3180 530 3364 586 Deum
3390 527 3501 584 sibi
3522 527 3635 599 ipsi
3661 527 3772 581 im-

361 630 504 682 σθαι.
539 617 923 692 Αύτοκράτορα
963 617 1066 692 γὰρ
1115 619 1279 689 ἡμεῖς
1327 618 1418 671 τὸν
1465 617 1593 672 Θεὸν
1643 617 1731 671 καὶ
1758 619 1869 690 (31)
1905 617 2006 671 Κύ-

364 728 478 780 ριον
514 706 672 761 αὐτὸν
713 706 903 760 ἑαυτοῦ
952 703 1175 770 εἰδότες,
1224 705 1483 768 ἑκουσίως
1534 706 1693 761 αὐτὸν
1753 706 1843 760 καὶ
1897 705 2006 760 ἐθε-

367 795 566 864 λοντὴν
597 795 689 850 τὸν
731 796 851 848 Υίὸν
900 795 1276 870 γεγεννηκέναι
1325 790 1560 859 εὐσεϐῶς
1607 795 2004 874 ὑπειλήφαμεν.

364 883 710 946 Πιστεύοντες
772 881 830 938 δὲ
882 879 1138 962 ἐμφόϐως
1176 886 1289 958 (32)
1345 883 1431 938 xui
1490 889 1570 956 τῷ
1635 884 1757 960 περὶ
1818 886 2008 938 ἑαυτοῦ

361 972 596 1049 λέγοντι·
639 995 665 1027 α
701 972 899 1048 Κύριος
930 969 1105 1028 ἔκτισέ
1155 995 1221 1046 με
1269 973 1448 1048 ἀρχὴν
1503 970 1640 1028 ὁδῶν
1708 974 1872 1027 αὑτοῦ
1929 973 2008 1035 εἰς

363 1059 495 1136 ἔργα
524 1063 712 1130 αὐτοῦ,
750 1086 776 1113 ››
809 1061 916 1138 ούχ
945 1061 1155 1136 ὁμοίως
1183 1061 1342 1116 αὑτὸν
1379 1067 1494 1124 τοῖς
1546 1059 1616 1115 δι’
1647 1061 1808 1116 αὑτοῦ
1855 1084 2006 1138 γενο-

366 1153 547 1224 μένοις
605 1151 893 1224 κτίσμασιν
943 1152 978 1220 ἢ
1039 1153 1308 1224 ποιήμασι
1376 1157 1694 1226 γεγενῆσθαι
1753 1156 2004 1223 νοοῦμεν.

364 1236 581 1303 Ἀσεϐὲς
620 1240 722 1316 γὰρ
772 1241 861 1295 καὶ
904 1247 1004 1310 τῆς
1053 1239 1509 1310 έκκλησιαστικῆς
1556 1240 1788 1302 πίστεως
1837 1239 2008 1295 ἀλλό-

361 1350 510 1404 τριον
541 1330 603 1384 τὸ
632 1330 725 1384 τὸν
763 1328 984 1400 κτίστην
1034 1335 1152 1392 τοῖς
1184 1327 1252 1384 δι’
1283 1329 1448 1384 αὑτοῦ
1495 1329 1866 1402 κεκτισμένοις
1896 1332 2008 1403 (33)

364 1416 820 1495 δημιουργήμασι
853 1416 1250 1496 παραϐάλλειν,
1278 1418 1368 1474 καὶ
1414 1419 1506 1473 τὸν
1557 1418 1717 1473 αὑτὸν
1767 1425 1863 1488 τῆς
1913 1441 2008 1494 γε·

361 1509 555 1569 νέσεως
585 1512 700 1569 τοῖς
732 1505 926 1569 ἄλλοις
958 1506 1158 1584 τρόπον
1210 1504 1355 1583 ἔχειν
1399 1508 1488 1561 καὶ
1537 1507 1696 1561 αὑτὸν
1743 1509 2006 1581 νομίζειν.

365 1590 540 1649 Μόνον
597 1595 697 1671 γὰρ
749 1595 838 1650 καὶ
889 1595 1068 1669 μόνως
1114 1597 1206 1650 τὸν
1267 1598 1534 1670 μονογενῆ
1592 1596 1716 1650 Υίὸν
1757 1603 2007 1671 γεγεννῆ-

367 1695 488 1748 σθαι
517 1686 630 1757 (34)
671 1684 909 1760 γνησίως
954 1706 1013 1740 τε
1059 1685 1148 1740 καὶ
1192 1683 1415 1756 ἀληθῶς
1463 1681 1802 1739 διδάσκουσιν
1861 1688 2008 1758 ἡμᾶς

365 1773 422 1826 u't
454 1777 592 1836 θεῖαι
622 1773 846 1850 Γραφαί.

2119 637 2296 692 peran
2309 627 2520 692 tem,ac
2542 621 2633 676 sui
2657 621 2971 677 Dominum
2997 624 3542 692 agnoscentes,eum
3565 621 3772 688 sponte

2119 726 2184 764 ac
2217 709 2397 765 libere
2434 711 2634 765 Filium
2691 710 2967 782 genuisse
3001 709 3092 779 pie
3123 723 3453 762 censemus.
3491 709 3667 760 Porro
3701 704 3768 756 li-

2119 803 2208 852 cet
2240 817 2374 854 cum
2411 801 2616 855 timore
2649 801 2959 854 credamus
2992 796 3073 850 illi
3109 798 3179 850 de
3207 813 3266 850 se
3296 796 3513 850 dicenti
3548 811 3560 847 :
3596 817 3622 844 ‹‹
3658 794 3768 848 Do-

2119 889 2318 943 minus
2341 889 2555 943 creavit
2596 905 2687 942 me
2729 887 3082 960 principium
3107 886 3260 942 592
3284 885 3504 939 viarum
3530 898 3768 938 suarum

2119 977 2188 1031 ad
2212 993 2386 1047 opera
2408 995 2515 1033 sua
2537 979 2578 1012 ¹³
2606 996 2618 1044 ;
2650 1000 2676 1026 ››
2700 995 2810 1031 non
2855 982 3049 1031 tamen
3075 991 3188 1045 quo
3214 973 3384 1028 modo
3407 976 3682 1027 creatura:
3715 974 3770 1025 et

2119 1065 2352 1136 Opificia
2383 1067 2455 1121 ab
2506 1066 2604 1121 illo
2637 1067 2788 1121 facta
2819 1069 2977 1132 sunt,
3012 1064 3213 1118 eodem
3251 1068 3306 1117 et
3335 1061 3500 1115 illum
3547 1061 3767 1114 factum

2118 1169 2248 1210 esse
2299 1155 2704 1227 intelligimus.
2742 1155 2992 1225 Impium
3047 1151 3203 1208 enim
3235 1155 3341 1220 est,
3376 1155 3432 1204 et
3478 1151 3548 1204 ab
3581 1148 3769 1204 eccle-

2119 1241 2355 1298 siastica
2404 1244 2516 1298 ﬁde
2568 1243 2848 1309 alienum,
2882 1246 3196 1298 creatorem
3249 1256 3380 1295 cum
3414 1238 3589 1294 rebus
3619 1255 3768 1308 quas

2117 1331 2330 1385 creavit
2356 1331 2637 1402 conferre,
2670 1336 2725 1386 et
2747 1332 2948 1386 eodem
2975 1329 3366 1402 generationis
3398 1328 3570 1382 modo
3593 1331 3767 1397 atque

2119 1418 2264 1474 alias
2294 1425 2591 1475 creaturas
2623 1420 2787 1476 illum
2819 1419 3041 1474 editum
3066 1435 3195 1473 esse
3219 1416 3511 1472 arbitrari.
3544 1416 3768 1487 Quippe

2121 1509 2487 1582 unigenitum
2523 1510 2756 1578 Filium,
2791 1527 2972 1564 unum
2997 1513 3051 1562 et
3075 1507 3244 1562 unice
3274 1505 3540 1578 genitum
3566 1504 3765 1572 fuisse,

2120 1613 2396 1670 germane
2429 1615 2495 1654 ac
2527 1615 2658 1655 vere
2689 1601 2901 1655 docent
2932 1613 3038 1653 nos
3069 1597 3278 1652 divinae
3308 1595 3640 1666 Scriptura}.

438 1867 529 1918 IX.
566 1887 592 1913 ιι
628 1861 787 1918 Ἀλλ’
819 1859 943 1917 οὐδὲ
970 1863 1064 1917 τὸν
1096 1862 1218 1917 Υίὸν
1251 1864 1364 1917 καθ’
1397 1863 1582 1918 ἑαυτὸν
1625 1864 1774 1931 εἶναι,
1812 1867 1904 1936 ζῇν
1953 1884 2002 1918 τε

440 1951 454 1967 .
513 1951 526 1967 ε
596 1949 607 1967 1
829 1953 842 1967 .
943 1951 954 1967 .
1119 1957 1146 1967 ..
1213 1954 1253 1967 η
1365 1952 1379 1967 .
1433 1953 1485 1967 η.
1737 1950 1760 1967 ,ι
1799 1953 1812 1967 .
1915 1957 1941 1966 η

2196 1865 2286 1922 IX.
2321 1885 2351 1918 «
2381 1867 2488 1921 Sed
2538 1882 2726 1936 neque
2759 1865 2994 1922 tametsi
3027 1865 3279 1920 dicimus
3310 1863 3515 1918 Filium
3548 1879 3650 1934 per
3680 1879 3770 1918 se-

365 1951 455 2005 καὶ
507 1949 770 2028 ὑπάρχειν
822 1951 1031 2025 ὁμοίως
1081 1957 1160 2024 τῷ
1211 1952 1381 2026 ΙΙατρὶ
1432 1953 1698 2027 λέγοντες,
1734 1950 1822 2006 διὰ
1849 1957 2010 2007 τοῦτο

370 2038 684 2115 χωρίζομεν
733 2040 891 2095 αὐτὸν
935 2045 1032 2096 τοῦ
1089 2041 1317 2116 Πατρὸς,
1349 2037 1550 2102 τόπους
1760 2042 1848 2096 καὶ
1900 2039 2012 2096 δια-

370 2128 619 2202 στήματα
665 2149 788 2184 τινα
837 2130 1032 2202 μεταξὺ
1079 2136 1178 2199 τῆς
1229 2129 1512 2208 συναφείας
1559 2129 1734 2184 αὐτῶν
1769 2151 2009 2203 σωματι-

367 2222 476 2279 κῶς
528 2216 898 2281 ἐπινοοῦντες.
959 2218 1392 2292 Πεπιστεύκαμεν
1469 2219 1572 2295 γὰρ
1648 2219 2011 2292 ἀμεσιτεύτως

366 2305 561 2371 αὑτοὺς
613 2308 699 2362 καὶ
758 2305 1094 2370 ἇδιαστάτως
1150 2305 1424 2378 ἀλλήλοις
1475 2311 1577 2380 (36)
1629 2307 2007 2386 ἐπισυνῆφθαι,

368 2395 455 2450 καὶ
503 2394 818 2471 ἀχωρίστου
873 2397 1133 2472 ὑπάρχειν
1184 2397 1405 2452 ἑαυτῶν·
1441 2395 1574 2452 ὅλου
1633 2398 1726 2469 μὲν
1763 2395 1859 2452 τοὺ
1906 2405 2008 2452 Πα-

365 2485 491 2559 τρὸς
552 2484 986 2560 ἐνστερνισμένου
1042 2487 1132 2540 τὸν
1205 2486 1364 2552 Υἱὸν,
1426 2484 1559 2540 ὅλου
1620 2485 1676 2541 δὲ
1730 2491 1828 2541 τοῦ
1879 2487 2008 2541 Υἷοῢ

365 2570 736 2648 ἐξηρτημένου
766 2575 856 2629 καὶ
888 2574 1332 2654 προσπεφυκότος
1362 2580 1440 2647 τῷ
1473 2575 1662 2649 Πατρὶ,
1695 2576 1784 2630 καὶ
1839 2576 2006 2648 μόνου

363 2667 479 2724 τοῖς
510 2663 784 2738 πατρῴοις
833 2664 1066 2726 κόΑποις
1108 2664 1520 2737 ἀναπαυομένου
1571 2661 1832 2736 διηνεκῶς

365 2751 715 2813 Πιστεύοντες
747 2751 840 2806 οὖν
872 2752 948 2814 εἰς
977 2755 1076 2822 τήν
1104 2753 1418 2808 παντέλειον
1443 2750 1641 2827 Τριάδα
1689 2753 1787 2821 τήν
1839 2755 2005 2826 ἁγιω-

365 2837 554 2909 τάτην,
586 2841 860 2895 τουτέστιν
894 2841 969 2904 είς
999 2843 1091 2897 τὸν
1124 2843 1353 2916 Πατέρα,
1380 2842 1469 2896 καὶ
1503 2840 1576 2902 είς
1603 2842 1693 2896 τὸν
1744 2843 1889 2913 rte»,
1917 2843 2004 2897 καὶ

365 2926 441 2989 εἷς
472 2929 534 2982 τὸ
567 2935 784 3003 Πνεῦμα
810 2932 873 2984 τὸ
904 2931 1077 3006 ἅγιον,
1109 2933 1196 2986 καὶ
1240 2931 1367 2986 Θεὸν
1405 2931 1497 3004 μὶν
1529 2931 1620 2986 τὸν
1665 2933 1872 3006 Πατέρα
1917 2931 2005 2987 λέ-

363 3037 572 3091 γοντας,
595 3019 722 3073 Θεὸν
757 3017 813 3073 δὲ
833 3020 921 3074 καὶ
943 3018 1034 3075 τὰν
1060 3022 1204 3091 Υἱὸν,
1222 3021 1285 3074 οὑ
1315 3017 1410 3074 δύο
1430 3019 1655 3082 τούτους
1677 3019 1862 3090 Θεοὺς,
1878 3019 2005 3075 ἀλλ’

362 3104 417 3160 ’ἐν
481 3104 861 3184 ὁμολογοῦμεν
920 3116 1018 3179 τῆς
1105 3111 1360 3178 Θεότητος
1437 3108 1670 3182 ἀξίωμα,
1729 3109 1817 3162 καὶ
1880 3109 2006 3182 μίαν

361 3190 560 3270 ἀκριϐῆ
621 3203 720 3266 τῆς
776 3196 1056 3273 βασιλείας
1105 3201 1207 3268 τὴν
1264 3197 1579 3276 συμφωνίαν
1832 3218 2004 3252 παντ-

2122 1953 2314 2025 ipsum
2351 1955 2695 2023 esse,vivere
2727 1972 2792 2010 ac
2820 1955 3162 2024 subsistere,
3184 1953 3422 2022 perinde
3454 1957 3629 2022 atque
3663 1957 3768 2006 Pa-

2119 2044 2466 2112 trem,illum
2501 2043 2715 2099 idcirco
2748 2061 2781 2099 a
2810 2045 2977 2098 Patre
3007 2059 3369 2115 separamus,
3391 2042 3582 2114 spatia
3611 2058 3767 2113 qua:-

2119 2132 2254 2187 dam
2286 2137 2341 2187 et
2371 2132 2672 2187 intervalla
2719 2132 2935 2204 quibus
2968 2132 3247 2203 disjuncti
3297 2135 3437 2186 sunt
3479 2129 3768 2200 corporali

2119 2222 2292 2276 modo
2316 2221 2730 2293 intelligentes.
2765 2222 3067 2276 Credimus
3091 2221 3375 2288 enim,eos
3399 2220 3616 2290 absque
3649 2218 3766 2274 ullo

2120 2311 2313 2366 medio
2342 2315 2398 2366 et
2426 2310 2741 2366 interstitio
2773 2312 3120 2381 conjunctos
3149 2326 3299 2378 esse,
3333 2325 3437 2365 nec
3471 2326 3502 2362 a
3525 2325 3585 2362 se
3615 2306 3766 2361 invi-

2119 2418 2241 2456 cem
2275 2417 2446 2473 posse
2489 2401 2780 2457 ullatenus
2828 2402 3086 2472 separari
3123 2418 3134 2455 :
3169 2401 3249 2456 ita
3299 2405 3362 2454 ut
3409 2403 3565 2454 totus
3597 2399 3766 2454 Pater

2117 2490 2327 2544 Filium
2355 2491 2414 2545 in
2449 2491 2580 2546 sinu
2614 2507 2720 2546 suo
2751 2489 3196 2562 complectatur.
3232 2497 3287 2544 et
3330 2494 3489 2544 totus
3524 2487 3699 2542 Filius
3731 2505 3764 2544 ιι

2119 2579 2286 2634 Patre
2309 2580 2672 2651 pendeat,illi
2695 2581 3004 2646 adhaereat,
3023 2579 3302 2649 solusque
3326 2578 3382 2631 in
3410 2577 3594 2632 Patris
3629 2576 3764 2631 sinu

2117 2673 2399 2739 perpetuo
2429 2669 2823 2740 conquiescat.
2856 2669 3165 2724 Credentes
3193 2667 3375 2738 igitur
3405 2667 3461 2721 in
3503 2665 3765 2736 undique

2117 2757 2432 2828 perfectam
2487 2763 2544 2813 et
2592 2757 3028 2813 sanctissimam
3079 2757 3448 2822 Trinitatem,
3483 2755 3538 2809 id
3587 2755 3763 2809 estin

2120 2846 2362 2916 Patrem,
2393 2850 2449 2901 et
2478 2847 2534 2900 in
2570 2845 2863 2912 Filium,et
2893 2847 2952 2901 in
2979 2846 3261 2917 Spiritum
3293 2848 3558 2898 sanctum
3591 2860 3602 2898 :
3631 2859 3764 2898 cum

2118 2934 2299 2990 Deum
2349 2936 2577 2990 Patrem
2628 2935 2836 3000 Deum,
2882 2935 3018 2990 item
3079 2933 3290 2989 Filium
3339 2933 3611 3000 dicimus,
3648 2949 3761 2986 non

2116 3022 2243 3086 hos,
2287 3023 2434 3078 duos
2488 3025 2650 3089 Deos,
2685 3024 2786 3078 sed
2838 3040 3016 3078 unam
3049 3023 3398 3078 conﬁtemur
3437 3021 3762 3076 divmitatis

2114 3110 2484 3183 dignitatem,
2516 3116 2572 3167 et
2595 3130 2772 3168 unam
2797 3113 3125 3168 absolutam
3151 3111 3314 3183 regni
3349 3111 3717 3166 concordiam
3746 3130 3761 3178 ;

2114 3200 2195 3254 ita
2228 3205 2289 3254 ut
2319 3199 2481 3256 solus
2510 3201 2681 3256 Pater
2707 3201 2984 3256 omnibus
3013 3200 3277 3264 omnino,
3300 3203 3356 3254 et
3385 3199 3498 3270 ipsi
3530 3214 3765 3270 quoque

365 3288 664 3359 αρχοῦντος
697 3286 790 3358 μὲν
823 3286 1064 3350 καθόλου
1097 3286 1328 3355 πάντων,
1362 3288 1448 3341 καὶ
1495 3287 1663 3341 αὐτοῦ
1700 3291 1796 3341 τοῦ
1852 3288 2002 3359 Υἱοῦ,

2118 3288 2258 3344 Filio
2305 3290 2674 3358 dominetur;
2710 3290 2891 3345 Filius
2937 3306 3069 3345 vero
3110 3289 3262 3344 Patri
3311 3269 3677 3358 subjiciatur,
3711 3291 3768 3342 et

364 3373 528 3444 μόνου
579 3379 676 3428 τοῦ
735 3377 965 3451 Πατρός·
999 3381 1096 3431 τοῦ
1154 3374 1210 3431 δὶ
1256 3375 1388 3430 Υἱοῧ
1433 3375 1866 3451 ὑποτεταγμένου
1921 3381 2002 3449 τῷ

361 3461 547 3538 Ιιατρί·
583 3461 738 3526 ἐκτὸς
769 3462 826 3519 δὲ
858 3465 1020 3520 αὑτοῦ
1059 3466 1272 3520 πάντων
1326 3466 1440 3538 μετ’
1470 3464 1629 3518 αὑτὸν
1684 3465 1999 3540 βασιλεύον-

356 3571 450 3612 τος
506 3557 612 3607 τῶν
669 3549 740 3606 δι’
794 3554 962 3608 αὑτοῦ
1018 3553 1340 3628 γενομένων,
1392 3553 1482 3609 καὶ
1532 3555 1633 3624 τήν
1689 3557 1784 3608 τοῦ
1843 3553 2000 3628 ἁγίου

359 3639 675 3714 ῙῙνεύματος
741 3641 902 3718 χάριν
960 3643 1207 3722 ἀφθόνως
1256 3649 1373 3706 τοῖς
1426 3642 1599 3718 ἁγίοις
1655 3639 2000 3717 δωρουμένου

357 3735 606 3804 πατρικῷ
666 3729 1001 3806 βουλήματι.
1062 3732 1221 3789 Οὕτω
1278 3733 1380 3808 γὰρ
1437 3732 1526 3786 τὸν
1590 3732 1714 3806 περί
1766 3739 1865 3802 τῆς
1923 3732 1998 3794 είς

358 3819 587 3893 Χριστὸν
657 3820 959 3897 μοναρχίας
1030 3819 1366 3876 συνίστασθαι
1448 3819 1611 3898 λόγον
1696 3819 1997 3899 παρέδοσαν

359 3908 495 3980 ἡμῖν
529 3909 581 3962 οἱ
611 3909 748 3985 ἱεροὶ
779 3907 959 3986 λόγοι.

427 4003 491 4053 Χ.
543 4020 567 4051 α
615 4002 789 4053 Ταῦτα
843 3999 1251 4074 ἠναγκάσθημεν
1316 4005 1448 4073 μετὰ
1498 4002 1596 4070 τὴν
1651 3999 1703 4054 ἐν
1763 4001 1997 4076 ἐπιτομῇ

355 4092 766 4159 προεκτςθεῖσαν
850 4087 1027 4142 πίστιν
1130 4087 1462 4165 πλατύτερον
1554 4089 1998 4166 έπεξεργάσασθαι

355 4175 420 4228 οὐ
476 4175 610 4230 κατὰ
668 4179 924 4252 περιττὴν
985 4175 1324 4253 φιλοτιμίαν,
1359 4177 1484 4233 ἀλλ’
1523 4175 1615 4232 ’ίνα
1667 4185 1836 4234 πᾶσαν
1895 4182 1993 4250 τήν

352 4269 452 4332 τῆς
497 4266 766 4341 ἡμετέρας
833 4263 1161 4340 ὑπολήψεως
1206 4264 1508 4343 ἀλλοτρίαν
1572 4268 1992 4343 ἀνακαθάρὶυμεν

356 4351 588 4427 ὑποψίαν
617 4355 765 4430 παρὰ
790 4361 907 4416 τοῖς
940 4355 1007 4410 τὰ
1046 4357 1164 4410 καθ’
1212 4359 1360 4430 ἡμᾶς
1402 4357 1679 4431 ἀγνοοῦσι,
1714 4357 1802 4411 καὶ
1853 4363 1994 4435 γνῶ.

354 4461 435 4495 σιν
469 4443 522 4496 οἱ
559 4445 696 4498 κατᾶ
745 4445 844 4512 τήν
899 4441 1047 4499 δύσιν
1088 4444 1304 4514 πάντες,
1339 4445 1480 4519 ὁμοῦ
1533 4446 1628 4519 μὶν
1675 4453 1774 4516 τῆς
1831 4468 1994 4502 συκο-

353 4532 574 4608 φαντίας
607 4537 715 4587 τῶν
749 4529 1069 4610 ἑτεροδόξων
1109 4535 1210 4604 τὴν
1261 4532 1554 4604 ἀναίδειαν,
1587 4536 1726 4609 ὁμοῦ
1776 4531 1834 4590 δὲ
1883 4541 1991 4592 τῶν

425 4659 470 4694 ³³
501 4659 664 4716 Prov.
696 4676 818 4729 vm,
849 4659 938 4717 22.

2111 3377 2209 3434 illo
2242 3385 2482 3451 excepto
2514 3379 2791 3435 omnibus
2814 3384 2947 3451 post
2979 3378 3144 3434 illum
3181 3377 3517 3433 dominetur
3538 3394 3663 3448 quas
3692 3377 3763 3431 ab

2110 3466 2238 3538 ipso
2272 3467 2426 3523 facta
2478 3479 2650 3538 sunt;
2687 3473 2744 3524 et
2774 3468 3026 3540 Spiritus
3076 3467 3260 3523 sancti
3293 3466 3542 3538 gratiam
3575 3465 3764 3520 Patris

2110 3554 2425 3624 voluntate,
2461 3559 2680 3613 sanctis
2714 3557 2959 3613 affatim‘
2988 3556 3291 3627 largiatur.
3321 3555 3415 3610 Sic
3445 3557 3600 3610 enim
3634 3557 3762 3624 ejus

2111 3663 2237 3717 quae
2268 3647 2327 3702 in
2359 3648 2585 3704 Christo
2617 3655 2705 3704 est
2748 3647 3096 3703 monarchiaa
3131 3649 3416 3702 rationem
3470 3649 3761 3712 constare,

2109 3753 2276 3792 sacra
2309 3736 2476 3793 nobis
2508 3737 2739 3810 eloquia
2770 3737 3163 3792 tradiderunt.

2177 4003 2242 4059 X.
2279 4027 2305 4054 «
2338 4008 2469 4059 Haec
2499 4003 2682 4059 coacti
2733 4021 2963 4072 sumus,
2999 4008 3129 4074 post
3183 4002 3356 4057 fidem
3411 4000 3756 4071 compendio

2109 4092 2357 4149 antehac
2379 4092 2815 4161 editam,fusius
2836 4091 3144 4162 explicare,
3168 4109 3281 4146 non
3311 4090 3608 4162 superﬂua
3631 4105 3754 4142 am-

2107 4182 2326 4237 bitione
2355 4182 2616 4254 impulsi,
2652 4183 2751 4238 sed
2777 4186 2841 4236 ut
2861 4181 3111 4237 alienam
3136 4197 3367 4236 omnem
3403 4180 3473 4234 de
3505 4179 3618 4233 ﬁde
3650 4195 3754 4232 no-

2106 4275 2227 4326 stra
2275 4269 2668 4342 suspicionem
2719 4270 3064 4335 levaremus,
3099 4286 3300 4324 eorum
3350 4268 3601 4323 maxime
3651 4265 3752 4338 qui

2105 4375 2297 4415 rerum
2332 4365 2666 4414 nostrarum
2693 4359 2944 4431 imperiti
2974 4364 3134 4426 sunt,
3155 4363 3334 4430 utque
3357 4357 3753 4412 Occidentales

2105 4464 2309 4504 omnes
2341 4465 2474 4503 cum
2503 4449 2968 4505 adversariorum
3003 4448 3400 4520 schphantize
3445 4447 3753 4519 impuden-

2105 4537 2400 4607 tiam,tum
2423 4537 2805 4594 Orientalium
2823 4538 3276 4594 ecclesiasticam
3292 4537 3605 4593 inDomino
3620 4553 3756 4591 sen-

421 4802 536 4879 _(31)
566 4799 672 4857 Καί
730 4803 893 4859 deest
938 4803 999 4859 in
1047 4804 1200 4861 Socr.
1234 4803 1392 4862 Infra
1439 4807 1592 4864 idem
1638 4811 1695 4862 et
1724 4805 1872 4878 Nic.,
1904 4803 1995 4860 καὶ

2118 4802 2329 4866 τόπους.
2545 4805 2880 4879 Nicephor.,
2912 4804 3113 4866 τόπους
3161 4802 3371 4879 δέηηκαίᾲ.
3407 4803 3562 4858 Infra
3610 4805 3747 4879 Reg.

352 4871 580 4934 θέλοντα
593 4916 604 4930 .

422 4946 535 5016 (32)
567 4946 828 5020 ξίοΒθε.
860 4944 1020 5020 Socr.
1056 4946 1181 5020 Nic.
1229 4947 1381 5020 Edit.
1427 4964 1563 5005 vero
1609 4949 1859 5016 Comm.,
1894 4946 1998 5020 ἒμ-

391 5013 552 5095 όσωςέ
583 5019 735 5095 Edi-t.
773 5017 1113 5095 Parisiensi,
1148 5016 1436 5095 ξμφόοιος.
1687 5013 1998 5077 Socratfet

348 5084 615 5160 Niceph.,
647 5089 708 5142 τὸ
760 5085 883 5178 περὶ
934 5084 1108 5142 αύτοῦν
1151 5084 1472 5165 λεγόμενον.
1503 5092 1650 5148 lbid.
1697 5095 1832 5163 Reg.
1866 5096 1998 5164 post

348 5156 567 5216 λέγοντι
600 5161 774 5216 habet
807 5161 912 5216 ὁτι.

392 5179 567 5216 εγοντι
601 5179 774 5216 nanet
807 5179 912 5216 οτι.

444 5233 529 5302 33)
555 5232 656 5307 _Sic
687 5247 892 5307 omnes
921 5246 1064 5287 mss.
1093 5236 1150 5288 et
1177 5234 1338 5289 editi.
1375 5234 1548 5307 Socr.
1567 5239 1624 5307 et
1662 5235 1992 5307 Nicephorq

349 5301 704 5381 ἐκτισμένοις.
742 5301 1084 5381 Paulo_pos_t
1117 5309 1302 5381 $005.,
1330 5311 1470 5381 rei;
1500 5301 1820 5381 ἀλλοτρίοις
1864 5301 1995 5381 τρόὲ-

346 5377 637 5502 gothox
666 5381 825 5447 Reg.,
859 5373 967 5426 xui
1001 5373 1182 5434 αὐτόν.
1225 5378 1516 5435 Particulo.
1561 5376 1650 5432 καί
1681 5373 1761 5434 ’1η
1821 5373 1995 5433 editis

389 5463 486 5502 ees
521 5489 533 5502 .

389 5453 533 5504 eest.

420 5520 542 5592 (34),
567 5519 652 5574 lta
683 5522 817 5590 Reg.
848 5525 903 5572 et
934 5518 1105 5592 Basil.
1141 5519 1309 5575 bene.
1367 5521 1518 5576 Editi
1567 5538 1700 5577 cum
1748 5525 1906 5592 Socr.
1940 5524 1998 5575 et

347 5590 630 5666 Niseph_.,_
645 5593 992 5666 γεγενῆσθαι.
1023 5591 1152 5647 Mox
1183 5595 1320 5664 Reg.
1356 5593 1514 5649 Socr.
1548 5598 1606 5649 et
1659 5591 1995 5665 Nicephor.,

349 5660 522 5735 ἡμᾶς.
557 5660 734 5728 Editi,
768 5660 907 5733 ὑμᾶς
937 5677 1261 5735 perperam.

419 5736 532 5810 (35)
563 5735 654 5792 Sic
686 5732 824 5805 Reg.
859 5737 1018 5790 Socr.
1041 5732 1107 5791 δι
1134 5732 1376 5806 Nioeph.
1408 5732 1471 5792 In
1520 5734 1696 5794 editis
1740 5751 1897 5808 vero,
1929 5733 1993 5791 οὐ

2107 4879 2263 4934 Socr.
2319 4881 2376 4932 et
2430 4876 2762 4950 Nicephor,
2811 4881 3158 4950 σωματικῶς.
3215 4877 3388 4944 Edili,
3425 4876 3751 4945 σωματικῶν

2107 4965 2434 5074 ρει-ξοτοω.
3682 5017 3692 5027 ⁸

2107 5091 2118 5093 _
2177 5025 2196 5086 (
2322 5020 2533 5093 Regius
2565 5020 2762 5093 codex,
2790 5015 3089 5093 διαστᾴτως
3112 5015 3396 5093 ξάλλήλοις
3428 5034 3441 5072 :
3476 5017 3636 5072 deest
3680 5015 3749 5070 ll-

2104 5091 2206 5147 lud
2238 5089 2298 5147 in
2331 5089 2484 5148 Socr.
2520 5097 2575 5148 et
2607 5090 2914 5162 Nicephor.
2949 5092 3080 5148 Mox
3107 5091 3284 5145 iidem
3317 5089 3468 5145 ὅλον.

2177 5165 2292 5233 (37)
2322 5168 2408 5218 Ita
2439 5167 2576 5234 Reg.
2605 5159 2777 5229 Editi',
2811 5160 3308 5233 έπαναπαυομένου.
3339 5167 3545 5234 Totum
3592 5159 3751 5214 hunc

2105 5231 2296 5313 locum
2332 5237 2414 5290 sic
2447 5231 2664 5313 habent
2689 5240 2850 5313 _Socr.
2885 5239 2940 5313 et
2969 5231 3239 5313 Nicepb”
3273 5233 3364 5313 καὶ
3424 5231 3582 5313 μόνον
3611 5234 3748 5313 τοῖς

2105 5306 2382 5377 πατρῴοις
2414 5303 2645 5377 κόλποις
2679 5299 3322 5377 ἀναπαυόμενον.Ῥε1υΙο
3372 5299 3514 5377 pust
3549 5304 3748 5377 iidem,

2108 5371 2434 5467 ἁγιωτάτην,
2466 5375 2557 5430 τὸν
2589 5376 2798 5449 Πατέρα
2855 5371 3106 5438 λέόντες
3153 5371 3414 5442 Θεὸν,κᾶὶ
3468 5373 3556 5426 τὸν
3620 5371 3742 5424 Υίὸν

2108 5468 2170 5501 ου
2219 5445 2313 5502 δύο
2361 5449 2584 5503 τούτους
2637 5446 2820 5503 Θεοὺς.
2859 5396 2984 5503 ἀλλ’
3033 5445 3125 5502 ἕνα
3174 5447 3577 5503 ὁμολογοῦμεν.
3615 5442 3742 5503 μετᾶ

2107 5463 2170 5501 ου
2219 5463 2313 5502 ouo
2361 5463 2584 5508 τούτους
2637 5463 2820 5514 υεους,
2859 5463 2982 5503 αλλ’
3036 5463 3125 5502 ενα
3174 5463 3577 5523 ὁμολογούμεν,
3615 5463 3748 5515 μετα

2106 5521 2282 5597 (Nici,
2314 5519 2468 5592 κατὰ)
2499 5519 2559 5573 τὸ
2590 5525 2689 5597 ’τῇ-ς
2717 5519 2973 5597 θεότητος
3004 5519 3237 5591 ἀξίωμα.
3349 5589 3358 5597 .
3508 5588 3522 5597 .
3637 5591 3645 5597 ι
3688 5586 3698 5597 .

2182 5593 2291 5664 (38)
2322 5588 2569 5669 Socrznet
2598 5591 2748 5669 Nic.,
2781 5588 3088 5669 συνάφειαν.
3124 5588 3249 5650 ΜοΧ
3293 5589 3459 5664 μόνου
3492 5588 3655 5643 deest
3685 5588 3744 5642 in

2107 5662 2342 5722 Soerate
2372 5668 2431 5722 et
2459 5662 2802 5736 Nicephoro.
