4082 6336
361 371 477 430 735

903 375 964 434 S.
1015 376 1440 438 ATHANASII
1486 378 1659 438 OPP.
1708 375 1910 438 PARS
1951 377 2000 436 Ι.
2032 409 2109 418 -
2139 374 2554 437 HlSTORlCA
2597 375 2700 436 ET
2743 372 3222 436 DOGMATIGA.

3646 374 3765 433 736

359 504 627 572 tentiam,
651 506 1007 579 exploratam
1032 507 1305 576 habeant,
1339 508 1684 580 sinceroque
1723 507 1995 564 divinitus

2123 503 2453 560 ἀνατολικῶν
2502 504 2564 560 τθ
2616 503 3058 575 ἐκκλησιαστικὸν
3111 502 3163 558 ἐν
3217 509 3408 579 Κυριῳ
3633 502 3762 580 φρό-

360 593 785 666 inspiratarum
834 595 1276 668 Seripturaaum
1328 598 1663 653 testimonio
1696 598 2007 652 conﬁrma-

363 687 508 754 tam,
538 685 691 755 apud
725 701 822 740 eos
855 685 954 756 qui
988 691 1180 740 mente
1215 685 1453 741 minime
1485 703 1752 758 perversa
1782 690 1940 741 sunt.
1978 708 2005 734 »

430 775 518 827 27.
550 775 656 829 Sed
684 789 872 846 neque
904 775 994 830 bis
1018 780 1342 830 steterunt:
1368 777 1579 830 iterum
1604 792 1859 846 namque
1889 775 2007 829 Sir-

364 861 464 916 mii
497 863 780 918 adversus
811 863 1117 919 Photinum
1152 865 1359 932 coacti,
1391 864 1564 920 aliam
1617 865 1746 919 fidei
1779 866 2006 920 formu-

356 950 472 1005 lam
507 951 840 1022 ediderunt,
875 971 988 1008 non
1025 954 1104 1008 ita
1136 953 1443 1025 prolixam,
1477 971 1666 1026 neque
1695 958 1783 1010 tot
1814 954 2004 1009 verbis

355 1041 747 1112 conscriptam
786 1060 798 1097 :
833 1043 934 1096 sed
963 1042 1237 1115 plurimis
1287 1045 1584 1112 detractis,
1621 1044 1734 1100 alia
1765 1043 2002 1099 addide-

353 1133 511 1197 runt,
540 1129 719 1185 veluti
741 1147 808 1187 ea
839 1148 871 1186 a
901 1132 1254 1202 quibusdam
1289 1134 1400 1190 sibi
1433 1134 1883 1206 suggerentibus
1915 1150 2004 1189 ac-

349 1219 664 1290 cepissent.

423 1331 442 1355 ι
476 1309 779 1364 Credimus
813 1309 870 1364 in
902 1327 1086 1366 unum
1122 1311 1330 1381 Deum,
1364 1312 1589 1368 Patrem
1634 1313 2000 1384 omnipoten-

347 1396 511 1464 tiam,
536 1403 856 1454 creatorem
880 1405 936 1454 et
960 1399 1233 1456 factorem
1259 1402 1559 1457 omnium:
1586 1419 1654 1456 ex
1676 1418 1789 1472 quo
1808 1403 2001 1457 omnis

347 1486 671 1556 paternitas
723 1487 779 1542 in
814 1488 956 1543 cmlo
1007 1494 1063 1543 et
1115 1489 1171 1543 in
1224 1495 1380 1545 terra
1431 1490 1788 1546 nominatur.
1827 1495 1892 1545 Et
1939 1491 1999 1545 in

350 1575 720 1646 unigenitum
750 1577 878 1646 ejus
912 1578 1464 1647 Filium,Dominum
1499 1584 1761 1634 nostrum
1793 1580 1998 1635 Jesum

349 1663 668 1730 Christum,
720 1683 788 1720 ex
841 1667 1000 1722 Patre
1047 1672 1249 1722 natum
1300 1673 1432 1723 ante
1483 1669 1680 1723 omnia
1730 1668 1940 1723 saecula
1984 1685 1996 1722 :

346 1751 531 1807 Deum
563 1770 631 1808 ex
667 1756 796 1821 Deo,
834 1754 1031 1810 lumen
1066 1774 1133 1810 ex
1185 1757 1428 1826 lumine,
1463 1774 1564 1828 per
1595 1773 1768 1828 quem
1801 1757 2000 1812 omnia

2117 616 2285 668 νημαι,
2351 594 2795 671 μαρτυρούμενον
2853 589 3123 654 ἀϐιάστως
3183 593 3283 647 ὑπὸ
3340 596 3449 646 τῶν
3509 593 3767 648 θεοπνεύο

2119 705 2257 738 στων
2291 689 2537 761 Γραφῶν,
2571 686 2714 758 παρὰ
2743 687 2860 745 τοῖς
2901 680 3283 760 ἀδιαστρόφοις
3316 683 3450 755 (40).
3487 706 3514 732 ››

2186 775 2274 829 27.
2311 771 2466 829 Ἀλλ’
2513 771 2639 828 οὐδὲ
2685 772 2902 834 τούτοις
2970 771 3283 845 ἐνέμειναν⁶
3333 769 3497 826 πάλιν
3557 773 3658 848 γὰρ
3711 771 3763 826 ἐν

2118 864 2336 938 Σιρμίῳ
2367 862 2711 927 συνελθόντες
2760 862 2896 917 κατᾶ
2947 865 3245 928 Φωτεινοῦ,
3294 856 3418 916 τότε
3468 863 3761 932 συνέθηκαν

2117 950 2269 1015 αὖθις
2301 952 2500 1021 πίστιν,
2534 952 2710 1007 οὐκέτι
2748 953 2840 1025 μὲν
2897 950 3039 1005 οὕτω
3093 949 3597 1026 σχοινοτενῆξούδὲ
3643 971 3766 1006 τοσ-

2115 1043 2280 1114 αύτην
2327 1049 2442 1106 τοῖς
2495 1044 2730 1120 ῥήμασιν
2759 1062 2771 1075 ο
2824 1041 3116 1121 ἀφελόντες
3170 1039 3226 1096 δὲ
3273 1042 3340 1096 τὰ
3386 1040 3615 1097 πλεῖστα
3671 1041 3762 1096 καὶ

2113 1133 2431 1207 προσθέντες
2481 1129 2646 1201 ἄλλα,
2699 1131 2880 1206 ὥσπερ
2943 1129 2994 1200 ἐξ
3065 1124 3346 1198 ὑποϐολῆς
3403 1129 3550 1204 παρά
3597 1150 3761 1184 τινων

2113 1221 2456 1289 ἀκούσαντες,
2491 1219 2721 1296 ἔγραψαν
2754 1225 2938 1276 ταῦτα.

2183 1313 2294 1383 (41)
2343 1335 2370 1362 ‹‹
2431 1310 2762 1382 Πιστεύομεν
2811 1308 2889 1372 είς
2944 1305 3039 1362 ἕνα
3093 1307 3242 1377 Θεὸν,
3303 1307 3514 1382 Πατέρα
3567 1328 3762 1363 παντο-

2109 1401 2367 1476 κράτορα,
2418 1400 2509 1454 τὸν
2554 1399 2774 1468 κτίστην
2823 1398 2912 1452 καὶ
2959 1399 3194 1468 ποιητὴν
3245 1401 3350 1452 τῶν
3419 1398 3658 1470 πάντων,
3707 1397 3758 1468 έξ

2111 1489 2173 1543 οὗ
2207 1495 2350 1543 πᾶσα
2377 1489 2576 1564 πατριὰ
2627 1487 2676 1542 ἐν
2728 1486 2941 1563 οὐρανῷ
2973 1489 3084 1560 (42)
3114 1485 3201 1540 καὶ
3253 1485 3336 1540 ἐπὶ
3393 1493 3496 1561 γῆς
3555 1486 3757 1559 ὀνομά-

2113 1583 2275 1647 ζεται·
2309 1579 2397 1633 καὶ
2448 1578 2522 1639 εἰς
2570 1577 2661 1632 τὸν
2718 1582 2982 1652 μονογενῆ
3033 1572 3196 1629 αὑτοῦ
3244 1575 3365 1629 Υἶὸν
3408 1575 3499 1630 τὸν
3561 1574 3755 1650 Κύριον

2108 1671 2267 1740 ἡμῶν
2332 1669 2541 1738 Ἰησοῦν
2616 1667 2707 1721 τὸν
2765 1665 3017 1742 Χριστὸν,
3065 1664 3156 1719 τὸν
3213 1665 3322 1740 πρὸ
3379 1664 3593 1720 πάντων
3644 1669 3756 1719 τῶν

2108 1757 2320 1810 αἶ’ώνων
2378 1755 2436 1810 έκ
2493 1759 2588 1810 τοῦ
2643 1755 2850 1828 Πατρὸς
2905 1753 3246 1828 γεννηθέντα’
3300 1753 3428 1808 Θεὸν
3490 1752 3549 1808 έκ
3599 1759 3754 1823 Θεοῦ,

346 1840 499 1896 facta
544 1849 702 1912 sunt,
736 1861 862 1915 quae
894 1845 952 1898 in
987 1845 1146 1900 caelis
1177 1849 1232 1900 et
1285 1863 1409 1917 quae
1441 1845 1498 1900 in
1538 1851 1714 1917 terra,
1746 1846 1995 1901 visibilia

2123 1851 2224 1921 ρῶς
2276 1845 2334 1900 ἐκ
2381 1846 2579 1922 φωτὸς,
2615 1842 2682 1898 δι’
2731 1845 2792 1898 οὗ
2841 1843 3052 1919 ἐγένετο
3100 1843 3167 1897 τὰ
3215 1841 3408 1911 πάντα,
3441 1844 3510 1898 τά
3549 1864 3611 1918 γε
3642 1845 3754 1917 (43)

2273 1940 2294 1949 -
2405 1935 2417 1949 .
2564 1939 2586 1949 -
2736 1933 2751 1949 ε
2842 1931 2856 1949 ε
2917 1931 2931 1948 ν
2986 1931 2999 1949 ι
3092 1937 3120 1949 ..
3227 1934 3254 1946 -
3383 1931 3397 1949 κ
3442 1932 3455 1949 .
3579 1932 3595 1949 ι
3733 1931 3747 1949 ι

346 1935 402 1985 et
424 1930 871 1997 invisibilia.Qui
899 1934 1155 1989 Verbum
1180 1940 1268 1989 est
1289 1939 1345 1990 et
1366 1935 1674 2006 sapientia,
1710 1935 1808 1991 lux
1839 1952 1993 2006 vera,

347 2025 405 2074 et
436 2020 553 2076 vita
578 2039 590 2088 ;
615 2022 714 2092 qui
736 2023 794 2076 in
821 2022 1156 2078 novissimis
1178 2024 1384 2079 diebus
1411 2028 1646 2096 propter
1667 2041 1770 2079 nos
1821 2024 1992 2079 homo

346 2110 536 2165 factus
566 2114 655 2166 est
683 2136 697 2178 ;
733 2116 1026 2182 natusque
1056 2129 1123 2167 ex
1149 2120 1350 2167 sancta
1379 2112 1634 2183 Virgine,
1656 2113 1991 2182 cruciﬁxus,

348 2203 617 2254 mortuus
672 2204 740 2264 et,
778 2200 1084 2271 sepultus;
1119 2202 1219 2272 qui
1269 2201 1584 2257 resurrexit
1629 2219 1698 2257 ex
1748 2201 1993 2257 mortuis

346 2287 519 2342 tertia
551 2288 663 2354 die,
683 2292 740 2342 et
769 2295 1108 2360 assumptus
1139 2295 1227 2346 est
1255 2291 1311 2345 in
1344 2290 1577 2357 caelum,
1612 2292 1889 2362 sedetque
1920 2291 1990 2347 ad

348 2377 644 2431 dexteram
680 2378 883 2433 Patris.
914 2379 981 2433 Et
1010 2383 1289 2434 venturus
1321 2381 1474 2437 598
1509 2386 1597 2436 est
1627 2379 1684 2435 in
1717 2397 1991 2436 consum-

347 2465 603 2520 matione
637 2465 834 2521 saeculi
873 2467 1140 2537 judicare
1171 2470 1329 2524 vivos
1363 2475 1420 2524 et
1464 2474 1748 2538 mortuos,
1782 2474 1839 2524 et
1865 2470 1992 2524 red—

346 2553 481 2608 dere
513 2553 830 2625 unicuique
861 2558 1186 2612 secundum
1221 2574 1395 2628 opera
1411 2559 1715 2629 sua,cujus
1746 2575 1992 2632 regnum

347 2648 694 2714 perpetuum
751 2649 1046 2715 permanet
1075 2645 1132 2699 in
1160 2645 1390 2702 infinita
1419 2646 1651 2702 saecula.
1689 2647 1808 2703 Erit
1836 2649 1993 2704 enim

349 2731 560 2786 sedens
589 2732 661 2786 ad
694 2733 990 2788 dexteram
1028 2734 1229 2802 Patris,
1268 2752 1380 2790 non
1413 2735 1603 2791 solum
1636 2737 1695 2791 in
1747 2737 1855 2792 hoc
1887 2755 1994 2793 sa:-

348 2819 606 2888 culo,sed
640 2821 816 2876 etiam
848 2822 905 2877 in
939 2823 1155 2878 futuro.
1191 2825 1260 2878 Et
1289 2825 1346 2879 in
1376 2825 1656 2896 Spiritum
1701 2831 1992 2892 sanctum,

347 2908 457 2963 hoc
486 2914 594 2980 est,
631 2911 1013 2978 Paraeletum,
1043 2929 1216 2984 quem
1250 2914 1529 2985 apostolis
1562 2914 1876 2986 pollicitus,
1909 2933 1990 2986 se,

348 3003 479 3068 post
509 3015 822 3055 ascensum
873 3017 1047 3056 suum
1100 3003 1157 3056 in
1204 3002 1398 3067 ccelos,
1433 3005 1774 3074 missurum,
1812 3003 1993 3072 misit,

343 3091 408 3140 ut
440 3087 667 3142 doceret
712 3106 809 3144 eos
857 3093 914 3145 et
961 3096 1297 3162 suggereret
1319 3091 1403 3147 eis
1425 3094 1660 3160 omnia;
1693 3109 1796 3164 per
1819 3109 1994 3164 quem

343 3193 547 3233 omnes
566 3178 796 3246 animm,
830 3197 958 3251 quae
982 3180 1039 3235 in
1065 3197 1198 3237 eum
1222 3182 1446 3239 sincere
1480 3185 1746 3251 credunt,
1780 3184 1994 3240 sancti-

349 3266 620 3321 ficantur.

2104 1934 2156 1990 ἰν
2206 1940 2320 1996 τοῖς
2360 1935 2615 2010 οὐρανοῖς
2663 1933 2752 1987 καὶ
2799 1931 2865 1987 τὰ
2915 1931 3001 1986 ἐπὶ
3053 1937 3152 2001 τῆς
3185 1934 3314 2006 γῆς,
3339 1931 3406 1986 τὰ
3435 1932 3603 2004 ὁρατὰ
3659 1931 3749 1986 καὶ

2102 2024 2167 2078 τὰ
2215 2024 2434 2098 ἀόρατα’
2465 2023 2635 2098 Λόγον
2687 2018 2814 2076 ὄντα
2861 2020 2949 2075 καὶ
3002 2020 3214 2097 σοφίαν,
3247 2019 3334 2074 καὶ
3387 2023 3498 2098 φῶς
3549 2019 3749 2091 ἀληθι-

2105 2113 2215 2181 νὸν,
2256 2114 2346 2167 καὶ
2412 2113 2554 2182 ζωήν
2583 2132 2594 2144 ·
2642 2111 2738 2165 τὸν
2800 2109 2882 2164 ἔπ’
2935 2109 3180 2184 έσχατων
3228 2114 3337 2164 τῶν
3406 2111 3631 2184 ἡμερῶν
3679 2107 3748 2164 δι’

2103 2204 2250 2274 ἡμᾶς
2294 2201 2799 2275 ἐνανθρωπήσανταε
2847 2199 2933 2252 καὶ
2986 2197 3307 2273 γεννηθέντα
3357 2197 3416 2252 έκ
3459 2205 3560 2268 τῆς
3593 2199 3750 2274 ἁγίας

2105 2291 2412 2365 Παρθένου,
2470 2291 2556 2343 καὶ
2640 2288 3035 2363 οταυρωθέντα,
3088 2288 3175 2342 καὶ
3237 2286 3595 2355 ἀποθανόντα,
3647 2288 3739 2342 καὶ

2102 2379 2366 2458 ταφένταο
2409 2380 2495 2432 καὶ
2569 2377 2861 2433 ἀναστάντα
2909 2375 2968 2432 έκ
3023 2380 3227 2452 νεκρῶν
3282 2379 3349 2450 τῇ
3396 2375 3550 2452 τρίτῃ
3601 2377 3744 2448 ἡμέ-

2107 2489 2191 2544 ρᾳ,
2249 2467 2336 2522 καὶ
2415 2466 2789 2543 ἀναληφθέντα
2860 2466 2936 2530 είς
3006 2465 3251 2540 οὐρανὸν,
3303 2465 3396 2520 καὶ
3468 2464 3748 2528 καθεσθέν-

2102 2579 2167 2613 τα
2224 2560 2336 2630 (44)
2395 2555 2448 2611 έν
2503 2553 2645 2628 δεξιᾷ
2697 2559 2794 2610 τοῦ
2852 2553 3105 2631 Πατρός·
3168 2553 3258 2608 καὶ
3312 2552 3607 2629 ἐρχόμενον
3663 2551 3751 2608 ἐπὶ

2106 2643 2383 2716 συντελείᾳ
2437 2649 2534 2700 τοῦ
2591 2642 2786 2706 αίῶνος
2839 2649 3015 2719 κρῖναι
3098 2648 3300 2713 ζῶντας
3357 2644 3444 2697 καὶ
3505 2640 3748 2717 νεκροὺς,

2104 2737 2193 2790 καὶ
2273 2732 2562 2790 ἀποδοῦναι
2644 2733 2853 2806 ἑκάστῳ
2937 2735 3074 2788 κατα
3155 2733 3222 2787 τὰ
3315 2728 3444 2808 ἔργα
3536 2731 3698 2786 αὐτοῦ
3733 2748 3746 2764 ο

2106 2827 2166 2880 οὗ
2219 2827 2253 2893 ἡ
2332 2822 2614 2899 βασιλεία,
2675 2822 3076 2883 ἀκατάπαυστος
3144 2821 3314 2892 οὖσα,
3376 2818 3616 2894 διαμένει
3677 2819 3751 2882 εἷς

2105 2915 2228 2977 τοὺς
2305 2913 2559 2988 ἀπείρους
2654 2913 2896 2975 αἶ’ὧνας·
2958 2911 3103 2968 ἔσται
3196 2912 3298 2987 γὰρ
3391 2911 3750 2984 καθεζόμενος

2107 3003 2156 3060 ἐν
2193 3002 2337 3074 δεξιᾷ
2365 3008 2459 3057 τοῦ
2505 3002 2736 3079 Πατρὸς,
2766 3003 2830 3056 οὑ
2889 3000 3050 3075 μόνον
3100 3001 3152 3055 έν
3204 3005 3283 3072 τῷ
3340 2999 3494 3054 αἰῶνι
3551 2998 3748 3071 τούτῳ,

2108 3093 2252 3149 ἀλλᾶ
2303 3094 2391 3148 καὶ
2453 3091 2504 3147 έν
2558 3097 2638 3164 τῷ
2695 3089 2998 3164 μέλλοντι·
3049 3090 3136 3145 καὶ
3191 3089 3267 3151 εἴς
3322 3091 3384 3144 τὸ
3441 3091 3660 3160 Πνεῦμα
3690 3087 3750 3141 τὸ

2107 3184 2280 3258 ἅγιον,
2338 3181 2582 3236 τουτέστι
2663 3181 2753 3234 τὸν
2835 3178 3190 3256 Παράκλητον
3223 3225 3236 3246 ,
3292 3172 3424 3254 ὅπερ
3505 3177 3750 3252 ἐπαγγει-

2028 3255 2070 3322 C
2110 3255 2343 3346 Αάμενος
2396 3276 2513 3332 τοῖς
2574 3267 2926 3336 ἀποστόλοις,
2987 3270 3122 3341 μετὰ
3188 3268 3287 3336 τήν
3356 3266 3431 3328 είς
3493 3264 3750 3340 οὐρανοὺς

349 3353 511 3407 αὑτοῦ
567 3353 758 3410 ἄνοδον
817 3356 1157 3427 ἀποστεῖλαι,
1202 3358 1406 3433 διδάξαι
1464 3361 1552 3416 καὶ
1615 3361 1922 3435 ὑπομνῆσαι
1983 3360 2176 3424 αὐτοὺς
2225 3360 2417 3430 πάντα,
2477 3359 2722 3433 ἔπεμψε*
2781 3355 2849 3412 δι’
2909 3358 2970 3412 οὗ
3021 3355 3112 3412 καὶ
3173 3357 3480 3432 ἀγιάζονται
3535 3355 3590 3408 αἱ
3643 3358 3752 3408 τῶν

351 3441 659 3516 εἰλικρινῶς
693 3445 766 3508 εἶς
798 3447 957 3502 αὐτὸν
990 3450 1424 3504 πεπιστευκότων
1458 3451 1649 3526 ψυχαί.

417 3553 460 3608 l.
501 3574 521 3601 α
561 3555 667 3611 Eos
699 3573 868 3628 porro
903 3559 998 3628 qui
1033 3559 1477 3628 dicunt,Filium
1510 3578 1578 3616 ex
1611 3578 1727 3616 non
1757 3565 1998 3617 exstan-

348 3642 530 3710 tibus,
566 3650 666 3700 aut
709 3662 777 3701 ex
808 3646 921 3702 alia
951 3649 1307 3717 substantia,
1339 3655 1396 3705 et
1427 3666 1542 3705 non
1574 3667 1640 3705 ex
1673 3656 1787 3706 Deo
1817 3666 1946 3706 esse
1979 3668 1992 3706 :

352 3737 454 3786 aut
477 3738 710 3804 tempus
736 3735 817 3790 vel
847 3737 1126 3792 saeculum
1151 3738 1333 3794 fuisse
1358 3755 1488 3793 cum
1511 3743 1834 3804 exsisteret,
1867 3738 2000 3794 alie-

341 3835 448 3876 nos
479 3839 513 3876 a
541 3838 603 3878 se
635 3825 902 3894 agnoscit
931 3832 1136 3882 sancta
1167 3833 1224 3882 et
1254 3827 1542 3883 catholica
1564 3826 1843 3884 Ecclesia.

415 3910 480 3964 ΙΙ.
517 3931 543 3959 ‹‹
579 3911 794 3968 lterum
823 3929 959 3986 ergo
993 3916 1277 3972 dicimus:
1310 3917 1368 3970 Si
1401 3916 1536 3988 quis
1569 3917 1796 3972 Patrem
1827 3920 1884 3971 at
1904 3916 1997 3972 Fi-

351 3996 497 4053 lium
531 4000 680 4056 duos
710 4002 860 4059 Deos
891 4004 1052 4074 dicit,
1089 4005 1404 4061 anathema
1432 4011 1579 4061 esto.

419 4089 513 4142 IlI.
549 4111 576 4138 ‹‹
611 4090 678 4145 Et
710 4091 758 4145 si
792 4093 945 4162 quis,
980 4110 1113 4148 cum
1165 4094 1320 4150 dicat
1370 4099 1550 4149 Deum
1590 4094 1908 4161 Christum,
1941 4099 2000 4150 et

347 4181 484 4232 ante
537 4179 750 4235 saecula
782 4181 881 4236 Dei
927 4182 1135 4237 Filium
1165 4199 1314 4252 esse,
1346 4185 1618 4239 eumdem
1669 4201 1784 4238 non
1818 4184 1996 4238 conﬁ-

345 4271 538 4322 teatur
558 4268 628 4322 ad
654 4270 1006 4326 creationem
1025 4271 1992 4340 universorumPatriministrasse,

349 4356 662 4412 anathema
693 4364 838 4414 esto.

414 4442 507 4499 IV.
549 4467 570 4494 α
606 4446 664 4499 Si
698 4447 832 4518 quis
887 4448 1212 4521 ingenitum
1258 4450 1448 4522 illum,
1483 4455 1585 4507 aut
1613 4455 1837 4524 partem
1868 4452 1997 4523 ejus

347 4550 416 4589 ex
451 4533 636 4590 Maria
669 4545 869 4592 natum
904 4538 1092 4595 dicere
1125 4541 1296 4609 ausit,
1333 4541 1645 4598 anathema
1673 4545 1816 4597 esto.

421 4713 487 4769 V.
523 4735 551 4763 «
585 4713 645 4770 Si
679 4715 812 4787 quis
843 4718 1168 4774 secundum
1228 4720 1653 4792 praasciontiam
1703 4725 1840 4777 ante
1883 4723 1996 4776 Ma-

350 4945 666 5070 έν
696 4947 878 5022 Κυρίῳ
910 4950 1072 5008 deem
1116 4953 1268 5025 a[md
1318 4952 1558 5027 Niceph.
1610 4957 1770 5010 Socr.
1829 4954 2006 5011 habet

388 5039 413 5070 ν
448 5038 687 5076 Αριστω,

769 5097 824 5148 et
849 5093 1016 5188 ’ῌὶοη
1050 5095 1176 5183 παρ’
1206 5093 1389 5183 αὐτοῖς
1414 5167 1425 5188 ς
1443 5091 2004 5188 ἀδξαστρόφωςᾌουςῠ

356 5162 776 5242 sequebantur,
810 5162 965 5226 τέλος
1002 5162 1212 5242 ’ταῦτ-ης
1262 5174 1362 5234 τῆς
1407 5162 1727 5242 ὁμολογίας,
1763 5187 1796 5225 a
1841 5170 2003 5225 Pari-

353 5232 651 5313 siensibus
701 5237 772 5290 de
823 5255 990 5313 more
1036 5232 1252 5313 addita,
1286 5232 1883 5313 expunxim'us,'quod
1941 5242 2001 5297 in

355 5303 535 5359 nullis
569 5304 837 5377 legantur
867 5310 1188 5367 codicibus.

428 5377 742 5455 (ﬁn-Sexta
773 5381 906 5455 ﬁdei
939 5382 1188 5455 formula
1219 5383 1439 5455 scripta
1482 5401 1633 5455 anno
1685 5386 1808 5440 351.
1843 5415 1907 5426 -—
1935 5389 1997 5440 In

356 5447 494 5529 edit.
532 5449 930 5529 Parisquétépa
958 5454 1054 5523 τῆς
1087 5454 1320 5529 πίστεως
1341 5447 1656 5529 ’ὁ-μολογία,
1692 5473 1816 5527 quas
1839 5473 1998 5529 cum

353 5519 565 5599 desunt
593 5522 651 5577 in
685 5519 1214 5599 edit.Comm.etin
1250 5519 1524 5599 omnibus
1557 5519 1994 5599 manuscriptis,

359 5590 575 5672 omissa
607 5600 765 5672 sunt.
802 5598 930 5653 Haec
960 5598 1106 5672 ﬁdei
1127 5598 1426 5672 confessio,
1462 5606 1650 5672 exstat
1696 5590 1998 5672 apud'So;

364 5667 582 5751 cratem
616 5664 764 5751 libro
797 5685 1016 5751 Ii,_c_ap.
1051 5671 1139 5751 3t),
1169 5671 1322 5751 apud
1362 5664 1752 5751 Nicephorum
1919 5687 1996 5742 IX:

356 5746 483 5804 cap.
521 5735 612 5802 31,
649 5742 706 5792 et
736 5741 891 5810 apud
912 5735 1305 5798 Hilarium'De
1332 5735 1575 5812 synodi},
1610 5741 1719 5799 col.
1767 5741 1924 5797 1174.

2182 3563 2223 3616 I.
2263 3583 2290 3611 «
2329 3556 2462 3620 Τοὺς
2509 3555 2566 3612 δὲ
2614 3555 2870 3632 λέγοντας
2922 3555 2972 3626 ἐξ
3023 3554 3121 3609 οὑκ
3170 3550 3339 3608 ὄντων
3389 3553 3478 3607 τὸν
3540 3551 3687 3619 Υἱὸν,
3715 3551 3748 3620 ἢ

2108 3647 2159 3719 ἐξ
2200 3649 2380 3723 ἑτέρας
2418 3645 2788 3714 ὑποστάσεως,
2823 3643 2912 3698 καὶ
2961 3644 3035 3718 μὴ
3088 3642 3146 3698 lx
3193 3647 3289 3698 τοῦ
3333 3646 3488 3711 Θεοῦ,
3519 3642 3608 3694 καὶ
3667 3641 3749 3694 ὅτι

2106 3739 2172 3806 ἦν
2224 3737 2424 3813 χρόνος
2470 3735 2504 3804 ἢ
2557 3735 2712 3806 αίὼν,
2747 3733 2834 3789 ὅτε
2885 3732 2983 3788 οὐκ
3032 3732 3123 3802 ἦν,
3157 3730 3486 3804 ἀλλοτρίους
3528 3727 3667 3785 οἶδεν
3713 3730 3748 3798 ἡ

2107 3825 2234 3902 ἁγία
2263 3827 2350 3880 καὶ
2386 3826 2498 3898 (45)
2533 3822 2802 3892 καθολικὴ
2837 3820 3154 3890 Ἐκκλησία.

2177 3921 2247 3971 ll.
2279 3938 2306 3967 ιι
2339 3913 2511 3969 Πάλιν
2569 3911 2660 3967 οὖν
2721 3911 2969 3986 ἐροῦμεν
3015 3909 3085 3966 Ei'
3121 3931 3204 3972 τις
3254 3909 3344 3964 τὸν
3396 3909 3606 3984 Πατέρα
3659 3906 3745 3961 καὶ

2104 4006 2196 4059 τὸν
2225 4003 2346 4057 Γίὸν
2380 4000 2474 4056 δύο
2507 4000 2651 4076 λέγει
2683 3998 2870 4068 Θεοὺς,
2905 3998 3145 4071 ἀνάθεμα
3174 3992 3334 4054 ἔστω.

2180 4095 2276 4150 ΙΙΙ.
2313 4118 2339 4145 ‹‹
2375 4091 2473 4146 Καὶ
2504 4089 2558 4146 εἷ’
2578 4112 2684 4159 τις,
2718 4088 2893 4164 λέγων
2923 4088 3052 4144 Θεὸν
3081 4087 3172 4142 τὸν
3201 4087 3428 4164 Χριστὸν
3467 4087 3573 4162 πρὸ
3613 4084 3748 4140 αἰώ-

2106 4204 2208 4237 νων
2394 4181 2516 4235 Υἱὸν
2549 4184 2644 4235 τοῦ
2692 4182 2848 4248 Θεοῦ,
2881 4176 3260 4254 ὑπουργηκότα
3311 4180 3390 4247 τῷ
3445 4175 3617 4250 Πατρὶ
3673 4173 3750 4235 εἷς

2106 4273 2207 4340 τὴν
2261 4275 2369 4326 τῶν
2426 4269 2570 4325 ὅλων
2631 4265 2993 4344 δημιουργίαν
3040 4267 3115 4339 μὴ
3149 4264 3479 4340 ὁμολογοίη,
3515 4263 3752 4336 ἀνάθεμα

2108 4356 2267 4416 ἔστω.

2181 4449 2275 4506 IV.
2316 4471 2343 4504 α
2367 4446 2440 4503 Εἴ
2461 4468 2542 4510 τις
2566 4448 2656 4502 τὸν
2689 4444 2981 4522 ἀγέννητον
3015 4446 3149 4518 (4⁸7).
3180 4444 3215 4512 ἢ
3271 4443 3433 4518 μέρος
3477 4440 3639 4496 αὐτοῦ
3695 4437 3753 4494 ἐκ

2109 4537 2316 4614 Μαρίας
2393 4535 2571 4612 λέγειν
2647 4541 2970 4612 γεγενῆσθαι
3046 4534 3158 4607 (48)
3232 4529 3438 4605 τολμᾷ,
3515 4531 3753 4603 ἀνάθεμα

2028 4630 2074 4696 1)
2106 4622 2264 4684 ἔστω.

2171 4718 2241 4773 ν.
2277 4740 2304 4770 ‹‹
2333 4713 2401 4774 E’L‘
2429 4735 2511 4777 τις
2542 4713 2678 4770 κατὰ
2705 4711 3011 4789 πρόγνωσιν
3035 4711 3142 4787 πρὸ
3189 4707 3400 4785 Μαρίας
3451 4706 3598 4785 λέγει
3655 4709 3748 4763 τὸν

2180 4952 2291 5024 (42)
2321 4955 2478 5007 Socr.
2511 4955 2568 5006 et
2596 4949 2744 5024 Nic._,
2777 4945 2827 5000 ἐν
2862 4945 3136 5024 οὐρανοῖς.

2162 5012 2296 5096 (43)
2326 5028 2391 5076 Τι
2418 5024 2582 5096 deest
2610 5023 2678 5096 in_
2701 5012 2862 5077 Socr.
2893 5012 2950 5075 et
2978 5017 3215 5092 Niceph.
3249 5016 3406 5074 Infra
3435 5012 3525 5070 καὶ
3560 5013 3750 5092 σοφίαν

2112 5093 2285 5150 deest
2303 5097 2456 5166 apud
2487 5093 2897 5166 Nicephorum.

2183 5168 2294 5238 (44)
2325 5160 2480 5222 Socr.
2514 5173 2572 5222 et
2599 5160 2933 5238 Nic_ephor.,
2962 5160 3273 5216 καθίσαντα.

2184 5235 2291 5310 (45)
2326 5244 2389 5292 In
2420 5238 2594 5310 Regio
2622 5235 2711 5290 καί
2742 5235 2923 5310 deest.

2204 5312 2290 5376 46)
2327 5307 2588 5380 Niceph.,
2622 5307 2970 5382 npoatohtov.

2207 5375 2296 5458 lg)
2327 5375 2539 5458 Regius
2565 5386 2621 5436 et
2646 5375 3345 5458 Basil._&yévnrovhminus
3374 5378 3549 5458 recte.

2181 5445 2294 5523 (48)
2324 5445 2593 5508 δὶἇωεε.
2625 5457 2681 5508 et
2711 5452 2849 5508 editi
2878 5445 3354 5523 omnes.Socr._e_t
3381 5445 3645 5523 Niceph.,
3667 5461 3754 5523 γετ

2109 5519 2420 5595 γεννῆσθαι,
2449 5529 2511 5595 et
2543 5525 2624 5579 ita
2655 5524 2962 5595 legendum
2993 5521 3243 5595 videtur.
3278 5519 3660 5595 M_ox_$oc_rat.
3696 5519 3756 5595 et

2108 5585 2478 5669 Nicephnfti
2515 5615 2597 5669 τις
2647 5585 2782 5650 κατὰ
2824 5591 3123 5669 πρόγνωσιν
3172 5589 3261 5644 τὸν
3314 5588 3374 5645 ἐκ
3415 5585 3646 5660 Μαρίας,
3697 5590 3756 5642 et

2107 5666 2189 5723 ita
2219 5665 2364 5740 legit
2391 5665 2666 5724 Hilarius.
