4082 6374
338 487 456 548 737
1793 474 1896 535 DE
1942 474 2306 536 SYNODIS.
3632 477 3750 537 738

340 617 465 671 Υἱὸν
499 615 654 683 εἶναι,
686 610 776 667 καὶ
810 611 885 684 μὴ
914 609 1022 686 πρὸ
1051 607 1266 664 αῗώνων
1301 605 1361 663 lx
1402 611 1499 662 τοῦ
1558 605 1767 682 Πατρὸς
1808 624 1952 681 γεγεν

2136 605 2250 687 iam
2284 605 2493 663 Filium
2527 623 2656 663 esse
2686 606 2848 677 dicit,
2880 609 2936 663 et
2967 625 3082 664 non
3117 612 3250 664 ante
3281 609 3496 665 saecula
3527 627 3594 666 ex
3640 613 3744 666 Pa-

343 706 579 779 νημένον
610 701 747 778 πρὸς
776 701 872 755 τὸν
903 698 1032 755 Θεὸν
1067 698 1220 766 εἶναι,
1249 697 1338 752 καὶ
1372 693 1442 751 δι’
1471 694 1634 750 αὑτοῦ
1679 693 1955 770 γεγενῆσθσ

2137 713 2191 751 re
2221 696 2486 769 genitum
2518 697 2671 770 apud
2705 697 2887 752 Deum
2921 713 3144 765 esse,ac
3175 715 3277 770 per
3307 715 3441 754 eum
3478 716 3590 755 non
3625 716 3749 755 om-

345 796 415 852 τά
438 793 632 862 πάντα,
660 791 901 862 ἀνάθεμα
931 784 1094 845 ἔστω.

2107 785 2202 840 nia
2234 787 2412 842 fuisse
2444 786 2616 857 facta,
2651 787 2962 842 anathema
2995 790 3089 842 sit.

422 889 514 940 VI.
547 905 575 934 ‹‹
610 876 683 937 Ei'
705 900 786 942 τις
817 879 914 946 τὴν
962 875 1143 932 οὐσίαν
1191 878 1286 930 τοῦ
1335 878 1468 930 Θεοῦ
1516 871 1901 936 πλατύνεσθαι.
1958 871 1992 939 ἢ

2175 875 2272 930 Vl.
2301 899 2327 925 ‹‹
2362 875 2421 931 Si
2452 876 2584 948 quis
2615 877 2712 932 Dei
2749 877 3147 932 substantiam
3177 877 3433 950 dilatari,
3467 884 3568 936 aut
3617 897 3753 936 con—

352 969 736 1034 συστέλλεσθαι
767 966 984 1046 φάσκοι,
1019 964 1258 1037 ἀνάθεμα
1287 959 1445 1021 ἔστω.

1386 986 1445 1021 ω.
1974 1001 1984 1012 κ
2107 965 2264 1020 trahi
2292 965 2522 1033 dixerit,
2556 965 2872 1021 anathema
2904 967 2998 1021 sit.

423 1063 568 1119 VIII.
605 1085 625 1110 ε
663 1056 730 1115 Ei‘
756 1078 838 1119 τις
870 1053 1291 1128 πλατυνομένην
1337 1053 1436 1122 τὴν
1491 1049 1672 1106 οὐσίαν
1723 1053 1818 1104 τοῦ
1865 1051 1998 1105 Θεοῦ

2178 1055 2301 1110 VII.
2341 1075 2367 1106 ιι
2397 1055 2453 1109 Si
2485 1055 2615 1126 quis
2647 1054 2947 1110 dilatatam
2984 1055 3081 1110 Dei
3113 1057 3504 1112 substantiam
3548 1057 3757 1113 Filium

350 1153 440 1207 τὸν
473 1150 594 1204 Υἱὸν
648 1145 800 1222 λέγοι
849 1149 1044 1212 ποιεῖν,
1088 1142 1124 1212 ἢ
1175 1143 1266 1197 τὸν
1313 1141 1632 1210 πλατυσμὸν
1682 1142 1779 1208 τῆς
1819 1137 1962 1193 οὐσία

2152 1159 2295 1198 icere
2325 1142 2551 1209 dixerit,
2587 1148 2688 1198 aut
2717 1143 3118 1199 dilatationem
3148 1146 3489 1201 substantia:
3521 1147 3648 1216 ejus
3679 1147 3764 1201 Fi-

352 1241 515 1297 αύτοῦ
547 1237 667 1292 Υἱὸν
702 1235 987 1308 ὀνομάζοι,
1023 1233 1264 1306 ἀνάθεμα
1296 1228 1455 1286 ἔστω.

2111 1231 2260 1288 lium
2292 1232 2572 1299 nominet,
2605 1233 2917 1288 anathema
2948 1237 3093 1288 esto.

429 1331 573 1386 VIII.
607 1328 718 1400 (49)
750 1349 778 1378 ‹‹
811 1320 986 1385 Εἷ’τις
1019 1319 1314 1377 ἐνδιάθετον
1348 1320 1383 1390 ἢ
1434 1317 1773 1397 προφορικὸν
1829 1316 1998 1392 λόγον

2183 1321 2324 1376 VIII.
2365 1341 2391 1372 ε
2421 1321 2480 1377 Si
2513 1321 2647 1392 quis
2695 1321 2992 1377 internum
3042 1327 3144 1378 aut
3199 1323 3581 1395 prolatitium,
3632 1342 3762 1382 esse

353 1418 502 1493 λέγει
533 1415 626 1472 τὸν
657 1415 779 1468 me»
810 1417 907 1467 τοῦ
940 1415 1073 1467 Θεοῦ
1104 1411 1346 1484 ἀνάθεμα
1379 1408 1537 1464 ἔστω.

2116 1410 2214 1466 Dei
2247 1409 2453 1464 Filium
2491 1411 2719 1478 dixerit,
2756 1410 3070 1466 anathema
3099 1411 3195 1467 sit.

426 1507 516 1565 IX.
554 1527 582 1558 «
611 1501 684 1561 Ei’
705 1524 786 1564 τις
819 1500 1102 1578 ἄνθρωπον
1136 1500 1300 1574 μόνον
1350 1498 1493 1576 λέγει
1541 1499 1633 1553 τὸν
1686 1497 1746 1552 ἐκ
1792 1496 2002 1574 Μαρίας

2188 1500 2278 1554 ΙΧ.
2321 1519 2342 1546 ι
2377 1499 2435 1555 Si
2467 1499 2600 1570 quis
2635 1499 2844 1554 Filium
2877 1516 2944 1554 ex
2974 1499 3150 1555 Maria
3192 1505 3416 1568 natum,
3466 1502 3761 1558 hominem

358 1597 504 1668 Υἱὸν,
535 1595 777 1666 ἀνάθεμα
806 1588 966 1647 ἔστω.
1930 1624 1932 1626 τ

1930 1624 1932 1626 τ
2114 1591 2344 1644 tantum
2379 1604 2506 1643 esse
2538 1588 2711 1653 dicat,
2746 1588 3064 1644 anathema
3097 1589 3192 1644 sit.

432 1687 500 1743 Χ.
531 1708 559 1736 ‹‹
585 1680 659 1738 Ei'
705 1703 790 1743 τις
848 1681 976 1735 Θεὸν
1035 1677 1124 1733 καὶ
1183 1679 1468 1749 ἄνθρωπον
1526 1677 1618 1732 τὸν
1681 1675 1740 1731 ἐκ
1800 1674 2006 1750 Μαρίας

2188 1677 2254 1732 Χ.
2292 1699 2319 1727 ‹‹
2351 1676 2408 1732 Si
2440 1677 2573 1748 quis
2621 1677 2804 1732 Deum
2854 1683 2911 1733 et
2957 1678 3256 1735 hominem
3309 1697 3378 1736 ex
3427 1682 3608 1738 Maria
3661 1699 3767 1738 na-

363 1775 567 1849 λέγων,
597 1771 724 1828 Θεὸν
769 1769 860 1825 τὸν
911 1768 1207 1844 ἀγέννητον
1257 1765 1400 1822 οὕτω
1447 1771 1564 1822 νοεῖ
1605 1768 1739 1840 (50),
1771 1765 1975 1835 ἀνάθεμ

2159 1783 2269 1837 um,
2303 1767 2484 1822 Deum
2517 1766 2843 1838 ingenitum
2873 1767 3067 1839 ipsum
3103 1769 3410 1843 intelligat,
3457 1772 3771 1828 anathema

365 1862 524 1920 ἔστω.

2122 1855 2217 1910 sit.

439 1953 535 2008 XI.
584 1974 612 2001 «
661 1947 732 2006 Ei’
769 1968 852 2009 τις
894 1947 979 2015 τὸ,
1034 1970 1061 1997 ‹‹
1115 1945 1256 2020 Ἐγὼ
1298 1945 1426 2008 Θεὸς
1473 1950 1714 2019 πρῶτος,
1770 1943 1856 1999 καὶ
1908 1942 2051 2042 ἐγὼ]

2193 1946 2284 2001 XI.
2320 1968 2347 1995 «
2382 1944 2440 2000 Si
2473 1945 2605 2016 quis
2639 1945 2805 2014 illud,
2841 1969 2868 1995 «
2901 1947 3013 2018 Ego
3062 1951 3214 2003 Deus
3264 1949 3513 2021 primus,
3561 1955 3618 2006 et
3666 1967 3770 2023 ego

369 2043 504 2117 μετά
530 2044 716 2105 ταῦτα,
749 2037 838 2092 καὶ
870 2033 1019 2104 πλὴν
1053 2033 1188 2107 ἐμοῦ
1227 2035 1328 2088 οὐκ
1358 2030 1465 2088 ἔστι
1501 2034 1651 2102 Θεὸς,
1691 2059 1712 2084 ιι
1745 2031 1824 2087 ἐπ’
1871 2033 1981 2087 ἀναι

2165 2039 2327 2090 ostea
2354 2040 2411 2089 et
2441 2038 2644 2105 praeter
2676 2051 2766 2091 me
2790 2053 2904 2090 non
2935 2037 3062 2092 dest
3093 2037 3245 2093 Deus
3273 2039 3531 2110 “,nquod
3556 2041 3628 2095 ad
3655 2041 3776 2094 ido-

366 2130 505 2207 ρέσει
539 2125 782 2183 εἰδώλων
811 2124 903 2180 καὶ
930 2127 1040 2179 τῶν
1071 2124 1148 2196 μὴ
1176 2117 1345 2177 ὅντων
1379 2124 1510 2177 θεῶν
1565 2121 1876 2196 εἰρημένον,
1933 2120 1978 2175 έτ

2160 2141 2337 2190 )rum,
2373 2122 2770 2195 falsorumque
2805 2124 3048 2180 deorum
3081 2127 3516 2183 subversionem
3551 2129 3772 2184 dictum

367 2217 634 2295 ἀναιρέσει
658 2219 754 2272 τοῦ
787 2217 1126 2288 Μονογενοῦς
1156 2212 1263 2286 πρὸ
1294 2211 1507 2266 αἰώνων
1539 2216 1672 2266 Θεοῦ
1701 2209 1979 2268 Ἰουδαϊκῶ

2168 2218 2232 2283 at,
2258 2213 2696 2268 subversionem
2733 2213 3047 2285 Unigeniti,
3081 2221 3215 2271 ante
3247 2219 3459 2273 secula
3506 2219 3628 2284 Dei,
3679 2223 3780 2275 Ju-

369 2301 726 2381 ἒκλαμϐάνοι,
759 2304 997 2376 ἀνάθεμα
1027 2296 1184 2356 ἔστω.

2128 2302 2292 2357 daico
2324 2318 2484 2357 more
2515 2301 2778 2372 accipiat,
2813 2302 3124 2358 anathema
3156 2304 3247 2359 sit.

439 2399 560 2454 XII.
594 2419 623 2448 ‹‹
656 2391 730 2449 Ei’
750 2415 833 2454 τις
860 2393 944 2462 τὸ,
985 2412 1006 2441 α
1037 2397 1096 2448 Ὁ
1127 2391 1302 2465 Λόγος
1342 2389 1468 2465 σὰρξ
1504 2389 1737 2464 ἐγένετο,
1783 2414 1810 2439 »
1862 2389 2020 2444 ἀκού-

2202 2391 2337 2447 ΧΙΙ.
2393 2413 2421 2440 ‹‹
2471 2389 2528 2444 Si
2578 2392 2710 2461 quis
2760 2391 2926 2457 illud,
2977 2417 3003 2442 ‹‹
3056 2394 3307 2449 Verbum
3371 2412 3504 2451 caro
3562 2397 3780 2453 factum

375 2509 471 2554 ων,
502 2485 592 2540 τὸν
624 2484 796 2559 Λόγον
850 2481 928 2543 εἷς
978 2479 1147 2554 σάρκα
1199 2474 1632 2552 μεταϐεϐλῆσθαι
1682 2477 1924 2551 νομίζοι,
1983 2501 1987 2508 ι

2178 2481 2346 2548 est”,
2371 2502 2398 2529 ››
2428 2480 2673 2535 audiens
2693 2482 2951 2536 Verbum
2985 2482 3044 2537 in
3075 2499 3310 2538 carnem
3339 2490 3631 2541 mutatum
3662 2504 3790 2542 esse

378 2575 585 2650 τροπὴν
615 2569 1073 2646 ὑπομεμενηκότα
1101 2568 1446 2645 ἀνειΛηφέναι
1494 2568 1592 2636 τὴν
1653 2569 1822 2644 σάρκα
1871 2567 1990 2641 λέγε

2180 2569 2442 2639 tistirr.et,
2495 2575 2596 2624 aut
2648 2571 3030 2626 mutationem
3096 2575 3439 2643 quamdam,
3503 2576 3562 2630 in
3621 2593 3792 2633 assu-

383 2667 461 2737 (5I
477 2666 514 2737 ),
545 2663 788 2734 ἀνάθεμα
817 2659 976 2716 ἔστω.

2142 2660 2348 2714 mendo
2381 2673 2636 2726 carnem,
2673 2676 2915 2730 passum
2947 2677 3075 2716 esse
3107 2661 3281 2728 dicat,
3316 2664 3629 2720 anathema
3656 2667 3754 2720 sit.

449 2755 594 2809 ΧΠΙ.
629 2775 657 2802 ‹‹
693 2745 890 2821 Εἷίτις,
921 2748 1012 2802 τὸν
1049 2751 1313 2821 μονογενῆ
1348 2745 1471 2800 Υἱὸν
1515 2749 1612 2799 τοῦ
1655 2750 1788 2800 Θεοῦ
1838 2743 2024 2800 ἐσταυ-

2210 2749 2356 2804 XIII.
2393 2748 2677 2818 «Siquis
2726 2750 3094 2821 unigenitum
3149 2750 3358 2806 Filium
3414 2755 3508 2810 Dei
3561 2755 3792 2810 crucifi-

383 2840 638 2915 ρωμένων
669 2836 903 2907 ἀκούων,
938 2837 1034 2905 τὴν
1071 2833 1299 2904 θεότητα
1346 2834 1512 2888 αὐτοῦ
1561 2837 1674 2907 (62)
1718 2834 1943 2912 φθορὰν,
1990 2856 1995 2864 ·

2181 2854 2275 2892 um
2311 2837 2576 2903 audiens,
2610 2837 2975 2893 divinitatem
3007 2841 3134 2910 ejus
3167 2843 3624 2914 corruptionem,
3659 2861 3793 2915 pas—

379 2930 573 2999 πάθος,
605 2926 640 2996 ἢ
670 2926 905 3001 τροπὴν,
937 2923 971 2993 ἢ
1007 2922 1254 2996 μείωσιν,
1307 2922 1342 2990 ἢ
1377 2922 1645 2997 ἀναίρεσιν
1683 2923 1991 2994 ὑπομεμεντ

2185 2927 2393 2994 ionem,
2463 2925 2870 2994 mutationem,
2921 2927 3373 2985 diminutionem
3420 2936 3521 2986 aut
3569 2933 3797 2988 destru-

381 3018 528 3073 κέναι
561 3015 738 3090 λέγοι,
773 3015 1008 3086 ἀνάθεμα
1039 3011 1195 3068 ἔστω.

2145 3016 2398 3072 ctionem
2432 3013 2687 3070 subiisse
2721 3015 2896 3082 dicat,
2931 3017 3247 3073 anathema
3277 3021 3374 3074 sit.

451 3107 591 3164 XIV.
622 3129 650 3156 «
683 3102 862 3165 Εἱ’τις
904 3103 989 3171 τὸ,
1047 3125 1075 3153 ‹‹
1130 3101 1454 3174 Ποιήσωμεν
1507 3098 1817 3175 ἄνθρωπον,
1869 3123 1898 3151 ››
1956 3101 2030 3172 μὴ

2217 3104 2360 3160 XIV.
2393 3127 2421 3153 ‹‹
2452 3105 2506 3158 Si
2541 3104 2674 3175 quis
2705 3104 2872 3176 illud,
2910 3125 2936 3158 ε
2967 3107 3272 3164 Faciamus
3305 3107 3604 3165 hominem
3651 3111 3712 3181 ‘6,-
3772 3132 3799 3161 ››

382 3197 474 3252 τὸν
503 3194 713 3270 Πατέρα
759 3192 894 3268 πρὸς
952 3191 1041 3245 τὸν
1094 3189 1218 3244 Υἱὸν
1270 3187 1469 3264 λέγειν,
1515 3187 1643 3243 ἀλλ’
1691 3188 1850 3244 αὐτὸν
1901 3190 1994 3263 πρε

2188 3212 2260 3250 on
2294 3195 2519 3248 Patrem
2554 3193 2716 3263 Filio,
2751 3187 2851 3249 sed
2886 3195 2995 3250 sibi
3029 3195 3141 3267 ipsi
3171 3196 3353 3252 Deum
3388 3198 3605 3254 dixisse
3636 3200 3797 3254 affir-

384 3285 572 3340 ὶαυτὸν
606 3283 757 3358 λέγοι
787 3282 878 3336 τὸν
914 3281 1042 3336 Θεὸν
1071 3277 1366 3353 εἰρηκέναι,
1389 3278 1629 3352 ἀνάθεμα
1659 3274 1818 3334 ἔστω.

1273 3300 1366 3351 ραι,
1389 3278 1629 3352 ἀνάθεμα
1659 3274 1818 3334 ἔστω.
2071 3335 2109 3358 η
2148 3284 2414 3350 maverit,
2448 3282 2762 3337 anathema
2791 3283 2885 3338 sit.

755 3395 781 3422 η
811 3335 986 3430 Πῖτις
1020 3370 1095 3442 μὴ
1124 3335 1220 3423 ἱτεὸν
1263 3335 1384 3421 Υἳὸν
1439 3335 1590 3443 λέγοι
1649 3368 1742 3422 τὸν
1793 3362 2039 3443 ’Δῦραάμ

2942 3372 3238 3428 Abraham
3285 3391 3400 3430 non
3451 3375 3668 3432 vidisse
3718 3377 3806 3432 Fi-

391 3466 682 3540 έωρᾶσθαι,
719 3458 864 3515 ἀλλὰ
891 3459 984 3512 τὸν
1019 3456 1314 3533 ἀγέννητον
1347 3455 1501 3524 Θεὸν,
1534 3455 1570 3524 ἢ
1632 3456 1796 3532 μέρος
1851 3456 2003 3510 αῦτοί

2199 3477 2321 3528 um,
2373 3460 2473 3514 sed
2523 3459 2849 3530 ingenitum
2883 3460 3068 3517 Deum
3098 3467 3199 3518 aut
3229 3470 3452 3534 partem
3485 3467 3634 3537 ejus,
3668 3483 3808 3521 ana-

393 3553 632 3624 ἀνάθεμα
663 3545 821 3604 ἔστω.

2154 3549 2356 3605 thema
2381 3549 2476 3603 sit.

470 3643 615 3698 XVI.
652 3663 679 3691 «
711 3635 788 3694 Δῖ
809 3658 890 3698 τις
918 3639 997 3708 τῷ
1029 3630 1222 3692 Ἰακὼϐ
1259 3635 1333 3708 μὴ
1365 3634 1459 3689 τὸν
1490 3635 1610 3689 ι’ῖὸν
1659 3634 1732 3696 ὡς
1765 3635 2042 3710 ἄνθρωπον

2227 3637 2369 3692 XVI.
2407 3659 2435 3687 ‹‹
2469 3636 2529 3691 Si
2557 3639 2689 3708 quis
2720 3655 2852 3694 cum
2882 3639 3098 3695 Jacobo
3132 3658 3247 3697 non
3282 3642 3491 3698 Filium
3527 3649 3590 3699 ut
3620 3645 3811 3700 homi-

400 3728 790 3797 πεπαλαικένα,
825 3724 971 3783 ἀλλά
997 3725 1088 3780 τὸν
1124 3724 1410 3799 ἀγέννητον
1445 3723 1597 3791 Θεὸν,
1649 3722 1684 3791 ἢ
1748 3724 1911 3798 μέρος
1959 3724 2012 3778 αὖ

2203 3744 2292 3782 em
2325 3725 2705 3782 colluctatum
2734 3745 2863 3784 esse
2894 3729 3069 3792 dicat,
3104 3731 3203 3786 sed
3237 3732 3563 3803 ingenitum
3610 3739 3810 3801 Deum,

398 3825 494 3876 τοῦ
527 3819 702 3894 λέγοι,
735 3817 978 3889 ἀνάθεμα
999 3810 1155 3870 ἔστω.

2161 3821 2263 3871 aut
2294 3821 2518 3886 partem
2549 3817 2701 3886 ejus,
2734 3818 3047 3873 anathema
3079 3820 3175 3876 sit.

472 3909 639 3966 XVII.
676 3930 702 3957 «
742 3904 810 3962 Ei’
831 3925 913 3966 τις
942 3905 1027 3975 τὸ,
1065 3926 1092 3955 ‹‹
1125 3897 1346 3976 Ἐϐρεξε
1376 3901 1575 3976 Κύριος
1607 3906 1714 3978 πῦρ
1746 3903 1893 3974 παρά
1943 3904 2051 3958 Κυ-

2232 3905 2394 3960 XVII.
2432 3929 2457 3954 ‹‹
2490 3906 2547 3959 Si
2575 3906 2729 3976 quis,
2763 3906 2932 3974 illud,
2967 3931 2993 3957 (ι
3027 3909 3182 3963 Pluit
3210 3909 3494 3966 Dominus
3533 3929 3566 3966 a
3614 3913 3813 3968 Domi-

404 4024 430 4050 «
463 3997 600 4074 ρίου,
639 4020 666 4048 »
702 3996 776 4069 μὴ
813 3993 899 4050 ἐπὶ
925 3998 1022 4048 τοῦ
1057 3993 1262 4068 ΙΙατρὸς
1308 3991 1398 4046 καὶ
1450 3995 1546 4045 τοῦ
1595 3993 1721 4045 Υὶοῦ
1773 3985 2016 4063 ἐκλαμϐά

2207 4011 2238 4049 o
2291 3995 2354 4061 1⁷,
2405 4015 2434 4043 ››
2469 4009 2582 4048 non
2615 3994 2686 4049 de
2716 3995 2884 4050 Patre
2915 4013 2980 4050 ac
3013 3997 3152 4052 Filio
3185 3998 3451 4069 accipiat,
3485 4002 3584 4055 sed
3616 4003 3813 4073 ipsum

399 4108 506 4154 νοι,
541 4085 662 4141 ἀλλ’
711 4083 870 4138 αὐτὸν
919 4086 1048 4158 παρ’
1098 4082 1288 4136 ἑαυτοῦ
1334 4079 1477 4154 λέγει
1530 4076 1880 4155 Βεϐρεχέναι,
1931 4080 2011 4134 ἀνά

2229 4082 2421 4154 seipso
2453 4081 2677 4154 pluisse
2706 4083 2882 4153 dicat,
2915 4086 3228 4141 anathema
3267 4088 3345 4142 sit
3393 4106 3405 4143 :
3460 4087 3612 4160 pluit
3657 4092 3813 4146 enim

405 4189 544 4249 θεμα
593 4171 751 4228 ἔστωο
815 4166 994 4248 ἔϐρεξε
1050 4169 1151 4245 γὰρ
1212 4169 1409 4242 Κύριος
1465 4169 1492 4222 ὁ
1523 4169 1644 4230 Υἱὸς
1677 4169 1822 4241 παρά
1854 4169 2017 4245 Κυρίο

1632 4189 1644 4230 ;
1677 4169 1822 4241 παρά
1854 4169 2055 4245 Κυρίου
2112 4244 2117 4251 Ι
2169 4172 2348 4228 Filius
2379 4173 2680 4242 Dominus,
2714 4190 2747 4227 a
2777 4173 3025 4229 Domino
3061 4179 3244 4231 Patre.

403 4269 499 4320 τοῦ
523 4263 757 4339 Πατρός.

473 4355 672 4411 XVIII.
707 4375 735 4403 «
766 4347 839 4405 Ei’
886 4369 993 4417 τις,
1047 4346 1259 4403 ἀκοόων
1313 4345 1514 4422 Κύριον
1560 4347 1654 4401 τὸν
1686 4349 1919 4422 Πατέρα,
1969 4347 2058 4402 καὶ

2241 4348 2432 4405 XVIII.
2469 4372 2496 4400 ‹‹
2537 4349 2593 4404 Si
2646 4351 2776 4421 quis
2824 4351 3069 4407 audiens
3119 4353 3434 4411 Dominum
3486 4361 3716 4413 Patrem
3771 4364 3826 4413 et

403 4444 494 4498 τὸν
549 4441 672 4496 Υἱὸν
728 4437 969 4514 Κύριον,
1027 4436 1117 4491 καὶ
1172 4435 1366 4512 Κύριον
1413 4436 1506 4490 τὸν
1558 4437 1771 4512 Πατέρα
1819 4436 1910 4491 καὶ
1965 4436 2015 4492 τε

2213 4438 2484 4494 ominum
2520 4438 2869 4504 Filium,aut
2901 4441 3212 4497 Dominum
3247 4443 3476 4501 Patrem
3505 4451 3561 4500 et
3591 4446 3825 4515 Filium,

406 4533 555 4603 Υἱὸν,
588 4528 704 4584 ἐπεὶ
738 4528 934 4604 Κύριος
981 4525 1040 4581 ἐκ
1083 4525 1286 4602 Κυρίου
1337 4527 1473 4599 (54),
1521 4523 1616 4579 δύο
1670 4525 1810 4600 λέγει
1872 4525 2018 4580 Θεοῦ‹

2212 4528 2328 4582 »94
2360 4527 2514 4598 quod
2550 4528 2832 4583 Dominus
2854 4546 2922 4583 ex
2946 4531 3187 4586 Domino
3211 4533 3458 4603 sil,duos
3483 4536 3637 4591 dicat
3654 4537 3824 4605 Deos,

408 4620 647 4693 ἀνάθεμα
672 4615 828 4674 ἔστω.
884 4617 964 4674 Οὐ
997 4615 1100 4690 γὰρ
1133 4614 1497 4687 συντάσσομεν
1549 4615 1670 4668 Υἱὸν
1727 4619 1809 4686 τῷ
1867 4616 2020 4690 ΙΙατρ

2214 4616 2489 4671 nathema
2519 4622 2663 4672 esto.
2699 4617 2823 4672 Non
2856 4618 3010 4677 enim
3047 4620 3262 4675 Filium
3293 4639 3672 4694 equuamus
3719 4630 3826 4679 Pa-

407 4707 535 4764 ἀλλ’
586 4704 1158 4780 ὑποτεταγμένον-τῷ
1212 4702 1401 4777 Πατρί.
1454 4699 1594 4760 Oli-cs
1641 4703 1743 4777 γὰρ
1793 4701 2019 4772 κατῆλθε

2216 4705 2378 4774 ri,sed
2415 4706 2719 4760 subditum
2753 4706 2836 4760 IIII
2871 4724 2998 4763 esse
3030 4709 3642 4785 intelligimus.Neque
3671 4716 3828 4770 enim

409 4797 498 4853 ἐπὶ
528 4793 750 4868 Σόδομα
782 4797 893 4867 (55)
927 4795 1050 4849 ἄνευ
1087 4790 1294 4868 βουλῆς
1325 4796 1425 4846 τοῦ
1446 4791 1676 4867 ΙΙατρὸς,
1713 4788 1835 4846 οὕτε
1859 4787 2021 4866 ἔϐρεξε

2219 4793 2308 4849 ine
2336 4793 2632 4850 voluntate
2665 4795 2851 4850 Patris
2901 4797 3204 4854 descendit
3254 4801 3590 4867 Sodomam,
3644 4819 3831 4874 neque

413 4887 501 4965 ἀφ’
534 4887 748 4953 ἑαυτοῦ,
781 4883 925 4940 ἀλλά
955 4882 1100 4957 παρά
1147 4881 1367 4956 Κυρίου,
1420 4881 1802 4945 αύθεντοῦντος
1851 4878 2025 4952 δηλαδ

2220 4883 2329 4938 luit
2376 4900 2409 4938 a
2438 4885 2774 4956 semetipso,
2810 4888 2910 4940 sed
2943 4903 2976 4941 a
3006 4886 3276 4958 Domino,
3305 4889 3360 4943 id
3393 4895 3481 4944 est
3504 4907 3606 4962 per
3635 4898 3832 4948 aucto-

489 5029 533 5064 “
562 5029 676 5084 Isa.
704 5043 853 5095 xuv,
886 5028 941 5081 6.
1023 5025 1066 5061 “‘
1089 5025 1256 5081 Joan.
1295 5042 1335 5090 ι,
1370 5026 1454 5080 14.
1537 5025 1580 5059 ¹⁶
1609 5023 1751 5080 Gen.
1790 5042 1827 5091 ι,
1854 5025 1942 5079 26.
2027 5026 2069 5061 17

901 5028 941 5081 5.
1023 5025 1066 5061 ¹³
1089 5025 1256 5081 Joan.
1295 5042 1335 5090 ι,
1370 5026 1454 5080 14.
1537 5025 1580 5059 ¹⁶
1609 5023 1751 5080 Gen.
1790 5042 1827 5091 ι,
1854 5025 1942 5079 26.
2027 5026 2069 5061 17
2103 5025 2244 5081 Gen.
2278 5041 2394 5090 χιχ,
2425 5027 2513 5080 24.

633 5173 720 5257 Ita
766 5173 1004 5257 Segius.
1042 5172 1238 5257 ‘Totus
1283 5170 1378 5257 hic
1417 5169 1964 5257 ‘anathematismus
2011 5171 2070 5257 i‘n

1328 5170 1378 5226 ic
1430 5169 1964 5257 anathematismus
2011 5171 2070 5257 i‘n
2183 5169 2374 5257 cephé,
2398 5171 2544 5257 ’κατά
2571 5171 2939 5257 τὴνθεότητα,

418 5241 592 5326 editis
623 5247 806 5326 deest.
847 5241 1077 5326 ‘rorat.
1128 5259 1262 5326 vero
1306 5247 1368 5326 et
1407 5242 1679 5326 Pii-ceth
1741 5241 2076 5326 προφορικὸν
2253 5241 2370 5326 (53)
2398 5245 2578 5298 Totus
2629 5244 2721 5299 hic
2778 5245 3309 5305 anathematismus
3351 5252 3515 5309 deest
3545 5255 3697 5325 apud
3730 5255 3836 5308 Ni-

419 5310 592 5391 Λόγον
629 5317 778 5391 Λέγοι
808 5316 900 5391 τὸν
934 5312 1078 5391 ξ’ἱόν,
1113 5321 1168 5369 et
1200 5314 1447 5391 ila_legit
1468 5310 1746 5391 Hilarius,
1781 5310 1959 5391 quam
1990 5313 2031 5369 Ιε

738 5337 778 5369 οι
808 5316 900 5391 τὸν
934 5312 1078 5391 ξ’ἱόν,
1113 5321 1168 5369 et
1200 5314 1447 5391 ila_legit
1468 5310 1746 5391 Hilarius,
1781 5310 1959 5391 quam
1990 5313 2077 5369 le-
2187 5310 2350 5391 ceph.

419 5385 674 5470 stionem
703 5385 872 5458 sequi
904 5386 1093 5470 visum
1130 5392 1236 5470 est.
1273 5387 1336 5470 In
1367 5387 1542 5470 Regio
1576 5385 1748 5470 adio);
1784 5385 1962 5466 deest.

2256 5385 2370 5470 (54)
2403 5386 2634 5470 δορπείῐῷ
2659 5392 2715 5441 et
2770 5387 3038 5470 Niee_[_ih.,
3089 5391 3178 5470 καὶ
3229 5391 3428 5470 Κύριον
3488 5396 3578 5470 τὸν
3628 5395 3839 5470 Πατέρα

514 5461 605 5530 50)
638 5455 855 5542 Socrat.
890 5464 948 5542 et
977 5459 1243 5542 Nhiceph”
1279 5456 1483 5542 αὐτόν...
1507 5461 1614 5512 Sed
1650 5455 1906 5542 Ililarius
1941 5473 2073 5542 cum

2225 5456 2275 5542 αἱ
2309 5457 2399 5510 τόν
2434 5456 2552 5542 Υξὸν
2582 5455 2746 5524 εἶ’ποι,
2780 5459 2864 5511 καὶ
2904 5455 3098 5532 Κύρίος
3137 5459 3196 5515 ἐκ
3245 5455 3441 5539 Κυρίου
3489 5464 3689 5540 λέγων,
3745 5455 3837 5523 δῦο

418 5523 744 5587 Athanasio
798 5531 958 5602 legit.
1009 5523 1277 5602 Sequens
1327 5529 1862 5584 anathematismus
1921 5545 2030 5599 apn

947 5571 958 5583 .
1009 5523 1277 5602 Sequens
1327 5529 1862 5584 anathematismus
1921 5529 2073 5599 apud
2187 5523 2337 5602 λέγοι
2373 5527 2554 5588 Θεοὺς.

421 5601 1146 5687 Ηίιειςὲυσιθιξῖίιιις.ζ,
1608 5671 1620 5687 .
1807 5671 1872 5687 ..
1952 5673 1962 5687 .

2257 5601 2715 5687 (6§)ASocrat.~et
2744 5601 3050 5687 Nicephor.
3109 5605 3308 5687 minus
3333 5614 3507 5687 recte
3559 5606 3706 5687 οὔτε,
3736 5611 3836 5686 γὰρ

498 5672 800 5759 Laxat-19¢
832 5675 994 5759 deest
1025 5673 1082 5728 in
1113 5673 1396 5729 Socrat.et
1425 5671 1692 5744 Niceph.,
1725 5671 1826 5727 sed
1857 5671 2074 5726 lectum

2228 5669 2451 5759 χτῆλθξν
2487 5670 2560 5732 είς
2589 5669 3114 5759 σῷμαἊῐιρὺὶεϐυω
3147 5677 3288 5749 legit
3328 5681 3624 5739 Hilarius:
3663 5669 3840 5755 Naqu

428 5742 542 5803 fuit
573 5742 645 5803 ab
677 5742 916 5804 Hilario.
1569 5742 1585 5744 “
1681 5742 1686 5743 “
2183 5747 2334 5800 enim
2362 5744 2650 5802 descendit
2679 5742 2737 5800 in
2769 5744 3083 5801 Sodomam.

501 5819 614 5890 (52)
647 5819 869 5876 Socrat.
922 5833 1040 5873 non
1091 5815 1269 5872 habet
1311 5814 1412 5884 τὴν
1465 5812 1694 5883 θεότητα
1740 5811 1925 5870 αὐτοῦ.
1975 5812 2072 5868 Ni-
