4082 6382
300 478 420 539 ’139
851 477 916 536 S.
963 475 1392 537 ATHANASII
1436 476 1610 536 OPP.
1659 474 1862 538 PARS
1905 475 1930 536 Ι

2095 474 2516 537 HISTORICA
2560 475 2664 538 ET
2705 474 3184 539 DOGMATICA.
3602 478 3724 540 ’140

303 609 534 664 ritatem
565 608 784 676 Patris;
819 624 1006 679 neque
1037 608 1202 663 sedet
1231 607 1302 664 ad
1348 607 1643 664 dexteram
1685 607 1876 664 Patris
1921 624 1930 663 ι

2068 603 2164 661 τοῦ
2191 600 2425 682 Πατρός·
2459 602 2584 661 οὔτε
2611 606 2839 678 κάθηται
2870 605 2930 662 έκ
2957 605 3145 679 δεξιῶν
3180 606 3274 686 ἀφ’
3325 606 3539 681 ἑαυτοῦ,
3591 607 3724 667 ἀλλ’

303 697 638 769 semetipso,
694 697 793 752 sed
844 696 1009 752 audit
1055 697 1284 752 Patrem
1315 696 1606 752 dicentem
1640 715 1654 752 :
1689 719 1717 748 «
1749 698 1893 754 Sede
1925 716 1930 751 ε

2068 693 2251 750 ἀκούει
2312 693 2565 772 λέγοντος
2623 699 2719 750 τοῦ
2776 695 3006 771 Πατρός⁸
3060 720 3089 747 ‹‹
3139 694 3320 760 Κάθου
3367 696 3428 752 ἑκ
3463 721 3492 750 ‹‹
3527 695 3716 770 δεξιῶν

305 809 334 836 ‹‹
366 787 586 842 dextris
620 785 768 842 meis
797 787 860 840 η.
901 809 922 835 n
1677 834 1682 838 .

373 875 512 930 XIX.
547 898 574 924 «
620 875 678 929 Si
727 874 862 946 quis
915 873 1145 952 lfatrem
1191 878 1249 930 et
1296 873 1509 929 Filium
1561 878 1621 930 et
1668 874 1954 946 Spiritum

302 967 598 1031 sanctum,
631 979 806 1018 unam
839 978 1153 1034 personam
1185 963 1362 1032 dicat,
1395 963 1709 1020 anathema
1735 964 1828 1020 sit.

371 1141 486 1197 XX.
521 1163 548 1190 «
578 1140 636 1196 Si
667 1141 801 1213 quis
829 1140 1110 1213 Spiritum
1142 1145 1415 1198 sanctum
1450 1141 1814 1198 Paraclstum
1867 1141 1952 1196 di-

299 1247 459 1296 cens,
484 1229 811 1302 ingenitum
840 1231 1023 1286 Deum
1053 1230 1283 1301 dixerit,
1317 1231 1634 1286 anathema
1659 1230 1754 1287 sit.

370 1319 508 1376 XXI.
565 1345 584 1369 ι
639 1321 694 1373 Si
749 1319 904 1392 quis,
955 1325 1020 1375 ut
1073 1336 1181 1375 nos
1227 1319 1428 1376 docuit
1474 1319 1778 1390 Dominus,
1833 1337 1946 1375 non

298 1408 478 1464 alium
513 1407 874 1464 Paracletum
907 1409 1063 1464 dicat
1091 1415 1298 1481 praeter
1328 1408 1561 1474 Filium,
1594 1409 1741 1463 dixit
1765 1408 1945 1465 enim:

295 1521 324 1547 «
359 1499 426 1553 Et
452 1497 633 1554 alium
669 1496 1032 1554 Paracletum
1080 1497 1270 1554 mittet
1320 1497 1483 1553 vobis
1533 1497 1721 1565 Pater,
1772 1514 1945 1570 quem

297 1609 326 1637 «
359 1602 464 1659 ego
496 1587 710 1659 rogabo
741 1587 803 1657 ‘9,
842 1608 868 1636 υ
900 1585 1212 1642 anathema
1242 1587 1338 1642 sit.

362 1675 530 1732 XXII.
568 1697 595 1726 ι(
625 1675 683 1730 Si
715 1675 848 1748 quis
873 1675 1154 1746 Spiritum
1187 1679 1454 1732 sanctum
1487 1679 1709 1748 partem
1761 1676 1944 1732 Patris

295 1770 396 1820 aut
425 1763 552 1820 Filii
582 1765 814 1836 dixerit,
849 1764 1164 1821 anathema
1196 1765 1290 1820 sit.

363 1853 556 1910 XXIII.
593 1877 621 1904 ‹‹
650 1854 709 1910 Si
741 1855 871 1924 quis
913 1858 1143 1910 Patrem
1191 1859 1248 1910 et
1296 1854 1508 1909 Filium
1558 1858 1616 1910 et
1657 1854 1940 1928 Spiritum

292 1949 562 1998 sanctum
594 1948 712 2000 tres
744 1943 893 2000 Deos
924 1943 1154 2013 dixerit,
1186 1942 1500 2000 anathema
1530 1941 1627 1999 sit.

360 2121 555 2177 XXIV.
590 2145 618 2171 «
653 2120 712 2177 Si
749 2121 884 2193 quis
914 2120 1207 2177 voluntate
1241 2119 1358 2187 Dei,
1394 2125 1458 2176 ut
1493 2137 1674 2176 unam
1731 2137 1800 2176 ex
1856 2137 1941 2178 re-

285 2209 397 2266 bus
428 2211 596 2266 fectis
624 2209 836 2265 Filium
868 2210 964 2266 Dei
993 2211 1208 2266 factum
1241 2226 1368 2265 esse
1411 2208 1644 2276 dixerit,
1693 2210 1935 2266 anathe-

289 2315 385 2354 ma
417 2298 514 2353 sit.

355 2385 517 2443 XXV.
556 2406 578 2435 α
610 2387 668 2442 Si
698 2388 831 2458 quis
860 2382 1224 2442 Filium'non
1273 2386 1500 2443 volente
1548 2391 1718 2443 Patre
1766 2387 1934 2459 geni-

281 2483 411 2532 tum
459 2491 588 2532 esse
638 2475 814 2545 dicat,
866 2475 1178 2531 anathema
1223 2475 1321 2530 sit.
1353 2480 1479 2530 Non
1509 2476 1666 2531 enim
1697 2482 1935 2533 coactus

285 2566 471 2633 Pater,
505 2563 594 2620 vel
624 2564 876 2620 naturali
910 2563 1256 2620 necessitate
1285 2565 1519 2635 ductus,
1569 2581 1702 2620 cum
1753 2564 1936 2621 nollet

283 2653 486 2726 genuit
517 2653 727 2710 Filium
762 2670 774 2708 :
812 2655 914 2708 sed
946 2652 1124 2709 simul
1155 2669 1221 2708 ac
1254 2652 1455 2721 voluit,
1491 2653 1617 2710 sine
1647 2659 1930 2727 tempore,

283 2749 339 2800 et
367 2743 495 2799 sine
527 2741 798 2816 passione
829 2759 899 2798 ex
929 2759 992 2799 se
1021 2741 1283 2815 genitum
1315 2741 1482 2797 illum
1515 2741 1714 2798 edidit.

351 2923 564 2980 XXVI.
610 2923 667 2978 Si
717 2923 848 2992 quis
897 2921 1227 2994 ingenitum
1278 2927 1336 2978 et
1385 2921 1674 2995 principio
1725 2939 1928 2980 caren-

279 3021 400 3069 tem
447 3012 656 3069 dixerit
703 3013 937 3080 Filium,
979 3012 1060 3067 ita
1091 3016 1154 3068 ut
1185 3011 1300 3067 duo
1332 3011 1618 3084 principio
1648 3014 1928 3083 carentia,

281 3108 337 3160 et
362 3102 477 3159 duo
509 3102 772 3175 ingenita
812 3103 990 3169 dicat,
1039 3101 1304 3173 duosque
1353 3101 1500 3158 Deos
1549 3102 1743 3172 faciat,
1789 3120 1928 3160 ana-

284 3192 478 3248 thema
520 3192 617 3246 sit.
669 3194 855 3262 Caput
896 3189 1052 3246 enim
1102 3190 1258 3262 quod
1301 3193 1390 3244 est
1420 3190 1775 3263 principium
1808 3208 1929 3247 om-

2071 803 2178 856 μου
2207 786 2344 858 (se).
2382 808 2402 835 .

2136 866 2278 930 XIX.
2317 897 2338 924 σι
2375 870 2447 930 Εἴ
2484 895 2567 936 τις
2620 875 2714 929 τὸν
2763 875 2994 948 Πατέρα,
3043 873 3132 929 καὶ
3179 875 3272 930 τὸν
3317 875 3463 945 Υἱὸν,
3512 876 3604 932 καὶ
3650 879 3714 934 τὸ

2064 962 2217 1036 ἅγιον
2277 966 2497 1036 Πνεῦμα
2549 959 2603 1018 ἓν
2660 960 2955 1038 πρόσωπον
3036 962 3180 1039 λέγει
3258 966 3397 1037 (57),
3471 964 3713 1040 άνάθεμα

2063 1045 2200 1106 ἔστω
2213 1094 2224 1106 .

2132 1141 2245 1196 XX.
2281 1164 2302 1192 ι
2338 1136 2412 1195 Ei’
2434 1161 2540 1211 τις,
2565 1141 2629 1196 τὸ
2667 1143 2892 1215 Πνεῦμα
2947 1141 3010 1196 τὸ
3043 1142 3192 1216 ἇίγιον
3219 1139 3580 1217 Παράκλητον
3613 1142 3713 1200 λέ-

2057 1250 2189 1304 γων,
2219 1230 2310 1284 τὸν
2342 1228 2632 1304 ἀγέννητον
2667 1229 2816 1304 λέγοι
2847 1230 2975 1286 Θεὸν
3171 1230 3410 1306 ἀνάθεμα
3441 1225 3601 1289 ἔστω.

2129 1322 2269 1373 XXI.
2305 1341 2333 1368 «
2369 1317 2438 1375 Εἴ
2464 1339 2569 1385 τις,
2603 1319 2678 1380 ὡς
2707 1314 2942 1392 ἐδίδαξεν
2975 1321 3127 1392 ἡμᾶς
3156 1320 3184 1374 ὁ
3217 1319 3437 1398 Κύριος,
3479 1323 3557 1395 μὴ
3609 1322 3710 1379 ἄλο

2057 1402 2154 1460 λον
2190 1403 2344 1481 λέγοι
2372 1406 2465 1460 τὸν
2499 1405 2858 1481 Παράκλητον
2889 1407 3035 1475 παρὰ
3059 1407 3152 1463 τὸν
3184 1408 3332 1463 Υἱόν·
3368 1406 3556 1485 εἴρηκε
3575 1413 3705 1489 γάρ·

2059 1516 2088 1546 «
2119 1493 2216 1548 Καὶ
2243 1491 2414 1550 ἄλλον
2465 1493 2824 1572 Παράκλητον
2872 1493 3074 1571 πέμψει
3127 1496 3255 1570 ὑμῖν
3306 1497 3335 1552 ὁ
3383 1499 3596 1576 Πατὴρ,
3645 1499 3703 1556 ὃν

2057 1607 2083 1634 ‹‹
2116 1580 2376 1659 ἐρωτήσω
2409 1582 2536 1660 ἐγὼ,
2571 1608 2600 1636 ››
2635 1584 2878 1659 ἀνάθεμα
2906 1583 3065 1641 ἔστω.

2107 1671 2292 1728 ’ΧΧΙΙ.
2327 1695 2355 1720 η
2387 1671 2452 1728 Εἴ
2485 1694 2570 1736 τις
2601 1673 2664 1729 τὸ
2696 1678 2916 1747 Πνεῦμα
2945 1675 3008 1729 τὸ
3040 1674 3190 1752 ἅγιον
3225 1675 3390 1750 μέρος
3423 1674 3577 1754 λέγοι
3604 1682 3702 1734 τοῦ

2055 1760 2286 1836 Πατρὸς,
2318 1761 2353 1830 ἢ
2384 1765 2482 1817 τοῦ
2513 1763 2667 1832 Υἱοῦ,
2697 1763 2939 1836 ἀνάθεμα
2969 1761 3126 1818 ἔστω.

2123 1851 2312 1906 XXIII.
2343 1875 2370 1901 «
2402 1847 2477 1907 Ei’
2493 1872 2576 1913 τις
2607 1853 2699 1906 τὸν
2751 1852 2982 1926 Πατέρα,
3029 1853 3121 1908 καὶ
3168 1853 3261 1908 τὸν
3293 1853 3442 1926 Υἱὸν,
3499 1855 3589 1910 καὶ
3638 1857 3702 1912 τὸ

1972 1979 2020 2045 Β
2052 1937 2202 2044 Ξίγιον
2273 1943 2490 2014 Πνεῦμα
2555 1945 2702 2016 τρεῖς
2780 1939 2934 2016 λέγοι
3006 1943 3122 2016 (59)
3198 1941 3386 2040 Θεοὺς,
3460 1943 3703 2018 ἀνάθεμα

2051 2047 2208 2082 εστω.

2117 2117 2304 2174 XXIV.
2339 2141 2365 2168 ‹‹
2402 2113 2474 2172 Εἴ
2493 2139 2578 2181 τις
2615 2116 2877 2193 βυυλήσει
2906 2123 3004 2174 τοῦ
3035 2123 3170 2175 Θεοῦ
3200 2119 3276 2182 ὡς
3304 2117 3360 2175 ὃ
3391 2125 3499 2176 τῶν
3531 2142 3696 2193 ποιηο

2049 2203 2230 2277 μάτων
2281 2207 2554 2282 γεγονέναι
2605 2206 2754 2284 λέγοι
2796 2207 2889 2263 τὸν
2937 2209 3058 2263 Υἱὸν
3109 2213 3206 2264 τοῦ
3253 2213 3409 2282 Θεοῦ,
3459 2210 3700 2285 ἀνάθεμα

2046 2313 2202 2348 εστω.

2113 2385 2277 2441 XXV.
2311 2409 2340 2437 ‹‹
2373 2381 2447 2440 Εἷ¹
2487 2406 2570 2448 τις
2625 2386 2702 2458 μή
2752 2383 3081 2458 θελήσαντος
3124 2391 3222 2443 τοῦ
3270 2389 3479 2464 Πατρὸς
3512 2409 3696 2464 γεγεν-

2041 2478 2236 2542 νῆσθαι
2433 2471 2587 2548 λέγοι
2635 2474 2727 2528 τὸν
2779 2475 2924 2549 Υἳὸν,
2977 2476 3214 2550 ἀνάθεμα
3261 2473 3416 2532 ἔστω.
3469 2475 3546 2536 Οὔ
3585 2479 3692 2554 γὰρ

2046 2560 2286 2636 βιασθεὶς
2331 2563 2360 2616 ὁ
2403 2563 2588 2638 Πατὴρ
2647 2562 2751 2618 ὑπὸ
2809 2563 3050 2640 ἀνάγκης
3093 2572 3324 2644 φυσικῆς
3373 2565 3583 2643 ἀχθεὶς,
3618 2567 3693 2630 ὡς

2042 2649 2142 2705 οὐκ
2190 2647 2384 2720 ἤθελεν
2444 2653 2582 2726 (61),
2640 2650 2891 2728 ἐγέννησε
2943 2653 3039 2708 τὸν
3098 2655 3246 2725 Υἱὸν,
3297 2652 3422 2710 ἀλλ’
3472 2657 3585 2729 ἅμα
3634 2677 3695 2712 τε

2040 2733 2355 2812 ἠϐουλήθη,
2387 2741 2479 2796 καὶ
2508 2741 2758 2818 ἀχρόνως
2788 2741 2878 2797 καὶ
2911 2742 3136 2809 ἀπαθῶς
3175 2742 3228 2814 ἐξ
3278 2743 3473 2799 ἑαυτοῦ
3529 2743 3688 2800 αὐτὸν

2038 2831 2298 2904 γεννήσας
2351 2827 2614 2902 ἐπέδειξεν
2638 2833 2770 2904 (62).

2110 2919 2298 2976 XXVI.
2337 2941 2363 2973 ε
2409 2917 2482 2974 E’c'
2519 2940 2603 2982 τις
2653 2919 2940 2996 ἀγέννητον
2994 2921 3084 2976 καὶ
3145 2918 3378 2998 ἄναρχον
3414 2921 3564 2999 λέγοι
3593 2923 3688 2978 τὸν

2038 3007 2180 3077 Υἲὸν,
2231 3007 2305 3070 ὡς
2355 3005 2451 3064 δύο
2501 3005 2711 3086 ἅναρχα
2759 3009 2847 3065 καὶ
2909 3006 3004 3065 δύο
3054 3010 3321 3086 ἀγέννητα
3367 3008 3570 3088 λέγων,
3597 3013 3688 3067 καὶ

2040 3092 2136 3151 δύο
2194 3101 2367 3152 ποιῶν
2429 3099 2618 3167 Θεοὺς,
2675 3097 2914 3169 ἀνάθεμα
2969 3091 3128 3157 ἔστω.
3198 3099 3418 3178 Κεφαλή
3474 3102 3600 3176 γὰρ,
3658 3100 3689 3156 ὅ

2036 3184 2176 3240 ἆστιν
2228 3184 2375 3262 άρχή
2410 3185 2648 3260 πάντων,
2681 3187 2710 3242 ὁ
2743 3184 3123 3266 Υἱόςοκεφαλὴ
3158 3183 3237 3261 δὲ,
3267 3188 3298 3244 ὃ
3343 3187 3484 3245 ἔστιν
3537 3189 3684 3265 ἀρχὴ

280 3281 445 3336 nium
477 3278 663 3335 Filius
692 3283 812 3346 est;
845 3283 1023 3350 caput
1052 3294 1184 3334 vero
1225 3279 1380 3350 quod
1430 3282 1520 3333 est
1567 3279 1923 3353 principium

2071 3273 2137 3328 οῦ
2167 3276 2462 3350 Χριστοῦὸ
2513 3275 2644 3338 Θεός
2703 3277 2837 3351 (63)·
2899 3275 3042 3332 οὕτω
3087 3277 3191 3353 γὰρ
3225 3275 3301 3340 εἷς
3356 3277 3481 3351 μίαν
3535 3278 3689 3354 ἄναρ-

275 3368 511 3436 Christi,
565 3370 714 3425 Deus
743 3373 867 3434 est;
899 3346 981 3422 ita
1011 3367 1167 3422 enim
1200 3346 1270 3422 ad
1305 3384 1511 3438 unum,
1544 3346 1640 3441 qui
1674 3346 1778 3425 est-
1796 3370 1924 3426 sine

2068 3383 2144 3439 [ον
2174 3346 2281 3419 των
2310 3363 2456 3420 ὅλων
2487 3365 2666 3442 ἀρχὴν
2695 3346 2765 3420 δι’
2793 3346 2922 3421 Ῠὶοῦ
2968 3346 3201 3429 εὖσεθιῖίς
3247 3365 3315 3421 τὰ
3357 3346 3540 3422 ’πάντα
3595 3346 3688 3422 ἂν·

277 3458 565 3530 principio
594 3456 859 3512 omnium
894 3455 1273 3529 principium,
1323 3457 1522 3514 omnia
1565 3474 1668 3530 per
1714 3458 1926 3516 Filium

275 3547 369 3618 pie
402 3547 729 3601 referimus.

343 3635 558 3692 XXVII.
589 3657 609 3683 ι
645 3635 712 3690 Et
740 3633 955 3690 iterum
987 3633 1418 3690 Christianismi
1451 3635 1802 3692 sententiam
1836 3654 1926 3692 ac-

273 3730 474 3781 curate
503 3733 859 3796 exponentes
887 3722 1243 3778 dicimus:Si
1274 3724 1410 3795 quis
1443 3726 1737 3798 negaverit
1766 3725 1924 3782 Chri-

273 3820 429 3869 stum
465 3819 666 3881 Deum,
702 3813 909 3868 Filium
947 3812 1040 3868 Dei
1073 3828 1202 3868 esse
1233 3818 1368 3868 ante
1399 3813 1632 3881 saecula,
1664 3821 1720 3870 et
1767 3816 1924 3872 Patri

273 3904 344 3959 ad
391 3905 799 3960 universorum
855 3903 1204 3960 creationem
1261 3903 1668 3974 ministrasse;
1718 3907 1820 3962 sed
1854 3923 1924 3963 ex

272 4009 386 4062 quo
429 4001 686 4065 tempore
729 4009 799 4048 ex
844 3992 1024 4047 Maria
1072 3991 1306 4063 genitus
1354 3997 1463 4059 est,
1514 3993 1812 4050 Christum
1855 4011 1922 4051 ac

272 4082 482 4138 Filium
515 4081 876 4154 appellatum
910 4081 1117 4148 fuisse,
1149 4086 1207 4136 et
1235 4086 1374 4137 tunc
1405 4081 1696 4154 incepisse
1742 4088 1920 4141 Deum

269 4187 419 4239 esse,
451 4172 766 4228 anathema
800 4170 895 4227 sit.
932 4192 960 4220 »

336 4261 445 4316 28.
495 4261 598 4316 His
647 4261 924 4316 omnibus
973 4259 1240 4331 rejectis,
1291 4259 1460 4331 quasi
1517 4261 1923 4332 praestantiora

267 4349 718 4420 excogitassent,
767 4349 900 4405 fidei
949 4349 1276 4404 doctrinam
1326 4348 1758 4421 formulamque
1806 4357 1922 4406 sta-

267 4443 464 4508 tuunt,
515 4446 573 4494 et
615 4437 734 4493 haec
777 4437 974 4494 Sirmii
1021 4437 1225 4493 Latine
1255 4437 1540 4508 scribunt,
1574 4455 1698 4509 quae
1728 4443 1921 4496 Graece

268 4525 556 4584 translata
588 4531 728 4582 sunt
761 4543 774 4581 ε

337 4639 365 4668 ιι
398 4619 542 4672 Cum
571 4614 856 4672 nonnulla
884 4619 1190 4688 putaretur
1217 4632 1347 4673 esse
1377 4617 1448 4672 de
1479 4617 1593 4673 ﬂde
1623 4617 1916 4691 discepta-

339 4751 382 4787 1⁸
411 4748 566 4807 Psal.
599 4767 710 4818 cxx,
745 4752 796 4806 1.
877 4750 923 4787 ¹⁹
949 4750 1120 4806 Joan.
1151 4767 1270 4822 xiv,
1301 4751 1391 4807 16.

339 4882 450 4954 (56)
478 4885 558 4958 _In_
575 4883 759 4958 editis.
783 4882 1086 4958 Athanasii
1120 4887 1173 4938 et
1205 4882 1263 4938 in
1288 4898 1438 4958 _ms_s.
1468 4883 1743 4958 male__hic
1765 4883 1914 4958 lege-
1943 4893 1990 4958 1)

2037 3449 2134 3528 άγο
2141 3473 2237 3526 μεν
2247 3499 2260 3511 .

2105 3633 2324 3690 XXVII.
2381 3659 2401 3686 ιι
2455 3632 2558 3690 Καὶ
2607 3632 2770 3690 πάλιν
2842 3629 3346 3711 συνδιακριϐοῦντες
3405 3636 3519 3710 (63)
3577 3640 3677 3692 τοῦ

2031 3729 2457 3800 Χριστιανισμοῦ
2485 3727 2583 3794 τήν
2616 3720 2819 3780 ἔννοιαν
2849 3721 3104 3800 λέγομεν,
3155 3723 3263 3795 ὅτι,
3305 3722 3378 3780 Εἴ
3416 3746 3500 3788 τις
3553 3727 3682 3802 Χριο

2029 3813 2122 3868 τὸν
2154 3813 2282 3869 Θεὸν
2314 3814 2436 3869 Ϊὶὸν
2467 3818 2564 3869 τοῦ
2595 3817 2728 3870 Θεοῦ
2759 3815 3092 3890 προαιώνιον
3139 3809 3288 3882 ὄντα,
3337 3813 3426 3870 καὶ
3478 3815 3680 3890 ὑπουρ-

2029 3901 2238 3977 γηκότα
2263 3907 2343 3973 τῷ
2397 3903 2564 3980 Πατρί
2613 3900 2690 3965 εἵς
2740 3905 2840 3973 τήν
2865 3907 2974 3958 τῶν
3008 3901 3153 3959 ὅλων
3187 3899 3550 3978 δημιουργίαν
3598 3905 3674 3976 μὴ

2033 3991 2208 4066 λέγοι·
2243 3990 2370 4048 ἀλλ’
2400 3991 2451 4062 ἐξ
2492 3989 2554 4046 οὗ
2585 3991 2644 4047 ἐκ
2701 3986 2909 4066 Μαρίας
2966 3990 3252 4067 ἐγεννήθη,
3303 3990 3364 4048 έκ
3410 3990 3534 4048 τότε
3588 3993 3678 4047 καὶ

2029 4081 2260 4155 Χριστὸν
2288 4081 2378 4136 καὶ
2407 4081 2532 4135 Υἱον
2565 4079 2884 4150 κεκλῆσθαι,
2915 4081 3005 4135 καὶ
3037 4080 3216 4158 ἀρχὴν
3251 4079 3534 4160 εἰληφέναι
3576 4086 3676 4138 τοῦ

2029 4171 2158 4226 Θεὸν
2192 4170 2346 4238 εἴιαι,
2380 4170 2620 4243 ἀνάθεμα
2648 4163 2786 4224 ἔστω
2818 4170 2952 4243 (65).
2988 4193 3017 4220 ››

2099 4261 2188 4314 28.
2239 4260 2422 4314 Ταῦτα
2466 4258 2636 4312 πάντα
2685 4256 3099 4332 παρωσάμενοι·
3156 4257 3247 4314 καὶ
3317 4258 3500 4334 ὥσπερ
3555 4257 3678 4335 βελο

2026 4345 2174 4400 τίονα
2204 4345 2604 4416 ἐπινοήσαντες,
2657 4342 3077 4421 δογματίζουσιν
3121 4343 3300 4418 ἄλλην
3344 4347 3548 4416 πίστιν,
3581 4349 3670 4402 καὶ

2027 4434 2292 4514 γράφουσι
2319 4439 2486 4490 ταῦτα
2515 4435 2567 4488 ἓν
2621 4434 2837 4509 Σιρμίῳ
2885 4435 3185 4509 Ῥωμαῖστὶ
3245 4435 3360 4508 μὶν,
3413 4435 3677 4512 έρμηνευ-
3721 4478 3748 4500 ,

2031 4526 2186 4589 θέντα
2218 4522 2275 4580 δὲ
2305 4523 2642 4594 Ἑλληνιστί.

2099 4615 2211 4689 (66)
2243 4638 2271 4666 ‹‹
2307 4609 2530 4683 Ἐπειδὴ
2570 4613 2696 4691 περὶ
2746 4613 2979 4676 πίστεως
3023 4611 3181 4686 ἓδοξέ
3227 4635 3346 4670 τινα
3397 4611 3676 4689 διάσκεψιν

2094 4884 2204 4957 (62)
2237 4885 2482 4957 Socrat.,
2515 4877 2810 4957 ἀπέδειξεν.
2843 4886 2976 4940 Post
3001 4883 3153 4957 hanc
3198 4899 3396 4957 vocem
3444 4882 3584 4957 editi
3618 4887 3678 4957 et

266 4949 444 5028 tiatur:
466 4955 704 5026 ἀνάθεμα
733 4949 891 5025 ἔστω,
920 4956 1073 5028 quod
1104 4971 1238 5012 cum
1270 4955 1426 5012 desit
1475 4955 1534 5010 in
1584 4949 1915 5028 Nicephiet
1944 4949 1984 4958 ”
2027 4949 2257 5028 codices
2289 4953 2613 5028 Athanasii,
2644 4949 2902 5026 itemque
2927 4955 3068 5028 editi
3099 4956 3256 5028 Sper.
3290 4953 3672 5028 addunt,dvo'z-

267 5023 486 5100 Hilario
518 5023 884 5100 exp—unctum
911 5023 1020 5083 est.

338 5095 450 5172 (ῦῖ)
483 5094 700 5172 Socrat.
735 5105 790 5172 et
821 5099 1087 5172 Niceph”
1120 5094 1291 5172 λέγοι.

367 5165 710 5244 58ARegius
768 5167 913 5244 λέγει
965 5165 1150 5244 solus.
1196 5165 1365 5244 Infra
1510 5165 1920 5244 K‘dptoc‘deest

267 5239 777 5367 :pudIISocratem,
813 5239 984 5314 cujus
1017 5243 1140 5298 loco
1182 5241 1336 5314 apud
1363 5239 1603 5312 Niceph.
1636 5239 1851 5312 legitur
1878 5243 1914 5312 ἡ

310 5332 415 5367 Οαφ
445 5355 480 5367 ι.

265 5322 480 5370 Γραφή.

309 5332 691 5460 ρέξῖᾖθεῑυε
718 5383 880 5460 solus
933 5381 1098 5458 λέγει.
1146 5383 1278 5440 Mox
1305 5387 1527 5439 Socrat.
1561 5388 1620 5440 et
1648 5383 1914 5457 Nicephu

265 5455 931 5530 ωςὲντῶνῖιτισμάτων.
1012 5455 1020 5458 ⁷
1297 5476 1344 5530 _'

337 5533 446 5618 (S0)
483 5531 570 5618 Ita
601 5525 740 5618 Reg.
764 5528 996 5618 So‘crat.
1029 5531 1087 5582 et
1115 5525 1354 5618 ljicepln.
1389 5525 1739 5618 vero,
1757 5545 1912 5618 γεγες

261 5598 475 5676 νῆσθαι.
511 5603 636 5658 Mox
670 5598 918 5676 Socrat_.,
952 5605 1184 5676 φυσικῆς
1216 5598 1392 5659 αὖθις.
1445 5598 1686 5671 Niceph.
1721 5598 1912 5655 ισιαω

263 5674 422 5730 hunc
457 5674 646 5730 locum
680 5672 936 5728 invertit.

333 5746 445 5818 (Si)
483 5750 636 5818 Reg._
659 5748 878 5818 Sperat.
913 5747 970 5798 et
997 5741 1262 5814 Niceph.,
1307 5742 1381 5804 ὡς
1409 5739 1509 5796 οὐκ
1534 5738 1750 5810 ἤθελεν.
1785 5740 1916 5798 Edi-

265 5811 351 5886 ti,‘
367 5811 442 5879 ὡς
477 5811 592 5870 οὐκ
609 5811 902 5883 ἠθέλησεν.

2029 5040 2166 5099 θεμα
2195 5020 2353 5080 ἔστω.
2387 5025 2498 5100 sed
2532 5020 2652 5100 haec
2681 5020 2822 5082 cum
2849 5025 3048 5100 absint
3076 5044 3110 5082 a
3137 5027 3380 5100 Niceph.
3412 5032 3471 5082 et
3491 5026 3672 5082 Hilar.

2029 5098 2298 5170 maleque
2328 5098 2519 5169 posita
2550 5099 2689 5164 sint,
2735 5098 3148 5170 expunximus.

2099 5165 2461 5244 (63fSocrat.
2482 5174 2545 5244 et
2573 5165 2841 5244 Νέᾳ-δρῦς,
2873 5169 3102 5244 κεφαλή
3135 5170 3240 5244 γάρ
3280 5166 3394 5244 ἐστι
3435 5165 3530 5244 καὶ
3567 5165 3674 5244 dp-

2099 5189 2210 5254 (Οὔ)
2237 5189 2461 5225 δοῦναι.
2490 5189 2545 5223 ει
2573 5189 2841 5252 Νισρροη
2876 5189 3095 5298 Iugum;
3135 5189 3240 5244 γαρ
3280 5189 3394 5257 εστι
3435 5189 3530 5221 και
3583 5189 3670 5239 ιρ-

2025 5243 2102 5318 χὴ
2137 5237 2588 5318 ῖτ-αντωνῌὸγξός.
2619 5241 2885 5313 Niceph.,
2917 5241 2930 5260 '
3005 5241 3154 5302 Θεός.
3187 5237 3398 5318 κεφαλη
3446 5235 3504 5294 δὲ
3560 5237 3670 5293 ἐστι

2022 5309 2118 5368 τοῦ
2145 5314 2382 5380 Χριστοῦ
2413 5311 2440 5366 ὁ
2469 5309 2618 5373 Θεός.

2098 5377 2208 5457 (64)
2237 5385 2458 5439 Socrat.
2491 5381 2856 5460 etANice_ph.,__
2876 5377 3440 5460 05v__8taxpt605v'cs<.
3460 5453 3473 5460 _
3493 5381 3670 5460 Paulo

2025 5453 2157 5528 post
2186 5453 2388 5512 Socrat
2441 5459 2499 5510 et
2527 5453 2790 5525 Niceph.,
2827 5455 2912 5509 ὅτι
2942 5453 2996 5510 εἷ’
3038 5453 3147 5519 τις’
3172 5454 3402 5531 Χριστὸν
3459 5453 3670 5523 Ἰησοῦν

2023 5527 2150 5581 Υἱοῦ
2178 5530 2276 5581 τοῦ
2306 5527 2439 5580 Θεοῦ
2459 5525 2566 5581 πρὸ
2595 5523 2810 5580 αἰώνων
2843 5520 2990 5581 ὄντα.

2089 5548 2150 5582 ου
2178 5547 2276 5581 του
2306 5544 2439 5580 υεου
2459 5545 2566 5584 προ
2595 5544 2810 5580 αιωνων
2843 5546 2990 5584 οντα.

2095 5548 2150 5582 DD
2178 5547 2276 5581 του
2306 5545 2439 5580 υεου
2459 5545 2566 5600 προ
2595 5545 2810 5580 αιωνων
2843 5546 2990 5584 οντα.

2095 5599 2459 5672 (65)_Socrat.
2519 5602 2576 5654 et
2633 5597 2874 5672 Niceph.
2929 5602 3060 5672 post
3109 5595 3350 5671 ἀνάθεμα
3397 5591 3535 5652 ἔστω
3566 5596 3673 5652 ad-

2021 5668 2170 5728 dunt
2191 5668 2273 5732 ὡς
2305 5668 2332 5722 ὁ
2364 5668 2734 5741 Σαμοσατεύς.

2094 5737 2498 5816 (66)_Septi_ma
2528 5742 2662 5798 ﬁdei
2693 5739 2986 5816 confessio
3017 5757 3173 5816 anno
3201 5739 3340 5816 357.Δ
3366 5740 3497 5796 Haec
3537 5737 3675 5816 ﬁdei

2021 5810 2282 5873 formula
2293 5810 2493 5872 Latine
2512 5816 2771 5888 primum
2793 5813 3012 5886 scripta
3031 5813 3502 5884 Iuit,uthabetur
3513 5810 3673 5884 apud
