  <div class='ocr_page' id='page_1' title='image "/cluster/home/n/w/nwhite01/storage/ocr_20150623/26/hvd.32044019208479/438.png"; bbox 0 0 4082 6360; ppageno 0'>
   <div class='ocr_carea' id='block_1_1' title="bbox 251 443 361 500">
    <p class='ocr_par' dir='ltr' id='par_1_1' title="bbox 251 443 361 500">
     <span class='ocr_line' id='line_1_1' title="bbox 251 443 361 500; baseline 0.018 -2"><span class='ocrx_word' id='word_1_1' title='bbox 251 443 361 500; x_wconf 76' lang='grc'>741</span> 
     </span>
    </p>
   </div>
   <div class='ocr_carea' id='block_1_2' title="bbox 1704 436 2202 500">
    <p class='ocr_par' dir='ltr' id='par_1_2' title="bbox 1704 436 2202 500">
     <span class='ocr_line' id='line_1_2' title="bbox 1704 436 2202 500; baseline 0.006 -5"><span class='ocrx_word' id='word_1_2' title='bbox 1704 436 1807 497; x_wconf 83' lang='lat' dir='ltr'>DE</span> <span class='ocrx_word' id='word_1_3' title='bbox 1849 437 2202 500; x_wconf 85' lang='lat' dir='ltr'>SYNODIS.</span> 
     </span>
    </p>
   </div>
   <div class='ocr_carea' id='block_1_3' title="bbox 3546 454 3662 511">
    <p class='ocr_par' dir='ltr' id='par_1_3' title="bbox 3546 454 3662 511">
     <span class='ocr_line' id='line_1_3' title="bbox 3546 454 3662 511; baseline 0.009 -1"><span class='ocrx_word' id='word_1_4' title='bbox 3546 454 3662 511; x_wconf 69' lang='grc'>742</span> 
     </span>
    </p>
   </div>
   <div class='ocr_carea' id='block_1_4' title="bbox 250 565 1908 647">
    <p class='ocr_par' dir='ltr' id='par_1_4' title="bbox 250 565 1899 646">
     <span class='ocr_line' id='line_1_4' title="bbox 250 565 1899 646; baseline -0.002 -21"><span class='ocrx_word' id='word_1_5' title='bbox 250 570 520 646; x_wconf 83' lang='grc' dir='ltr'>γενέσθαι,</span> <span class='ocrx_word' id='word_1_6' title='bbox 579 566 753 623; x_wconf 83' lang='grc' dir='ltr'>πάντα</span> <span class='ocrx_word' id='word_1_7' title='bbox 805 565 1060 646; x_wconf 77' lang='grc' dir='ltr'>ἆσφαλῶς</span> <span class='ocrx_word' id='word_1_8' title='bbox 1119 565 1361 645; x_wconf 74' lang='grc' dir='ltr'>ἐζητήθῃ</span> <span class='ocrx_word' id='word_1_9' title='bbox 1418 569 1509 624; x_wconf 83' lang='grc' dir='ltr'>καὶ</span> <span class='ocrx_word' id='word_1_10' title='bbox 1569 566 1899 645; x_wconf 73' lang='grc' dir='ltr'>διηρευνήθη</span> 
     </span>
    </p>
   </div>
   <div class='ocr_carea' id='block_1_5' title="bbox 2021 565 3665 647">
    <p class='ocr_par' dir='ltr' id='par_1_5' title="bbox 2021 569 3665 647">
     <span class='ocr_line' id='line_1_5' title="bbox 2021 569 3665 647; baseline 0.009 -23"><span class='ocrx_word' id='word_1_11' title='bbox 2021 569 2116 639; x_wconf 86' lang='lat' dir='ltr'>lio,</span> <span class='ocrx_word' id='word_1_12' title='bbox 2150 569 2460 645; x_wconf 81' lang='lat' dir='ltr'>diligenter</span> <span class='ocrx_word' id='word_1_13' title='bbox 2485 574 2684 632; x_wconf 81' lang='lat' dir='ltr'>omnia</span> <span class='ocrx_word' id='word_1_14' title='bbox 2715 576 2868 647; x_wconf 88' lang='lat' dir='ltr'>apud</span> <span class='ocrx_word' id='word_1_15' title='bbox 2902 575 3182 633; x_wconf 85' lang='lat' dir='ltr'>Sirmium</span> <span class='ocrx_word' id='word_1_16' title='bbox 3232 582 3480 636; x_wconf 84' lang='lat' dir='ltr'>tractata</span> <span class='ocrx_word' id='word_1_17' title='bbox 3523 587 3665 638; x_wconf 89' lang='lat' dir='ltr'>sunt</span> 
     </span>
    </p>
   </div>
   <div class='ocr_carea' id='block_1_6' title="bbox 251 656 1901 735">
    <p class='ocr_par' dir='ltr' id='par_1_6' title="bbox 251 656 1901 735">
     <span class='ocr_line' id='line_1_6' title="bbox 251 656 1901 735; baseline -0.002 -19"><span class='ocrx_word' id='word_1_18' title='bbox 251 660 305 716; x_wconf 77' lang='grc' dir='ltr'>ὲν</span> <span class='ocrx_word' id='word_1_19' title='bbox 330 664 412 733; x_wconf 77' lang='grc' dir='ltr'>τῷ</span> <span class='ocrx_word' id='word_1_20' title='bbox 454 657 672 734; x_wconf 83' lang='grc' dir='ltr'>Σιρμίῳ</span> <span class='ocrx_word' id='word_1_21' title='bbox 727 656 815 713; x_wconf 82' lang='grc' dir='ltr'>ἐπὶ</span> <span class='ocrx_word' id='word_1_22' title='bbox 867 658 1138 733; x_wconf 74' lang='grc' dir='ltr'>παρουσίᾳ</span> <span class='ocrx_word' id='word_1_23' title='bbox 1188 656 1515 729; x_wconf 78' lang='grc' dir='ltr'>Ούάλεντος,</span> <span class='ocrx_word' id='word_1_24' title='bbox 1547 656 1637 714; x_wconf 84' lang='grc' dir='ltr'>καὶ</span> <span class='ocrx_word' id='word_1_25' title='bbox 1689 657 1901 735; x_wconf 83' lang='grc' dir='ltr'>Οὐρσα-</span> 
     </span>
    </p>
   </div>
   <div class='ocr_carea' id='block_1_7' title="bbox 249 745 1904 823">
    <p class='ocr_par' dir='ltr' id='par_1_7' title="bbox 249 745 1904 823">
     <span class='ocr_line' id='line_1_7' title="bbox 249 745 1904 823; baseline -0.002 -19"><span class='ocrx_word' id='word_1_26' title='bbox 249 748 396 818; x_wconf 82' lang='grc' dir='ltr'>κίου,</span> <span class='ocrx_word' id='word_1_27' title='bbox 443 747 535 803; x_wconf 79' lang='grc' dir='ltr'>καὶ</span> <span class='ocrx_word' id='word_1_28' title='bbox 587 745 894 823; x_wconf 82' lang='grc' dir='ltr'>Γερμινίου,</span> <span class='ocrx_word' id='word_1_29' title='bbox 947 746 1036 801; x_wconf 83' lang='grc' dir='ltr'>καὶ</span> <span class='ocrx_word' id='word_1_30' title='bbox 1087 751 1196 802; x_wconf 89' lang='grc' dir='ltr'>τῶν</span> <span class='ocrx_word' id='word_1_31' title='bbox 1258 745 1467 802; x_wconf 83' lang='grc' dir='ltr'>λοιπῶν</span> <span class='ocrx_word' id='word_1_32' title='bbox 1500 793 1512 805; x_wconf 92' lang='grc'>.</span> <span class='ocrx_word' id='word_1_33' title='bbox 1571 748 1904 817; x_wconf 81' lang='grc' dir='ltr'>Συνέστηκεν</span> 
     </span>
    </p>
   </div>
   <div class='ocr_carea' id='block_1_8' title="bbox 250 834 1901 914">
    <p class='ocr_par' dir='ltr' id='par_1_8' title="bbox 250 834 1901 914">
     <span class='ocr_line' id='line_1_8' title="bbox 250 834 1901 914; baseline -0.002 -20"><span class='ocrx_word' id='word_1_34' title='bbox 250 835 345 894; x_wconf 68' lang='grc' dir='ltr'>ἕνα</span> <span class='ocrx_word' id='word_1_35' title='bbox 399 837 527 893; x_wconf 80' lang='grc' dir='ltr'>Θεὸν</span> <span class='ocrx_word' id='word_1_36' title='bbox 589 836 724 892; x_wconf 80' lang='grc' dir='ltr'>εἶναι</span> <span class='ocrx_word' id='word_1_37' title='bbox 777 834 989 914; x_wconf 89' lang='grc' dir='ltr'>Πατέρα</span> <span class='ocrx_word' id='word_1_38' title='bbox 1043 836 1454 913; x_wconf 83' lang='grc' dir='ltr'>παντοκράτορα</span> <span class='ocrx_word' id='word_1_39' title='bbox 1511 838 1661 910; x_wconf 82' lang='grc'>(67),</span> <span class='ocrx_word' id='word_1_40' title='bbox 1722 835 1901 899; x_wconf 77' lang='grc' dir='ltr'>καθὼς</span> 
     </span>
    </p>
   </div>
   <div class='ocr_carea' id='block_1_9' title="bbox 249 922 1903 1004">
    <p class='ocr_par' dir='ltr' id='par_1_9' title="bbox 249 922 1903 1004">
     <span class='ocr_line' id='line_1_9' title="bbox 249 922 1903 1004; baseline -0.003 -19"><span class='ocrx_word' id='word_1_41' title='bbox 249 930 340 986; x_wconf 79' lang='grc' dir='ltr'>καὶ</span> <span class='ocrx_word' id='word_1_42' title='bbox 373 928 423 984; x_wconf 88' lang='grc' dir='ltr'>έν</span> <span class='ocrx_word' id='word_1_43' title='bbox 458 927 602 1004; x_wconf 75' lang='grc' dir='ltr'>πάσῃ</span> <span class='ocrx_word' id='word_1_44' title='bbox 632 926 702 1002; x_wconf 75' lang='grc' dir='ltr'>τῇ</span> <span class='ocrx_word' id='word_1_45' title='bbox 734 925 1028 1002; x_wconf 71' lang='grc' dir='ltr'>οἰκουμένῃ</span> <span class='ocrx_word' id='word_1_46' title='bbox 1059 925 1509 1004; x_wconf 71' lang='grc' dir='ltr'>καταγγέλλεται*</span> <span class='ocrx_word' id='word_1_47' title='bbox 1556 927 1644 982; x_wconf 83' lang='grc' dir='ltr'>καὶ</span> <span class='ocrx_word' id='word_1_48' title='bbox 1674 922 1767 981; x_wconf 68' lang='grc' dir='ltr'>ἕνα</span> <span class='ocrx_word' id='word_1_49' title='bbox 1798 947 1903 1000; x_wconf 85' lang='grc' dir='ltr'>μο-</span> 
     </span>
    </p>
   </div>
   <div class='ocr_carea' id='block_1_10' title="bbox 250 1018 1900 1098">
    <p class='ocr_par' dir='ltr' id='par_1_10' title="bbox 250 1018 1900 1098">
     <span class='ocr_line' id='line_1_10' title="bbox 250 1018 1900 1098; baseline -0.003 -21"><span class='ocrx_word' id='word_1_50' title='bbox 250 1027 441 1098; x_wconf 84' lang='grc' dir='ltr'>νογενῆ</span> <span class='ocrx_word' id='word_1_51' title='bbox 474 1020 597 1077; x_wconf 80' lang='grc' dir='ltr'>Υἱὸν</span> <span class='ocrx_word' id='word_1_52' title='bbox 630 1019 817 1093; x_wconf 83' lang='grc' dir='ltr'>αὐτοῦ,</span> <span class='ocrx_word' id='word_1_53' title='bbox 847 1020 942 1075; x_wconf 87' lang='grc' dir='ltr'>τὸν</span> <span class='ocrx_word' id='word_1_54' title='bbox 986 1019 1185 1096; x_wconf 78' lang='grc' dir='ltr'>Κύριον</span> <span class='ocrx_word' id='word_1_55' title='bbox 1216 1021 1251 1088; x_wconf 78' lang='grc' dir='ltr'>ἠ</span> <span class='ocrx_word' id='word_1_56' title='bbox 1263 1024 1377 1093; x_wconf 86' lang='grc' dir='ltr'>μῶν</span> <span class='ocrx_word' id='word_1_57' title='bbox 1408 1020 1613 1085; x_wconf 84' lang='grc' dir='ltr'>Ἰησοῦν</span> <span class='ocrx_word' id='word_1_58' title='bbox 1647 1018 1900 1093; x_wconf 88' lang='grc' dir='ltr'>Χριστὸν,</span> 
     </span>
    </p>
   </div>
   <div class='ocr_carea' id='block_1_11' title="bbox 252 1108 1905 1187">
    <p class='ocr_par' dir='ltr' id='par_1_11' title="bbox 252 1108 1905 1187">
     <span class='ocr_line' id='line_1_11' title="bbox 252 1108 1905 1187; baseline -0.002 -20"><span class='ocrx_word' id='word_1_59' title='bbox 252 1111 305 1183; x_wconf 79' lang='grc' dir='ltr'>ἐξ</span> <span class='ocrx_word' id='word_1_60' title='bbox 335 1111 500 1166; x_wconf 80' lang='grc' dir='ltr'>αὐτοῦ</span> <span class='ocrx_word' id='word_1_61' title='bbox 529 1112 636 1187; x_wconf 86' lang='grc' dir='ltr'>πρὸ</span> <span class='ocrx_word' id='word_1_62' title='bbox 661 1114 767 1166; x_wconf 89' lang='grc' dir='ltr'>τῶν</span> <span class='ocrx_word' id='word_1_63' title='bbox 815 1109 1029 1165; x_wconf 81' lang='grc' dir='ltr'>αἰώνων</span> <span class='ocrx_word' id='word_1_64' title='bbox 1076 1130 1139 1186; x_wconf 87' lang='grc' dir='ltr'>γε</span> <span class='ocrx_word' id='word_1_65' title='bbox 1154 1109 1420 1180; x_wconf 71' lang='grc' dir='ltr'>ινηθέντα.</span> <span class='ocrx_word' id='word_1_66' title='bbox 1457 1108 1560 1163; x_wconf 88' lang='grc' dir='ltr'>Δύο</span> <span class='ocrx_word' id='word_1_67' title='bbox 1593 1108 1758 1170; x_wconf 81' lang='grc' dir='ltr'>Θεοὺς</span> <span class='ocrx_word' id='word_1_68' title='bbox 1789 1111 1905 1180; x_wconf 86' lang='grc'>(68)</span> 
     </span>
    </p>
   </div>
   <div class='ocr_carea' id='block_1_12' title="bbox 256 1197 1898 1276">
    <p class='ocr_par' dir='ltr' id='par_1_12' title="bbox 256 1197 1898 1276">
     <span class='ocr_line' id='line_1_12' title="bbox 256 1197 1898 1276; baseline -0.004 -19"><span class='ocrx_word' id='word_1_69' title='bbox 256 1203 334 1276; x_wconf 72' lang='grc' dir='ltr'>μὴ</span> <span class='ocrx_word' id='word_1_70' title='bbox 389 1208 593 1276; x_wconf 81' lang='grc' dir='ltr'>χρῆναι</span> <span class='ocrx_word' id='word_1_71' title='bbox 649 1197 851 1276; x_wconf 78' lang='grc' dir='ltr'>λέγειν’</span> <span class='ocrx_word' id='word_1_72' title='bbox 908 1197 1094 1269; x_wconf 67' lang='grc' dir='ltr'>ἐπειδὴ</span> <span class='ocrx_word' id='word_1_73' title='bbox 1151 1199 1311 1262; x_wconf 83' lang='grc' dir='ltr'>αὐτὸς</span> <span class='ocrx_word' id='word_1_74' title='bbox 1368 1200 1396 1254; x_wconf 87' lang='grc' dir='ltr'>ὁ</span> <span class='ocrx_word' id='word_1_75' title='bbox 1450 1198 1644 1275; x_wconf 85' lang='grc' dir='ltr'>Κύριος</span> <span class='ocrx_word' id='word_1_76' title='bbox 1696 1198 1898 1274; x_wconf 51' lang='grc' dir='ltr'>εἴρηκε·</span> 
     </span>
    </p>
   </div>
   <div class='ocr_carea' id='block_1_13' title="bbox 253 1287 1901 1367">
    <p class='ocr_par' dir='ltr' id='par_1_13' title="bbox 253 1287 1901 1367">
     <span class='ocr_line' id='line_1_13' title="bbox 253 1287 1901 1367; baseline -0.002 -24"><span class='ocrx_word' id='word_1_77' title='bbox 253 1315 279 1343; x_wconf 88' lang='grc'>‹‹</span> <span class='ocrx_word' id='word_1_78' title='bbox 314 1289 625 1366; x_wconf 74' lang='grc' dir='ltr'>Πορεύομαι</span> <span class='ocrx_word' id='word_1_79' title='bbox 658 1289 793 1367; x_wconf 84' lang='grc' dir='ltr'>πρὸς</span> <span class='ocrx_word' id='word_1_80' title='bbox 824 1290 915 1344; x_wconf 93' lang='grc' dir='ltr'>τὸν</span> <span class='ocrx_word' id='word_1_81' title='bbox 952 1289 1166 1366; x_wconf 90' lang='grc' dir='ltr'>Πατέρα</span> <span class='ocrx_word' id='word_1_82' title='bbox 1216 1309 1321 1362; x_wconf 84' lang='grc' dir='ltr'>μου</span> <span class='ocrx_word' id='word_1_83' title='bbox 1351 1287 1440 1343; x_wconf 79' lang='grc' dir='ltr'>καὶ</span> <span class='ocrx_word' id='word_1_84' title='bbox 1483 1288 1694 1363; x_wconf 86' lang='grc' dir='ltr'>Πατέρα</span> <span class='ocrx_word' id='word_1_85' title='bbox 1725 1287 1901 1360; x_wconf 80' lang='grc' dir='ltr'>ὑμῶν,</span> 
     </span>
    </p>
   </div>
   <div class='ocr_carea' id='block_1_14' title="bbox 252 1375 1899 1453">
    <p class='ocr_par' dir='ltr' id='par_1_14' title="bbox 252 1375 1899 1453">
     <span class='ocr_line' id='line_1_14' title="bbox 252 1375 1899 1453; baseline -0.002 -21"><span class='ocrx_word' id='word_1_86' title='bbox 252 1404 281 1433; x_wconf 85' lang='grc'>‹‹</span> <span class='ocrx_word' id='word_1_87' title='bbox 314 1379 405 1435; x_wconf 80' lang='grc' dir='ltr'>καὶ</span> <span class='ocrx_word' id='word_1_88' title='bbox 437 1379 564 1435; x_wconf 71' lang='grc' dir='ltr'>Θεόν</span> <span class='ocrx_word' id='word_1_89' title='bbox 598 1400 703 1453; x_wconf 88' lang='grc' dir='ltr'>μου</span> <span class='ocrx_word' id='word_1_90' title='bbox 730 1378 825 1433; x_wconf 87' lang='grc' dir='ltr'>καὶ</span> <span class='ocrx_word' id='word_1_91' title='bbox 852 1378 980 1433; x_wconf 84' lang='grc' dir='ltr'>Θεὸν</span> <span class='ocrx_word' id='word_1_92' title='bbox 1010 1378 1185 1453; x_wconf 80' lang='grc' dir='ltr'>ὓμῶν.</span> <span class='ocrx_word' id='word_1_93' title='bbox 1222 1401 1250 1429; x_wconf 87' lang='grc'><strong>››</strong></span> <span class='ocrx_word' id='word_1_94' title='bbox 1278 1379 1376 1432; x_wconf 78' lang='grc' dir='ltr'>Διὰ</span> <span class='ocrx_word' id='word_1_95' title='bbox 1399 1381 1560 1432; x_wconf 87' lang='grc' dir='ltr'>τοῦτο</span> <span class='ocrx_word' id='word_1_96' title='bbox 1580 1377 1670 1432; x_wconf 87' lang='grc' dir='ltr'>καὶ</span> <span class='ocrx_word' id='word_1_97' title='bbox 1691 1375 1899 1431; x_wconf 81' lang='grc' dir='ltr'>πάντων</span> 
     </span>
    </p>
   </div>
   <div class='ocr_carea' id='block_1_15' title="bbox 254 1463 1903 1538">
    <p class='ocr_par' dir='ltr' id='par_1_15' title="bbox 254 1463 1903 1538">
     <span class='ocr_line' id='line_1_15' title="bbox 254 1463 1903 1538; baseline -0.001 -14"><span class='ocrx_word' id='word_1_98' title='bbox 254 1468 384 1530; x_wconf 83' lang='grc' dir='ltr'>Θεός</span> <span class='ocrx_word' id='word_1_99' title='bbox 442 1467 574 1538; x_wconf 73' lang='grc' dir='ltr'>ἐστι,</span> <span class='ocrx_word' id='word_1_100' title='bbox 631 1468 811 1533; x_wconf 85' lang='grc' dir='ltr'>καθὼς</span> <span class='ocrx_word' id='word_1_101' title='bbox 865 1467 954 1522; x_wconf 82' lang='grc' dir='ltr'>καὶ</span> <span class='ocrx_word' id='word_1_102' title='bbox 1008 1469 1037 1522; x_wconf 86' lang='grc' dir='ltr'>ὁ</span> <span class='ocrx_word' id='word_1_103' title='bbox 1084 1465 1422 1529; x_wconf 79' lang='grc' dir='ltr'>Ἀπόστολος</span> <span class='ocrx_word' id='word_1_104' title='bbox 1474 1463 1729 1537; x_wconf 82' lang='grc' dir='ltr'>ἐδίδαξεν·</span> <span class='ocrx_word' id='word_1_105' title='bbox 1773 1489 1800 1517; x_wconf 87' lang='grc'>‹‹</span> <span class='ocrx_word' id='word_1_106' title='bbox 1832 1466 1903 1522; x_wconf 83' lang='grc' dir='ltr'><strong>Ἦ</strong></span> 
     </span>
    </p>
   </div>
   <div class='ocr_carea' id='block_1_16' title="bbox 253 1552 1904 1631">
    <p class='ocr_par' dir='ltr' id='par_1_16' title="bbox 253 1552 1904 1631">
     <span class='ocr_line' id='line_1_16' title="bbox 253 1552 1904 1631; baseline -0.002 -20"><span class='ocrx_word' id='word_1_107' title='bbox 253 1583 283 1611; x_wconf 87' lang='grc'>‹‹</span> <span class='ocrx_word' id='word_1_108' title='bbox 321 1554 595 1615; x_wconf 78' lang='grc' dir='ltr'>Ἰουδαίων</span> <span class='ocrx_word' id='word_1_109' title='bbox 653 1552 833 1631; x_wconf 84' lang='grc' dir='ltr'>μὸνων</span> <span class='ocrx_word' id='word_1_110' title='bbox 864 1557 892 1610; x_wconf 85' lang='grc' dir='ltr'>ὁ</span> <span class='ocrx_word' id='word_1_111' title='bbox 923 1556 1072 1624; x_wconf 82' lang='grc' dir='ltr'>Θεὸς,</span> <span class='ocrx_word' id='word_1_112' title='bbox 1116 1555 1249 1631; x_wconf 80' lang='grc' dir='ltr'>οὐχὶ</span> <span class='ocrx_word' id='word_1_113' title='bbox 1298 1556 1386 1610; x_wconf 82' lang='grc' dir='ltr'>καὶ</span> <span class='ocrx_word' id='word_1_114' title='bbox 1420 1554 1581 1609; x_wconf 87' lang='grc' dir='ltr'>έθνῶν</span> <span class='ocrx_word' id='word_1_115' title='bbox 1618 1573 1631 1624; x_wconf 92' lang='grc'>;</span> <span class='ocrx_word' id='word_1_116' title='bbox 1666 1553 1766 1610; x_wconf 81' lang='grc' dir='ltr'>Ναὶ</span> <span class='ocrx_word' id='word_1_117' title='bbox 1814 1553 1904 1608; x_wconf 79' lang='grc' dir='ltr'>καὶ</span> 
     </span>
    </p>
   </div>
   <div class='ocr_carea' id='block_1_17' title="bbox 253 1641 1907 1722">
    <p class='ocr_par' dir='ltr' id='par_1_17' title="bbox 253 1641 1907 1722">
     <span class='ocr_line' id='line_1_17' title="bbox 253 1641 1907 1722; baseline -0.002 -22"><span class='ocrx_word' id='word_1_118' title='bbox 253 1672 281 1700; x_wconf 91' lang='grc'><em>‹‹</em></span> <span class='ocrx_word' id='word_1_119' title='bbox 317 1646 502 1713; x_wconf 82' lang='grc' dir='ltr'>ἐθνῶν·</span> <span class='ocrx_word' id='word_1_120' title='bbox 536 1645 757 1722; x_wconf 80' lang='grc' dir='ltr'>ἐπείπερ</span> <span class='ocrx_word' id='word_1_121' title='bbox 808 1646 885 1707; x_wconf 85' lang='grc' dir='ltr'>εἴς</span> <span class='ocrx_word' id='word_1_122' title='bbox 918 1645 945 1699; x_wconf 88' lang='grc' dir='ltr'>ὁ</span> <span class='ocrx_word' id='word_1_123' title='bbox 977 1644 1125 1714; x_wconf 83' lang='grc' dir='ltr'>Θεὸς,</span> <span class='ocrx_word' id='word_1_124' title='bbox 1157 1644 1217 1706; x_wconf 76' lang='grc' dir='ltr'>’ὸς</span> <span class='ocrx_word' id='word_1_125' title='bbox 1271 1641 1549 1699; x_wconf 84' lang='grc' dir='ltr'>δικαιώσει</span> <span class='ocrx_word' id='word_1_126' title='bbox 1602 1644 1907 1719; x_wconf 77' lang='grc' dir='ltr'>περιτομὴν</span> 
     </span>
    </p>
   </div>
   <div class='ocr_carea' id='block_1_18' title="bbox 253 1728 1900 1811">
    <p class='ocr_par' dir='ltr' id='par_1_18' title="bbox 253 1728 1900 1811">
     <span class='ocr_line' id='line_1_18' title="bbox 253 1728 1900 1811; baseline -0.005 -19"><span class='ocrx_word' id='word_1_127' title='bbox 253 1735 372 1792; x_wconf 77' lang='grc' dir='ltr'>(ιέκ</span> <span class='ocrx_word' id='word_1_128' title='bbox 424 1736 678 1808; x_wconf 85' lang='grc' dir='ltr'>πίστεως,</span> <span class='ocrx_word' id='word_1_129' title='bbox 709 1734 801 1790; x_wconf 89' lang='grc' dir='ltr'>καὶ</span> <span class='ocrx_word' id='word_1_130' title='bbox 855 1728 1212 1811; x_wconf 75' lang='grc' dir='ltr'>ἀκροϐυστίαν</span> <span class='ocrx_word' id='word_1_131' title='bbox 1264 1731 1352 1789; x_wconf 79' lang='grc' dir='ltr'>διὸ.</span> <span class='ocrx_word' id='word_1_132' title='bbox 1402 1734 1636 1796; x_wconf 88' lang='grc' dir='ltr'>πίστεως</span> <span class='ocrx_word' id='word_1_133' title='bbox 1687 1734 1820 1807; x_wconf 77' lang='lat'>(69)&#39;</span> <span class='ocrx_word' id='word_1_134' title='bbox 1880 1757 1900 1784; x_wconf 76' lang='grc' dir='ltr'>ι</span> 
     </span>
    </p>
   </div>
   <div class='ocr_carea' id='block_1_19' title="bbox 254 1820 1906 1899">
    <p class='ocr_par' dir='ltr' id='par_1_19' title="bbox 254 1820 1906 1899">
     <span class='ocr_line' id='line_1_19' title="bbox 254 1820 1906 1899; baseline -0.003 -19"><span class='ocrx_word' id='word_1_135' title='bbox 254 1824 345 1881; x_wconf 74' lang='grc' dir='ltr'>καὶ</span> <span class='ocrx_word' id='word_1_136' title='bbox 396 1825 463 1879; x_wconf 74' lang='grc' dir='ltr'>τὰ</span> <span class='ocrx_word' id='word_1_137' title='bbox 520 1825 614 1899; x_wconf 73' lang='grc' dir='ltr'>μὲν</span> <span class='ocrx_word' id='word_1_138' title='bbox 672 1822 842 1879; x_wconf 83' lang='grc' dir='ltr'>λοιπᾶ</span> <span class='ocrx_word' id='word_1_139' title='bbox 896 1824 1069 1877; x_wconf 85' lang='grc' dir='ltr'>πάντα</span> <span class='ocrx_word' id='word_1_140' title='bbox 1126 1827 1451 1896; x_wconf 77' lang='grc' dir='ltr'>συμφωνεῖ,</span> <span class='ocrx_word' id='word_1_141' title='bbox 1507 1821 1595 1876; x_wconf 79' lang='grc' dir='ltr'>καὶ</span> <span class='ocrx_word' id='word_1_142' title='bbox 1649 1820 1906 1899; x_wconf 78' lang='grc' dir='ltr'>οὐδεμίαν</span> 
     </span>
    </p>
   </div>
   <div class='ocr_carea' id='block_1_20' title="bbox 252 1896 1905 1992">
    <p class='ocr_par' dir='ltr' id='par_1_20' title="bbox 252 1896 1905 1992">
     <span class='ocr_line' id='line_1_20' title="bbox 252 1896 1905 1992; baseline -0.004 -22"><span class='ocrx_word' id='word_1_143' title='bbox 252 1912 369 1991; x_wconf 80' lang='grc' dir='ltr'>ἔχει</span> <span class='ocrx_word' id='word_1_144' title='bbox 400 1896 761 1992; x_wconf 67' lang='grc' dir='ltr'>ἀμφιϐολίαν.</span> <span class='ocrx_word' id='word_1_145' title='bbox 793 1908 1017 1981; x_wconf 79' lang='grc' dir='ltr'>Ἐπειδή</span> <span class='ocrx_word' id='word_1_146' title='bbox 1051 1908 1107 1966; x_wconf 76' lang='grc' dir='ltr'>δὲ</span> <span class='ocrx_word' id='word_1_147' title='bbox 1137 1908 1385 1973; x_wconf 85' lang='grc' dir='ltr'>πολλούς</span> <span class='ocrx_word' id='word_1_148' title='bbox 1433 1931 1583 1973; x_wconf 87' lang='grc' dir='ltr'>τινας</span> <span class='ocrx_word' id='word_1_149' title='bbox 1613 1916 1755 1965; x_wconf 88' lang='grc' dir='ltr'>κινεῖ</span> <span class='ocrx_word' id='word_1_150' title='bbox 1782 1896 1905 1986; x_wconf 84' lang='grc' dir='ltr'>περῖ</span> 
     </span>
    </p>
   </div>
   <div class='ocr_carea' id='block_1_21' title="bbox 248 1993 1902 2080">
    <p class='ocr_par' dir='ltr' id='par_1_21' title="bbox 248 1993 1902 2080">
     <span class='ocr_line' id='line_1_21' title="bbox 248 1993 1902 2080; baseline -0.003 -21"><span class='ocrx_word' id='word_1_151' title='bbox 248 2011 355 2074; x_wconf 78' lang='grc' dir='ltr'>τῆς</span> <span class='ocrx_word' id='word_1_152' title='bbox 413 2002 718 2080; x_wconf 85' lang='grc' dir='ltr'>λεγομένης</span> <span class='ocrx_word' id='word_1_153' title='bbox 770 2000 1069 2076; x_wconf 79' lang='grc' dir='ltr'>Ῥωμαϊστὶ</span> <span class='ocrx_word' id='word_1_154' title='bbox 1141 2000 1238 2073; x_wconf 70' lang='grc' dir='ltr'>μὲν</span> <span class='ocrx_word' id='word_1_155' title='bbox 1296 1993 1684 2061; x_wconf 77' lang='grc' dir='ltr'>σουϐσταντίας</span> <span class='ocrx_word' id='word_1_156' title='bbox 1742 2001 1855 2074; x_wconf 89' lang='grc'>(70)</span> <span class='ocrx_word' id='word_1_157' title='bbox 1888 2042 1902 2068; x_wconf 84' lang='grc'>,</span> 
     </span>
    </p>
   </div>
   <div class='ocr_carea' id='block_1_22' title="bbox 249 2086 1902 2167">
    <p class='ocr_par' dir='ltr' id='par_1_22' title="bbox 249 2086 1902 2167">
     <span class='ocr_line' id='line_1_22' title="bbox 249 2086 1902 2167; baseline -0.004 -18"><span class='ocrx_word' id='word_1_158' title='bbox 249 2090 572 2163; x_wconf 84' lang='grc' dir='ltr'>Ἑλληνιστὶ</span> <span class='ocrx_word' id='word_1_159' title='bbox 609 2088 667 2145; x_wconf 75' lang='grc' dir='ltr'>δὲ</span> <span class='ocrx_word' id='word_1_160' title='bbox 697 2087 1005 2167; x_wconf 75' lang='grc' dir='ltr'>λεγομένης</span> <span class='ocrx_word' id='word_1_161' title='bbox 1058 2088 1264 2158; x_wconf 81' lang='grc' dir='ltr'>οὐσίας,</span> <span class='ocrx_word' id='word_1_162' title='bbox 1296 2087 1587 2162; x_wconf 70' lang='grc' dir='ltr'>τουτέστιν,</span> <span class='ocrx_word' id='word_1_163' title='bbox 1614 2086 1707 2143; x_wconf 70' lang='grc' dir='ltr'>’ἕνα</span> <span class='ocrx_word' id='word_1_164' title='bbox 1752 2087 1902 2162; x_wconf 81' lang='grc' dir='ltr'>ἀκρι-</span> 
     </span>
    </p>
   </div>
   <div class='ocr_carea' id='block_1_23' title="bbox 251 2175 1906 2258">
    <p class='ocr_par' dir='ltr' id='par_1_23' title="bbox 251 2175 1906 2258">
     <span class='ocr_line' id='line_1_23' title="bbox 251 2175 1906 2258; baseline -0.004 -20"><span class='ocrx_word' id='word_1_165' title='bbox 251 2176 509 2258; x_wconf 79' lang='grc' dir='ltr'>ϐέσ-τερον</span> <span class='ocrx_word' id='word_1_166' title='bbox 538 2183 778 2258; x_wconf 77' lang='grc' dir='ltr'>γνωσθῇ,</span> <span class='ocrx_word' id='word_1_167' title='bbox 801 2179 863 2234; x_wconf 91' lang='grc' dir='ltr'>τὸ</span> <span class='ocrx_word' id='word_1_168' title='bbox 887 2177 1206 2252; x_wconf 86' lang='grc' dir='ltr'>ὁμοούσιον,</span> <span class='ocrx_word' id='word_1_169' title='bbox 1235 2176 1271 2247; x_wconf 74' lang='grc' dir='ltr'>ἢ</span> <span class='ocrx_word' id='word_1_170' title='bbox 1294 2178 1357 2233; x_wconf 88' lang='grc' dir='ltr'>τὸ</span> <span class='ocrx_word' id='word_1_171' title='bbox 1383 2175 1684 2253; x_wconf 86' lang='grc' dir='ltr'>λεγόμενον</span> <span class='ocrx_word' id='word_1_172' title='bbox 1713 2178 1906 2251; x_wconf 84' lang='grc' dir='ltr'>ὁμοιο-</span> 
     </span>
    </p>
   </div>
   <div class='ocr_carea' id='block_1_24' title="bbox 250 2265 1901 2344">
    <p class='ocr_par' dir='ltr' id='par_1_24' title="bbox 250 2265 1901 2344">
     <span class='ocr_line' id='line_1_24' title="bbox 250 2265 1901 2344; baseline -0.004 -17"><span class='ocrx_word' id='word_1_173' title='bbox 250 2272 436 2327; x_wconf 89' lang='grc' dir='ltr'>ούσιον</span> <span class='ocrx_word' id='word_1_174' title='bbox 467 2272 600 2344; x_wconf 68' lang='grc'>(71)*</span> <span class='ocrx_word' id='word_1_175' title='bbox 637 2269 699 2324; x_wconf 83' lang='grc' dir='ltr'>οὐ</span> <span class='ocrx_word' id='word_1_176' title='bbox 744 2269 857 2344; x_wconf 79' lang='grc' dir='ltr'>χρή</span> <span class='ocrx_word' id='word_1_177' title='bbox 905 2289 1027 2323; x_wconf 91' lang='grc' dir='ltr'>τινα</span> <span class='ocrx_word' id='word_1_178' title='bbox 1079 2266 1286 2323; x_wconf 88' lang='grc' dir='ltr'>τούτων</span> <span class='ocrx_word' id='word_1_179' title='bbox 1341 2265 1625 2329; x_wconf 87' lang='grc' dir='ltr'>παντελῶς</span> <span class='ocrx_word' id='word_1_180' title='bbox 1681 2269 1901 2340; x_wconf 77' lang='grc' dir='ltr'>μνήμην</span> 
     </span>
    </p>
   </div>
   <div class='ocr_carea' id='block_1_25' title="bbox 247 2354 1905 2439">
    <p class='ocr_par' dir='ltr' id='par_1_25' title="bbox 247 2354 1905 2439">
     <span class='ocr_line' id='line_1_25' title="bbox 247 2354 1905 2439; baseline -0.003 -23"><span class='ocrx_word' id='word_1_181' title='bbox 247 2361 512 2439; x_wconf 77' lang='grc' dir='ltr'>γίνεσθαι,</span> <span class='ocrx_word' id='word_1_182' title='bbox 570 2355 695 2413; x_wconf 69' lang='grc' dir='ltr'>οὐδὲ</span> <span class='ocrx_word' id='word_1_183' title='bbox 751 2356 876 2434; x_wconf 83' lang='grc' dir='ltr'>περί</span> <span class='ocrx_word' id='word_1_184' title='bbox 933 2355 1140 2412; x_wconf 87' lang='grc' dir='ltr'>τούτων</span> <span class='ocrx_word' id='word_1_185' title='bbox 1201 2355 1502 2433; x_wconf 79' lang='grc' dir='ltr'>ἐξηγεῖσθαι</span> <span class='ocrx_word' id='word_1_186' title='bbox 1562 2354 1615 2411; x_wconf 81' lang='grc' dir='ltr'>ἐν</span> <span class='ocrx_word' id='word_1_187' title='bbox 1660 2359 1729 2430; x_wconf 81' lang='grc' dir='ltr'>τῇ</span> <span class='ocrx_word' id='word_1_188' title='bbox 1781 2357 1905 2411; x_wconf 82' lang='grc' dir='ltr'>Ἐκ-</span> 
     </span>
    </p>
   </div>
   <div class='ocr_carea' id='block_1_26' title="bbox 246 2442 1903 2521">
    <p class='ocr_par' dir='ltr' id='par_1_26' title="bbox 246 2442 1903 2521">
     <span class='ocr_line' id='line_1_26' title="bbox 246 2442 1903 2521; baseline -0.003 -17"><span class='ocrx_word' id='word_1_189' title='bbox 246 2449 456 2521; x_wconf 83' lang='grc' dir='ltr'>κλησίᾳ</span> <span class='ocrx_word' id='word_1_190' title='bbox 485 2444 574 2502; x_wconf 78' lang='grc' dir='ltr'>διὰ</span> <span class='ocrx_word' id='word_1_191' title='bbox 600 2446 801 2516; x_wconf 87' lang='grc' dir='ltr'>ταύτην</span> <span class='ocrx_word' id='word_1_192' title='bbox 838 2447 939 2516; x_wconf 79' lang='grc' dir='ltr'>τήν</span> <span class='ocrx_word' id='word_1_193' title='bbox 970 2445 1168 2514; x_wconf 82' lang='grc' dir='ltr'>αἰτίαν,</span> <span class='ocrx_word' id='word_1_194' title='bbox 1202 2446 1289 2499; x_wconf 82' lang='grc' dir='ltr'>καὶ</span> <span class='ocrx_word' id='word_1_195' title='bbox 1328 2442 1417 2499; x_wconf 78' lang='grc' dir='ltr'>διὰ</span> <span class='ocrx_word' id='word_1_196' title='bbox 1443 2448 1632 2500; x_wconf 87' lang='grc' dir='ltr'>τοῦτον</span> <span class='ocrx_word' id='word_1_197' title='bbox 1661 2445 1751 2499; x_wconf 92' lang='grc' dir='ltr'>τὸν</span> <span class='ocrx_word' id='word_1_198' title='bbox 1807 2442 1903 2499; x_wconf 90' lang='grc' dir='ltr'>λο-</span> 
     </span>
    </p>
   </div>
   <div class='ocr_carea' id='block_1_27' title="bbox 249 2532 1902 2615">
    <p class='ocr_par' dir='ltr' id='par_1_27' title="bbox 249 2532 1902 2615">
     <span class='ocr_line' id='line_1_27' title="bbox 249 2532 1902 2615; baseline -0.002 -23"><span class='ocrx_word' id='word_1_199' title='bbox 249 2538 474 2615; x_wconf 85' lang='grc' dir='ltr'>γισμὸν,</span> <span class='ocrx_word' id='word_1_200' title='bbox 538 2536 620 2592; x_wconf 78' lang='grc' dir='ltr'>ὅτι</span> <span class='ocrx_word' id='word_1_201' title='bbox 681 2535 733 2590; x_wconf 72' lang='grc' dir='ltr'>ἐν</span> <span class='ocrx_word' id='word_1_202' title='bbox 790 2541 909 2598; x_wconf 86' lang='grc' dir='ltr'>ταῖς</span> <span class='ocrx_word' id='word_1_203' title='bbox 966 2534 1130 2596; x_wconf 83' lang='grc' dir='ltr'>θείαις</span> <span class='ocrx_word' id='word_1_204' title='bbox 1188 2539 1426 2612; x_wconf 80' lang='grc' dir='ltr'>Γραφαῖς</span> <span class='ocrx_word' id='word_1_205' title='bbox 1487 2532 1549 2588; x_wconf 86' lang='grc' dir='ltr'>ού</span> <span class='ocrx_word' id='word_1_206' title='bbox 1601 2535 1902 2610; x_wconf 80' lang='grc' dir='ltr'>γέγραπται</span> 
     </span>
    </p>
   </div>
   <div class='ocr_carea' id='block_1_28' title="bbox 246 2623 1900 2703">
    <p class='ocr_par' dir='ltr' id='par_1_28' title="bbox 246 2623 1900 2703">
     <span class='ocr_line' id='line_1_28' title="bbox 246 2623 1900 2703; baseline -0.002 -21"><span class='ocrx_word' id='word_1_207' title='bbox 246 2628 370 2703; x_wconf 80' lang='grc' dir='ltr'>περὶ</span> <span class='ocrx_word' id='word_1_208' title='bbox 430 2625 639 2681; x_wconf 87' lang='grc' dir='ltr'>τούτων</span> <span class='ocrx_word' id='word_1_209' title='bbox 675 2646 688 2659; x_wconf 90' lang='grc'><strong>·</strong></span> <span class='ocrx_word' id='word_1_210' title='bbox 749 2624 840 2680; x_wconf 84' lang='grc' dir='ltr'>καὶ</span> <span class='ocrx_word' id='word_1_211' title='bbox 899 2623 982 2679; x_wconf 82' lang='grc' dir='ltr'>ὅτι</span> <span class='ocrx_word' id='word_1_212' title='bbox 1039 2627 1208 2679; x_wconf 90' lang='grc' dir='ltr'>ταῦτα</span> <span class='ocrx_word' id='word_1_213' title='bbox 1267 2624 1398 2698; x_wconf 74' lang='grc' dir='ltr'>ὑπὲρ</span> <span class='ocrx_word' id='word_1_214' title='bbox 1449 2624 1548 2693; x_wconf 76' lang='grc' dir='ltr'>τὴν</span> <span class='ocrx_word' id='word_1_215' title='bbox 1602 2624 1900 2699; x_wconf 83' lang='grc' dir='ltr'>ἀνθρώπων</span> 
     </span>
    </p>
   </div>
   <div class='ocr_carea' id='block_1_29' title="bbox 245 2710 1903 2791">
    <p class='ocr_par' dir='ltr' id='par_1_29' title="bbox 245 2710 1903 2791">
     <span class='ocr_line' id='line_1_29' title="bbox 245 2710 1903 2791; baseline -0.002 -21"><span class='ocrx_word' id='word_1_216' title='bbox 245 2720 442 2791; x_wconf 86' lang='grc' dir='ltr'>γνῶσιν</span> <span class='ocrx_word' id='word_1_217' title='bbox 472 2715 559 2769; x_wconf 86' lang='grc' dir='ltr'>καὶ</span> <span class='ocrx_word' id='word_1_218' title='bbox 602 2713 693 2769; x_wconf 91' lang='grc' dir='ltr'>τὸν</span> <span class='ocrx_word' id='word_1_219' title='bbox 745 2712 1044 2789; x_wconf 83' lang='grc' dir='ltr'>ἀνθρώπων</span> <span class='ocrx_word' id='word_1_220' title='bbox 1089 2716 1213 2767; x_wconf 89' lang='grc' dir='ltr'>νοῦν</span> <span class='ocrx_word' id='word_1_221' title='bbox 1265 2712 1394 2767; x_wconf 79' lang='grc' dir='ltr'>ἐστι’</span> <span class='ocrx_word' id='word_1_222' title='bbox 1447 2712 1534 2767; x_wconf 83' lang='grc' dir='ltr'>καὶ</span> <span class='ocrx_word' id='word_1_223' title='bbox 1590 2710 1672 2767; x_wconf 76' lang='grc' dir='ltr'>ὅτι</span> <span class='ocrx_word' id='word_1_224' title='bbox 1728 2710 1903 2775; x_wconf 76' lang='grc' dir='ltr'>οὐδεὶς</span> 
     </span>
    </p>
   </div>
   <div class='ocr_carea' id='block_1_30' title="bbox 249 2798 1900 2879">
    <p class='ocr_par' dir='ltr' id='par_1_30' title="bbox 249 2798 1900 2879">
     <span class='ocr_line' id='line_1_30' title="bbox 249 2798 1900 2879; baseline -0.002 -19"><span class='ocrx_word' id='word_1_225' title='bbox 249 2804 471 2860; x_wconf 88' lang='grc' dir='ltr'>δύναται</span> <span class='ocrx_word' id='word_1_226' title='bbox 496 2804 598 2874; x_wconf 83' lang='grc' dir='ltr'>τήν</span> <span class='ocrx_word' id='word_1_227' title='bbox 631 2803 817 2879; x_wconf 80' lang='grc' dir='ltr'>γενεὰν</span> <span class='ocrx_word' id='word_1_228' title='bbox 870 2806 968 2857; x_wconf 89' lang='grc' dir='ltr'>τοῦ</span> <span class='ocrx_word' id='word_1_229' title='bbox 1018 2803 1147 2856; x_wconf 76' lang='grc' dir='ltr'>Υἱοῦ</span> <span class='ocrx_word' id='word_1_230' title='bbox 1187 2798 1570 2878; x_wconf 75' lang='grc' dir='ltr'>διηγήσασθαι,</span> <span class='ocrx_word' id='word_1_231' title='bbox 1599 2801 1777 2865; x_wconf 87' lang='grc' dir='ltr'>καθὼς</span> <span class='ocrx_word' id='word_1_232' title='bbox 1810 2803 1900 2878; x_wconf 87' lang='grc' dir='ltr'>γέ-</span> 
     </span>
    </p>
   </div>
   <div class='ocr_carea' id='block_1_31' title="bbox 244 2887 1899 2970">
    <p class='ocr_par' dir='ltr' id='par_1_31' title="bbox 244 2887 1899 2970">
     <span class='ocr_line' id='line_1_31' title="bbox 244 2887 1899 2970; baseline -0.002 -22"><span class='ocrx_word' id='word_1_233' title='bbox 244 2912 502 2970; x_wconf 88' lang='grc' dir='ltr'>γραπται·</span> <span class='ocrx_word' id='word_1_234' title='bbox 538 2916 566 2943; x_wconf 89' lang='grc'><em>‹‹</em></span> <span class='ocrx_word' id='word_1_235' title='bbox 609 2892 723 2961; x_wconf 79' lang='grc' dir='ltr'>Τὴν</span> <span class='ocrx_word' id='word_1_236' title='bbox 771 2890 958 2967; x_wconf 75' lang='grc' dir='ltr'>γενεὰν</span> <span class='ocrx_word' id='word_1_237' title='bbox 1000 2892 1111 2964; x_wconf 87' lang='grc'>(72)</span> <span class='ocrx_word' id='word_1_238' title='bbox 1146 2889 1309 2945; x_wconf 81' lang='grc' dir='ltr'>αὐτοῦ</span> <span class='ocrx_word' id='word_1_239' title='bbox 1339 2889 1419 2953; x_wconf 81' lang='grc' dir='ltr'>τίς</span> <span class='ocrx_word' id='word_1_240' title='bbox 1470 2887 1788 2967; x_wconf 75' lang='grc' dir='ltr'>διηγήσεται</span> <span class='ocrx_word' id='word_1_241' title='bbox 1821 2909 1834 2960; x_wconf 90' lang='grc'><strong>;</strong></span> <span class='ocrx_word' id='word_1_242' title='bbox 1870 2916 1899 2943; x_wconf 88' lang='grc'><strong>››</strong></span> 
     </span>
    </p>
   </div>
   <div class='ocr_carea' id='block_1_32' title="bbox 2011 660 3666 739">
    <p class='ocr_par' dir='ltr' id='par_1_32' title="bbox 2011 660 3666 739">
     <span class='ocr_line' id='line_1_32' title="bbox 2011 660 3666 739; baseline 0.007 -24"><span class='ocrx_word' id='word_1_243' title='bbox 2011 664 2070 716; x_wconf 88' lang='lat' dir='ltr'>et</span> <span class='ocrx_word' id='word_1_244' title='bbox 2093 660 2383 731; x_wconf 86' lang='lat' dir='ltr'>discussa,</span> <span class='ocrx_word' id='word_1_245' title='bbox 2418 664 2804 735; x_wconf 63' lang='lat' dir='ltr'>prementibus</span> <span class='ocrx_word' id='word_1_246' title='bbox 2837 664 3095 732; x_wconf 86' lang='lat' dir='ltr'>Valente,</span> <span class='ocrx_word' id='word_1_247' title='bbox 3147 667 3407 739; x_wconf 88' lang='lat' dir='ltr'>Ursacio,</span> <span class='ocrx_word' id='word_1_248' title='bbox 3453 670 3666 727; x_wconf 86' lang='lat' dir='ltr'>Germi-</span> 
     </span>
    </p>
   </div>
   <div class='ocr_carea' id='block_1_33' title="bbox 2013 750 3664 817">
    <p class='ocr_par' dir='ltr' id='par_1_33' title="bbox 2013 750 3664 817">
     <span class='ocr_line' id='line_1_33' title="bbox 2013 750 3664 817; baseline 0.008 -14"><span class='ocrx_word' id='word_1_249' title='bbox 2013 750 2109 805; x_wconf 94' lang='lat' dir='ltr'>nio</span> <span class='ocrx_word' id='word_1_250' title='bbox 2139 755 2196 806; x_wconf 88' lang='lat' dir='ltr'>et</span> <span class='ocrx_word' id='word_1_251' title='bbox 2224 752 2471 809; x_wconf 57' lang='lat' dir='ltr'>caeteris.</span> <span class='ocrx_word' id='word_1_252' title='bbox 2522 753 2713 809; x_wconf 90' lang='lat' dir='ltr'>Unum</span> <span class='ocrx_word' id='word_1_253' title='bbox 2765 760 2998 811; x_wconf 78' lang='lat' dir='ltr'>constat</span> <span class='ocrx_word' id='word_1_254' title='bbox 3045 756 3229 812; x_wconf 91' lang='lat' dir='ltr'>Deum</span> <span class='ocrx_word' id='word_1_255' title='bbox 3269 775 3400 814; x_wconf 90' lang='lat' dir='ltr'>esse</span> <span class='ocrx_word' id='word_1_256' title='bbox 3449 764 3507 815; x_wconf 90' lang='lat' dir='ltr'>et</span> <span class='ocrx_word' id='word_1_257' title='bbox 3556 762 3664 817; x_wconf 89' lang='lat' dir='ltr'>Pa-</span> 
     </span>
    </p>
   </div>
   <div class='ocr_carea' id='block_1_34' title="bbox 2012 840 3660 918">
    <p class='ocr_par' dir='ltr' id='par_1_34' title="bbox 2012 840 3660 918">
     <span class='ocr_line' id='line_1_34' title="bbox 2012 840 3660 918; baseline 0.008 -25"><span class='ocrx_word' id='word_1_258' title='bbox 2012 844 2160 895; x_wconf 82' lang='lat' dir='ltr'>trem</span> <span class='ocrx_word' id='word_1_259' title='bbox 2213 840 2653 914; x_wconf 84' lang='lat' dir='ltr'>omipotentem,</span> <span class='ocrx_word' id='word_1_260' title='bbox 2707 848 2771 899; x_wconf 91' lang='lat' dir='ltr'>ut</span> <span class='ocrx_word' id='word_1_261' title='bbox 2821 844 2904 899; x_wconf 89' lang='lat' dir='ltr'>sic</span> <span class='ocrx_word' id='word_1_262' title='bbox 2953 862 3056 918; x_wconf 91' lang='lat' dir='ltr'>per</span> <span class='ocrx_word' id='word_1_263' title='bbox 3088 846 3426 903; x_wconf 80' lang='lat' dir='ltr'>universum</span> <span class='ocrx_word' id='word_1_264' title='bbox 3460 851 3660 907; x_wconf 86' lang='lat' dir='ltr'>orbem</span> 
     </span>
    </p>
   </div>
   <div class='ocr_carea' id='block_1_35' title="bbox 2013 929 3657 1004">
    <p class='ocr_par' dir='ltr' id='par_1_35' title="bbox 2013 929 3657 1004">
     <span class='ocr_line' id='line_1_35' title="bbox 2013 929 3657 1004; baseline 0.007 -20"><span class='ocrx_word' id='word_1_265' title='bbox 2013 929 2290 985; x_wconf 78' lang='lat' dir='ltr'>creditur.</span> <span class='ocrx_word' id='word_1_266' title='bbox 2324 930 2394 985; x_wconf 84' lang='lat' dir='ltr'>Et</span> <span class='ocrx_word' id='word_1_267' title='bbox 2418 930 2656 987; x_wconf 90' lang='lat' dir='ltr'>unicum</span> <span class='ocrx_word' id='word_1_268' title='bbox 2688 932 2899 988; x_wconf 89' lang='lat' dir='ltr'>Filium</span> <span class='ocrx_word' id='word_1_269' title='bbox 2933 935 3061 1004; x_wconf 84' lang='lat' dir='ltr'>ejus</span> <span class='ocrx_word' id='word_1_270' title='bbox 3108 935 3310 990; x_wconf 88' lang='lat' dir='ltr'>Jesum</span> <span class='ocrx_word' id='word_1_271' title='bbox 3360 937 3657 996; x_wconf 82' lang='lat' dir='ltr'>Christum</span> 
     </span>
    </p>
   </div>
   <div class='ocr_carea' id='block_1_36' title="bbox 2017 1019 3658 1096">
    <p class='ocr_par' dir='ltr' id='par_1_36' title="bbox 2017 1019 3658 1096">
     <span class='ocr_line' id='line_1_36' title="bbox 2017 1019 3658 1096; baseline 0.007 -22"><span class='ocrx_word' id='word_1_272' title='bbox 2017 1019 2326 1075; x_wconf 87' lang='lat' dir='ltr'>Dominum</span> <span class='ocrx_word' id='word_1_273' title='bbox 2377 1020 2732 1077; x_wconf 87' lang='lat' dir='ltr'>Salvatorem</span> <span class='ocrx_word' id='word_1_274' title='bbox 2789 1028 3080 1091; x_wconf 89' lang='lat' dir='ltr'>nostrum,</span> <span class='ocrx_word' id='word_1_275' title='bbox 3131 1041 3198 1080; x_wconf 87' lang='lat' dir='ltr'>ex</span> <span class='ocrx_word' id='word_1_276' title='bbox 3230 1026 3354 1096; x_wconf 88' lang='lat' dir='ltr'>ipso</span> <span class='ocrx_word' id='word_1_277' title='bbox 3387 1032 3518 1083; x_wconf 89' lang='lat' dir='ltr'>ante</span> <span class='ocrx_word' id='word_1_278' title='bbox 3551 1047 3658 1085; x_wconf 57' lang='lat' dir='ltr'>sev</span> 
     </span>
    </p>
   </div>
   <div class='ocr_carea' id='block_1_37' title="bbox 2014 1106 3657 1186">
    <p class='ocr_par' dir='ltr' id='par_1_37' title="bbox 2014 1106 3657 1186">
     <span class='ocr_line' id='line_1_37' title="bbox 2014 1106 3657 1186; baseline 0.007 -24"><span class='ocrx_word' id='word_1_279' title='bbox 2014 1106 2146 1163; x_wconf 84' lang='lat' dir='ltr'>cula</span> <span class='ocrx_word' id='word_1_280' title='bbox 2173 1110 2459 1180; x_wconf 88' lang='lat' dir='ltr'>genitum.</span> <span class='ocrx_word' id='word_1_281' title='bbox 2492 1110 2650 1166; x_wconf 89' lang='lat' dir='ltr'>Duos</span> <span class='ocrx_word' id='word_1_282' title='bbox 2680 1115 2875 1167; x_wconf 89' lang='lat' dir='ltr'>autem</span> <span class='ocrx_word' id='word_1_283' title='bbox 2908 1113 3055 1169; x_wconf 87' lang='lat' dir='ltr'>Deos</span> <span class='ocrx_word' id='word_1_284' title='bbox 3085 1130 3192 1170; x_wconf 90' lang='lat' dir='ltr'>nec</span> <span class='ocrx_word' id='word_1_285' title='bbox 3223 1131 3392 1186; x_wconf 80' lang='lat' dir='ltr'>posse</span> <span class='ocrx_word' id='word_1_286' title='bbox 3422 1132 3527 1172; x_wconf 91' lang='lat' dir='ltr'>nec</span> <span class='ocrx_word' id='word_1_287' title='bbox 3556 1118 3657 1173; x_wconf 87' lang='lat' dir='ltr'>de-</span> 
     </span>
    </p>
   </div>
   <div class='ocr_carea' id='block_1_38' title="bbox 2012 1196 3658 1272">
    <p class='ocr_par' dir='ltr' id='par_1_38' title="bbox 2012 1196 3658 1272">
     <span class='ocr_line' id='line_1_38' title="bbox 2012 1196 3658 1272; baseline 0.007 -21"><span class='ocrx_word' id='word_1_288' title='bbox 2012 1196 2150 1253; x_wconf 87' lang='lat' dir='ltr'>bere</span> <span class='ocrx_word' id='word_1_289' title='bbox 2180 1198 2504 1269; x_wconf 71' lang='lat' dir='ltr'>praedicari,</span> <span class='ocrx_word' id='word_1_290' title='bbox 2533 1200 2668 1270; x_wconf 90' lang='lat' dir='ltr'>quia</span> <span class='ocrx_word' id='word_1_291' title='bbox 2697 1200 2822 1272; x_wconf 89' lang='lat' dir='ltr'>ipse</span> <span class='ocrx_word' id='word_1_292' title='bbox 2853 1201 3139 1258; x_wconf 83' lang='lat' dir='ltr'>Dominus</span> <span class='ocrx_word' id='word_1_293' title='bbox 3164 1203 3311 1259; x_wconf 83' lang='lat' dir='ltr'>dixit</span> <span class='ocrx_word' id='word_1_294' title='bbox 3343 1222 3355 1259; x_wconf 91' lang='lat'>:</span> <span class='ocrx_word' id='word_1_295' title='bbox 3392 1228 3420 1255; x_wconf 77' lang='grc' dir='ltr'>α</span> <span class='ocrx_word' id='word_1_296' title='bbox 3454 1207 3554 1262; x_wconf 92' lang='lat' dir='ltr'>Ibo</span> <span class='ocrx_word' id='word_1_297' title='bbox 3584 1207 3658 1262; x_wconf 91' lang='lat' dir='ltr'>ad</span> 
     </span>
    </p>
   </div>
   <div class='ocr_carea' id='block_1_39' title="bbox 2015 1290 3658 1365">
    <p class='ocr_par' dir='ltr' id='par_1_39' title="bbox 2015 1290 3658 1365">
     <span class='ocr_line' id='line_1_39' title="bbox 2015 1290 3658 1365; baseline 0.007 -25"><span class='ocrx_word' id='word_1_298' title='bbox 2015 1310 2043 1339; x_wconf 78' lang='grc' dir='ltr'>α</span> <span class='ocrx_word' id='word_1_299' title='bbox 2078 1291 2307 1343; x_wconf 79' lang='lat' dir='ltr'>Patrem</span> <span class='ocrx_word' id='word_1_300' title='bbox 2341 1304 2538 1343; x_wconf 88' lang='lat' dir='ltr'>meum</span> <span class='ocrx_word' id='word_1_301' title='bbox 2569 1294 2625 1343; x_wconf 89' lang='lat' dir='ltr'>et</span> <span class='ocrx_word' id='word_1_302' title='bbox 2655 1290 2723 1344; x_wconf 87' lang='lat' dir='ltr'>ad</span> <span class='ocrx_word' id='word_1_303' title='bbox 2760 1290 2985 1346; x_wconf 78' lang='lat' dir='ltr'>Patrem</span> <span class='ocrx_word' id='word_1_304' title='bbox 3015 1296 3295 1365; x_wconf 87' lang='lat' dir='ltr'>vestrum,</span> <span class='ocrx_word' id='word_1_305' title='bbox 3348 1296 3418 1350; x_wconf 87' lang='lat' dir='ltr'>ad</span> <span class='ocrx_word' id='word_1_306' title='bbox 3479 1301 3658 1353; x_wconf 81' lang='lat' dir='ltr'>Deum</span> 
     </span>
    </p>
   </div>
   <div class='ocr_carea' id='block_1_40' title="bbox 2015 1377 3663 1440">
    <p class='ocr_par' dir='ltr' id='par_1_40' title="bbox 2015 1377 3663 1440">
     <span class='ocr_line' id='line_1_40' title="bbox 2015 1377 3663 1440; baseline 0.007 -11"><span class='ocrx_word' id='word_1_307' title='bbox 2015 1398 2043 1425; x_wconf 84' lang='lat'><strong>«</strong></span> <span class='ocrx_word' id='word_1_308' title='bbox 2078 1391 2273 1430; x_wconf 88' lang='lat' dir='ltr'>meum</span> <span class='ocrx_word' id='word_1_309' title='bbox 2302 1379 2359 1430; x_wconf 90' lang='lat' dir='ltr'>et</span> <span class='ocrx_word' id='word_1_310' title='bbox 2389 1377 2458 1431; x_wconf 79' lang='lat' dir='ltr'>ad</span> <span class='ocrx_word' id='word_1_311' title='bbox 2492 1377 2674 1433; x_wconf 88' lang='lat' dir='ltr'>Deum</span> <span class='ocrx_word' id='word_1_312' title='bbox 2698 1380 3200 1437; x_wconf 71' lang='lat' dir='ltr'>vestrum&quot;.»ldeo</span> <span class='ocrx_word' id='word_1_313' title='bbox 3222 1383 3486 1439; x_wconf 89' lang='lat' dir='ltr'>omnium</span> <span class='ocrx_word' id='word_1_314' title='bbox 3509 1385 3663 1440; x_wconf 86' lang='lat' dir='ltr'>Deus</span> 
     </span>
    </p>
   </div>
   <div class='ocr_carea' id='block_1_41' title="bbox 2015 1464 3663 1538">
    <p class='ocr_par' dir='ltr' id='par_1_41' title="bbox 2015 1464 3663 1538">
     <span class='ocr_line' id='line_1_41' title="bbox 2015 1464 3663 1538; baseline 0.005 -18"><span class='ocrx_word' id='word_1_315' title='bbox 2015 1481 2168 1521; x_wconf 89' lang='lat' dir='ltr'>unus</span> <span class='ocrx_word' id='word_1_316' title='bbox 2199 1469 2308 1531; x_wconf 89' lang='lat' dir='ltr'>est,</span> <span class='ocrx_word' id='word_1_317' title='bbox 2339 1464 2490 1521; x_wconf 82' lang='lat' dir='ltr'>sicut</span> <span class='ocrx_word' id='word_1_318' title='bbox 2518 1468 2830 1538; x_wconf 81' lang='lat' dir='ltr'>Apostolus</span> <span class='ocrx_word' id='word_1_319' title='bbox 2861 1469 3059 1525; x_wconf 89' lang='lat' dir='ltr'>docuit</span> <span class='ocrx_word' id='word_1_320' title='bbox 3087 1487 3100 1525; x_wconf 89' lang='lat'>:</span> <span class='ocrx_word' id='word_1_321' title='bbox 3135 1493 3161 1521; x_wconf 88' lang='grc'>‹‹</span> <span class='ocrx_word' id='word_1_322' title='bbox 3192 1472 3277 1525; x_wconf 82' lang='lat' dir='ltr'>An</span> <span class='ocrx_word' id='word_1_323' title='bbox 3324 1471 3663 1529; x_wconf 67' lang='lat' dir='ltr'>Judaaorum</span> 
     </span>
    </p>
   </div>
   <div class='ocr_carea' id='block_1_42' title="bbox 2016 1552 3664 1635">
    <p class='ocr_par' dir='ltr' id='par_1_42' title="bbox 2016 1552 3664 1635">
     <span class='ocr_line' id='line_1_42' title="bbox 2016 1552 3664 1635; baseline 0.008 -30"><span class='ocrx_word' id='word_1_324' title='bbox 2016 1576 2043 1604; x_wconf 85' lang='lat'>«</span> <span class='ocrx_word' id='word_1_325' title='bbox 2077 1552 2230 1609; x_wconf 84' lang='lat' dir='ltr'>Deus</span> <span class='ocrx_word' id='word_1_326' title='bbox 2261 1554 2540 1610; x_wconf 84' lang='lat' dir='ltr'>tantum?</span> <span class='ocrx_word' id='word_1_327' title='bbox 2573 1573 2764 1611; x_wconf 88' lang='lat' dir='ltr'>nonne</span> <span class='ocrx_word' id='word_1_328' title='bbox 2794 1561 2852 1612; x_wconf 89' lang='lat' dir='ltr'>et</span> <span class='ocrx_word' id='word_1_329' title='bbox 2888 1558 3151 1629; x_wconf 87' lang='lat' dir='ltr'>gentium</span> <span class='ocrx_word' id='word_1_330' title='bbox 3173 1560 3201 1614; x_wconf 86' lang='lat'><strong>?</strong></span> <span class='ocrx_word' id='word_1_331' title='bbox 3248 1560 3370 1616; x_wconf 89' lang='lat' dir='ltr'>lmo</span> <span class='ocrx_word' id='word_1_332' title='bbox 3420 1565 3477 1617; x_wconf 89' lang='lat' dir='ltr'>et</span> <span class='ocrx_word' id='word_1_333' title='bbox 3522 1578 3664 1635; x_wconf 87' lang='lat' dir='ltr'>gen-</span> 
     </span>
    </p>
   </div>
   <div class='ocr_carea' id='block_1_43' title="bbox 2017 1642 3668 1722">
    <p class='ocr_par' dir='ltr' id='par_1_43' title="bbox 2017 1642 3668 1722">
     <span class='ocr_line' id='line_1_43' title="bbox 2017 1642 3668 1722; baseline 0.008 -28"><span class='ocrx_word' id='word_1_334' title='bbox 2017 1665 2044 1692; x_wconf 89' lang='lat'>«</span> <span class='ocrx_word' id='word_1_335' title='bbox 2075 1642 2540 1709; x_wconf 88' lang='lat' dir='ltr'>tium.Quoniam</span> <span class='ocrx_word' id='word_1_336' title='bbox 2573 1645 2811 1717; x_wconf 84' lang='lat' dir='ltr'>quidem</span> <span class='ocrx_word' id='word_1_337' title='bbox 2843 1662 2997 1701; x_wconf 87' lang='lat' dir='ltr'>unus</span> <span class='ocrx_word' id='word_1_338' title='bbox 3024 1651 3113 1703; x_wconf 88' lang='lat' dir='ltr'>est</span> <span class='ocrx_word' id='word_1_339' title='bbox 3140 1648 3423 1722; x_wconf 90' lang='lat' dir='ltr'>Deus,qui</span> <span class='ocrx_word' id='word_1_340' title='bbox 3445 1650 3668 1722; x_wconf 80' lang='lat' dir='ltr'>justifi-</span> 
     </span>
    </p>
   </div>
   <div class='ocr_carea' id='block_1_44' title="bbox 2018 1732 3665 1812">
    <p class='ocr_par' dir='ltr' id='par_1_44' title="bbox 2018 1732 3665 1812">
     <span class='ocr_line' id='line_1_44' title="bbox 2018 1732 3665 1812; baseline 0.008 -30"><span class='ocrx_word' id='word_1_341' title='bbox 2018 1756 2045 1782; x_wconf 89' lang='grc'>‹‹</span> <span class='ocrx_word' id='word_1_342' title='bbox 2077 1736 2172 1787; x_wconf 90' lang='lat' dir='ltr'>cat</span> <span class='ocrx_word' id='word_1_343' title='bbox 2197 1732 2702 1790; x_wconf 86' lang='lat' dir='ltr'>circumeisionem</span> <span class='ocrx_word' id='word_1_344' title='bbox 2734 1751 2802 1789; x_wconf 88' lang='lat' dir='ltr'>ex</span> <span class='ocrx_word' id='word_1_345' title='bbox 2832 1735 2961 1803; x_wconf 75' lang='lat' dir='ltr'>fide,</span> <span class='ocrx_word' id='word_1_346' title='bbox 2997 1740 3054 1791; x_wconf 90' lang='lat' dir='ltr'>et</span> <span class='ocrx_word' id='word_1_347' title='bbox 3085 1739 3432 1809; x_wconf 65' lang='lat' dir='ltr'>praeputium</span> <span class='ocrx_word' id='word_1_348' title='bbox 3467 1756 3570 1812; x_wconf 90' lang='lat' dir='ltr'>per</span> <span class='ocrx_word' id='word_1_349' title='bbox 3597 1741 3665 1795; x_wconf 83' lang='lat' dir='ltr'>ﬁ-</span> 
     </span>
    </p>
   </div>
   <div class='ocr_carea' id='block_1_45' title="bbox 2023 1822 3665 1889">
    <p class='ocr_par' dir='ltr' id='par_1_45' title="bbox 2023 1822 3665 1889">
     <span class='ocr_line' id='line_1_45' title="bbox 2023 1822 3665 1889; baseline 0.005 -14"><span class='ocrx_word' id='word_1_350' title='bbox 2023 1844 2043 1870; x_wconf 77' lang='grc' dir='ltr'>α</span> <span class='ocrx_word' id='word_1_351' title='bbox 2073 1822 2203 1876; x_wconf 89' lang='lat' dir='ltr'>dem</span> <span class='ocrx_word' id='word_1_352' title='bbox 2226 1822 2268 1857; x_wconf 82' lang='grc'>²¹</span> <span class='ocrx_word' id='word_1_353' title='bbox 2290 1840 2303 1889; x_wconf 91' lang='grc'><strong>;</strong></span> <span class='ocrx_word' id='word_1_354' title='bbox 2329 1842 2357 1871; x_wconf 86' lang='grc'><strong>››</strong></span> <span class='ocrx_word' id='word_1_355' title='bbox 2382 1822 2480 1877; x_wconf 90' lang='lat' dir='ltr'>sed</span> <span class='ocrx_word' id='word_1_356' title='bbox 2505 1828 2559 1877; x_wconf 85' lang='lat' dir='ltr'>et</span> <span class='ocrx_word' id='word_1_357' title='bbox 2584 1828 2787 1878; x_wconf 65' lang='lat' dir='ltr'>eastern</span> <span class='ocrx_word' id='word_1_358' title='bbox 2809 1828 3206 1881; x_wconf 89' lang='lat' dir='ltr'>convenerunt</span> <span class='ocrx_word' id='word_1_359' title='bbox 3230 1842 3335 1881; x_wconf 89' lang='lat' dir='ltr'>nec</span> <span class='ocrx_word' id='word_1_360' title='bbox 3359 1826 3537 1883; x_wconf 82' lang='lat' dir='ltr'>ullam</span> <span class='ocrx_word' id='word_1_361' title='bbox 3560 1829 3665 1884; x_wconf 88' lang='lat' dir='ltr'>ha-</span> 
     </span>
    </p>
   </div>
   <div class='ocr_carea' id='block_1_46' title="bbox 1940 1904 3664 2011">
    <p class='ocr_par' dir='ltr' id='par_1_46' title="bbox 1940 1904 3664 2011">
     <span class='ocr_line' id='line_1_46' title="bbox 1940 1904 3664 2011; baseline 0.005 -46"><span class='ocrx_word' id='word_1_362' title='bbox 1940 1947 1985 2011; x_wconf 80' lang='lat' dir='ltr'><strong>B</strong></span> <span class='ocrx_word' id='word_1_363' title='bbox 2020 1912 2154 1966; x_wconf 88' lang='lat' dir='ltr'>bere</span> <span class='ocrx_word' id='word_1_364' title='bbox 2183 1916 2501 1983; x_wconf 83' lang='lat' dir='ltr'>potuerunt</span> <span class='ocrx_word' id='word_1_365' title='bbox 2531 1904 3178 1985; x_wconf 84' lang='lat' dir='ltr'>discrepantiam.Quod</span> <span class='ocrx_word' id='word_1_366' title='bbox 3211 1931 3345 1971; x_wconf 89' lang='lat' dir='ltr'>vero</span> <span class='ocrx_word' id='word_1_367' title='bbox 3377 1919 3664 1988; x_wconf 83' lang='lat' dir='ltr'>quosdam</span> 
     </span>
    </p>
   </div>
   <div class='ocr_carea' id='block_1_47' title="bbox 2014 1999 3668 2077">
    <p class='ocr_par' dir='ltr' id='par_1_47' title="bbox 2014 1999 3668 2077">
     <span class='ocr_line' id='line_1_47' title="bbox 2014 1999 3668 2077; baseline 0.005 -23"><span class='ocrx_word' id='word_1_368' title='bbox 2014 2004 2116 2055; x_wconf 88' lang='lat' dir='ltr'>aut</span> <span class='ocrx_word' id='word_1_369' title='bbox 2138 1999 2355 2055; x_wconf 87' lang='lat' dir='ltr'>multos</span> <span class='ocrx_word' id='word_1_370' title='bbox 2379 2000 2664 2069; x_wconf 82' lang='lat' dir='ltr'>movebat,</span> <span class='ocrx_word' id='word_1_371' title='bbox 2683 2002 2833 2059; x_wconf 73' lang='lat'>595</span> <span class='ocrx_word' id='word_1_372' title='bbox 2861 2002 2931 2057; x_wconf 90' lang='lat' dir='ltr'>de</span> <span class='ocrx_word' id='word_1_373' title='bbox 2954 2003 3454 2077; x_wconf 70' lang='lat' dir='ltr'>substantia,quae</span> <span class='ocrx_word' id='word_1_374' title='bbox 3474 2006 3668 2062; x_wconf 65' lang='lat' dir='ltr'>Graece</span> 
     </span>
    </p>
   </div>
   <div class='ocr_carea' id='block_1_48' title="bbox 2012 2087 3666 2165">
    <p class='ocr_par' dir='ltr' id='par_1_48' title="bbox 2012 2087 3666 2165">
     <span class='ocr_line' id='line_1_48' title="bbox 2012 2087 3666 2165; baseline 0.005 -23"><span class='ocrx_word' id='word_1_375' title='bbox 2012 2089 2143 2144; x_wconf 74' lang='lat' dir='ltr'>usia</span> <span class='ocrx_word' id='word_1_376' title='bbox 2189 2087 2555 2160; x_wconf 84' lang='lat' dir='ltr'>appellatur,</span> <span class='ocrx_word' id='word_1_377' title='bbox 2608 2090 2664 2145; x_wconf 90' lang='lat' dir='ltr'>id</span> <span class='ocrx_word' id='word_1_378' title='bbox 2712 2094 2799 2146; x_wconf 89' lang='lat' dir='ltr'>est</span> <span class='ocrx_word' id='word_1_379' title='bbox 2846 2091 2936 2163; x_wconf 92' lang='lat' dir='ltr'>(ut</span> <span class='ocrx_word' id='word_1_380' title='bbox 2981 2094 3317 2165; x_wconf 83' lang='lat' dir='ltr'>expressius</span> <span class='ocrx_word' id='word_1_381' title='bbox 3370 2093 3666 2163; x_wconf 80' lang='lat' dir='ltr'>intelliga-</span> 
     </span>
    </p>
   </div>
   <div class='ocr_carea' id='block_1_49' title="bbox 2011 2177 3665 2251">
    <p class='ocr_par' dir='ltr' id='par_1_49' title="bbox 2011 2177 3665 2251">
     <span class='ocr_line' id='line_1_49' title="bbox 2011 2177 3665 2251; baseline 0.005 -19"><span class='ocrx_word' id='word_1_382' title='bbox 2011 2177 2130 2249; x_wconf 90' lang='lat' dir='ltr'>tur)</span> <span class='ocrx_word' id='word_1_383' title='bbox 2189 2177 2562 2249; x_wconf 82' lang='lat' dir='ltr'>homuusion,</span> <span class='ocrx_word' id='word_1_384' title='bbox 2621 2184 2724 2235; x_wconf 91' lang='lat' dir='ltr'>aut</span> <span class='ocrx_word' id='word_1_385' title='bbox 2776 2181 2927 2251; x_wconf 91' lang='lat' dir='ltr'>quod</span> <span class='ocrx_word' id='word_1_386' title='bbox 2987 2180 3204 2237; x_wconf 90' lang='lat' dir='ltr'>dicitur</span> <span class='ocrx_word' id='word_1_387' title='bbox 3252 2182 3665 2240; x_wconf 82' lang='lat' dir='ltr'>homceusion:</span> 
     </span>
    </p>
   </div>
   <div class='ocr_carea' id='block_1_50' title="bbox 2013 2265 3669 2344">
    <p class='ocr_par' dir='ltr' id='par_1_50' title="bbox 2013 2265 3669 2344">
     <span class='ocr_line' id='line_1_50' title="bbox 2013 2265 3669 2344; baseline 0.005 -24"><span class='ocrx_word' id='word_1_388' title='bbox 2013 2265 2238 2321; x_wconf 86' lang='lat' dir='ltr'>nullam</span> <span class='ocrx_word' id='word_1_389' title='bbox 2262 2266 2499 2322; x_wconf 85' lang='lat' dir='ltr'>omnino</span> <span class='ocrx_word' id='word_1_390' title='bbox 2524 2268 2646 2322; x_wconf 80' lang='lat' dir='ltr'>ﬁeri</span> <span class='ocrx_word' id='word_1_391' title='bbox 2669 2273 2934 2340; x_wconf 85' lang='lat' dir='ltr'>oportere</span> <span class='ocrx_word' id='word_1_392' title='bbox 2961 2270 3315 2327; x_wconf 87' lang='lat' dir='ltr'>mentionem</span> <span class='ocrx_word' id='word_1_393' title='bbox 3342 2288 3447 2328; x_wconf 90' lang='lat' dir='ltr'>nec</span> <span class='ocrx_word' id='word_1_394' title='bbox 3469 2289 3669 2344; x_wconf 85' lang='lat' dir='ltr'>quem-</span> 
     </span>
    </p>
   </div>
   <div class='ocr_carea' id='block_1_51' title="bbox 2014 2356 3668 2433">
    <p class='ocr_par' dir='ltr' id='par_1_51' title="bbox 2014 2356 3668 2433">
     <span class='ocr_line' id='line_1_51' title="bbox 2014 2356 3668 2433; baseline 0.005 -24"><span class='ocrx_word' id='word_1_395' title='bbox 2014 2372 2191 2428; x_wconf 86' lang='lat' dir='ltr'>quam</span> <span class='ocrx_word' id='word_1_396' title='bbox 2225 2356 2561 2427; x_wconf 69' lang='lat' dir='ltr'>praadicare,</span> <span class='ocrx_word' id='word_1_397' title='bbox 2594 2373 2660 2411; x_wconf 91' lang='lat' dir='ltr'>ea</span> <span class='ocrx_word' id='word_1_398' title='bbox 2691 2357 2762 2413; x_wconf 93' lang='lat' dir='ltr'>de</span> <span class='ocrx_word' id='word_1_399' title='bbox 2791 2374 2969 2413; x_wconf 85' lang='lat' dir='ltr'>causa</span> <span class='ocrx_word' id='word_1_400' title='bbox 2999 2362 3055 2414; x_wconf 93' lang='lat' dir='ltr'>et</span> <span class='ocrx_word' id='word_1_401' title='bbox 3085 2360 3329 2427; x_wconf 86' lang='lat' dir='ltr'>ratione,</span> <span class='ocrx_word' id='word_1_402' title='bbox 3364 2361 3518 2433; x_wconf 90' lang='lat' dir='ltr'>quod</span> <span class='ocrx_word' id='word_1_403' title='bbox 3563 2378 3668 2417; x_wconf 91' lang='lat' dir='ltr'>nec</span> 
     </span>
    </p>
   </div>
   <div class='ocr_carea' id='block_1_52' title="bbox 2013 2444 3670 2523">
    <p class='ocr_par' dir='ltr' id='par_1_52' title="bbox 2013 2444 3670 2523">
     <span class='ocr_line' id='line_1_52' title="bbox 2013 2444 3670 2523; baseline 0.003 -22"><span class='ocrx_word' id='word_1_404' title='bbox 2013 2447 2072 2501; x_wconf 87' lang='lat' dir='ltr'>in</span> <span class='ocrx_word' id='word_1_405' title='bbox 2121 2444 2335 2500; x_wconf 86' lang='lat' dir='ltr'>divinis</span> <span class='ocrx_word' id='word_1_406' title='bbox 2382 2445 2703 2518; x_wconf 88' lang='lat' dir='ltr'>Scripturis</span> <span class='ocrx_word' id='word_1_407' title='bbox 2752 2448 3162 2515; x_wconf 87' lang='lat' dir='ltr'>contineatur;</span> <span class='ocrx_word' id='word_1_408' title='bbox 3215 2455 3267 2505; x_wconf 82' lang='lat' dir='ltr'>et</span> <span class='ocrx_word' id='word_1_409' title='bbox 3303 2452 3457 2522; x_wconf 90' lang='lat' dir='ltr'>quod</span> <span class='ocrx_word' id='word_1_410' title='bbox 3491 2466 3670 2523; x_wconf 88' lang='lat' dir='ltr'>super</span> 
     </span>
    </p>
   </div>
   <div class='ocr_carea' id='block_1_53' title="bbox 2012 2533 3667 2611">
    <p class='ocr_par' dir='ltr' id='par_1_53' title="bbox 2012 2533 3667 2611">
     <span class='ocr_line' id='line_1_53' title="bbox 2012 2533 3667 2611; baseline 0.004 -22"><span class='ocrx_word' id='word_1_411' title='bbox 2012 2534 2271 2590; x_wconf 88' lang='lat' dir='ltr'>hominis</span> <span class='ocrx_word' id='word_1_412' title='bbox 2298 2533 2603 2590; x_wconf 88' lang='lat' dir='ltr'>scientiam</span> <span class='ocrx_word' id='word_1_413' title='bbox 2639 2536 2739 2605; x_wconf 86' lang='lat' dir='ltr'>sit,</span> <span class='ocrx_word' id='word_1_414' title='bbox 2771 2553 2876 2592; x_wconf 90' lang='lat' dir='ltr'>nec</span> <span class='ocrx_word' id='word_1_415' title='bbox 2916 2537 3229 2609; x_wconf 89' lang='lat' dir='ltr'>quisquam</span> <span class='ocrx_word' id='word_1_416' title='bbox 3281 2540 3469 2611; x_wconf 84' lang='lat' dir='ltr'>possit</span> <span class='ocrx_word' id='word_1_417' title='bbox 3517 2540 3667 2595; x_wconf 85' lang='lat' dir='ltr'>nati-</span> 
     </span>
    </p>
   </div>
   <div class='ocr_carea' id='block_1_54' title="bbox 2011 2622 3667 2697">
    <p class='ocr_par' dir='ltr' id='par_1_54' title="bbox 2011 2622 3667 2697">
     <span class='ocr_line' id='line_1_54' title="bbox 2011 2622 3667 2697; baseline 0.006 -22"><span class='ocrx_word' id='word_1_418' title='bbox 2011 2622 2246 2678; x_wconf 83' lang='lat' dir='ltr'>vitatem</span> <span class='ocrx_word' id='word_1_419' title='bbox 2282 2622 2409 2677; x_wconf 83' lang='lat' dir='ltr'>Filii</span> <span class='ocrx_word' id='word_1_420' title='bbox 2442 2640 2734 2692; x_wconf 86' lang='lat' dir='ltr'>enarrare,</span> <span class='ocrx_word' id='word_1_421' title='bbox 2770 2626 2841 2681; x_wconf 85' lang='lat' dir='ltr'>de</span> <span class='ocrx_word' id='word_1_422' title='bbox 2871 2641 2986 2697; x_wconf 91' lang='lat' dir='ltr'>quo</span> <span class='ocrx_word' id='word_1_423' title='bbox 3013 2625 3298 2697; x_wconf 89' lang='lat' dir='ltr'>scriptum</span> <span class='ocrx_word' id='word_1_424' title='bbox 3333 2631 3421 2683; x_wconf 92' lang='lat' dir='ltr'>est</span> <span class='ocrx_word' id='word_1_425' title='bbox 3453 2646 3466 2684; x_wconf 90' lang='lat'><strong><em>:</em></strong></span> <span class='ocrx_word' id='word_1_426' title='bbox 3502 2652 3530 2680; x_wconf 84' lang='lat'>«</span> <span class='ocrx_word' id='word_1_427' title='bbox 3559 2628 3667 2685; x_wconf 87' lang='lat' dir='ltr'>Ge-</span> 
     </span>
    </p>
   </div>
   <div class='ocr_carea' id='block_1_55' title="bbox 2013 2712 3667 2785">
    <p class='ocr_par' dir='ltr' id='par_1_55' title="bbox 2013 2712 3667 2785">
     <span class='ocr_line' id='line_1_55' title="bbox 2013 2712 3667 2785; baseline 0.007 -23"><span class='ocrx_word' id='word_1_428' title='bbox 2013 2733 2041 2762; x_wconf 88' lang='lat'><strong>«</strong></span> <span class='ocrx_word' id='word_1_429' title='bbox 2075 2712 2438 2767; x_wconf 89' lang='lat' dir='ltr'>nerationem</span> <span class='ocrx_word' id='word_1_430' title='bbox 2469 2713 2597 2784; x_wconf 87' lang='lat' dir='ltr'>ejus</span> <span class='ocrx_word' id='word_1_431' title='bbox 2628 2713 2761 2785; x_wconf 87' lang='lat' dir='ltr'>quis</span> <span class='ocrx_word' id='word_1_432' title='bbox 2792 2714 3092 2773; x_wconf 84' lang='lat' dir='ltr'>enarrabit</span> <span class='ocrx_word' id='word_1_433' title='bbox 3130 2715 3264 2770; x_wconf 65' lang='lat'>’3?»</span> <span class='ocrx_word' id='word_1_434' title='bbox 3290 2716 3449 2773; x_wconf 89' lang='lat' dir='ltr'>Scire</span> <span class='ocrx_word' id='word_1_435' title='bbox 3470 2723 3667 2773; x_wconf 88' lang='lat' dir='ltr'>autem</span> 
     </span>
    </p>
   </div>
   <div class='ocr_carea' id='block_1_56' title="bbox 2012 2801 3671 2878">
    <p class='ocr_par' dir='ltr' id='par_1_56' title="bbox 2012 2801 3671 2878">
     <span class='ocr_line' id='line_1_56' title="bbox 2012 2801 3671 2878; baseline 0.002 -21"><span class='ocrx_word' id='word_1_436' title='bbox 2012 2802 2392 2857; x_wconf 81' lang='lat' dir='ltr'>manifestum</span> <span class='ocrx_word' id='word_1_437' title='bbox 2426 2807 2517 2857; x_wconf 91' lang='lat' dir='ltr'>est</span> <span class='ocrx_word' id='word_1_438' title='bbox 2547 2801 2739 2857; x_wconf 88' lang='lat' dir='ltr'>solum</span> <span class='ocrx_word' id='word_1_439' title='bbox 2780 2806 3008 2858; x_wconf 83' lang='lat' dir='ltr'>Patrem</span> <span class='ocrx_word' id='word_1_440' title='bbox 3060 2806 3356 2876; x_wconf 89' lang='lat' dir='ltr'>quomodo</span> <span class='ocrx_word' id='word_1_441' title='bbox 3401 2807 3671 2878; x_wconf 82' lang='lat' dir='ltr'>genuerit</span> 
     </span>
    </p>
   </div>
   <div class='ocr_carea' id='block_1_57' title="bbox 2011 2890 3668 2965">
    <p class='ocr_par' dir='ltr' id='par_1_57' title="bbox 2011 2890 3668 2965">
     <span class='ocr_line' id='line_1_57' title="bbox 2011 2890 3668 2965; baseline 0.002 -18"><span class='ocrx_word' id='word_1_442' title='bbox 2011 2890 2224 2947; x_wconf 89' lang='lat' dir='ltr'>Filium</span> <span class='ocrx_word' id='word_1_443' title='bbox 2284 2907 2498 2958; x_wconf 88' lang='lat' dir='ltr'>suum;</span> <span class='ocrx_word' id='word_1_444' title='bbox 2558 2897 2613 2945; x_wconf 89' lang='lat' dir='ltr'>et</span> <span class='ocrx_word' id='word_1_445' title='bbox 2672 2890 2883 2946; x_wconf 85' lang='lat' dir='ltr'>Filium</span> <span class='ocrx_word' id='word_1_446' title='bbox 2933 2893 3222 2962; x_wconf 90' lang='lat' dir='ltr'>quomodo</span> <span class='ocrx_word' id='word_1_447' title='bbox 3253 2894 3491 2965; x_wconf 89' lang='lat' dir='ltr'>genitus</span> <span class='ocrx_word' id='word_1_448' title='bbox 3530 2895 3668 2951; x_wconf 85' lang='lat' dir='ltr'>sita</span> 
     </span>
    </p>
   </div>
   <div class='ocr_carea' id='block_1_58' title="bbox 245 2975 1908 3057">
    <p class='ocr_par' dir='ltr' id='par_1_58' title="bbox 245 2975 1896 3057">
     <span class='ocr_line' id='line_1_58' title="bbox 245 2975 1896 3057; baseline -0.002 -21"><span class='ocrx_word' id='word_1_449' title='bbox 245 2982 427 3037; x_wconf 84' lang='grc' dir='ltr'>Μόνον</span> <span class='ocrx_word' id='word_1_450' title='bbox 452 2978 552 3057; x_wconf 69' lang='grc' dir='ltr'>γὰρ</span> <span class='ocrx_word' id='word_1_451' title='bbox 584 2975 777 3034; x_wconf 72' lang='grc' dir='ltr'>εἰδέναι</span> <span class='ocrx_word' id='word_1_452' title='bbox 832 2977 923 3033; x_wconf 87' lang='grc' dir='ltr'>τὸν</span> <span class='ocrx_word' id='word_1_453' title='bbox 974 2976 1186 3055; x_wconf 82' lang='grc' dir='ltr'>Πατέρα</span> <span class='ocrx_word' id='word_1_454' title='bbox 1229 2977 1453 3055; x_wconf 66' lang='grc' dir='ltr'>φανερόν</span> <span class='ocrx_word' id='word_1_455' title='bbox 1503 2976 1634 3046; x_wconf 76' lang='grc' dir='ltr'>ἐστι,</span> <span class='ocrx_word' id='word_1_456' title='bbox 1663 2981 1780 3039; x_wconf 84' lang='grc' dir='ltr'>πῶς</span> <span class='ocrx_word' id='word_1_457' title='bbox 1807 2978 1896 3032; x_wconf 90' lang='grc' dir='ltr'>τὸν</span> 
     </span>
    </p>
   </div>
   <div class='ocr_carea' id='block_1_59' title="bbox 2021 2975 3665 3057">
    <p class='ocr_par' dir='ltr' id='par_1_59' title="bbox 2021 2978 3665 3052">
     <span class='ocr_line' id='line_1_59' title="bbox 2021 2978 3665 3052; baseline 0.004 -18"><span class='ocrx_word' id='word_1_458' title='bbox 2021 2984 2198 3035; x_wconf 85' lang='lat' dir='ltr'>Patre.</span> <span class='ocrx_word' id='word_1_459' title='bbox 2231 2978 2403 3034; x_wconf 89' lang='lat' dir='ltr'>Nulla</span> <span class='ocrx_word' id='word_1_460' title='bbox 2441 2978 2801 3052; x_wconf 84' lang='lat' dir='ltr'>ambiguitas</span> <span class='ocrx_word' id='word_1_461' title='bbox 2832 2985 2923 3036; x_wconf 85' lang='lat' dir='ltr'>est</span> <span class='ocrx_word' id='word_1_462' title='bbox 2945 2981 3226 3052; x_wconf 87' lang='lat' dir='ltr'>majorem</span> <span class='ocrx_word' id='word_1_463' title='bbox 3249 2997 3377 3037; x_wconf 87' lang='lat' dir='ltr'>esse</span> <span class='ocrx_word' id='word_1_464' title='bbox 3408 2987 3665 3040; x_wconf 87' lang='lat' dir='ltr'>Patrem.</span> 
     </span>
    </p>
   </div>
   <div class='ocr_carea' id='block_1_60' title="bbox 244 3064 1897 3145">
    <p class='ocr_par' dir='ltr' id='par_1_60' title="bbox 244 3064 1897 3145">
     <span class='ocr_line' id='line_1_60' title="bbox 244 3064 1897 3145; baseline -0.002 -21"><span class='ocrx_word' id='word_1_465' title='bbox 244 3070 373 3125; x_wconf 71' lang='grc' dir='ltr'>Υἱὸν</span> <span class='ocrx_word' id='word_1_466' title='bbox 424 3066 695 3145; x_wconf 75' lang='grc' dir='ltr'>ἐγέννησε,</span> <span class='ocrx_word' id='word_1_467' title='bbox 749 3067 838 3122; x_wconf 81' lang='grc' dir='ltr'>καὶ</span> <span class='ocrx_word' id='word_1_468' title='bbox 886 3065 1051 3122; x_wconf 78' lang='grc' dir='ltr'>πάλιν</span> <span class='ocrx_word' id='word_1_469' title='bbox 1096 3066 1186 3121; x_wconf 90' lang='grc' dir='ltr'>τὸν</span> <span class='ocrx_word' id='word_1_470' title='bbox 1242 3065 1385 3138; x_wconf 72' lang='grc' dir='ltr'>Υὶὸν,</span> <span class='ocrx_word' id='word_1_471' title='bbox 1432 3070 1550 3128; x_wconf 88' lang='grc' dir='ltr'>πῶς</span> <span class='ocrx_word' id='word_1_472' title='bbox 1601 3064 1761 3128; x_wconf 81' lang='grc' dir='ltr'>αὐτὸς</span> <span class='ocrx_word' id='word_1_473' title='bbox 1804 3088 1897 3141; x_wconf 86' lang='grc' dir='ltr'>γε-</span> 
     </span>
    </p>
   </div>
   <div class='ocr_carea' id='block_1_61' title="bbox 246 3151 1898 3234">
    <p class='ocr_par' dir='ltr' id='par_1_61' title="bbox 246 3151 1898 3234">
     <span class='ocr_line' id='line_1_61' title="bbox 246 3151 1898 3234; baseline -0.002 -21"><span class='ocrx_word' id='word_1_474' title='bbox 246 3158 500 3234; x_wconf 82' lang='grc' dir='ltr'>γέννηται</span> <span class='ocrx_word' id='word_1_475' title='bbox 533 3157 680 3230; x_wconf 86' lang='grc' dir='ltr'>παρὰ</span> <span class='ocrx_word' id='word_1_476' title='bbox 708 3161 804 3211; x_wconf 88' lang='grc' dir='ltr'>τοῦ</span> <span class='ocrx_word' id='word_1_477' title='bbox 856 3155 1068 3232; x_wconf 88' lang='grc' dir='ltr'>Πατρός</span> <span class='ocrx_word' id='word_1_478' title='bbox 1118 3157 1250 3230; x_wconf 89' lang='lat'>(73).</span> <span class='ocrx_word' id='word_1_479' title='bbox 1308 3151 1504 3213; x_wconf 83' lang='grc' dir='ltr'>Ούδενὶ</span> <span class='ocrx_word' id='word_1_480' title='bbox 1554 3151 1613 3209; x_wconf 73' lang='grc' dir='ltr'>δὲ</span> <span class='ocrx_word' id='word_1_481' title='bbox 1657 3151 1898 3233; x_wconf 76' lang='grc' dir='ltr'>ἀμφίϐο-</span> 
     </span>
    </p>
   </div>
   <div class='ocr_carea' id='block_1_62' title="bbox 244 3240 1894 3321">
    <p class='ocr_par' dir='ltr' id='par_1_62' title="bbox 244 3240 1894 3321">
     <span class='ocr_line' id='line_1_62' title="bbox 244 3240 1894 3321; baseline -0.002 -18"><span class='ocrx_word' id='word_1_482' title='bbox 244 3246 343 3303; x_wconf 82' lang='grc' dir='ltr'>λόν</span> <span class='ocrx_word' id='word_1_483' title='bbox 376 3246 509 3320; x_wconf 78' lang='grc' dir='ltr'>ἔστι,</span> <span class='ocrx_word' id='word_1_484' title='bbox 546 3245 767 3320; x_wconf 81' lang='grc' dir='ltr'>μείζονα</span> <span class='ocrx_word' id='word_1_485' title='bbox 810 3244 938 3299; x_wconf 79' lang='grc' dir='ltr'>εἶναι</span> <span class='ocrx_word' id='word_1_486' title='bbox 985 3244 1078 3299; x_wconf 88' lang='grc' dir='ltr'>τὸν</span> <span class='ocrx_word' id='word_1_487' title='bbox 1127 3243 1356 3321; x_wconf 81' lang='grc' dir='ltr'>Πατέρα·</span> <span class='ocrx_word' id='word_1_488' title='bbox 1393 3240 1519 3299; x_wconf 76' lang='grc' dir='ltr'>οὐδὲ</span> <span class='ocrx_word' id='word_1_489' title='bbox 1573 3244 1676 3319; x_wconf 78' lang='grc' dir='ltr'>γὰρ</span> <span class='ocrx_word' id='word_1_490' title='bbox 1709 3242 1894 3301; x_wconf 81' lang='grc' dir='ltr'>διστά-</span> 
     </span>
    </p>
   </div>
   <div class='ocr_carea' id='block_1_63' title="bbox 2006 3068 3668 3156">
    <p class='ocr_par' dir='ltr' id='par_1_63' title="bbox 2006 3068 3668 3156">
     <span class='ocr_line' id='line_1_63' title="bbox 2006 3068 3668 3156; baseline 0.002 -31"><span class='ocrx_word' id='word_1_491' title='bbox 2006 3068 2162 3125; x_wconf 85' lang='lat' dir='ltr'>Nulli</span> <span class='ocrx_word' id='word_1_492' title='bbox 2188 3072 2376 3141; x_wconf 86' lang='lat' dir='ltr'>potest</span> <span class='ocrx_word' id='word_1_493' title='bbox 2396 3068 2641 3124; x_wconf 88' lang='lat' dir='ltr'>dubium</span> <span class='ocrx_word' id='word_1_494' title='bbox 2666 3084 2794 3125; x_wconf 89' lang='lat' dir='ltr'>esse</span> <span class='ocrx_word' id='word_1_495' title='bbox 2818 3069 3064 3138; x_wconf 75' lang='lat' dir='ltr'>Patrem,</span> <span class='ocrx_word' id='word_1_496' title='bbox 3088 3070 3331 3139; x_wconf 90' lang='lat' dir='ltr'>honore,</span> <span class='ocrx_word' id='word_1_497' title='bbox 3357 3072 3668 3156; x_wconf 53' lang='lat' dir='ltr'>dignitate,</span> 
     </span>
    </p>
   </div>
   <div class='ocr_carea' id='block_1_64' title="bbox 2006 3157 3659 3231">
    <p class='ocr_par' dir='ltr' id='par_1_64' title="bbox 2006 3157 3659 3231">
     <span class='ocr_line' id='line_1_64' title="bbox 2006 3157 3659 3231; baseline 0.002 -17"><span class='ocrx_word' id='word_1_498' title='bbox 2006 3157 2289 3225; x_wconf 88' lang='lat' dir='ltr'>claritate,</span> <span class='ocrx_word' id='word_1_499' title='bbox 2324 3158 2632 3228; x_wconf 89' lang='lat' dir='ltr'>majestate</span> <span class='ocrx_word' id='word_1_500' title='bbox 2661 3162 2718 3213; x_wconf 89' lang='lat' dir='ltr'>et</span> <span class='ocrx_word' id='word_1_501' title='bbox 2748 3157 2873 3229; x_wconf 92' lang='lat' dir='ltr'>ipso</span> <span class='ocrx_word' id='word_1_502' title='bbox 2906 3158 3142 3215; x_wconf 90' lang='lat' dir='ltr'>nomine</span> <span class='ocrx_word' id='word_1_503' title='bbox 3160 3159 3347 3215; x_wconf 86' lang='lat' dir='ltr'>Patris</span> <span class='ocrx_word' id='word_1_504' title='bbox 3379 3163 3659 3231; x_wconf 84' lang='lat' dir='ltr'>majorem</span> 
     </span>
    </p>
   </div>
   <div class='ocr_carea' id='block_1_65' title="bbox 2009 3245 3667 3321">
    <p class='ocr_par' dir='ltr' id='par_1_65' title="bbox 2009 3245 3667 3321">
     <span class='ocr_line' id='line_1_65' title="bbox 2009 3245 3667 3321; baseline 0.002 -17"><span class='ocrx_word' id='word_1_505' title='bbox 2009 3264 2159 3316; x_wconf 87' lang='lat' dir='ltr'>esse,</span> <span class='ocrx_word' id='word_1_506' title='bbox 2176 3246 2321 3302; x_wconf 86' lang='lat' dir='ltr'>Filio</span> <span class='ocrx_word' id='word_1_507' title='bbox 2344 3245 2471 3318; x_wconf 88' lang='lat' dir='ltr'>ipso</span> <span class='ocrx_word' id='word_1_508' title='bbox 2494 3250 2780 3303; x_wconf 89' lang='lat' dir='ltr'>testante:</span> <span class='ocrx_word' id='word_1_509' title='bbox 2810 3266 2830 3295; x_wconf 81' lang='grc' dir='ltr'>ι</span> <span class='ocrx_word' id='word_1_510' title='bbox 2846 3246 2950 3310; x_wconf 88' lang='lat' dir='ltr'>Qui</span> <span class='ocrx_word' id='word_1_511' title='bbox 2977 3264 3070 3303; x_wconf 90' lang='lat' dir='ltr'>me</span> <span class='ocrx_word' id='word_1_512' title='bbox 3094 3248 3255 3305; x_wconf 90' lang='lat' dir='ltr'>misit</span> <span class='ocrx_word' id='word_1_513' title='bbox 3279 3249 3461 3316; x_wconf 87' lang='lat' dir='ltr'>Pater,</span> <span class='ocrx_word' id='word_1_514' title='bbox 3478 3251 3667 3321; x_wconf 83' lang='lat' dir='ltr'>major</span> 
     </span>
    </p>
   </div>
   <div class='ocr_carea' id='block_1_66' title="bbox 245 3309 1908 3426">
    <p class='ocr_par' dir='ltr' id='par_1_66' title="bbox 245 3309 1889 3409">
     <span class='ocr_line' id='line_1_66' title="bbox 245 3309 1889 3409; baseline -0.002 -16"><span class='ocrx_word' id='word_1_515' title='bbox 245 3356 383 3393; x_wconf 86' lang='grc' dir='ltr'>σειεν</span> <span class='ocrx_word' id='word_1_516' title='bbox 416 3309 507 3390; x_wconf 43' lang='grc' dir='ltr'>ἅν.</span> <span class='ocrx_word' id='word_1_517' title='bbox 535 3309 615 3397; x_wconf 76' lang='grc' dir='ltr'>τις</span> <span class='ocrx_word' id='word_1_518' title='bbox 651 3309 760 3389; x_wconf 61' lang='grc' dir='ltr'>⁷τὸν</span> <span class='ocrx_word' id='word_1_519' title='bbox 822 3333 1035 3407; x_wconf 77' lang='grc' dir='ltr'>Πατέρα</span> <span class='ocrx_word' id='word_1_520' title='bbox 1082 3335 1219 3409; x_wconf 81' lang='grc'>(74),</span> <span class='ocrx_word' id='word_1_521' title='bbox 1265 3309 1425 3407; x_wconf 71' lang='grc' dir='ltr'>τιμῇ,</span> <span class='ocrx_word' id='word_1_522' title='bbox 1480 3309 1755 3404; x_wconf 47' lang='grc' dir='ltr'>καῖ’ἆξίᾳ,</span> <span class='ocrx_word' id='word_1_523' title='bbox 1800 3335 1889 3390; x_wconf 80' lang='grc' dir='ltr'>καὶ</span> 
     </span>
    </p>
   </div>
   <div class='ocr_carea' id='block_1_67' title="bbox 2021 3309 3668 3426">
    <p class='ocr_par' dir='ltr' id='par_1_67' title="bbox 2021 3335 3668 3426">
     <span class='ocr_line' id='line_1_67' title="bbox 2021 3335 3668 3426; baseline 0.002 -35"><span class='ocrx_word' id='word_1_524' title='bbox 2021 3361 2040 3391; x_wconf 80' lang='grc' dir='ltr'>ι(</span> <span class='ocrx_word' id='word_1_525' title='bbox 2065 3354 2156 3393; x_wconf 90' lang='lat' dir='ltr'>me</span> <span class='ocrx_word' id='word_1_526' title='bbox 2176 3339 2267 3392; x_wconf 88' lang='lat' dir='ltr'>est</span> <span class='ocrx_word' id='word_1_527' title='bbox 2287 3336 2352 3390; x_wconf 69' lang='grc'>³⁸.</span> <span class='ocrx_word' id='word_1_528' title='bbox 2376 3357 2403 3385; x_wconf 93' lang='grc'><strong>››</strong></span> <span class='ocrx_word' id='word_1_529' title='bbox 2425 3336 2491 3390; x_wconf 84' lang='lat' dir='ltr'>Et</span> <span class='ocrx_word' id='word_1_530' title='bbox 2514 3335 2621 3390; x_wconf 91' lang='lat' dir='ltr'>hoc</span> <span class='ocrx_word' id='word_1_531' title='bbox 2652 3335 3004 3392; x_wconf 86' lang='lat' dir='ltr'>catholicum</span> <span class='ocrx_word' id='word_1_532' title='bbox 3035 3353 3183 3405; x_wconf 85' lang='lat' dir='ltr'>esse,</span> <span class='ocrx_word' id='word_1_533' title='bbox 3203 3354 3377 3394; x_wconf 92' lang='lat' dir='ltr'>nemo</span> <span class='ocrx_word' id='word_1_534' title='bbox 3408 3338 3668 3426; x_wconf 56' lang='lat' dir='ltr'>ignorat,</span> 
     </span>
    </p>
   </div>
   <div class='ocr_carea' id='block_1_68' title="bbox 243 3421 1908 3498">
    <p class='ocr_par' dir='ltr' id='par_1_68' title="bbox 243 3421 1895 3497">
     <span class='ocr_line' id='line_1_68' title="bbox 243 3421 1895 3497; baseline -0.001 -17"><span class='ocrx_word' id='word_1_535' title='bbox 243 3425 484 3497; x_wconf 82' lang='grc' dir='ltr'>θεότητι,</span> <span class='ocrx_word' id='word_1_536' title='bbox 538 3423 628 3480; x_wconf 86' lang='grc' dir='ltr'>καὶ</span> <span class='ocrx_word' id='word_1_537' title='bbox 673 3422 819 3495; x_wconf 78' lang='grc' dir='ltr'>αὐτῷ</span> <span class='ocrx_word' id='word_1_538' title='bbox 863 3427 944 3496; x_wconf 80' lang='grc' dir='ltr'>τῷ</span> <span class='ocrx_word' id='word_1_539' title='bbox 984 3421 1211 3495; x_wconf 85' lang='grc' dir='ltr'>ὀνόματι</span> <span class='ocrx_word' id='word_1_540' title='bbox 1257 3426 1337 3495; x_wconf 79' lang='grc' dir='ltr'>τῷ</span> <span class='ocrx_word' id='word_1_541' title='bbox 1383 3426 1632 3497; x_wconf 86' lang='grc' dir='ltr'>πατρικῷ</span> <span class='ocrx_word' id='word_1_542' title='bbox 1673 3422 1895 3495; x_wconf 80' lang='grc' dir='ltr'>μείζονα</span> 
     </span>
    </p>
   </div>
   <div class='ocr_carea' id='block_1_69' title="bbox 2021 3421 3670 3498">
    <p class='ocr_par' dir='ltr' id='par_1_69' title="bbox 2021 3421 3670 3498">
     <span class='ocr_line' id='line_1_69' title="bbox 2021 3421 3670 3498; baseline 0.001 -16"><span class='ocrx_word' id='word_1_543' title='bbox 2021 3429 2153 3482; x_wconf 82' lang='lat' dir='ltr'>luas</span> <span class='ocrx_word' id='word_1_544' title='bbox 2167 3441 2446 3498; x_wconf 85' lang='lat' dir='ltr'>personas</span> <span class='ocrx_word' id='word_1_545' title='bbox 2460 3441 2589 3481; x_wconf 89' lang='lat' dir='ltr'>esse</span> <span class='ocrx_word' id='word_1_546' title='bbox 2604 3425 2793 3480; x_wconf 89' lang='lat' dir='ltr'>Patris</span> <span class='ocrx_word' id='word_1_547' title='bbox 2807 3429 2864 3481; x_wconf 91' lang='lat' dir='ltr'>et</span> <span class='ocrx_word' id='word_1_548' title='bbox 2875 3425 2998 3481; x_wconf 84' lang='lat' dir='ltr'>Filii</span> <span class='ocrx_word' id='word_1_549' title='bbox 3010 3426 3306 3497; x_wconf 86' lang='lat' dir='ltr'>.Majorem</span> <span class='ocrx_word' id='word_1_550' title='bbox 3323 3431 3573 3493; x_wconf 87' lang='lat' dir='ltr'>Patrem,</span> <span class='ocrx_word' id='word_1_551' title='bbox 3585 3421 3670 3485; x_wconf 60' lang='lat' dir='ltr'>Fil</span> 
     </span>
    </p>
   </div>
   <div class='ocr_carea' id='block_1_70' title="bbox 246 3511 1904 3589">
    <p class='ocr_par' dir='ltr' id='par_1_70' title="bbox 246 3511 1904 3589">
     <span class='ocr_line' id='line_1_70' title="bbox 246 3511 1904 3589; baseline -0.001 -19"><span class='ocrx_word' id='word_1_552' title='bbox 246 3516 404 3588; x_wconf 77' lang='grc' dir='ltr'>εἶναι,</span> <span class='ocrx_word' id='word_1_553' title='bbox 454 3511 1001 3589; x_wconf 80' lang='grc' dir='ltr'>διαμαρτυρουμένου</span> <span class='ocrx_word' id='word_1_554' title='bbox 1056 3512 1224 3567; x_wconf 80' lang='grc' dir='ltr'>αὐτοῦ</span> <span class='ocrx_word' id='word_1_555' title='bbox 1270 3515 1369 3566; x_wconf 89' lang='grc' dir='ltr'>τοῦ</span> <span class='ocrx_word' id='word_1_556' title='bbox 1422 3511 1569 3565; x_wconf 78' lang='grc' dir='ltr'>Υἱοῦ·</span> <span class='ocrx_word' id='word_1_557' title='bbox 1618 3536 1646 3564; x_wconf 79' lang='grc'>‹‹</span> <span class='ocrx_word' id='word_1_558' title='bbox 1697 3512 1758 3569; x_wconf 90' lang='grc' dir='ltr'>Ὁ</span> <span class='ocrx_word' id='word_1_559' title='bbox 1806 3511 1904 3586; x_wconf 70' lang='grc' dir='ltr'>ἐμὲ</span> 
     </span>
    </p>
   </div>
   <div class='ocr_carea' id='block_1_71' title="bbox 247 3597 1901 3678">
    <p class='ocr_par' dir='ltr' id='par_1_71' title="bbox 247 3597 1901 3678">
     <span class='ocr_line' id='line_1_71' title="bbox 247 3597 1901 3678; baseline -0.002 -19"><span class='ocrx_word' id='word_1_560' title='bbox 247 3630 278 3659; x_wconf 82' lang='grc' dir='ltr'>(ι</span> <span class='ocrx_word' id='word_1_561' title='bbox 306 3605 526 3678; x_wconf 87' lang='grc' dir='ltr'>πέμψας</span> <span class='ocrx_word' id='word_1_562' title='bbox 556 3605 578 3660; x_wconf 96' lang='grc' dir='ltr'>Ι</span> <span class='ocrx_word' id='word_1_563' title='bbox 590 3602 751 3678; x_wconf 80' lang='grc' dir='ltr'>ιατήρ</span> <span class='ocrx_word' id='word_1_564' title='bbox 784 3600 981 3675; x_wconf 86' lang='grc' dir='ltr'>μείζων</span> <span class='ocrx_word' id='word_1_565' title='bbox 1019 3600 1124 3674; x_wconf 81' lang='grc' dir='ltr'>μού</span> <span class='ocrx_word' id='word_1_566' title='bbox 1155 3599 1288 3657; x_wconf 79' lang='grc' dir='ltr'>ἐστι.</span> <span class='ocrx_word' id='word_1_567' title='bbox 1320 3624 1347 3651; x_wconf 90' lang='grc'><strong>››</strong></span> <span class='ocrx_word' id='word_1_568' title='bbox 1370 3600 1475 3656; x_wconf 82' lang='grc' dir='ltr'>Καὶ</span> <span class='ocrx_word' id='word_1_569' title='bbox 1505 3605 1668 3656; x_wconf 88' lang='grc' dir='ltr'>τοῦτο</span> <span class='ocrx_word' id='word_1_570' title='bbox 1692 3597 1749 3655; x_wconf 78' lang='grc' dir='ltr'>δὲ</span> <span class='ocrx_word' id='word_1_571' title='bbox 1773 3612 1901 3665; x_wconf 87' lang='grc' dir='ltr'>καθ-</span> 
     </span>
    </p>
   </div>
   <div class='ocr_carea' id='block_1_72' title="bbox 255 3686 1904 3766">
    <p class='ocr_par' dir='ltr' id='par_1_72' title="bbox 255 3686 1904 3766">
     <span class='ocr_line' id='line_1_72' title="bbox 255 3686 1904 3766; baseline -0.004 -16"><span class='ocrx_word' id='word_1_572' title='bbox 255 3693 444 3750; x_wconf 87' lang='grc' dir='ltr'>ολικὸν</span> <span class='ocrx_word' id='word_1_573' title='bbox 500 3692 631 3747; x_wconf 76' lang='grc' dir='ltr'>εἶναι</span> <span class='ocrx_word' id='word_1_574' title='bbox 682 3686 862 3752; x_wconf 76' lang='grc' dir='ltr'>οὐδεὶς</span> <span class='ocrx_word' id='word_1_575' title='bbox 906 3690 1112 3766; x_wconf 81' lang='grc' dir='ltr'>ἀγνοεῖ,</span> <span class='ocrx_word' id='word_1_576' title='bbox 1147 3686 1243 3744; x_wconf 84' lang='grc' dir='ltr'>δύο</span> <span class='ocrx_word' id='word_1_577' title='bbox 1289 3688 1557 3763; x_wconf 87' lang='grc' dir='ltr'>πρόσωπα</span> <span class='ocrx_word' id='word_1_578' title='bbox 1604 3690 1759 3759; x_wconf 75' lang='grc' dir='ltr'>εῖναι⁹</span> <span class='ocrx_word' id='word_1_579' title='bbox 1791 3693 1904 3747; x_wconf 77' lang='lat' dir='ltr'>lla-</span> 
     </span>
    </p>
   </div>
   <div class='ocr_carea' id='block_1_73' title="bbox 254 3775 1908 3860">
    <p class='ocr_par' dir='ltr' id='par_1_73' title="bbox 254 3775 1908 3860">
     <span class='ocr_line' id='line_1_73' title="bbox 254 3775 1908 3860; baseline -0.003 -22"><span class='ocrx_word' id='word_1_580' title='bbox 254 3783 385 3860; x_wconf 89' lang='grc' dir='ltr'>τρὸς</span> <span class='ocrx_word' id='word_1_581' title='bbox 432 3780 523 3836; x_wconf 81' lang='grc' dir='ltr'>καὶ</span> <span class='ocrx_word' id='word_1_582' title='bbox 564 3780 716 3835; x_wconf 75' lang='grc' dir='ltr'>Υἱοῦ·</span> <span class='ocrx_word' id='word_1_583' title='bbox 767 3778 856 3834; x_wconf 81' lang='grc' dir='ltr'>καὶ</span> <span class='ocrx_word' id='word_1_584' title='bbox 897 3779 988 3834; x_wconf 89' lang='grc' dir='ltr'>τὸν</span> <span class='ocrx_word' id='word_1_585' title='bbox 1027 3779 1123 3852; x_wconf 76' lang='grc' dir='ltr'>μὲν</span> <span class='ocrx_word' id='word_1_586' title='bbox 1173 3779 1388 3856; x_wconf 76' lang='grc' dir='ltr'>ΙΙατέρα</span> <span class='ocrx_word' id='word_1_587' title='bbox 1438 3777 1680 3851; x_wconf 85' lang='grc' dir='ltr'>μείζονα,</span> <span class='ocrx_word' id='word_1_588' title='bbox 1724 3777 1815 3833; x_wconf 89' lang='grc' dir='ltr'>τὸν</span> <span class='ocrx_word' id='word_1_589' title='bbox 1849 3775 1908 3833; x_wconf 75' lang='grc' dir='ltr'>δὲ</span> 
     </span>
    </p>
   </div>
   <div class='ocr_carea' id='block_1_74' title="bbox 256 3864 1906 3943">
    <p class='ocr_par' dir='ltr' id='par_1_74' title="bbox 256 3864 1906 3943">
     <span class='ocr_line' id='line_1_74' title="bbox 256 3864 1906 3943; baseline -0.003 -17"><span class='ocrx_word' id='word_1_590' title='bbox 256 3872 382 3927; x_wconf 78' lang='grc' dir='ltr'>Υἱὸν</span> <span class='ocrx_word' id='word_1_591' title='bbox 417 3866 849 3943; x_wconf 69' lang='grc' dir='ltr'>ὑποτεταγμένον</span> <span class='ocrx_word' id='word_1_592' title='bbox 900 3870 981 3939; x_wconf 79' lang='grc' dir='ltr'>τῷ</span> <span class='ocrx_word' id='word_1_593' title='bbox 1021 3866 1197 3943; x_wconf 71' lang='lat' dir='ltr'>llatth</span> <span class='ocrx_word' id='word_1_594' title='bbox 1230 3869 1343 3941; x_wconf 88' lang='grc'>(75)</span> <span class='ocrx_word' id='word_1_595' title='bbox 1395 3867 1531 3940; x_wconf 83' lang='grc' dir='ltr'>μετὰ</span> <span class='ocrx_word' id='word_1_596' title='bbox 1560 3864 1798 3937; x_wconf 77' lang='grc' dir='ltr'>πάντων,</span> <span class='ocrx_word' id='word_1_597' title='bbox 1831 3868 1906 3922; x_wconf 82' lang='grc' dir='ltr'>ὧν</span> 
     </span>
    </p>
   </div>
   <div class='ocr_carea' id='block_1_75' title="bbox 258 3953 1908 4035">
    <p class='ocr_par' dir='ltr' id='par_1_75' title="bbox 258 3953 1908 4035">
     <span class='ocr_line' id='line_1_75' title="bbox 258 3953 1908 4035; baseline -0.004 -19"><span class='ocrx_word' id='word_1_598' title='bbox 258 3961 409 4032; x_wconf 80' lang='grc' dir='ltr'>αὐτῷ</span> <span class='ocrx_word' id='word_1_599' title='bbox 461 3959 489 4013; x_wconf 85' lang='grc' dir='ltr'><strong>ὁ</strong></span> <span class='ocrx_word' id='word_1_600' title='bbox 544 3959 736 4033; x_wconf 80' lang='grc' dir='ltr'>Πατὴρ</span> <span class='ocrx_word' id='word_1_601' title='bbox 797 3956 1040 4027; x_wconf 74' lang='grc' dir='ltr'>ὑπέταξε.</span> <span class='ocrx_word' id='word_1_602' title='bbox 1095 3956 1194 4035; x_wconf 52' lang='grc' dir='ltr'>Τὸν</span> <span class='ocrx_word' id='word_1_603' title='bbox 1242 3953 1300 4011; x_wconf 81' lang='grc' dir='ltr'>δὶ</span> <span class='ocrx_word' id='word_1_604' title='bbox 1363 3957 1571 4035; x_wconf 85' lang='grc' dir='ltr'>Πατέρα</span> <span class='ocrx_word' id='word_1_605' title='bbox 1601 3955 1781 4031; x_wconf 75' lang='grc' dir='ltr'>ἀρχὴν</span> <span class='ocrx_word' id='word_1_606' title='bbox 1832 3957 1908 4031; x_wconf 79' lang='grc' dir='ltr'>μή</span> 
     </span>
    </p>
   </div>
   <div class='ocr_carea' id='block_1_76' title="bbox 150 4028 1909 4125">
    <p class='ocr_par' dir='ltr' id='par_1_76' title="bbox 150 4028 1909 4125">
     <span class='ocr_line' id='line_1_76' title="bbox 150 4028 1909 4125; baseline 0 -22"><span class='ocrx_word' id='word_1_607' title='bbox 150 4055 154 4059; x_wconf 79' lang='grc'><em>’</em></span> <span class='ocrx_word' id='word_1_608' title='bbox 258 4028 434 4125; x_wconf 80' lang='grc' dir='ltr'>ἔχειν,</span> <span class='ocrx_word' id='word_1_609' title='bbox 484 4045 575 4103; x_wconf 81' lang='grc' dir='ltr'>καὶ</span> <span class='ocrx_word' id='word_1_610' title='bbox 632 4028 860 4123; x_wconf 81' lang='grc' dir='ltr'>ἀόρατον</span> <span class='ocrx_word' id='word_1_611' title='bbox 907 4046 1061 4113; x_wconf 75' lang='grc' dir='ltr'>εἶναι,</span> <span class='ocrx_word' id='word_1_612' title='bbox 1109 4028 1201 4100; x_wconf 47' lang='grc' dir='ltr'>δῖ</span> <span class='ocrx_word' id='word_1_613' title='bbox 1252 4028 1515 4100; x_wconf 76' lang='grc' dir='ltr'>ἀθάνατον</span> <span class='ocrx_word' id='word_1_614' title='bbox 1568 4028 1711 4100; x_wconf 73' lang='grc' dir='ltr'>εἶναι</span> <span class='ocrx_word' id='word_1_615' title='bbox 1892 4092 1909 4119; x_wconf 90' lang='grc'>,</span> 
     </span>
    </p>
   </div>
   <div class='ocr_carea' id='block_1_77' title="bbox 257 4131 1910 4210">
    <p class='ocr_par' dir='ltr' id='par_1_77' title="bbox 257 4131 1910 4210">
     <span class='ocr_line' id='line_1_77' title="bbox 257 4131 1910 4210; baseline -0.004 -15"><span class='ocrx_word' id='word_1_616' title='bbox 257 4136 351 4195; x_wconf 85' lang='grc' dir='ltr'>καί</span> <span class='ocrx_word' id='word_1_617' title='bbox 380 4136 561 4205; x_wconf 78' lang='grc' dir='ltr'>ἀπαθῆ</span> <span class='ocrx_word' id='word_1_618' title='bbox 591 4134 746 4191; x_wconf 74' lang='grc' dir='ltr'>εἶναι’</span> <span class='ocrx_word' id='word_1_619' title='bbox 778 4134 867 4189; x_wconf 85' lang='grc' dir='ltr'>τὸν</span> <span class='ocrx_word' id='word_1_620' title='bbox 919 4131 977 4188; x_wconf 76' lang='grc' dir='ltr'>δὲ</span> <span class='ocrx_word' id='word_1_621' title='bbox 1022 4134 1144 4188; x_wconf 72' lang='grc' dir='ltr'>Υἱὸν</span> <span class='ocrx_word' id='word_1_622' title='bbox 1186 4141 1537 4210; x_wconf 81' lang='grc' dir='ltr'>γεγεννῆσθαι</span> <span class='ocrx_word' id='word_1_623' title='bbox 1584 4132 1643 4188; x_wconf 77' lang='grc' dir='ltr'>ἐκ</span> <span class='ocrx_word' id='word_1_624' title='bbox 1670 4138 1766 4188; x_wconf 90' lang='grc' dir='ltr'>τοῦ</span> <span class='ocrx_word' id='word_1_625' title='bbox 1798 4140 1910 4189; x_wconf 67' lang='lat' dir='ltr'>[Iz-</span> 
     </span>
    </p>
   </div>
   <div class='ocr_carea' id='block_1_78' title="bbox 258 4222 1909 4301">
    <p class='ocr_par' dir='ltr' id='par_1_78' title="bbox 258 4222 1909 4301">
     <span class='ocr_line' id='line_1_78' title="bbox 258 4222 1909 4301; baseline -0.004 -19"><span class='ocrx_word' id='word_1_626' title='bbox 258 4227 410 4301; x_wconf 82' lang='grc' dir='ltr'>τρὸς,</span> <span class='ocrx_word' id='word_1_627' title='bbox 443 4227 568 4282; x_wconf 85' lang='grc' dir='ltr'>Θεὸν</span> <span class='ocrx_word' id='word_1_628' title='bbox 601 4224 663 4280; x_wconf 82' lang='grc' dir='ltr'>ἐκ</span> <span class='ocrx_word' id='word_1_629' title='bbox 709 4228 865 4290; x_wconf 72' lang='grc' dir='ltr'>Θεοῦ,</span> <span class='ocrx_word' id='word_1_630' title='bbox 916 4227 1030 4301; x_wconf 81' lang='grc' dir='ltr'>φῶς</span> <span class='ocrx_word' id='word_1_631' title='bbox 1081 4222 1141 4277; x_wconf 77' lang='grc' dir='ltr'>ἐκ</span> <span class='ocrx_word' id='word_1_632' title='bbox 1170 4222 1377 4301; x_wconf 80' lang='grc' dir='ltr'>φωτός.</span> <span class='ocrx_word' id='word_1_633' title='bbox 1437 4222 1535 4277; x_wconf 80' lang='grc' dir='ltr'>Καὶ</span> <span class='ocrx_word' id='word_1_634' title='bbox 1583 4222 1780 4278; x_wconf 89' lang='grc' dir='ltr'>τούτου</span> <span class='ocrx_word' id='word_1_635' title='bbox 1810 4225 1909 4293; x_wconf 75' lang='grc' dir='ltr'>τὴν</span> 
     </span>
    </p>
   </div>
   <div class='ocr_carea' id='block_1_79' title="bbox 259 4309 1911 4393">
    <p class='ocr_par' dir='ltr' id='par_1_79' title="bbox 259 4309 1911 4393">
     <span class='ocr_line' id='line_1_79' title="bbox 259 4309 1911 4393; baseline -0.001 -23"><span class='ocrx_word' id='word_1_636' title='bbox 259 4315 484 4393; x_wconf 73' lang='grc' dir='ltr'>γένεσιν,</span> <span class='ocrx_word' id='word_1_637' title='bbox 533 4313 711 4376; x_wconf 87' lang='grc' dir='ltr'>καθὼς</span> <span class='ocrx_word' id='word_1_638' title='bbox 761 4312 1104 4389; x_wconf 83' lang='grc' dir='ltr'>προείρηται,</span> <span class='ocrx_word' id='word_1_639' title='bbox 1157 4309 1364 4386; x_wconf 82' lang='grc' dir='ltr'>μηδένα</span> <span class='ocrx_word' id='word_1_640' title='bbox 1401 4312 1709 4388; x_wconf 72' lang='grc' dir='ltr'>γινώσκειν,</span> <span class='ocrx_word' id='word_1_641' title='bbox 1754 4315 1800 4368; x_wconf 75' lang='grc' dir='ltr'>εὶ</span> <span class='ocrx_word' id='word_1_642' title='bbox 1836 4315 1911 4387; x_wconf 80' lang='grc' dir='ltr'>μὴ</span> 
     </span>
    </p>
   </div>
   <div class='ocr_carea' id='block_1_80' title="bbox 268 4399 1913 4479">
    <p class='ocr_par' dir='ltr' id='par_1_80' title="bbox 268 4399 1913 4479">
     <span class='ocr_line' id='line_1_80' title="bbox 268 4399 1913 4479; baseline -0.001 -19"><span class='ocrx_word' id='word_1_643' title='bbox 268 4405 433 4478; x_wconf 87' lang='grc' dir='ltr'>μόνον</span> <span class='ocrx_word' id='word_1_644' title='bbox 464 4404 555 4460; x_wconf 85' lang='grc' dir='ltr'>τὸν</span> <span class='ocrx_word' id='word_1_645' title='bbox 585 4405 821 4479; x_wconf 80' lang='grc' dir='ltr'>Πατέρα.</span> <span class='ocrx_word' id='word_1_646' title='bbox 852 4403 1030 4458; x_wconf 78' lang='grc' dir='ltr'>Αὐτὸν</span> <span class='ocrx_word' id='word_1_647' title='bbox 1065 4399 1123 4456; x_wconf 72' lang='grc' dir='ltr'>δὲ</span> <span class='ocrx_word' id='word_1_648' title='bbox 1167 4402 1258 4457; x_wconf 91' lang='grc' dir='ltr'>τὸν</span> <span class='ocrx_word' id='word_1_649' title='bbox 1306 4402 1431 4455; x_wconf 78' lang='grc' dir='ltr'>Υἱὸν</span> <span class='ocrx_word' id='word_1_650' title='bbox 1475 4402 1564 4455; x_wconf 84' lang='grc' dir='ltr'>καὶ</span> <span class='ocrx_word' id='word_1_651' title='bbox 1596 4402 1790 4475; x_wconf 81' lang='grc' dir='ltr'>Κύριον</span> <span class='ocrx_word' id='word_1_652' title='bbox 1823 4404 1913 4459; x_wconf 83' lang='grc' dir='ltr'>καὶ</span> 
     </span>
    </p>
   </div>
   <div class='ocr_carea' id='block_1_81' title="bbox 266 4489 1912 4569">
    <p class='ocr_par' dir='ltr' id='par_1_81' title="bbox 266 4489 1912 4569">
     <span class='ocr_line' id='line_1_81' title="bbox 266 4489 1912 4569; baseline -0.001 -19"><span class='ocrx_word' id='word_1_653' title='bbox 266 4498 394 4550; x_wconf 89' lang='grc' dir='ltr'>Θεὸν</span> <span class='ocrx_word' id='word_1_654' title='bbox 440 4497 602 4568; x_wconf 77' lang='grc' dir='ltr'>ἡμῶν</span> <span class='ocrx_word' id='word_1_655' title='bbox 658 4493 827 4568; x_wconf 85' lang='grc' dir='ltr'>σάρκα</span> <span class='ocrx_word' id='word_1_656' title='bbox 872 4489 997 4561; x_wconf 69' lang='grc' dir='ltr'>ἤτοι</span> <span class='ocrx_word' id='word_1_657' title='bbox 1049 4494 1228 4565; x_wconf 86' lang='grc' dir='ltr'>σῶμα,</span> <span class='ocrx_word' id='word_1_658' title='bbox 1280 4489 1553 4545; x_wconf 86' lang='grc' dir='ltr'>τουτέστιν</span> <span class='ocrx_word' id='word_1_659' title='bbox 1606 4489 1912 4569; x_wconf 86' lang='grc' dir='ltr'>ἄνθρωπον,</span> 
     </span>
    </p>
   </div>
   <div class='ocr_carea' id='block_1_82' title="bbox 2013 3513 3669 3587">
    <p class='ocr_par' dir='ltr' id='par_1_82' title="bbox 2013 3513 3669 3587">
     <span class='ocr_line' id='line_1_82' title="bbox 2013 3513 3669 3587; baseline 0.001 -15"><span class='ocrx_word' id='word_1_660' title='bbox 2013 3515 2158 3572; x_wconf 90' lang='lat' dir='ltr'>lium</span> <span class='ocrx_word' id='word_1_661' title='bbox 2175 3515 2671 3587; x_wconf 85' lang='lat' dir='ltr'>subjectum,cum</span> <span class='ocrx_word' id='word_1_662' title='bbox 2688 3514 2962 3570; x_wconf 90' lang='lat' dir='ltr'>omnibus</span> <span class='ocrx_word' id='word_1_663' title='bbox 2976 3514 3068 3571; x_wconf 89' lang='lat' dir='ltr'>his</span> <span class='ocrx_word' id='word_1_664' title='bbox 3082 3532 3209 3586; x_wconf 84' lang='lat' dir='ltr'>quae</span> <span class='ocrx_word' id='word_1_665' title='bbox 3222 3513 3335 3587; x_wconf 91' lang='lat' dir='ltr'>ipsi</span> <span class='ocrx_word' id='word_1_666' title='bbox 3349 3520 3518 3572; x_wconf 88' lang='lat' dir='ltr'>Pater</span> <span class='ocrx_word' id='word_1_667' title='bbox 3529 3519 3669 3573; x_wconf 81' lang='lat' dir='ltr'>sub-</span> 
     </span>
    </p>
   </div>
   <div class='ocr_carea' id='block_1_83' title="bbox 2012 3602 3670 3678">
    <p class='ocr_par' dir='ltr' id='par_1_83' title="bbox 2012 3602 3670 3678">
     <span class='ocr_line' id='line_1_83' title="bbox 2012 3602 3670 3678; baseline 0.002 -19"><span class='ocrx_word' id='word_1_668' title='bbox 2012 3604 2172 3678; x_wconf 88' lang='lat' dir='ltr'>jecit.</span> <span class='ocrx_word' id='word_1_669' title='bbox 2208 3604 2433 3658; x_wconf 86' lang='lat' dir='ltr'>Patrem</span> <span class='ocrx_word' id='word_1_670' title='bbox 2466 3602 2703 3658; x_wconf 90' lang='lat' dir='ltr'>initium</span> <span class='ocrx_word' id='word_1_671' title='bbox 2738 3619 2850 3658; x_wconf 92' lang='lat' dir='ltr'>non</span> <span class='ocrx_word' id='word_1_672' title='bbox 2885 3603 3121 3671; x_wconf 85' lang='lat' dir='ltr'>habere,</span> <span class='ocrx_word' id='word_1_673' title='bbox 3154 3605 3509 3662; x_wconf 83' lang='lat' dir='ltr'>invisibilem</span> <span class='ocrx_word' id='word_1_674' title='bbox 3541 3623 3670 3663; x_wconf 87' lang='lat' dir='ltr'>esse</span> 
     </span>
    </p>
   </div>
   <div class='ocr_carea' id='block_1_84' title="bbox 2016 3690 3666 3762">
    <p class='ocr_par' dir='ltr' id='par_1_84' title="bbox 2016 3690 3666 3762">
     <span class='ocr_line' id='line_1_84' title="bbox 2016 3690 3666 3762; baseline 0.001 -13"><span class='ocrx_word' id='word_1_675' title='bbox 2016 3691 2411 3749; x_wconf 88' lang='lat' dir='ltr'>immortalem</span> <span class='ocrx_word' id='word_1_676' title='bbox 2442 3690 3025 3762; x_wconf 86' lang='lat' dir='ltr'>esse,impassibilem</span> <span class='ocrx_word' id='word_1_677' title='bbox 3058 3707 3207 3747; x_wconf 86' lang='lat' dir='ltr'>esse:</span> <span class='ocrx_word' id='word_1_678' title='bbox 3228 3692 3439 3748; x_wconf 88' lang='lat' dir='ltr'>Filium</span> <span class='ocrx_word' id='word_1_679' title='bbox 3471 3700 3666 3752; x_wconf 89' lang='lat' dir='ltr'>autem</span> 
     </span>
    </p>
   </div>
   <div class='ocr_carea' id='block_1_85' title="bbox 2019 3781 3668 3850">
    <p class='ocr_par' dir='ltr' id='par_1_85' title="bbox 2019 3781 3668 3850">
     <span class='ocr_line' id='line_1_85' title="bbox 2019 3781 3668 3850; baseline -0.001 -11"><span class='ocrx_word' id='word_1_680' title='bbox 2019 3787 2222 3839; x_wconf 89' lang='lat' dir='ltr'>natum</span> <span class='ocrx_word' id='word_1_681' title='bbox 2257 3796 2384 3837; x_wconf 89' lang='lat' dir='ltr'>esse</span> <span class='ocrx_word' id='word_1_682' title='bbox 2410 3795 2480 3835; x_wconf 79' lang='lat' dir='ltr'>ex</span> <span class='ocrx_word' id='word_1_683' title='bbox 2514 3784 2702 3850; x_wconf 88' lang='lat' dir='ltr'>Patre,</span> <span class='ocrx_word' id='word_1_684' title='bbox 2740 3781 2916 3835; x_wconf 89' lang='lat' dir='ltr'>Deum</span> <span class='ocrx_word' id='word_1_685' title='bbox 2948 3798 3019 3836; x_wconf 83' lang='lat' dir='ltr'>ex</span> <span class='ocrx_word' id='word_1_686' title='bbox 3052 3781 3183 3850; x_wconf 92' lang='lat' dir='ltr'>Deo,</span> <span class='ocrx_word' id='word_1_687' title='bbox 3218 3782 3414 3837; x_wconf 89' lang='lat' dir='ltr'>lumen</span> <span class='ocrx_word' id='word_1_688' title='bbox 3464 3799 3534 3838; x_wconf 80' lang='lat' dir='ltr'>ex</span> <span class='ocrx_word' id='word_1_689' title='bbox 3579 3784 3668 3838; x_wconf 93' lang='lat' dir='ltr'>lu-</span> 
     </span>
    </p>
   </div>
   <div class='ocr_carea' id='block_1_86' title="bbox 2021 3868 3669 3940">
    <p class='ocr_par' dir='ltr' id='par_1_86' title="bbox 2021 3868 3669 3940">
     <span class='ocr_line' id='line_1_86' title="bbox 2021 3868 3669 3940; baseline 0 -13"><span class='ocrx_word' id='word_1_690' title='bbox 2021 3873 2196 3928; x_wconf 87' lang='lat' dir='ltr'>mine.</span> <span class='ocrx_word' id='word_1_691' title='bbox 2218 3870 2397 3940; x_wconf 88' lang='lat' dir='ltr'>Cujus</span> <span class='ocrx_word' id='word_1_692' title='bbox 2419 3868 2545 3924; x_wconf 86' lang='lat' dir='ltr'>Filii</span> <span class='ocrx_word' id='word_1_693' title='bbox 2579 3871 3038 3940; x_wconf 84' lang='lat' dir='ltr'>generationem,</span> <span class='ocrx_word' id='word_1_694' title='bbox 3058 3875 3122 3923; x_wconf 91' lang='lat' dir='ltr'>ut</span> <span class='ocrx_word' id='word_1_695' title='bbox 3140 3875 3274 3925; x_wconf 89' lang='lat' dir='ltr'>ante</span> <span class='ocrx_word' id='word_1_696' title='bbox 3305 3871 3528 3926; x_wconf 90' lang='lat' dir='ltr'>dictum</span> <span class='ocrx_word' id='word_1_697' title='bbox 3559 3878 3669 3938; x_wconf 84' lang='lat' dir='ltr'>est,</span> 
     </span>
    </p>
   </div>
   <div class='ocr_carea' id='block_1_87' title="bbox 2021 3956 3669 4030">
    <p class='ocr_par' dir='ltr' id='par_1_87' title="bbox 2021 3956 3669 4030">
     <span class='ocr_line' id='line_1_87' title="bbox 2021 3956 3669 4030; baseline -0.001 -13"><span class='ocrx_word' id='word_1_698' title='bbox 2021 3962 2318 4017; x_wconf 88' lang='lat' dir='ltr'>neminem</span> <span class='ocrx_word' id='word_1_699' title='bbox 2350 3958 2520 4025; x_wconf 81' lang='lat' dir='ltr'>scire,</span> <span class='ocrx_word' id='word_1_700' title='bbox 2554 3956 2665 4013; x_wconf 89' lang='lat' dir='ltr'>nisi</span> <span class='ocrx_word' id='word_1_701' title='bbox 2696 3961 2923 4013; x_wconf 86' lang='lat' dir='ltr'>Patrem</span> <span class='ocrx_word' id='word_1_702' title='bbox 2973 3974 3171 4013; x_wconf 88' lang='lat' dir='ltr'>suum.</span> <span class='ocrx_word' id='word_1_703' title='bbox 3226 3960 3423 4030; x_wconf 84' lang='lat' dir='ltr'>Ipsum</span> <span class='ocrx_word' id='word_1_704' title='bbox 3474 3966 3669 4016; x_wconf 90' lang='lat' dir='ltr'>autem</span> 
     </span>
    </p>
   </div>
   <div class='ocr_carea' id='block_1_88' title="bbox 2020 4045 3675 4117">
    <p class='ocr_par' dir='ltr' id='par_1_88' title="bbox 2020 4045 3675 4117">
     <span class='ocr_line' id='line_1_88' title="bbox 2020 4045 3675 4117; baseline 0.001 -14"><span class='ocrx_word' id='word_1_705' title='bbox 2020 4048 2230 4106; x_wconf 85' lang='lat' dir='ltr'>Filium</span> <span class='ocrx_word' id='word_1_706' title='bbox 2262 4047 2385 4117; x_wconf 87' lang='lat' dir='ltr'>Dei,</span> <span class='ocrx_word' id='word_1_707' title='bbox 2422 4045 2733 4101; x_wconf 88' lang='lat' dir='ltr'>Dominum</span> <span class='ocrx_word' id='word_1_708' title='bbox 2766 4050 2822 4101; x_wconf 92' lang='lat' dir='ltr'>et</span> <span class='ocrx_word' id='word_1_709' title='bbox 2850 4046 3033 4102; x_wconf 90' lang='lat' dir='ltr'>Deum</span> <span class='ocrx_word' id='word_1_710' title='bbox 3068 4052 3360 4114; x_wconf 89' lang='lat' dir='ltr'>nostrum,</span> <span class='ocrx_word' id='word_1_711' title='bbox 3392 4048 3567 4104; x_wconf 88' lang='lat' dir='ltr'>sicuti</span> <span class='ocrx_word' id='word_1_712' title='bbox 3601 4049 3675 4106; x_wconf 90' lang='lat' dir='ltr'>le-</span> 
     </span>
    </p>
   </div>
   <div class='ocr_carea' id='block_1_89' title="bbox 2022 4134 3674 4210">
    <p class='ocr_par' dir='ltr' id='par_1_89' title="bbox 2022 4134 3674 4210">
     <span class='ocr_line' id='line_1_89' title="bbox 2022 4134 3674 4210; baseline 0.001 -18"><span class='ocrx_word' id='word_1_713' title='bbox 2022 4138 2200 4210; x_wconf 87' lang='lat' dir='ltr'>gitur,</span> <span class='ocrx_word' id='word_1_714' title='bbox 2231 4151 2465 4191; x_wconf 87' lang='lat' dir='ltr'>carnem</span> <span class='ocrx_word' id='word_1_715' title='bbox 2495 4134 2583 4189; x_wconf 87' lang='lat' dir='ltr'>vel</span> <span class='ocrx_word' id='word_1_716' title='bbox 2615 4149 2848 4204; x_wconf 87' lang='lat' dir='ltr'>corpus,</span> <span class='ocrx_word' id='word_1_717' title='bbox 2881 4134 2939 4189; x_wconf 90' lang='lat' dir='ltr'>id</span> <span class='ocrx_word' id='word_1_718' title='bbox 2984 4139 3074 4190; x_wconf 91' lang='lat' dir='ltr'>est</span> <span class='ocrx_word' id='word_1_719' title='bbox 3120 4135 3421 4191; x_wconf 88' lang='lat' dir='ltr'>hominem</span> <span class='ocrx_word' id='word_1_720' title='bbox 3470 4153 3674 4193; x_wconf 87' lang='lat' dir='ltr'>susce-</span> 
     </span>
    </p>
   </div>
   <div class='ocr_carea' id='block_1_90' title="bbox 2024 4222 3677 4300">
    <p class='ocr_par' dir='ltr' id='par_1_90' title="bbox 2024 4222 3677 4300">
     <span class='ocr_line' id='line_1_90' title="bbox 2024 4222 3677 4300; baseline -0.001 -18"><span class='ocrx_word' id='word_1_721' title='bbox 2024 4226 2181 4300; x_wconf 87' lang='lat' dir='ltr'>pisse</span> <span class='ocrx_word' id='word_1_722' title='bbox 2210 4242 2279 4281; x_wconf 84' lang='lat' dir='ltr'>ex</span> <span class='ocrx_word' id='word_1_723' title='bbox 2309 4229 2471 4280; x_wconf 90' lang='lat' dir='ltr'>utero</span> <span class='ocrx_word' id='word_1_724' title='bbox 2499 4222 2757 4295; x_wconf 83' lang='lat' dir='ltr'>Virginis</span> <span class='ocrx_word' id='word_1_725' title='bbox 2785 4223 2998 4292; x_wconf 77' lang='lat' dir='ltr'>Mariae,</span> <span class='ocrx_word' id='word_1_726' title='bbox 3037 4223 3191 4279; x_wconf 89' lang='lat' dir='ltr'>sicut</span> <span class='ocrx_word' id='word_1_727' title='bbox 3238 4223 3481 4297; x_wconf 87' lang='lat' dir='ltr'>angelus</span> <span class='ocrx_word' id='word_1_728' title='bbox 3532 4243 3677 4297; x_wconf 81' lang='lat' dir='ltr'>prae-</span> 
     </span>
    </p>
   </div>
   <div class='ocr_carea' id='block_1_91' title="bbox 2024 4311 3679 4387">
    <p class='ocr_par' dir='ltr' id='par_1_91' title="bbox 2024 4311 3679 4387">
     <span class='ocr_line' id='line_1_91' title="bbox 2024 4311 3679 4387; baseline -0.001 -16"><span class='ocrx_word' id='word_1_729' title='bbox 2024 4315 2257 4371; x_wconf 85' lang='lat' dir='ltr'>dicavit.</span> <span class='ocrx_word' id='word_1_730' title='bbox 2285 4312 2356 4369; x_wconf 90' lang='lat' dir='ltr'>Ut</span> <span class='ocrx_word' id='word_1_731' title='bbox 2388 4316 2584 4368; x_wconf 87' lang='lat' dir='ltr'>autem</span> <span class='ocrx_word' id='word_1_732' title='bbox 2616 4311 2925 4384; x_wconf 80' lang='lat' dir='ltr'>Scripturae</span> <span class='ocrx_word' id='word_1_733' title='bbox 2953 4329 3157 4368; x_wconf 89' lang='lat' dir='ltr'>omnes</span> <span class='ocrx_word' id='word_1_734' title='bbox 3189 4314 3418 4384; x_wconf 86' lang='lat' dir='ltr'>docent,</span> <span class='ocrx_word' id='word_1_735' title='bbox 3443 4320 3499 4370; x_wconf 87' lang='lat' dir='ltr'>et</span> <span class='ocrx_word' id='word_1_736' title='bbox 3532 4332 3679 4387; x_wconf 61' lang='lat' dir='ltr'>prae-</span> 
     </span>
    </p>
   </div>
   <div class='ocr_carea' id='block_1_92' title="bbox 2024 4400 3677 4476">
    <p class='ocr_par' dir='ltr' id='par_1_92' title="bbox 2024 4400 3677 4476">
     <span class='ocr_line' id='line_1_92' title="bbox 2024 4400 3677 4476; baseline 0.001 -17"><span class='ocrx_word' id='word_1_737' title='bbox 2024 4405 2194 4476; x_wconf 88' lang='lat' dir='ltr'>cipue</span> <span class='ocrx_word' id='word_1_738' title='bbox 2225 4403 2350 4474; x_wconf 89' lang='lat' dir='ltr'>ipse</span> <span class='ocrx_word' id='word_1_739' title='bbox 2382 4400 2665 4474; x_wconf 87' lang='lat' dir='ltr'>magister</span> <span class='ocrx_word' id='word_1_740' title='bbox 2694 4402 2960 4472; x_wconf 85' lang='lat' dir='ltr'>gentium</span> <span class='ocrx_word' id='word_1_741' title='bbox 2995 4400 3324 4474; x_wconf 81' lang='lat' dir='ltr'>Apostolus,</span> <span class='ocrx_word' id='word_1_742' title='bbox 3378 4402 3677 4460; x_wconf 89' lang='lat' dir='ltr'>hominem</span> 
     </span>
    </p>
   </div>
   <div class='ocr_carea' id='block_1_93' title="bbox 2027 4488 3679 4569">
    <p class='ocr_par' dir='ltr' id='par_1_93' title="bbox 2027 4488 3679 4569">
     <span class='ocr_line' id='line_1_93' title="bbox 2027 4488 3679 4569; baseline -0.001 -18"><span class='ocrx_word' id='word_1_743' title='bbox 2027 4491 2358 4564; x_wconf 86' lang='lat' dir='ltr'>suscepisse</span> <span class='ocrx_word' id='word_1_744' title='bbox 2388 4491 2459 4546; x_wconf 89' lang='lat' dir='ltr'>de</span> <span class='ocrx_word' id='word_1_745' title='bbox 2488 4489 2668 4569; x_wconf 66' lang='lat' dir='ltr'>Maria</span> <span class='ocrx_word' id='word_1_746' title='bbox 2697 4488 2956 4561; x_wconf 86' lang='lat' dir='ltr'>Virgine,</span> <span class='ocrx_word' id='word_1_747' title='bbox 2990 4506 3093 4562; x_wconf 85' lang='lat' dir='ltr'>per</span> <span class='ocrx_word' id='word_1_748' title='bbox 3123 4507 3298 4563; x_wconf 91' lang='lat' dir='ltr'>quem</span> <span class='ocrx_word' id='word_1_749' title='bbox 3331 4507 3679 4566; x_wconf 87' lang='lat' dir='ltr'>compassus</span> 
     </span>
    </p>
   </div>
   <div class='ocr_carea' id='block_1_94' title="bbox 341 4636 1908 4714">
    <p class='ocr_par' dir='ltr' id='par_1_94' title="bbox 341 4636 1908 4707">
     <span class='ocr_line' id='line_1_94' title="bbox 341 4636 1908 4707; baseline -0.001 -10"><span class='ocrx_word' id='word_1_750' title='bbox 341 4642 388 4676; x_wconf 84' lang='grc'>²⁰</span> <span class='ocrx_word' id='word_1_751' title='bbox 416 4640 588 4697; x_wconf 84' lang='lat' dir='ltr'>Joan.</span> <span class='ocrx_word' id='word_1_752' title='bbox 620 4657 713 4707; x_wconf 79' lang='lat' dir='ltr'>xx,</span> <span class='ocrx_word' id='word_1_753' title='bbox 743 4640 829 4695; x_wconf 91' lang='grc'>17.</span> <span class='ocrx_word' id='word_1_754' title='bbox 905 4637 950 4675; x_wconf 73' lang='grc' dir='ltr'>’ί</span> <span class='ocrx_word' id='word_1_755' title='bbox 983 4637 1151 4694; x_wconf 90' lang='lat' dir='ltr'>Rom.</span> <span class='ocrx_word' id='word_1_756' title='bbox 1185 4655 1271 4706; x_wconf 80' lang='lat' dir='ltr'>III,</span> <span class='ocrx_word' id='word_1_757' title='bbox 1301 4638 1395 4705; x_wconf 88' lang='lat'>29,</span> <span class='ocrx_word' id='word_1_758' title='bbox 1424 4636 1514 4693; x_wconf 89' lang='lat'>30.</span> <span class='ocrx_word' id='word_1_759' title='bbox 1590 4637 1636 4673; x_wconf 84' lang='grc'>²¹</span> <span class='ocrx_word' id='word_1_760' title='bbox 1667 4640 1778 4695; x_wconf 89' lang='lat' dir='ltr'>Isa.</span> <span class='ocrx_word' id='word_1_761' title='bbox 1812 4657 1908 4697; x_wconf 84' lang='lat' dir='ltr'><strong>LII]</strong></span> 
     </span>
    </p>
   </div>
   <div class='ocr_carea' id='block_1_95' title="bbox 2021 4636 2605 4714">
    <p class='ocr_par' dir='ltr' id='par_1_95' title="bbox 2096 4636 2605 4707">
     <span class='ocr_line' id='line_1_95' title="bbox 2096 4636 2605 4707; baseline -0.006 -13"><span class='ocrx_word' id='word_1_762' title='bbox 2096 4640 2142 4676; x_wconf 74' lang='grc'>³³</span> <span class='ocrx_word' id='word_1_763' title='bbox 2170 4637 2339 4694; x_wconf 86' lang='lat' dir='ltr'>Joan.</span> <span class='ocrx_word' id='word_1_764' title='bbox 2371 4652 2485 4707; x_wconf 80' lang='lat' dir='ltr'>xiv,</span> <span class='ocrx_word' id='word_1_765' title='bbox 2514 4636 2605 4691; x_wconf 85' lang='lat'>28.</span> 
     </span>
    </p>
   </div>
   <div class='ocr_carea' id='block_1_96' title="bbox 270 4776 1925 4850">
    <p class='ocr_par' dir='ltr' id='par_1_96' title="bbox 270 4776 1925 4850">
     <span class='ocr_line' id='line_1_96' title="bbox 270 4776 1925 4850; baseline -0.001 -13"><span class='ocrx_word' id='word_1_766' title='bbox 270 4780 559 4838; x_wconf 81' lang='lat' dir='ltr'>Hilarium</span> <span class='ocrx_word' id='word_1_767' title='bbox 588 4781 664 4836; x_wconf 80' lang='lat' dir='ltr'>De</span> <span class='ocrx_word' id='word_1_768' title='bbox 691 4778 938 4850; x_wconf 75' lang='lat' dir='ltr'>synodis,</span> <span class='ocrx_word' id='word_1_769' title='bbox 966 4777 1074 4834; x_wconf 90' lang='lat' dir='ltr'>col.</span> <span class='ocrx_word' id='word_1_770' title='bbox 1112 4778 1269 4845; x_wconf 86' lang='grc'>1156,</span> <span class='ocrx_word' id='word_1_771' title='bbox 1316 4778 1471 4832; x_wconf 91' lang='lat' dir='ltr'>unde</span> <span class='ocrx_word' id='word_1_772' title='bbox 1520 4776 1682 4833; x_wconf 89' lang='lat' dir='ltr'>illam</span> <span class='ocrx_word' id='word_1_773' title='bbox 1727 4781 1925 4850; x_wconf 85' lang='lat' dir='ltr'>trans-</span> 
     </span>
    </p>
   </div>
   <div class='ocr_carea' id='block_1_97' title="bbox 270 4849 1926 4924">
    <p class='ocr_par' dir='ltr' id='par_1_97' title="bbox 270 4849 1926 4924">
     <span class='ocr_line' id='line_1_97' title="bbox 270 4849 1926 4924; baseline -0.002 -14"><span class='ocrx_word' id='word_1_774' title='bbox 270 4852 609 4924; x_wconf 83' lang='lat' dir='ltr'>cripsimus.</span> <span class='ocrx_word' id='word_1_775' title='bbox 651 4849 880 4924; x_wconf 80' lang='lat' dir='ltr'>Legitur</span> <span class='ocrx_word' id='word_1_776' title='bbox 908 4867 976 4924; x_wconf 81' lang='lat' dir='ltr'>ea</span> <span class='ocrx_word' id='word_1_777' title='bbox 1006 4854 1143 4924; x_wconf 69' lang='lat' dir='ltr'>item</span> <span class='ocrx_word' id='word_1_778' title='bbox 1178 4851 1330 4920; x_wconf 90' lang='lat' dir='ltr'>apud</span> <span class='ocrx_word' id='word_1_779' title='bbox 1374 4853 1673 4924; x_wconf 65' lang='lat' dir='ltr'>Socratem</span> <span class='ocrx_word' id='word_1_780' title='bbox 1723 4849 1825 4906; x_wconf 87' lang='lat' dir='ltr'>lib.</span> <span class='ocrx_word' id='word_1_781' title='bbox 1860 4869 1926 4924; x_wconf 82' lang='grc' dir='ltr'>ιι,</span> 
     </span>
    </p>
   </div>
   <div class='ocr_carea' id='block_1_98' title="bbox 270 4921 1461 4994">
    <p class='ocr_par' dir='ltr' id='par_1_98' title="bbox 270 4921 1461 4994">
     <span class='ocr_line' id='line_1_98' title="bbox 270 4921 1461 4994; baseline -0.005 -13"><span class='ocrx_word' id='word_1_782' title='bbox 270 4943 323 4983; x_wconf 86' lang='grc' dir='ltr'>ο.</span> <span class='ocrx_word' id='word_1_783' title='bbox 357 4921 447 4992; x_wconf 84' lang='lat'>30,</span> <span class='ocrx_word' id='word_1_784' title='bbox 482 4930 541 4978; x_wconf 92' lang='lat' dir='ltr'>et</span> <span class='ocrx_word' id='word_1_785' title='bbox 571 4921 1000 4994; x_wconf 52' lang='lat' dir='ltr'>apud&#39;Niceph.</span> <span class='ocrx_word' id='word_1_786' title='bbox 1041 4921 1143 4976; x_wconf 88' lang='lat' dir='ltr'>lib.</span> <span class='ocrx_word' id='word_1_787' title='bbox 1178 4938 1255 4986; x_wconf 68' lang='grc' dir='ltr'>ιχ,</span> <span class='ocrx_word' id='word_1_788' title='bbox 1288 4937 1339 4991; x_wconf 84' lang='grc' dir='ltr'>ο,</span> <span class='ocrx_word' id='word_1_789' title='bbox 1370 4922 1461 4994; x_wconf 79' lang='lat' dir='ltr'>3t.</span> 
     </span>
    </p>
   </div>
   <div class='ocr_carea' id='block_1_99' title="bbox 344 4992 1928 5066">
    <p class='ocr_par' dir='ltr' id='par_1_99' title="bbox 344 4992 1928 5066">
     <span class='ocr_line' id='line_1_99' title="bbox 344 4992 1928 5066; baseline -0.003 -14"><span class='ocrx_word' id='word_1_790' title='bbox 344 4995 577 5053; x_wconf 67' lang='lat' dir='ltr'>Titulus</span> <span class='ocrx_word' id='word_1_791' title='bbox 610 4992 770 5066; x_wconf 75' lang='lat' dir='ltr'>apud</span> <span class='ocrx_word' id='word_1_792' title='bbox 822 4993 1150 5066; x_wconf 80' lang='lat' dir='ltr'>Hilarium:</span> <span class='ocrx_word' id='word_1_793' title='bbox 1201 4993 1528 5064; x_wconf 77' lang='lat' dir='ltr'>Exemplum</span> <span class='ocrx_word' id='word_1_794' title='bbox 1576 4992 1928 5063; x_wconf 71' lang='lat' dir='ltr'>blasphemiae</span> 
     </span>
    </p>
   </div>
   <div class='ocr_carea' id='block_1_100' title="bbox 271 5064 1926 5140">
    <p class='ocr_par' dir='ltr' id='par_1_100' title="bbox 271 5064 1926 5140">
     <span class='ocr_line' id='line_1_100' title="bbox 271 5064 1926 5140; baseline -0.003 -16"><span class='ocrx_word' id='word_1_795' title='bbox 271 5068 428 5140; x_wconf 85' lang='lat' dir='ltr'>apud</span> <span class='ocrx_word' id='word_1_796' title='bbox 456 5064 733 5122; x_wconf 64' lang='lat' dir='ltr'>Sirmium</span> <span class='ocrx_word' id='word_1_797' title='bbox 753 5079 855 5140; x_wconf 63' lang='lat' dir='ltr'>per</span> <span class='ocrx_word' id='word_1_798' title='bbox 877 5064 1074 5140; x_wconf 65' lang='grc' dir='ltr'>Οδὶαῃι</span> <span class='ocrx_word' id='word_1_799' title='bbox 1114 5073 1166 5119; x_wconf 78' lang='lat' dir='ltr'>et</span> <span class='ocrx_word' id='word_1_800' title='bbox 1210 5067 1530 5140; x_wconf 79' lang='lat' dir='ltr'>Potamium</span> <span class='ocrx_word' id='word_1_801' title='bbox 1574 5066 1926 5140; x_wconf 65' lang='lat' dir='ltr'>conscriptae.</span> 
     </span>
    </p>
   </div>
   <div class='ocr_carea' id='block_1_101' title="bbox 273 5135 1927 5210">
    <p class='ocr_par' dir='ltr' id='par_1_101' title="bbox 273 5135 1927 5210">
     <span class='ocr_line' id='line_1_101' title="bbox 273 5135 1927 5210; baseline -0.001 -16"><span class='ocrx_word' id='word_1_802' title='bbox 273 5135 351 5195; x_wconf 61' lang='lat' dir='ltr'>A&#39;t</span> <span class='ocrx_word' id='word_1_803' title='bbox 382 5156 497 5196; x_wconf 90' lang='lat' dir='ltr'>non</span> <span class='ocrx_word' id='word_1_804' title='bbox 526 5135 768 5210; x_wconf 78' lang='lat' dir='ltr'>putatur</span> <span class='ocrx_word' id='word_1_805' title='bbox 794 5135 968 5210; x_wconf 85' lang='lat' dir='ltr'>Qsius</span> <span class='ocrx_word' id='word_1_806' title='bbox 995 5135 1156 5210; x_wconf 76' lang='lat' dir='ltr'>illam</span> <span class='ocrx_word' id='word_1_807' title='bbox 1188 5135 1627 5210; x_wconf 80' lang='lat' dir='ltr'>conscripsisse,</span> <span class='ocrx_word' id='word_1_808' title='bbox 1660 5136 1761 5210; x_wconf 81' lang='lat' dir='ltr'>sed</span> <span class='ocrx_word' id='word_1_809' title='bbox 1791 5154 1927 5192; x_wconf 88' lang='lat' dir='ltr'>cum</span> 
     </span>
    </p>
   </div>
   <div class='ocr_carea' id='block_1_102' title="bbox 275 5207 1927 5281">
    <p class='ocr_par' dir='ltr' id='par_1_102' title="bbox 275 5207 1927 5281">
     <span class='ocr_line' id='line_1_102' title="bbox 275 5207 1927 5281; baseline -0.002 -14"><span class='ocrx_word' id='word_1_810' title='bbox 275 5212 469 5267; x_wconf 84' lang='lat' dir='ltr'>eidem</span> <span class='ocrx_word' id='word_1_811' title='bbox 520 5207 993 5281; x_wconf 78' lang='lat' dir='ltr'>subscripsisset,</span> <span class='ocrx_word' id='word_1_812' title='bbox 1050 5208 1255 5281; x_wconf 66' lang='lat' dir='ltr'>fraude</span> <span class='ocrx_word' id='word_1_813' title='bbox 1301 5209 1548 5263; x_wconf 84' lang='lat' dir='ltr'>fortasse</span> <span class='ocrx_word' id='word_1_814' title='bbox 1577 5207 1927 5281; x_wconf 84' lang='lat' dir='ltr'>Arianorum</span> 
     </span>
    </p>
   </div>
   <div class='ocr_carea' id='block_1_103' title="bbox 274 5279 1928 5353">
    <p class='ocr_par' dir='ltr' id='par_1_103' title="bbox 274 5279 1928 5353">
     <span class='ocr_line' id='line_1_103' title="bbox 274 5279 1928 5353; baseline -0.004 -13"><span class='ocrx_word' id='word_1_815' title='bbox 274 5282 552 5353; x_wconf 87' lang='lat' dir='ltr'>obtinuit,</span> <span class='ocrx_word' id='word_1_816' title='bbox 585 5286 650 5337; x_wconf 82' lang='lat' dir='ltr'>ut</span> <span class='ocrx_word' id='word_1_817' title='bbox 679 5279 1220 5353; x_wconf 22' lang='lat' dir='ltr'>ea&#39;OsiiAooni&#39;essio</span> <span class='ocrx_word' id='word_1_818' title='bbox 1264 5284 1587 5335; x_wconf 87' lang='lat' dir='ltr'>vocaretur.</span> <span class='ocrx_word' id='word_1_819' title='bbox 1621 5280 1928 5353; x_wconf 70' lang='lat' dir='ltr'>Videquaa</span> 
     </span>
    </p>
   </div>
   <div class='ocr_carea' id='block_1_104' title="bbox 275 5350 1926 5423">
    <p class='ocr_par' dir='ltr' id='par_1_104' title="bbox 275 5350 1926 5423">
     <span class='ocr_line' id='line_1_104' title="bbox 275 5350 1926 5423; baseline -0.001 -14"><span class='ocrx_word' id='word_1_820' title='bbox 275 5371 343 5410; x_wconf 81' lang='lat' dir='ltr'>ea</span> <span class='ocrx_word' id='word_1_821' title='bbox 375 5354 446 5408; x_wconf 90' lang='lat' dir='ltr'>de</span> <span class='ocrx_word' id='word_1_822' title='bbox 478 5350 545 5408; x_wconf 82' lang='lat' dir='ltr'>re</span> <span class='ocrx_word' id='word_1_823' title='bbox 584 5351 967 5423; x_wconf 74' lang='lat' dir='ltr'>dicunturin</span> <span class='ocrx_word' id='word_1_824' title='bbox 995 5351 1293 5407; x_wconf 88' lang='lat' dir='ltr'>Hilariana</span> <span class='ocrx_word' id='word_1_825' title='bbox 1325 5357 1620 5423; x_wconf 85' lang='lat' dir='ltr'>postrema</span> <span class='ocrx_word' id='word_1_826' title='bbox 1650 5350 1926 5421; x_wconf 85' lang='lat' dir='ltr'>editione,</span> 
     </span>
    </p>
   </div>
   <div class='ocr_carea' id='block_1_105' title="bbox 277 5420 1667 5484">
    <p class='ocr_par' dir='ltr' id='par_1_105' title="bbox 277 5420 1667 5484">
     <span class='ocr_line' id='line_1_105' title="bbox 277 5420 1667 5484; baseline -0.004 0"><span class='ocrx_word' id='word_1_827' title='bbox 277 5434 335 5484; x_wconf 87' lang='lat' dir='ltr'>et</span> <span class='ocrx_word' id='word_1_828' title='bbox 368 5426 423 5480; x_wconf 89' lang='lat' dir='ltr'>in</span> <span class='ocrx_word' id='word_1_829' title='bbox 457 5425 574 5479; x_wconf 89' lang='lat' dir='ltr'>vita</span> <span class='ocrx_word' id='word_1_830' title='bbox 603 5420 912 5480; x_wconf 86' lang='lat' dir='ltr'>Athanasii</span> <span class='ocrx_word' id='word_1_831' title='bbox 954 5429 1155 5479; x_wconf 88' lang='lat' dir='ltr'>nostra</span> <span class='ocrx_word' id='word_1_832' title='bbox 1187 5425 1256 5477; x_wconf 87' lang='lat' dir='ltr'>ad</span> <span class='ocrx_word' id='word_1_833' title='bbox 1292 5420 1509 5478; x_wconf 86' lang='lat' dir='ltr'>annum</span> <span class='ocrx_word' id='word_1_834' title='bbox 1543 5422 1667 5479; x_wconf 83' lang='lat'>357.</span> 
     </span>
    </p>
   </div>
   <div class='ocr_carea' id='block_1_106' title="bbox 351 5491 1931 5569">
    <p class='ocr_par' dir='ltr' id='par_1_106' title="bbox 351 5491 1931 5569">
     <span class='ocr_line' id='line_1_106' title="bbox 351 5491 1931 5569; baseline -0.005 -17"><span class='ocrx_word' id='word_1_835' title='bbox 351 5498 466 5569; x_wconf 88' lang='lat'>(67)</span> <span class='ocrx_word' id='word_1_836' title='bbox 498 5497 593 5569; x_wconf 82' lang='lat' dir='ltr'>Sic</span> <span class='ocrx_word' id='word_1_837' title='bbox 624 5495 764 5567; x_wconf 85' lang='lat' dir='ltr'>Reg.</span> <span class='ocrx_word' id='word_1_838' title='bbox 797 5494 1111 5569; x_wconf 72' lang='lat' dir='ltr'>Socrat._et</span> <span class='ocrx_word' id='word_1_839' title='bbox 1138 5494 1378 5569; x_wconf 51' lang='lat' dir='ltr'>Niceph.</span> <span class='ocrx_word' id='word_1_840' title='bbox 1414 5493 1681 5569; x_wconf 2' lang='lat' dir='ltr'>inpeditis</span> <span class='ocrx_word' id='word_1_841' title='bbox 1718 5491 1931 5569; x_wconf 70' lang='grc' dir='ltr'>ῌατέρα</span> 
     </span>
    </p>
   </div>
   <div class='ocr_carea' id='block_1_107' title="bbox 279 5564 1926 5639">
    <p class='ocr_par' dir='ltr' id='par_1_107' title="bbox 279 5564 1926 5639">
     <span class='ocr_line' id='line_1_107' title="bbox 279 5564 1926 5639; baseline -0.004 -15"><span class='ocrx_word' id='word_1_842' title='bbox 279 5564 463 5625; x_wconf 53' lang='lat' dir='ltr'>deest;</span> <span class='ocrx_word' id='word_1_843' title='bbox 499 5568 657 5639; x_wconf 70' lang='lat' dir='ltr'>Infra</span> <span class='ocrx_word' id='word_1_844' title='bbox 686 5564 901 5639; x_wconf 50' lang='lat' dir='ltr'>Sperat.</span> <span class='ocrx_word' id='word_1_845' title='bbox 937 5572 993 5621; x_wconf 90' lang='lat' dir='ltr'>et</span> <span class='ocrx_word' id='word_1_846' title='bbox 1021 5564 1295 5637; x_wconf 62' lang='lat' dir='ltr'>Niceph.,</span> <span class='ocrx_word' id='word_1_847' title='bbox 1334 5568 1540 5634; x_wconf 83' lang='grc' dir='ltr'>Ἰησοῦν</span> <span class='ocrx_word' id='word_1_848' title='bbox 1573 5564 1804 5639; x_wconf 85' lang='grc' dir='ltr'>Χριστὸν</span> <span class='ocrx_word' id='word_1_849' title='bbox 1835 5564 1926 5618; x_wconf 87' lang='grc' dir='ltr'>τὸν</span> 
     </span>
    </p>
   </div>
   <div class='ocr_carea' id='block_1_108' title="bbox 281 5637 1355 5712">
    <p class='ocr_par' dir='ltr' id='par_1_108' title="bbox 281 5637 1355 5712">
     <span class='ocr_line' id='line_1_108' title="bbox 281 5637 1355 5712; baseline -0.005 -16"><span class='ocrx_word' id='word_1_850' title='bbox 281 5640 481 5711; x_wconf 79' lang='grc' dir='ltr'>Κύριον</span> <span class='ocrx_word' id='word_1_851' title='bbox 512 5638 601 5693; x_wconf 82' lang='grc' dir='ltr'>καὶ</span> <span class='ocrx_word' id='word_1_852' title='bbox 633 5638 762 5694; x_wconf 86' lang='grc' dir='ltr'>Θεὸν</span> <span class='ocrx_word' id='word_1_853' title='bbox 789 5637 1355 5712; x_wconf 24' lang='grc' dir='ltr'>καξΛΣωτῆροιῇμῶν.</span> 
     </span>
    </p>
   </div>
   <div class='ocr_carea' id='block_1_109' title="bbox 354 5705 1536 5785">
    <p class='ocr_par' dir='ltr' id='par_1_109' title="bbox 354 5705 1536 5785">
     <span class='ocr_line' id='line_1_109' title="bbox 354 5705 1536 5785; baseline -0.007 -15"><span class='ocrx_word' id='word_1_854' title='bbox 354 5705 467 5785; x_wconf 85' lang='grc'>(68)</span> <span class='ocrx_word' id='word_1_855' title='bbox 497 5712 718 5785; x_wconf 77' lang='lat' dir='ltr'>Socrat.</span> <span class='ocrx_word' id='word_1_856' title='bbox 742 5715 814 5785; x_wconf 74' lang='lat' dir='ltr'>et</span> <span class='ocrx_word' id='word_1_857' title='bbox 836 5705 1103 5785; x_wconf 66' lang='lat' dir='ltr'>Niceph.,</span> <span class='ocrx_word' id='word_1_858' title='bbox 1135 5705 1319 5785; x_wconf 41' lang='lat' dir='ltr'>Sidet</span> <span class='ocrx_word' id='word_1_859' title='bbox 1349 5706 1536 5785; x_wconf 82' lang='grc' dir='ltr'>Θεούς.</span> 
     </span>
    </p>
   </div>
   <div class='ocr_carea' id='block_1_110' title="bbox 355 5777 1927 5858">
    <p class='ocr_par' dir='ltr' id='par_1_110' title="bbox 355 5777 1927 5858">
     <span class='ocr_line' id='line_1_110' title="bbox 355 5777 1927 5858; baseline -0.002 -19"><span class='ocrx_word' id='word_1_860' title='bbox 355 5777 473 5858; x_wconf 79' lang='grc'>(69)</span> <span class='ocrx_word' id='word_1_861' title='bbox 502 5784 631 5841; x_wconf 65' lang='lat' dir='ltr'>Hac</span> <span class='ocrx_word' id='word_1_862' title='bbox 667 5781 759 5838; x_wconf 79' lang='grc' dir='ltr'>καὶ</span> <span class='ocrx_word' id='word_1_863' title='bbox 789 5777 1148 5857; x_wconf 67' lang='grc' dir='ltr'>ἀκροοᾶστίαν</span> <span class='ocrx_word' id='word_1_864' title='bbox 1184 5777 1274 5836; x_wconf 79' lang='grc' dir='ltr'>διὰ</span> <span class='ocrx_word' id='word_1_865' title='bbox 1317 5778 1550 5840; x_wconf 79' lang='grc' dir='ltr'>πίστεως</span> <span class='ocrx_word' id='word_1_866' title='bbox 1596 5780 1815 5837; x_wconf 91' lang='lat' dir='ltr'>desunt</span> <span class='ocrx_word' id='word_1_867' title='bbox 1867 5779 1927 5836; x_wconf 91' lang='lat' dir='ltr'>in</span> 
     </span>
    </p>
   </div>
   <div class='ocr_carea' id='block_1_111' title="bbox 1958 4774 2623 4848">
    <p class='ocr_par' dir='ltr' id='par_1_111' title="bbox 1958 4774 2623 4848">
     <span class='ocr_line' id='line_1_111' title="bbox 1958 4774 2623 4848; baseline -0.015 -11"><span class='ocrx_word' id='word_1_868' title='bbox 1958 4783 2006 4848; x_wconf 84' lang='grc' dir='ltr'>Ι)</span> <span class='ocrx_word' id='word_1_869' title='bbox 2036 4780 2258 4835; x_wconf 85' lang='lat' dir='ltr'>Socrat.</span> <span class='ocrx_word' id='word_1_870' title='bbox 2290 4780 2348 4832; x_wconf 91' lang='lat' dir='ltr'>et</span> <span class='ocrx_word' id='word_1_871' title='bbox 2377 4774 2623 4846; x_wconf 90' lang='lat' dir='ltr'>Niceph.</span> 
     </span>
    </p>
   </div>
   <div class='ocr_carea' id='block_1_112' title="bbox 2107 4840 3622 4921">
    <p class='ocr_par' dir='ltr' id='par_1_112' title="bbox 2107 4840 3622 4921">
     <span class='ocr_line' id='line_1_112' title="bbox 2107 4840 3622 4921; baseline 0 -18"><span class='ocrx_word' id='word_1_872' title='bbox 2107 4850 2219 4921; x_wconf 84' lang='grc'>(70)</span> <span class='ocrx_word' id='word_1_873' title='bbox 2248 4840 2892 4921; x_wconf 47' lang='grc' dir='ltr'>δραι-μεηβουόξτανίας.</span> <span class='ocrx_word' id='word_1_874' title='bbox 2930 4845 3622 4921; x_wconf 15' lang='grc' dir='ltr'>Νἱοορὶιηῄσουνσταντίας.</span> 
     </span>
    </p>
   </div>
   <div class='ocr_carea' id='block_1_113' title="bbox 2131 4918 3357 4992">
    <p class='ocr_par' dir='ltr' id='par_1_113' title="bbox 2131 4918 3357 4992">
     <span class='ocr_line' id='line_1_113' title="bbox 2131 4918 3357 4992; baseline 0.002 -19"><span class='ocrx_word' id='word_1_875' title='bbox 2131 4918 2223 4992; x_wconf 66' lang='grc'>71)</span> <span class='ocrx_word' id='word_1_876' title='bbox 2256 4920 2350 4975; x_wconf 89' lang='lat' dir='ltr'>Sic</span> <span class='ocrx_word' id='word_1_877' title='bbox 2378 4918 2610 4992; x_wconf 84' lang='lat' dir='ltr'>Regius.</span> <span class='ocrx_word' id='word_1_878' title='bbox 2644 4919 2796 4992; x_wconf 73' lang='lat' dir='ltr'>Editi</span> <span class='ocrx_word' id='word_1_879' title='bbox 2830 4936 2985 4992; x_wconf 85' lang='lat' dir='ltr'>vero,</span> <span class='ocrx_word' id='word_1_880' title='bbox 3020 4918 3357 4991; x_wconf 82' lang='grc' dir='ltr'>ὁμοιούσιον.</span> 
     </span>
    </p>
   </div>
   <div class='ocr_carea' id='block_1_114' title="bbox 2041 4924 3682 5118">
    <p class='ocr_par' dir='ltr' id='par_1_114' title="bbox 2041 4924 3682 5118">
     <span class='ocr_line' id='line_1_114' title="bbox 2131 4924 3357 4992; baseline 0.002 -19"><span class='ocrx_word' id='word_1_881' title='bbox 2131 4924 2223 4992; x_wconf 68' lang='grc'>71)</span> <span class='ocrx_word' id='word_1_882' title='bbox 2256 4924 2350 4975; x_wconf 86' lang='lat' dir='ltr'>Sic</span> <span class='ocrx_word' id='word_1_883' title='bbox 2378 4924 2610 4988; x_wconf 85' lang='lat' dir='ltr'>Regius.</span> <span class='ocrx_word' id='word_1_884' title='bbox 2644 4924 2796 4973; x_wconf 77' lang='grc' dir='ltr'>Εόὶιί</span> <span class='ocrx_word' id='word_1_885' title='bbox 2830 4936 2985 4990; x_wconf 85' lang='lat' dir='ltr'>vero,</span> <span class='ocrx_word' id='word_1_886' title='bbox 3020 4924 3357 4991; x_wconf 86' lang='grc' dir='ltr'>ὁμοιούσιον.</span> 
     </span>
     <span class='ocr_line' id='line_1_115' title="bbox 2041 4924 3682 5118; baseline -0.004 -71"><span class='ocrx_word' id='word_1_887' title='bbox 2041 4924 2343 5118; x_wconf 49' lang='grc' dir='ltr'>δὲξᾷζὶξε</span> <span class='ocrx_word' id='word_1_888' title='bbox 2376 4991 2514 5062; x_wconf 85' lang='lat' dir='ltr'>Reg.</span> <span class='ocrx_word' id='word_1_889' title='bbox 2547 4994 2604 5045; x_wconf 91' lang='lat' dir='ltr'>et</span> <span class='ocrx_word' id='word_1_890' title='bbox 2632 4990 2754 5045; x_wconf 85' lang='lat' dir='ltr'>Nic.</span> <span class='ocrx_word' id='word_1_891' title='bbox 2789 4991 2939 5093; x_wconf 85' lang='lat' dir='ltr'>Editi</span> <span class='ocrx_word' id='word_1_892' title='bbox 2970 5007 3102 5047; x_wconf 90' lang='lat' dir='ltr'>vero</span> <span class='ocrx_word' id='word_1_893' title='bbox 3136 5008 3268 5048; x_wconf 89' lang='lat' dir='ltr'>cum</span> <span class='ocrx_word' id='word_1_894' title='bbox 3300 4993 3544 5060; x_wconf 83' lang='lat' dir='ltr'>Socrat.,</span> <span class='ocrx_word' id='word_1_895' title='bbox 3575 4988 3682 5057; x_wconf 78' lang='grc' dir='ltr'>Τὴν</span> 
     </span>
    </p>
   </div>
   <div class='ocr_carea' id='block_1_115' title="bbox 2072 5063 2873 5118">
    <p class='ocr_par' dir='ltr' id='par_1_115' title="bbox 2072 5063 2873 5118">
     <span class='ocr_line' id='line_1_116' title="bbox 2072 5063 2873 5118; baseline -0.001 0"><span class='ocrx_word' id='word_1_896' title='bbox 2072 5064 2098 5118; x_wconf 76' lang='grc' dir='ltr'><strong>ὲ</strong></span> <span class='ocrx_word' id='word_1_897' title='bbox 2123 5063 2333 5118; x_wconf 64' lang='grc' dir='ltr'>γενεάν.</span> <span class='ocrx_word' id='word_1_898' title='bbox 2868 5088 2873 5093; x_wconf 65' lang='grc' dir='ltr'>ι</span> 
     </span>
    </p>
   </div>
   <div class='ocr_carea' id='block_1_116' title="bbox 2170 5130 3421 5207">
    <p class='ocr_par' dir='ltr' id='par_1_116' title="bbox 2170 5130 3421 5207">
     <span class='ocr_line' id='line_1_117' title="bbox 2170 5130 3421 5207; baseline -0.002 -18"><span class='ocrx_word' id='word_1_899' title='bbox 2170 5138 2224 5203; x_wconf 85' lang='grc'>3)</span> <span class='ocrx_word' id='word_1_900' title='bbox 2254 5138 2487 5207; x_wconf 69' lang='lat' dir='ltr'>Socrat._</span> <span class='ocrx_word' id='word_1_901' title='bbox 2506 5136 2568 5207; x_wconf 60' lang='lat' dir='ltr'>et</span> <span class='ocrx_word' id='word_1_902' title='bbox 2598 5132 2868 5207; x_wconf 67' lang='lat' dir='ltr'>Niceph.,</span> <span class='ocrx_word' id='word_1_903' title='bbox 2894 5132 3033 5186; x_wconf 84' lang='grc' dir='ltr'>Ἀπὸ</span> <span class='ocrx_word' id='word_1_904' title='bbox 3050 5136 3157 5207; x_wconf 13' lang='grc' dir='ltr'>,τοῦ</span> <span class='ocrx_word' id='word_1_905' title='bbox 3189 5130 3421 5207; x_wconf 65' lang='grc' dir='ltr'>Πατρός.</span> 
     </span>
    </p>
   </div>
   <div class='ocr_carea' id='block_1_117' title="bbox 2113 5137 3682 5279">
    <p class='ocr_par' dir='ltr' id='par_1_117' title="bbox 2113 5137 3682 5279">
     <span class='ocr_line' id='line_1_118' title="bbox 2132 5137 3421 5207; baseline -0.001 -18"><span class='ocrx_word' id='word_1_906' title='bbox 2132 5137 2224 5203; x_wconf 84' lang='grc'>73)</span> <span class='ocrx_word' id='word_1_907' title='bbox 2254 5138 2475 5191; x_wconf 87' lang='lat' dir='ltr'>Socrat.</span> <span class='ocrx_word' id='word_1_908' title='bbox 2512 5137 2568 5187; x_wconf 91' lang='lat' dir='ltr'>et</span> <span class='ocrx_word' id='word_1_909' title='bbox 2598 5137 2860 5202; x_wconf 85' lang='lat' dir='ltr'>Niceph.,</span> <span class='ocrx_word' id='word_1_910' title='bbox 2894 5137 3033 5186; x_wconf 85' lang='grc' dir='ltr'>Ἀπὸ</span> <span class='ocrx_word' id='word_1_911' title='bbox 3062 5137 3157 5185; x_wconf 86' lang='grc' dir='ltr'>τοῦ</span> <span class='ocrx_word' id='word_1_912' title='bbox 3189 5137 3421 5207; x_wconf 83' lang='grc' dir='ltr'>Πατρός.</span> 
     </span>
     <span class='ocr_line' id='line_1_119' title="bbox 2113 5137 3682 5279; baseline -0.004 -17"><span class='ocrx_word' id='word_1_913' title='bbox 2113 5137 2223 5279; x_wconf 72' lang='grc'>(74)</span> <span class='ocrx_word' id='word_1_914' title='bbox 2256 5207 2386 5262; x_wconf 71' lang='lat' dir='ltr'>Haec</span> <span class='ocrx_word' id='word_1_915' title='bbox 2418 5199 2559 5259; x_wconf 75' lang='grc' dir='ltr'>Οὐδὲ</span> <span class='ocrx_word' id='word_1_916' title='bbox 2587 5199 3014 5279; x_wconf 49' lang='grc' dir='ltr'>γὰρ-διστάσειεν</span> <span class='ocrx_word' id='word_1_917' title='bbox 3048 5201 3105 5257; x_wconf 78' lang='grc' dir='ltr'>ἂν</span> <span class='ocrx_word' id='word_1_918' title='bbox 3129 5224 3258 5279; x_wconf 11' lang='grc' dir='ltr'>,τις</span> <span class='ocrx_word' id='word_1_919' title='bbox 3297 5205 3388 5258; x_wconf 88' lang='grc' dir='ltr'>τὸν</span> <span class='ocrx_word' id='word_1_920' title='bbox 3426 5200 3682 5279; x_wconf 67' lang='grc' dir='ltr'>ΔΠατέρα,</span> 
     </span>
    </p>
   </div>
   <div class='ocr_carea' id='block_1_118' title="bbox 2040 5275 3681 5348">
    <p class='ocr_par' dir='ltr' id='par_1_118' title="bbox 2040 5275 3681 5348">
     <span class='ocr_line' id='line_1_120' title="bbox 2040 5275 3681 5348; baseline -0.003 -15"><span class='ocrx_word' id='word_1_921' title='bbox 2040 5275 2258 5334; x_wconf 83' lang='lat' dir='ltr'>absunt</span> <span class='ocrx_word' id='word_1_922' title='bbox 2285 5296 2317 5332; x_wconf 89' lang='lat' dir='ltr'>a</span> <span class='ocrx_word' id='word_1_923' title='bbox 2344 5281 2561 5332; x_wconf 77' lang='lat' dir='ltr'>Socrat.</span> <span class='ocrx_word' id='word_1_924' title='bbox 2595 5275 2923 5346; x_wconf 39' lang='lat' dir='ltr'>et&#39;Nioeph.</span> <span class='ocrx_word' id='word_1_925' title='bbox 2959 5276 3088 5332; x_wconf 85' lang='lat' dir='ltr'>Mox</span> <span class='ocrx_word' id='word_1_926' title='bbox 3128 5277 3359 5348; x_wconf 75' lang='lat' dir='ltr'>Regius,</span> <span class='ocrx_word' id='word_1_927' title='bbox 3419 5275 3681 5348; x_wconf 75' lang='grc' dir='ltr'>θειότητι·</span> 
     </span>
    </p>
   </div>
   <div class='ocr_carea' id='block_1_119' title="bbox 2042 5344 3686 5423">
    <p class='ocr_par' dir='ltr' id='par_1_119' title="bbox 2042 5344 3686 5423">
     <span class='ocr_line' id='line_1_121' title="bbox 2042 5344 3686 5423; baseline -0.004 -18"><span class='ocrx_word' id='word_1_928' title='bbox 2042 5350 2215 5406; x_wconf 86' lang='lat' dir='ltr'>Paulo</span> <span class='ocrx_word' id='word_1_929' title='bbox 2248 5355 2381 5421; x_wconf 89' lang='lat' dir='ltr'>post</span> <span class='ocrx_word' id='word_1_930' title='bbox 2409 5348 2620 5418; x_wconf 84' lang='lat' dir='ltr'>Regius</span> <span class='ocrx_word' id='word_1_931' title='bbox 2676 5344 2935 5403; x_wconf 83' lang='lat' dir='ltr'>secunda</span> <span class='ocrx_word' id='word_1_932' title='bbox 2993 5344 3686 5423; x_wconf 47' lang='lat' dir='ltr'>manu,—8tapap‘tupdyc-</span> 
     </span>
    </p>
   </div>
   <div class='ocr_carea' id='block_1_120' title="bbox 2039 5440 2148 5476">
    <p class='ocr_par' dir='ltr' id='par_1_120' title="bbox 2039 5440 2148 5476">
     <span class='ocr_line' id='line_1_122' title="bbox 2039 5440 2148 5476; baseline 0.018 -2"><span class='ocrx_word' id='word_1_933' title='bbox 2039 5440 2125 5475; x_wconf 89' lang='grc' dir='ltr'>νον</span> <span class='ocrx_word' id='word_1_934' title='bbox 2137 5465 2148 5476; x_wconf 92' lang='grc'>.</span> 
     </span>
    </p>
   </div>
   <div class='ocr_carea' id='block_1_121' title="bbox 2134 5487 3437 5633">
    <p class='ocr_par' dir='ltr' id='par_1_121' title="bbox 2134 5487 3437 5633">
     <span class='ocr_line' id='line_1_123' title="bbox 2134 5487 3437 5633; baseline 0.001 -89"><span class='ocrx_word' id='word_1_935' title='bbox 2134 5491 2224 5633; x_wconf 74' lang='grc'>75)</span> <span class='ocrx_word' id='word_1_936' title='bbox 2257 5491 2354 5562; x_wconf 77' lang='grc' dir='ltr'>Τῷ</span> <span class='ocrx_word' id='word_1_937' title='bbox 2383 5487 2552 5572; x_wconf 87' lang='grc' dir='ltr'>Πατρί</span> <span class='ocrx_word' id='word_1_938' title='bbox 2583 5490 2744 5543; x_wconf 83' lang='lat' dir='ltr'>deest</span> <span class='ocrx_word' id='word_1_939' title='bbox 2774 5488 2831 5543; x_wconf 90' lang='lat' dir='ltr'>in</span> <span class='ocrx_word' id='word_1_940' title='bbox 2862 5492 3080 5545; x_wconf 85' lang='lat' dir='ltr'>Socrat.</span> <span class='ocrx_word' id='word_1_941' title='bbox 3116 5495 3171 5545; x_wconf 72' lang='lat' dir='ltr'>et</span> <span class='ocrx_word' id='word_1_942' title='bbox 3198 5491 3437 5562; x_wconf 86' lang='lat' dir='ltr'>Niceph.</span> 
     </span>
     <span class='ocr_line' id='line_1_124' title="bbox 2134 5562 3429 5633; baseline -0.002 -16"><span class='ocrx_word' id='word_1_943' title='bbox 2134 5565 2203 5617; x_wconf 88' lang='lat'>76</span> <span class='ocrx_word' id='word_1_944' title='bbox 2257 5564 2349 5618; x_wconf 90' lang='lat' dir='ltr'>Sic</span> <span class='ocrx_word' id='word_1_945' title='bbox 2380 5565 2617 5632; x_wconf 78' lang='lat' dir='ltr'>Regius,</span> <span class='ocrx_word' id='word_1_946' title='bbox 2672 5566 2891 5615; x_wconf 80' lang='lat' dir='ltr'>Socrat.</span> <span class='ocrx_word' id='word_1_947' title='bbox 2953 5566 3010 5615; x_wconf 86' lang='lat' dir='ltr'>et</span> <span class='ocrx_word' id='word_1_948' title='bbox 3064 5563 3304 5633; x_wconf 85' lang='lat' dir='ltr'>Niceph.</span> <span class='ocrx_word' id='word_1_949' title='bbox 3359 5562 3429 5615; x_wconf 77' lang='grc' dir='ltr'>εἶν</span> 
     </span>
    </p>
   </div>
   <div class='ocr_carea' id='block_1_122' title="bbox 2113 5494 3691 5636">
    <p class='ocr_par' dir='ltr' id='par_1_122' title="bbox 2113 5494 3691 5636">
     <span class='ocr_line' id='line_1_125' title="bbox 2113 5494 3437 5636; baseline 0.001 -92"><span class='ocrx_word' id='word_1_950' title='bbox 2113 5494 2224 5636; x_wconf 58' lang='grc'>(75)</span> <span class='ocrx_word' id='word_1_951' title='bbox 2257 5494 2354 5562; x_wconf 77' lang='grc' dir='ltr'>Τῷ</span> <span class='ocrx_word' id='word_1_952' title='bbox 2383 5494 2552 5572; x_wconf 86' lang='grc' dir='ltr'>Πατρί</span> <span class='ocrx_word' id='word_1_953' title='bbox 2583 5494 2744 5543; x_wconf 83' lang='lat' dir='ltr'>deest</span> <span class='ocrx_word' id='word_1_954' title='bbox 2774 5494 2831 5543; x_wconf 88' lang='lat' dir='ltr'>in</span> <span class='ocrx_word' id='word_1_955' title='bbox 2862 5494 3080 5545; x_wconf 88' lang='lat' dir='ltr'>Socrat.</span> <span class='ocrx_word' id='word_1_956' title='bbox 3116 5495 3171 5545; x_wconf 72' lang='lat' dir='ltr'>et</span> <span class='ocrx_word' id='word_1_957' title='bbox 3198 5494 3437 5562; x_wconf 86' lang='lat' dir='ltr'>Niceph.</span> 
     </span>
     <span class='ocr_line' id='line_1_126' title="bbox 2133 5561 3691 5636; baseline 0 -19"><span class='ocrx_word' id='word_1_958' title='bbox 2133 5565 2203 5617; x_wconf 88' lang='lat'>76</span> <span class='ocrx_word' id='word_1_959' title='bbox 2257 5564 2349 5636; x_wconf 87' lang='lat' dir='ltr'>Sic</span> <span class='ocrx_word' id='word_1_960' title='bbox 2378 5565 2617 5636; x_wconf 75' lang='lat' dir='ltr'>Regius,</span> <span class='ocrx_word' id='word_1_961' title='bbox 2672 5566 2891 5615; x_wconf 80' lang='lat' dir='ltr'>Socrat.</span> <span class='ocrx_word' id='word_1_962' title='bbox 2952 5566 3010 5636; x_wconf 73' lang='lat' dir='ltr'>et</span> <span class='ocrx_word' id='word_1_963' title='bbox 3064 5563 3304 5636; x_wconf 85' lang='lat' dir='ltr'>Niceph.</span> <span class='ocrx_word' id='word_1_964' title='bbox 3359 5562 3491 5615; x_wconf 77' lang='grc' dir='ltr'>εἶναι</span> <span class='ocrx_word' id='word_1_965' title='bbox 3525 5561 3691 5636; x_wconf 84' lang='lat' dir='ltr'>deest</span> 
     </span>
    </p>
   </div>
   <div class='ocr_carea' id='block_1_123' title="bbox 2038 5633 3682 5709">
    <p class='ocr_par' dir='ltr' id='par_1_123' title="bbox 2038 5633 3682 5709">
     <span class='ocr_line' id='line_1_127' title="bbox 2038 5633 3682 5709; baseline -0.001 -20"><span class='ocrx_word' id='word_1_966' title='bbox 2038 5634 2098 5689; x_wconf 92' lang='lat' dir='ltr'>in</span> <span class='ocrx_word' id='word_1_967' title='bbox 2122 5633 2302 5709; x_wconf 81' lang='lat' dir='ltr'>editis</span> <span class='ocrx_word' id='word_1_968' title='bbox 2334 5633 2705 5709; x_wconf 84' lang='lat' dir='ltr'>hic__t_antum.</span> <span class='ocrx_word' id='word_1_969' title='bbox 2740 5636 2869 5687; x_wconf 85' lang='lat' dir='ltr'>Mox</span> <span class='ocrx_word' id='word_1_970' title='bbox 2898 5634 3035 5686; x_wconf 89' lang='lat' dir='ltr'>edit.</span> <span class='ocrx_word' id='word_1_971' title='bbox 3080 5633 3286 5701; x_wconf 64' lang='lat' dir='ltr'>Paria,</span> <span class='ocrx_word' id='word_1_972' title='bbox 3338 5633 3682 5709; x_wconf 80' lang='grc' dir='ltr'>γεγενῆσθαι.</span> 
     </span>
    </p>
   </div>
   <div class='ocr_carea' id='block_1_124' title="bbox 2040 5703 3148 5778">
    <p class='ocr_par' dir='ltr' id='par_1_124' title="bbox 2040 5703 3148 5778">
     <span class='ocr_line' id='line_1_128' title="bbox 2040 5703 3148 5778; baseline -0.005 -14"><span class='ocrx_word' id='word_1_973' title='bbox 2040 5707 2340 5764; x_wconf 82' lang='lat' dir='ltr'>mendose.</span> <span class='ocrx_word' id='word_1_974' title='bbox 2374 5703 2486 5759; x_wconf 83' lang='lat' dir='ltr'>Alii</span> <span class='ocrx_word' id='word_1_975' title='bbox 2519 5720 2744 5770; x_wconf 86' lang='lat' dir='ltr'>omnes,</span> <span class='ocrx_word' id='word_1_976' title='bbox 2776 5709 3148 5778; x_wconf 84' lang='grc' dir='ltr'>γεγεννῆσθαι.</span> 
     </span>
    </p>
   </div>
  </div>
