4082 6370
287 502 406 564 745

1757 506 1857 568 DE
1901 508 2258 570 SYNODlS.

3586 505 3702 575 746

292 656 406 691 σιον
441 636 550 710 (87)
581 627 947 711 ὶκϐάλλομεν,
989 635 1064 699 ὡς
1110 635 1406 712 ἀλλότριον
1449 642 1557 693 τῶν
1593 644 1838 716 Γραφῶν·
1872 639 1935 696 τὸ

2061 647 2166 699 tem
2207 645 2579 701 anathemate
2625 645 2980 703 damnamus
3013 663 3026 702 :
3056 652 3113 702 et
3157 664 3361 704 omnes
3410 653 3703 720 quotquot

291 721 351 779 δὲ
397 723 663 798 ἀνόμοιον
712 725 1194 800 ἀναθεματίζομεν,
1219 725 1308 780 γαὶ
1353 726 1576 798 πάντας,
1607 727 1726 783 ὅσοι
1755 732 1936 783 τοιοῦ-

290 834 376 869 τοι
402 813 784 890 τυγχάνουσιν,
800 814 1129 890 ἀλλοτρίους
1149 814 1436 891 ἡγούμεθα
1457 823 1556 886 τῆς
1588 815 1937 887 Ἐκκλησίας.

289 904 360 958 Τὸ
391 900 448 958 δὲ
479 905 670 977 ὅμοιον
703 907 799 959 τοῦ
829 904 957 961 Υὶοῦ
987 904 1124 981 πρὸς
1170 904 1261 959 τὸν
1313 905 1524 980 Πατέρα
1570 910 1754 982 σαφῶς
1800 907 1937 978 ὁμο·

289 991 562 1067 λογοῦμεν
586 993 722 1049 κατὰ
748 994 838 1048 τὸν
876 993 1237 1064 Ἀπόστολον,
1267 994 1357 1048 τὸν
1392 991 1619 1070 λέγοντα
1665 993 1789 1069 περὶ
1843 998 1938 1049 τοῦ

283 1083 435 1137 Υῖοῦ·
472 1105 500 1134 ‹‹
529 1084 624 1144 ⁸⁸ος
657 1083 797 1138 ἐστιν
831 1083 992 1141 εἱκὼν
1017 1087 1118 1138 τοῦ
1147 1087 1280 1138 Θεοῦ
1306 1087 1403 1138 τοῦ
1434 1083 1691 1158 ἀοράτου.
1717 1107 1745 1135 ››
1776 1085 1940 1156 Ὁμο-

287 1168 566 1246 λογοῦμεν
595 1168 653 1226 δὲ
681 1170 769 1226 καὶ
800 1171 1126 1245 πιστεύομεν
1160 1171 1236 1236 είς
1263 1168 1356 1227 ἕνα
1404 1172 1530 1227 Θεὸν
1589 1170 1797 1248 Πατέρα
1827 1173 1938 1245 (88)

203 1275 228 1296 ἰ
287 1258 719 1335 παντοκράτορα,
751 1262 842 1316 τὸν
875 1263 1111 1331 ποιητὴν
1155 1262 1388 1337 ούρανοῦ
1436 1260 1524 1315 καὶ
1569 1263 1694 1337 γῆς,
1728 1261 1936 1336 ὁρατῶν

285 1347 500 1404 πάντων
532 1349 622 1404 καὶ
653 1349 917 1423 ἀοράτων.
951 1349 1282 1423 Πιστεύομεν
1318 1347 1376 1404 δὲ
1404 1349 1494 1404 καὶ
1556 1349 1631 1411 είς
1676 1349 1767 1404 τὸν
1831 1348 1938 1403 Κύ-

293 1457 409 1512 ριον
456 1441 618 1511 ἡμῶν
652 1438 860 1509 Ἰησοῦν
908 1440 1161 1515 Χριστὸν,
1190 1441 1284 1494 τὸν
1333 1439 1454 1494 Υἱὸν
1497 1438 1661 1494 αὐτοῦ
1689 1441 1823 1512 (89),
1846 1439 1936 1494 τὸν

287 1525 341 1596 ἐξ
368 1526 532 1581 αὐτοῦ
558 1529 884 1602 γεννηθέντα
915 1528 1136 1591 ἀπαθῶς
1169 1529 1276 1603 πρὸ
1317 1529 1528 1583 πάντων
1559 1532 1666 1584 τῶν
1699 1528 1936 1596 αἰώνων,

289 1615 418 1670 Θεὸν
448 1615 647 1691 Λόγον,
681 1617 810 1672 Θεὸν
844 1616 904 1672 ἐκ
951 1621 1086 1674 Θεοῦ
1112 1618 1224 1692 (90)
1257 1620 1567 1693 Μονογενῆ,
1599 1620 1736 1695 φῶς,
1771 1617 1937 1688 ζωὴν,

290 1701 572 1775 ἀλήθειαν,
607 1705 814 1784 σοφίαν,
849 1704 1099 1780 δύναμιν,
1133 1704 1204 1760 δι’
1255 1706 1316 1761 οὗ
1373 1707 1440 1761 τὰ
1486 1707 1661 1761 πάντα
1708 1705 1936 1782 ἐγένετο,

289 1792 357 1848 τὰ
415 1793 466 1848 έν
516 1799 634 1856 τοῖς
689 1793 942 1870 οῦρανοῖς
1000 1796 1092 1851 καὶ
1121 1795 1187 1850 τὰ
1217 1794 1306 1850 ἐπὶ
1335 1802 1435 1865 τῆς
1463 1799 1584 1871 γῆς,
1619 1793 1724 1851 εἰίεε
1751 1796 1939 1871 ὁρατὰ,

289 1877 400 1936 εἷ’τε
447 1881 671 1959 ἀόρατα.
722 1886 929 1941 Τοῦτον
983 1883 1310 1958 πιστεύομεν
1361 1884 1450 1940 έπὶ
1501 1883 1778 1956 συντελείᾳ
1834 1889 1941 1940 τῶν

2047 732 2228 800 hujus
2257 733 2560 788 sententize
2609 735 2845 800 fuerint,
2881 735 2952 790 ab
2983 734 3241 792 Ecclesia
3289 736 3513 792 alienos
3565 752 3698 792 sen-

2046 819 2252 875 timus.
2286 820 2550 876 Similem
2583 839 2716 878 vero
2757 823 2947 878 Patris
2994 823 3205 879 Filium
3256 823 3430 896 plane
3461 824 3702 880 conﬁte-

2048 922 2202 975 mur,
2255 909 2426 979 juxta
2479 909 2822 982 Apostolum
2869 912 2968 982 qui
3018 912 3088 967 de
3133 911 3273 968 Filio
3315 912 3456 968 dicit
3488 929 3500 967 :
3531 935 3557 961 ‹‹
3593 913 3702 978 Qui

2049 1017 2076 1045 «
2109 1000 2199 1051 est
2226 996 2421 1069 imago
2465 999 2562 1052 Dei
2605 998 2922 1055 invisibilis
2944 999 2988 1034 ³⁵
3035 1021 3064 1048 ››
3095 1001 3458 1056 Conﬁtemur
3506 1004 3702 1056 autem

2047 1088 2105 1138 et
2134 1086 2425 1141 credimus
2458 1085 2518 1140 in
2541 1103 2725 1142 unum
2751 1091 2933 1143 Deum
2958 1092 3191 1143 Patrem
3215 1088 3703 1162 omnipotentem,

2047 1171 2324 1229 factorem
2358 1174 2480 1230 caeli
2514 1180 2570 1231 et
2601 1181 2790 1243 terrae,
2817 1177 3139 1232 visibilium
3173 1178 3438 1233 omnium
3469 1183 3526 1232 et
3556 1175 3702 1233 invi-

2049 1262 2332 1318 sibilium.
2374 1263 2683 1320 Credimus
2743 1264 2883 1320 item
2943 1266 3003 1321 in
3063 1266 3376 1321 Dominum
3433 1270 3701 1322 nostrum

2045 1351 2249 1407 Jesum
2282 1351 2603 1422 Christum,
2639 1353 2852 1408 Filium
2884 1355 3035 1424 ejus,
3069 1355 3195 1411 sine
3225 1355 3501 1427 passione
3532 1356 3604 1410 ab
3634 1370 3700 1410 eo

2047 1441 2313 1512 genitum
2349 1446 2483 1497 ante
2513 1442 2713 1498 omnia
2742 1443 2978 1508 saacula,
3004 1449 3182 1498 Deum
3219 1443 3494 1514 Verbum,
3521 1449 3702 1500 Deum

2047 1545 2117 1584 ex
2157 1535 2269 1586 Deo
2303 1530 2704 1603 Unigenitum,
2752 1529 2975 1601 lumen,
3007 1531 3212 1598 vitam,
3247 1532 3574 1600 veritatem,
3605 1549 3704 1589 sa-

2048 1619 2356 1690 pientiam,
2391 1619 2743 1692 potentiam;
2777 1636 2880 1692 per
2909 1637 3086 1692 quem
3129 1621 3328 1677 omnia
3359 1623 3512 1677 facta
3543 1629 3704 1689 sunt,

2047 1723 2178 1778 quas
2208 1708 2267 1763 in
2299 1700 2459 1764 caelis
2508 1712 2566 1764 et
2617 1725 2744 1779 qua;
2794 1709 2853 1763 in
2901 1714 3074 1776 terra,
3107 1710 3227 1764 sive
3274 1709 3550 1782 visibilis,
3575 1710 3704 1766 sive

2045 1796 2387 1853 invisibilia.
2420 1797 2583 1853 Hunc
2628 1797 2926 1854 credimus
2955 1797 3015 1852 in
3047 1798 3562 1854 consummatione
3593 1815 3703 1855 sas-

2047 1885 2337 1954 culorum,
2372 1887 2442 1942 ad
2475 1885 2830 1942 abolendum
2880 1891 3182 1959 peccatum
3216 1903 3451 1943 carnem
3504 1902 3700 1943 susce-

291 1970 506 2026 αἰώνων
542 1971 617 2034 εἷς
664 1972 916 2044 ἀθέτησιν
963 1980 1063 2044 τῆς
1113 1972 1380 2050 ἁμαρτίας
1428 1975 1597 2049 σάρκα
1645 1972 1938 2051 ἀνειληφέ-

2061 1975 2210 2047 pisse
2239 1991 2307 2031 ex
2337 1978 2538 2030 sancta
2566 1974 2829 2046 Virgine,
2851 1980 2910 2030 et
2941 1975 3240 2031 hominem
3276 1976 3494 2030 factum
3530 1991 3698 2032 esse:

291 2080 378 2116 ναι
421 2063 534 2134 (91)
589 2061 646 2116 ἐκ
691 2065 789 2132 τῆς
834 2063 990 2138 ἁγίας
1039 2063 1314 2139 Παρθένου
1360 2061 1448 2117 καί
1496 2062 1944 2140 ἐνανθρωπήσαν-

297 2168 384 2204 τα·
416 2149 660 2215 παθόντα
692 2151 823 2226 ὑπὲρ
853 2157 963 2207 τῶν
1006 2153 1284 2228 ἁμαρτιῶν
1332 2153 1516 2225 ἡμῶν,
1549 2151 1636 2207 καὶ
1688 2151 1947 2207 ἀναστάν-

292 2259 380 2307 τα,
413 2240 501 2294 καὶ
535 2239 912 2316 ἀναληφθέντα
948 2241 1024 2303 είς
1080 2239 1361 2314 οὐρανοὺς,
1393 2240 1708 2315 καθέζεσθαι
1760 2240 1810 2294 έν
1859 2237 1947 2295 δε-

307 2326 392 2399 ξιᾷ
418 2332 515 2382 τοῦ
544 2329 774 2404 Πατρός·
806 2326 971 2384 πάλιν
1146 2328 1443 2405 έρχόμενον
1472 2327 1524 2383 έν
1585 2327 1735 2404 δόξῃ,
1767 2335 1946 2404 κρῖναι

306 2419 510 2484 ζῶντας
569 2418 658 2472 καί
711 2417 952 2492 νεκρούς.
1011 2417 1342 2491 Ηιστεύομεν
1391 2417 1482 2473 καὶ
1549 2416 1629 2480 εἷς
1682 2418 1744 2472 τὸ
1791 2420 1944 2493 ἅγιον

306 2509 546 2579 Πνεῦμα,
572 2506 707 2562 ’ὁκαὶ
738 2504 1098 2582 Παράκλητον
1127 2507 1406 2581 ὠνόμασεν
1439 2509 1467 2562 ὁ
1502 2507 1696 2580 Σωτὴρ
1726 2507 1816 2562 καὶ
1851 2507 1950 2561 Κύ-

305 2614 420 2669 ριος
471 2597 657 2668 ἡμῶν,
711 2594 1168 2673 ἐπαγγειλάμενος
1227 2597 1362 2670 μετὰ
1411 2597 1474 2652 τὸ
1532 2594 1782 2660 ἀπελθεῖν
1834 2597 1946 2668 (93)

300 2681 464 2738 αύτὸν
491 2684 704 2759 πέμψαι
739 2691 858 2748 τοῖς
907 2687 1177 2758 μαθηταῖς
1225 2690 1408 2755 τοῦτο,
1435 2686 1465 2740 ’ὁ
1513 2685 1602 2740 καὶ
1642 2684 1945 2740 ἀπέστειλε·

301 2768 374 2826 δι’
406 2773 468 2827 οὗ
490 2774 578 2828 καὶ
613 2775 817 2848 ἁγιάζει
847 2773 976 2837 τοὺς
1009 2773 1061 2829 έν
1115 2777 1184 2848 τῇ
1215 2773 1516 2846 Ἐκκλησία
1571 2773 1946 2840 πιστεύοντας,

299 2860 391 2916 καὶ
428 2862 858 2938 βαπτιζομένους
899 2862 953 2918 έν
1004 2863 1228 2936 ὀνόματι
1278 2864 1510 2937 ΙΙατρὸς,
1541 2863 1629 2917 καὶ
1676 2864 1826 2933 Υἱοῦ,
1858 2863 1948 2916 καὶ

303 2948 458 3026 ἁγίου
486 2950 821 3025 Πνεύματος.
852 2951 995 3014 Τοὺς
1041 2949 1099 3006 δὲ
1129 2953 1249 3026 (94)
1276 2952 1422 3028 παρὰ
1466 2951 1666 3022 ταύτην
1714 2954 1811 3020 τὴν
1859 2950 1949 3006 πί-

301 3060 414 3095 στιν
444 3038 585 3096 ἅλλο
615 3061 667 3096 τι
701 3040 1068 3114 κηρύττοντας
1099 3039 1427 3115 ἀλλοτριους
1480 3037 1621 3096 οἶδεν
1653 3043 1688 3111 ἡ
1721 3040 1946 3096 καθολι-

301 3129 374 3197 κή
409 3127 725 3199 Ἐκκλησία.
758 3132 880 3188 Ὅτι
941 3127 1000 3184 δὲ
1052 3130 1222 3205 ταύτῃ
1283 3133 1351 3204 τῇ
1409 3128 1586 3184 πίστει
1634 3127 1951 3204 ἰσοδυναμεῖ

299 3217 391 3273 καὶ
429 3220 464 3288 ἡ
518 3217 577 3274 ἐκ
627 3218 846 3294 Σιρμίῳ
902 3219 1088 3294 πρώην
1143 3217 1414 3284 ἐκτεθεῖσα
1469 3217 1647 3281 πίστις
1704 3218 1792 3275 ἐπὶ
1847 3226 1948 3290 τῆς

301 3302 572 3371 εὐσεϐείας
600 3312 696 3364 τοῦ
730 3309 999 3385 βασιλέως
1051 3311 1232 3383 ἡμῶν,
1263 3307 1619 3386 γνωρίζουσιν
1670 3310 1723 3364 οἱ
1767 3308 1947 3384 ἐντυγ-

300 3395 555 3470 χένοντες
585 3398 720 3471 (95).
755 3419 785 3448 ››

368 3487 462 3541 30.
489 3489 666 3540 Ταῦτα
725 3487 1028 3560 γράψαντες
1086 3483 1138 3540 ἐν
1188 3489 1256 3560 τῇ
1314 3484 1570 3562 Ἰσαυρίᾳ,
1633 3484 1944 3550 ἀνελθόντες

300 3572 377 3636 εἷς
409 3575 505 3644 τὴν
532 3573 1124 3646 Κωνσταντινούπολιν,
1158 3575 1336 3647 ὥσπερ
1373 3575 1742 3652 μεταγνόντες,
1775 3573 1947 3644 ἤλλας

300 3663 390 3733 ξαν
446 3666 691 3734 συνήθως
744 3668 931 3733 ταῦτα,
987 3664 1075 3719 καὶ
1134 3666 1455 3740 προσθέντες
1517 3661 1748 3735 λεξείδιά
1802 3681 1942 3718 τινα⁹

299 3751 438 3807 ὥστε
489 3750 630 3826 μηδὲ
691 3752 979 3809 ὑπόστασιν
1039 3752 1210 3829 λέγειν
1272 3753 1358 3808 ἐπὶ
1419 3754 1650 3829 Ματρὸς,
1674 3752 1764 3808 καὶ
1794 3754 1942 3821 Υὶοῦ,

295 3841 387 3896 καὶ
417 3842 568 3918 ἁγίου
599 3843 932 3915 Πνεύματος,
967 3840 1334 3917 διεπέμψαντο
1364 3843 1498 3898 αύτὰ
1546 3847 1665 3905 τοῖς
1714 3841 1765 3896 ἐν
1799 3843 1944 3916 Ἀρι-

303 3933 481 4004 μήνῳ,
513 3931 601 3986 καὶ
635 3932 938 4006 ἠνάγκαζον
971 3930 1212 3994 καὶτοὺς
1245 3930 1296 3986 έν
1337 3938 1452 3993 τοῖς
1501 3930 1680 4004 μέρεσι
1729 3930 1946 3994 τούτοις

302 4020 630 4098 ὑπογράφειν
659 4039 672 4052 ·
732 4020 859 4083 τοὺς
915 4017 973 4075 δὲ
1027 4019 1403 4095 ἀντιλέγοντας
1479 4019 1662 4081 αὐτοῖς
1731 4017 1944 4075 ἐποίουν

301 4108 627 4184 ἐξορίζεσθαι
658 4110 804 4185 παρά
833 4109 1232 4167 Κωνσταντίου.
1266 4113 1449 4168 Ἔστιν
1484 4107 1574 4164 οῦν
1604 4111 1791 4164 ταῦτα.

375 4288 486 4358 (96)
517 4311 546 4340 (ι
572 4286 901 4361 Πιοτεύομεν
948 4286 1023 4350 εἷς
1071 4284 1165 4343 ἕνα
1211 4287 1362 4357 Θεὸν,
1394 4288 1607 4364 Πατέρα
1651 4285 1949 4361 παντοκρά-

298 4397 456 4454 τορα,
490 4375 540 4451 ἐξ
575 4378 636 4432 οῦ
662 4377 730 4433 τὰ
753 4377 946 4432 πάντα·
987 4376 1076 4432 καὶ
1108 4376 1185 4440 εἷς
1214 4375 1307 4433 τὸν
1353 4384 1621 4452 μονογενῆ
1675 4376 1797 4431 Υἱὸν
1850 4374 1947 4432 τοῦ

299 4470 460 4535 Θεοῦ,
494 4468 586 4522 τὸν
616 4467 723 4542 πρὸ
753 4465 966 4523 πάντων
1000 4466 1235 4537 αἰώνων,
1267 4467 1357 4521 καὶ
1387 4467 1494 4540 πρὸ
1550 4467 1728 4536 πάσης
1769 4465 1949 4540 ἀρχῆς

295 4556 622 4630 γεννηθέντα
651 4540 712 4611 tu
737 4559 836 4611 τοῦ
886 4559 1039 4612 Θεοῦ·
1075 4551 1143 4610 δι’
1173 4555 1234 4613 οὗ
1281 4555 1348 4611 τὰ
1393 4554 1567 4610 πάντα
1617 4553 1852 4641 ἐγένετο,
1881 4553 1948 4608 τὰ
1977 4540 2022 4606 D

367 4699 413 4734 ³⁸
442 4698 662 4758 Coloss.
694 4717 736 4771 ι,
774 4700 863 4756 15.

344 4850 483 4934 ,(87)
514 4849 645 4906 Hinc
673 4848 764 4904 καὶ
790 4849 851 4904 τὸ
883 4847 1232 4922 ὁμοιοούσιον
1264 4851 1481 4910 desunt
1511 4854 1667 4926 apud
1701 4853 1946 4926 Epipha-

299 4939 489 4978 mum.

372 4993 485 5069 (βξ)
521 4992 730 5068 Πατέρα
754 4993 1002 5069 dees_t__in
1033 4993 1230 5069 editis,
1262 4995 1362 5051 sed
1397 4995 1646 5052 habetur
1692 4997 1754 5053 in
1805 5001 1943 5069 Reg.

303 5065 510 5138 Epip‘h.
544 5065 764 5138 Socrat.
797 5071 855 5122 et
883 5065 1125 5138 Nieeph.

393 5136 482 5208 89)
518 5137 750 5208 Epiph.,
781 5137 871 5191 τὸν
903 5135 1027 5190 Υίὸν
1053 5138 1154 5190 τοῦ
1184 5139 1340 5192 Θεοῦ.

393 5138 464 5191 89
518 5138 750 5208 Epiph.,
781 5138 871 5191 τὸν
903 5138 1027 5190 Υἱὸν
1053 5138 1154 5190 τοῦ
1184 5139 1340 5192 Θεοῦ.

368 5138 482 5283 (90)
510 5213 727 5283 Socrat.
777 5215 833 5265 et
881 5208 1147 5283 N‘iceph.,
1188 5207 1315 5283 Θεὸν
1368 5207 1542 5283 Λόγον
1588 5229 1646 5263 εκ
1694 5212 1849 5264 Θεοῦ.
1884 5213 1946 5265 In

298 5275 514 5353 iisdem
551 5280 725 5351 paulo
757 5286 887 5353 post
917 5275 1144 5353 δύνᾶμιν
1175 5282 1356 5338 deest.

371 5349 774 5424 (91)ﬁS_ocrat.,'
811 5349 1115 5424 εἰληφέναι.
1167 5353 1299 5408 Mox
1357 5352 1563 5424 Epiph.
1624 5356 1842 5408 Socrat.
1889 5357 1947 5408 et

299 5421 570 5497 Niceph_._,
604 5425 880 5497 Παρθένου
911 5421 1140 5497 Μαρίας.

369 5496 482 5568 (92)
510 5495 604 5570 S_ic
636 5495 774 5570 Reg.
825 5496 1028 5570 Epiph.
1066 5495 1214 5550 Editi
1242 5511 1402 5570 vero
1437 5511 1572 5550 cum
1631 5495 1857 5570 Spcrat.
1892 5499 1949 5570 et

292 5563 564 5640 Nic.,_'xai
610 5563 798 5640 πάλῖν.
833 5563 1012 5624 Paulo
1060 5571 1194 5640 post
1238 5566 1469 5640 Epiph.,
1503 5565 1832 5638 Πιστεύομεν
1890 5563 1948 5621 δέ

292 5635 494 5714 καί-είς
516 5638 569 5693 ’ἐν
604 5637 756 5714 ἀγιΟν
790 5643 1032 5714 ῌνεῦμα.

371 5711 484 5785 (93)
513 5708 748 5785 Epiph.,
781 5708 1213 5785 dvelde‘w._Mox
1241 5711 1404 5764 τοῦτο
1435 5708 1617 5785 deest
1639 5709 1700 5765 in
1750 5708 1946 5766 editis.

294 5780 684 5857 Bedhabetur
711 5784 771 5840 in
802 5784 939 5857 Reg.
969 5781 1176 5857 Epiph.
1211 5785 1431 5857 Socrat.
1455 5785 1524 5857 _e_t
1551 5780 1675 5857 Nie.

371 5854 486 5927 (94)
516 5856 749 5930 Epiph.,
795 5852 957 5912 τοῦτο
1007 5852 1098 5922 δέ,
1120 5853 1417 5910 mendose.
1455 5852 1584 5910 Mox
1630 5853 1854 5910 Socrat.
1895 5858 1954 5910 et

901 5987 1173 6049 Panos.
1218 5984 1332 6048 Gs.
1373 5982 1595 6046 XXVI.

2058 2080 2300 2136 passum
2359 2080 2489 2120 esse
2547 2080 2651 2136 pro
2709 2065 2963 2136 peccatis
3021 2063 3262 2135 nostris,
3295 2064 3703 2132 resurrexisse,

2058 2157 2430 2224 assumptum
2461 2151 2644 2208 fuisse
2671 2151 2731 2206 in
2763 2151 2959 2219 caelos,
2993 2169 3058 2207 ac
3106 2153 3308 2208 sedere
3338 2154 3408 2207 ad
3441 2153 3706 2208 dextram

2058 2241 2248 2297 Patris
2275 2258 2287 2296 :
2313 2244 2370 2296 et
2398 2240 2610 2296 iterum
2643 2244 2957 2296 venturum
2988 2256 3117 2296 esse
3146 2240 3206 2295 in
3227 2239 3414 2313 gloria
3444 2241 3706 2312 judicare

2055 2330 2216 2385 vivos
2259 2333 2315 2385 et
2362 2333 2644 2384 mortuos.
2678 2328 2985 2383 Credimus
3032 2333 3089 2383 et
3130 2329 3188 2382 in
3239 2329 3517 2400 Spiritum
3569 2345 3703 2384 san-

2057 2422 2217 2474 ctum
2248 2434 2424 2490 quem
2473 2416 2841 2473 Paracletum
2893 2433 3126 2489 quoque
3174 2419 3536 2489 nuncupavit
3579 2416 3705 2473 Sal-

2056 2510 2222 2562 vator
2263 2511 2320 2562 et
2368 2506 2654 2562 Dominus
2712 2511 2938 2572 noster;
2972 2521 3145 2577 quem
3205 2521 3267 2562 se
3326 2511 3458 2578 post
3486 2507 3704 2563 disces-

2059 2612 2192 2650 sum
2224 2612 2400 2651 suum
2451 2593 2756 2667 discipulis
2789 2595 3113 2650 missurum
3164 2594 3456 2666 pollicitus
3505 2599 3616 2660 est,
3649 2599 3707 2651 et

2059 2700 2256 2740 revera
2286 2685 2482 2752 misit;
2520 2699 2624 2755 per
2651 2699 2826 2755 quem
2859 2692 3096 2740 cunctos
3128 2684 3186 2738 in
3219 2682 3475 2740 Ecclesia
3503 2683 3708 2741 ﬁdeles

2059 2773 2413 2838 sanctiﬁcat,
2446 2773 2546 2844 qui
2594 2773 2966 2844 baptizantur
3014 2773 3072 2826 in
3121 2772 3358 2828 nomine
3406 2773 3598 2827 Patris
3649 2777 3707 2829 et

2060 2861 2186 2919 Filii
2218 2867 2274 2916 et
2301 2861 2553 2931 Spiritus
2585 2859 2790 2916 sancti.
2823 2861 2934 2916 Eos
2980 2876 3151 2932 porro
3182 2860 3284 2931 qui
3317 2867 3524 2932 praeter
3555 2862 3706 2916 hanc

2059 2951 2236 3005 fidem
2294 2949 2452 3005 aliud
2510 2949 2848 3021 praedicant,
2907 2948 3130 3004 alienos
3187 2950 3451 3021 agnoscit
3507 2949 3706 3006 catho-

2056 3037 2170 3094 lica
2198 3038 2474 3094 Ecclesia.
2498 3038 2658 3102 Quod
2693 3041 2888 3093 autem
2921 3037 3067 3092 ﬁdes
3099 3037 3297 3093 Sirmii
3335 3054 3524 3110 nuper
3553 3038 3709 3094 edita

2058 3144 2254 3184 coram
2287 3127 2498 3199 pietate
2530 3125 2902 3198 imperatoris
2932 3126 3137 3195 nostri,
3163 3125 3300 3183 huic
3331 3125 3495 3198 paria
3522 3125 3708 3182 conti-

2060 3220 2212 3285 neat,
2247 3219 2464 3272 norunt
2492 3231 2697 3271 omnes
2727 3218 2828 3285 qui
2860 3213 3130 3287 legerint.
3154 3238 3181 3264 »

2125 3484 2213 3539 30.
2245 3483 2346 3539 His
2368 3483 2427 3539 in
2453 3483 2676 3540 Isauria
2696 3483 2957 3555 scriptis,
2980 3483 3552 3556 Constantinopolim
3581 3500 3709 3557 pro-

2060 3573 2402 3644 fecti,quasi
2457 3589 2520 3628 se
2567 3573 2920 3644 scriptorum
2953 3572 3278 3644 pmniteret,
3311 3589 3379 3629 ea
3427 3575 3497 3629 de
3547 3589 3708 3630 more

2059 3667 2455 3729 mutaverunt,
2482 3659 2700 3716 additis
2730 3667 2927 3717 tamen
2955 3661 3314 3732 quibusdam
3340 3661 3591 3729 voeulis;
3627 3664 3709 3718 ita

2058 3758 2123 3806 ut
2162 3767 2349 3823 neque
2399 3750 2743 3823 hypostasin
2773 3750 2833 3805 in
2865 3755 3036 3806 Patre
3083 3755 3141 3806 et
3186 3749 3327 3806 Filio
3376 3756 3434 3807 et
3483 3751 3705 3822 Spiritu

2059 3846 2260 3897 sancto
2309 3840 2600 3908 dicerent;
2635 3840 2958 3912 eademque
3011 3839 3138 3912 ipsa
3193 3839 3267 3894 iis
3326 3842 3709 3896 transmisere

2059 3931 2157 4002 qui
2204 3929 2534 3985 Ariminum
2583 3933 2994 3997 convenerant,
3027 3929 3244 3984 coactis
3295 3929 3570 3984 omnibus
3602 3930 3705 3984 ha-

2059 4036 2190 4076 rum
2224 4019 2527 4092 regionum
2561 4017 2853 4090 episcopis
2879 4022 2945 4073 ut
2971 4018 3044 4073 iis
3076 4018 3532 4074 subscriberent.
3557 4018 3626 4073 Et
3657 4017 3708 4074 si

2058 4109 2157 4180 qui
2185 4108 2612 4181 repugnabant,
2631 4123 2728 4163 eos
2752 4124 2786 4162 a
2805 4107 3146 4163 Constantio
3176 4107 3237 4161 in
3262 4105 3535 4163 exsilium
3569 4106 3706 4178 pelli

2059 4202 2360 4254 curarunt.
2395 4197 2488 4253 Sic
2520 4200 2711 4252 autem
2742 4212 2804 4252 se
2835 4195 3050 4252 habent
3079 4195 3181 4250 illa
3212 4214 3225 4252 :

2131 4308 2159 4338 «
2191 4287 2494 4342 Credimus
2525 4287 2586 4341 in
2613 4301 2798 4341 unum
2843 4285 3048 4356 Deum,
3069 4288 3300 4340 Patrem
3337 4284 3707 4357 omnipoten-

2059 4381 2200 4446 tem,
2231 4393 2301 4432 ex
2330 4391 2445 4448 quo
2476 4375 2709 4444 omnia;
2739 4379 2798 4430 et
2841 4375 2900 4429 in
2933 4373 3307 4446 Unigenitum
3338 4373 3550 4430 Filium
3581 4375 3705 4444 Dei,

2059 4471 2194 4522 ante
2233 4464 2430 4521 omnia
2476 4463 2711 4534 saecula,
2744 4468 2802 4518 et
2847 4469 2984 4519 ante
3033 4479 3208 4519 omne
3257 4464 3609 4536 principium
3639 4481 3709 4521 ex

2054 4555 2170 4612 Deo
2202 4554 2465 4627 genitum
2493 4569 2506 4608 :
2532 4569 2634 4625 per
2663 4567 2837 4625 quem
2869 4551 3069 4609 omnia
3099 4552 3254 4610 facta
3286 4559 3427 4610 sunt
3453 4553 3710 4610 visibilia

2055 4851 2202 4917 Nic.,
2234 4845 2559 4921 ἀλλοτρίους
2593 4849 2725 4902 εἶναι
2757 4855 2858 4918 τῆς
2883 4844 3188 4921 καθολιῖιῆς
3219 4844 3566 4912 Ἐκκλησίας.

2127 4923 2240 4994 (95)
2272 4919 2444 4976 Addit
2474 4921 2704 4993 Epiph.,
2735 4923 2813 4994 cf,
2834 4920 3043 4994 πίστει.
3065 4919 3209 4994 Quae
3236 4935 3390 4994 mox
3440 4934 3705 4994 sequun-

2057 4989 2152 5050 tur
2181 4989 2241 5050 ili
2272 4989 2843 5060 θάίιιηΡείιδῖβηΤαῦθ⁹
2876 4993 2927 5045 οἱ
2958 4989 3081 5060 περὶ
3116 4989 3399 5056 Εύσέοιον,
3421 4990 3618 5045 addita
3638 4991 3711 5045 de

2056 5065 2824 5148 moretexpunximuslquia
2853 5063 2914 5119 in
2947 5062 3110 5148 nullo
3140 5062 3432 5117 habentur
3462 5063 3710 5148 cod.ne9

2056 5137 2116 5191 in
2150 5134 2289 5193 edit.
2323 5134 2606 5194 Commel.
2641 5134 2776 5200 Quae
2804 5139 3136 5206 sequuntur
3189 5150 3363 5206 porro
3415 5149 3604 5206 usque
3635 5134 3708 5190 ad

2059 5225 2222 5264 num.
2255 5209 2325 5264 32
2352 5208 2577 5279 aliquot
2609 5214 2742 5279 post
2771 5205 2971 5279 datam
3003 5205 3312 5278 epistolam
3363 5206 3536 5262 annis
3593 5205 3710 5262 huc

2059 5281 2290 5350 adjecta
2320 5278 2504 5335 fuisse
2534 5278 2792 5335 diximus
2821 5278 2881 5333 in
2914 5278 3154 5333 Monito.

2130 5347 2242 5422 (96)
2272 5351 2511 5406 Decima
2541 5350 2789 5406 formula
2823 5350 3042 5422 scripta
3071 5364 3225 5404 anno
3257 5348 3380 5422 3‘00.
3415 5349 3521 5422 Qui
3568 5347 3709 5422 titu-

2055 5414 2150 5494 lus
2180 5414 2237 5477 in
2270 5422 2610 5494 edit.Paris.
2635 5414 3083 5494 legitur,'E'tépaA
3103 5425 3204 5494 τῆς
3235 5418 3469 5494 πίστεως
3502 5414 3709 5494 ὁμολο-

2054 5492 2164 5568 γία,
2199 5511 2231 5548 a
2268 5487 2796 5568 Parisiensibus'de
2825 5509 2983 5568 more
3010 5487 3256 5568 'addi_tus
3312 5487 3713 5568 absque—.ulla

2058 5560 2428 5628 auctoritate,
2462 5565 2718 5621 omissus
2749 5583 2782 5620 a
2813 5564 2982 5620 nobis
3008 5560 3536 5619 est.Theodoretus
3557 5560 3710 5615 hanc

2058 5636 2226 5765 pigert
2253 5636 2358 5692 lib.
2488 5654 2615 5709 cap.
2645 5638 2710 5692 21
2739 5655 2753 5705 ;
2780 5640 3026 5706 Socrat.,
3059 5634 3242 5700 lib.ii,
3272 5649 3400 5706 cap.
3427 5635 3493 5689 51
3529 5633 3712 5704 ;Νἱο.,

2084 5726 2099 5763 ι
2152 5753 2162 5764 .
2197 5725 2273 5765 1x.
2308 5725 2356 5764 c.
2463 5749 2475 5762 .

2084 5725 2162 5764 ιο.
2197 5725 2273 5764 IX.
2308 5725 2356 5764 Ο.
2385 5725 2475 5764 44.

2129 5752 2546 5846 Ῠίίέὁᾱὸνῖῗεῗς
2576 5773 2668 5833 ’ένα
2705 5776 2796 5833 καὶ
2831 5775 2995 5848 μόνον
3042 5773 3306 5848 ἀληθινὸν
3356 5774 3504 5835 Θεόν.
3555 5781 3714 5835 Socr.

2129 5798 2438 5846 '1'neoaor.,
2470 5798 2546 5841 εις
2580 5798 2668 5833 ενα
2705 5798 2796 5833 και
2875 5798 2907 5831 οη

2060 5857 2118 5910 et
2148 5852 2290 5923 Nic.,
2324 5851 2400 5915 εἷς
2430 5847 2522 5907 ἕνα
2555 5851 2718 5924 μόνον
2753 5798 2907 5907 Θεέ).

3358 5979 3438 6042 24
