4082 6368
369 459 488 519 747

917 451 979 512 S.
1026 445 1448 512 A'l‘HANASIl
1493 441 1664 504 OPP.
1711 438 1915 498 PARS
1961 435 2006 496 l.
2042 465 2121 478 —
2154 430 2562 494 HISTOBICA
2613 432 2711 493 ET
2751 430 3230 495 DOGMATICA.

3679 433 3799 496 748

374 595 431 644 et
460 587 801 655 invisibilia,
825 599 1074 656 eumque
1128 579 1524 652 Unigenitum,
1550 572 1741 630 solum
1787 586 1855 625 ex
1895 568 2016 624 solo

2156 563 2303 656 ιρατά
2350 562 2437 656 καὶ
2487 565 2554 656 τὰ
2605 563 2828 636 ἀόρατα,
2861 563 3182 636 γεννηθέντα
3212 565 3322 636 (97)
3366 560 3424 617 δὶ
3475 564 3790 639 Μονογενῆ,

379 683 568 745 Patre,
596 683 775 734 Deum
809 693 878 731 ex
909 679 1043 739 Deo,
1077 670 1334 726 similem
1367 666 1554 721 Patris
1579 662 1680 734 qui
1711 678 1774 717 se
1804 660 2028 732 genuit,

378 768 704 824 secundum
754 764 1115 834 Scripturas;
1151 761 1321 828 cujus
1371 753 1808 827 generationem
1860 763 2030 803 nemo

380 857 540 911 novit
560 855 674 910 nisi
698 854 862 909 solus
885 856 1052 906 Pater
1073 848 1174 920 qui
1206 845 1405 918 genuit
1429 858 1585 897 eum.
1618 840 1783 895 Hunc
1809 838 2031 892 scimus

382 943 750 1014 Unigenitum
774 940 873 996 Dei
909 938 1116 994 Filium
1142 936 1408 990 mittente
1443 932 1602 986 Patre
1634 945 1702 984 ex
1731 926 1893 982 caelis
1923 925 2032 980 ad-

376 1033 626 1098 venisse,
662 1029 814 1086 sicut
845 1028 1130 1098 scriptum
1162 1029 1270 1090 est,
1306 1022 1377 1077 ad
1410 1018 1867 1075 destructionem
1898 1030 2030 1086 pec-

377 1120 490 1178 cati
520 1125 578 1175 et
607 1119 848 1186 mortis;
882 1122 940 1173 et
971 1117 1117 1173 597
1155 1130 1222 1169 ex
1248 1110 1467 1184 Spiritu
1493 1112 1694 1164 sancto
1721 1113 1925 1161 natum
1959 1106 2031 1160 de

376 1211 557 1265 Maria
586 1209 824 1282 Virgine
853 1206 1180 1263 secundum
1214 1217 1474 1267 carnem,
1499 1203 1561 1254 ut
1585 1198 1871 1268 scriptum
1903 1199 2028 1249 est:

378 1315 512 1355 cum
545 1296 854 1368 discipulis
902 1297 1335 1359 conversatum,
1369 1295 1427 1345 et
1479 1289 1753 1343 universa
1794 1284 2033 1354 dispen—

379 1387 606 1443 satione
630 1385 954 1442 secundum
977 1381 1335 1438 voluntatem
1362 1377 1546 1432 Patris
1570 1373 1830 1446 impleta,
1855 1370 2035 1427 cruci-

378 1477 582 1546 fixum,
618 1478 913 1530 mortuum
959 1489 1023 1526 ac
1069 1469 1366 1542 sepultum
1408 1483 1554 1529 esse,
1589 1470 1646 1519 et
1695 1463 1765 1518 ad
1817 1462 2034 1516 inferos

383 1564 785 1630 descendisse,
840 1577 1013 1634 quem
1066 1560 1190 1632 ipse
1239 1559 1505 1612 infernus
1554 1553 1898 1608 exhorruit:
1933 1550 2034 1621 qui

385 1654 562 1709 etiam
593 1651 767 1708 tertia
803 1651 896 1706 die
947 1647 1266 1704 resurrexit
1293 1664 1326 1700 a
1357 1643 1628 1711 mortuis,
1663 1645 1720 1696 et
1747 1656 1880 1694 cum
1916 1639 2034 1692 dis-

387 1742 598 1814 cipulis
627 1745 896 1796 versatus
936 1744 1026 1795 est
1056 1755 1069 1792 :
1103 1741 1160 1792 et
1202 1733 1460 1807 impletis
1491 1729 1880 1803 quadraginta
1910 1728 2035 1782 die-

384 1833 498 1888 bus
529 1834 872 1901 assumptus
901 1833 992 1884 est
1021 1827 1078 1882 in
1112 1825 1310 1890 caelos,
1337 1827 1394 1878 et
1442 1821 1604 1877 sedet
1634 1820 1702 1874 ad
1737 1819 2033 1873 dexteram

388 1921 601 1990 Patris,
626 1924 907 1974 venturus
962 1915 1170 1971 ultimo
1218 1909 1664 1969 resurrectionis
1696 1907 1788 1962 die
1831 1907 1890 1960 in
1932 1921 2032 1977 pa-
2064 1940 2112 2004 B

385 2015 553 2064 terna
581 2008 788 2081 gloria,
821 2013 888 2062 ut
919 2005 1125 2061 reddat
1154 2003 1471 2072 unicuique
1503 1998 1827 2054 secundum
1860 2011 2036 2066 opera

386 2117 513 2154 sua.
548 2103 614 2152 Et
643 2098 700 2152 in
745 2095 1024 2168 Spiritum
1055 2097 1350 2159 sanctum,
1375 2106 1548 2161 quem
1598 2088 1725 2158 ipse
1759 2084 2034 2156 Unigeni-

385 2193 484 2244 tus
516 2189 613 2242 Dei
655 2185 858 2249 Filius,
881 2183 1170 2252 Christus,
1201 2180 1482 2236 Dominus
1525 2183 1582 2232 et
1632 2182 1782 2230 Deus
1816 2179 2033 2240 noster,

386 2275 661 2347 promisit
690 2291 752 2330 se
784 2275 1107 2329 missurum
1139 2270 1336 2342 generi
1369 2269 1624 2323 humano
1650 2263 2032 2327 Paracletum,

390 2365 544 2420 sicut
600 2363 883 2435 scriptum
944 2361 1140 2416 est“:
1188 2359 1470 2430 Spiritum
1531 2354 1812 2420 veritatis,
1863 2367 2034 2422 quem

392 2455 536 2525 ipsis
569 2453 750 2515 misit,
786 2456 1095 2522 postquam
1139 2447 1504 2503 ascendisset
1553 2445 1610 2500 in
1656 2443 1889 2497 ccelum.
1922 2441 2034 2496 No-

394 2558 528 2597 men
561 2547 754 2596 autem
787 2539 1152 2606 substantiae,
1177 2537 1329 2608 quod
1362 2533 1690 2606 simplicius
1713 2551 1745 2588 a
1767 2535 2036 2588 Patribus

393 2630 650 2703 positum
699 2633 808 2697 est,
840 2632 896 2682 et
943 2627 1209 2699 ignotum
1261 2625 1514 2696 populis,
1550 2622 1856 2678 offensioni
1906 2622 2034 2688 fuit,

393 2720 672 2792 quoniam
731 2719 790 2773 in
849 2716 1165 2787 Scripturis
1223 2731 1336 2770 non
1405 2713 1759 2777 continetur,
1821 2711 2038 2782 placuit

392 2809 671 2877 amoveri,
693 2823 798 2862 nec
823 2805 1000 2860 ullam
1025 2805 1265 2860 omnino
1288 2804 1561 2874 deinceps
1582 2803 1708 2872 ejus
1733 2801 1855 2856 fieri
1880 2817 2038 2856 men-

390 2899 610 2978 tionem
631 2921 644 2963 ;
668 2894 1144 2967 quandoquidem
1165 2893 1375 2947 divinae
1398 2891 1707 2961 Scriptura:
1740 2905 2034 2959 nusquam

387 2977 737 3042 substantiae
769 2984 954 3040 Patris
988 2999 1054 3038 ac
1093 2981 1219 3036 Filii
1271 2981 1610 3036 meminero.
1643 2980 1762 3034 Imo
1797 2995 1901 3033 nec
1931 2977 2034 3050 hy-

384 3075 640 3148 postasis
671 3077 742 3128 de
775 3074 939 3128 Patre
968 3077 1024 3126 et
1062 3071 1203 3126 Filio
1234 3075 1289 3126 et
1319 3069 1542 3140 Spiritu
1593 3073 1798 3123 sancto
1846 3066 2034 3122 nomi-

386 3165 512 3220 nari
547 3165 738 3218 debet.
772 3159 1038 3216 Similem
1084 3165 1279 3214 autem
1311 3157 1563 3213 dicimus
1614 3155 1765 3210 Patri
1800 3154 2034 3223 Filium,

387 3259 453 3308 ut
499 3252 821 3322 loquuntur
851 3255 908 3304 et
937 3250 1146 3304 docent
1200 3248 1406 3302 divinas
1455 3246 1788 3316 Scripturis.
1819 3245 2036 3300 Omnes

2145 651 2310 724 μόνον
2346 650 2406 705 ἐκ
2440 651 2608 722 μόνου
2633 657 2728 705 τοῦ
2764 653 2994 726 Ματρὸς,
3029 654 3157 707 Θεὸν
3192 650 3251 706 ἐκ
3281 656 3436 722 Θεοῦ,
3471 651 3663 726 ὅμοιον
3711 652 3790 726 τῷ

2139 740 2454 814 γεννήσαντι
2515 739 2674 794 αὐτὸν
2734 739 2903 814 Πατρὶ
2958 741 3093 794 κατᾶ
3146 741 3243 803 τὰς
3301 739 3517 818 Γραφάς
3571 741 3634 794 οὗ
3690 743 3790 810 τήν

2139 829 2342 902 γένεσιν
2372 831 2484 902 (98)
2518 825 2694 890 οὐδεὶς
2727 828 2981 903 γινώσκει
3042 828 3086 883 εἰ
3151 830 3226 902 μὴ
3282 830 3448 902 μόνος
3480 831 3506 883 ὁ
3534 832 3790 904 γεννήσας

2139 915 2298 972 αὐτὸν
2358 920 2565 993 Πατήρ.
2606 922 2805 971 Τοῦτον
2858 915 3078 990 οἴδαμεν
3138 926 3406 992 μονογενῆ
3454 923 3588 974 Θεοῦ
3648 921 3790 991 Υἱὸν,

2139 1006 2452 1078 πέμποντος
2503 1011 2598 1060 τοῦ
2646 1006 2884 1082 Πατρὸς,
2917 1014 3380 1083 παραγεγενῆσθαι
3408 1009 3518 1082 (99)
3567 1007 3625 1062 έκ
3678 1013 3786 1063 τῶν

2143 1097 2404 1170 οὐρανῶν,
2455 1095 2532 1157 ὡς
2586 1097 2906 1171 γέγραπται,
2965 1095 3052 1150 ἐπὶ
3120 1095 3411 1151 καταλύσει
3465 1100 3565 1166 τῆς
3625 1100 3797 1171 ἀμαρ-

2141 1183 2256 1245 τίας
2290 1183 2378 1238 καὶ
2433 1187 2532 1238 τοῦ
2563 1183 2815 1257 θανάτου,
2845 1183 2933 1238 καὶ
2989 1185 3311 1260 γεννηθέντα
3365 1185 3424 1240 ἐκ
3480 1185 3793 1259 Πνεύματος

2144 1272 2324 1346 ἁγίου,
2356 1271 2415 1327 ἐκ
2472 1271 2689 1348 Μαρίας
2724 1276 2802 1346 (1)
2831 1281 2931 1342 τῆς
2965 1275 3236 1350 Παρθένου
3290 1276 3352 1328 τὸ
3409 1276 3546 1330 κατά
3603 1276 3797 1352 σάρκα,

2145 1361 2218 1422 ὡς
2247 1361 2565 1437 γέγραπται,
2596 1361 2684 1415 καὶ
2717 1361 3118 1438 ἀναστραφέντα
3171 1365 3303 1435 μετά
3353 1369 3459 1418 τῶν
3515 1371 3798 1437 μαθητῶν,

2144 1449 2234 1503 καὶ
2261 1448 2434 1515 πάσης
2463 1457 2562 1518 τῆς
2590 1449 2910 1523 οἰκονομίας
2942 1450 3328 1523 πληρωθείσης
3357 1452 3493 1506 κατά
3537 1454 3635 1520 τήν
3694 1475 3797 1508 πα-

2144 1539 2336 1612 τρικὴν
2395 1537 2682 1612 βούλησιν,
2725 1539 3116 1614 σταυρωθέντα,
3164 1541 3252 1595 καὶ
3304 1541 3661 1613 ἀποθανόντα,
3706 1541 3795 1596 καὶ

2143 1627 2394 1704 ταφέντα,
2445 1627 2534 1680 καὶ
2595 1626 2670 1689 εἰς
2717 1629 2783 1681 τὰ
2839 1629 3169 1703 καταχθόνια
3226 1625 3637 1700 κατεληλυθότα
3693 1637 3792 1702 (2)·

2147 1717 2329 1770 ὅντινα
2383 1715 2474 1770 καὶ
2533 1717 2696 1778 αὐτὸς
2728 1717 2756 1770 ὁ
2808 1713 2941 1788 ᾅδης
2984 1717 3226 1789 ἔπτηξεν·
3263 1718 3408 1780 ὅστις
3455 1719 3544 1773 καὶ
3603 1720 3792 1790 ἀνέστη

2147 1804 2251 1858 ἀπὸ
2280 1809 2386 1858 τῶν
2419 1809 2623 1879 νεκρῶν
2672 1808 2740 1878 τῇ
2786 1805 2939 1879 τρίτη
2989 1807 3190 1882 ἡμέρᾳ,
3223 1808 3313 1862 καὶ
3364 1805 3603 1882 διέτριψε
3661 1810 3795 1881 μετά

2144 1897 2251 1946 τῶν
2313 1899 2593 1966 μαθητῶν
2622 1893 2712 1948 καὶ
2767 1892 3165 1969 πληρωθεισῶν
3213 1899 3610 1973 τεσσαράκοντα
3657 1900 3792 1970 ἡμε-

2145 1986 2274 2057 ρῶν,
2328 1982 2605 2059 ἀνελήφθη
2660 1983 2735 2046 εἷς
2786 1982 2914 2046 τοὺς
2975 1984 3252 2060 οὐρανοὺς,
3284 1986 3373 2040 καὶ
3405 1984 3680 2056 καθέζεται
3740 1986 3794 2041 ἐν

2145 2084 2289 2159 δεξιᾷ
2316 2092 2412 2142 τοῦ
2444 2089 2672 2164 Ματρὸς,
2705 2087 2894 2144 ἐλευσό
2910 2111 3067 2163 μενος
3101 2093 3178 2165 (3)
3209 2091 3260 2146 ἐν
3293 2096 3362 2166 τῇ
3409 2092 3610 2169 ἐσχάτῃ
3657 2093 3796 2165 ἡμέ-

2146 2195 2212 2250 ρᾳ
2266 2183 2363 2244 τῆς
2419 2177 2754 2240 ἀναστάσεως
2813 2178 2864 2232 ἐν
2923 2183 2990 2252 τῇ
3037 2185 3275 2255 πατρικῇ
3309 2179 3577 2256 ὃόξῃ,⁸ίνα
3603 2179 3794 2254 ἀποδῷ

2145 2265 2352 2336 ἑκάστῳ
2409 2267 2545 2320 κατά
2595 2267 2662 2321 τὰ
2720 2265 2850 2342 ἔργα
2897 2267 3080 2323 αὐτοῦ’
3114 2270 3203 2324 καὶ
3246 2269 3322 2332 εἰς
3353 2271 3414 2324 τὸ
3447 2273 3598 2346 ἅγιον
3627 2272 3796 2328 Πνεῦ-

2149 2373 2246 2424 μα,
2279 2355 2410 2428 ὅπερ
2470 2354 2629 2417 αὐτὸς
2686 2357 2714 2410 ’ὀ
2771 2358 3068 2433 μονογενὴς
3124 2362 3219 2412 τοῦ
3272 2363 3404 2412 Θεοῦ
3459 2359 3582 2421 Υἱὸς
3635 2361 3713 2432 (4)
3766 2361 3796 2414 ὁ

2144 2443 2396 2515 Χριστὸς,
2429 2444 2456 2496 ὁ
2491 2444 2686 2516 Κύριος
2717 2446 2804 2500 καὶ
2837 2447 2968 2508 Θεὸς
3016 2449 3193 2519 ἡμῶν,
3229 2447 3593 2522 ἐπηγγείλατο
3647 2448 3797 2521 πέμ-

2145 2552 2262 2584 πειν
2317 2537 2395 2604 τῷ
2451 2534 2591 2608 γένει
2653 2540 2760 2588 τῶν
2818 2535 3114 2611 ἀνθρώπων
3147 2534 3521 2610 παράκλητον,
3552 2538 3796 2610 καθάπερ

2142 2621 2462 2694 γέγραπται·
2499 2623 2574 2678 Τὸ
2635 2627 2852 2696 Πνεῦμα
2905 2632 3004 2694 τῆς
3068 2625 3348 2695 ἀΛτιθείας,
3407 2625 3538 2701 ὅπερ
3599 2625 3786 2688 αὐτοῖς

2146 2706 2404 2783 ἔπεμψεν,
2439 2711 2526 2765 ὅτε
2584 2711 2812 2782 ἀνῆλθεν
2849 2716 2923 2786 (5)
2964 2713 3038 2775 εἷς
3094 2713 3220 2775 τοὺς
3281 2714 3563 2789 οὐρανούς.
3597 2715 3674 2770 Τὸ
3733 2712 3791 2769 δὲ

2146 2794 2320 2866 ὄνομα
2375 2801 2474 2868 τῆς
2527 2800 2734 2870 οὐσίας,
2768 2801 2898 2877 ὅπερ
2959 2802 3326 2876 ἁπλούστερον
3390 2804 3489 2857 ὑπὸ
3545 2808 3650 2857 τῶν
3709 2806 3788 2876 (6)

2146 2889 2396 2963 Ιίατέρων
2430 2887 2607 2960 ἐτέθη,
2640 2890 3010 2966 ἀγνοούμενον
3045 2889 3101 2946 δὲ
3129 2898 3246 2954 τοῖς
3281 2892 3460 2961 λαοῖς,
3494 2889 3795 2947 σκάνδαλον

2146 2970 2319 3054 ἔφερε,
2352 2975 2490 3033 διότι
2527 2977 2667 3052 μηδὲ
2697 2981 2751 3034 αἱ
2784 2982 2987 3058 Γραφαὶ
3030 2986 3188 3036 τοῦτο
3233 2984 3601 3058 περιέχουσιν,
3634 2980 3794 3055 ἤρεσε

2143 3069 2571 3140 περιαιρεθῆναι,
2597 3070 2687 3122 καὶ
2739 3069 3021 3132 παντελῶς
3082 3068 3350 3144 μηδεμίαν
3410 3072 3635 3144 μνήμην
3695 3075 3792 3126 τοῦ

2148 3150 2346 3209 λοιποῦ
2377 3155 2637 3230 γίνεσθαισ
2671 3155 2961 3233 ἐπειδήπερ
2995 3160 3082 3213 καὶ
3114 3161 3168 3214 αἱ
3202 3165 3342 3224 θεῖαι
3374 3159 3579 3239 Γραφαί
3628 3157 3795 3215 οὐδα-

2151 3247 2268 3314 μῶς
2311 3243 2717 3317 ἐμνημόνευσαν
2763 3248 2885 3322 περὶ
2938 3248 3121 3310 οὐσίας
3158 3249 3366 3326 Πατρὸς
3395 3250 3485 3304 καὶ
3517 3251 3663 3305 Υἱοῦ.
3695 3250 3794 3304 Καὶ

393 3303 452 3308 _-
499 3303 808 3322 --Γῇ-ιη
860 3303 872 3304 ,
991 3303 996 3304 ,
1584 3303 1601 3316 ι

388 3357 560 3414 porro
591 3341 859 3406 haereses,
894 3338 1014 3392 sive
1055 3335 1196 3392 olim
1231 3336 1522 3391 damnatas
1560 3334 1678 3389 sive
1711 3349 1911 3388 recens
1941 3349 2032 3387 or-

2156 3303 2247 3406 γάρ
2281 3303 2406 3387 οὐδὲ
2547 3334 2755 3412 ὀφείλει
2790 3303 3074 3399 ὑπόστασις
3102 3303 3223 3413 περὶ
3260 3303 3468 3414 ὑατρὸς
3515 3303 3603 3394 καί
3653 3303 3792 3393 ἽΥῨίῨοῦ

389 3437 479 3498 tae,
511 3445 636 3500 quas
671 3426 804 3482 huic
833 3443 867 3481 a
897 3426 1068 3480 nobis
1097 3426 1265 3480 editas
1299 3425 1601 3494 scripturas
1631 3422 2034 3486 adversantur,

391 3517 705 3573 anathema
736 3520 932 3570 sunto.
961 3536 987 3562 ››

2146 3422 2235 3474 καὶ
2270 3423 2427 3496 ἁγίου
2458 3423 2774 3497 Πνεύματος
2831 3425 3208 3500 ὀνομάζεσθαι.
3237 3429 3471 3500 ’Όμοιον
3527 3425 3582 3482 δὲ
3635 3430 3796 3502 Λέγο-

2152 3530 2245 3581 μεν
2273 3509 2351 3582 τῷ
2378 3513 2547 3587 Πατρὶ
2577 3513 2668 3567 τὸν
2703 3515 2846 3583 Υἱὸν,
2880 3515 2954 3576 ὡς
2994 3513 3240 3591 λέγουσιν
3294 3517 3345 3570 αἱ
3395 3519 3533 3571 θεῖαι
3585 3517 3792 3594 Γραφαί

387 3606 477 3660 καὶ
533 3601 870 3658 διδάσκουσι.
909 3605 1076 3658 Ηᾶσαι
1127 3599 1185 3654 δὲ
1240 3601 1294 3654 αἱ
1351 3600 1604 3674 αἱρέσεις,
1634 3596 1688 3652 ατί
1734 3619 1791 3652 τε
1829 3595 1936 3666 ἤδη
1965 3596 2226 3672 πρότερον
2255 3601 2666 3677 κατεκρίθησαν,
2700 3603 2789 3657 καὶ
2822 3601 3020 3667 αἷίτινες
3049 3604 3134 3659 ἐὰν
3166 3605 3471 3682 κιινότεραι
3505 3605 3794 3681 γένωνται,

387 3692 619 3749 ἐναντίαι
649 3690 1018 3768 τυγχάνουσαι
1045 3697 1143 3759 τῆς
1177 3689 1484 3758 ἐκτεθείσης
1514 3687 1713 3757 ταύτης
1745 3694 1979 3763 γραφῆς,
2012 3686 2253 3760 ἀνάθεμα
2283 3687 2515 3744 ἔστωσαν
2551 3693 2647 3764 (8).
2680 3714 2708 3743 ι)

457 3785 546 3839 31.
580 3784 691 3840 Sed
748 3799 817 3837 ne
867 3782 960 3837 his
993 3782 1232 3853 quidem
1281 3785 1513 3845 stetere,
1546 3796 1680 3833 nam
1714 3778 2039 3833 Constanti-

388 3873 583 3946 nopoli
614 3872 981 3928 Antiochiam
1016 3871 1278 3942 profecti,
1306 3874 1531 3924 mutata
1577 3870 1869 3923 sententia
1898 3885 2036 3938 qua,

379 3965 548 4034 juxta
579 3978 776 4018 sacras
828 3962 1103 4026 Litteras,
1137 3960 1392 4014 similem
1443 3975 1572 4014 esse
1626 3958 1775 4012 Patri
1830 3955 2036 4011 Filium

383 4050 603 4122 scripto
635 4049 1020 4114 tradiderant,
1059 4047 1543 4117 concinnatisque
1590 4046 1662 4100 iis
1694 4062 1821 4115 quae
1871 4062 2036 4100 exco-

382 4139 660 4210 gitarant,
705 4154 912 4192 rursus
965 4137 1037 4191 ad
1087 4137 1340 4207 priorem
1395 4134 1611 4190 reversi
1662 4133 2036 4197 sententiam,

382 4227 654 4283 dixerunt
683 4227 870 4281 Patris
903 4226 1143 4281 omnino
1176 4225 1552 4294 dissimilem,
1584 4229 1640 4277 et
1672 4222 1832 4277 nullo
1866 4223 2038 4277 modo

384 4316 640 4372 similem
672 4331 800 4372 esse
830 4316 1021 4370 Patris
1050 4313 1280 4382 Filium,
1305 4319 1362 4369 et
1394 4318 1694 4385 tantOpere
1725 4330 1758 4367 a
1788 4311 2039 4383 pristina

2219 3780 2307 3834 31.
2344 3780 2420 3849 (9)
2451 3777 2602 3834 Ἀλλ’
2656 3777 2781 3834 οὐδὲ
2831 3780 3045 3843 τούτοις
3103 3781 3397 3855 ἐνέμειναν·
3445 3779 3798 3847 κατελθόντες

2146 3865 2248 3938 γὰρ
2307 3867 2413 3920 ἀπὸ
2472 3868 3094 3934 Κωνσταντινουπόλεως
3154 3871 3232 3934 εἷς
3288 3873 3387 3941 τήν
3429 3873 3793 3948 ’Δντιόχειαν,

2152 3955 2510 4029 μετέγνωσαν,
2545 3956 2626 4011 ὅτι
2657 3953 2802 4021 ὅλως
2851 3957 3088 4036 ἔγραψαν
3122 3960 3315 4033 ὅμοιον
3363 3965 3443 4034 τῷ
3493 3962 3662 4036 Πατρὶ
3707 3963 3798 4017 τὸν

2148 4044 2293 4114 Υίὸν,
2337 4045 2410 4106 ὡς
2464 4044 2709 4121 λέγουσιν
2767 4049 2821 4102 αἱ
2879 4048 3084 4127 Γραφαί
3116 4069 3128 4080 ·
3188 4049 3277 4104 καὶ
3341 4049 3610 4114 συνθέντες
3667 4053 3802 4128 ἅπερ

2148 4130 2466 4203 ἐπενόησαν,
2500 4132 2730 4210 ἤρξαντο
2781 4136 2946 4193 πάλιν
2993 4138 3308 4214 ἀνατρέχειν
3362 4137 3437 4200 είς
3490 4140 3557 4193 τά
3615 4144 3806 4213 πρῶτα

2148 4220 2374 4287 ἑαυτῶν,
2429 4225 2518 4276 καὶ
2581 4223 2782 4300 λέγειν,
2850 4227 2932 4280 ὅτι
2989 4227 3270 4289 παντελῶς
3305 4227 3564 4300 ἀνόμοιός
3599 4226 3740 4282 ἐστὶν
3775 4229 3804 4283 ὁ

2150 4309 2270 4364 Υἱὸς
2328 4315 2406 4382 τῷ
2453 4312 2640 4388 Ιῐατρί,
2675 4315 2760 4368 καῖ
2821 4321 2934 4369 κατ’
2967 4314 3159 4372 οὐδένα
3215 4316 3383 4372 τόπον
3433 4317 3629 4390 ὅμοιός
3661 4317 3803 4371 ἐστιν

385 4410 582 4460 mente
610 4405 846 4461 deducti
878 4409 1038 4470 sunt,
1072 4409 1137 4458 ut
1169 4403 1241 4458 iis
1267 4376 1372 4474 qui
1414 4376 1673 4474 apertius
1703 4376 1917 4456 Ariana
1948 4399 2034 4454 lo-

2156 4399 2328 4463 arta;
2364 4376 2446 4472 τῷ
2487 4376 2680 4476 Hirpi,
2711 4409 2968 4461 τοσοῦτον
3023 4401 3387 4478 μετεϐάλοντο
3422 4376 3556 4480 (1.0),
3591 4376 3664 4468 ῶς
3713 4406 3804 4462 καὶ

464 4555 511 4590 ²⁶
537 4556 709 4612 Joan.
743 4573 859 4625 xw,
894 4557 981 4610 13.

605 4784 888 4872 Theodor.
921 4781 1079 4838 Socr.
1129 4783 1273 4847 Nic.,
1308 4781 1581 4857 γέννησιν.
1617 4781 1766 4838 Ibid.
1797 4781 2036 4848 Theod.,

501 4853 579 4918 εἰς
610 4853 770 4910 οἶδεν.

465 4930 576 5000 (99)
605 4933 827 4983 Socrat.
885 4930 940 5000 et
988 4925 1148 5000 Νῆα,
1191 4922 1604 5000 παρα-γενέσθαι,
1642 4931 1788 5000 post
1853 4939 2042 5000 -quam

393 4995 591 5056 vosem
625 5001 894 5070 sequitur
925 4998 986 5070 in
1014 4998 1186 5070 editis
1217 4995 1400 5060 αὐτόν,
1433 5012 1605 5070 secus
1639 4996 1697 5050 in
1731 4995 2044 5070 Regio,So-

395 5079 537 5128 erat.
569 5066 784 5127 Thedd.
820 5073 876 5124 et
923 5068 1046 5123 Nic.
1078 5069 1206 5124 Mox
1256 5068 1566 5124 Theodor..
1598 5086 1675 5127 εις
1734 5066 2043 5136 καθαίρεσιν

399 5141 665 5217 ἁμαρτίας
690 5142 776 5195 καὶ
812 5140 1063 5217 θανάτου.

472 5206 550 5287 (1’)
581 5216 800 5287 Socrat.
837 5212 1074 5287 Niceph.
1126 5212 1436 5287 Theodor.,
1469 5207 1559 5287 καὶ
1608 5206 1836 5287 Μαρίας.
1870 5207 2045 5265 Paulo

402 5281 540 5359 post
561 5285 802 5359 Theod.,
821 5281 908 5336 καὶ
943 5281 1456 5359 συναναστραφέντα.
1483 5283 1601 5359 ch_
1622 5288 1678 5359 et
1705 5281 1783 5359 in_
1800 5296 2046 5353 sequen-

403 5351 565 5414 tibus
587 5351 840 5413 multum
862 5351 1472 5422 variatTheodo'retus,
1491 5354 1680 5410 verbis
1702 5351 1913 5419 solum,
1933 5370 2042 5409 non

403 5429 717 5493 sententia,
751 5434 816 5484 ut
848 5429 1072 5498 cuique
1090 5427 1301 5498 volenti
1335 5427 1529 5482 videre
1556 5432 1662 5481 est.

478 5503 552 5574 (2)
587 5502 820 5574 Regius,
853 5495 1302 5574 κατεληλυθέναι.
1340 5498 1511 5554 Paulo
1543 5504 1675 5574 post
1707 5495 2044 5574 Begiusﬁo-

406 5565 546 5629 crat.
580 5565 842 5645 Νἱάἒρὶιζ,
875 5570 979 5624 ἀπὸ
1035 5574 1142 5624 τῶν
1201 5575 1427 5644 νεκρῶν.
1483 5565 1656 5636 Editi,
1707 5565 1764 5619 ἐκ
1806 5570 1912 5618 τῶν
1959 5585 2046 5619 νε-

406 5663 471 5698 κο
481 5665 577 5698 ων.

444 5693 674 5786 Γ(ὧνβίο
714 5715 948 5786 Regius,
980 5715 1198 5786 Socrat.
1244 5718 1302 5769 et
1341 5712 1644 5786 Nicephor_.
1694 5709 1845 5786 Editi
1878 5725 2044 5786 γει-ο,

404 5776 996 5856 ἐλέώάμενοςῘΙηΓὴ
1053 5785 1280 5840 Socrat.
1333 5792 1391 5840 et
1443 5776 1706 5854 N'iceph.,
1761 5776 2046 5854 ἀποδώσῃ.

486 4713 556 4767 97
607 4711 916 4780 Thetidem,
951 4709 1332 4785 γεγεννηκότα.

605 4784 888 4910 ξξδξρὰοτ.
921 4788 1079 4838 Socr.
1129 4783 1273 4847 Nic.,
1308 4802 1332 4857 γ

394 4856 458 4910 οὐ

2223 4709 2300 4785 (4)
2330 4707 2471 4785 Υἱός-
2486 4711 2650 4785 deest
2681 4711 2738 4785 in
2769 4716 2988 4768 Socrat.
3021 4718 3080 4769 et
3108 4713 3136 4765 ὁ
3168 4712 3397 4785 Χριστός
3436 4713 3495 4768 in
3547 4713 3802 4785 Nicepb.

2334 4779 2670 4863 ’ᾒνεζήφθω
2701 4784 2917 4863 secret.
2940 4791 3008 4863 et
3032 4779 3270 4863 Niceph.

2197 4854 2298 4932 ~(6)
2330 4854 2420 4908 Sic
2469 4854 2704 4927 Regius,
2755 4859 2972 4912 Socrat.
3027 4864 3083 4913 et
3130 4854 3410 4912 ’l‘heodor.
3465 4856 3636 4926 Editi,
3698 4855 3803 4909 ἀπὸ

2151 4943 2284 4978 των.

2225 4996 2300 5066 (7)
2331 5002 2550 5068 Socrat.
2601 5005 2658 5052 et
2705 4995 3122 5068 Nicepb.,,oux.
3155 4999 3259 5054 Hic
3313 4997 3564 5054 multum
3621 4998 3812 5054 variat

2154 5065 2464 5151 :IthZOdo‘tn,
2497 5068 2786 5151 Ιγιήτεημήν
2821 5065 2928 5122 δεῖν
2977 5065 3074 5151 ἐπὶ,
3106 5069 3405 5151 προσωπου
3455 5069 3664 5151 Πατρὸς
3714 5067 3804 5123 καὶ

2155 5136 2282 5189 Υἱοῦ
2312 5137 2401 5214 καὶ
2433 5136 2950 5214 ἁγίου-μυθεύματος
3013 5136 3159 5212 μίαν’
3195 5141 3483 5196 ὑπόστασιν
3541 5136 3810 5214 ὀνομάζε-

2157 5218 2297 5286 σθαι.
2331 5207 2564 5286 ΪΟμοιον
2593 5208 2650 5264 δὲ
2682 5207 2936 5286 λέγομεν.
3014 5207 3022 5212 ’
3169 5227 3172 5230 “

2227 5283 2304 5352 (8)
2336 5281 2396 5352 In
2431 5283 2570 5352 edit.
2607 5281 2790 5340 Paris.
2821 5281 2894 5340 de
2927 5299 3085 5340 more
3117 5285 3380 5342 additum
3415 5285 3526 5340 iuit
3553 5282 3721 5346 Ταῦθ’
3753 5281 3806 5336 ol

2156 5348 2592 5435 περξΕὐσέϐιον,
2619 5353 2810 5435 nulla‘
2839 5356 3076 5435 quidem
3133 5357 3478 5435 auctoritate
3513 5373 3524 5411 :
3555 5354 3806 5435 ideoque

2157 5426 2451 5512 omissum,
2479 5433 2583 5481 est.
2616 5430 2740 5512 gox
2786 5426 3000 5500 Regius
3027 5436 3103 5512 let
3153 5429 3356 5512 Basil.,
3385 5426 3619 5512 τούτοις.
3653 5426 3804 5511 Editi

2161 5495 2332 5571 male,
2357 5495 2604 5571 ζεούζεους.
2625 5499 2757 5562 Quae
2789 5495 3119 5570 sequuntur
3148 5500 3498 5556 conterenda
3518 5514 3653 5556 cum
3677 5497 3806 5571 Epi-

2157 5568 2308 5651 stula
2337 5566 2408 5651 de
2437 5566 2952 5651 decretishl‘licaina
2987 5573 3215 5651 synodi.

2250 5638 2306 5708 9)
2337 5637 2651 5697 Undecima
2681 5643 2814 5698 ﬁdei
2844 5637 3098 5699 formula
3127 5660 3281 5699 anno
3310 5643 3436 5698 361,

2250 5709 2342 5790 t0)
2371 5711 2462 5767 Sic
2493 5729 2698 5790 omnes
2728 5716 3113 5790 manuscripti
3155 5720 3212 5771 et
3249 5715 3385 5771 edit.
3414 5711 3797 5770 Commelian.

2158 5780 2475 5840 Editurvero
2508 5787 2717 5854 Paris.,
2755 5780 3176 5859 μετεοάλλόντο.
