4082 6388
239 589 360 648 749

1703 594 1804 654 DE
1851 592 2210 656 SYNODIS.

3539 598 3658 660 ’750

249 721 379 785 τοὺς
408 723 478 778 τὰ
521 721 738 800 Ἀρείου
793 726 1125 802 γυμνότερον
1189 725 1441 804 λέγοντας
1498 727 1873 805 προσδέχεσθα

2012 737 2334 803 querentur
2375 732 2674 801 admissis,
2709 733 2996 790 Ecclesiae
3031 735 3208 790 etiam
3262 735 3410 808 ipsis
3462 737 3656 791 trade-

238 811 331 866 καὶ
357 811 453 875 τὰς
501 811 829 884 Ἐκκλησίας
863 814 1052 878 αὐτοῖς
1084 815 1459 894 παραδιδόναι,
1484 816 1578 873 ἵνα
1607 818 1689 873 ἐπ’
1711 815 1897 880 ἀδείας

240 901 311 955 τὰ
339 908 438 972 τῆς
490 899 845 981 βλασφημίας
890 907 1238 981 προσφέρωσι
1290 909 1424 981 (11).
1477 909 1576 962 Διὰ
1622 912 1752 983 γοῦν
1797 909 1898 976 τήν

242 989 464 1059 πολλὴν
494 989 761 1047 ἀναίδειαν
783 999 882 1064 τῆς
911 993 1266 1070 βλασφημίας
1288 995 1462 1051 αὐτῶν
1487 997 1774 1070 Ἀνόμοιοι
1793 1019 1897 1052 πα-

257 1077 327 1155 ρὰ
353 1085 516 1135 πᾶσιν
547 1079 878 1154 ἐκλήθησαν,
912 1079 1132 1158 ἔχοντες
1161 1085 1250 1140 καὶ
1278 1086 1377 1155 τὴν
1419 1085 1754 1156 ἐξουκόντιον
1802 1086 1894 1142 ἐπ-

243 1169 533 1242 ωνυμίαν,
577 1171 666 1224 καὶ
711 1171 802 1226 τὸν
848 1173 1115 1246 αἱρετικὸν
1168 1176 1535 1230 Κωνστάντιον
1585 1177 1892 1251 προστάτην

243 1264 346 1327 τῆς
376 1253 623 1320 ἀσεϐείας
665 1258 860 1315 αὐτῶν
913 1261 996 1330 ὃς,
1051 1261 1216 1338 μέχρι
1268 1262 1460 1326 τέλους
1511 1261 1788 1337 διαμείνας
1839 1264 1890 1319 ἐν

240 1342 484 1421 ἀσεϐεᾳί,
514 1350 604 1402 καὶ
638 1348 838 1405 λοιπὸν
889 1350 1268 1423 ἀποθνήσκων,
1317 1349 1466 1424 ἔδοξε
1518 1354 1888 1430 βαπτίζεσθαι,

238 1435 300 1491 ού
328 1439 475 1514 παρά
499 1433 732 1493 εὐσεϐῶν
761 1437 997 1514 ἀνδρῶν,
1029 1440 1178 1497 ἀλλὰ
1213 1443 1316 1498 ὑπὸ
1348 1446 1463 1515 (12)
1509 1442 1765 1512 Εὐζωίου
1795 1448 1890 1499 τοῦ

239 1523 331 1581 διὰ
358 1528 456 1595 τὴν
491 1528 774 1604 Ἀρειανήν
834 1527 1037 1605 α’ίρεσιν
1090 1530 1197 1607 οὐχ
1248 1533 1404 1603 ἅπαξ,
1456 1532 1601 1589 ἀλλὰ
1647 1533 1736 1588 καὶ

234 1614 512 1678 πολλάκις
543 1618 974 1692 καθαιρεθέντος,
1017 1621 1106 1675 καὶ
1159 1621 1248 1676 ὅτε
1274 1619 1525 1685 διάκονος
1555 1620 1644 1692 ἦν,
1680 1623 1769 1678 καὶ
1800 1621 1890 1678 ὅτε

235 1703 290 1759 ἐν
325 1705 636 1782 Ἀντιοχείᾳ
665 1705 941 1776 ἐκαθέσθη.

309 1795 399 1849 32.
431 1795 576 1856 Τέως
607 1796 702 1868 μὲν
737 1795 830 1850 οῦν
861 1794 991 1872 ἄχρι
1040 1797 1236 1854 τούτου
1285 1799 1601 1875 φθάσαντες,
1658 1795 1884 1871 ἔστησαν

236 1881 325 1935 καὶ
358 1883 734 1958 καθῃρέθησαν
769 1885 819 1939 οἱ
847 1887 1262 1962 προειρημένοι.
1297 1887 1474 1944 Ἀλλὰ
1513 1887 1638 1945 οὐδὲ
1689 1889 1884 1956 οὕτως,

238 1967 296 2023 εὗ
329 1966 452 2024 οἶδα
482 1970 564 2026 ὅτι
617 1975 904 2044 στήσονται
955 1974 1072 2030 ὅσοι
1121 1975 1209 2030 καὶ
1260 1981 1348 2031 νῦν
1395 1979 1770 2053 ὑπεκρίναντο,
1803 1978 1882 2034 ἀεὶ

2010 824 2159 886 rent,
2194 825 2256 876 ut
2286 821 2421 878 hinc
2453 822 2536 876 illi
2569 822 2844 878 ﬁdentius
2875 822 3276 894 blasphemias
3309 825 3656 895 proferrent,

2007 926 2074 964 ac
2105 909 2347 980 proinde
2369 913 2443 967 ob
2475 911 2769 982 ingentem
2801 910 3309 984 blasphemiarum
3344 913 3654 984 impuden-

2007 999 2146 1054 tiam
2178 1000 2437 1055 Anomcsi
2473 1001 2544 1055 ab
2576 1002 2852 1056 omnibus
2891 1001 3078 1056 vocati
3123 1006 3282 1068 sunt,
3317 998 3650 1070 ἐξουκόντιον

2007 1103 2238 1159 quoque
2289 1106 2614 1161 cognomen
2664 1089 2965 1158 habentes,
3000 1106 3067 1145 ac
3115 1089 3454 1146 hmreticum
3502 1094 3654 1147 Con-

2005 1178 2290 1232 stantium
2324 1177 2648 1249 impietatis
2679 1195 2797 1232 sum
2822 1178 2976 1234 nacti
3001 1183 3347 1250 patronum;
3383 1179 3482 1252 qui
3518 1196 3652 1235 cum

2005 1265 2075 1319 ad
2101 1281 2288 1337 usque
2309 1266 2484 1322 ﬁnem
2518 1267 2576 1320 in
2609 1267 2904 1337 impietate
2936 1273 3386 1339 perseverasset,
3413 1269 3657 1324 demum

2002 1355 2259 1410 instante
2291 1360 2478 1410 morte
2528 1355 2810 1427 baptizari
2841 1355 3043 1422 voluit,
3079 1373 3192 1411 non
3227 1372 3259 1410 a
3291 1356 3404 1428 piis
3454 1358 3658 1428 utique

1999 1441 2162 1508 viris,
2197 1445 2295 1499 sed
2343 1443 2414 1498 ab
2466 1443 2672 1500 Euzoio
2707 1443 2806 1515 qui
2834 1443 3061 1499 Arianae
3114 1445 3398 1500 haereseos
3448 1461 3653 1514 causa,

2002 1548 2118 1587 non
2151 1531 2329 1587 semel
2365 1532 2464 1587 sed
2513 1532 2834 1600 multoties,
2865 1537 2921 1587 et
2952 1533 3235 1588 diaconus
3286 1549 3420 1588 cum
3471 1537 3651 1605 esset,

2000 1625 2056 1675 et
2085 1637 2220 1676 cum
2249 1620 2568 1676 Antiochiae
2610 1621 2858 1687 sederet,
2891 1621 3194 1693 depositus
3230 1622 3435 1676 fuerat.

2068 1800 2157 1854 32.
2192 1800 2314 1854 Huc
2345 1816 2531 1871 usque
2563 1799 2743 1872 igitur
2788 1800 3080 1872 progressi
3136 1817 3316 1872 supra
3345 1800 3484 1856 dicti
3515 1801 3644 1869 viri,

1997 1888 2313 1944 substitere
2358 1889 2617 1957 tandem,
2651 1905 2716 1944 ac
2767 1890 3002 1944 demum
3035 1889 3285 1960 depositi
3336 1894 3493 1945 sunt.
3534 1889 3645 1945 Sed

1997 1977 2142 2033 bene
2174 1978 2303 2033 novi
2337 1995 2439 2034 eos
2472 1995 2542 2032 ne
2581 1977 2663 2033 ita
2694 1978 2934 2050 quidem
2967 1979 3214 2050 gradum
3249 1993 3645 2050 repressuros,

238 2055 298 2112 δὲ
349 2061 628 2123 συστάσεις
677 2064 972 2134 ποιήσουσι
1023 2066 1157 2120 κατά
1203 2073 1302 2135 τῆς
1349 2064 1627 2139 ἀληθείας,
1673 2065 1776 2130 ἕως
1825 2067 1879 2123 ἂν

241 2147 276 2168 κ,
356 2148 372 2168 ς
520 2149 531 2166 ε
633 2149 755 2168 μη,
963 2151 988 2168 ,ι
1250 2155 1264 2168 .
1353 2156 1379 2168 υ
1543 2159 1584 2168 ..
1751 2157 1761 2168 ,

1997 2070 2287 2139 quotquot
2326 2068 2450 2138 jam
2482 2067 2591 2124 hac
2641 2067 2733 2122 usi
2779 2072 2918 2123 sunt
2948 2066 3342 2138 simulatione,
3375 2067 3474 2123 sed
3509 2083 3645 2122 con-

232 2147 309 2209 εἰς
356 2148 577 2211 ἑαυτοὺς
631 2149 878 2215 ἐλθόντες
935 2151 1124 2209 εἴπωσι
1178 2155 1267 2210 καὶ
1318 2156 1489 2212 οὗτοι’
1543 2157 1879 2221 Ἀναστάντες

1997 2155 2238 2211 ﬂaturos
2282 2173 2515 2229 semper
2554 2155 3016 2228 conspirationes
3065 2160 3271 2212 contra
3320 2156 3650 2224 veritatem,

231 2238 630 2311 πορευσώμεθα
677 2243 789 2314 (14)
837 2243 974 2318 πρὸς
1023 2242 1150 2307 τοὺς
1207 2243 1444 2321 Ιῐατέρας
1492 2247 1735 2320 ἰαυτῶν,
1795 2246 1884 2302 καὶ

231 2323 465 2400 ἐροῦμεν
513 2327 719 2391 αὐτοῖς·
772 2330 1268 2406 ’Δναθεματίζομεν
1324 2335 1418 2408 μὲν
1469 2337 1567 2405 τήν
1603 2336 1880 2409 Ἀρειανὴν

228 2411 460 2489 αἵρεσιν,
520 2415 954 2492 ἐπιγινώσκομεν
1015 2418 1073 2476 δὶ
1129 2424 1228 2492 τήν
1289 2422 1340 2478 ἐν
1389 2425 1584 2496 Νικαίᾳ
1633 2422 1879 2480 σύνοδον·

231 2502 373 2578 πρὸς
420 2503 623 2576 ταύτην
673 2507 774 2583 γὰρ
824 2505 1013 2584 ἔχουσι
1054 2510 1154 2580 τὴν
1209 2508 1341 2587 ἔριν.
1377 2513 1473 2576 Τίς
1503 2512 1594 2569 οὖν
1629 2508 1731 2583 ἔτι,
1783 2511 1879 2569 κᾶν

229 2588 428 2666 ὀλίγην
461 2590 710 2665 α’ίσθησιν
743 2589 909 2672 ἔχων,
942 2598 1178 2669 ἀνέξεται
1210 2601 1415 2656 τούτων
1447 2620 1460 2670 ;
1519 2603 1608 2665 Τίς
1660 2602 1876 2678 βλέπων

222 2681 346 2734 καθ’
404 2680 634 2754 ἑκάστην
691 2682 914 2740 σύνοδον
974 2687 1042 2742 τὰ
1095 2689 1188 2761 μὲν
1250 2690 1640 2768 ἀφαιρούμενα,
1698 2694 1765 2747 τά
1822 2690 1879 2747 δὲ

217 2769 645 2844 προστιθέμενα,
679 2774 743 2829 ού
777 2777 975 2852 συνορά
993 2778 1218 2840 τούτους
1246 2778 1487 2835 ὕποπτον
1517 2781 1606 2836 καὶ
1637 2780 1877 2837 ὕπουλον

221 2852 458 2932 ἔχοντας
488 2862 601 2934 (15)
627 2863 762 2916 κατὰ
789 2869 1030 2940 Χριστοῦ
1075 2868 1172 2936 τήν
1225 2865 1506 2938 διάνοιαν;
1563 2869 1685 2940 Τίς,
1738 2871 1878 2946 ὁρῶν

227 2946 426 3009 αὐτοὺς
456 2945 545 3003 ’διᾶ
578 2956 801 3022 μακρῶν
861 2952 1190 3018 ἐκτείνοντας
1249 2957 1453 3012 ἑαυτῶν
1505 2961 1604 3029 τήν
1664 2981 1723 3014 τε
1778 2967 1877 3030 τῆς

225 3034 464 3099 πίστεως
499 3039 739 3102 σύνθεσιν
790 3042 880 3096 καὶ
927 3044 1026 3112 τὴν
1082 3043 1406 3120 ἀπολογίαν,
1455 3048 1579 3123 περὶ
1619 3047 1692 3103 ὧν
1720 3047 1874 3125 ἐγκα-

226 3121 477 3196 λοῦνται,
530 3128 636 3205 οὐχ
680 3130 781 3205 ὁρᾷ
829 3131 1055 3195 τούτους
1101 3137 1601 3209 καταγινώσκοντας
1654 3139 1876 3208 ἑαυτῶν,

223 3214 316 3268 καὶ
362 3213 550 3272 πολλὰ
595 3217 897 3298 γράφοντας
953 3220 1224 3295 ἐπίτηδες,
1265 3223 1357 3279 ’ίνα
1406 3223 1601 3296 δόξωσι
1657 3224 1748 3282 διὰ
1775 3235 1874 3298 τῆς

223 3303 457 3380 ἀκαίρου
516 3305 856 3384 φιλοτιμίας,
908 3310 998 3366 καὶ
1044 3319 1144 3382 τῆς
1193 3315 1460 3385 τοσαύτης
1511 3315 1876 3392 πολυλογίας,

225 3393 562 3469 ὑφαρπάζειν
615 3397 742 3461 τοὺς
793 3399 1096 3474 ἀκεραίους,
1147 3403 1236 3457 καὶ
1298 3400 1573 3459 λανθάνειν
1619 3407 1725 3460 οἷοι
1774 3407 1874 3476 τὴν

1994 2245 2180 2300 donec
2211 2246 2282 2301 ad
2317 2261 2379 2302 se
2410 2245 2624 2300 reversi
2658 2244 2856 2300 dicant
2887 2249 2944 2300 et
2974 2245 3086 2316 ipsi
3115 2262 3126 2300 :
3155 2248 3500 2316 Surgamus,
3525 2260 3652 2316 pro-

1995 2350 2384 2406 peremusque
2417 2335 2487 2390 ad
2520 2338 2722 2389 Patres
2773 2337 3025 2399 nostros,
3059 2338 3116 2388 et
3162 2332 3431 2388 dicamus
3482 2331 3599 2388 illis
3631 2348 3645 2388 :

1991 2422 2267 2479 Arianam
2317 2423 2590 2478 hzeresim
2641 2422 3017 2478 anathemate
3047 2422 3422 2490 damnamus,
3457 2421 3643 2476 Nicas-

1991 2527 2128 2566 nam
2180 2528 2312 2568 vero
2361 2511 2652 2584 synodum
2701 2509 3126 2583 agnoscimus:
3163 2526 3292 2565 cum
3356 2525 3426 2566 ea
3482 2509 3639 2566 enim

1989 2599 2109 2656 illis
2138 2604 2228 2657 est
2275 2599 2588 2657 contentio.
2623 2599 2762 2664 Quis
2807 2599 3006 2671 igitur,
3039 2599 3125 2655 vel
3180 2599 3410 2655 modico
3459 2616 3637 2656 sensu

1989 2690 2290 2761 praeditus,
2322 2690 2425 2745 hos
2457 2689 2611 2744 ultra
2655 2689 2840 2744 ferat?
2870 2687 3010 2754 Quis
3041 2688 3310 2744 homines
3339 2688 3542 2744 videns
3572 2688 3634 2744 in

1987 2779 2238 2851 singulis
2270 2779 2511 2852 synodis
2536 2777 2649 2834 alia
2677 2778 3002 2846 detrahere,
3028 2777 3143 2833 alia
3172 2778 3406 2847 addere,
3427 2793 3631 2834 eorum

1986 2873 2323 2940 suspectam
2371 2884 2438 2922 ac
2482 2865 2793 2922 subdolam
2843 2882 2981 2938 erga
3026 2866 3320 2921 Christum
3373 2871 3631 2921 mentem

1987 2975 2102 3013 non
2143 2955 2610 3013 animadvertat?
2643 2956 2782 3020 Quis
2814 2970 2912 3010 eos
2943 2955 3320 3026 conspicatus
3353 2954 3483 3010 ﬁdei
3515 2971 3633 3009 suaa

1989 3046 2300 3102 formulam
2339 3061 2406 3100 ac
2449 3044 2931 3100 criminationum
2981 3041 3388 3114 depulsionem
3437 3041 3638 3100 multis

1985 3135 2340 3192 concinnare
2363 3132 2575 3200 verbis,
2600 3132 2753 3189 598
2785 3148 2901 3188 non
2924 3132 3189 3187 advertat
3210 3129 3476 3187 homines
3511 3147 3639 3187 sese

1988 3226 2253 3300 prodere,
2282 3233 2338 3280 et
2362 3222 2555 3278 multa
2586 3222 2656 3278 de
2689 3220 2979 3277 industria
3011 3221 3288 3287 scribere,
3321 3225 3388 3276 ut
3419 3237 3520 3292 per
3549 3221 3637 3276 in-

1991 3315 2394 3388 tempestivam
2443 3311 2918 3377 ostentationem,
2951 3314 3007 3366 et
3039 3314 3264 3365 tantam
3316 3309 3635 3382 loquacita-

1988 3411 2104 3462 tem
2138 3402 2524 3475 simpliciores
2554 3400 2857 3464 seducant,
2893 3416 2958 3454 ac
2988 3414 3157 3454 suam
3191 3397 3420 3470 possint
3449 3399 3637 3453 hears-

222 3479 429 3557 αῗρεσιν
479 3487 843 3562 τυγχάνουσιν
876 3483 1070 3560 ὄντεςς
1105 3489 1262 3546 Ἀλλ’
1307 3492 1488 3568 ὥσπερ
1538 3495 1588 3548 οἱ
1647 3494 1872 3563 ἐθνικοὶ,

1997 3495 2079 3549 sin
2111 3469 2439 3549 occuitare?
2468 3492 2538 3545 At
2569 3490 2724 3546 sicut
2753 3488 3024 3555 ethnicis,
3049 3487 3130 3543 ait
3160 3469 3464 3556 Dominus,
3489 3485 3634 3542 nihil

222 3571 300 3660 ᾡς
329 3574 476 3628 εἶπεν
506 3575 534 3628 ὁ
571 3574 794 3648 Κύριος,
831 3578 1287 3656 βαττολογοῦντες
1321 3583 1372 3636 ἐν
1405 3588 1524 3645 ταῖς
1556 3583 1745 3660 εὐχαῖς
1791 3584 1878 3640 ού-

224 3657 311 3714 δέν
346 3661 673 3740 ὠφελοῦσιν,
707 3665 881 3730 οὕτως
913 3669 1062 3723 οὗτοι
1105 3674 1337 3725 τοσαῦτα
1388 3672 1876 3744 καταντλήσαντες,

224 3749 327 3805 ούκ
358 3748 706 3824 ἠδυνήθησαν
736 3751 920 3811 σϐέσαι
949 3759 1048 3826 τήν
1079 3759 1213 3813 κατά
1256 3767 1357 3830 τῆς
1401 3762 1683 3836 Ἀρειανῆς
1730 3762 1877 3838 αῖρέ-

224 3859 362 3901 σεως
395 3839 598 3916 κρίσιν,
630 3841 775 3898 ἀλλᾶ
804 3845 893 3899 καὶ
928 3845 1139 3917 μᾶλλον
1193 3846 1543 3924 ἐλεγχθέντες
1583 3852 1878 3927 καθῃρέθη-

220 3947 342 3996 σαν,
372 3929 461 3982 καὶ
496 3929 724 3994 εῗκότως
753 3951 832 4009 γε·
867 3935 1028 3989 ποίαν
1060 3937 1164 4012 γὰρ
1195 3936 1371 3991 αὐτῶν
1406 3939 1433 3992 ὁ
1478 3939 1689 3994 ἀκούων
1737 3941 1874 3995 ἀπο-

221 4013 433 4086 δέξεται
467 4020 579 4092 (16)
620 4025 973 4101 συγγραφήν;
1026 4029 1097 4080 ’Ἠ
1140 4030 1274 4080 ποῖα
1323 4027 1684 4103 θαρρήσαντες
1724 4029 1874 4084 αὐτοὶ

215 4108 547 4182 κατηχήσου
565 4129 614 4162 σι
665 4109 793 4174 τοὺς
839 4110 1172 4188 ἐρχομένους
1224 4115 1358 4190 πρὸς
1405 4115 1639 4186 αύτούς;
1682 4118 1744 4174 Εἰ
1780 4118 1876 4192 μὲν

213 4194 320 4271 γὰρ
351 4197 406 4250 αἱ
432 4202 598 4252 πᾶσαι
653 4199 778 4272 μίαν
833 4201 922 4256 καὶ
966 4212 1065 4271 την
1107 4203 1277 4274 αὐτὴν
1315 4200 1504 4280 ἔχουσι
1537 4207 1873 4284 συμφωνίαν,

217 4283 315 4373 τίς⁸
335 4287 370 4353 ἡ
403 4286 563 4361 χρεία
593 4292 701 4342 τῶν
724 4288 953 4346 πολλῶν
983 4310 997 4361 ;
1024 4291 1088 4348 Ei
1112 4290 1170 4347 δὲ
1188 4294 1461 4350 τοσούτων
1486 4295 1647 4371 χρεία
1664 4283 1874 4373 γέγονε.

225 4369 401 4442 δῆλόν
431 4373 572 4430 ἐστιν
607 4376 835 4450 ἑκάστην
868 4377 1020 4450 ἐνδεῆ
1054 4382 1143 4436 καὶ
1196 4384 1271 4456 μὴ
1326 4369 1525 4459 πλήρη*
1565 4369 1876 4462 τυγχάνειν,

222 4462 319 4516 καὶ
349 4468 508 4519 τοῦτο
543 4465 756 4538 μᾶλλον
789 4471 950 4542 ἡμῶν
983 4469 1136 4525 αὑτοὶ
1168 4468 1542 4548 διελέγχουσιν
1586 4474 1637 4529 ἐν
1669 4480 1747 4548 τῷ
1775 4475 1876 4530 πά-

227 4571 324 4614 σας
359 4551 704 4610 ἐναλλάττειν
752 4557 841 4612 καί
899 4565 1234 4631 μεταποιεῖν.
1282 4561 1359 4618 Τὸ
1405 4559 1460 4616 δὲ
1502 4560 1715 4634 πλῆθος
1766 4569 1874 4620 τῶν

225 4637 492 4713 συνόδων,
515 4643 606 4698 καὶ
637 4646 671 4714 ἠ
705 4642 939 4724 διαφορᾶ
966 4653 1074 4703 τῶν
1105 4651 1462 4728 γραφομένων
1497 4649 1730 4708 δείκνυσι
1748 4653 1876 4717 τοὺς

221 4728 280 4784 ἐν
313 4728 502 4794 αὐταῖς
551 4732 906 4798 συνελθόντας
961 4740 1314 4813 μαχομένους
1367 4741 1460 4814 μὲν
1506 4743 1642 4815 πρὸς
1690 4744 1789 4813 τὴν
1822 4743 1874 4798 ἐν

229 4825 275 4873 Ν
284 4820 428 4892 ικαίᾳ
459 4819 706 4894 σύνοδον,
736 4825 1090 4890 ἀσθενοῦντας
1124 4824 1182 4882 δὲ
1209 4829 1345 4905 πρὸς
1373 4831 1470 4900 τὴν
1503 4829 1784 4903 ἀλήθειαν.

297 5001 387 5054 33.
419 4997 646 5071 Ἐπειδὴ
698 5003 810 5076 (17)
861 4999 919 5058 δὲ
968 5004 1144 5068 οὕτως
1189 5006 1342 5061 αὐτοὶ
1385 5008 1523 5084 πρὸς
1553 5030 1611 5064 τε
1640 5010 1880 5084 ἕαυτοὺς,

223 5087 320 5142 καὶ
350 5089 486 5163 πρὸς
549 5089 676 5155 τοὺς
715 5092 824 5168 πρὸ
872 5093 1074 5149 ἑαυτῶν
1129 5092 1464 5170 διετέθησαν,
1514 5098 1640 5176 φέρε
1685 5099 1880 5157 λοιπὸν

223 5178 420 5250 ἡμεῖς,
455 5177 813 5251 ἐξετάσαντες,
851 5181 1106 5258 μάθωμεν
1140 5192 1264 5260 παρ’
1309 5184 1511 5258 αὐτῶν,
1557 5195 1714 5245 ποῖον
1766 5189 1887 5246 ἄτο-

225 5286 334 5320 πον
363 5268 755 5343 θεωρήσαντες,
783 5271 818 5340 ἢ
863 5270 986 5326 τίνα
1029 5271 1170 5344 λέξιν
1222 5273 1540 5351 αἰτιώμενοι
1587 5283 1697 5336 τῶν
1739 5279 1888 5359 ἐγγε-

303 5426 348 5461 ²¹⁷
377 5426 583 5484 Matth.
615 5445 692 5496 vx,
721 5429 776 5484 7.

303 5579 414 5664 ιιιι
447 5579 665 5664 Βεεὲαε
696 5582 957 5664 asseritis
987 5600 1192 5654 manu.
1221 5585 1558 5664 προφέρωσιο

306 5651 419 5791 (ἓξ)
446 5650 660 5722 Regius
693 5650 818 5738 am
851 5653 975 5738 όπό.

403 5729 422 5790 )
454 5723 537 5780 Ita
569 5728 784 5791 Regius
815 5752 831 5791 ;
863 5744 921 5782 in
953 5743 975 5783 ε

331 5723 422 5798 13)
454 5723 537 5780 Ita
569 5725 784 5798 Regius
815 5752 831 5794 ;
863 5727 924 5798 in
953 5726 1123 5798 editis
1146 5745 1281 5785 vero
1307 5729 1397 5783 καί
1430 5731 1612 5790 deest.

305 5795 418 5879 (1'4)
449 5795 681 5879 Regius
696 5797 1272 5879 πορευσόμεθοιηψὶἀζ
1329 5802 1561 5879 Regius,
1593 5805 1729 5879 πρὸς
1759 5803 1885 5868 τοὺς

305 5812 418 5866 (ιιι)
449 5812 669 5924 Regillis
696 5812 1090 5871 πορευσόμεθα.
1125 5812 1272 5856 una.
1329 5812 1434 5874 Reg

233 5865 497 5945 «afﬁgere:
588 5868 643 5945 έν
677 5885 935 5945 sequens
954 5872 1124 5945 deest
1150 5871 1209 5927 in
1241 5875 1434 5945 Regio.

301 5939 423 6010 (15)
472 5939 558 5997 Ita
588 5938 827 6015 Regius.
860 5943 1038 6014 Editi,
1072 5938 1317 6017 ἔχοντες.

1988 3583 2225 3654 prodest
2249 3579 2433 3635 multa
2454 3580 2510 3634 in
2535 3578 2902 3635 orationibus
2923 3577 3097 3632 verba
3121 3577 3362 3632 fundere
3383 3577 3450 3648 ³⁷,
3473 3577 3557 3632 sic
3578 3579 3636 3631 et

1988 3671 2083 3728 isti
2110 3675 2195 3726 tot
2223 3674 2501 3740 tantaque
2527 3666 2878 3734 eﬂ‘utientes,
2904 3664 3197 3735 judicium
3230 3669 3432 3720 contra
3461 3665 3634 3720 Aria-

1986 3777 2123 3817 nam
2146 3758 2415 3815 haeresim
2437 3757 2620 3813 latum
2639 3756 2870 3812 abolere
2889 3769 3262 3826 nequaquam
3286 3756 3632 3824 potuerunt;

1985 3850 2104 3904 imo
2138 3848 2324 3920 magis
2357 3845 2664 3918 magisque
2685 3843 2953 3912 convicti,
2973 3841 3221 3915 depositi
3242 3846 3400 3912 sunt,
3419 3846 3477 3896 et
3497 3843 3632 3912 jure

1987 3939 2259 4011 quidem;
2292 3935 2449 4006 quod
2480 3933 2637 3990 enim
2683 3949 2882 3989 eorum
2928 3931 3278 4003 rescriptum
3312 3931 3499 4003 quivis
3531 3946 3632 3984 au-

1987 4029 2154 4083 diens
2187 4023 2465 4096 recipiat?
2508 4024 2622 4078 Aut
2669 4039 2785 4094 qua
2834 4020 3049 4076 ﬁducia
3095 4021 3438 4076 accedentes
3467 4019 3540 4074 ad
3575 4034 3637 4074 se

1988 4119 2058 4174 ad
2093 4117 2265 4171 ﬁdem
2300 4111 2649 4169 instituent?
2691 4111 2862 4174 Nam,
2896 4110 2945 4166 si
2996 4110 3282 4182 rescripta
3311 4109 3411 4164 illa
3440 4108 3639 4168 omnia

1986 4222 2166 4262 unam
2197 4203 2585 4273 eamdemque
2623 4200 2980 4256 sententiam
3013 4199 3222 4269 ferant,
3246 4198 3383 4270 quid
3429 4198 3640 4252 multo-

1987 4312 2116 4350 rum
2150 4296 2341 4365 opus?
2387 4291 2484 4346 Sin
2517 4294 2634 4345 tam
2671 4288 2999 4344 multorum
3031 4303 3180 4359 opus
3227 4287 3358 4359 fuit,
3391 4285 3640 4342 manife-

1987 4389 2146 4440 stum
2179 4386 2267 4437 est
2298 4378 2533 4452 singula
2563 4378 2811 4434 deficere
2842 4375 3130 4450 plenaque
3163 4393 3277 4433 non
3309 4393 3458 4442 esse,
3481 4375 3638 4447 quod

1987 4472 2069 4528 illi
2102 4470 2216 4544 ipsi
2258 4469 2572 4542 plusquam
2624 4483 2738 4523 nos
2789 4465 2984 4539 palam
3021 4465 3241 4521 faciunt
3275 4484 3288 4522 :
3321 4482 3389 4522 ea
3418 4465 3638 4538 quippe

1987 4561 2186 4618 omnia
2217 4560 2536 4614 immutant
2567 4561 2740 4626 atque
2782 4554 2894 4610 alio
2925 4555 3108 4610 edunt
3135 4571 3425 4612 sermone.
3461 4559 3636 4611 Porro

1986 4649 2299 4708 multitudo
2331 4647 2697 4720 synodorum,
2741 4645 3212 4716 scriptorumque
3242 4643 3636 4716 discrepantia

1987 4742 2181 4816 arguit
2211 4757 2352 4796 sane
2381 4754 2481 4794 eos
2529 4736 2629 4808 qui
2679 4733 3094 4800 convenerunt,
3127 4737 3406 4791 adversus
3454 4735 3634 4790 Niem-

1910 4843 1956 4907 Π
1990 4847 2128 4888 nam
2175 4829 2464 4902 synodum
2496 4828 2866 4892 concertare;
2899 4825 3001 4880 sed
3033 4828 3227 4879 tamen
3270 4839 3330 4880 se
3376 4822 3652 4878 imbecil-.

1990 4921 2165 4977 liores
2195 4934 2325 4974 esse
2354 4932 2530 4989 quam
2561 4919 2627 4970 ut
2663 4917 3004 4986 oppugnent
3032 4913 3355 4968 veritatem.

2065 5009 2152 5064 33.
2187 5011 2491 5074 Caeterum,
2513 5004 2748 5076 quando
2777 5002 2890 5074 ipsi
2921 5017 3059 5074 erga
3091 5017 3154 5056 se
3185 5006 3392 5055 mutuo
3422 5003 3480 5054 et
3508 5013 3648 5071 erga

1997 5098 2248 5169 majores
2272 5111 2410 5151 suos
2441 5092 2524 5149 sic
2558 5091 2749 5148 affecti
2781 5095 2942 5158 sunt,
2975 5105 3101 5161 age,
3120 5089 3246 5159 jam
3278 5088 3648 5145 sciscitemur

1997 5191 2152 5260 illos,
2181 5197 2246 5246 ut
2277 5190 2610 5245 ediscamus
2637 5192 2814 5256 qu‘am
2862 5183 2919 5237 in
2967 5181 3202 5254 scriptis
3230 5181 3351 5238 illis
3377 5181 3647 5239 absurdi-

1999 5287 2178 5339 tatem
2209 5283 2311 5336 aut
2357 5291 2535 5349 quam
2581 5273 2851 5330 vitiosam
2899 5272 3252 5328 sententiam
3302 5271 3646 5344 conspicati,

2066 5590 2180 5662 (16)
2211 5592 2297 5645 Ita
2325 5582 2542 5659 Regius
2572 5587 2630 5640 et
2673 5580 2984 5639 Basiliens.
3035 5580 3189 5636 Editi
3221 5595 3475 5653 quoque,
3506 5575 3646 5633 ἀπο-

1997 5658 2353 5806 ἓέῗῖξῗιλῃιθ
2382 5722 2796 5806 Ἐπειδήιίὶιιῐις
2856 5724 3117 5806 titulum,
3157 5723 3264 5806 ,Ἐκ
3309 5721 3652 5806 371:}?!th-

1999 5792 2103 5875 λῆς
2131 5792 2254 5875 περὶ
2279 5805 2392 5875 τῶν
2423 5792 2733 5875 γενομένων
2769 5795 2819 5850 έν
2849 5799 2922 5875 τῇ
2969 5792 3255 5875 Ἀριμή-νω
3285 5792 3653 5875 τῇςῇίταλίας

1996 5864 2099 5932 κοίῖ
2122 5875 2174 5932 έν
2203 5864 2499 5930 Σελευκέία
2524 5864 2625 5941 τῆς
2655 5864 2948 5943 Ἰσαυρίας,
2980 5864 3282 5943 praemittit
3314 5867 3651 5927 Felckman.

1999 5951 2234 6009 tertius.
