4082 6360
855 0 864 8 '
893 0 964 14 7—5;"
979 1 1284 22 “Exn—33M...
1299 13 1350 24 .,-_.
1403 19 1406 22 .

520 511 632 570 ’751

1059 514 1124 571 S.
1172 514 1597 574 ATHANASII
1645 511 1816 573 OPP.
1864 512 2062 572 PARS
2112 509 2713 571 1.-Η18ΤΟΗΙΟΑ
2759 509 2858 571 ΕΤ
2901 510 3380 576 DOGMATICA.

3827 522 3949 584 753

518 640 790 697 Patribus
817 641 1266 713 inobsequentes
1289 647 1513 709 sunt,et
1543 643 1826 699 adversus
1847 642 2135 698 mcumeni

2280 637 2642 713 γραμμένων,
2693 640 2930 700 ἀπειθεῖς
2982 640 3076 713 μὲν
3125 647 3334 715 γονεῦσι
3385 646 3675 722 γεγόνάσι,
3733 648 3945 726 διαμά-

518 745 647 784 cam
669 731 960 803 synodum
987 731 1286 786 decertant
1310 730 1331 786 ?
1353 731 1446 786 Hae
1465 747 1658 799 voces,
1685 732 1904 795 aiunt,«
1931 747 1998 786 ex
2031 731 2170 786 sub-

519 819 796 886 stantia,»
825 823 936 890 et,«
970 820 1494 889 consubstantiale,
1520 843 1547 870 »
1582 821 1747 876 nobis
1775 819 2017 876 minime
2049 819 2171 891 pla-

518 911 668 973 cent,
703 908 1060 980 quibusdam
1090 910 1250 964 enim
1285 909 1637 966 offendiculo
1670 909 1850 975 luere,
1883 909 2170 981 plurimos

515 994 962 1051 conturbarunt.
997 995 1085 1051 Illi
1117 995 1298 1068 igitur
1323 997 1562 1068 scriptis
1617 997 1743 1053 suis
1783 997 1866 1053 ita
1895 1002 2037 1052 sunt
2085 995 2166 1052 lo-

515 1083 881 1141 outi.Verum
909 1086 993 1142 sic
1021 1085 1313 1158 quispiam
1351 1087 1468 1143 illis
1493 1093 1759 1144 occurrat
1783 1105 1796 1145 :
1819 1089 1875 1142 Si
1893 1104 2028 1160 ergo
2048 1087 2169 1144 hac

514 1174 691 1229 verba
717 1190 820 1246 per
848 1191 910 1231 se
942 1174 1056 1232 illis
1079 1172 1417 1231 oﬁ‘enSionis
1447 1193 1625 1232 causa
1655 1177 1955 1243 fuere,non
1975 1176 2166 1232 solum

515 1265 802 1334 quosdam
837 1266 1072 1337 oll‘endi,
1104 1283 1169 1322 ac
1202 1267 1488 1340 plurimos
1522 1267 1746 1323 turbari
1776 1268 2163 1340 oportuit,sed

516 1357 573 1408 et
596 1369 702 1409 nos
720 1352 983 1426 aliosque
1009 1357 1312 1411 universos
1335 1357 1538 1412 eodem
1564 1358 1800 1413 affectos
1833 1373 1960 1414 esse
1993 1357 2165 1412 modo

513 1457 619 1512 par
645 1441 773 1497 fuit.
807 1443 966 1507 Quod
990 1444 1039 1498 si
1067 1445 1326 1500 universi
1361 1445 1466 1500 has
1491 1463 1656 1501 voces
1677 1446 2116 1517 amplectuntur
2148 1462 2161 1502 :

512 1528 562 1584 si
593 1529 694 1601 qui
727 1530 826 1587 illa
858 1534 1164 1604 scripsere,
1192 1550 1305 1588 non
1337 1533 1610 1606 vulgares
1641 1536 1931 1600 homines,
1965 1536 2066 1590 sed
2098 1550 2165 1589 ex

511 1621 634 1674 toto
665 1620 805 1676 orbe
834 1622 1018 1676 coacti
1049 1626 1188 1677 sunt
1215 1639 1227 1690 ;
1263 1624 1312 1678 si
1343 1623 1445 1694 qui
1489 1623 1615 1694 jam
1650 1623 1974 1680 Ariminum
2023 1639 2161 1679 con-

508 1723 716 1764 venere
767 1710 1024 1783 episcOpi
1055 1711 1188 1783 plus
1234 1711 1680 1783 quadringentis
1707 1730 1775 1768 ea
1826 1711 2163 1769 testimonio

510 1812 617 1853 suo
646 1800 1062 1870 comprobant;
1089 1816 1281 1855 nonne
1302 1800 1403 1872 qui
1424 1801 1710 1856 adversus
1734 1801 2023 1874 synodum
2040 1801 2162 1857 haec

507 1886 784 1943 effutiunt
814 1887 950 1943 hinc
995 1892 1346 1960 arguuntur,
1378 1905 1492 1944 non
1549 1890 1725 1945 verba
1769 1889 2003 1961 quidem
2037 1889 2159 1945 cul-

507 1977 700 2048 panda
745 1991 897 2048 esse,
943 1978 1042 2033 sed
1092 1993 1293 2033 eorum
1327 1977 1427 2050 qui
1481 1977 1597 2034 hare
1645 1995 1819 2050 prave
1875 1979 2157 2052 interpre-

504 2069 710 2121 tantur
758 2065 1093 2122 malitiam?
1123 2069 1306 2133 Quam
1359 2066 1529 2122 multi
1579 2072 1738 2136 sunt,
1793 2068 1892 2140 qui
1944 2068 2157 2126 divinis

501 2155 818 2227 Scripturis
852 2155 1106 2228 maligne
1135 2155 1300 2212 lectis
1330 2173 1396 2212 ac
1428 2173 1600 2230 prave
1650 2156 1982 2223 intellectis,
2015 2175 2154 2214 san-

502 2249 624 2300 ctos
648 2244 784 2300 hinc
807 2244 1152 2300 insimulant
1179 2243 1191 2300 l
1215 2247 1547 2317 cujusmodi
1581 2247 1740 2302 fuere
1772 2247 1913 2302 olim
1944 2247 2152 2314 Judaai,

501 2333 602 2405 qui
651 2334 962 2390 Dominum
1011 2352 1125 2390 non
1177 2341 1542 2407 receperunt,
1576 2342 1632 2391 et
1675 2338 1798 2407 jam
1855 2337 2148 2392 Manichisi

499 2423 601 2494 qui
651 2423 710 2478 in
759 2423 946 2496 legem
997 2424 1442 2495 blasphemant;
1475 2425 1645 2495 cujus
1695 2443 1835 2480 sane
1885 2427 1986 2493 rei,
2035 2445 2148 2483 non

497 2512 836 2584 Scriptum,
872 2514 970 2568 sed
1015 2513 1276 2584 ipsorum
1311 2514 1662 2585 perversitas
1712 2531 1892 2570 causa
1923 2516 2052 2570 fuit.
2088 2516 2147 2572 Si

496 2599 694 2674 itaque
745 2602 1052 2657 verborum
1112 2603 1459 2672 pravitatem
1518 2603 1821 2659 ostendere
1881 2605 2147 2674 potestis,

496 2691 671 2764 agite,
705 2691 1149 2746 demonstrandi
1201 2691 1346 2746 ratio
1397 2692 1664 2759 ineatur;
1701 2709 1806 2748 nec
1853 2693 2145 2764 objiciatis

495 2779 664 2836 nobis
695 2780 816 2835 haec
847 2779 1144 2836 nonnullis
1176 2779 1481 2836 offensioni
1511 2797 1738 2848 esse,ne
1770 2782 1922 2838 idem
1956 2783 2141 2851 vobis,

493 2871 649 2942 quod
681 2873 819 2924 tunc
853 2869 1181 2935 Pharizaeis,
1215 2870 1702 2925 accidat.Etenim
1734 2888 1866 2926 cum
1900 2871 1981 2926 illi
2017 2889 2144 2928 sese

491 2957 840 3015 simularent
868 2959 938 3014 de
971 2958 1236 3014 doctrina
1286 2959 1514 3013 Domini
1546 2960 1780 3025 offendi,
1816 2961 1897 3016 ait
1949 2961 2141 3016 Domi-

490 3065 603 3104 nus
633 3046 750 3103 illis
784 3065 797 3102 :
837 3067 862 3099 ε
893 3047 1096 3103 Omnis
1139 3047 1422 3118 plantatio
1454 3064 1630 3119 quam
1683 3066 1798 3105 non
1856 3047 2141 3120 plantavit

487 3137 657 3192 Pater
677 3153 842 3193 meus
863 3136 1537 3205 ccslestis,eradicabitur
1558 3137 1768 3194 ".nHis
1792 3142 1987 3193 autem
2009 3154 2134 3194 ver-

487 3225 577 3280 bis
609 3226 885 3290 ostendit,
933 3241 1047 3280 non
1099 3226 1288 3281 Patris
1337 3227 1513 3281 verba
1555 3243 1584 3282 a
1637 3243 1698 3282 se
1733 3249 1760 3276 ‹‹
1794 3227 2073 3299 plantata,
2108 3251 2136 3276 ››

483 3314 585 3370 sed
630 3329 868 3385 pravam
918 3329 1088 3370 suam
1147 3319 1298 3370 recte
1348 3315 1639 3371 dictorum
1699 3317 2134 3387 interpretatio-

2283 748 2476 804 χονται
2508 731 2620 803 (18)
2653 727 2711 784 δὲ
2741 731 2874 804 πρὸς
2900 730 3283 804 οἷκουμενικήν
3310 733 3532 791 σύνοδον
3561 756 3575 805 ;
3601 740 3678 796 Τὸ
3708 765 3734 791 ‹‹
3759 739 3818 796 ἐκ
3837 749 3937 812 τῆς

2283 817 2492 887 οὐσίας,
2555 845 2576 872 ι
2641 821 2796 898 φησὶ,
2865 820 2954 875 καὶ
3003 821 3067 875 τὸ
3120 845 3148 872 ‹‹
3199 823 3499 896 ὁμοούσιον
3557 852 3584 880 )›
3620 829 3720 884 οὐκ
3747 830 3939 905 ἤρεσεν

2284 910 2418 981 ἡμῖν
2453 910 2586 982 (49).
2621 911 2799 966 Ταῦτα
2830 908 2933 984 γάρ
2963 929 3116 972 τινας
3147 909 3498 970 ἐσκανδάλισε
3547 917 3633 971 καὶ
3689 917 3942 984 πολλοὺς

2283 991 2626 1070 ἐθορύϐησεν.
2679 997 2908 1050 Ἐκεῖνοι
2965 997 3059 1069 μὲν
3115 996 3206 1052 οὖν
3259 998 3402 1054 οὕτω
3446 1001 3742 1080 γράφοντες
3793 1007 3945 1082 εἰρή-

2279 1105 2450 1139 κασιν·
2483 1084 2808 1156 ἀπαννήσειε
2841 1083 2910 1140 δι’
2942 1083 3002 1139 ἃν
3034 1106 3116 1147 τις
3176 1085 3362 1150 αὐτοῖς
3423 1087 3668 1167 εὐλόγως
3723 1094 3898 1158 οὕτως
3924 1116 3936 1130 ·

2282 1173 2343 1230 Εἰ
2379 1175 2473 1246 μὲν
2507 1175 2598 1228 οὗν
2626 1173 2760 1228 αὐτά
2782 1175 2849 1229 τὰ
2883 1173 3104 1249 ῥήματα
3127 1177 3247 1239 καθ’
3297 1177 3459 1232 ἑαυτά
3503 1182 3760 1256 τυγχάνει
3825 1186 3941 1257 (20)

2280 1259 2407 1317 ὄντα
2435 1261 2583 1317 αἴτια
2609 1263 2821 1324 τούτοις
2851 1262 2929 1324 εἷς
2960 1261 3285 1333 σκάνδαλον,
3311 1262 3417 1320 ἔδει
3455 1269 3530 1338 μή
3580 1288 3732 1332 τινας
3776 1291 3932 1324 σκαν-

2279 1349 2608 1421 δαλίζεσθαι,
2664 1348 2805 1424 μηδὲ
2875 1349 3126 1420 πολλοὺς
3186 1349 3540 1426 θορυϐεῖσθαι
3576 1403 3589 1424 ,
3645 1356 3791 1413 ἀλλά
3845 1360 3939 1414 καὶ

2275 1444 2421 1514 ἡμᾶς
2472 1445 2582 1514 (21)
2641 1442 2729 1496 καὶ
2783 1442 2912 1502 τοὺς
2959 1438 3164 1504 ἄλλους
3222 1442 3423 1505 πάντας
3475 1446 3669 1500 ταυτὸν
3703 1445 3932 1511 ἐκείνοις

2275 1533 2504 1606 πάσχειν
2544 1529 2594 1600 ἐξ
2649 1531 2844 1585 αὐτῶν·
2901 1529 2943 1584 εἰ
2995 1527 3052 1585 δὲ
3103 1533 3154 1585 οἱ
3190 1532 3284 1604 μὲν
3313 1532 3507 1596 πάντες
3561 1537 3811 1610 ἀγαπῶσι
3865 1539 3932 1592 τά

2275 1618 2514 1694 ῥήματα,
2548 1619 2599 1673 οἱ
2633 1617 2690 1674 δὲ
2717 1617 2884 1674 ταῦτα
2908 1621 3209 1695 γράψαντες
3243 1621 3350 1697 οὐχ
3380 1624 3431 1678 οἱ
3461 1624 3742 1699 τυχόντες,
3793 1625 3929 1681 ἀλλ’

2275 1708 2324 1761 οἱ
2375 1707 2434 1762 ἐκ
2488 1707 2664 1778 πάσης
2720 1711 2820 1773 τῆς
2877 1708 3204 1781 οἷ’κουμὲνης
3266 1710 3608 1775 συνελθόντες
3655 1714 3780 1782 εἶσὶ,
3830 1716 3923 1770 καὶ

2270 1800 2482 1859 τούτοις
2530 1796 2988 1873 ἐπιμαρτυροῦσιν
3042 1799 3094 1852 οἱ
3141 1803 3232 1852 νῦν
3282 1799 3333 1853 ἂν
3365 1805 3445 1873 τῷ
3475 1801 3765 1878 Ἀριμήνῳ
3796 1825 3925 1859 συν-

2270 1884 2514 1948 ελθόντες
2548 1885 2834 1941 ἐπίσκοποι
2866 1888 2908 1939 υ’
2937 1886 3027 1941 καὶ
3057 1886 3303 1949 πλείους·
3359 1894 3479 1952 πῶς
3531 1894 3638 1964 (22)
3687 1891 3785 1947 οὐκ
3835 1894 3928 1947 ἄν·

2265 1996 2454 2050 τικρυς
2485 1974 2704 2051 ἐλέγχει
2755 1978 2917 2030 τοῦτο
2967 1974 3094 2038 τοὺς
3143 1978 3282 2030 κατά
3331 1983 3429 2048 τῆς
3471 1976 3696 2034 συνόδου
3727 1978 3923 2056 λέγον-

2263 2087 2378 2134 τας,
2413 2065 2486 2127 ὡς
2513 2064 2575 2120 οὐ
2631 2067 2697 2119 τά
2756 2063 2975 2140 ῥήματά
3031 2064 3170 2120 ἐστιν
3227 2063 3396 2134 α’ίτια,
3444 2065 3571 2122 ἀλλ’
3603 2071 3638 2138 ἡ
3671 2069 3927 2126 κακόνοια

2262 2159 2371 2210 τῶν
2413 2155 2904 2230 παρεξηγουμὲνων
2948 2154 3015 2208 τά
3060 2159 3327 2224 τοιαῦτας
3379 2157 3568 2225 Πόσοι,
3619 2163 3807 2221 κακῶς
3839 2158 3925 2214 ἐν·

2261 2245 2617 2321 τυγχάνοντες
2647 2249 2767 2305 ταῖς
2797 2243 2963 2304 θείαις
2992 2247 3103 2316 (23)
3135 2249 3372 2322 Γραφαῖς
3429 2246 3520 2300 καὶ
3580 2252 3921 2323 παρανοοῦν-

2259 2355 2347 2396 τες
2376 2334 2596 2400 ταύτας,
2643 2337 3011 2408 κατηγοροῦσι
3061 2337 3168 2386 τῶν
3219 2332 3383 2408 ἁγίων
3421 2336 3433 2390 l
3486 2337 3593 2390 οἶοι
3628 2336 3916 2412 γεγόγασιν

2261 2423 2312 2477 οἱ
2346 2425 2440 2495 μὲν
2468 2422 2588 2478 τότε
2620 2419 2894 2491 Ἰουδαῖοι,
2930 2423 3004 2494 μὴ
3040 2419 3314 2494 δεξάμενοι
3347 2423 3438 2478 τὸν
3474 2424 3692 2499 Κύριον,
3747 2427 3800 2479 οἱ
3852 2423 3911 2481 δὲ

2257 2511 2347 2560 νῦν
2382 2509 2682 2582 Μαιδιχαῖοι
2719 2505 3170 2583 βλασφημοῦντες
3201 2506 3290 2560 τὸν
3323 2506 3513 2578 νόμον·
3549 2508 3634 2561 καὶ
3691 2507 3798 2584 οὐχ
3855 2511 3911 2564 αἱ

2258 2594 2462 2670 Γραιφαὶ
2493 2593 2772 2669 γεγόνασιν
2804 2592 2987 2653 αὐτοῖς
3019 2593 3206 2659 αἴτιαι,
3258 2591 3383 2648 ἀλλ’
3438 2596 3472 2662 ὴ
3525 2599 3671 2671 σφῶν
3724 2595 3906 2651 αὐτῶν

2255 2685 2653 2762 κακοφροσύνη.
2713 2683 2772 2738 Εἰ
2825 2683 2918 2756 μὲν
2973 2681 3064 2738 οὖν
3118 2681 3395 2754 ἀποδεῖξαι
3451 2682 3678 2749 δύνασθε
3707 2686 3774 2740 τὰ
3806 2686 3912 2762 ῥή-

2257 2795 2398 2846 ματα
2445 2772 2643 2851 φαῦλα,
2699 2776 2860 2827 τοῦτο
2906 2778 3111 2827 ποιεῖτε
3161 2776 3296 2845 (24),
3345 2772 3434 2827 καὶ
3468 2771 3634 2848 λόγος
3665 2775 3908 2848 ἡγείσθω

2249 2867 2350 2929 τῆς
2384 2860 2725 2933 ἀποδείξεως·
2782 2862 2870 2917 καὶ
2927 2863 3003 2934 μὴ
3061 2862 3454 2939 προφασίζεσθε
3499 2862 3627 2925 τοὺς
3669 2861 3905 2918 σκανδα-

2251 2952 2604 3026 λιζομὲνους,
2652 2949 2746 3005 ’ίνα
2796 2952 2872 3023 μὴ
2919 2951 3111 3006 ταυτὸν
3160 2953 3366 3021 πάθητε
3411 2957 3528 3014 τοῖς
3572 2952 3695 3007 τότε
3725 2958 3907 3028 Φαρι-

2249 3042 2460 3104 σαίοις.
2517 3041 2616 3096 Καὶ
2664 3042 2767 3115 γάρ
2816 3038 3075 3094 κάκείνων
3124 3040 3608 3116 προφασιζομένων
3660 3039 3900 3097 σκανδα-

2248 3129 2511 3201 λίζεσθαι,
2544 3129 2629 3185 ἐπὶ
2657 3135 2774 3192 ταῖς
2803 3133 2900 3183 τοῦ
2934 3129 3132 3203 Κυρίου
3172 3127 3448 3203 διδαχαῖς,
3498 3128 3678 3208 ἔλεγεν
3710 3130 3898 3193 αὐτοῖς

2247 3222 2274 3276 6
2305 3221 2522 3296 Κύριος·
2559 3244 2587 3271 ‹‹
2623 3224 2772 3274 Πᾶσα
2803 3218 3008 3293 φυτεία,
3042 3220 3108 3288 ἣν
3152 3217 3251 3273 ούκ
3298 3218 3581 3295 ἐφύτευσεν
3628 3220 3656 3274 6
3703 3221 3894 3296 Πατὴρ

2249 3332 2353 3383 μου
2385 3311 2412 3364 6
2472 3307 2746 3384 οὐράνιος,
2805 3308 3245 3382 ἐκριζωθήσεται.
3305 3329 3333 3361 ε
3389 3311 3566 3366 Τοῦτο
3617 3307 3672 3364 δὲ
3718 3308 3894 3385 λέγων

483 3418 640 3472 nem,
671 3401 1021 3458 oﬂ‘endiculo
1049 3401 1167 3457 illis
1201 3403 1401 3458 fuisse.
1435 3403 1579 3458 Nam
1613 3404 1650 3458 ii
1685 3405 1783 3476 qui
1814 3404 1953 3459 olim
1980 3411 2132 3477 Apo-

2255 3397 2531 3470 ἐδείκνυεν,
2559 3398 2632 3459 ὡς
2677 3397 2738 3452 οὐ
2781 3396 2849 3452 τά
2892 3401 2990 3451 τοῦ
3040 3397 3248 3472 Πατρὸς
3303 3394 3372 3451 δι’
3412 3399 3579 3453 αὐτοῦ
3611 3420 3640 3449 ‹‹
3673 3398 3900 3462 φυτευό·

484 3491 616 3547 stoli
648 3490 927 3564 epistolas
973 3489 1309 3563 culpabant,
1347 3509 1461 3547 non
1495 3492 1679 3563 Pauli,
1715 3494 1814 3549 sed
1866 3493 2130 3566 ipsorum

483 3579 900 3654 ignorantiam,
934 3587 990 3636 et
1032 3596 1367 3653 perversum
1397 3581 1660 3638 animum
1695 3583 1886 3654 palam
1923 3584 2125 3639 fecere.

2243 3510 2373 3562 μενα
2424 3510 2450 3541 ε
2501 3486 2719 3563 ῥήματα
2767 3483 3067 3541 σκάνδαλον
3117 3485 3251 3554 ἦσαν
3303 3485 3512 3556 αὐτοῖς,
3561 3485 3687 3542 ἀλλ’
3737 3488 3897 3543 αὐτοὶ

2237 3582 2416 3640 κακῶς
2464 3574 2819 3652 ἐκδεχόμενοι
2857 3576 2924 3630 τὰ
2969 3573 3150 3637 καλῶς
3195 3573 3468 3650 λεγόμενα
3498 3573 3896 3646 ἓσκανδάλιζον

480 3667 722 3730 ἑαυτούς.
756 3668 902 3724 Ἐπεὶ
931 3669 1020 3722 καὶ
1053 3669 1104 3722 οἱ
1135 3668 1451 3741 αἰτιώμενοι
1482 3671 1603 3726 τότε
1631 3673 1725 3732 τὰς
1759 3670 2050 3733 ἱπιστολάς
2078 3674 2176 3726 τοῦ
2210 3665 2575 3734 ’Δποστόλου,
2609 3665 2672 3720 οὐ
2701 3668 2799 3720 τοῦ
2833 3662 3076 3732 Παύλου,
3113 3663 3259 3719 ἀλλά
3286 3667 3384 3734 τῆς
3416 3665 3618 3721 ἑαυτῶν
3662 3667 3902 3740 ἀμαθίας

482 3758 571 3811 καί
603 3750 872 3831 στρεϐλῆς
905 3753 1142 3818 διανοίας
1171 3757 1528 3834 κατηγόρουν.

553 3847 642 3902 34.
700 3847 808 3902 Sed
851 3848 976 3918 jam
1022 3848 1367 3919 respondete
1417 3850 1628 3921 (operas
1676 3850 1928 3921 pretium
1973 3848 2130 3906 enim

481 3935 658 3992 fuerit
687 3935 795 3991 hoc
827 3938 898 3992 ab
925 3935 1043 3992 illis
1075 3937 1354 4008 quaerere)
1397 3937 1638 4008 quinam
1688 3943 1847 4002 sunt,
1880 3955 2027 4010 quos
2058 3940 2129 3995 de

476 4025 593 4081 illis
623 4026 835 4082 offendi
890 4031 1064 4098 atque
1096 4026 1319 4082 turbari
1358 4027 1687 4082 causamini
1712 4032 1735 4083 Ρ
1763 4031 1924 4083 Certe
1955 4045 2125 4084 nemo

472 4131 674 4170 eorum
707 4116 806 4187 qui
840 4114 930 4186 pie
981 4116 1051 4170 de
1081 4115 1308 4171 Christo
1356 4117 1638 4184 sentiunt,
1671 4117 1886 4188 quippe
1918 4118 2018 4188 qui
2057 4133 2125 4174 ea

464 4204 779 4260 defendant
828 4209 1226 4276 asserantque.
1273 4204 1432 4268 Quod
1486 4205 1535 4260 si
1583 4205 1782 4261 Ariani
1833 4211 1972 4261 sunt
2020 4207 2122 4278 qui

461 4292 582 4349 haec
614 4293 856 4365 indigne
887 4294 1102 4365 ferunt,
1138 4295 1278 4366 quid
1313 4293 1528 4349 mirum
1580 4294 1629 4350 si
1679 4295 2018 4351 irascuntur
2048 4297 2120 4353 iis

461 4381 562 4453 qui
591 4398 794 4438 eorum
821 4382 1068 4438 baeresin
1093 4383 1164 4438 de
1206 4383 1399 4439 medio
1419 4382 1680 4438 tollunt?
1706 4383 1830 4438 Non
1861 4384 2018 4440 enim
2051 4402 2120 4442 ea

460 4471 636 4526 verba
667 4470 784 4526 illis
808 4470 1084 4527 scandalo
1111 4477 1268 4541 sunt,
1294 4472 1395 4528 sed
1421 4472 1628 4537 dolori,
1664 4474 1817 4544 quod
1852 4473 2020 4546 quasi
2054 4475 2113 4529 in

462 4557 632 4631 cippo
665 4559 962 4631 insculpta
1010 4577 1178 4616 suam
1214 4560 1458 4615 haeresim
1488 4562 1819 4617 traducant.
1855 4561 2114 4619 Desinite

460 4647 640 4721 igitur
681 4649 957 4704 adversus
989 4653 1190 4705 Patres
1222 4655 1452 4706 nostros
1484 4652 1638 4707 599
1672 4652 1780 4706 hac
1831 4652 1903 4707 de
1934 4669 2113 4708 causa

457 4739 908 4795 obmurmurare
941 4755 954 4794 :
989 4737 1207 4811 alioqui
1259 4745 1460 4806 restat,
1492 4747 1554 4795 ut
1593 4758 1824 4797 crucem
1875 4757 2110 4813 quoque

453 4828 815 4884 Dominicam
851 4828 1212 4900 vituperetis,
1247 4829 1400 4899 quod
1436 4845 1503 4883 ea
1549 4829 1772 4884 Judaais
1804 4831 1880 4886 sit
1932 4847 2108 4886 scan-

2311 3845 2398 3902 34.
2471 3843 2621 3900 Ἐπεὶ
2677 3838 2865 3915 (καλὸν
2943 3842 3045 3915 γὰρ
3121 3839 3314 3903 αὐτοὺς
3391 3841 3601 3916 ἐρέσθαι
3679 3846 3892 3915 τοῦτο,)

2239 3932 2464 4002 ε’ίπατε,
2539 3931 2678 3994 τίνες
2748 3929 2926 3999 εἰσὶν,
2999 3928 3089 3991 οὕς
3141 3931 3538 4005 προφασίζεσθε
3597 3928 3892 3986 σκανδαλί-

2239 4025 2417 4093 ζεσθαι
2471 4021 2560 4077 καὶ
2619 4016 2961 4094 θορυϐεῖσθαι
3018 4017 3102 4073 ἐπὶ
3161 4018 3418 4088 τούτοις;
3476 4022 3600 4076 Τῶν
3633 4021 3728 4094 μὲν
3783 4020 3888 4095 γὰρ

2235 4107 2596 4167 εὐσεϐούντων
2626 4107 2702 4170 εἷς
2732 4109 2826 4162 τὸν
2871 4108 3098 4180 Χριστὸν
3159 4106 3356 4176 οὐδεὶς,
3417 4107 3552 4163 αύτά
3606 4112 3716 4181 (25)
3778 4110 3884 4185 γὰρ

2231 4195 2586 4275 πρεσϐεύουσι
2632 4200 2721 4253 καὶ
2783 4194 3105 4251 ὲκδικοῦσιν.
3180 4196 3242 4251 El
3295 4193 3353 4251 δὶ
3420 4201 3526 4252 τῶν
3588 4198 3880 4273 ’Δρειανῶν

2231 4289 2362 4344 εἰσιν
2395 4291 2448 4344 οἱ
2476 4293 2638 4344 τοῦτο
2695 4285 3016 4361 πάσχοντες,
3067 4285 3120 4339 τί
3170 4285 3498 4358 θαυμαστὸν,
3547 4285 3592 4340 εἷ’
3643 4285 3729 4341 ἐπὶ
3758 4292 3878 4350 τοῖς

2227 4379 2534 4452 ἀναιροῦσιν
2595 4375 2770 4432 αὐτῶν
2824 4375 2923 4443 τήν
2994 4372 3196 4449 α’ίρεσιν
3275 4371 3580 4450 ἄχθονταις
3640 4376 3720 4432 Οὐ
3776 4375 3878 4451 γάρ

2225 4465 2366 4522 ἐστιν
2406 4467 2590 4528 αὐτοῖς
2624 4460 2925 4520 σκάνδαλον
2957 4463 3024 4517 τὰ
3056 4462 3296 4539 ῥήματα·
3330 4461 3476 4518 ἀλλά
3524 4460 3672 4534 λύπη
3738 4467 3874 4538 (26),

2223 4556 2307 4611 ὅτι
2338 4553 2714 4632 στηλογραφία
2739 4552 2875 4608 κατά
2903 4559 3000 4622 τῆς
3032 4547 3278 4615 ἀσεϐείας
3321 4552 3496 4608 αὐτῶν
3530 4551 3693 4608 ἐστιν.
3727 4552 3880 4610 Οὐκ-

2224 4652 2316 4704 οὖν
2361 4646 2634 4708 παύσασθε
2692 4643 3047 4718 γογγύζοντες
3103 4642 3239 4696 κατά
3283 4646 3390 4698 τῶν
3453 4641 3727 4717 Πατέρων,
3778 4646 3875 4696 καὶ

2217 4741 2443 4793 τοιαῦτα
2499 4731 2985 4812 προφασιζόμενοι·
3047 4730 3163 4786 ἐπεὶ
3216 4730 3331 4805 ὥρα
3390 4731 3529 4803 ὑμᾶς
3583 4732 3874 4805 καταμὲμ-

2218 4837 2406 4905 φεσθαι
2465 4823 2554 4878 καὶ
2614 4826 2692 4893 τῷ
2742 4825 2986 4895 κυριακῷ
3041 4824 3257 4896 σταυρῷ
3296 4822 3432 4891 (27),
3465 4819 3549 4874 ὅτι
3580 4817 3875 4883 Ἰουδαίοις

449 4917 954 4990 dalum,gentibus
975 4922 1168 4972 autem
1195 4916 1466 4987 stultitia,
1503 4924 1564 4972 ut
1589 4919 1736 4972 dixit
1767 4919 2100 4990 Apostolus.
2134 4924 2140 4986 ς

2255 4917 2314 4970 ὲν
2353 4909 2650 4968 σκάνδαλόν
2713 4909 2873 4978 ἐστιν,
2935 4907 3106 4973 ἔθνεσι
3167 4907 3224 4964 δὲ
3285 4908 3485 4985 μωρία,
3538 4909 3611 4970 ὡς
3644 4909 3788 4963 εἶπεν
3842 4911 3871 4963 6

443 5009 663 5062 Verum
695 5006 1190 5079 quemadmodum
1243 5022 1383 5061 crux
1433 5005 1585 5061 mala
1621 5024 1734 5062 non
1786 5012 1894 5074 est,
1929 5008 2099 5064 nobis

517 5175 564 5211 ²³
592 5176 793 5232 Matth.
825 5193 916 5247 xv,
951 5177 1038 5233 13.

517 5373 625 5448 (18)
658 5372 843 5448 Rditio
873 5373 1190 5448 Commel.,
1224 5369 1566 5448 διαμάχονται
1597 5375 1767 5430 male.

543 5445 627 5515 19)
661 5445 743 5502 Ita
773 5447 998 5517 Regius.
1034 5447 1092 5502 1n
1129 5447 1304 5501 editis
1335 5445 1467 5502 vero
1495 5448 1630 5517 ἡμῖν
1659 5449 1840 5502 deest.

537 5519 626 5606 20)
658 5518 749 5573 Sic
808 5517 1022 5591 Regius
1081 5517 1258 5574 Basil.
1319 5523 1377 5574 et
1423 5520 1676 5574 Felckm.
1739 5519 1885 5574 Editi
1939 5537 2091 5590 vero,

441 5606 732 5645 τυγγανοι.

510 5607 850 5731 ὗέὶῗνὲιάἱιὶο
882 5662 1106 5718 Comm.
1139 5661 1284 5730 sola,
1320 5659 1483 5732 ὑμᾶς.

513 5731 626 5805 (es)
659 5736 747 5805 Ita
773 5734 1009 5805 Regius.
1035 5738 1105 5805 ,In
1133 5733 1308 5805 editis
1339 5733 1643 5805 vermina):
1675 5733 1857 5805 deest.

536 5801 633 5864 23)
659 5801 836 5864 Θείαις
859 5801 1002 5861 dest
1028 5804 1087 5860 in
1118 5804 1297 5860 Basil.
1332 5807 1390 5858 et
1428 5801 1681 5859 Felckm.
1713 5804 1767 5860 3.

535 5871 626 5944 24)
659 5872 910 5931 Felckm.
970 5877 1024 5944 3,
1080 5878 1242 5931 τοῦτο
1301 5876 1527 5942 ποιεῖτε,
1585 5874 1670 5928 καὶ
1737 5874 1813 5947 μή
1848 5874 2088 5955 προφασί

2211 5000 2573 5063 ’Δπόστολος.
2608 4999 2766 5055 Ἀλλ’
2798 4998 2975 5074 ὥσπερ
3010 4997 3070 5053 οὗ
3097 4997 3304 5076 φαῦλος
3345 4999 3374 5052 6
3426 4998 3674 5072 σταυρός·
3731 4999 3872 5071 ἡμῖν

2207 5374 2378 5443 ζεσθε.

2273 5447 2388 5517 (25)
2414 5443 2631 5517 Regius
2685 5439 2856 5517 αὐτῷ,
2885 5443 3061 5517 _Edi‘ti
3105 5459 3260 5512 vero,
3309 5437 3463 5517 αύτά.
3499 5437 3700 5517 _Pau_lo
3735 5444 3874 5517 post

2201 5509 2416 5586 Regius
2446 5509 2712 5586 οΥτΟὒτο.
2747 5509 2922 5580 Editi,
2977 5514 3027 5568 οἱ
3075 5509 3263 5569 ταῦτα’.
3317 5513 3449 5570 Mox
3499 5509 3753 5585 Regius,
3808 5509 3872 5565 τὸ

2203 5585 2529 5659 θαυμαστόν,
2566 5587 2862 5659 mendose.

2295 5653 2386 5732 26)
2419 5659 2658 5732 Regius,
2692 5653 2863 5732 λυπῇ,
2896 5657 3068 5732 male.

2295 5662 2366 5715 26
2419 5661 2658 5732 Regius,
2692 5661 2863 5731 λυπῇ,
2896 5661 3068 5714 male.

2293 5661 2524 5806 27)__T6v
2552 5728 2808 5806 κυριακὸν
2837 5729 3087 5805 σταυρόν,
3139 5730 3392 5787 Felckm.
3443 5727 3498 5782 3.
3551 5726 3700 5782 Ibid.
3751 5727 3870 5783 Re-

2201 5801 2499 5877 gius,6u.
