4082 6342
193 429 314 490 753

1678 425 1778 487 DE
1821 427 2173 492 SYNODIS.

3504 433 3622 493 754

192 536 301 635 γὰρ
347 561 465 621 τοῖς
517 557 862 612 πιστεύουσιν
922 555 1031 620 έςτι
1067 580 1094 610 ‹‹
1146 557 1378 633 Χριστὸς
1432 561 1566 613 Θεοῦ
1614 553 1829 630 δύναμις

1946 621 1951 628 _
1982 563 2138 620 enim
2175 566 2274 637 qui
2309 567 2672 635 credimus,«
2697 565 2966 622 Christus
2995 569 3085 622 est
3113 565 3214 622 Dei
3237 565 3419 622 virtus
3443 568 3501 620 et
3521 564 3622 621 Dei

188 649 284 704 καὶ
321 651 454 703 Θεοῦ
487 645 668 725 σοφία,
707 670 733 697 ››
780 645 878 701 κᾶν
927 643 1182 703 Ἰουδαῖοι
1225 645 1540 719 μαίνωνται*
1586 642 1758 709 οὕτως
1791 647 1851 702 οὐ

196 736 380 816 φαῦλα
410 737 477 790 τὰ
505 741 613 791 τῶν
671 735 923 811 Πατέρων
981 735 1221 812 ῥήματα,
1273 733 1400 790 ἀλλ’
1449 733 1706 813 ὠφέλιμα
1734 740 1851 800 τοῖς

197 827 440 904 γνησίως
493 824 901 900 ἐντυγχάνουσι,
970 826 1057 878 καὶ
1131 824 1440 897 ἀναιρετικὰ
1496 823 1673 895 πάσης
1732 825 1851 880 ἀσε-

193 911 346 978 ϐείας
376 913 511 987 ἐστὶ,
551 913 646 968 κᾶν
696 915 747 968 οἱ
787 914 1066 990 Ἀρειανοί
1116 910 1393 974 πολλάκις
1441 910 1851 989 ὃιαρῥηγνύων-

195 1026 308 1074 ται,
362 1003 815 1079 κατακρινόμενοι
866 1003 993 1078 παρ’
1046 1001 1244 1060 αὐτῶν.
1294 1004 1419 1056 Ὅτε
1455 1000 1630 1056 τοίνυν
1661 1004 1695 1072 ἡ
1729 1003 1852 1077 περὶ

201 1097 312 1148 τῶν
394 1090 900 1165 σκανδαλιζομένων
978 1090 1231 1155 ἀπίθανος
1305 1087 1568 1146 δέδεικται
1640 1093 1852 1168 πρόφα-

202 1204 287 1244 σις
316 1184 454 1256 (28),
491 1178 676 1236 εἷ’πατε
706 1180 899 1237 λοιπὸν
942 1181 1120 1252 ὑμεῖς,
1165 1183 1284 1242 πῶς
1310 1179 1409 1234 οὐκ
1437 1179 1722 1256 ἀρέσκεσθε
1749 1183 1849 1252 τῷ,

187 1295 217 1323 ‹‹
253 1269 314 1326 ἐκ
342 1279 447 1341 τῆς
475 1269 684 1341 οὐσίας,
718 1293 744 1321 »
781 1269 1008 1343 ὀνόματι
1045 1288 1058 1338 ;
1091 1273 1262 1324 Τοῦτο
1294 1269 1400 1345 γὰρ
1440 1273 1654 1344 πρῶτον
1689 1269 1850 1344 ἀναγ-

179 1366 340 1415 καῖον
392 1361 670 1435 ἄνακρῖναι
709 1378 721 1390 '
764 1359 941 1414 καίτοι
991 1357 1080 1413 καὶ
1133 1358 1285 1432 ὑμεῖς
1335 1357 1601 1432 ἐγράψατε
1648 1356 1707 1412 ἐκ
1756 1362 1852 1413 τοῦ

180 1450 392 1525 Πατρὸς
437 1449 783 1525 γεγεννῆσθαι
836 1449 948 1521 (29)
996 1448 1087 1502 τὸν
1138 1446 1310 1517 Υἱόν;
1367 1447 1430 1501 Εἰ
1487 1449 1581 1520 μὲν
1625 1446 1718 1502 οῦν
1761 1448 1853 1502 τὸν

182 1537 395 1611 Πατέρα
428 1538 802 1612 ὀνομάζοντες,
833 1536 868 1606 ἤ
900 1538 984 1605 τὸ,
1019 1561 1047 1588 ‹‹
1082 1537 1234 1598 Θεὸς.
1283 1560 1303 1584 ι
1358 1531 1534 1610 ὄνομα
1580 1536 1848 1612 λέγοντες,

180 1626 281 1682 ούκ
311 1627 495 1682 οὐσίαν
527 1626 836 1701 σημαίνετε,
869 1623 998 1680 οὐδὲ
1031 1627 1198 1680 αὐτὸν
1247 1625 1338 1680 τὸν
1395 1625 1525 1680 ὄντα
1575 1623 1706 1702 ὅπερ
1739 1613 1852 1680 ἐστἰ

293 1718 306 1738 9
379 1716 392 1736 9
447 1717 456 1735 r
659 1720 682 1732 -ο
933 1717 946 1735 2
992 1712 1016 1736 υ
1131 1714 1143 1734 ι
1443 1713 1457 1732 \
1553 1713 1567 1734 9
1733 1713 1758 1736 Ἰ
1830 1703 1843 1724 ‘

184 1738 286 1771 κατ
337 1737 522 1772 ουσιαν
568 1738 760 1785 νοειτε,
995 1735 1175 1790 ετερον
1228 1736 1278 1769 τι
1337 1735 1460 1789 περι
1510 1716 1690 1781 αυτὸν,
1722 1735 1756 1785 η
1788 1725 1852 1770 το

178 1811 310 1882 γοῦν
345 1807 562 1882 χεῖρον,
609 1803 699 1860 ’ίνα
750 1811 826 1877 μῆ
873 1805 1000 1878 παρ’
1045 1803 1187 1878 ἐμοῦ
1242 1803 1489 1880 λέγηται,
1525 1801 1614 1858 διὰ
1641 1804 1847 1860 τούτων

1963 653 2254 724 sapientia
2287 657 2354 723 9',
2374 678 2403 706 »
2429 657 2659 712 etiamsi
2687 656 2876 712 Judaei
2907 655 3244 722 insaniant;
3277 654 3360 710 ita
3389 670 3622 727 quoque

1961 739 2200 798 Patrum
2235 747 2406 800 verba
2437 763 2550 801 non
2586 761 2873 816 perversa,
2905 744 3006 800 sed
3039 744 3205 799 utilia
3237 748 3373 798 sunt
3405 744 3478 798 iis
3509 742 3614 816 qui

1960 845 2127 902 aequo
2154 834 2350 888 animo
2399 850 2465 890 ea
2515 834 2733 906 legunt,
2788 833 3036 905 ipsaque
3084 848 3320 888 omnem
3369 832 3608 890 omnino

1961 919 2275 977 destruunt
2321 923 2682 995 impietatem
2715 941 2728 980 :
2763 921 3032 994 quamvis
3085 921 3284 977 Ariani
3315 921 3614 979 multoties

1962 1007 2594 1084 disrumpantur,quod
2629 1027 2757 1068 sese
2789 1012 2860 1066 ab
2887 1010 3001 1065 illis
3029 1010 3336 1066 damnatos
3357 1010 3611 1067 videant.

1962 1096 2444 1155 Demonstratum
2494 1101 2692 1172 itaque
2721 1105 2811 1156 est
2840 1099 3003 1155 illam
3035 1099 3287 1155 scandali
3319 1115 3496 1171 quam
3528 1100 3611 1154 af-

1963 1185 2162 1241 ferunt
2193 1188 2480 1244 rationem
2532 1188 2754 1244 nullius
2787 1204 2916 1243 esse
2954 1186 3405 1260 probabilitatis.
3436 1187 3615 1244 Caete-

1964 1291 2093 1329 rum
2129 1278 2475 1348 respondete
2507 1277 2695 1345 nobis,
2729 1293 2834 1331 cur
2860 1277 3026 1332 vobis
3055 1276 3165 1332 hoc
3205 1276 3453 1347 dictum,
3486 1299 3513 1328 «
3547 1292 3616 1333 ex

1961 1364 2316 1436 substantia,
2339 1387 2367 1415 »
2400 1365 2640 1421 minime
2673 1365 2905 1438 placet?
2927 1365 2988 1420 ld
3023 1365 3178 1420 enim
3199 1365 3388 1437 primo
3418 1365 3613 1436 inqui-

1961 1454 2209 1508 rendum
2243 1459 2367 1509 est:
2402 1455 2566 1526 atqui
2596 1471 2697 1510 vos
2728 1455 2840 1525 ipsi
2875 1454 3201 1526 scripsistis
3232 1469 3303 1509 ex
3330 1457 3500 1509 Patre
3521 1471 3614 1526 ge-

1962 1541 2149 1597 nitum
2204 1543 2413 1600 Filium
2467 1561 2595 1600 esse
2620 1547 2642 1599 i’
2671 1544 2728 1599 Si
2763 1543 2944 1616 igitur
2973 1559 3106 1598 cum
3157 1542 3387 1598 Patrem
3420 1542 3610 1598 nomi-

1960 1631 2247 1700 natis,aut
2278 1633 2427 1688 hanc
2457 1650 2680 1703 vocem,
2713 1655 2742 1683 «
2778 1637 2928 1688 Deus
2961 1654 3011 1698 »,
3045 1631 3460 1705 pronuntiatis,
3491 1648 3608 1688 non

1961 1721 2359 1778 substantiam
2392 1722 2965 1795 signiﬁcatis,neque
2997 1723 3190 1793 ipsum
3225 1721 3324 1792 qui
3355 1721 3608 1792 exsistit,

1961 1813 2026 1864 ut
2046 1814 2135 1865 est
2155 1811 2480 1866 secundum
2505 1812 2900 1868 substantiam
2924 1809 3251 1882 intelligitis
3273 1834 3287 1878 ;
3312 1810 3410 1866 sed
3447 1809 3606 1866 aliud

178 1895 475 1967 σημαίνετε
503 1891 754 1966 (30),ἔδει
785 1895 860 1967 μὴ
894 1895 1117 1971 γράφειν
1155 1893 1293 1966 ὑμᾶς
1324 1893 1382 1947 ἐκ
1401 1897 1500 1947 τοῦ
1524 1893 1733 1968 Πατρὸς
1750 1894 1829 1948 τὸι

1958 1898 2111 1954 circa
2138 1899 2356 1974 ipsum,
2391 1905 2490 1955 aut
2519 1899 2742 1972 aliquid
2775 1901 2963 1971 pejus,
2995 1899 3147 1968 quod
3180 1915 3214 1953 a
3245 1914 3336 1954 me
3382 1897 3605 1953 dictum

182 1985 331 2051 Υἱὸν,
368 1981 495 2038 ἀλλ’
525 1983 586 2039 ἐκ
633 1988 742 2038 τῶν
787 1984 911 2059 περὶ
961 1982 1120 2038 αὑτὸν
1179 1980 1214 2053 ἤ
1263 1987 1369 2038 τῶν
1421 1981 1471 2036 ἐν
1518 1982 1665 2056 αύτῷ
1698 2001 1709 2014 ·
1747 1981 1838 2038 ’ίνα

178 2072 468 2150 φεύγοντες
511 2071 690 2148 λέγειν
733 2071 958 2142 ἀληθῶς
997 2070 1211 2149 Πατέρα
1256 2072 1350 2128 τὸν
1399 2072 1550 2140 Θεὸν,
1584 2071 1834 2127 σύνθετον

176 2160 235 2217 δὲ
293 2163 384 2216 τὸν
438 2160 665 2229 ἁπλοῦν,
715 2161 805 2215 καὶ
869 2165 1198 2234 σωματικῶς
1255 2160 1413 2215 αὑτὸν
1472 2159 1834 2234 ἐπινοοῦντες,

171 2250 494 2326 καινοτέρας
547 2249 898 2328 βλασφημίας
948 2249 1223 2326 ἐφευρεταὶ
1265 2249 1511 2324 γένησθε.
1563 2249 1744 2305 Οὕτων
1779 2248 1837 2305 δὲ

172 2344 451 2405 νοοῦντες,
484 2338 534 2410 ἐξ
584 2338 825 2414 ἀνάγκης
870 2341 961 2394 καὶ
1009 2339 1099 2394 τὸν
1131 2338 1326 2416 Λόγον,
1357 2338 1446 2394 καὶ
1470 2339 1533 2394 τὸ
1558 2339 1704 2412 Υἱὸς,
1737 2339 1836 2396 οὐκ

171 2427 362 2485 οὐσίαν
387 2431 526 2503 (30')
559 2426 687 2484 ἀλλ’
733 2423 912 2501 ὄνομα
967 2428 1134 2500 μόνον
1185 2428 1454 2502 νομίζετε,
1498 2429 1589 2483 καὶ
1637 2427 1830 2484 λοιπὸν

172 2515 340 2593 ἄχρις
371 2517 659 2590 ἀνομάτων
694 2510 848 2592 ἔχετε
877 2518 974 2584 τήν
1008 2517 1211 2572 ἑαυτῶν
1258 2517 1550 2595 φαντασίαν
1587 2537 1599 2550 ·
1661 2519 1750 2572 καὶ
1800 2519 1833 2573 ἅ

175 2607 390 2682 λέγετε,
454 2604 552 2660 οὐκ
613 2606 743 2661 εἶναι
797 2605 1096 2676 πιστεύετε,
1170 2605 1315 2662 ἀλλὰ
1375 2607 1450 2679 μή
1505 2607 1638 2661 εἶναι
1697 2627 1830 2684 φρο-

167 2716 330 2751 νειτε.

244 2965 336 3019 35.
371 2965 549 3020 Τοῦτο
600 2958 658 3017 δὲ
707 2958 1090 3017 Σαδδουκαίων
1143 2960 1355 3036 μᾶλλον
1404 2963 1494 3018 καὶ
1543 2967 1650 3018 τῶν
1702 2976 1826 3040 παρ’

168 3048 410 3120 Ἕλλησι
445 3049 746 3126 λεχθέντων
801 3052 967 3106 ἀθέων
1013 3053 1126 3124 (34)
1168 3051 1278 3106 ἐστὶ
1317 3053 1378 3106 τὸ
1408 3050 1698 3125 τύλμημα.
1733 3054 1826 3108 Διὸ

169 3138 299 3196 οὐδὲ
329 3141 430 3210 τήν
460 3140 628 3195 κτίσιν
680 3142 847 3196 αὐτοῦ
892 3144 989 3195 τοῦ
1038 3137 1192 3204 ὄντος
1243 3145 1379 3196 Θεοῦ
1424 3138 1825 3219 δημιούργημα

169 3232 306 3285 εἶναι
339 3231 538 3307 φήσετε
563 3247 575 3261 ·
605 3226 662 3285 εἷ’
683 3251 746 3304 γε
773 3230 836 3284 τὸ
877 3231 1061 3304 Πατὴρ
1109 3230 1200 3285 καὶ
1244 3232 1306 3286 τὸ
1359 3231 1487 3293 Θεὸς
1520 3233 1626 3287 οὐκ
1655 3232 1820 3302 αὐτὴν

1955 1987 2160 2052 nolim,
2194 2005 2298 2060 per
2326 1989 2447 2044 haec
2493 1988 2766 2044 indicatis
2800 2005 2812 2042 :
2847 1987 3011 2043 vobis
3042 2003 3177 2060 ergo
3228 1986 3604 2042 scribendum

1949 2093 2064 2132 non
2100 2077 2228 2146 fuit,
2253 2094 2320 2133 ex
2352 2082 2520 2133 Patre
2551 2075 2762 2131 Filium
2785 2093 2914 2132 esse
2942 2094 2955 2143 ;
2983 2077 3082 2132 sed
3106 2075 3268 2131 exiis
3292 2092 3419 2146 quae
3450 2075 3606 2130 circa

1946 2165 2143 2236 ipsum
2197 2166 2284 2222 vel
2336 2166 2395 2220 in
2447 2168 2573 2237 ipso
2623 2171 2763 2222 sunt
2794 2183 2807 2222 :
2843 2169 2906 2220 ut
2934 2164 3072 2220 hinc
3115 2165 3365 2220 vitantes
3413 2164 3598 2220 Deum

1943 2270 2076 2310 vere
2111 2255 2338 2310 Patrem
2371 2255 2586 2323 dicere,
2621 2270 2875 2326 eumque
2905 2253 3007 2325 qui
3037 2270 3170 2309 vere
3202 2252 3451 2324 simplex
3485 2258 3595 2320 est,

1944 2345 2337 2416 compositum
2395 2359 2860 2416 corporeumque
2926 2342 3342 2414 intelligentes,
3405 2357 3601 2398 recen-

1941 2432 2108 2488 tioris
2165 2433 2546 2506 blasphemia
2598 2433 2930 2489 inventores
2986 2432 3214 2487 essetis.
3246 2436 3391 2486 Cum
3425 2446 3594 2503 porro

1941 2521 2025 2577 sic
2057 2521 2418 2594 intelligetis,
2451 2539 2688 2578 necesse
2732 2526 2822 2576 est
2867 2525 2932 2576 ut
2959 2520 3217 2576 Verbum
3247 2525 3303 2575 et
3353 2519 3590 2588 Filium,

1939 2629 2053 2667 non
2087 2612 2479 2668 substantiam
2513 2613 2613 2668 sed
2649 2626 2876 2666 merum
2902 2625 3114 2666 nomen
3147 2608 3594 2680 existimetis,ac

1938 2703 2180 2758 demum
2230 2701 2468 2758 nomine
2497 2705 2692 2768 tenus,
2726 2705 2979 2756 vestram
3031 2698 3331 2754 retineatis
3361 2697 3586 2770 opinio-

1938 2806 2072 2847 nem
2108 2807 2121 2846 :
2154 2807 2219 2846 ac
2250 2806 2377 2861 quae
2410 2788 2605 2846 dicitis
2634 2786 2793 2844 nullo
2823 2788 2994 2844 modo
3043 2803 3172 2844 esse
3201 2791 3258 2843 et
3291 2802 3584 2858 nusquam

1936 2884 2164 2936 exstare
2194 2879 2480 2936 sentiatis.

2006 2970 2096 3023 36.
2133 2973 2260 3023 Haec
2289 2968 2764 3038 Sadducaeorum,
2796 2967 2914 3023 imo
2963 2966 3159 3039 potius
3187 2981 3388 3021 eorum
3421 2964 3522 3037 qui
3553 2982 3588 3021 a

1935 3058 2147 3115 Graacis
2192 3057 2347 3112 athei
2391 3061 2694 3127 vocantur,
2727 3056 2972 3112 scelesta
3018 3059 3110 3111 est
3145 3054 3362 3127 Opinio.
3397 3057 3586 3125 Atque

1933 3147 2070 3204 hinc
2102 3147 2392 3218 reliquum
2443 3151 2532 3202 est
2561 3150 2627 3201 ut
2674 3150 2973 3201 creaturas
3004 3143 3104 3200 Dei
3135 3144 3251 3199 veri
3283 3142 3583 3216 opiﬁcium

1933 3253 2063 3294 esse
2093 3234 2321 3291 inﬁcias
2367 3235 2536 3300 eatis,
2567 3234 2858 3306 siquidem
2892 3235 3014 3289 haec
3061 3231 3357 3300 vocabula,
3392 3236 3582 3299 Pater,

163 3321 262 3388 τὴν
310 3297 410 3375 τοῦ
458 3315 616 3383 ὄντος
663 3317 849 3374 οὐσίαν
901 3297 1280 3393 σημαίνουσιν,
1329 3318 1454 3376 ἀλλ’
1507 3317 1686 3397 ἕτερόν
1745 3297 1819 3391 τι,

1946 3325 2194 3393 3t,Deus,
2219 3341 2336 3380 non
2359 3297 2548 3396 ipsam
2573 3297 2911 3379 exsistentis
2933 3321 3329 3378 substantiam
3344 3297 3585 3393 tsigniﬁ;

164 3409 300 3485 ὅπερ
351 3409 506 3482 ὑμεῖς
557 3407 942 3466 ἆναπλάττετε.
1003 3407 1178 3465 Ἀλλὰ
1223 3413 1383 3464 τοῦτο
1433 3403 1682 3472 δυσσεϐὲς
1731 3412 1820 3466 καὶ

165 3495 289 3550 λίαν
325 3496 559 3573 ἀπρεπές
590 3495 820 3552 ἐστικαὶ
854 3499 1016 3571 μόνον
1068 3496 1433 3572 ἐνθυμεῖσθαι.
1483 3499 1544 3556 Εἰ
1585 3497 1642 3555 δὲ
1695 3499 1820 3557 ὅταν

175 3585 446 3659 ἀκούομεν
482 3588 630 3660 (32)·
667 3610 695 3637 ‹‹
731 3587 868 3663 Ἐγώ
915 3587 1028 3660 εἶμι
1084 3588 1112 3642 6
1143 3584 1238 3642 ὤν’
1285 3612 1314 3640 ››
1343 3589 1456 3657 καὶ,
1488 3615 1516 3641 ‹‹
1551 3590 1818 3666 Ἐνάρχῇ

165 3673 420 3744 ἐποίησεν
479 3677 507 3729 ὁ
566 3676 694 3737 Θεὸς
753 3676 842 3730 τὸν
898 3676 1123 3751 οὐρανὸν
1173 3677 1264 3731 καὶ
1311 3679 1412 3746 τήν
1463 3683 1582 3754 γῆν’
1621 3702 1650 3730 ››
1707 3681 1818 3751 καὶ,

167 3788 196 3815 ‹‹
232 3765 451 3837 Ἄκουε,
501 3764 722 3838 Ἰσραὴλ
774 3767 902 3838 (33),
951 3765 1146 3842 Κύριος
1203 3767 1232 3820 6
1280 3765 1410 3828 Θεός
1469 3788 1563 3822 σου
1624 3766 1819 3845 Κύριος

164 3853 240 3914 εἷς
267 3851 398 3907 ἐστι’
435 3876 463 3902 ››
495 3852 605 3921 καὶ,
642 3877 669 3905 ‹‹
718 3850 859 3910 Τάδε
903 3851 1049 3930 λέγει
1105 3855 1300 3930 Κύριος
1345 3855 1751 3934 παντοκράτωρ·
1790 3879 1815 3912 ι

163 3941 277 4016 οὐχ
314 3939 497 4017 ἕτερόν
524 3963 576 3997 τι
606 3940 734 3998 ἀλλ’
764 3942 929 4013 αὐτὴν
962 3950 1061 4013 τῆν
1093 3942 1274 4014 ἁπλῆν
1306 3945 1394 4000 καὶ
1430 3946 1696 4021 μακαρίαν
1728 3949 1818 4003 καὶ

158 4030 544 4100 ἀκατάκηπτον
572 4036 669 4086 τοῦ
701 4026 855 4096 ὄντος
895 4032 1086 4087 οὐσίαν
1139 4037 1389 4106 νοοῦμεν⁶
1423 4034 1520 4089 κᾶν
1554 4033 1656 4110 λὰρ
1690 4033 1816 4090 ἀδυ-

157 4117 338 4180 νάτως
399 4115 615 4194 ἔχωμεν
654 4115 1006 4190 καταλαϐεῖν,
1069 4120 1098 4176 6'
1172 4143 1223 4176 τι
1282 4123 1413 4177 ποτέ
1465 4122 1628 4192 ἐστιν,
1690 4113 1819 4179 ἀλλ’

161 4206 454 4270 ἀκούοντες
483 4209 565 4277 τὸ,
618 4210 830 4285 Πατὴρ,
880 4209 970 4264 καὶ
1019 4210 1102 4278 τὸ,
1152 4211 1302 4279 Θεὸς,
1345 4210 1433 4265 καὶ
1481 4212 1566 4281 τὸ,
1608 4218 1815 4268 Παντο-

157 4294 404 4371 κράτωρ,
439 4296 546 4373 οὐχ
574 4295 757 4372 ’ἐτερόν
789 4319 865 4365 τι,
923 4296 1048 4354 ἀλλ’
1100 4298 1268 4368 αὐτὴν
1289 4300 1388 4367 τήν
1419 4304 1514 4355 τοῦ
1541 4296 1697 4364 ὄντος
1731 4302 1817 4358 οὐ·

160 4386 281 4440 σίαν
340 4389 750 4459 σημαινομένην
801 4385 1050 4460 νοοῦμεν.
1113 4387 1376 4464 Εἴρήκατε
1419 4387 1476 4444 δὲ
1522 4390 1611 4444 καὶ
1660 4393 1813 4464 ὑμεῖς

157 4471 221 4529 ἐκ
267 4477 364 4528 τοῦ
411 4478 545 4530 Θεοῦ
590 4476 682 4530 τὸν
743 4477 886 4543 Υἱὸν,
936 4474 1197 4548 δηλονότι
1241 4477 1300 4532 έκ
1345 4480 1458 4552 (34)
1500 4483 1598 4542 τῆς
1630 4479 1814 4542 οὐσίας

153 4567 257 4618 τοῦ
288 4565 500 4638 Πατρὸς
553 4565 715 4620 αὐτὸν
767 4565 1038 4640 εἰρήκατε.
1087 4565 1314 4636 Ἐπειδή
1375 4567 1466 4623 καὶ
1510 4569 1615 4642 πρὸ
1659 4567 1810 4642 ὑμῶν

1932 3419 2085 3484 cant,
2157 3413 2255 3468 sed
2315 3412 2472 3468 aliud
2533 3411 2836 3483 quidpiam
2896 3412 3051 3483 quod
3110 3409 3426 3466 commenti
3483 3426 3585 3464 vos

1931 3504 2094 3559 estis.
2128 3503 2232 3558 Sed
2269 3501 2379 3558 hoc
2409 3500 2497 3557 vel
2531 3499 2723 3556 solum
2758 3499 3032 3573 cogitare,
3067 3499 3315 3572 impium
3343 3515 3586 3570 prorsus

1933 3596 2108 3663 atque
2136 3591 2551 3662 turpissimum
2583 3594 2689 3645 est.
2724 3589 2825 3644 Sin
2857 3593 3051 3645 autem
3092 3604 3226 3644 eum
3258 3588 3536 3643 audimus
3567 3605 3582 3644 :

1934 3701 1960 3733 ι
1997 3681 2112 3752 Ego
2143 3695 2276 3735 sum
2326 3679 2426 3749 qui
2476 3695 2608 3733 sum
2638 3678 2720 3741 3°;
2760 3699 2781 3727 ιο
2817 3683 2896 3744 et,
2931 3700 2952 3726 ι
2989 3678 3054 3732 Ιιι
3103 3677 3392 3748 principio
3444 3675 3580 3731 feeit

1929 3770 2084 3826 Deus
2116 3767 2322 3824 coelum
2355 3770 2412 3822 et
2442 3772 2653 3822 terram
2685 3767 2729 3802 ³⁸
2762 3791 2776 3834 ;
2809 3787 2838 3815 »
2869 3771 2947 3830 et,
2979 3788 3007 3816 «
3040 3765 3210 3833 Audi,
3245 3763 3443 3834 Israel,
3480 3765 3582 3819 Do-

1930 3859 2128 3914 minus
2152 3862 2300 3912 Deus
2336 3861 2473 3911 tuus
2499 3855 2780 3911 Dominus
2813 3871 2968 3911 unus
2989 3859 3077 3910 est
3094 3855 3140 3889 ³²
3167 3872 3179 3922 ;
3217 3876 3243 3903 ››
3274 3858 3352 3922 et,
3386 3875 3413 3902 ‹‹
3447 3852 3579 3908 Haec

1929 3947 2072 4003 dicit
2093 3948 2375 4002 Dominus
2396 3944 2770 4016 omnipotens
2790 3944 2902 4013 ³⁸;››
2927 3959 3041 3998 non
3066 3943 3224 3998 aliud
3250 3941 3363 3996 nisi
3387 3941 3578 4013 ipsam

1927 4034 2278 4108 simplicem,
2312 4034 2564 4099 beatam,
2598 4030 3252 4104 incomprehensibilem
3295 4031 3445 4101 ejus,
3479 4029 3579 4102 qui

1926 4133 2032 4191 est,
2066 4123 2456 4179 substantiam
2479 4121 2868 4194 intelligimus
2895 4138 2909 4189 ;
2933 4123 3200 4192 quamvis
3223 4119 3380 4175 enim
3413 4118 3580 4190 quid-

1926 4230 2062 4270 nam
2095 4213 2192 4268 ille
2240 4213 2319 4268 sit
2356 4210 2850 4284 comprehendere
2900 4224 3283 4280 nequeamus,
3315 4211 3575 4263 attamen

1925 4319 2058 4360 cum
2092 4302 2199 4358 has
2228 4317 2396 4357 voces
2426 4299 2724 4370 audimus,
2742 4301 2930 4365 Pater,
2959 4297 3137 4361 Deus,
3168 4296 3574 4368 Omnipotens,

1925 4391 2070 4447 nihil
2102 4390 2262 4446 aliud
2294 4405 2469 4461 quam
2497 4389 2754 4460 ejus,qui
2786 4385 3295 4452 est,substantiam
3329 4383 3574 4442 indicari

1925 4477 2563 4551 concipimus.Dixistis
2593 4493 2694 4532 vos
2725 4477 2900 4532 etiam
2933 4492 3003 4532 ex
3032 4476 3146 4531 Deo
3176 4474 3391 4531 Filium
3421 4489 3572 4542 esse,

1923 4586 1989 4625 ac
2020 4572 2447 4640 consequenter
2475 4583 2544 4622 ex
2572 4566 2758 4622 Patris
2805 4564 3140 4621 substantia
3166 4564 3364 4637 ipsum
3395 4579 3526 4620 esse
3552 4581 3566 4632 ;

156 4651 407 4726 λέγουσιν
452 4653 507 4708 αἱ
551 4655 754 4731 Γραφαὶ
804 4655 894 4710 τὸν
946 4655 1143 4731 Κύριον
1179 4657 1300 4711 Υἱὸν
1332 4661 1428 4712 τοῦ
1459 4659 1692 4733 Πατρὸς,
1719 4658 1808 4713 καὶ

1946 4675 2053 4714 :um
2084 4673 2220 4730 ergo
2251 4661 2309 4713 et
2359 4660 2495 4712 ante
2523 4672 2624 4711 vos
2656 4655 2963 4721 Scriptura:
3013 4655 3213 4710 dicant
3251 4653 3567 4709 Dominum

157 4740 268 4815 πρὸ
298 4741 500 4808 αὐτῶν,
561 4740 720 4803 αὐτὸς
773 4744 802 4797 6
855 4745 1039 4819 Πατὴρ
1083 4741 1321 4821 εἴρηκεν·
1368 4770 1396 4797 ‹‹
1449 4747 1621 4808 Οὗτός
1667 4747 1806 4802 ἐστιν

161 4830 190 4884 6
226 4824 353 4890 Υἱός
389 4849 494 4901 μου
525 4831 553 4884 6
584 4831 860 4906 ἀγαπητός
897 4854 908 4866 ·
949 4856 967 4883 ι
1023 4834 1147 4895 Υἱὸς
1189 4832 1246 4888 δὲ
1275 4830 1428 4888 οὐδὲν
1458 4834 1639 4910 ἓτερόν
1669 4834 1809 4890 ἐστιν

151 4915 190 4987 ἤ
218 4917 285 4972 τὸ
315 4915 374 4972 ἐκ
400 4921 498 4972 τοῦ
547 4919 759 4991 ΙΙατρὸς
805 4919 1052 4995 γέννημα
1085 4941 1098 4954 ’
1159 4926 1274 4984 πῶς
1309 4923 1370 4977 ού
1401 4925 1680 4998 φαίνονται
1718 4945 1813 4978 κα-

1921 4764 2050 4805 esse
2071 4746 2258 4802 Patris
2280 4745 2512 4810 Filium,
2548 4748 2604 4800 et
2624 4751 2759 4800 ante
2782 4743 3114 4816 Scripturas
3143 4747 3316 4798 Pater
3336 4740 3567 4806 dixerit,

1929 4856 1951 4884 ι
1986 4836 2088 4890 Ηίο
2118 4839 2209 4890 est
2240 4835 2422 4891 Filius
2471 4849 2636 4888 meus
2687 4832 2933 4887 dilectus
2963 4833 3046 4900 εις
3079 4853 3108 4882 ››
3143 4830 3324 4886 Filius
3371 4832 3569 4884 autem

1925 4923 2072 4980 nihil
2107 4923 2265 4980 aliud
2297 4923 2377 4979 sit
2407 4939 2584 4996 quam
2617 4921 2808 4978 Patris
2839 4920 3029 4989 fetus;
3064 4937 3201 4992 qua,
3234 4932 3451 4991 quaeso,
3485 4932 3574 4973 ra-

231 5072 278 5107 ”
307 5075 334 5125 Ι
364 5074 491 5128 Cor.
523 5090 564 5141 ι,
593 5075 684 5129 24.
761 5075 832 5110 ³⁰⁶
862 5075 1043 5133 Exod.
1078 5093 1164 5142 ιιι,
1199 5078 1284 5133 14.
1362 5078 1402 5114 ³³
1439 5078 1582 5135 Gen.
1615 5094 1654 5151 ι,
1689 5079 1741 5136 1.
1816 5079 1829 5115 ε

1946 5081 2060 5135 aut.
2091 5094 2166 5144 vr,
2196 5079 2248 5134 4.
2327 5077 2373 5114 ³³
2400 5079 2540 5133 Gen.
2571 5091 2707 5144 xvn,
2741 5075 2793 5131 1.
2868 5073 2916 5108 ³⁴
2940 5071 3139 5128 Matth.
3174 5086 3260 5142 ιιι,
3293 5071 3380 5126 17.

234 5223 345 5297 (28)
379 5224 467 5297 _Ita
494 5226 732 5297 Regius,
766 5229 944 5284 codex
972 5232 1029 5286 et
1059 5229 1246 5286 Felck.
1277 5231 1332 5285 3.
1381 5230 1554 5297 Editi,
1596 5225 1809 5285 δείκνυ-

153 5293 248 5350 ται
286 5293 736 5377 indiserte—MM
767 5299 906 5377 Beg.
947 5300 1122 5377 Basil,
1150 5306 1207 5377 et
1237 5301 1414 5377 editio
1449 5293 1660 5370 Paris.,
1683 5301 1805 5377 ἀρέ-

156 5376 367 5450 neges.
384 5368 720 5450 _Edit:_vero
759 5368 1064 5450 Commel.,
1098 5371 1431 5443 ἀρέσκεσθαι.

231 5439 344 5509 (29)
377 5443 462 5494 ita
491 5439 628 5495 edit.
674 5444 955 5500 Commel.
997 5448 1054 5501 et
1083 5439 1287 5501 omnes
1318 5461 1463 5502 mss.
1495 5443 1647 5501 Edit.
1675 5461 1811 5501 vero

156 5509 369 5584 Parias
390 5513 748 5584 ,Y‘YFVVIGGW

368 5655 374 5657 _
389 5581 601 5657 K_6g_ius
630 5585 830 5651 codex,
865 5604 930 5654 ση
943 5583 1214 5657 μπίνεται.

241 5652 387 5721 (30')
419 5652 672 5711 Felckm.
723 5657 778 5721 3,
827 5652 952 5710 καῖ’
976 5657 1099 5712 Υἱὸν
1153 5655 1250 5710 οὐκ
1281 5654 1486 5711 οὐσίαν.
1519 5661 1647 5713 Mox
1674 5658 1813 5712 edit.

160 5721 631 5799 Commel._sola.
664 5726 967 5799 νομίζεται.
1015 5734 1083 5784 Et
1130 5730 1284 5785 infra
1313 5729 1539 5796 eadem,
1573 5727 1814 5782 πιστεύε·

159 5813 275 5866 ται,
309 5797 608 5857 mendose.

1991 5229 2104 5300 (31)
2137 5228 2352 5300 Regius
2385 5227 2584 5300 codex,
2615 5229 2740 5300 παρ’
2767 5219 3038 5300 Ἕλλησιν
3089 5219 3282 5284 ἀθέων.
3313 5221 3570 5300 Ρριοιξιῐι.

1920 5290 2151 5367 tertius,
2183 5290 2308 5374 τᾶρ’
2339 5290 2580 5366 Ἕλλησί
2612 5290 2768 5359 θεῶν.
2801 5290 3022 5352 omisso
3054 5299 3319 5365 uterque.
3353 5290 3578 5367 λεχθέν-

1916 5390 2045 5426 των.

1996 5443 2105 5513 (32)
2136 5441 2354 5513 Regius
2384 5439 2562 5496 codex
2591 5445 2646 5494 et
2703 5435 2959 5493 Felckm.
3011 5435 3066 5502 3,
3096 5431 3404 5505 ἀκούωμεν.
3433 5433 3572 5489 Edi-

1921 5513 1988 5583 ti,
2004 5509 2319 5583 ’ἀκούομεψ

1994 5583 2108 5656 (33)
2141 5572 2330 5656 Editio
2359 5572 2957 5656 Commelt’lncpmﬁ}.

1997 5643 2111 5725 (34)
2144 5653 2396 5709 Felckm.
2450 5653 2515 5725 3,Δ
2544 5643 2802 5725 νοοῦμεν,
2849 5643 3135 5725 εἰρηκρτες
3174 5643 3369 5725 δξᾷκαὶ
3404 5647 3570 5725 iussi:
3643 5705 3646 5708 ,

1930 5716 2061 5797 (sic)
2090 5716 2150 5779 ἐκ
2177 5726 2274 5778 τοῦ
2306 5725 2438 5779 Θεοῦ
2467 5716 2558 5777 τὸν
2585 5716 2727 5792 rte»,
2775 5716 2944 5789 δῆλον
2990 5717 3073 5773 ὄτι
3115 5717 3192 5775 ἐκ.
3217 5718 3375 5774 Idem
3402 5716 3573 5788 infra,

1928 5797 2034 5870 πρὸ
2062 5798 2244 5869 ἡμῶν.
