4082 6358
393 367 511 426 755
937 363 1001 425 S.
1051 363 1474 424 ATHANASII
1519 363 1694 425 OPP.
1745 361 1940 420 PARS
1985 360 2035 420 Ι.
2070 391 2146 404 -
2177 359 2595 420 HISTORICA
2641 359 2743 420 ET
2787 357 3268 420 DOGMATICA.
3689 359 3809 420 756

390 498 550 555 tione
582 499 784 556 Patres
808 513 924 553 non
948 500 1102 552 recte
1122 495 1303 550 locuti
1341 495 1715 562 videbuntur,
1747 494 1847 549 ubi
1881 493 2045 549 dixe-

2170 489 2271 551 λῶς
2301 488 2578 566 εἰρηκότες
2608 492 2660 544 οἱ
2692 491 2923 567 Πατὲρες
2979 490 3038 545 ἐκ
3082 497 3184 560 τῆς
3230 489 3413 552 οὐσίας
3458 493 3556 546 τοῦ
3594 492 3805 566 Ηατρὸς

394 586 512 643 rint
541 587 750 643 Filium
783 603 911 642 esse
941 603 1010 641 ex
1057 583 1394 640 substantia
1436 583 1645 650 Patris,
1684 583 1790 638 rati
1823 581 2048 638 scilicet

2170 579 2246 633 τὸν
2293 579 2440 650 Υἱὸν,
2490 579 2846 656 λογισάμενοι
2903 581 3093 634 ταυτὸν
3153 581 3284 635 εἶναι
3343 579 3407 634 τὸ
3464 579 3630 635 εἰπεῖν

396 677 553 732 idem
580 693 710 732 esse
741 676 969 730 sincera
1002 677 1196 728 mente
1226 672 1434 739 dicere,
1469 688 1537 727 ex
1567 672 1703 739 Deo,
1735 688 1800 726 ac
1831 671 2044 726 dicere:

2170 666 2352 742 Βρθῶς,
2387 668 2446 722 ix
2474 673 2569 723 106
2601 673 2758 740 Θεοῦ,
2787 670 2878 723 καὶ
2924 669 2986 723 τὸ
3019 667 3210 740 εἰπεῖν,
3246 668 3306 724 ὲκ
3324 675 3425 738 τῆς
3450 669 3640 731 οὐσίας
3677 689 3690 738 ;
3723 669 3808 728 Τὰ

397 783 467 824 ex
497 765 876 820 substantia?
903 763 1049 817 Nam
1101 765 1378 817 creatura:
1411 778 1638 828 omnes,
1671 761 1937 832 quamvis
1980 776 2049 815 ex

2170 757 2256 828 μὲν
2288 756 2388 832 γὰρ
2430 756 2700 830 κτίσματα
2755 759 2945 824 πάντα,
2996 756 3090 811 κᾶν
3133 757 3192 812 ἐκ
3244 761 3344 812 τοῦ
3400 761 3533 813 Θεοῦ
3578 756 3806 835 λέγηται

399 855 515 910 Deo
557 851 851 909 exstitisse
908 851 1198 918 dicantur,
1231 849 1332 905 sed
1381 867 1496 905 non
1547 850 2048 921 quemadmodum

2170 849 2494 920 γεγενῇσθαι,
2527 843 2653 900 ἀλλ’
2682 844 2789 921 οὐχ
2838 846 2913 907 ὡς
2965 846 2993 899 6
3044 844 3167 906 Υἱός
3216 844 3345 900 εἰσιν
3393 844 3452 900 ἐκ
3483 849 3580 901 τοῦ
3621 850 3754 902 Θεοῦ
3790 865 3804 878 ο

402 942 605 1009 Filius,
636 957 705 996 ex
736 940 852 996 Deo
885 944 1025 995 sunt
1056 939 1185 1005 ille,
1221 955 1334 994 non
1367 939 1522 994 enim
1565 955 1654 993 res
1684 938 1913 1010 genitas,
1946 938 2044 994 sed

2170 935 2224 988 οὐ
2254 935 2355 1010 γὰρ
2387 936 2719 1010 γεννήματα.
2774 932 2920 990 ἀλλὰ
2966 933 3253 1008 ποιήματά
3308 934 3410 989 εἰσι
3454 937 3556 1005 τὴν
3623 936 3804 1011 φύσιν.

400 1031 803 1100 {schematum
825 1046 933 1084 sua
950 1033 1145 1084 sunt.«
1173 1027 1233 1082 In
1258 1027 1543 1100 principio
1565 1047 1596 1079 ιι
1612 1027 1817 1099 igitur:
1837 1028 2050 1098 Deus,»

2170 1046 2191 1075 ι(
2223 1023 2306 1078 Ἐν
2340 1023 2488 1100 ἀρχῇ
2518 1028 2644 1099 γοῦν
2679 1025 2707 1078 6
2729 1025 2856 1086 Θεὸς
2882 1047 2909 1075 ››
2940 1023 3040 1078 οὐκ
3059 1023 3359 1099 ἐγέννησεν,
3381 1021 3507 1080 ἀλλ’
3528 1049 3556 1075 ‹‹
3581 1024 3810 1094 ἐποίησε

402 1135 517 1175 non
551 1117 774 1190 genuit,
805 1118 905 1172 sed
938 1140 964 1167 α
1001 1117 1134 1172 fecit
1160 1115 1370 1171 cmlum
1400 1122 1456 1171 et
1486 1121 1725 1182 terram,
1757 1121 1815 1172 et
1854 1116 2052 1171 omnia

2170 1111 2250 1167 τὸν
2285 1111 2510 1186 οὐρανὸν
2541 1113 2629 1167 καὶ
2660 1114 2760 1182 τὴν
2811 1120 2939 1189 γῆν,
2983 1113 3072 1168 καὶ
3121 1114 3295 1168 πάντα
3331 1115 3400 1168 τὰ
3448 1113 3498 1168 ἐν
3538 1113 3744 1184 αὐτοῖς,
3782 1138 3811 1166 ιι

404 1225 530 1282 quas
563 1207 621 1262 in
652 1207 737 1263 eis
769 1211 910 1262 sunt
938 1206 1002 1274 ³⁸,
1040 1229 1067 1255 ››
1101 1210 1166 1260 ut
1197 1206 1481 1278 scriptum
1515 1210 1621 1262 est.
1655 1205 1769 1260 Nec
1800 1222 1932 1261 vero
1964 1205 2052 1259 di-

2170 1197 2372 1276 εἶ¹ρηται
2398 1205 2530 1274 (36).
2565 1203 2659 1256 Καὶ
2699 1203 2810 1278 οὐχ
2859 1203 2886 1257 6
2929 1205 3151 1278 γεννῶν,
3204 1201 3330 1258 ἀλλ’
3362 1224 3392 1254 ιι
3425 1203 3454 1256 ὁ
3483 1207 3654 1256 ποιῶν
3685 1203 3814 1265 τοὺς

401 1298 575 1365 citur,
609 1295 705 1366 qui
749 1295 958 1367 gignit,
989 1295 1089 1350 sed
1128 1314 1149 1342 α
1184 1293 1284 1364 qui
1317 1294 1453 1349 facit
1482 1293 1720 1366 angelos
1761 1311 1900 1350 suos
1931 1294 2052 1366 spi-

2170 1290 2419 1366 ὶγγὲλους
2467 1291 2630 1346 αὐτοῦ
2681 1291 2984 1364 πνεύματα,
3031 1292 3124 1346 παὶ
3174 1292 3301 1354 τούς
3347 1290 3694 1368 λειτουργοὺς
3718 1292 3813 1347 αὐ-

405 1385 577 1450 ritus,
608 1390 666 1440 et
696 1383 998 1438 ministros
1030 1401 1168 1438 suos
1217 1383 1514 1437 ﬂammam
1547 1383 1702 1454 ignis
1728 1385 1792 1437 ³⁸.
1826 1406 1854 1431 ››
1889 1383 2051 1446 Quod

2170 1384 2258 1434 τοῦ
2289 1380 2458 1455 πυρὸς
2490 1378 2690 1458 φλὺγα.
2726 1405 2753 1432 ››
2781 1379 2844 1436 Ei’
2870 1377 2927 1435 δὶ
2957 1381 2984 1436 6
3013 1378 3355 1443 Ἀπόστολος
3401 1377 3634 1457 εἷ’ρηκεν,
3671 1403 3692 1432 ι
3719 1385 3814 1444 Εἷς

409 1473 458 1530 si
485 1472 802 1544 Apostolus
824 1472 1024 1539 dixit,«
1049 1471 1212 1526 Unus
1235 1471 1388 1526 Deus
1409 1487 1511 1542 per
1532 1488 1702 1542 quem
1727 1473 2004 1544 omnia”,
2020 1494 2048 1522 ιι

410 1578 526 1618 non
547 1578 614 1617 eo
637 1577 777 1617 sane
796 1559 940 1615 illud
959 1559 1122 1626 dixit,
1153 1560 1308 1631 quod
1335 1558 1544 1614 Filium
1583 1559 1825 1631 reliquis
1863 1561 2053 1616 omni-

413 1650 521 1707 bus
552 1653 967 1706 annumeraret
998 1666 1010 1704 :
1045 1649 1145 1704 sed
1189 1648 1464 1718 quoniam
1518 1648 1684 1704 multi
1726 1665 1793 1704 ex
1841 1649 2055 1705 Graecis

408 1739 750 1795 existimant
782 1738 1041 1806 fortuito,
1075 1743 1134 1792 et
1157 1753 1225 1792 ex
1267 1744 1598 1793 atomorum
1625 1739 1780 1793 σου
1811 1737 2052 1810 compli-

2166 1470 2317 1540 Θεὸς,
2351 1467 2400 1540 ἐξ
2427 1469 2488 1524 οὗ
2513 1469 2580 1524 τὰ
2609 1469 2799 1540 πάντα,
2831 1491 2858 1520 ι
2898 1468 3022 1525 ἀλλ’
3051 1469 3112 1524 οὐ
3158 1470 3249 1524 τὸν
3295 1470 3418 1524 Υἱὸν
3469 1473 3813 1547 συναριθμῶν

2162 1564 2279 1620 τοῖς
2310 1564 2460 1630 πᾶσι,
2511 1560 2673 1614 τοῦτό
2721 1576 2904 1638 φησιν·
2954 1558 3080 1615 ἀλλ’
3133 1556 3320 1629 ἐπειδὴ
3370 1564 3480 1615 τῶν
3527 1557 3813 1629 Ἐλλήνῶν

2166 1648 2218 1702 0i
2280 1648 2375 1720 μὶν
2431 1648 2714 1720 νομίζουσι
2773 1649 2908 1704 κατὰ
2962 1647 3139 1724 τύχην
3192 1649 3281 1702 καὶ
3334 1648 3385 1719 ἐξ
3441 1647 3812 1722 ἀτόμων

2167 1735 2512 1810 συμπλοκῆς,
2560 1736 2648 1792 καὶ
2693 1736 3048 1812 ἃμοιομερῶς
3091 1736 3150 1792 ἐκ
3194 1737 3538 1811 ταύτομάτου
3569 1737 3814 1794 συνεστά-

409 1828 658 1894 satione,
692 1843 756 1883 ac
786 1843 854 1882 ex
903 1826 1266 1882 similaribus
1296 1827 1563 1898 partibus
1613 1831 1820 1899 sponte
1859 1844 2052 1882 rerum

2170 1846 2251 1879 ναι
2279 1828 2380 1895 τὴν
2427 1825 2618 1893 κτίσιν,
2667 1827 2753 1880 καὶ
2812 1828 2888 1899 μή
2941 1823 3078 1881 ἔκειν
3128 1825 3220 1881 τὸν
3270 1825 3444 1904 αἶ’τιον
3481 1845 3493 1858 '
3547 1828 3598 1881 οἱ
3657 1824 3714 1881 δὲ
3763 1825 3815 1897 ἐξ

412 1922 681 1972 naturam
733 1915 1044 1982 coaluisse,
1079 1932 1267 1987 neque
1315 1924 1608 1972 auctorem
1664 1916 1895 1973 habere.
1945 1915 2057 1972 Alii

415 2011 610 2064 autem
643 2007 715 2062 ab
748 2004 945 2077 aliqua
974 2021 1151 2062 causa
1178 2022 1282 2061 nec
1311 2010 1508 2061 tamen
1538 2023 1640 2076 per
1656 2006 1911 2062 Verbum
1935 2023 2062 2062 eam

417 2094 711 2152 conditam
745 2093 1128 2150 arbitrantur.
1161 2093 1418 2165 Quisque
1449 2098 1643 2150 autem
1677 2111 1746 2150 ex
1774 2094 2064 2150 haereticis

415 2183 698 2240 arbitratu
725 2199 831 2238 suo
863 2198 956 2239 res
974 2182 1440 2238 comminiscitur
1460 2188 1515 2238 et
1545 2184 1616 2239 de
1639 2199 1828 2239 rerum
1855 2188 2065 2240 natura

413 2273 731 2329 fabulatur.
787 2273 1150 2344 Quapropter
1206 2289 1274 2328 ex
1350 2272 1695 2329 necessitate
1750 2273 2064 2345 Apostolus

411 2360 579 2426 dixit,
614 2381 640 2414 α
669 2376 738 2416 ex
767 2360 883 2416 Deo
913 2361 978 2426 ³⁸,
1015 2384 1036 2411 ι
1074 2365 1138 2415 ut
1186 2360 1457 2415 factorem
1493 2369 1692 2416 notum
1745 2361 1978 2428 faceret,
2009 2365 2065 2416 et

409 2449 675 2505 omnium
701 2449 1056 2504 creationem
1083 2465 1151 2503 ex
1171 2450 1300 2519 ejus
1321 2448 1618 2504 voluntate
1643 2451 1852 2505 factam
1877 2451 2065 2506 decla-

409 2538 804 2594 raret.Statim
834 2554 969 2608 ergo
1003 2538 1214 2594 infert:
1251 2561 1271 2586 ι
1301 2538 1368 2593 Et
1399 2554 1553 2594 unus
1584 2538 1870 2594 Dominus
1891 2540 2063 2596 Jesus

409 2627 700 2694 Christus,
735 2642 838 2698 per
879 2643 1050 2698 quem
1085 2627 1285 2682 omnia
1318 2629 1383 2693 3°,
1419 2650 1446 2676 »
1480 2632 1542 2682 ut
1571 2645 1639 2683 ex
1669 2629 1942 2684 omnibus
1974 2628 2063 2684 Fi-

411 2715 556 2772 lium
590 2716 918 2788 exciperet;
945 2733 1070 2787 quae
1099 2715 1254 2771 enim
1283 2717 1378 2771 Dei
1410 2733 1538 2772 esse
1569 2718 2067 2786 dicuntur,omnia

416 2822 520 2878 per
548 2804 758 2860 Filium
783 2806 935 2861 facta
981 2810 1156 2860 sunt:
1189 2821 1294 2860 nec
1329 2805 1448 2861 fieri
1493 2811 1686 2877 potest
1715 2814 1941 2863 creatas
1974 2824 2064 2862 res

417 2895 893 2966 eamdem,quam
921 2899 1260 2960 creatorem,
1279 2895 1491 2950 habere
1512 2896 1944 2967 generationem
1970 2914 1984 2964 ;
2007 2901 2064 2952 et

417 2987 483 3039 ut
503 2984 738 3039 doceret
758 2981 960 3051 illud,«
985 2999 1053 3038 ex
1076 2983 1249 3053 Deo,»
1273 2984 1427 3054 quod
1451 2983 1544 3039 hic
1566 2984 1805 3050 dicitur,
1827 2986 1941 3042 alia
1970 3002 2064 3041 ra-

2173 1913 2348 1969 αἷτίου
2382 1915 2475 1988 μὲν
2508 1913 2675 1985 αὐτὴν
2725 1915 3025 1990 γεγονεναι,
3081 1915 3143 1970 οὐ
3191 1917 3298 1988 μήν
3342 1899 3442 1970 καὶ-
3464 1913 3553 1971 διὰ
3579 1919 3673 1971 τοῦ
3703 1917 3816 1970 Λό-

2172 2025 2275 2078 γου
2310 2023 2321 2036 ·
2375 2008 2483 2058 τῶν
2546 2001 2604 2059 δὲ
2659 2005 2943 2078 αἱρετικῶν
2992 2004 3237 2068 ἕκαστος.
3289 2006 3362 2068 ὡς
3408 2004 3674 2076 ἠθέλησεν
3731 2005 3818 2058 ἆν-

2173 2092 2466 2166 επλάσατο,
2507 2094 2598 2148 καὶ
2646 2093 2771 2168 περὶ
2815 2101 2915 2163 τῆς
2963 2093 3189 2156 κτίσεως
3242 2092 3577 2170 μυθολογεῖ·
3623 2094 3817 2149 τούτου

2172 2181 2333 2258 χάριν
2395 2183 2423 2236 6
2480 2180 2815 2245 ’Λπόστολος
2865 2181 3166 2257 ἀναγκαίως
3214 2182 3496 2257 συνείρηκε
3549 2183 3632 2252 τὸ,
3688 2206 3713 2237 α
3761 2181 3820 2237 ἑκ

2169 2275 2265 2326 τοῦ
2293 2275 2425 2326 Θεοῦ
2452 2292 2464 2304 ο
2501 2293 2529 2322 ››
2555 2269 2648 2326 ’ίνα
2677 2272 2762 2326 καὶ
2806 2271 2896 2326 τὸν
2950 2272 3186 2342 ποιητὴν
3219 2273 3482 2347 γνωρίσῃ.
3505 2271 3595 2327 καὶ
3625 2273 3725 2341 τὴν
3763 2271 3821 2327 ἐκ

2169 2364 2265 2414 τοῦ
2300 2359 2654 2436 βουλήματος
2683 2359 2845 2414 αὐτοῦ
2881 2364 2988 2415 τῶν
3037 2359 3249 2414 πάντων
3293 2357 3654 2434 δημιουργίαν
3691 2361 3824 2415 ἀπο-

2173 2446 2318 2523 δείξῃ
2349 2465 2362 2480 ’
2398 2448 2557 2511 εὐθὺς
2587 2447 2712 2524 γοῦν
2764 2447 3025 2524 ἐπιφέρει,
3067 2471 3089 2498 ε
3141 2448 3237 2503 Καὶ
3269 2451 3347 2510 εἷς
3380 2447 3578 2521 Κύριος
3609 2450 3822 2517 Ἰησοῦς

2173 2537 2424 2612 Χριστὸς,
2467 2535 2537 2591 δι’
2579 2539 2641 2592 οὗ
2683 2537 2751 2592 τὰ
2797 2537 2985 2606 πάντα,
3023 2561 3050 2588 ››
3101 2535 3194 2591 ἵνα
3239 2542 3344 2592 τῶν
3395 2535 3611 2592 πάντων
3659 2536 3818 2611 ἐξάρῃ

2170 2629 2261 2682 τὸν
2296 2628 2417 2681 Υἱὸν
2454 2646 2466 2658 ·
2501 2628 2567 2682 τὰ
2613 2627 2712 2703 γὰρ
2761 2631 2858 2682 τοῦ
2909 2631 3042 2682 Θεοῦ
3097 2626 3388 2702 λεγόμενα,
3437 2627 3610 2682 πάντα
3657 2631 3823 2681 ταῦτα

2174 2715 2242 2772 δι’
2272 2718 2400 2772 Υἳοῦ
2430 2716 2614 2792 γέγονε
2647 2735 2659 2746 ⁸
2701 2718 2788 2771 καὶ
2841 2715 2948 2792 οὐχ
3003 2716 3117 2771 οἷόν
3167 2737 3224 2770 τε
3277 2715 3402 2789 μίαν
3580 2714 3725 2792 ἔχειν
3757 2717 3825 2770 τὰ

2174 2803 2661 2882 δημιουργούμενα
2702 2810 2781 2878 τῷ
2808 2802 3239 2880 δημιουργοῦντι
3285 2805 3383 2874 τήν
3434 2803 3636 2882 γένεσιν
3671 2825 3683 2839 ·
3733 2805 3821 2860 καὶ

2167 2895 2261 2950 ’ίνα
2288 2896 2370 2966 τὸ,
2405 2921 2430 2948 ι(
2489 2895 2548 2950 ἐκ
2588 2900 2683 2949 τοῦ
2732 2899 2887 2964 Θεοῦ,
2923 2919 2951 2946 ››
3004 2892 3300 2971 λὲγόμενον
3351 2891 3481 2961 ὧδε,
3514 2892 3702 2956 ἄλλως
3736 2894 3822 2949 ἰπὶ

2172 2989 2278 3040 τῶν
2307 2985 2632 3057 ποιημάτων
2677 2983 2810 3038 αὐτὸ
3023 2983 3375 3056 σημαίνεσθαι
3429 2979 3635 3057 διδὰξῃ,
3679 2982 3714 3052 ἢ
3749 2984 3824 3045 ὡς

416 3073 574 3128 tione
605 3073 676 3126 de
719 3071 988 3143 opiﬁciis,
1023 3071 1138 3125 alia
1185 3072 1255 3126 de
1286 3072 1432 3128 Filio
1471 3071 1740 3148 intelligi.
1776 3074 1921 3132 Nam
1971 3075 2060 3130 hic

2173 3072 2261 3128 ἐπὶ
2294 3074 2420 3128 ι”ιοῦ
2462 3071 2758 3147 λεγόμενον
2807 3077 3027 3128 νοεῖται.
3079 3073 3136 3126 Ὀ
3186 3072 3280 3144 μὶν
3331 3071 3433 3148 γὰρ
3465 3073 3730 3146 γέννημα,
3759 3071 3829 3127 τὰ

417 3159 635 3233 proles,
669 3159 769 3215 illa
814 3176 972 3230 vero,
1005 3159 1236 3231 Opiﬁcia
1283 3166 1441 3216 sunt.
1477 3163 1726 3234 Ideoque
1769 3163 1951 3219 Filius
1978 3169 2060 3219 est

2176 3160 2234 3217 δὶ
2259 3163 2540 3236 ποιήματά
2570 3159 2699 3215 ἐστι.
2732 3160 2824 3215 Διὸ
2864 3161 2952 3216 καὶ
2983 3161 3011 3214 ὁ
3048 3161 3140 3234 μὲν
3175 3162 3299 3223 Υἱὸς
3333 3157 3468 3216 ἴδιον
3499 3168 3600 3230 τῆς
3636 3161 3825 3223 οὐσίας

416 3230 690 3321 proprius
737 3230 1080 3303 substantiae
1132 3248 1306 3315 fetus,
1338 3248 1440 3303 illa
1486 3230 1703 3319 autem,
1746 3250 2060 3309 voluntatis

2175 3230 2430 3328 γέννημα,
2461 3253 2528 3305 τὰ
2558 3247 2615 3304 δὶ
2650 3247 3003 3325 βουλήματος
3037 3230 3147 3322 (40)
3180 3246 3667 3325 δημιουργήματα.

416 3340 715 3392 creaturas.

489 3425 579 3481 36.
613 3424 743 3480 Hac
792 3441 926 3480 cum
975 3426 1102 3496 ipsa
1150 3427 1408 3498 synodus
1457 3428 1970 3497 animadverteret,
2004 3449 2060 3488 ac

2249 3431 2337 3486 36.
2395 3432 2570 3483 Ταῦτα
2625 3429 2715 3483 καὶ
2769 3430 2803 3498 ἡ
2865 3426 3090 3489 σύνοδος
3144 3432 3446 3500 συνορῶσα,
3512 3427 3603 3483 καὶ
3652 3425 3830 3483 εἰδυῖα

419 3517 790 3586 perspectum
813 3513 1054 3570 haberet
1073 3515 1339 3586 ejusdem
1364 3516 1628 3572 vocabuli
1665 3518 1922 3574 diversas
1944 3537 2060 3576 esse

2178 3519 2276 3587 τὴν
2310 3517 2368 3571 ἐκ
2406 3521 2514 3593 ,τῆς
2563 3517 2883 3590 ὁμωνυμίας
2933 3513 3216 3594 διαφορίαν
3268 3519 3403 3590 (41),
3457 3512 3588 3591 ὅπὶρ
3619 3521 3715 3572 τοῦ
3749 3520 3825 3590 μή

421 3602 924 3674 signiﬁcationes;
957 3621 1029 3659 ne
1079 3603 1316 3673 quidam
1367 3605 1813 3678 suspicarentur
1859 3609 2060 3663 Filium

2179 3627 2328 3667 τινας
2391 3607 2639 3660 ὑπονοεῖν
2672 3606 2807 3661 κατᾶ
2853 3608 2949 3675 τὴν
3008 3606 3176 3660 κτίσιν
3239 3604 3382 3660 οὕτω
3440 3604 3684 3681 λέγεσθαι
3739 3606 3828 3660 καὶ

424 3691 526 3748 Dei
556 3707 624 3746 ex
674 3692 789 3748 Deo
843 3692 957 3747 dici
998 3693 1238 3765 perinde
1288 3698 1464 3766 atque
1511 3700 1826 3766 creaturas,
1859 3697 2060 3753 clarius

2182 3696 2272 3750 τὸν
2328 3696 2448 3749 Υἱὸν
2496 3693 2556 3750 ἐκ
2603 3699 2700 3750 τοῦ
2749 3693 2903 3766 Θεοῦ,
2955 3693 3272 3767 λευκότερον
3325 3689 3560 3770 ἔγραψαν
3617 3693 3677 3750 ἐκ
3730 3703 3833 3765 τῆς

426 3780 732 3852 scripsere,
758 3779 964 3836 Filium
991 3797 1058 3835 ex
1077 3782 1412 3839 substantia
1431 3783 1530 3840 Dei
1553 3801 1680 3840 esse
1706 3803 1719 3840 :
1746 3785 1881 3842 hinc
1904 3804 2060 3842 nam«

2186 3784 2366 3846 οὐσίας
2389 3786 2479 3839 τὸν
2512 3785 2660 3841 Υἱὸν.
2703 3786 2796 3839 Ἐκ
2828 3785 2920 3857 μὲν
2971 3785 3070 3860 γὰρ
3122 3784 3317 3839 τούτου
3348 3784 3410 3839 τὸ
3439 3786 3658 3860 γνήσιον
3691 3784 3831 3855 ἀλη-

435 3888 551 3943 que
579 3889 710 3927 vere
739 3887 1084 3944 germanum
1134 3873 1324 3928 Patris
1353 3889 1480 3928 esse
1523 3873 1730 3930 Filium
1764 3876 2056 3933 indicatur

2188 3880 2296 3938 θῶς
2341 3875 2470 3928 Υἱοῦ
2515 3875 2649 3947 πρὸς
2696 3874 2790 3928 τὸν
2844 3875 3056 3949 ΙΙατὲρα
3103 3874 3466 3950 γνωρίζεται·
3515 3873 3575 3928 ὲκ
3631 3871 3688 3929 δὲ
3737 3879 3836 3929 τοῦ

425 3961 503 4016 Ex
525 3978 590 4016 eo
613 3965 808 4017 autem
834 3961 987 4032 quod
1017 3961 1360 4034 simpliciter
1381 3962 1651 4034 dicitur,«
1668 3981 1737 4020 ex
1761 3970 1892 4037 Deo,
1915 3989 1943 4016 ι»
1973 3985 2060 4023 vo-

2186 3963 2431 4038 λέγεσθαι
2450 3962 2640 4024 ἁπλῶς
2666 3986 2694 4014 ιι
2711 3963 2769 4017 ἐκ
2785 3967 2881 4018 τοῦ
2899 3967 3051 4030 Θεοῦ,
3066 3987 3086 4013 ι
3103 3963 3164 4017 τὸ
3183 3961 3354 4038 βούλη
3369 3984 3442 4034 μα
3453 3968 3552 4031 τῆς
3573 3960 3637 4033 δη
3649 3983 3839 4036 μιουρ⁹

423 4049 622 4106 luntas
648 4050 927 4106 creatoris
949 4051 1007 4104 in
1031 4051 1281 4106 creando
1306 4051 1693 4122 significatur.
1725 4054 1786 4109 Si
1809 4070 1943 4128 ergo
1965 4055 2054 4128 ips

2185 4052 2308 4128 γίας
2337 4057 2434 4107 τοῦ
2463 4053 2740 4121 κτίζοντος
2784 4051 3102 4124 σημαίνεται
3151 4052 3286 4124 (42).
3346 4051 3409 4108 Εἴ
3461 4051 3558 4125 μὲν
3601 4051 3691 4106 οῦν
3743 4053 3832 4106 καὶ

422 4139 628 4194 eadem
684 4143 878 4195 mente
908 4139 1270 4212 scripserunt
1301 4156 1369 4194 ex
1418 4144 1588 4197 Patre
1628 4158 1758 4199 esse
1802 4145 2060 4217 Verbum:

2182 4141 2334 4196 αὐτοὶ
2388 4140 2641 4211 τοιαύτην
2702 4137 2911 4204 ἔχοντες
2992 4140 3252 4205 διάνοιαν,
3323 4137 3560 4215 ἔγραψαν
3622 4139 3681 4195 ἐκ
3732 4144 3832 4196 τοῦ

420 4245 492 4284 ne
522 4229 812 4302 synodum
844 4230 1232 4285 criminentur
1265 4247 1277 4284 :
1313 4229 1403 4286 sin
1440 4234 1502 4285 ut
1532 4232 1602 4286 de
1633 4234 1918 4290 creaturis
1938 4236 2060 4292 scri‘

2190 4233 2394 4309 ηατρὸς
2435 4233 2525 4286 τὸν
2577 4231 2770 4308 Λόγον,
2828 4231 2904 4303 μή
2960 4231 3349 4303 μεμφέσθωσαν
3398 4231 3498 4300 τὴν
3547 4227 3770 4284 σύνοδον
3820 4248 3833 4262 ’

419 4321 587 4388 ptum
618 4323 725 4386 est,
761 4319 842 4373 ita
872 4320 940 4374 de
969 4318 1113 4373 Filio
1144 4335 1273 4374 eam
1327 4319 1667 4392 intelligunt
1696 4339 1912 4394 vocem,
1947 4348 1975 4375 «
2008 4343 2060 4381 e1

2187 4321 2231 4375 εί
2264 4318 2322 4376 δὶ
2376 4320 2450 4382 ὡς
2503 4318 2589 4375 ἐπὶ
2645 4326 2746 4388 τῆς
2793 4318 3017 4382 κτίσεώς
3072 4319 3180 4373 ἐστι
3238 4317 3634 4394 γεγραμμὲνον,
3693 4318 3837 4373 οὕτω

423 4406 606 4475 Deo,»
631 4406 890 4478 oportuit
903 4423 1000 4462 eos
1017 4408 1068 4462 id
1087 4407 1157 4463 de
1170 4409 1454 4464 creaturis
1467 4408 1836 4482 accipientes,
1864 4412 2060 4470 Filium

2183 4412 2273 4465 καὶ
2306 4409 2391 4464 ἐπὶ
2422 4415 2518 4464 τοῦ
2548 4410 2676 4464 Υἱοῦ
2699 4412 2956 4484 φρονοῦσι
2981 4433 3008 4460 ‹‹
3040 4408 3125 4476 τὸ,
3157 4407 3215 4462 ἐκ
3240 4412 3339 4463 τοῦ
3367 4412 3502 4463 Θεοῦ
3536 4432 3585 4477 ››,
3617 4402 3746 4476 ἔδει,
3769 4408 3838 4462 τὰ

424 4511 538 4549 non
573 4497 902 4563 nominare,
936 4513 1008 4552 ne
1040 4497 1343 4553 videantur
1393 4515 1525 4554 cum
1558 4499 1772 4571 pietate
1801 4500 2060 4574 blasphe-

2187 4499 2274 4555 ἐπὶ
2299 4502 2396 4568 τῆς
2419 4498 2643 4561 κτίσεως
2678 4492 3052 4571 λαμϐάνοντας
3099 4495 3315 4565 αὐτοὺς,
3358 4498 3434 4570 μὴ
3468 4497 3643 4573 λέγειν
3684 4496 3834 4564 Υἱὸν,

429 4582 611 4638 miam
643 4583 990 4652 admiscere,
1020 4602 1236 4656 parque
1265 4585 1394 4654 fuit,
1431 4593 1532 4642 aut
1578 4589 1888 4645 Dominum
1921 4609 2060 4649 crea-

2178 4588 2270 4644 'iva
2304 4591 2378 4662 μή
2413 4585 2613 4643 δοκῶσι
2645 4586 2828 4662 φύρειν
2883 4584 3240 4661 βλασφημίαυ
3284 4607 3352 4661 τῃ
3386 4581 3646 4658 εὐσεϐείᾳ,
3675 4587 3765 4640 καὶ
3797 4585 3833 4653 ἢ

425 4671 576 4727 turis
610 4687 724 4726 non
757 4688 1165 4740 annumerare,
1191 4679 1292 4729 aut
1324 4690 1439 4729 non
1471 4675 1718 4747 indigna
1747 4682 1805 4733 et
1835 4679 2060 4737 minim:

2188 4680 2279 4734 16v
2315 4679 2508 4754 Κύριον
2543 4679 2618 4750 μὴ
2670 4679 3016 4752 συναριθμεῖν
3060 4680 3177 4738 τοῖς
3207 4674 3490 4750 κτίσμασιν
3523 4677 3658 4750 (43),
3684 4675 3720 4745 ἢ
3755 4677 3833 4749 μή

496 4840 542 4876 ³⁵
571 4839 713 4896 Gen.
747 4858 788 4908 ι,
823 4841 873 4896 1.
949 4840 994 4876 ³⁸
1018 4839 1170 4898 Psal.
1204 4857 1325 4911 cur,
1360 4843 1413 4898 4.
1489 4843 1533 4879 ⁸⁷
1564 4845 1584 4899 Ι
1613 4849 1738 4901 Cor.
1769 4861 1892 4915 vm,
1925 4849 1979 4904 6.
2055 4852 2060 4883 ε

2170 4849 2275 4906 οἱὸ.
2352 4849 2398 4885 ³⁸
2426 4847 2568 4904 ibid.

634 4991 847 5079 Regius
891 4991 1106 5079 prima‘
1130 5008 1330 5079 manu,
1362 4996 1456 5079 τῷ⁸
1494 4993 2060 5079 simis/,"et.si(3_ite_m

2263 4999 2611 5079 t§§l13°8ius
2642 4997 2843 5079 00518.!»
2872 4993 3088 5079 διεοίαν·
3117 4997 3286 5079 Editi:
3318 4997 3469 5079 eia?-

496 4999 608 5062 (35)
634 4999 847 5062 Regius
891 4999 1082 5063 prima
1130 5008 1330 5063 manu,
1362 4999 1441 5064 τῷ
1494 4999 1683 5062 εἰπεῖν,
1731 5000 1788 5050 et
1817 4999 1902 5052 sic
1933 4999 2060 5054 item

422 5076 578 5154 "mola,
607 5064 880 5154 secunda,
893 5079 1031 5120 vero
1054 5063 1116 5149 τὸ
1143 5062 1325 5154 εἷπεῖν,
1346 5065 1636 5154 utrinque.
1681 5066 1826 5154 Ibid.
1863 5069 2060 5154 .Fe’lck.

2263 5000 2348 5070 (38
2398 4999 2611 5071 Regius
2642 4999 2843 5066 codex,
2872 4999 3088 5068 ὁμοίαν.
3117 4999 3263 5053 Editi
3318 4999 3469 5068 μίαν.

2192 5147 2218 5154 Α
2402 5068 2847 5154 Ιζοεὶιιεηαύτρς.
2877 5072 3025 5154 ,ηοξ
3049 5069 3212 5154 ¹εξίίἱιῇ
3263 5041 3350 5154 ί-πὶ
3383 5069 3510 5154 ξ’ξιοῦ
3539 5070 3834 5154 Θεοῦηεοᾶ

420 5132 475 5195 3,
511 5128 570 5184 ἐκ
603 5137 702 5200 τῆς
761 5133 945 5194 οὐσίας
1001 5138 1099 5188 τοῦ
1149 5134 1378 5209 Πατρός.
1431 5128 1658 5208 Tui-pini
1717 5138 1821 5212 γὰρ
1875 5140 2060 5213 κτίσμα

421 5203 598 5262 πάντα
644 5202 689 5256 εί
732 5203 820 5257 καὶ
872 5204 932 5258 ἐκ
954 5209 1055 5258 τοῦ
1081 5209 1212 5261 Θεοῦ
1245 5204 1460 5270 λέγεται
1494 5207 1733 5270 (Regius
1783 5210 1947 5270 solus
1984 5209 2060 5268 λέ·

2185 5128 2318 5268 61136
2341 5128 2398 5197 i'n
2424 5128 2600 5224 μιξεἱο
2622 5128 2895 5210 δεθεῐίθὶ
2914 5141 3169 5197 deletum
3198 5141 3256 5196 in
3278 5141 3600 5211 Basil.,nec
3615 5141 3835 5197 lectum

2185 5231 2219 5269 a
2301 5231 2495 5270 annio.

421 5210 598 5262 πάντα
644 5210 689 5256 εἰ
732 5210 820 5257 καί
872 5210 932 5258 ἐκ
954 5210 1055 5258 τοῦ
1081 5210 1212 5290 Θεοῦ
1246 5210 1460 5280 λέγεται
1494 5210 1740 5332 (Ηθείυε-
1783 5210 1947 5270 Solus
1984 5210 2060 5268 λέ·

419 5277 608 5417 γηται)
626 5278 995 5349 γεγεννῆσθαι.
1027 5280 1358 5369 ξιίοχνιάσω,
1393 5279 1421 5331 6
1453 5284 1492 5332 Υ
1518 5279 1574 5340 ὸς
1607 5299 1745 5335 εστιν
1779 5279 1858 5338 ἐκ.

494 5347 602 5426 (ξς
635 5348 887 5426 felclsm.
920 5349 988 5415 3,
1021 5368 1096 5426 ως
1127 5369 1360 5426 ειρηταὲ
1397 5367 1465 5426 _‘_
1616 5424 1632 5426 ᾼ
1698 5423 1734 5426 _
1759 5422 1843 5426 μ’
1897 5420 1932 5426 __
2023 5423 2033 5426 Α

2185 5231 2219 5269 a
2248 5214 2637 5426 Ῐὲιῖῗῠιὲἓὲὶυε,
2665 5285 2762 5336 106
2783 5279 3170 5408 ξουλήματος.
3207 5286 3268 5340 In
3302 5283 3477 5340 editis
3503 5285 3602 5367 τοῦ
3646 5283 3833 5367 deest.

2277 5357 2366 5426 41)
2396 5356 2650 5426 Felckm.
2681 5356 2735 5421 3,
2790 5351 3125 5426 Αδιαφορίαν.
3178 5356 3334 5411 Infra
3378 5360 3592 5426 Regius
3642 5371 3833 5426 prima

494 5349 603 5417 (36)
635 5349 885 5403 Felckm.
920 5349 954 5403 3
975 5391 988 5415 ,
1021 5349 1096 5410 ὠς
1127 5349 1360 5418 εἷ’ρηται.
1416 5367 1434 5378 ·
2253 5349 2366 5427 (41)
2396 5349 2650 5411 Ὲεῶιςω.
2681 5356 2735 5421 3,
2783 5349 3125 5430 ἀδιαφορίαν.
3178 5356 3334 5411 Infra
3378 5357 3592 5427 Regius
3642 5356 3839 5427 prima

493 5419 610 5483 (37)
639 5418 722 5474 Ita
752 5420 966 5488 Regius
992 5422 1170 5476 codex
1222 5428 1280 5478 et
1320 5421 1572 5477 F‘elckm.
1608 5424 1662 5478 3.
1696 5422 1868 5490 Editi,
1893 5420 1944 5492 ἐξ
1975 5423 2070 5476 αὐ·
2183 5442 2385 5493 manu,
2420 5425 2553 5479 κατὰ
2579 5426 2677 5493 τήν
2711 5423 2906 5495 κτίσιν,
2937 5427 3212 5481 secunda.
3247 5427 3336 5481 καὶ
3367 5427 3466 5494 τὴν
3500 5425 3693 5482 κτίσιν.

496 5485 701 5545 μάτων.
733 5490 865 5545 Mox
915 5491 1262 5545 ὁμοιομεοῶς
1304 5493 1528 5545 abesta
1559 5494 1811 5545 Felekm.
1844 5495 1896 5545 3.
1947 5499 2074 5545 Mox
2253 5497 2499 5545 (£2lT06
2555 5497 2834 5545 κτίσάντοε
2911 5496 3252 5545 σημαίνεται-
3333 5497 3460 5545 ἀλλ’
3525 5497 3588 5545 οὐ
3643 5495 3839 5545 vivom-

425 5493 701 5614 τέμάτωίν.
733 5493 865 5580 Mox
897 5493 1262 5614 οξιμοιομερςὸς
1304 5493 1468 5549 abest
1495 5511 1528 5549 a
1559 5494 1811 5550 Felekm.
1844 5495 1896 5549 3.
1947 5499 2060 5586 M91

426 5562 1770 5689 1.3?heizi$i°ﬁa§?1ian§fi$$336336;..‘2‘.
1797 5584 2060 5689 ξέἷξὲῖὲἶ

2253 5497 2367 5568 (42)
2395 5500 2499 5549 Τοῦ
2555 5497 2834 5558 κτίσάντος
2893 5493 3254 5569 σημαίνεται,
3333 5493 3460 5554 ἀλλ’
3525 5497 3588 5553 οὐ
3643 5495 3841 5573 γεγρα-

2179 5587 2328 5636 πται,
2355 5569 2609 5626 Felckm.
2643 5572 2698 5636 3,
2729 5567 2969 5625 omissis
2999 5569 3222 5626 multis.

2251 5639 2365 5689 (43)
2395 5640 2610 5689 Rantius
2639 5643 2839 5689 codex-
2871 5640 3002 5689 ποιτί
3016 5660 3196 5689 μασιν-

423 5647 553 5753 :20:
585 5635 819 5704 Regius,
849 5635 1156 5692 Basiliens.
1190 5641 1248 5692 et
1290 5635 1428 5692 edit.
1471 5637 1679 5707 Paris.,
1710 5635 1770 5690 ἐκ
1797 5635 2060 5708 ταύτομά-

492 5720 542 5753 υ.

2251 5635 2365 5712 (43)
2394 5640 2610 5711 Regius
2639 5635 2839 5709 cedex,
2871 5640 3002 5710 ποιή
3015 5660 3196 5711 μασιν.
