4082 6318
291 378 416 438 ’157

1771 384 1870 444 DE
1915 379 2270 442 SYNODIS.

3598 385 3717 448 758

292 510 480 580 ἀνάξια
534 510 623 565 καὶ
687 512 762 584 μή
823 510 1128 586 ἁρμόζοντα
1179 515 1304 591 περὶ
1367 522 1463 572 τοῦ
1517 518 1645 571 Υἱοῦ
1698 515 1920 593 γράφειν

2059 512 2443 585 congruentia
2472 510 2614 566 Filio
2645 511 2956 566 ascribere.
2982 511 3126 569 Nam
3159 512 3209 569 si
3241 513 3421 570 Filius
3453 519 3563 584 est,
3595 534 3708 574 non

295 599 358 655 Ei
390 599 492 674 γὰρ
549 599 672 660 Υἱός
730 598 894 672 ἐστιν,
954 602 1058 656 οὐκ
1112 599 1220 658 ἔστι
1275 604 1493 678 κτίσμα⁶
1546 605 1594 660 εἴ
1641 603 1698 660 δὲ
1743 603 1946 676 κτίσμα

296 687 457 758 ἐστὶν,
490 687 590 743 οὐκ
638 686 777 743 ἔστιν
825 689 970 752 Υἱός.
1019 696 1250 747 Τοιαῦτα
1299 691 1356 748 δὲ
1407 691 1810 766 διανοούμενοι,
1857 694 1946 768 ἀρ-

297 777 550 848 νήσονταί
585 799 690 832 που
723 779 812 832 καὶ
864 779 927 834 τὸ
975 779 1128 855 ἅγιον
1177 781 1431 858 λουτρὸν,
1485 783 1568 838 ὅτι
1619 782 1694 844 εἷς
1737 782 1945 858 Πατέρα

298 865 388 920 καὶ
419 866 494 928 εἰς
527 866 672 935 Υἱόν,
707 867 797 921 καὶ
831 867 929 922 οὐκ
977 868 1052 931 εἷς
1087 870 1313 940 Κτίστην
1359 873 1446 926 καὶ
1479 871 1680 944 κτίσμα
1713 869 1941 942 δίδοται,

297 957 372 1018 ὡς
397 955 547 1010 αὐτοὶ
583 956 923 1028 νομίζουσιν.
961 957 1115 1014 Ἀλλ’
1158 959 1218 1014 οὐ
1267 961 1558 1037 γέγραπται
1607 965 1793 1031 ταῦτα,
1843 983 1942 1038 φα-

296 1045 376 1098 σὶν
422 1047 558 1119 (44),
597 1045 685 1100 καί
716 1047 792 1107 ὡς
823 1047 1095 1122 ἀγράφους
1152 1049 1247 1112 τάς
1307 1053 1488 1128 φωνὰς
1546 1045 1888 1122 ἐκϐάλλομεν
1927 1095 1940 1106 .

295 1131 477 1189 Ἀλλὰ
505 1134 594 1188 καὶ
639 1139 802 1189 τοῦτο
845 1134 1010 1190 πάλιν
1058 1137 1324 1216 πρόφασίς
1371 1138 1512 1194 ἐστιν
1561 1139 1744 1201 αὐτοῖς
1795 1139 1940 1193 ἀναί-

295 1242 551 1298 σχυντος.
586 1222 775 1298 Εἶγάρ
827 1220 1096 1297 ἐκϐλητέα
1140 1227 1426 1300 νομίζουσι
1474 1231 1541 1284 τὰ
1594 1231 1668 1302 μή
1700 1249 1940 1304 γεγραμ-

295 1314 446 1384 μένα,
498 1309 587 1367 διὰ
631 1312 684 1366 τί
728 1317 837 1367 τῶν
886 1315 1008 1389 περὶ
1059 1319 1275 1391 ’Ἀρειον
1329 1317 1378 1389 ἐξ
1429 1317 1681 1394 ἀγράφων
1718 1316 1938 1387 ἐπινοη-

291 1400 496 1455 σάντων
527 1406 784 1456 τοσοῦτον
837 1402 1119 1477 ῥηματίων
1174 1407 1454 1483 συρφετὸν,
1505 1408 1590 1478 τὸ,
1623 1405 1673 1476 ἐξ
1723 1404 1822 1460 οὑκ
1859 1401 1941 1459 ὅν-

286 1511 418 1560 των,
451 1491 540 1545 καὶ
566 1492 648 1562 τὸ,
684 1492 782 1546 οὑκ
807 1493 875 1561 ἦν
903 1494 930 1546 6
963 1495 1087 1556 Υἱὸς
1112 1493 1237 1571 πρὶν
1263 1497 1518 1571 γεννηθῇ·
1548 1497 1660 1563 καὶ,
1693 1497 1758 1565 ἦν
1783 1517 1935 1567 ποτε,

289 1578 379 1633 ὅτε
409 1580 514 1634 οὐκ
542 1581 630 1648 ἦν’
662 1582 775 1647 καὶ,
805 1583 1034 1656 τρεπτός
1082 1583 1213 1638 ἐστι’
1248 1586 1360 1652 καὶ,
1410 1582 1644 1661 ἄρῥητος
1693 1588 1806 1659 (45)
1847 1585 1936 1640 καὶ

288 1669 518 1742 ἀόρατος
569 1669 596 1722 6
648 1671 834 1746 Πατὴρ
871 1672 950 1742 τῷ
994 1671 1123 1746 Υἱῷο
1159 1674 1268 1745 καὶ,
1303 1675 1330 1727 ὁ
1362 1675 1485 1738 Υἱὸς
1509 1674 1606 1729 οὐκ
1637 1673 1775 1729 οἶδεν
1811 1672 1936 1729 οὐδὲ

284 1758 386 1824 τήν
431 1757 622 1811 ἑαυτοῦ
665 1757 847 1812 οὐσίαν
886 1778 898 1791 ·
949 1759 1037 1814 καὶ
1086 1761 1183 1815 ὅσα
1231 1760 1282 1816 ἐν
1337 1766 1404 1834 τῇ
1461 1763 1668 1837 γελοίῳ
1697 1763 1786 1817 καὶ
1819 1763 1932 1817 ὰσεο

287 1840 374 1900 ϐεἴ
403 1849 517 1919 (46)
561 1844 732 1918 Θαλία
777 1848 965 1902 ἑαυτοῦ
1014 1855 1226 1926 φρονῶν
1270 1850 1523 1924 ἐξήμεσεν
1575 1859 1793 1927 ’Ἄρειος
1833 1852 1934 1908 οὐκ

285 1934 680 2010 άντειρήκασιν,
731 1933 877 1990 ἀλλὰ
926 1937 1016 1992 καὶ
1068 1937 1282 2010 μᾶλλον
1338 1941 1467 2017 ὑπὲρ
1514 1941 1690 1996 αὐτῶν
1741 1940 1932 2016 ἀγωνί-

287 2028 488 2094 ζονται,
531 2023 620 2078 καὶ
671 2022 759 2078 διὰ
804 2030 971 2080 ταῦτα
1018 2029 1153 2102 πρὸς
1201 2028 1326 2090 τοὺς
1379 2033 1486 2103 (47)
1537 2032 1775 2106 Πατέρας
1807 2032 1927 2085 ὲαυ-

281 2116 391 2168 τῶν
455 2109 843 2190 διαμάχονται.
908 2116 999 2170 Ἐκ
1039 2117 1197 2178 ποίας
1245 2115 1303 2173 δὲ
1360 2125 1576 2197 Γραφῆς
1633 2121 1722 2174 καὶ
1775 2120 1929 2175 αὐτοὶ

283 2202 529 2278 εὑρόντες
555 2204 619 2258 τὸ
651 2204 909 2278 ἀγένητον
939 2208 1078 2278 (48),
1128 2207 1216 2261 καὶ
1267 2208 1328 2262 τὸ
1374 2208 1555 2270 οὐσίας
1595 2204 1786 2282 ὄνομα,
1817 2209 1932 2277 καὶ,

281 2297 428 2367 τρεῖς
481 2291 612 2346 εἰσιν
666 2293 1002 2362 ὑποστάσεις,
1049 2297 1160 2368 καὶ,
1207 2297 1306 2351 οὐκ
1332 2295 1472 2354 ἔστιν
1512 2297 1772 2368 ἀληθινὸς
1801 2299 1931 2362 Θεὸς

283 2382 311 2435 6
347 2383 598 2456 Χριστὸς,
630 2382 743 2450 καὶ,
789 2385 865 2444 εἷς
915 2382 1026 2438 ἐστι
1067 2390 1176 2439 τῶν
1225 2387 1411 2442 ἑκατὸν
1461 2383 1770 2462 προϐάτων,
1819 2388 1931 2460 καὶ,

283 2472 318 2540 ἡ
376 2470 470 2541 μὶν
524 2470 684 2548 σοφία
739 2476 836 2526 τοῦ
892 2477 1025 2527 Θεοῦ
1083 2473 1372 2550 ἀγέννητος
1409 2478 1496 2531 καὶ
1530 2475 1765 2551 ἅναρχός
1798 2475 1932 2546 ἐστι,

284 2556 497 2614 πολλαὶ
529 2557 585 2614 δέ
613 2561 742 2614 εἶσιν
777 2561 832 2615 αἱ
880 2564 1173 2617 κτισθεῖσαι
1222 2561 1500 2637 δυνάμεις,
1549 2565 1620 2619 ὦν
1659 2565 1755 2639 μία
1792 2565 1932 2620 ἐστὶν

284 2649 312 2701 ὁ
347 2649 582 2722 Χριστός
621 2675 635 2716 ;
668 2651 732 2705 Ἦ
784 2656 901 2712 πῶς
955 2650 1005 2706 ἐν
1053 2658 1171 2715 τοῖς
1221 2653 1538 2730 λεγομένοις
1588 2655 1932 2730 Ἒγκαινίοις,

282 2735 546 2813 ἀγράφοις
600 2741 941 2812 χρησάμενοι
993 2739 1194 2811 λέξεσιν
1251 2744 1301 2797 οἳ
1355 2745 1478 2817 περὶ
1537 2744 1784 2800 ’Δκάκιον
1845 2747 1934 2800 καὶ

2056 608 2146 658 est
2175 607 2476 666 creatura;
2511 601 2601 655 sin
2635 605 2899 655 creatura
2931 607 3040 667 est,
3074 619 3189 657 non
3223 608 3313 659 est
3354 604 3554 660 Filius.
3591 606 3708 663 Hac

2055 708 2187 746 cum
2223 695 2418 745 mente
2448 689 2587 756 sint,
2622 706 2853 744 sacrum
2883 689 3059 745 etiam
3094 690 3386 762 baptisma
3432 694 3575 750 forte
3608 713 3706 752 ne-

2055 781 2296 853 gabunt,
2333 779 2472 852 quia
2503 778 2559 832 in
2595 782 2765 834 Patre
2785 783 2841 833 et
2868 778 3026 846 Filio,
3059 783 3115 835 et
3138 797 3250 836 non
3276 783 3333 836 in
3353 786 3621 841 Creatore
3650 789 3708 842 et

2054 874 2322 925 creatura
2351 869 2722 938 datur,prout
2751 867 2860 938 ipsi
2895 869 3178 924 sentiunt.
3207 871 3340 936 Sed,
3363 872 3548 939 aiunt,
3581 873 3705 930 hmo

2053 959 2274 1030 scripta
2306 974 2419 1011 non
2452 962 2908 1028 sunt,vocesque
2938 957 3258 1028 illas,quod
3293 959 3351 1014 in
3383 960 3703 1034 Scripturis

2053 1065 2166 1103 non
2193 1047 2535 1113 habeantur,
2553 1046 2992 1116 rejicimus.Sed
3010 1047 3158 1102 hanc
3177 1047 3256 1102 illi
3271 1049 3700 1108 cavillationem

2052 1135 2565 1207 impudentissime
2596 1135 2986 1206 proferunt.Si
3021 1137 3177 1192 enim
3210 1139 3384 1194 verba
3413 1156 3527 1195 non
3561 1140 3698 1196 scri-

2052 1231 2152 1299 pta
2184 1230 2391 1297 putant
2422 1225 2758 1294 rejicienda,
2792 1241 2974 1296 quare
3023 1226 3159 1281 Ario
3212 1244 3324 1282 non
3375 1229 3694 1301 obsistunt,

2050 1315 2150 1387 qui
2181 1319 2265 1369 tot
2296 1313 2776 1369 sententiolarum
2829 1330 2954 1384 quae
2987 1313 3046 1368 in
3094 1314 3410 1387 Scripturis
3442 1334 3556 1374 non
3589 1319 3695 1374 ha-

2049 1403 2261 1458 bentur
2290 1401 2592 1458 colluviem
2625 1401 2969 1473 excogitavit
3004 1421 3016 1458 :
3052 1403 3254 1475 quales
3295 1410 3454 1474 sunt,
3486 1424 3554 1464 ex
3579 1426 3694 1466 non

2047 1493 2451 1560 exstantibus;
2485 1498 2562 1558 et,
2598 1509 2711 1546 non
2757 1497 2884 1546 erat
2915 1490 3093 1548 Filius
3145 1498 3462 1566 antequam
3492 1497 3694 1570 gigne-

2047 1587 2243 1649 retur;
2277 1588 2351 1647 et,
2372 1588 2495 1636 erat
2523 1586 2758 1653 tempus
2790 1599 2904 1653 quo
2937 1599 3048 1637 non
3079 1587 3244 1650 erat;
3278 1590 3355 1650 et,
3392 1587 3694 1645 mutabilis

2043 1677 2165 1737 est;
2198 1675 2274 1736 et,
2309 1670 2620 1725 ineﬂ‘abilis
2649 1675 2708 1725 et
2739 1670 3050 1724 invisibilis
3080 1678 3170 1726 est
3209 1673 3375 1729 Pater
3403 1674 3584 1742 Filio;
3611 1682 3690 1744 et,

2042 1759 2224 1814 Filius
2270 1777 2385 1814 non
2435 1759 2593 1814 novit
2623 1777 2789 1814 suam
2841 1761 3257 1827 substantiam,
3293 1768 3350 1818 et
3395 1765 3692 1835 quaslibet

2038 1846 2182 1904 alias
2214 1849 2343 1918 ejus
2366 1848 2864 1919 sententias,quas
2886 1849 2945 1903 in
2967 1848 3217 1905 ridicula
3237 1855 3294 1906 et
3321 1851 3504 1924 impia
3531 1853 3686 1910 Tha-

2039 1935 2119 1993 lia
2149 1955 2256 1993 sua
2303 1937 2578 2002 evomuit,
2608 1939 2728 1992 imo
2771 1937 2965 2009 potius
3011 1954 3109 1994 eas
3158 1939 3244 1995 illi
3291 1947 3683 2013 propugnant,

2041 2043 2170 2098 quae
2201 2043 2380 2082 causa
2408 2026 2524 2081 illis
2554 2032 2642 2082 est
2675 2030 2738 2082 ut
2768 2043 2902 2082 cum
2938 2028 3206 2083 Patribus
3235 2031 3411 2085 etiam
3445 2032 3570 2087 suis
3591 2033 3686 2088 de-

2041 2121 2280 2172 certent.
2317 2118 2379 2171 In
2411 2117 2624 2188 quibus
2655 2122 2850 2172 autem
2883 2116 3202 2188 Scripturis
3232 2117 3352 2173 haec
3383 2119 3496 2191 ipsi
3531 2121 3684 2174 inve-

2043 2221 2202 2272 nere,
2244 2223 2356 2261 non
2408 2206 2648 2274 factum,
2683 2212 2739 2261 et
2785 2222 2998 2262 nomen
3043 2207 3386 2262 substantiis
3415 2226 3427 2274 ;
3459 2214 3535 2277 et,
3573 2216 3689 2265 tres

2041 2300 2179 2350 sunt
2213 2294 2557 2368 hypostases
2582 2313 2594 2361 ;
2619 2299 2694 2361 et,
2725 2295 2994 2351 Christus
3029 2312 3142 2351 non
3167 2301 3254 2351 est
3292 2313 3463 2353 verus
3495 2303 3645 2353 Deus
3673 2315 3688 2366 ;

2042 2389 2119 2448 et,
2151 2384 2200 2438 is
2234 2401 2350 2438 una
2379 2390 2467 2439 est
2497 2400 2566 2438 ex
2592 2390 2826 2438 centum
2858 2384 3064 2440 ovibus
3089 2401 3102 2440 :
3126 2391 3200 2452 et,
3235 2386 3533 2456 Sapientia
3563 2387 3692 2459 qui-

2043 2474 2176 2528 dem
2213 2473 2304 2528 Dei
2361 2472 2625 2544 ingenita
2653 2477 2708 2527 et
2738 2473 2864 2528 sine
2897 2473 3182 2544 principio
3214 2480 3323 2544 est,
3361 2475 3555 2530 multa:
3587 2493 3694 2532 au-

2046 2574 2157 2617 tem
2181 2567 2322 2618 sunt
2347 2562 2586 2617 virtutes
2609 2568 2834 2628 creatae,
2861 2579 3112 2632 quarum
3137 2581 3253 2618 una
3273 2569 3362 2619 est
3382 2565 3647 2621 Christus
3669 2567 3697 2621 ?

2043 2655 2152 2707 Aut
2201 2668 2326 2717 cur,
2358 2669 2493 2707 cum
2543 2651 2602 2706 in
2653 2651 2959 2721 Encainiis,
2995 2658 3058 2707 ut
3105 2659 3330 2718 vocant,
3381 2654 3577 2710 verbis
3626 2671 3696 2711 ex

2044 2741 2346 2811 Scriptura
2378 2758 2494 2795 non
2529 2741 2857 2812 desumptis
2891 2740 2980 2795 usi
3009 2740 3256 2796 Aeacius
3287 2751 3342 2795 et
3384 2743 3690 2814 Eusebius,

280 2820 564 2894 Εὑσέϐιον,
598 2828 687 2880 καὶ
739 2827 980 2891 εἰπόντες
1029 2831 1214 2894 οὐσίας
1262 2854 1320 2887 τε
1364 2833 1453 2888 καὶ
1506 2831 1806 2907 δυνάμεως,
1841 2834 1928 2889 καὶ

2045 2831 2296 2885 dixerint
2327 2830 2782 2902 primogenitum
2814 2835 3090 2884 creaturae
3120 2846 3249 2885 esse
3275 2832 3402 2886 sine
3430 2832 3690 2887 dissimi-

288 2913 521 2988 βουλῆς,
549 2917 635 2969 καὶ
684 2913 844 2988 δόξης
893 2918 1310 2993 ἀπαράλλακτον
1361 2923 1544 2978 εἰκόνα
1589 2924 1681 2978 τὸν
1713 2923 1928 2998 πρωτό-

281 3023 443 3057 τοκον
491 3011 591 3072 τῆς
646 3005 889 3074 κτίσεως,
939 3008 1265 3082 γογγύζουσι
1315 3013 1450 3066 κατὰ
1496 3017 1602 3066 τῶν
1655 3013 1927 3087 Πατέρων,

281 3091 359 3154 ὡς
412 3092 673 3170 ἀγράφων
734 3095 913 3150 αὐτῶν
968 3101 1458 3170 μνημονευσάντων
1518 3105 1629 3174 (49)
1689 3101 1925 3172 λέξεων,

279 3180 370 3235 καὶ
403 3180 588 3244 οὐσίας
625 3185 1110 3256 μνημονευσάντων
1147 3207 1160 3254 ;
1194 3186 1340 3244 Ἔδει
1371 3191 1474 3266 γὰρ
1507 3189 1699 3253 αὐτοὺς
1733 3191 1766 3260 ἢ
1811 3193 1928 3256 καθ’

282 3270 485 3325 ἑαυτῶν
517 3271 814 3348 γογγύζειν,
847 3273 881 3343 ἢ
917 3272 1086 3347 μηδὲν
1113 3276 1241 3339 τοὺς
1273 3279 1514 3352 Πατέρας
1546 3278 1836 3344 αἰτιᾶσθαι.

351 3452 442 3506 37.
472 3451 665 3536 Εῑμὲν
845 3449 936 3507 οὗν
991 3452 1154 3510 ἄλλοι
1201 3458 1346 3520 τινες
1376 3457 1802 3536 ἐπροφασίζοντο
1831 3462 1926 3524 τὰς

277 3544 378 3605 τῆς
413 3535 640 3593 συνόδου
685 3539 874 3610 λέξεις,
924 3539 1189 3610 ήδόναντό
1234 3567 1352 3607 πως
1382 3547 1415 3615 ἢ
1449 3535 1671 3622 ἀγνοίας
1702 3548 1736 3617 ἢ
1766 3549 1928 3604 εὐλα-

277 3623 429 3689 ϐείας
488 3629 743 3683 ὑπόνοιαν
794 3627 958 3705 ἔχειν’
1008 3633 1096 3686 καὶ
1154 3635 1276 3709 περὶ
1339 3637 1434 3708 μὲν
1502 3637 1772 3712 Γεωργίου
1830 3643 1926 3692 τοῦ

276 3713 640 3779 Καππάδοκος
689 3722 784 3772 τοῦ
834 3715 1194 3790 ἐκϐληθέντος
1246 3727 1356 3798 (51)
1385 3725 1490 3780 ἀπὸ
1519 3733 1621 3795 τῆς
1667 3725 1926 3796 Ἀλεξαν-

279 3802 456 3879 δρείας
503 3802 670 3880 λόγος
731 3805 924 3872 οὐδείς·
979 3812 1268 3885 ανθρώπου
1321 3817 1458 3886 μήτε
1503 3814 1563 3869 ἐκ
1590 3817 1924 3891 προάγοντος

281 3892 410 3964 μίου
455 3895 554 3963 τήν
601 3895 896 3971 μαρτυρίαν
947 3894 1194 3972 ἔχοντος,
1232 3903 1370 3973 μήτε
1417 3902 1565 3966 ὅλως
1599 3905 1924 3978 Χριστιανοῦ

271 3984 662 4057 τυγχάνοντος,
696 3983 841 4040 ἀλλᾶ
873 3986 1036 4058 μόνον
1090 3989 1524 4064 ὑποκριναμένου
1565 3991 1654 4047 διὰ
1680 3993 1771 4048 τὸν
1804 4014 1920 4046 και-

271 4072 363 4144 ρὸν
414 4073 532 4156 (52)
590 4073 651 4126 τὸ
710 4070 904 4146 ὄνομα,
955 4077 1044 4130 καὶ
1101 4081 1371 4153 πορισμὸν
1429 4083 1781 4156 ἡγησαμένου
1822 4083 1922 4150 τήν

2037 2918 2286 2975 litudine
2317 2920 2628 2990 imaginem
2663 2918 3028 2983 substantiae,
3062 2920 3351 2990 potentia,
3375 2921 3602 2975 consilii
3634 2925 3691 2976 et

2039 3009 2257 3082 gloriae,
2291 3009 2567 3064 adversus
2616 3009 2810 3064 Patres
2848 3009 2972 3077 jam
3022 3008 3495 3076 obmurmurant,
3530 3011 3685 3081 quod

2038 3099 2346 3154 verborum
2381 3115 2508 3170 qua:
2544 3097 2599 3151 in
2651 3097 2950 3168 Scriptura
3000 3113 3115 3152 nou
3166 3103 3396 3152 exstant
3441 3099 3688 3155 mentio-

2040 3204 2172 3244 nem
2199 3187 2365 3241 feceri
2379 3191 2522 3251 nt,et
2542 3186 2888 3241 substantiae
2907 3187 3051 3241 001
3082 3202 3280 3242 vocem
3301 3187 3645 3257 usurparint
3663 3189 3692 3243 ?

2039 3281 2152 3332 Par
2181 3275 2289 3332 fuit
2337 3276 2492 3330 enim
2525 3291 2624 3330 eos
2674 3279 2776 3330 aut
2806 3282 3006 3330 contra
3036 3289 3099 3330 se
3145 3273 3307 3346 ipsos
3341 3275 3688 3331 obmurmu-

2040 3383 2189 3430 rare,
2220 3371 2321 3420 aut
2354 3364 2498 3420 nibil
2529 3368 2730 3420 Patres
2761 3362 3085 3419 criminari.

2108 3456 2196 3509 37.
2231 3454 2291 3510 Si
2324 3453 2504 3524 igitur
2551 3453 2792 3524 quidam
2825 3452 2921 3508 alii
2952 3469 3020 3507 ex
3069 3452 3275 3524 synodi
3309 3453 3498 3508 verbis
3527 3470 3691 3509 occa-

2038 3547 2261 3600 sionem
2297 3542 2917 3614 arriperent,suspicio
2942 3546 3098 3596 esset
3117 3558 3216 3597 eos
3238 3541 3324 3596 vel
3359 3542 3690 3614 ignorantia

2035 3635 2124 3690 vel
2157 3635 2435 3706 religione
2465 3633 2522 3687 id
2557 3634 2774 3698 facere;
2809 3647 2998 3703 neque
3038 3648 3172 3686 vero
3217 3631 3309 3686 hic
3359 3648 3552 3688 sermo
3583 3631 3685 3688 ha~

2035 3725 2202 3780 betur
2233 3724 2302 3778 de
2351 3722 2597 3793 Georgio
2646 3721 3008 3792 Cappadoce,
3043 3721 3143 3792 qui
3197 3719 3545 3776 Alexandria
3585 3737 3683 3776 ex-

2035 3818 2202 3869 actus
2230 3817 2339 3874 est,
2373 3812 2494 3866 viro
2543 3812 2641 3880 qui
2676 3827 2780 3865 nec
2831 3825 2898 3865 ex
2947 3810 3239 3881 praeterita
3287 3810 3415 3864 vitae
3464 3810 3686 3866 ratione

2032 3903 2624 3966 commendatur,nec
2657 3899 2776 3954 ullo
2809 3899 2980 3955 modo
3011 3899 3382 3956 Christianus
3414 3904 3502 3954 est
3535 3917 3548 3953 :
3581 3900 3684 3954 sed

2035 3998 2270 4065 propter
2302 3989 3139 4063 npportunitatem,()bristiani
3169 4005 3379 4043 nomen
3413 3986 3686 4043 simulate

2033 4080 2312 4152 sumpsit,
2344 4086 2402 4134 et
2433 4079 2704 4149 pietatem
2738 4084 2995 4148 quaestus
3027 4077 3152 4130 loco
3185 4076 3684 4147 babuit.Quapro-

273 4154 566 4215 εὐσέϐειαν
620 4159 704 4217 διὸ
755 4161 875 4218 εὑδὲ
933 4167 1209 4240 μέμψαιτο
1271 4167 1329 4223 ἄν
1360 4191 1442 4231 τις
1479 4172 1642 4226 αὐτὸν
1675 4170 1920 4240 εἰκότως,

2045 4178 2163 4244 pter
2195 4186 2364 4226 nemo
2389 4185 2522 4224 eum
2547 4168 2681 4238 jure
2711 4166 2992 4238 arguerit,
3025 4167 3179 4236 quod
3206 4166 3362 4220 circa
3392 4166 3566 4220 ﬁdem
3599 4163 3686 4220 la-

274 4249 533 4303 πταίοντα
561 4252 684 4324 περὶ
714 4253 812 4320 τήν
846 4252 1047 4323 πίστιν,
1082 4256 1367 4332 ἄνθρωπον
1399 4262 1539 4331 μήτε
1570 4257 1752 4314 εἰδότα
1799 4262 1924 4336 περὶ

273 4338 345 4390 ὧν
400 4335 570 4413 λέγει,
630 4342 769 4412 μήτε
823 4343 945 4416 περὶ
991 4346 1064 4398 ὧν
1121 4341 1544 4416 διαϐεϐαιοῦται,
1587 4348 1732 4404 ἀλλὰ
1760 4335 1910 4417 πᾶσι,

271 4427 408 4513 κατα
458 4428 521 4482 τὸ
579 4431 976 4504 γεγραμμένον,
1037 4433 1113 4495 ὡς
1171 4436 1374 4513 κέπφον
1433 4440 1545 4509 (53)
1597 4437 1872 4492 ἐπακολου
1904 4473 1924 4480 -

268 4512 488 4570 Θοῦντα·
544 4517 798 4583 Ἀκάκιος
846 4518 902 4574 δὲ
950 4521 1039 4576 καὶ
1087 4512 1364 4595 Εὑδόξιος,
1417 4527 1506 4581 καὶ
1557 4526 1930 4605 Πατρόφιλος,

272 4609 444 4659 ταῦτα
497 4604 764 4680 λέγοντες,
815 4614 933 4673 πῶς
977 4611 1075 4666 οὑκ
1114 4611 1252 4686 ἄξιοι
1299 4615 1472 4687 πάσης
1513 4617 1613 4671 εἰσὶ
1643 4604 1925 4692 καταγνώ-

337 4803 384 4840 ιο
409 4807 576 4862 Prov.
609 4823 710 4878 vn,
738 4811 830 4866 22.

374 4985 468 5070 if)
501 4985 763 5070 {791.01.593-
795 4992 849 5060 3»
884 4993 1039 5070 φησί·

374 5056 467 5139 εξ)
498 5056 1071 5139 ξςαὶξᾶρρητοςῄἀῦθεῐ
1091 5085 1124 5122 a
1154 5069 1406 5127 Felckm.
1441 5075 1493 5128 3.

353 5129 469 5212 (’36)
495 5129 586 5212 Sic
617 5129 964 5212 Ijegfcodex
996 5145 1054 5194 et
1082 5139 1334 5198 Felckm.
1362 5145 1415 5200 3.
1471 5146 1620 5201 Editi
1652 5163 1809 5212 vero,
1839 5147 1927 5200 καὶ

281 5192 468 5290 ἀσεϐεῖ
497 5199 661 5256 αὐτοῦ
692 5192 908 5275 ἑαυτοῦ,
940 5211 1154 5284 inepte.
1188 5217 1316 5270 Mox
1338 5192 1811 5290 Εθιειςω.’3,”ἑιῖ›ἷ
1842 5218 1930 5272 ἀν-

276 5272 652 5344 τιῤῥήκεισαν.

354 5343 482 5427 (74⁷7.)-
501 5345 671 5427 Editi.
703 5349 798 5427 καὶ
822 5351 1138 5427 ξηρὸς-τούς,
1173 5357 1268 5412 sed
1304 5357 1394 5410 καί
1433 5360 1593 5415 deest
1642 5360 1696 5415 in
1732 5361 1927 5427 Regio.

355 5389 482 5470 (νῤ
503 5389 671 5402 ..υ-υ..
706 5389 798 5402 η...»
834 5389 962 5424 ...ρυς
1000 5389 1138 5425 uvas,
1173 5389 1268 5412 acu
1306 5389 1392 5410 ιυιι
1433 5389 1593 5415 uccal.
1645 5389 1696 5415 lu
1733 5389 1927 5427 nugtu.

277 5413 408 5506 Ἀόος(
441 5484 455 5506 ²
485 5415 694 5506 θιοιεω.
729 5423 782 5506 3,
813 5420 1204 5506 διαμάχονται.
1237 5430 1306 5483 "H
1339 5434 1455 5506 πῶς
1486 5431 1537 5485 ἐν
1567 5437 1684 5495 τοῖς
1706 5429 1933 5506 λεγομὲ-

269 5484 888 5576 ζοιςὴέγγενίοιςχδίο)
913 5484 1202 5576 ’ἀγράφοις
1253 5484 1930 5575 χρησάμενος,ἳοῶ¹ἱέὲἷε

273 5557 345 5612 de
381 5557 538 5616 more
570 5557 796 5621 multis.

345 5629 459 5712 (4_8)
495 5632 760 5712 Sicedit.
795 5639 1076 5699 Commel.
1111 5649 1166 5700 et
1195 5661 1402 5702 omnes
1433 5664 1575 5704 mss.
1609 5649 1760 5705 Editi
1795 5667 1927 5709 vero

277 5699 492 5775 Paris),
528 5703 817 5782 ἀγέννητον
829 5752 842 5765 .

451 4984 469 5194 ξ

2039 4259 2561 4329 batur,hominem,
2588 4257 2687 4328 qui
2721 4271 2910 4327 neque
2943 4255 3100 4310 novit
3129 4272 3254 4326 quae
3286 4254 3448 4324 dicit,
3479 4269 3584 4309 nec
3616 4253 3687 4308 de

2036 4350 2252 4422 quibus
2302 4347 2575 4410 afﬁrmat,
2627 4346 2725 4400 sed
2782 4360 3007 4410 omnes,
3042 4343 3124 4398 uti
3170 4343 3457 4415 scriptum
3501 4346 3590 4399 est
3617 4342 3685 4400 ‘°s

2036 4438 2210 4494 veluti
2243 4436 2404 4491 larus
2435 4435 2935 4506 insequitur.Cum
2969 4437 3163 4488 autem
3191 4432 3460 4498 Aeacius,
3491 4433 3688 4489 Eudo-

2039 4529 2171 4585 xius
2191 4533 2248 4582 et
2269 4525 2642 4595 Patropbilus
2666 4523 2784 4578 haec
2806 4523 3024 4592 dicant,
3057 4523 3348 4593 quomodo
3379 4539 3494 4578 non
3526 4521 3687 4577 omni

2043 4614 2420 4672 damnatione
2449 4612 2610 4684 digni
2640 4616 2779 4667 sunt
2805 4614 2828 4666 Ρ
2853 4612 3022 4680 Nam,
3047 4628 3182 4668 cum
3215 4612 3327 4684 ipsi
3359 4627 3593 4684 quoque
3621 4625 3690 4665 ea

2114 4995 2225 5067 (49)
2259 4993 2512 5051 Felckm.
2545 4998 2599 5059 3,
2635 4991 3141 5067 μνημονευθέντων.

2256 5067 2406 5123 Felc.
2438 5067 2493 5134 3,
2525 5065 2695 5142 Εἴπερ
2723 5065 2834 5123 οὗν.
3137 5149 3186 5168 ἡ

2112 5157 2226 5281 (51)
2260 5157 2476 5229 Regius
2532 5158 2732 5222 codex,
2786 5159 2883 5208 τοῦ
2955 5149 3316 5216 Καππάδοκος
3389 5154 3477 5208 καὶ
3540 5148 3690 5210 ἐκϐ-.

2041 5233 2111 5283 Fe
2141 5229 2231 5282 ck.
2265 5229 2318 5295 5,
2350 5231 2444 5281 τοῦ
2478 5224 2838 5282 Καππαδόκου
2883 5229 2978 5278 τοῦ
3031 5220 3177 5281 ἐκϐ-.
3237 5226 3466 5298 Reliqui
3527 5232 3588 5282 ut
3632 5228 3692 5283 in

2043 5307 2227 5442 tegi
2256 5371 2346 5444 Sic
2377 5371 2592 5444 Regius
2624 5371 2803 5444 codex
2829 5367 3168 5425 Basiliensis
3218 5375 3274 5425 et
3324 5369 3579 5428 Felckm.
3632 5369 3689 5425 3.

2036 5443 2212 5505 Editi,
2248 5443 2351 5516 ἀπὸ
2381 5442 2484 5516 τὸν
2507 5442 2718 5516 καιρόν.

2111 5516 2220 5584 (53)
2258 5515 2509 5590 Felckm.
2540 5512 2861 5590 3,‘Ké:ltAC.DOC..
2883 5512 2987 5590 ll_i_c
3025 5517 3234 5590 autem
3282 5513 3447 5590 locus
3479 5513 3561 5569 ita
3592 5513 3687 5590 le:

2039 5580 2629 5658 git'ur'Proverb.v11,
2679 5580 2786 5641 22':
2843 5584 2870 5638 ὁ
2926 5580 2982 5638 ὃὶ
3041 5581 3484 5655 ἐπηκολούθησεν
3547 5585 3686 5658 αὐτῇ

2037 5657 2364 5720 κεπφωθείς.
