4082 6344
339 342 460 402 759

889 342 955 404 8.
993 341 1416 404 ATHANASlI
1463 343 1636 403 OPP.
1683 343 1882 404 PARS
1925 342 1974 402 Ι.
2009 374 2087 385 —
2117 339 2540 401 HISTORICA
2584 339 2685 400 ET
2728 339 3216 403 DOGMATICA.

3642 335 3761 399 760

337 476 685 548 scripserint
714 494 839 549 qua
871 477 928 532 in
958 476 1276 549 Scripturis
1307 493 1421 531 non
1454 475 1828 545 habentur,et
1844 492 1996 550 sape

2121 492 2245 534 τεως
2281 490 2294 540 ;
2328 468 2628 546 Γράφοντες
2687 469 2800 550 (54)
2857 466 2961 543 γὰρ
3020 469 3235 548 ἄγραφα
3289 471 3376 525 καὶ
3437 466 3613 537 αὐτοὶ,
3665 467 3756 524 καὶ

338 565 680 620 substantia
711 582 925 621 nomen
960 571 1022 620 ut
1070 581 1306 634 sanum,
1342 564 1594 620 maxime
1625 570 1860 638 propter
1889 565 1996 620 Eu-

339 654 484 711 sebii
515 654 1198 727 epistolam,reccperint,
1234 655 1486 725 majores
1518 671 1657 710 suos
1691 671 1846 709 nunc
1879 655 1994 709 cri-

339 742 661 808 minantur,
695 743 850 814 quod
901 742 1242 815 bujusmodi
1274 742 1396 797 sint
1445 743 1535 798 usi
1591 743 1811 799 verbis.
1874 747 1995 797 lmo

341 847 475 888 cum
505 831 616 903 ipsi
641 848 870 904 quoque
893 831 1149 887 dixerint
1175 831 1383 886 Filium
1411 847 1540 888 esse
1561 832 1744 888 Deum
1769 849 1832 888 ex
1857 831 1994 897 Deo,

344 936 410 975 ac
431 919 687 975 Verbum
712 920 938 987 vivens,
965 921 1309 976 substantia
1334 921 1522 976 Patris
1546 921 1863 992 imaginem
1896 937 1999 992 per

344 1007 542 1064 omnia
573 1007 854 1072 similem,
878 1009 1006 1079 jam
1059 1009 1321 1064 Nicanos
1351 1009 1552 1065 Patres
1584 1009 1996 1076 criminantur,

343 1096 497 1169 quod
529 1096 800 1163 dixerint,
832 1114 900 1153 ex
932 1099 1291 1168 substantia,
1325 1115 1389 1153 ac
1433 1098 1995 1155 consubstantialem

341 1201 472 1242 esse
501 1185 750 1258 genitori
781 1187 1069 1258 genitum.
1104 1186 1248 1252 Quid
1303 1185 1518 1242 mirum
1553 1191 1745 1243 autem
1781 1188 1829 1243 si
1863 1204 1994 1243 cum

343 1275 692 1346 majoribus,
728 1280 783 1330 et
809 1291 942 1330 cum
976 1277 1244 1347 patribus
1274 1276 1400 1333 suis
1432 1283 1721 1348 pugnant,
1757 1277 1852 1332 ubi
1885 1277 2000 1349 ipsi

343 1381 544 1420 secum
576 1370 912 1420 concertant
944 1366 1001 1419 in
1035 1382 1214 1436 seque
1247 1366 1409 1438 ipsos
1443 1366 1825 1438 impingunt?
1855 1368 1998 1421 Cum

333 1453 489 1510 enim
521 1452 842 1508 Antiochia
893 1454 951 1508 in
998 1453 1313 1521 Encaniis,
1349 1459 1414 1509 ut
1448 1460 1678 1520 vocant,
1708 1455 2001 1510 declaras-

335 1547 469 1600 sent
500 1542 712 1598 Filium
745 1558 875 1598 esse
914 1543 1261 1599 substantia
1293 1543 1487 1599 Patris
1519 1547 1645 1600 sine
1677 1543 1796 1600 ulla
1826 1544 2002 1600 dissi-

339 1631 686 1688 militudine
715 1631 1060 1705 imaginem,
1085 1633 1508 1706 jurassentque
1537 1649 1601 1690 se
1630 1633 1714 1689 ita
1765 1634 2003 1699 sentire,

342 1738 409 1777 ac
440 1737 540 1777 eos
570 1721 668 1792 qui
702 1720 872 1776 aliter
897 1721 1183 1778 sentirent
1213 1723 1586 1778 anathemate
1601 1723 2005 1797 damnassent,

348 1810 466 1866 imo
493 1811 549 1865 in
580 1809 804 1865 Isauria
825 1810 1239 1883 scripsissent:
1266 1811 1390 1867 Non
1415 1812 1740 1885 refugimus
1762 1811 2008 1867 authen-

344 1900 521 1955 ticam
575 1899 746 1955 ﬁdem
802 1900 860 1956 in
915 1899 1199 1956 Encaniis
1248 1901 1569 1958 Antiochia
1618 1900 1830 1957 editam
1864 1900 2008 1973 (illic

351 1993 547 2046 autem
572 1988 918 2044 substantia
941 2005 1152 2044 nomen
1167 1989 1452 2061 scriptum
1467 1989 2004 2062 est),velutieorum

355 2077 934 2150 immemores,paulo
967 2083 1099 2150 post
1124 2079 1182 2133 in
1207 2078 1334 2150 ipsa
1362 2079 1584 2136 Isauria
1607 2079 1680 2134 iis
1702 2080 2008 2134 adversan-

350 2166 433 2223 tia
461 2167 878 2238 conscripsere,
901 2166 1158 2233 'Bcilicet,
1203 2166 1496 2238 ὁμοούσιον
1530 2174 1589 2224 st
1629 2166 2002 2240 ὁμοιοούσιον,

348 2255 458 2311 hoc
488 2259 599 2322 est,
631 2255 1134 2312 consubstantiale
1181 2261 1238 2312 et
1284 2257 1619 2313 substantia
1666 2256 1880 2328 simile,
1911 2262 2004 2312 ut-

351 2349 488 2417 pote
517 2361 550 2398 a
579 2343 896 2415 Scripturis
944 2344 1155 2413 aliena,
1189 2347 1513 2416 rejicimus,
1557 2351 1613 2402 et
1660 2345 2003 2402 substantia

351 2449 567 2488 nomen
599 2433 670 2487 de
704 2433 894 2488 medio
914 2432 1423 2506 tollimus,quippe
1445 2451 1577 2489 cum
1602 2435 1662 2490 in
1688 2433 2005 2506 Scripturis

354 2538 470 2578 non
502 2523 844 2593 reperiatur.

428 2610 519 2665 38.
554 2609 696 2674 Quis
729 2610 910 2682 igitur
956 2610 1109 2667 viros
1142 2611 1482 2682 bujusmodi
1531 2611 1776 2668 ulterius
1806 2610 2005 2667 Chris-

358 2699 552 2756 tianos
581 2698 988 2756 existimabit?
1020 2705 1134 2756 Aut
1171 2718 1298 2772 qua
1332 2701 1498 2772 ﬁdes,
1541 2702 1694 2772 apud
1723 2718 1870 2773 quos
1902 2719 2008 2758 nec

355 2788 554 2854 verba,
590 2805 696 2844 nec
723 2788 941 2861 scripta
969 2789 1137 2845 ﬁrma
1166 2793 1325 2855 sunt,
1361 2791 1462 2845 sed
1497 2790 1696 2845 omnia
1728 2808 1830 2862 pro
1861 2799 2008 2847 lem-

361 2879 519 2951 poris
551 2877 773 2933 ratione
805 2883 1111 2934 mutantur
1140 2883 1196 2933 et
1235 2879 1645 2934 invertuntur?
1678 2881 1735 2935 Si
1765 2880 1944 2948 enim,
1977 2898 2010 2937 ο

359 2965 532 3022 Acaci
563 2969 620 3020 et
652 2965 890 3035 Eudoxi,
925 2983 1038 3021 non
1073 2966 1341 3039 refugitis
1372 2966 1691 3038 expositam
1721 2967 1780 3022 in
1818 2969 2012 3024 Enca-

360 3053 475 3110 niis
506 3054 769 3122 ﬁdem,in
802 3071 986 3127 eaque
1019 3056 1305 3126 scriptum
1338 3063 1448 3127 est,
1471 3055 1678 3113 Filium
1712 3074 1840 3114 esse
1873 3057 2013 3114 sub-

359 3143 590 3199 stantia
620 3143 810 3198 Patris
849 3144 976 3200 sine
1006 3145 1404 3216 discrepantia
1452 3147 1788 3218 imaginem,
1822 3164 1927 3203 cur
1952 3147 2012 3203 in

2103 557 2491 633 ἀποδεξάμενοι
2522 555 2794 619 πολλάκις
2825 557 2899 618 ὡς
2934 557 3100 613 καλὸν
3133 559 3194 614 τὸ
3222 564 3323 628 τῆς
3356 557 3540 620 οὐσίας
3563 553 3754 632 ὄνομα,

2108 648 2345 722 μάλιστα
2391 648 2481 702 καὶ
2531 645 2620 702 διὰ
2663 647 2763 714 τήν
2812 644 3105 717 ἐπιστολὴν
3165 642 3446 717 Εὐσεϐίου,
3476 645 3755 702 αἰτιῶνται

2103 742 2194 792 νῦν
2232 737 2360 800 τοὺς
2412 736 2519 813 πρὸ
2550 737 2748 803 αὐτῶν,
2800 737 2874 798 ὡς
2919 736 3198 798 τοιαύταις
3245 735 3632 813 χρησαμένους
3665 735 3756 791 λέ-

2104 830 2262 898 ξεσιν.
2313 825 2493 882 Ἀλλά
2537 827 2624 880 καὶ
2678 825 2918 888 εἰπόντες
2969 825 3124 880 αὐτοὶ
3173 827 3302 881 Θεὸν
3354 824 3414 880 ἐκ
3461 829 3616 898 Θεοῦ,
3665 827 3756 881 καὶ

2105 918 2278 992 Λόγον
2340 920 2513 985 ζῶντα
2547 960 2562 982 ,
2619 916 2718 986 τῆς
2777 913 2959 977 οὐσίας
3017 919 3115 970 τοῦ
3164 914 3373 990 Πατρὸς
3431 914 3755 991 ἀπαράλλα-

2105 1026 2230 1060 κτον
2409 1005 2588 1060 εῗκόνα
2615 1003 2707 1058 τὸν
2741 1004 2889 1076 Υἱὸν,
2915 1008 3282 1079 κατηγοροῦσι
3329 1007 3435 1059 τῶν
3478 1003 3527 1059 ἐν
3563 1011 3605 1059 Ν
3615 1007 3761 1076 ικαίᾳ

2108 1093 2374 1149 εἷ’πόντων
2406 1096 2541 1167 (56),
2575 1092 2634 1148 ἐκ
2680 1099 2780 1162 τῆς
2825 1093 3035 1160 οὐσίας,
3068 1093 3157 1149 καὶ
3197 1093 3490 1167 ὁμοούσιον
3519 1094 3608 1148 τὸν
3637 1116 3757 1170 γεν-

2106 1185 2332 1253 νηθέντα
2354 1181 2434 1255 τῷ
2461 1177 2830 1257 γεγεννηκότι.
2864 1181 2924 1236 Τί
2972 1179 3030 1236 δὶ
3078 1183 3386 1255 θαυμαστὸν
3421 1183 3466 1238 εἰ
3508 1188 3623 1244 τοῖς
3653 1184 3759 1258 πρὸ

2107 1271 2280 1326 αὐτῶν
2311 1272 2398 1325 καὶ
2432 1275 2548 1331 τοῖς
2583 1266 2743 1331 ἶδίοις
2792 1267 3025 1345 πατράσι
3075 1265 3464 1344 διαμάχονται,
3512 1271 3649 1324 ὅπου
3696 1290 3760 1344 γε

2107 1360 2195 1415 καὶ
2228 1359 2381 1414 αὐτοί
2410 1360 2620 1420 ἑαυτοῖς
2653 1357 3078 1432 ἐναντιούμενοι,
3108 1363 3224 1420 τοῖς
3278 1358 3481 1413 ἑαυτῶν
3520 1358 3760 1434 προσκό-

2109 1469 2368 1518 πτουσιν;
2399 1449 2711 1521 Ἐκθὲμενοι
2756 1447 2858 1524 γὰρ
2914 1446 2966 1502 ἐν
3014 1453 3131 1511 τοῖς
3182 1445 3504 1523 λεγομένοις
3547 1449 3761 1523 Ἐγκαι-

2109 1539 2246 1600 νίοις
2291 1537 2343 1592 ἐν
2396 1537 2702 1614 ’Δντιοχείᾳ
2751 1544 2850 1607 τῆς
2901 1536 3082 1600 οὐσίας
3134 1541 3229 1591 τοῦ
3262 1537 3469 1613 Πατρὸς
3518 1535 3759 1611 ἀπαράλ-

2113 1625 2310 1682 λακτον
2345 1625 2527 1682 εἰκόνα
2559 1627 2694 1681 εἶναι
2731 1627 2823 1682 τὸν
2872 1628 3014 1696 ι’ἱὸν,
3046 1625 3340 1699 ὸμόσαντὲς
3368 1647 3426 1681 τε
3454 1628 3566 1700 (57)
3616 1625 3760 1682 οὕτω

2065 1737 2073 1744 ’
2115 1722 2354 1795 φρονεῖν,
2385 1717 2474 1770 καὶ
2525 1715 3002 1788 ἀναθεματίσαντες
3035 1715 3159 1778 τοῦς
3189 1713 3378 1778 ἄλλως
3410 1720 3760 1794 φρονοῦντας,

2115 1803 2263 1861 ἄλλά
2309 1806 2408 1881 γὰρ
2457 1805 2546 1859 καὶ
2593 1804 2644 1860 ἐν
2694 1807 2763 1878 τῇ
2816 1804 3050 1879 ἰσαυρίᾳ
3085 1805 3404 1880 γράψαντες·
3457 1803 3534 1861 Οὐ
3575 1805 3763 1882 φεύγο-

2117 1915 2212 1968 μεν
2244 1895 2342 1963 τήν
2377 1893 2676 1958 ἐκτεθεῖσαν
2721 1893 3030 1962 αὐθεντικήν
3075 1891 3257 1948 πίστιν
3307 1891 3358 1948 ἐν
3388 1897 3510 1956 τοῖς
3548 1894 3760 1969 ’Ῑὲἶγκιιι⁹

2112 1983 2247 2046 νίοις
2277 1990 2393 2045 τοῖς
2421 1983 2557 2038 κατὰ
2605 1982 2947 2059 Ἀντιόχειαν
3001 1981 3074 2055 (ἐν
3109 1981 3292 2045 αὐτοῖς
3327 1980 3385 2038 δὲ
3560 1981 3761 2059 ἐγράφη

2111 2074 2174 2128 τὸ
2219 2077 2319 2138 τῆς
2366 2073 2552 2135 οὐσίας
2602 2068 2824 2145 ὄνομα),
2877 2071 3060 2142 ὥσπερ
3103 2069 3491 2144 ἐπιλαθόμενοι
3531 2070 3762 2141 τούτων,

2117 2163 2233 2235 μετ’
2269 2160 2457 2238 ὀλίγον
2490 2161 2541 2216 ἐν
2591 2164 2659 2235 τῇ
2714 2159 2850 2234 αὐτῇ
2911 2160 3144 2235 Ἰσαυρίᾳ
3193 2159 3446 2214 τάναντία
3504 2156 3766 2236 ἔγραψαν,

2115 2250 2382 2326 λέγοντες·
2415 2251 2486 2305 Τὸ
2517 2249 2810 2323 ὁμοούσιον
2833 2249 3004 2304 καὶτὸ
3037 2248 3388 2322 ὁμοιοούσιον
3419 2252 3534 2322 (59)
3564 2243 3760 2304 ἐκϐάλ-

2116 2338 2311 2412 λομεν,
2343 2339 2416 2400 ὡς
2455 2337 2749 2415 ἀλλότριον
2795 2343 2903 2394 τῶν
2947 2341 3194 2414 Γραφῶν·
3224 2337 3315 2392 καὶ
3355 2337 3417 2392 τὸ
3445 2343 3545 2406 τῆς
3577 2336 3762 2399 οὐσίας

2114 2423 2288 2502 ὄνομα
2346 2433 2758 2504 περιαιροῦμεν,
2820 2427 2894 2489 ὡς
2954 2428 3031 2500 μὴ
3089 2426 3333 2500 κείμενον
3382 2425 3433 2479 ἂν
3473 2430 3591 2487 ταῖς
3626 2431 3762 2501 Γραο
3865 2451 3875 2460 -

2153 2539 2259 2580 αις.

2153 2540 2259 2580 αις.

2113 2540 2148 2596 φ
2185 2609 2273 2664 38.
2320 2609 2412 2668 Τίς
2459 2604 2548 2660 οῦν
2605 2603 2681 2661 ἔτι
2731 2604 2858 2668 τοὺς
2903 2604 3189 2666 τοιούτους
3232 2602 3588 2681 Χριστιανοὺς
3631 2605 3770 2678 ἡγή-

2120 2717 2267 2751 σεται
2303 2716 2316 2765 ;
2351 2703 2421 2750 ’Ἡ
2453 2695 2581 2750 ποία
2630 2695 2809 2757 πίστις
2840 2695 2988 2772 παρὰ
3034 2694 3273 2764 τούτοις,
3305 2694 3431 2770 παρ’
3464 2696 3548 2756 οἷς
3579 2691 3640 2749 οὐ
3671 2692 3773 2749 λό-

2121 2806 2218 2859 γος
2246 2829 2260 2853 ,
2302 2783 2363 2839 οὐ
2411 2785 2644 2859 γράμμα
2699 2778 2937 2860 βέϐαιον,
2991 2781 3136 2838 ἀλλᾶ
3185 2783 3359 2838 πάντα
3406 2782 3540 2837 κατὰ
3586 2783 3773 2857 καιρὸν

2124 2872 2454 2929 ἀλλάσσεται
2503 2873 2593 2927 καὶ
2650 2866 3049 2946 μεταϐάλλεται
3099 2874 3213 2946 (60)
3248 2890 3260 2941 ;
3296 2872 3360 2928 Ei
3390 2873 3513 2948 γὰρ,
3543 2869 3588 2926 ὦ
3619 2869 3781 2927 Ἀκά-

2119 2983 2203 3016 κιε
2257 2961 2346 3017 καὶ
2416 2959 2662 3034 Εὐδόξιε,
2719 2961 2781 3016 οὐ
2838 2959 3062 3039 φεύγετε
3089 2961 3188 3030 τήν
3232 2958 3528 3024 ἐκτεθείσαν
3585 2959 3782 3022 ἐντοῖς

2123 3052 2456 3128 Ἐγκαινίοις
2515 3052 2714 3120 πίστιν,
2774 3050 2825 3105 ἐν
2889 3049 3026 3124 αὐτῇ
3084 3047 3141 3104 δὲ
3209 3051 3532 3126 γέγραπται,
3590 3049 3786 3112 Οὐσίας

2124 3140 2552 3214 ἀπαράλλακτος
2612 3139 2770 3194 εἰκὼν
2831 3141 2860 3194 6
2919 3139 3079 3202 Υἱός·
3141 3143 3258 3201 πῶς
3317 3138 3370 3194 ἐν
3426 3143 3496 3213 τῇ
3550 3139 3786 3215 Ἰσαυρίᾳ

361 3232 588 3288 Isauria
637 3232 920 3298 scribitis,
954 3233 1258 3303 rejicimus
1311 3233 1601 3304 ὁμοούσιον
1621 3232 1732 3290 ‘?‘Si
1764 3253 2008 3300 namque

2127 3235 2379 3310 γράφετε,
2409 3228 2786 3304 Ἐκϐάλλομεν
2827 3232 2890 3286 τὸ
2933 3229 3227 3303 ὁμοούσιον
3262 3233 3374 3302 (61)
3407 3249 3422 3300 ;
3455 3230 3515 3285 Εί
3547 3231 3650 3306 γὰρ
3682 3231 3785 3286 οὐκ

361 3320 548 3377 Filius
566 3321 891 3376 secundum
918 3321 1310 3377 substantiam
1335 3322 1491 3378 Patri
1514 3323 1729 3380 similis
1762 3342 1874 3380 non
1909 3329 2020 3392 est,

360 3409 462 3482 qui
495 3410 843 3465 substantia
875 3409 1068 3482 imago
1101 3412 1211 3466 erit
1241 3411 1367 3468 sine
1397 3412 1789 3484 discrepantia
1814 3416 1836 3468 Ρ
1857 3415 2019 3480 Quod

359 3499 410 3554 si
434 3515 536 3553 vos
561 3497 844 3569 pcenituit
868 3499 1197 3570 scripsisse,
1214 3517 1346 3555 eum
1370 3517 1498 3556 esse
1519 3501 1644 3557 sine
1675 3502 2020 3574 discrepan-

361 3587 444 3642 tia
475 3587 819 3642 substantia
847 3587 1300 3658 imaginem,cur
1329 3590 1701 3645 anathemate
1724 3591 2021 3647 damnatis

363 3692 463 3732 eos
495 3675 597 3747 qui
646 3674 850 3730 dicunt
893 3676 1104 3732 Filium
1155 3693 1284 3731 esse
1332 3677 1485 3732 Patri
1533 3678 1932 3735 dissimilem?
1962 3681 2018 3737 Si

366 3764 526 3820 enim
559 3763 772 3820 similis
799 3781 911 3820 non
945 3771 1034 3820 est
1065 3767 1392 3822 secundum
1425 3768 2020 3841 substantiam,plane

365 3853 674 3909 dissimilis
703 3859 812 3910 est.
833 3854 994 3919 Quod
1028 3861 1222 3910 autem
1254 3855 1543 3913 dissimile
1576 3863 1684 3926 est,
1721 3875 2017 3928 nunquam

364 3941 559 4014 imago
592 3942 788 3998 fuerit.
825 3943 950 4014 Sin,
993 3945 1074 3999 uti
1109 3961 1208 3999 vos
1241 3945 1458 4001 dicitis:
1495 3946 1575 4000 ita
1605 3961 1667 4001 se
1699 3963 1791 4002 res
1822 3947 2016 4015 habet,

364 4047 566 4087 verum
601 4048 738 4104 ergo
771 4049 885 4088 non
939 4036 1031 4088 est
1071 4033 1169 4104 qui
1222 4035 1366 4088 vidit
1398 4033 1628 4100 Filium,
1665 4039 1889 4090 Patrem
1939 4037 2015 4090 vi-

362 4120 542 4190 disse,
576 4138 712 4176 cum
745 4121 931 4177 multa
964 4122 1116 4178 inter
1147 4127 1466 4194 utrumque
1497 4122 1574 4178 sit
1603 4122 2016 4196 discrepantia,

359 4208 480 4264 imo
514 4210 710 4281 potius
740 4209 834 4265 hic
867 4211 945 4266 sit
978 4211 1059 4266 illi
1099 4213 1335 4266 omnino
1367 4210 1698 4266 dissimilis.
1719 4211 1879 4275 Quod
1913 4229 2016 4268 au-

359 4302 480 4353 tem
531 4297 818 4353 dissimile
849 4305 959 4367 est,
996 4299 1189 4355 simile
1239 4317 1540 4372 nunquam
1594 4301 1842 4356 dicatur.
1893 4303 2017 4368 Quo

363 4390 534 4457 pacto
565 4385 744 4457 igitur
775 4387 1068 4443 dissimile
1099 4389 1296 4445 dicitis
1319 4388 1594 4456 simile,et
1625 4389 1818 4446 simile
1848 4391 2017 4446 dissi-

361 4473 501 4529 mile
532 4475 908 4543 existimatis,
931 4494 995 4532 ac
1027 4477 1403 4534 simulatione
1436 4479 1525 4534 usi
1557 4478 1771 4545 dicitis,
1808 4480 2014 4536 Filium

2130 3321 2240 3377 ἔστι
2288 3323 2405 3377 κατ’
2452 3320 2634 3377 οὐσίαν
2683 3319 2875 3392 ὅμοιος
2907 3321 2936 3374 6
2965 3320 3088 3374 Υἱὸς
3119 3323 3199 3391 τῷ
3235 3318 3429 3394 Πατρὶ,
3457 3323 3577 3383 πῶς
3610 3321 3782 3395 ἀπαρ-

2130 3408 2404 3472 άλλακτος
2445 3413 2544 3479 τῆς
2594 3409 2777 3469 οὐσίας
2822 3408 2982 3463 εἰκών
3015 3407 3156 3462 ἐστιν
3193 3427 3207 3476 ;
3241 3407 3302 3464 Ei
3350 3405 3408 3463 δὶ
3459 3406 3780 3484 μετέγνωτε,

2127 3501 2424 3576 γράψαντες
2451 3499 2536 3566 τὸ,
2581 3506 2682 3568 τῆς
2733 3498 2916 3560 οὐσίας
2966 3495 3389 3571 ἀπαράλλακτος
3441 3496 3620 3552 εἷ’κών·
3664 3501 3782 3559 πῶς

2130 3589 2546 3662 ἀναθεματίζετε
2591 3587 2718 3650 τοὺς
2773 3587 3029 3660 ἀνόμοιον
3083 3587 3214 3641 εἶναι
3249 3584 3510 3660 λέγοντας
3542 3588 3659 3661 (62)
3689 3586 3782 3642 τὸν

2130 3679 2252 3732 Υἱόν
2287 3697 2299 3746 ;
2338 3677 2398 3734 Εἰ
2442 3678 2545 3751 γὰρ
2599 3675 2707 3751 οὐχ
2754 3674 2948 3748 ὅμοιος
2996 3675 3111 3730 κατ’
3173 3673 3378 3742 οὐσίαν,
3438 3675 3634 3737 πάντες
3693 3675 3784 3729 ἀν-

2129 3765 2320 3838 όμοιός
2353 3765 2486 3821 ἐστι.
2521 3767 2599 3822 Τὸ
2649 3763 2706 3820 δὶ
2753 3765 3012 3837 ἀνόμοιον
3062 3763 3161 3818 οὐκ
3192 3761 3251 3818 ἂν
3285 3761 3368 3832 εἴη
3410 3763 3588 3819 εἰκών.
3627 3763 3690 3818 El
3721 3761 3782 3818 δὲ

2128 3855 2270 3909 οὕτω
2317 3858 2436 3918 καθ’
2485 3854 2626 3927 ὐμᾶς
2670 3853 2834 3925 ἐστιν,
2885 3853 2985 3908 οὐκ
3032 3854 3135 3927 ἄρα
3167 3852 3312 3907 ὸτὸν
3362 3854 3484 3907 Υἱὸν
3518 3851 3778 3926 ἑωρακὼς

2133 3944 2340 4020 ἑώρακε
2385 3944 2476 3998 τὸν
2525 3945 2752 4019 Πατέρα,
2807 3941 3071 4011 πλείστης
3115 3941 3247 4011 ὅσης
3297 3940 3461 4012 οὔσης
3494 3939 3776 4019 διαφορᾶς·

2131 4032 2345 4106 μᾶλλον
2383 4031 2441 4087 δὲ
2459 4033 2521 4087 τὸ
2551 4031 2680 4088 ὅλον
2714 4028 2864 4094 ὄντος
2892 4032 3089 4086 τούτου
3120 4030 3256 4106 πρὸς
3301 4029 3508 4086 ἐκεῖνον
3542 4033 3652 4103 (63)
3683 4031 3774 4086 ἀν-

2126 4122 2342 4194 ομοίου.
2375 4123 2444 4175 Τὸ
2476 4120 2532 4177 δὲ
2566 4123 2822 4194 ἀνόμοιον
2851 4119 2960 4196 οὐχ
3000 4120 3115 4175 οἷόν
3164 4141 3223 4175 τε
3265 4118 3462 4192 ὅμοιον
3504 4118 3775 4196 λέγεσθαι.

2128 4213 2264 4282 ιΙοίᾳ
2291 4212 2472 4266 τοίνυν
2509 4214 2734 4286 μηχανῇ
2765 4211 2828 4265 τὸ
2857 4210 3114 4283 ἀνόμοιον
3140 4208 3331 4282 ὅμοιον
3366 4207 3575 4284 λίγετε,
3594 4208 3684 4263 καὶ
3712 4211 3775 4264 τὸ

2125 4302 2316 4372 ὅμοιον
2376 4299 2634 4373 ἀνόμοιον
2690 4305 2956 4378 φρονεῖτε,
2995 4300 3084 4353 καὶ
3139 4298 3489 4374 ὐποκρίνεσθε
3522 4295 3773 4372 λέγοντες

2125 4388 2304 4444 εἷ’κόνα
2345 4391 2476 4444 εἶναι
2519 4394 2614 4443 τοῦ
2673 4389 2881 4464 ΙΙατρὸς
2927 4389 3017 4443 τὸν
3047 4387 3169 4442 Υἱόν
3203 4407 3215 4456 ;
3252 4387 3310 4442 Ei
3359 4387 3462 4462 γὰρ
3512 4386 3612 4442 οὐκ
3663 4384 3771 4442 ἔστι

2125 4479 2241 4534 κατ’
2272 4478 2450 4533 οὐσίαν
2504 4477 2696 4551 ὅμοιος
2731 4479 2759 4532 6
2809 4478 2930 4540 Υἱὸς
2973 4481 3073 4532 τοῦ
3119 4478 3351 4551 ΙῙατρὸς,
3408 4475 3584 4531 λείπει
3624 4496 3675 4530 τι
3703 4480 3773 4550 τῇ

361 4579 489 4617 esse
521 4562 708 4618 Patris
761 4565 1075 4634 imaginem
1098 4566 1125 4619 ‘I
1153 4566 1212 4621 Si
1245 4567 1402 4621 enim
1449 4567 1629 4623 Filius
1660 4585 1774 4624 non
1805 4575 1893 4624 est
1923 4586 2008 4625 se-

2125 4567 2314 4638 εἷκόνι,
2341 4567 2428 4622 καὶ
2457 4569 2561 4623 οὐκ
2590 4564 2699 4622 ἔστι
2731 4566 2952 4642 πλήρης
2986 4565 3167 4636 εἰκὼν,
3201 4563 3325 4620 οὐδὲ
3353 4563 3561 4620 τέλειον
3608 4565 3775 4620 ἀπαύ-

362 4651 622 4706 cundum
673 4652 1067 4708 substantiam
1101 4655 1287 4709 Patris
1333 4654 1564 4724 similis,
1597 4655 1822 4728 aliquid
1873 4674 2008 4712 sane

2122 4677 2322 4732 γασμα.
2377 4662 2502 4718 ΙΙῶς
2556 4654 2648 4710 οῦν
2697 4653 3087 4728 ἀναγινώσκετε
3135 4655 3220 4721 τὸ,
3254 4679 3282 4707 ι‹
3317 4655 3401 4708 Ἐν
3451 4653 3599 4726 αὐτῷ
3643 4674 3770 4709 κατ-

361 4739 605 4812 imagini
639 4740 854 4806 deficit,
889 4759 1076 4814 neque
1107 4749 1196 4798 est
1228 4743 1398 4815 plena
1428 4744 1645 4815 imago,
1677 4762 1790 4800 non
1824 4747 2014 4818 perfe-

361 4832 495 4886 ctus
528 4828 825 4902 splendor.
849 4834 968 4889 Cur
997 4831 1196 4904 itaque
1227 4831 1335 4889 hoc
1364 4832 1596 4904 legitis:
1625 4837 1735 4889 «In
1768 4833 1893 4907 ipso
1925 4836 2010 4890 in-

361 4916 590 4974 habitat
610 4918 804 4976 omnis
834 4920 987 4977 ουτ
1021 4919 1320 4992 plenitudo
1350 4921 1670 4979 divinitatis
1696 4923 2013 4995 corporali-

433 5184 550 5260 (ξέ)
583 5183 733 5260 Felc-
767 5187 821 5260 3.
853 5186 1173 5260 γράψᾳντες-

435 5257 550 5324 (55)
579 5257 816 5335 Fe_lc._3,
851 5257 980 5312 Θεὸν
1007 5257 1064 5312 ἐκ
1096 5263 1230 5314 Θεοῦ
1274 5257 1717 5335 ἀπαράλλακτον,
1770 5262 2014 5334 quibus-

361 5327 504 5384 dam
539 5329 798 5384 omissis.

431 5399 545 5469 (56)
587 5401 982 5456 Felckmanni.
1016 5401 1104 5454 καὶ
1140 5400 1314 5458 εῗίτων.

431 5473 665 5543 (57)_Sic
698 5473 832 5543 Reg.
869 5473 930 5526 In
965 5475 1137 5529 editis
1168 5495 1224 5527 τε
1255 5477 1439 5532 deest.
1491 5477 1618 5532 Mox
1674 5476 1924 5532 Felckm.
1956 5478 2008 5543 3,

361 5540 906 5622 fob:-¢i_z'_)\_)\ou_§._ldox
938 5548 1073 5618 Reg.
1120 5552 1175 5602 et
1226 5547 1369 5603 Felc.
1421 5549 1473 5620 3,
1525 5546 1576 5601 ἐν
1621 5550 1688 5620 τῇ
1751 5540 2009 5622 Ἰσαυρίᾳξ

369 5612 431 5668 In
456 5615 629 5669 editis
647 5615 716 5683 τῇ
746 5616 930 5672 deest.
1021 5605 1036 5618 ‘
1461 5605 1473 5620 ’
1666 5605 1673 5620 ‘

439 5685 554 5757 (58)
586 5683 838 5742 Felekm.
882 5688 936 5757 3,
968 5683 1018 5740 ἐν
1052 5688 1190 5761 αὐτῇ
1219 5685 1295 5745 δέ.

2125 4751 2264 4801 οικεῖ
2319 4753 2422 4800 πᾶν
2474 4745 2537 4800 τὸ
2595 4744 2878 4820 πλήρωμα
2923 4751 3024 4813 τῆς
3057 4741 3315 4813 θεὸτητος
3355 4747 3700 4816 σωματικῶς·
3735 4767 3764 4794 ››

2122 4837 2237 4906 καὶ,
2273 4859 2299 4890 α
2330 4836 2425 4892 Ἐκ
2453 4839 2550 4889 τοῦ
2580 4834 2958 4911 πληρώματος
2977 4834 3146 4889 αὐτοῦ
3166 4835 3329 4906 ἡμεῖς
3355 4831 3551 4895 πάντες
3580 4828 3772 4888 ἐλάϐο-

2127 4945 2222 4999 μεν
2256 4945 2270 4996 ;
2305 4949 2334 4976 ››
2366 4928 2490 4986 Πῶς
2519 4923 2611 4980 τὸν
2672 4924 2944 5000 Ἀρειανὸν
3003 4921 3212 4979 Ἀέτιον
3269 4922 3345 4984 ὡς
3385 4920 3654 4998 αἱρετικὸν
3683 4918 3771 4977 ἐκ·

2126 5194 2312 5319 ἀλῇω
2344 5194 2437 5250 Sic
2467 5194 2605 5264 Reg.
2639 5192 2792 5250 Editi
2823 5209 2979 5263 vero,
3012 5190 3352 5264 ὁμοιούσιον.
3387 5189 3516 5247 Mox
3545 5187 3696 5246 Felc.
3718 5189 3775 5254 3,

2273 5285 2415 5319 τοια.

2273 5285 2415 5340 τρια.

2197 5325 2315 5410 (60)
2340 5338 2430 5392 Sic
2464 5337 2687 5410 Reg._et
2718 5335 2869 5410 Eelc.
2901 5337 2966 5410 3._
2991 5337 3050 5410 In
3100 5333 3309 5410 editis,
3345 5331 3436 5410 agri
3498 5325 3776 5404 μεταϐάλ-

2127 5403 2494 5464 )«et'az'deest.
2530 5403 2682 5464 qura
2714 5409 2893 5474 idem,
2924 5404 3082 5461 είκών
3117 5405 3254 5461 ἐστιν
3289 5405 3317 5458 ὁ
3341 5403 3486 5466 Υἱός-

2196 5481 2307 5549 (61)
2338 5483 2503 5536 Forte
2533 5478 2883 5551 ὁμοιοούσιον

2195 5548 2308 5622 (62)
2342 5551 2490 5606 Edit.
2523 5548 2830 5622 Gommel.,
2875 5548 3149 5623 λέγοντες,
3180 5549 3482 5623 mendose:

2193 5619 2305 5694 (63)
2335 5623 2428 5680 Sic
2458 5623 2612 5696 Felc.
2647 5626 2680 5680 3
2707 5628 2764 5679 et
2792 5619 2929 5696 Reg.
2952 5619 3170 5696 prima
3212 5637 3414 5679 manu.
3468 5619 3624 5676 Idem
3676 5634 3769 5675 se-

2121 5692 2314 5752 cunda
2344 5712 2543 5766 manu,
2579 5692 2774 5765 ἐκεῖνο,
2808 5692 2939 5751 cuin
2972 5693 3168 5759 editis,
