4082 6342
259 375 375 440 ’164

1723 379 1825 438 DE
1868 377 2229 440 SYNODIS.

3550 375 3671 436 762

259 505 515 581 ϐάλλετε,
566 509 746 564 καίτοι
795 509 862 563 τὰ
906 508 1039 565 αὐτὰ
1089 509 1280 584 ἐκείνῳ
1325 509 1616 587 λέγοντες;
1662 511 1758 566 Καὶ
1811 511 1905 587 γὰρ

2027 517 2117 569 ter
2147 514 2213 581 ⁴¹,
2248 534 2275 563 ››
2311 517 2387 583 et,
2419 534 2447 564 «
2478 529 2546 568 ex
2578 511 2941 584 plenitudine
2971 510 3102 580 ejus
3133 525 3240 565 nos
3269 523 3474 565 omnes
3505 525 3668 565 acce-

258 603 356 654 σοῦ
411 598 530 671 μὲν,
573 598 618 652 ὦ
651 598 867 654 Ἀκάκιε
895 600 1028 672 (64),
1057 599 1268 674 ἑταῖρός
1319 601 1484 669 ἐστιν,
1537 597 1794 671 Εὐδοείου
1853 598 1912 656 δὲ

258 686 593 750 διδάσκαλος
650 688 726 750 εἷς
772 689 869 757 τήν
922 688 1177 761 τοιαύτην
1248 686 1492 746 ἀσέϐειαν
1557 692 1797 766 γέγονεν,
1842 694 1910 760 ἧς

258 775 417 834 ἕνεκα
463 778 553 832 καὶ
600 777 852 833 Λεόντιος
901 778 1062 834 αὐτὸν
1096 780 1123 833 6
1154 777 1448 841 ἐπίσκοπος
1497 777 1742 834 διάκονον
1792 800 1914 834 κατ-

264 867 511 936 έστησενο
537 863 650 932 ἵνα,
679 866 752 927 ὡς
799 863 1056 939 ἑνδύματι
1229 861 1505 944 προϐάτον
1554 872 1633 940 τῷ
1681 869 1910 941 ὀνόματι

264 961 366 1024 τῆς
421 951 692 1016 διακονίας
744 956 1056 1030 χρώμενος,
1083 954 1166 1009 ἐπ’
1197 954 1376 1018 ἀδείας
1430 954 1635 1029 ἐξεμεῖν
1689 955 1910 1026 δύνηται

266 1047 335 1101 τὰ
361 1046 461 1115 τῆς
499 1043 854 1123 βλασφημίας
889 1045 1128 1121 ῥήματα.

331 1226 421 1282 39.
451 1223 514 1278 Τί
575 1222 668 1278 οὖν
734 1224 874 1297 ὑμᾶς
924 1222 1026 1299 ἄρα
1081 1243 1328 1280 τοιουτον
1381 1223 1610 1295 ἔπεισεν,
1637 1223 1775 1279 ὥστε
1819 1225 1910 1280 καὶ

259 1314 474 1376 ἑαυτοῖς
509 1313 586 1375 εἰς
614 1313 677 1368 τὸ
707 1311 947 1368 ἐναντίον
1008 1319 1342 1390 περιπεσεῖν,
1370 1315 1459 1369 καὶ
1505 1315 1772 1385 τοσαύτην
1825 1313 1910 1369 αἷ-

263 1402 472 1480 σχύνην
507 1403 932 1478 ἀπενέγκασθαι;
965 1401 1092 1458 ἀλλ’
1119 1400 1276 1458 οὐδὲν
1307 1401 1537 1478 εὔλογον
1589 1401 1648 1458 ἂν
1681 1399 1908 1459 εἷ’ποιτε·

257 1497 419 1547 τοῦτο
478 1489 537 1546 δὲ
599 1487 762 1564 μόνον
820 1490 1193 1568 περιλείπεται
1255 1497 1418 1561 νοεῖν,
1453 1492 1537 1548 ὅτι
1592 1494 1766 1548 πάντα
1819 1498 1907 1546 νῦν

265 1581 634 1657 ὑποκρίνεσθε,
691 1582 780 1636 καὶ
850 1579 1024 1634 πάντα
1100 1580 1569 1657 προσποιούμενοι
1645 1580 1910 1638 πλάττετε

259 1667 351 1726 διὰ
395 1671 495 1740 τὴν
546 1669 692 1745 παρὰ
734 1668 1110 1726 Κωνσταντίου
1311 1670 1662 1744 προστασίαν,
1713 1671 1801 1726 καὶ
1845 1672 1908 1726 τὸ

257 1759 406 1836 παρὰ
445 1763 543 1814 τοῦ
586 1758 840 1814 τοιούτου
890 1755 1104 1830 κέρδος.
1133 1759 1233 1814 Καὶ
1277 1765 1629 1835 κατηγορεῖτε
1681 1760 1774 1834 μὲν
1821 1759 1906 1816 εὖ-

261 1851 446 1943 χερῶς
475 1850 580 1943 τῶν
614 1847 888 1943 Πατέρων,
921 1847 1312 1943 προφασίζεσθε
1343 1846 1400 1904 δὲ
1431 1847 1620 1943 ἁπλῶς
1667 1850 1762 1912 τὰς
1811 1851 1907 1943 λέ-
1938 1878 1986 1943 Β

260 1941 390 2012 ξεις,
415 1937 492 2000 ὡς
547 1935 846 2015 ἀγράφους·
881 1936 971 1992 καὶ
1024 1937 1161 1992 κατᾶ
1214 1937 1276 1992 τὸ
1325 1937 1723 2014 γεγραμμένον,
1757 1963 1784 1990 ‹‹
1821 1936 1908 1994 δι-

259 2026 490 2083 ετείνατε
517 2026 584 2082 τὰ
619 2025 784 2096 σκέλη
845 2025 1004 2081 παντὶ
1053 2023 1302 2102 παρόδῳο
1337 2050 1364 2078 ››
1399 2025 1537 2082 ὥστε
1592 2029 1913 2092 τοσαυτάκις

261 2115 400 2189 ὑμᾶς
457 2110 916 2189 μεταϐάλλεσθαι,
946 2114 1128 2178 ὁσάκις
1161 2114 1220 2170 ἃν
1256 2116 1393 2190 ὑμᾶς
1452 2118 1504 2172 οἱ
1561 2116 1908 2190 μισθούμενοι

254 2205 345 2260 καὶ
402 2209 772 2281 χορηγοῦντες
829 2204 957 2275 ὑμῖν
1025 2202 1314 2280 βούλονται
1367 2207 1504 2278 (67).
1565 2205 1746 2260 Καίτοι
1810 2205 1904 2261 κᾶν

255 2293 530 2372 ἀγράφους
558 2313 643 2356 τις
673 2291 820 2368 λαλῇ
852 2292 1044 2367 λέξεις,
1078 2291 1231 2348 οὐδὲν
1275 2291 1536 2372 διαφέρει,
1567 2291 1672 2356 ἕως
1712 2291 1906 2362 εὐσεϐῆ

249 2384 354 2452 τὴν
386 2379 628 2438 διάνοιαν
660 2381 797 2459 ἔχει.
821 2384 879 2440 Ὁ
912 2380 969 2438 δὲ
998 2383 1269 2458 αἱρετικὸς
1314 2383 1469 2457 ἀνὴρ,
1503 2382 1598 2439 κᾶν
1645 2385 1741 2446 τὰς
1800 2385 1906 2440 ἀπὸ

248 2476 357 2526 τῶν
406 2475 632 2548 Γραφῶν
679 2474 957 2548 χρήσηται
1001 2470 1196 2546 λέξεις,
1247 2470 1400 2527 οὐδὲν
1449 2476 1610 2542 ἧττον
1662 2473 1904 2536 ὕποπτος

254 2558 469 2628 ὢν,καὶ
513 2563 605 2616 τὸν
655 2565 779 2616 νοῦν
831 2559 1245 2639 διεφθαρμένος,
1279 2563 1562 2618 ἀκούσεται
1610 2565 1757 2638 παρὰ
1808 2568 1904 2619 τοῦ

250 2650 592 2722 ΙΙνεύματος·
629 2674 656 2702 (ι
687 2653 800 2706 Ἵνα
848 2650 902 2704 τί
959 2651 1022 2705 σὺ
1075 2647 1247 2726 διηγῇ
1294 2654 1406 2724 (68)
1436 2653 1504 2706 τὰ
1556 2649 1903 2724 δικαιώματά

251 2760 382 2813 μου,
414 2739 504 2794 καὶ
535 2734 938 2812 ἀναλαμϐάνεις
965 2742 1065 2810 τὴν
1095 2738 1357 2811 διυθήκην
1403 2761 1508 2813 μου
1558 2739 1648 2796 διὰ
1690 2740 1898 2814 στόμα-

245 2827 341 2890 τός
373 2849 468 2883 σου
495 2847 509 2897 ;
543 2853 571 2880 ››
603 2827 792 2890 Οὕτως
824 2830 852 2884 6
887 2831 980 2902 μὲν
1029 2824 1312 2897 διάϐολος,
1335 2829 1511 2884 καίτοι
1557 2828 1740 2885 λαλῶν
1792 2830 1898 2885 ἀπὸ

249 2920 360 2972 τῶν
411 2921 660 2994 Γραφῶν,
709 2916 1024 2996 πεφίμωται
1075 2919 1222 2995 παρὰ
1281 2922 1379 2972 τοῦ
1432 2925 1715 2991 Σωτῆρος
1765 2920 1793 2973 6
1843 2917 1900 2974 δὲ

257 3003 525 3079 μακάριος
582 3003 819 3075 Παῦλος,
853 3003 947 3060 κᾶν
992 3006 1050 3059 ὲκ
1105 3010 1210 3060 τῶν
1267 3000 1455 3076 ἔξωθεν
1487 3005 1654 3081 λαλῇ·
1690 3031 1717 3059 ‹‹
1751 3011 1898 3083 Κρῆ-

248 3112 337 3154 τες
385 3090 465 3147 ἀεὶ
514 3096 777 3167 ψεῦσται·
816 3118 843 3145 ››
895 3095 1010 3160 καὶ,
1059 3118 1086 3146 ‹‹
1141 3097 1253 3152 Τοῦ
1294 3097 1396 3170 γὰρ
1441 3095 1553 3169 (69)
1597 3096 1687 3150 καὶ
1744 3097 1900 3170 γένος

251 3180 435 3254 ἐσμέν·
467 3206 495 3234 ››
525 3183 636 3251 καὶ,
669 3207 697 3236 ‹‹
736 3182 1060 3258 Φθείρουσιν
1118 3182 1227 3255 ἤθη
1270 3185 1486 3259 χρηστὰ
1535 3184 1750 3260 ὁμιλίαι
1797 3207 1897 3241 κα-

248 3239 358 3325 καιί·
395 3293 423 3322 ››
453 3269 579 3327 ἀλλ’
609 3239 783 3344 δμως,
816 3239 968 3347 ἅγιος
999 3271 1095 3344 ὢν,
1129 3239 1246 3349 έχει
1403 3239 1896 3344 διάνοιανεύσεϐῆ·
1931 3239 1973 3307 C

246 3359 334 3414 καὶ
364 3363 460 3414 τοῦ
490 3361 724 3436 Χριστοῦ
771 3364 898 3415 νοῦν
952 3357 1122 3436 ἔχων,
1149 3359 1476 3425 διδάσκαλός
1535 3361 1678 3418 ἐστιν
1735 3363 1899 3428 ἐθνῶν

246 3446 299 3502 ιν
350 3447 527 3504 πίστει
575 3447 666 3503 καί
712 3448 974 3520 ἇΛηθείᾳο
1025 3451 1114 3505 καὶ
1161 3451 1194 3505 ἃ
1251 3451 1431 3522 λαλεῖ,
1471 3458 1584 3526 μετ’
1632 3447 1903 3515 εὐσεϐείας

247 3538 554 3614 φθέγγεται.
591 3537 729 3593 Ποία
773 3538 952 3593 τοίνυν
995 3538 1046 3594 ἐν
1097 3545 1214 3602 τοῖς
1249 3541 1552 3616 Ἀρειανοῖς
1583 3545 1694 3616 (70)
1725 3541 1902 3618 ῥημα-

245 3625 387 3688 τίοις
441 3627 536 3682 κᾶν
594 3627 892 3696 πιθανότης
952 3627 1115 3696 ἐστὶν,
1162 3627 1213 3683 ἰν
1274 3631 1357 3692 οἷς
1412 3637 1747 3706 προτιμᾶται
1801 3635 1902 3686 τοῦ

259 3721 522 3785 Σωτῆρος
550 3719 584 3785 ἡ
617 3717 811 3789 κάμπη
844 3717 932 3772 καὶ
963 3720 997 3786 ἠ
1031 3717 1209 3793 άκρὶς,
1241 3718 1330 3774 καὶ
1386 3717 1718 3794 λοιδορεῖται
1775 3721 1902 3796 παρ’

251 3804 448 3862 αὐτῶν.
494 3805 608 3862 Οὐκ
663 3806 731 3874 ἧς
785 3827 938 3872 ποτε,
997 3806 1087 3861 καὶ
1146 3807 1414 3878 ἐκτίσθης,
1477 3809 1622 3878 ξένος
1671 3830 1730 3864 τε
1784 3811 1902 3864 κατ’

251 3893 439 3949 οὐσίαν
481 3898 576 3948 τοῦ
623 3899 757 3948 Θεοῦ
798 3896 1116 3969 τυγχάνεις’
1167 3897 1255 3950 καὶ
1306 3895 1453 3958 ὅλως
1497 3894 1650 3952 οὐδὲν
1702 3895 1904 3976 δυσφη-

256 3983 382 4056 μίας
412 3982 462 4037 ἐν
495 3982 678 4044 αὐτοῖς
706 3981 1137 4058 παραλέλειπται
1171 3987 1282 4056 (Ἠ)
1309 4004 1322 4054 ;
1355 3987 1422 4042 Τί
1457 3983 1514 4040 δὲ
1555 3988 1691 4062 πρὸς
1732 3986 1904 4064 εὐφη-

255 4072 379 4146 μίαν
439 4079 685 4148 παρῆκαν
741 4073 792 4126 οἱ
849 4075 1118 4145 Πατέρεςς
1153 4075 1250 4128 Καὶ
1309 4075 1370 4128 οὗ
1435 4074 1646 4146 μᾶλλον
1711 4075 1898 4149 ὑψηλή

253 4159 487 4228 διάνοια,
519 4161 608 4216 καὶ
669 4160 1031 4239 φιλόχριστος
1062 4158 1301 4219 εὐσέϐεια
1346 4165 1473 4238 παρ’
1503 4163 1687 4226 αὐτοῖς
1740 4163 1850 4220 ἐστι
1886 4184 1900 4235 ;

252 4250 350 4307 Καὶ
384 4252 537 4323 ὅμως
570 4255 738 4306 ταῦτα
773 4252 876 4324 μὲν
920 4247 1181 4326 ἔγραψαν,
1217 4251 1299 4307 ὅτι
1333 4248 1730 4327 Ἐκϐάλλομεν·
1765 4254 1902 4309 ἐκεί-

249 4361 358 4396 νων
414 4337 472 4395 δὲ
519 4344 624 4395 τῶν
677 4341 811 4395 κατὰ
851 4345 948 4395 τοῦ
995 4340 1195 4413 Κυρίου
1247 4339 1540 4417 λοιδοριῶν
1591 4343 1901 4419 ἀνέχονται,

251 4429 343 4484 καὶ
389 4428 653 4507 φανεροὺς
704 4428 927 4490 ἑαυτοὺς
975 4435 1104 4484 πᾶσι
1155 4433 1480 4485 καθιστῶσιν
1528 4435 1659 4505 (72),
1697 4431 1780 4486 ὅτι
1834 4430 1904 4487 δι’

255 4515 408 4574 οὐδὶν
440 4515 624 4592 ἕτερον
657 4519 928 4594 μάχονται
958 4519 1096 4593 πρὸς
1128 4520 1227 4588 τὴν
1279 4517 1499 4575 σύνοδον
1551 4520 1758 4587 ἐκείνην
1804 4523 1905 4591 τὴν

2019 602 2218 673 pimus
2247 602 2337 656 "‘I
2369 624 2395 651 »
2441 605 2558 657 Cur
2594 601 2876 656 Arianum
2927 599 3157 654 Aetium
3209 602 3272 653 ut
3329 598 3669 654 hmreticum

2020 691 2394 763 ejicitis,licet
2424 707 2492 747 ea
2520 693 2647 762 ipsa
2668 707 2792 759 quae
2819 688 2914 744 ille
2946 687 3301 759 loquamini?
3331 687 3459 743 Tibi
3487 687 3670 755 enim,

2020 780 2212 846 Aeaci,
2245 783 2470 836 amicus
2502 785 2610 848 est,
2644 780 3018 849 Eudoxioque
3050 777 3229 848 hujus
3262 776 3666 848 magisterim-

2021 868 2256 941 pietatis
2289 869 2419 940 fuit,
2453 869 2512 924 in
2543 868 2715 940 cujus
2753 867 3002 939 gratiam
3049 881 3182 920 eum
3218 865 3494 920 Leontius
3523 863 3673 937 epis-

2021 975 2205 1030 copus
2235 957 2546 1013 diaconum
2579 955 2888 1024 ordinavit;
2913 955 3173 1026 ut,quasi
3203 954 3326 1010 ovis
3357 953 3672 1008 vestimen-

2020 1051 2079 1104 to
2111 1047 2454 1103 diaconatus
2488 1046 2722 1102 nomine
2754 1060 2918 1112 usus,
2962 1043 3343 1116 blasphemiae
3395 1044 3570 1099 verba
3601 1041 3670 1096 li-

2019 1136 2153 1192 bere
2184 1140 2382 1206 posset
2412 1151 2696 1191 evomere.

2089 1225 2178 1279 39.
2214 1225 2358 1290 Quid
2394 1225 2575 1297 igitur
2601 1223 2764 1281 vobis
2795 1225 3072 1294 suasit,ut
3099 1224 3265 1280 vobis
3294 1223 3442 1296 ipsis
3473 1224 3669 1278 adver-

2021 1314 2254 1384 semini,
2277 1319 2626 1386 tantumque
2659 1314 2962 1370 dedecoris
2993 1314 3258 1370 referatis
3277 1314 3306 1368 ‘I
3333 1314 3496 1369 Certe
3522 1311 3668 1367 nihil

2021 1404 2232 1459 rationi
2276 1409 2737 1460 consentaneum
2785 1404 2944 1459 vobis
2993 1403 3310 1458 dicendum
3362 1402 3667 1474 suppetit:

2020 1491 2246 1560 hocque
2276 1492 2468 1547 solum
2503 1491 2947 1563 intelligendum
2983 1491 3358 1562 relinquitur.
3386 1506 3487 1546 vos
3509 1489 3673 1544 nulla

2019 1599 2133 1638 non
2168 1581 2567 1648 simulatione,
2602 1580 2764 1636 nullo
2795 1597 2910 1636 non
2948 1584 3281 1636 commento
3314 1579 3399 1633 uti
3436 1581 3675 1650 propter

2016 1670 2340 1728 Constantii
2371 1668 3141 1742 patrocinium,lucrumque
3172 1670 3326 1742 quod
3350 1667 3488 1723 hinc
3509 1667 3672 1723 vobis

2017 1761 2425 1832 evenit.Atque
2456 1760 2515 1816 in
2531 1763 2808 1832 promptu
2842 1759 3006 1815 vobis
3037 1762 3126 1814 est
3155 1757 3670 1822 Patresincusare;

2017 1854 2354 1921 temereque
2384 1849 2662 1920 objicitis,
2699 1865 2813 1903 non
2847 1848 3048 1903 haberi
3091 1865 3158 1903 ea
3187 1847 3363 1902 verba
3408 1845 3468 1902 in
3517 1845 3669 1902 Scri-

2021 1938 2212 2011 pturis
2245 1938 2428 1993 sacris
2465 1953 2477 1992 :
2511 1941 2567 1994 et
2598 1941 2663 1992 ut
2695 1937 2981 2009 scriptum
3014 1941 3122 2003 est,
3157 1959 3185 1987 «
3237 1952 3408 1991 crura
3455 1934 3667 1990 divari-

2021 2027 2199 2084 castis
2229 2026 2736 2084 omnitranseunti
2758 2027 2803 2062 ⁴³
2828 2045 2841 2094 ;
2867 2050 2888 2079 ι
2909 2026 2992 2081 ita
3021 2029 3086 2081 ut
3115 2025 3287 2081 toties
3319 2024 3669 2080 sententiam

2020 2116 2411 2184 commutetis,
2462 2115 2690 2189 quoties
2717 2114 2896 2171 velint
2927 2114 2967 2170 ii
2998 2115 3097 2187 qui
3157 2131 3258 2169 vos
3315 2113 3583 2169 mercede
3613 2117 3672 2168 et

2019 2206 2258 2278 prmmio
2298 2207 2653 2261 conducunt.
2715 2204 3062 2276 Quanquam
3124 2202 3272 2257 nihil
3319 2202 3582 2268 interest,
3619 2201 3668 2256 si

2019 2296 2154 2366 quis
2186 2311 2300 2350 non
2331 2295 2580 2366 scriptas
2611 2310 2779 2349 voces
2808 2293 3086 2365 proferat,
3119 2293 3261 2347 dum
3291 2291 3448 2364 piam
3479 2295 3670 2346 servet

2016 2384 2387 2440 sententiam.
2439 2382 2756 2438 Hareticus
2808 2385 3004 2438 autem
3057 2381 3162 2448 vir,
3216 2380 3352 2436 licet
3395 2378 3588 2434 verbis
3636 2393 3668 2433 e

2017 2473 2318 2545 Scriptura
2348 2471 2712 2544 depromptis
2745 2474 2968 2538 utatur,
3006 2467 3188 2524 nihilo
3220 2471 3411 2524 tamen
3445 2467 3665 2536 minus,

2013 2567 2325 2633 suspectus
2357 2578 2423 2617 ac
2453 2565 2649 2617 mente
2687 2564 2998 2630 corruptus
3049 2574 3183 2615 cum
3215 2557 3315 2624 sit,
3361 2575 3396 2612 ει
3440 2557 3660 2628 Spiritu

2011 2656 2217 2709 sancto
2239 2649 2436 2707 audiet
2466 2667 2480 2704 :
2507 2673 2527 2699 ι
2553 2652 2742 2716 Quare
2771 2654 2833 2704 tu
2858 2665 3098 2704 enarras
3121 2647 3388 2719 justitias
3419 2650 3664 2712 meas,et

2013 2741 2272 2798 assumis
2297 2743 2718 2795 testamentum
2751 2755 2946 2794 meum
2971 2754 3148 2810 peros
3171 2741 3340 2792 tuum
3360 2736 3662 2799 “‘Inouare

2011 2829 2244 2887 diabolo
2292 2828 2428 2884 licet
2479 2846 2548 2884 ex
2578 2827 2898 2899 Scripturis
2947 2825 3227 2898 loquendi
3283 2842 3348 2880 os
3379 2842 3412 2880 a
3467 2823 3660 2879 Salva-

2009 2925 2135 2976 tore
2165 2919 2502 2974 obturatum
2535 2918 2864 2973 est.Beatus
2896 2922 3093 2971 autem
3126 2914 3366 2980 Paulus,
3390 2913 3659 2984 quamvis

2009 3026 2076 3066 ex
2107 3009 2365 3081 profanis
2393 3007 2668 3079 loquatur
2702 3023 2714 3060 :
2747 3029 2775 3055 «
2807 3009 3113 3062 Cretenses
3144 3019 3376 3076 semper
3418 3002 3656 3058 menda-

2007 3114 2103 3155 ces
2132 3099 2215 3165 “;
2251 3119 2278 3146 »
2310 3102 2367 3152 et
2399 3113 2411 3151 :
2449 3094 2692 3168 «Ipsius
2725 3093 2878 3150 enim
2912 3108 3099 3166 genus
3134 3109 3343 3148 sumus
3374 3092 3456 3159 “5;
3490 3113 3518 3142 »
3555 3095 3612 3144 et
3644 3106 3656 3144 :

2017 3210 2037 3238 α
2072 3187 2474 3259 Corrumpunt
2507 3201 2698 3240 mores
2728 3184 2912 3240 bonos
2962 3181 3253 3251 colloquia
3304 3197 3481 3254 prava
3509 3181 3552 3214 ιτ
3585 3197 3597 3245 ;
3636 3203 3656 3228 ι

2012 3281 2271 3333 attamen
2305 3281 2547 3331 sanctus
2577 3291 2713 3331 cum
2739 3273 2999 3345 sil,piam
3033 3271 3244 3328 retinet
3274 3269 3660 3326 sententiam:

2011 3369 2070 3421 et
2097 3382 2230 3422 cum
2263 3364 2476 3421 Christi
2507 3367 2763 3419 mentem
2794 3363 3023 3431 habeat,
3074 3360 3348 3431 gentibus
3381 3359 3666 3431 magister

2011 3459 2101 3512 est
2129 3455 2261 3510 fidei
2293 3458 2351 3509 et
2379 3453 2664 3522 veritatis,
2696 3457 2753 3508 et
2783 3468 2914 3507 cum
2950 3451 3166 3523 pietate
3205 3465 3436 3521 semper
3465 3447 3655 3520 loqui-

2012 3549 2128 3600 tur.
2160 3544 2523 3616 Ecquidnam
2560 3542 2676 3598 fide
2707 3541 2951 3614 dignum
2982 3539 3138 3596 inest
3175 3537 3466 3594 Arianicis
3499 3554 3665 3593 vocu-

2011 3633 2107 3700 lis,
2139 3634 2357 3706 quibus
2389 3647 2564 3688 eruca
2593 3635 2650 3686 et
2681 3629 2913 3686 locusta
2942 3628 3225 3686 Salvatori
3267 3628 3664 3700 anteponitur,

2011 3722 2242 3795 ipsique
2264 3721 2384 3776 haec
2406 3720 2666 3776 convicia
2690 3720 2996 3774 dicuntur:
3029 3717 3360 3790 Aliquando
3375 3733 3489 3770 non
3511 3733 3662 3783 eras,

2012 3815 2069 3866 et
2098 3815 2332 3867 creatus
2362 3826 2446 3876 es,
2481 3808 2828 3881 alienusque
2854 3825 2916 3864 es
2946 3825 2979 3862 a
3010 3808 3126 3862 Deo
3171 3806 3496 3862 secundum
3529 3804 3664 3858 sub-

2014 3898 2670 3970 stantiamznullamque
2687 3899 2925 3953 demum
2942 3913 3057 3952 non
3075 3895 3378 3967 proferunt
3390 3893 3660 3963 blasphe-

2014 3989 2194 4046 miam
2222 3989 2244 4044 ?
2275 3991 2510 4051 Contra,
2544 3987 2686 4060 quid
2718 3988 2875 4059 quod
2917 3985 3128 4042 Christi
3165 3981 3662 4040 commendationi

2012 4078 2245 4135 laudive
2277 4078 2542 4133 conferat
2576 4094 2609 4131 a
2659 4076 2931 4132 Patribus
2975 4074 3261 4130 omissum
3296 4072 3433 4127 est?
3463 4071 3667 4126 Nonne

2013 4168 2234 4224 sanctis
2267 4166 2460 4239 potius
2491 4166 2642 4220 inest
2671 4164 2810 4220 viris
2843 4163 3118 4220 sublimis
3155 4164 3225 4217 de
3271 4161 3501 4217 Christo
3533 4177 3664 4214 sen-

2013 4257 2222 4322 tentia,
2257 4257 2563 4328 pietasque
2595 4271 2731 4326 erga
2764 4254 2929 4310 illum
2953 4251 3208 4309 eximia?
3239 4253 3306 4307 Et
3338 4253 3532 4306 tamen
3566 4247 3664 4305 isti

2013 4346 2135 4401 haec
2165 4346 2295 4402 ausi
2327 4349 2468 4400 sunt
2521 4344 2820 4400 scribere:
2858 4341 2962 4398 Illa
3018 4341 3356 4412 rejicimus;
3401 4339 3664 4409 dumque

2014 4435 2307 4506 ejusmodi
2332 4434 2391 4488 in
2414 4433 2713 4490 Christum
2738 4431 3051 4487 maledicta
3081 4427 3661 4501 tolerant,propalam

2013 4527 2167 4580 certe
2200 4523 2441 4592 faciunt,
2476 4539 2540 4578 se
2571 4521 2734 4577 nulla
2779 4520 2896 4578 alia
2924 4521 2996 4576 de
3038 4536 3218 4576 causa
3263 4535 3398 4574 cum
3449 4533 3664 4588 magna

257 4605 532 4683 μεγάλην,
564 4606 600 4676 ἢ
649 4608 732 4662 ὅτι
771 4608 871 4676 τὴν
904 4610 1181 4684 ’Δρειανήν
1226 4606 1430 4683 α’ίρεσιν
1475 4609 1775 4686 κατέκρινε.
1809 4610 1905 4666 Διὰ

2020 4612 2235 4684 synodo
2267 4627 2552 4684 pugnare,
2592 4627 2769 4682 quam
2803 4610 2958 4683 quod
2993 4610 3268 4665 Arianam
3301 4606 3668 4663 damnaverit

253 4700 418 4752 τοῦτο
448 4697 550 4772 γὰρ
580 4696 670 4751 καὶ
699 4697 798 4764 τήν
842 4701 940 4751 τοῦ
988 4698 1285 4771 ὁμοουσίου
1328 4697 1470 4768 λέξιν
1521 4693 1905 4769 διαϐάλλουσι,

255 4790 438 4847 κακῶς
461 4784 616 4840 αὐτοὶ
649 4790 972 4860 φρονοῦντες
1000 4787 1092 4841 καὶ
1120 4787 1245 4862 περὶ
1298 4787 1486 4856 αὐτῆς.
1521 4787 1584 4842 Ei
1633 4788 1739 4865 γὰρ
1785 4787 1907 4842 ἐπί-

2018 4700 2311 4756 haaresim.
2345 4701 2426 4756 Ea
2454 4700 2627 4756 etiam
2661 4699 2780 4756 illis
2820 4716 2999 4755 causa
3026 4703 3116 4755 est
3144 4694 3668 4754 consubstantialis

2016 4805 2217 4845 vocem
2249 4788 2600 4845 criminandi
2631 4789 2704 4844 de
2753 4804 2870 4860 qua
2913 4788 3024 4860 ipsi
3083 4802 3256 4859 prave
3289 4785 3570 4841 sentiunt.
3604 4782 3663 4836 Si

324 4944 368 4980 ιι
401 4941 623 4998 Coloss.
645 4958 722 5016 Διι,
747 4943 805 4998 9.
880 4943 926 4978 "
953 4943 1124 5000 Joan.
1159 4961 1198 5016 ι,
1234 4945 1322 5001 16.
1398 4945 1443 4980 ⁸³
1470 4945 1678 5002 Ezech.
1709 4962 1802 5002 xv:
1832 4947 1905 5002 25

2020 4946 2234 5003 ‘Psal.
2283 4963 2433 5015 χιιι,
2487 4947 2574 5002 16.
2652 4946 2697 4980 ⁸⁸
2724 4945 2839 5001 Tit.
2886 4961 2926 5016 ι,
2964 4945 3048 4999 12.
3124 4943 3169 4978 ⁸⁸
3216 4945 3342 4997 Act.
3387 4957 3525 5008 xvn,
3571 4941 3662 4996 28.

253 5015 274 5052 τ
300 5019 325 5070 Ι
351 5018 481 5072 Cor.
511 5030 605 5082 xv,
638 5013 727 5070 33.

323 5168 440 5240 (64)
464 5171 553 5225 Ita
601 5167 816 5240 Regius
867 5169 1052 5240 codex
1081 5173 1140 5226 et
1165 5170 1360 5228 Felck.
1399 5172 1452 5227 3.
1483 5171 1660 5239 Editi,
1695 5169 1905 5228 ’Δκάκι.

252 5233 448 5298 Ρθίοὶί.
485 5241 537 5311 3,
573 5233 730 5307 moi,
752 5233 1061 5311 _260'_é6_uav.

329 5311 444 5383 (65)
475 5308 712 5383 Regius,
746 5309 799 5366 ἐν
848 5308 1126 5384 ἐνδύματι.
1164 5313 1320 5370 Infra
1368 5313 1624 5370 Felckm.
1657 5315 1710 5383 3,
1745 5309 1910 5384 δυνή-

257 5403 446 5527 σεῖἒὲ)
480 5455 576 5527 Sic
609 5454 1029 5527 Regius._Editi
1063 5472 1215 5522 vero,
1245 5455 1348 5523 τὴν
1383 5457 1778 5511 Κωνσταντίου.

351 5521 446 5599 67)
477 5526 625 5582 Felc.
658 5521 715 5592 3,
752 5521 1079 5599 βούλωνται.
1116 5521 1268 5599 Ibid.
1296 5521 1546 5599 Felckm.
1579 5531 1632 5596 3,
1664 5527 1760 5582 κᾶν
1789 5531 1908 5589 ταῖς

259 5595 370 5683 ἀπὸ
418 5595 546 5684 τῶνΧ
584 5595 810 5684 ςρὶαιφῶν
859 5599 1155 5684 χρήσηται
1191 5597 1420 5684 λέξεσιν,
1453 5596 1571 5655 οὐδ.
1619 5595 1770 5657 lbid.
1803 5603 1907 5657 Re-

259 5645 836 5754 ἑίξςλίῖέλεῖίιὲἆὲρ
861 5645 926 5754 Ei
941 5645 1364 5754 ’ἓὶιὸἷέιέεὲἷὲξ
1380 5645 1508 5754 3in

339 5742 453 5814 (68)
480 5742 573 5798 Sic
607 5741 748 5814 Reg.
781 5745 839 5797 et
867 5744 1099 5799 Graecus
1127 5741 1701 5816 Scripturé'textus.
1736 5742 1908 5811 Editi,

2020 5190 2268 5244 εκοιηγῃ.
2305 5171 2437 5227 Mox
2465 5172 2700 5244 Regius,
2732 5162 3145 5244 άναλαμϐάνῃς.

2090 5191 2170 5239 οιη
2257 5211 2268 5224 .
2305 5191 2437 5227 mox
2465 5191 2700 5244 uegius,
2732 5191 3145 5242 αναΑαμοανῃς.
3286 5239 3297 5250 _

2090 5191 2566 5332 (GQPFelclfman.
2598 5240 2872 5310 3,’ῐόύτου
2901 5239 3029 5316 γάρ.
3052 5245 3180 5296 Mox
3208 5239 3345 5296 edit.
3360 5237 3661 5302 Commel.,

2021 5313 2240 5389 χριστά,
2276 5313 2448 5370 male.
2916 5313 2924 5316 ⁷
2976 5313 2984 5316 ’

2092 5387 2204 5521 (70)
2234 5386 2564 5442 Felckman.
2600 5385 2652 5454 3,
2687 5383 3000 5468 ’Δρειανῶν.

2092 5459 2177 5521 (71
2236 5459 2297 5513 In
2335 5457 2523 5513 Felck.
2557 5459 2609 5521 3,
2646 5473 2770 5521 quis
2801 5461 2954 5512 Inter
2998 5476 3000 5482 ‘

2236 5459 2297 5513 In
2335 5457 2523 5533 Felck.
2557 5459 2609 5533 3,
2639 5449 2770 5528 qua}
2801 5457 2954 5533 inter
2998 5471 3167 5533 voces
3211 5449 3660 5533 παραλέλειπται,

2020 5534 2079 5585 et
2103 5525 2260 5620 infra
2293 5527 2554 5620 φανερούς
2587 5525 2974 5591 intercedunt,
3007 5529 3227 5585 omissa
3258 5525 3417 5580 sunt.
3452 5525 3664 5594 Regius

2021 5617 2174 5668 mox,
2205 5600 2436 5675 ὑψηλοί.

2091 5674 2206 5760 (Z2)
2235 5674 2448 5746 Regius
2494 5677 2552 5730 et
2606 5671 2854 5729 Felckm.
2883 5672 2937 5739 3,
2977 5670 3278 5724 καθιστᾶσι.
3312 5666 3486 5736 Editi,
3534 5664 3664 5719 καθ-

2023 5764 2228 5802 ιστωσι.
