4082 6340
355 359 473 418 763

907 359 971 419 S.
1017 359 1443 422 ATHANASII
1487 361 1659 421 OPP.
1705 361 1906 420 PARS
1950 361 1998 419 Ι.
2034 391 2112 402 -
2140 359 2560 421 HISTORICA
2603 360 2703 421 ET
2751 359 3232 420 DOGMATICA.

3655 357 3773 418 764

358 507 614 565 namque
644 497 796 549 recte
827 493 1148 563 crederent,
1176 496 1403 548 Patrem
1437 509 1570 549 vere
1607 493 1835 548 Patrem
1871 507 2006 547 con-

2134 509 2308 544 rcauov
2338 490 2533 562 ὀρθῶς,
2564 488 2652 544 καὶ
2692 490 2786 544 τὸν
2836 491 2928 563 μὲν
2981 489 3194 565 Πατέρα
3228 490 3339 562 (73)
3372 488 3581 564 Πατέρα
3632 488 3774 561 ἄλη·

361 579 669 638 ﬁterentur
703 601 715 638 :
750 583 963 638 Filium
1014 599 1146 637 vero
1188 583 1513 653 genuinum
1569 581 1797 648 Filium,
1830 586 1887 638 et
1919 598 2014 636 na-

358 674 494 726 tura
523 688 721 726 verum
756 672 1060 727 crederent
1090 671 1366 734 Verbum,
1417 677 1474 726 et
1515 671 1872 743 Sapientiam
1906 673 2012 723 Pa-

362 760 489 816 tris.
525 761 686 825 Quod
721 766 916 815 autem
957 759 1175 814 dicitur
1221 777 1288 815 ex
1341 760 1455 815 Deo
1509 759 1718 815 Filium
1765 774 1913 828 esse,
1960 745 2010 813 si

364 866 477 904 non
513 854 576 904 ut
600 851 669 903 de
701 847 984 904 creaturis
1016 849 1254 918 dicitur,
1289 849 1370 904 ita
1401 851 1472 904 de
1504 848 1602 904 illo
1633 847 2010 915 afﬁrmarent;

364 938 463 992 sed
497 935 663 991 illum
697 937 1043 992 substantia;
1076 936 1264 991 Patris
1297 936 1589 1009 propriam
1631 953 1760 992 esse
1793 935 2010 1006 prolem

363 1025 1280 1096 intelligerent,quemadmodum
1315 1027 1592 1097 splendor
1619 1044 1650 1081 a
1674 1026 1799 1081 luce
1821 1031 2013 1081 ortum

363 1115 558 1181 habet,
592 1131 960 1187 nequaquam
996 1115 1213 1185 singuli
1261 1131 1462 1170 eorum
1517 1119 1716 1169 Patres
1746 1113 2010 1169 incusas-

365 1209 514 1273 sent,
549 1221 616 1259 ac
647 1204 841 1276 potius
879 1204 1123 1259 ﬁdenter
1180 1205 1465 1260 dixissent
1523 1204 1666 1259 bene
1722 1203 2010 1275 synodum

366 1293 696 1365 scripsisse,
732 1299 788 1347 et
807 1310 936 1348 eam
971 1309 1098 1348 esse
1133 1297 1347 1349 rectam
1392 1294 1460 1348 de
1513 1292 1755 1349 Domino
1812 1297 2012 1347 nostro

364 1388 496 1442 Jesu
531 1382 761 1438 Christo
792 1382 988 1438 fidem.

438 1474 524 1526 40.
561 1472 694 1538 Sed,
729 1471 912 1536 aiunt,
945 1471 1197 1526 obscura
1229 1471 1395 1526 nobis
1425 1475 1514 1525 est
1565 1469 1772 1524 horum
1809 1469 2013 1524 verbo-

368 1577 499 1616 rum
533 1560 840 1616 sententia.
876 1561 951 1614 Ea
981 1561 1136 1615 enim
1170 1560 1280 1615 fuit
1333 1559 1516 1615 futilis
1575 1558 1883 1612 hominum
1915 1575 2012 1612 ex-

368 1651 593 1706 cusatio
625 1669 642 1704 :
675 1666 808 1705 cum
841 1666 954 1704 non
990 1649 1288 1720 possimus
1323 1649 1634 1706 verborum
1664 1647 2011 1718 interpreta-

367 1739 585 1795 tionem
617 1739 872 1810 assequi,
902 1738 1004 1794 illa
1031 1738 1438 1809 rejicimus.At
1469 1738 1516 1793 si
1549 1737 1777 1792 sincero
1809 1736 2008 1808 loque-

339 1834 573 1884 -rentur
602 1828 798 1884 animo
831 1845 944 1883 non
979 1827 1202 1882 dictum
1235 1828 1510 1898 oportuit,
1536 1827 1637 1881 illa
1667 1827 2010 1896 rejicimus;
2044 1855 2091 1920 Β

368 1919 522 1972 608
553 1918 650 1972 sed
687 1916 1038 1972 sciscitaturi
1063 1920 1227 1972 erant
1258 1925 1317 1972 ut
1355 1933 1386 1971 a
1419 1915 1621 1988 peritis
1653 1915 2012 1971 ediscerent:

368 2005 587 2078 alioqui
620 2005 887 2077 rejiciant
917 2006 1205 2078 quidquid
1233 2006 1292 2060 in
1320 2005 1642 2077 Scripturis
1665 2004 1877 2059 divinis
1899 2020 2015 2060 non

369 2094 728 2167 intelligunt,
759 2111 977 2166 eosque
1007 2094 1103 2166 qui
1136 2093 1236 2149 illa
1275 2094 1560 2166 scripsere
1607 2094 2016 2150 criminentur.

371 2184 481 2239 Sed
513 2183 922 2240 haereticorum
956 2185 1148 2252 potius
1171 2200 1348 2255 quam
1366 2189 1630 2238 nostrum
1655 2183 2015 2239 Christiano-

371 2289 503 2328 rum
535 2272 709 2327 fuerit
730 2272 973 2328 audacia
1007 2273 1325 2342 ejusmodi.
1365 2276 1498 2337 Quze
1551 2274 1708 2328 enim
1740 2273 1799 2327 in
1833 2272 2017 2328 sacris

371 2359 622 2431 eloquiis
657 2378 769 2416 non
805 2359 1206 2432 intelligimus,
1243 2378 1354 2416 non
1389 2362 1518 2418 ideo
1557 2361 1881 2432 rejicimus,
1913 2361 2014 2416 sed

374 2450 446 2505 ab
479 2450 552 2504 iis
584 2451 922 2522 quaerimus,
967 2453 1040 2505 ab
1073 2451 1144 2505 iis
1191 2451 1416 2506 edicere
1467 2451 1852 2521 postulamus,
1887 2450 2015 2521 qui-

373 2539 485 2594 bus
519 2538 803 2594 Dominus
834 2539 1518 2611 revelavit.Verum,quia
1546 2556 1673 2594 eam
1706 2541 2012 2594 verborum

373 2627 790 2684 obscuritatem
815 2632 1158 2698 praetexunt,
1178 2628 1470 2683 fateantur
1490 2644 1626 2699 ergo
1657 2645 1783 2699 quae
1815 2627 2016 2682 statim

373 2714 726 2784 inferuntur,
760 2719 815 2771 et
845 2716 1216 2772 anathemate
1275 2717 1556 2772 damnent
1603 2734 1702 2773 eos
1750 2717 1849 2789 qui
1883 2733 2014 2772 sen-

371 2804 622 2870 tiunt,ex
654 2821 766 2859 non
801 2807 1170 2861 exstantibus
1203 2823 1330 2862 esse
1361 2806 1655 2875 Filium,et
1690 2823 1801 2862 non
1835 2807 2018 2862 fuisse

370 2899 691 2966 antequam
724 2894 1085 2966 gigneretur,
1131 2899 1188 2950 et
1233 2901 1559 2951 creaturam
1603 2896 2018 2968 opiﬁciumque

375 2999 505 3038 esse
547 2982 646 3039 Dei
703 2983 1004 3039 Verbum:
1059 2989 1270 3040 natura
1318 2984 1600 3040 mutabile
1647 3001 1792 3052 esse,
1843 2989 1898 3040 et
1948 3001 2016 3039 ex

368 3071 482 3127 alia
511 3073 880 3140 substantia;
908 3074 1265 3145 demumque
1287 3075 1563 3130 Arianam
1586 3075 1867 3129 damnent
1899 3073 2016 3128 hm-

370 3160 549 3216 resim
581 3177 707 3231 quae
740 3162 1081 3231 hujusmodi
1123 3164 1483 3234 impietatem
1534 3162 1899 3234 excogitavit.
1935 3163 2016 3218 Ne

369 3248 566 3302 dicant
595 3225 893 3322 deinceps,
925 3251 1004 3306 Ea
1021 3252 1195 3306 verba
1211 3225 1553 3322 rejicimus;
1589 3225 1713 3321 sed:
1743 3252 2012 3307 Nondum
2046 3225 2090 3292 δ

367 3335 472 3392 illa
497 3336 922 3409 intelligimus;
961 3343 1022 3394 ut
1052 3340 1136 3395 sic
1165 3340 1546 3395 verisimilem
1587 3357 1656 3396 ea
1707 3339 2016 3396 recusandi

368 3442 607 3481 causam
641 3426 905 3482 afferant.
939 3428 1124 3483 Probe
1157 3429 1276 3484 scio
1308 3433 1502 3484 autrm
1536 3445 1602 3485 ac
1651 3429 2015 3500 exploratum

369 3513 574 3581 habes,
601 3515 754 3584 quod
788 3515 900 3586 ipsi
934 3533 1168 3588 quoque
1201 3535 1317 3572 non
1351 3520 1648 3590 ignorant,
1682 3533 1780 3573 eos
1824 3518 1874 3573 si
1905 3518 2020 3573 ista

370 3603 762 3658 conﬁteantur
790 3609 847 3658 et
874 3605 1145 3660 Arianam
1180 3607 1426 3661 haeresim
1447 3607 1818 3663 anathemate
1849 3608 2020 3662 dam-

371 3695 531 3756 nent,
565 3693 769 3763 synodi
818 3695 992 3749 verba
1035 3711 1148 3750 non
1201 3701 1534 3767 negaturos.
1590 3696 1806 3752 idcirco
1863 3695 2018 3750 enim

370 3785 572 3837 Patres
604 3799 737 3837 cum
771 3783 1059 3839 dixissent
1087 3801 1156 3840 ex
1186 3785 1516 3840 substantia
1541 3786 1724 3840 Patris
1754 3785 2020 3858 genitum

373 3869 584 3925 Filium
617 3888 746 3926 esse
779 3873 931 3927 Patri
960 3873 1547 3942 consubstantialem,
1583 3875 1782 3930 statim
1818 3874 2026 3929 intuleo

373 3964 512 4014 runt
545 3975 557 4013 :
592 3963 699 4016 Eos
721 3966 914 4016 autem
943 3962 1042 4032 qui
1070 3963 1464 4033 pradictailla
1479 3964 1706 4019 Arianae
1738 3963 2024 4019 haereseos

372 4047 544 4104 verba
586 4049 811 4117 dicunt,
867 4050 1242 4108 anathemate
1298 4054 1650 4108 damnamus
1685 4069 1698 4119 ;
1731 4059 1795 4107 ut
1824 4058 2025 4108 osten-

375 4137 518 4192 dant
547 4137 669 4194 haac
699 4155 732 4193 a
763 4155 824 4194 se
856 4140 1021 4210 quasi
1052 4141 1318 4196 eamdem
1351 4141 1542 4212 ipsam
1591 4142 1707 4196 vim
1750 4141 2027 4196 habentia

375 4225 534 4280 dicta
562 4243 711 4291 esse,
743 4232 799 4282 et
832 4234 1078 4300 utraque
1103 4230 1278 4284 verba
1333 4229 1488 4285 idem
1546 4229 1878 4303 signiﬁcare
1914 4248 1924 4283 :
1960 4245 2028 4286 ac

381 4313 740 4385 quicumque
772 4315 872 4371 illa
911 4318 1216 4372 confessus
1268 4318 1464 4385 fuerit,
1514 4336 1648 4374 eum
1695 4320 1815 4375 haec
1849 4319 2026 4374 etiam

380 4418 510 4456 esse
535 4403 923 4474 cogitaturum
952 4423 971 4465 ,'
1005 4406 1102 4476 qui
1127 4425 1262 4462 vero
1286 4407 1386 4462 illa
1417 4425 1529 4463 non
1563 4408 2025 4478 suntsententia,

379 4489 497 4545 imo
527 4507 595 4546 ea
632 4493 809 4546 verba
860 4492 1216 4565 improbant,
1267 4496 1304 4550 ii
1355 4513 1494 4552 sane
1541 4496 1771 4552 Christo
1805 4496 2028 4552 inimici

380 4593 509 4634 esse
540 4579 698 4633 omni
732 4594 799 4634 ex
834 4586 997 4651 parte
1028 4587 1448 4655 coarguuntur.

449 4756 537 4811 41.
570 4755 853 4812 Caeterum
887 4758 958 4813 ad
989 4775 1188 4816 eorum
1221 4762 1682 4820 conl'utationem
1715 4765 1814 4838 qui
1846 4769 2030 4821 totam

381 4847 673 4919 synodum
707 4847 1022 4919 repudiant
1039 4847 1160 4904 hac
1189 4865 1376 4921 pauca
1407 4852 1910 4911 sufﬁcienti/ima
1927 4871 2029 4910 au-

446 5071 564 5146 (78)
597 5074 682 5146 Ita
731 5075 966 5146 Regius,
999 5075 1341 5135 Basiliensis
1377 5081 1434 5135 et
1484 5077 1632 5136 Felc.
1661 5081 1714 5136 3.
1747 5080 1899 5136 Editi
1940 5098 2034 5138 se-

381 5143 497 5199 mel
532 5143 740 5203 Πατέρα
771 5143 1012 5203 habent.

454 5216 848 5297 (74)'Felckm.
899 5220 952 5285 3,
1003 5216 1249 5288 ἕκαστον,
1285 5223 1585 5279 mendose.
1619 5228 1745 5279 Mox
1794 5224 2031 5297 Regius,

379 5285 686 5360 κατηγόρη.

453 5359 570 5437 (ἷξε)
593 5359 838 5437 Dasius.
869 5361 1055 5437 asciv-

589 5431 737 5504 Felc.
771 5433 826 5497 3,
858 5431 1056 5504 ἀξίουν.

449 5501 562 5580 (ΞΖ)
596 5503 746 5580 Eelc-
782 5506 835 5580 ἓ,
863 5501 969 5580 τῷν
1001 5505 1347 5580 γραψάντων

596 5575 746 5650 Εθίο.
779 5577 812 5630 3
844 5575 1538 5650 εοιυςξοῖς-ἀπεκάλυψεν.

451 5645 562 5723 (Z9)
597 5646 749 5723 E°l°~
783 5650 835 5723 3»
867 5654 1109 5723 seseab:
1141 5647 1273 5704 ἐστι.

456 5715 565 5786 (80)
595 5717 722 5774 Felc
777 5721 830 5788 3,
883 5715 1175 5777 έόσὲϐειαν.
1209 5723 1394 5787 Quam
1445 5724 1564 5790 τοῦ,
1598 5743 1648 5793 α,
1694 5725 1748 5777 in
1797 5744 1850 5776 ευ
1901 5740 2030 5781 mu-

2125 579 2232 639 θῶς
2266 577 2596 654 ὁμολόγουν,
2627 579 2717 634 τὸν
2770 576 2826 634 δὲ
2868 580 2992 633 Υἱὸν
3025 581 3248 653 γνήσιον
3297 579 3420 632 Υἱὸν
3468 577 3557 632 καὶ
3617 578 3770 656 φύσει

2125 666 2381 735 ἀληθινὸν
2415 668 2612 742 Λόγον,
2645 670 2734 722 καὶ
2769 668 2973 747 Σοφίαν
3007 667 3282 722 ἐπίστευον
3336 668 3466 722 εἶναι
3511 671 3609 721 τοῦ
3658 673 3768 722 Πα-

2121 756 2270 832 τρός·
2298 753 2360 810 τὸ
2389 770 2446 811 τε
2476 756 2534 812 ἐκ
2562 762 2658 812 τοῦ
2689 762 2821 812 Θεοῦ
2855 757 3032 831 λέγειν
3061 758 3152 810 τὸν
3187 757 3332 822 Υίὸν,
3359 755 3403 810 εἰ
3454 757 3552 828 μὴ,
3588 757 3769 830 ὥσπερ

2125 845 2338 920 λέγεται
2369 847 2491 921 περί
2523 851 2628 900 τῶν
2659 847 2992 918 κτισμάτων,
3021 844 3192 906 οὕτως
3247 843 3435 918 ἔλεγον
3489 845 3580 898 καὶ
3641 845 3768 921 περὶ

2123 932 2306 998 αὐτοῦ,
2339 931 2483 987 ἀλλὰ
2509 939 2608 1002 τῆς
2639 932 2819 994 οὐσίας
2842 936 2936 986 τοῦ
2963 932 3172 1007 Πατρὸς
3206 928 3341 986 ἴδιον
3378 931 3535 986 αὐτὸν
3583 931 3767 987 ἐνόουν

2124 1022 2253 1074 εἶναι
2279 1021 2543 1096 γὲννημα,
2573 1022 2648 1083 ὡς
2681 1020 2789 1076 ἔστι
2820 1022 2882 1075 τὸ
2924 1020 3257 1094 ἀπαύγασμα
3313 1019 3371 1075 ἐκ
3421 1025 3517 1074 τοῦ
3567 1022 3766 1098 φωτός·

2123 1109 2226 1163 ούκ
2276 1109 2335 1163 ἃν
2389 1107 2612 1172 ἕκαστος
2646 1113 2758 1183 (74)
2808 1109 2980 1165 αὐτῶν
3032 1110 3322 1184 κατηγόρει
3354 1114 3460 1164 τῶν
3498 1111 3766 1185 Πατὲρωνο

2123 1198 2247 1253 ἀλλ’
2293 1199 2578 1276 ἐθάρῥουν,
2629 1202 2711 1254 ὅτι
2761 1199 2947 1261 καλῶς
2996 1195 3219 1274 ἔγραψεν
3273 1201 3307 1267 ἡ
3363 1196 3627 1260 σύνοδος·
3678 1199 3768 1253 καὶ

2123 1287 2296 1349 οὕτως
2354 1287 2559 1358 ἐστὶνὴ
2595 1288 2730 1364 ὀρθὴ
2787 1288 2910 1365 περὶ
2961 1292 3059 1343 τοῦ
3111 1286 3310 1363 Κυρίου
3367 1290 3528 1361 ἡμῶν
3591 1289 3769 1358 Ἰησοῦ

2123 1382 2356 1453 Χριστοῦ
2389 1377 2590 1439 πίστις.

2194 1469 2281 1523 40.
2316 1466 2472 1523 Ἀλλ’
2501 1467 2734 1539 ἀσαφης,
2783 1467 2942 1541 φασὶν
2986 1469 3097 1540 (75)
3128 1466 3268 1542 ἐστὶν
3314 1469 3448 1539 ἡμῖν
3496 1471 3605 1520 τῶν
3652 1487 3768 1520 τοι-

2123 1555 2296 1610 ούτων
2355 1554 2548 1626 λέξεων
2593 1559 2626 1626 ἡ
2673 1553 2903 1612 διάνοια.
2941 1557 3035 1610 Καὶ
3092 1560 3254 1610 τοῦτο
3311 1557 3412 1631 γάρ
3472 1557 3767 1632 προεφασί-

2123 1665 2302 1713 σαντο,
2349 1643 2624 1718 λέγοντες,
2677 1645 2782 1714 ὅτι,
2836 1646 2911 1717 μὴ
2959 1643 3246 1717 δυνάμενοι
3293 1639 3617 1699 καταλαϐεῖν
3665 1646 3767 1714 τήν

2121 1733 2409 1809 ἑρμηνείαν
2478 1734 2676 1802 αὐτῶν,
2736 1729 3078 1806 ἐκϐάλλομεν
3151 1735 3347 1795 ταύτας
3412 1734 3505 1795 τὰς
3574 1732 3765 1803 λέξεις.

2121 1828 2219 1877 T7
2331 1820 2906 1878 δ“”’λ””·
3080 1820 3248 1860 ””“
3593 1821 3697 1841 ’“

2165 1844 2288 1877 ο)το
2364 1843 2387 1878 ε
2431 1844 2475 1877 ει
2526 1845 2558 1877 α
2600 1835 2750 1893 ηθως
2797 1823 2886 1878 ελε
2904 1845 3011 1897 γον,
3047 1844 3144 1877 ουκ
3193 1835 3298 1878 εὸει
3334 1823 3512 1897 λέγειν
3547 1843 3768 1891 αυτους,

2125 1907 2500 1984 Ἐκϐάλλομεν
2550 1913 2764 1973 ταύτας’
2817 1910 2944 1967 ἀλλ’
2993 1912 3176 1982 ἠξίουν
3223 1913 3336 1985 (76)
3388 1913 3574 1984 μαθεῖν
3625 1912 3772 1985 παρὰ

2123 2005 2229 2054 τῶν
2264 1999 2652 2073 ἐπισταμένων,
2680 2000 2793 2055 ἐπεὶ
2838 1999 3122 2074 ὀφείλουσί
3165 2022 3248 2075 γε,
3281 1999 3371 2056 καὶ
3424 2002 3558 2075 ἅπερ
3608 1997 3668 2054 ἂν
3717 1999 3766 2053 ἐν

2123 2096 2240 2151 ταῖς
2273 2090 2438 2151 θείαις
2468 2095 2701 2167 Γραφαῖς
2734 2092 2808 2163 μή
2841 2093 3112 2160 νοήσωσιν
3161 2085 3473 2160 ἐκϐάλλειν,
3503 2091 3591 2144 καὶ
3643 2111 3770 2144 κατ-

2126 2186 2344 2257 ηγορεῖν
2419 2180 2544 2243 τοὺς
2613 2183 2924 2257 γράψαντας
2982 2183 3094 2254 (77)
3160 2178 3313 2237 αὒτά.
3379 2180 3554 2237 Ἀλλά
3610 2185 3770 2236 τοῦτο

2131 2269 2343 2344 μᾶλλον
2377 2272 2683 2344 αἱρετικῶν,
2711 2271 2801 2324 καὶ
2833 2270 2941 2346 οὐχ
2968 2272 3128 2343 ἡμῶν
3168 2274 3276 2324 τῶν
3323 2273 3659 2346 Χριστιανῶν
3707 2272 3770 2325 τὸ

2123 2359 2411 2431 τόλμημα.
2441 2367 2507 2414 *Α
2541 2360 2642 2434 γὰρ
2675 2360 2972 2434 ἀγνοοῦμεν
3003 2357 3054 2413 ἐν
3106 2365 3221 2420 τοῖς
3273 2356 3504 2432 λογίοις,
3533 2358 3636 2412 οὐκ
3683 2357 3770 2412 ἐκ·

2126 2444 2429 2520 ϐάλλομεν,
2463 2446 2608 2502 ἀλλὰ
2641 2452 2907 2519 ζητοῦμεν
2951 2447 3044 2510 οὒς
3091 2446 3426 2520 ἀπεκάλυψεν
3457 2449 3572 2519 (78)
3604 2447 3631 2500 ὁ
3665 2446 3768 2500 Κύ-

2127 2557 2263 2610 ριος,
2295 2537 2382 2590 καὶ
2411 2538 2537 2612 παρ’
2569 2537 2742 2591 αὐτῶν
2795 2538 3076 2608 μανθάνειν
3123 2536 3398 2608 ἀξιοῦμεν.
3430 2531 3651 2601 Ἐπειδή
3713 2530 3772 2588 δὲ

2123 2627 2213 2680 καὶ
2248 2624 2390 2680 οὕτω
2434 2625 2859 2700 προφασίζονται
2889 2626 2986 2693 τὴν
3035 2625 3286 2702 ἀσάφειαν
3336 2629 3445 2679 τῶν
3501 2621 3768 2677 τοιούτων

2127 2714 2343 2785 λὲξεων,
2394 2714 2842 2788 ὁμολογείτωσαν
2886 2719 3012 2789 γοῦν
3049 2715 3116 2767 τὰ
3167 2712 3322 2775 εὐθὺς
3386 2712 3770 2789 ἐπιφερόμενα,

2124 2805 2213 2858 καὶ
2245 2804 2778 2876 ἆναθεματιζὲτωσαν
2809 2803 2935 2865 τοὺς
2966 2808 3320 2880 φρονοῦντας,
3355 2802 3404 2872 ἐξ
3455 2801 3552 2856 οὐκ
3600 2797 3770 2855 ὄντων

2128 2895 2259 2948 εἶναι
2304 2893 2395 2946 τὸν
2447 2893 2588 2962 Υὶὸν,
2639 2892 2754 2961 καὶ,
2803 2891 2919 2949 Οὐκ
2960 2893 3026 2960 ἦν
3075 2892 3202 2967 πρὶν
3252 2895 3507 2966 γεννηθῇ,
3549 2891 3638 2945 καὶ
3688 2891 3772 2944 ὅτι

2125 2982 2324 3053 κτίσμα
2380 2981 2468 3036 καὶ
2527 2980 2743 3054 ποίημά
2797 2980 2936 3036 ἐστιν
2998 2983 3026 3035 ὁ
3083 2985 3178 3035 τοῦ
3234 2985 3365 3036 ὃεοῦ
3419 2981 3624 3056 Λόγος·
3658 2978 3770 3046 καὶ,

2124 3069 2360 3143 Τρεπτός
2417 3069 2527 3125 ἐστι
2573 3072 2686 3143 (79)
2735 3074 2802 3143 τῇ
2853 3070 3040 3146 φύσει·
3097 3071 3209 3139 καὶ,
3257 3071 3340 3141 Ἐξ
3391 3069 3572 3143 ἑτέρας
3637 3069 3772 3123 ὑπο-

2129 3159 2383 3220 στάσεωςο
2416 3162 2506 3213 καὶ
2561 3158 2705 3220 ὅλως
2765 3159 3291 3233 ἀναθεματιζὲτωσαν
3343 3180 3445 3228 την
3489 3158 3770 3233 Ἀρειανήν

2128 3247 2354 3324 αἳρεσιν,
2383 3249 2482 3316 τὴν
2524 3247 2851 3325 ἐφευροῦσαν
2899 3250 2998 3318 τήν
3050 3248 3307 3318 τοιαύτην
3357 3242 3598 3301 ἀσέϐειαν
3633 3249 3771 3319 (80).

2126 3339 2225 3392 Καὶ
2276 3336 2470 3392 λοιπὸν
2524 3340 2599 3410 μὴ
2653 3335 2974 3412 λεγέτωσαν,
3008 3331 3388 3409 Ἐκϐάλλομεν
3433 3337 3529 3398 τὰς
3580 3335 3769 3406 λέξεις,

2137 3425 2252 3482 νλλ,
2282 3426 2312 3480 ὅ
2447 3424 2470 3441 ν
2695 3431 2718 3441 ~
2902 3427 2914 3444 ν
2975 3429 2984 3446 ρ
3029 3446 3041 3460 ⁸
3078 3423 3107 3448 >Ι
3230 3425 3256 3444 η

2127 3449 2159 3481 α
2313 3447 2365 3480 τι
2395 3433 2564 3484 Ουπω
2595 3448 2826 3499 νηουμεν
2859 3448 3020 3488 αυτας
3083 3447 3164 3480 ινα
3197 3447 3339 3480 ουτω
3389 3427 3618 3495 πιθανήν
3649 3447 3773 3480 τινα

2126 3513 2394 3590 πρόφασιν
2427 3513 2596 3592 ἔχωσι
2627 3520 2722 3570 τοῦ
2753 3522 3128 3590 παραιτεῖσθαι
3167 3515 3382 3576 ταύτας.
3417 3513 3490 3569 Εὖ
3535 3513 3592 3568 δὲ
3653 3512 3773 3568 οἶδα

2127 3606 2216 3660 καὶ
2257 3605 2574 3678 πέπεισμαι,
2622 3605 2710 3658 καὶ
2756 3605 2910 3660 αὐτοὶ
2961 3603 3019 3660 δὲ
3064 3605 3224 3659 τοῦτο
3275 3605 3653 3678 γινώσκουσιν,
3687 3602 3771 3658 ὅτι

2128 3699 2294 3750 ταῦτα
2372 3694 2458 3749 ἐὰν
2532 3694 2950 3768 ὁμολογήσωσι,
3007 3693 3094 3748 καὶ
3171 3693 3605 3765 ἀναθεματίσωσι
3677 3694 3780 3761 τήν

2132 3783 2417 3858 Ἀρειανήν
2461 3781 2682 3858 α’ίρεσιν,
2729 3784 2830 3838 οὐκ
2878 3783 3199 3860 ἀρνήσονται
3247 3783 3491 3843 κάκείνας
3539 3783 3633 3844 τὰς
3682 3789 3785 3850 τῆς

2132 3869 2360 3927 συνόδου
2394 3871 2584 3943 λέξεις,
2622 3874 2720 3926 Διὰ
2746 3877 2907 3928 τοῦτο
2952 3873 3055 3948 γάρ
3103 3873 3192 3926 καὶ
3240 3873 3291 3926 οἱ
3342 3872 3592 3945 Ηατέρες,
3629 3871 3784 3947 εἰρη-

2133 3961 2287 4023 κότες
2322 3960 2380 4016 ἐκ
2407 3969 2507 4031 τῆς
2541 3960 2726 4023 οὐσίας
2757 3963 3012 4038 γεννητὸν
3042 3963 3134 4016 τὸν
3183 3963 3303 4015 Υὶὸν
3359 3960 3654 4032 ὁτιοούσιον
3707 3966 3788 4032 τῷ

2137 4050 2325 4122 Πατρί,
2360 4049 2516 4114 εὐθὺς
2571 4049 2861 4126 ἐπήγαγονο
2894 4049 3022 4112 τοὺς
3073 4049 3130 4105 δὲ
3189 4049 3445 4125 λέγοντας
3502 4051 3570 4104 τὰ
3598 4071 3786 4124 προει-

2136 4139 2365 4214 ρημένα,
2400 4140 2533 4212 ἅπερ
2589 4139 2699 4194 ἐστὶ
2755 4146 2855 4209 τῆς
2911 4141 3197 4216 Ἀρειανῆς
3255 4138 3537 4214 αἱρέσεως,
3597 4140 3786 4193 ἀναθε-

2139 4229 2432 4301 ματίζομεν
2467 4231 2602 4298 (81)’
2631 4227 2723 4283 ’ίνα
2761 4227 3026 4299 δείξωσιν,
3059 4229 3140 4283 ὅτι
3193 4229 3267 4290 ὡς
3315 4227 3372 4283 ἐκ
3419 4226 3788 4302 παραλλήλου

2138 4317 2389 4373 λέλεκται
2445 4319 2570 4389 παρ’
2628 4318 2827 4384 αὐτῶν,
2887 4317 2972 4372 καὶ
3030 4319 3086 4371 αἱ
3148 4317 3317 4386 λέξεις
3373 4315 3571 4371 ἐκεῖναι
3624 4320 3789 4370 ταῦτα

2141 4406 2634 4479 σημαίνουσιν·καὶ
2695 4408 2752 4468 ὅς
2811 4407 2870 4460 ἂν
2927 4406 3128 4468 ὲκείνας
3189 4403 3541 4482 ὁμολογήσῃ,
3574 4405 3789 4466 πάντως

2137 4497 2226 4551 καὶ
2276 4501 2444 4551 ταῦτα
2490 4494 2925 4567 διανοηθήσεται·
2958 4497 3008 4550 οἱ
3039 4493 3096 4550 δὲ
3149 4498 3284 4568 μήτε
3330 4499 3496 4550 ταῦτα
3526 4499 3786 4571 φρονοῦν-

2059 4599 2108 4664 D
2139 4607 2249 4655 τες,
2285 4586 2430 4641 ἀλλὰ
2458 4587 2679 4641 κάκεῖνα
2709 4581 3095 4646 διαϐάλλοντες
3127 4587 3262 4658 (82),
3295 4586 3346 4639 οἱ
3375 4588 3618 4639 τοιοῦτοι
3651 4603 3786 4636 παν-

2138 4674 2368 4751 ταχόθεν
2405 4673 2721 4750 ἐλέγχονται
2754 4694 2948 4750 χριστο
2958 4673 3152 4750 μάχοι.

2213 4767 2301 4821 41.
2336 4764 2433 4819 Καὶ
2477 4763 2598 4838 περὶ
2634 4766 2730 4837 μὶν
2759 4768 2866 4820 τῶν
2896 4762 2948 4834 ἐξ
2979 4763 3114 4819 ὅλου
3161 4763 3263 4832 τὴν
3313 4759 3537 4817 σύνοδον
3587 4761 3786 4836 ἀρνου-

2147 4851 2322 4927 μένων
2355 4853 2509 4930 ἀρκεῖ
2538 4853 2674 4929 πρὸς
2721 4850 2954 4929 ἔλεγχον
3009 4853 3076 4907 τὰ
3123 4850 3285 4928 ὀλίγα
3331 4855 3520 4906 ταῦτα·
3549 4849 3685 4927 πρός
3732 4847 3793 4906 δὶ

2150 5081 2430 5138 tationem
2465 5081 2610 5138 alias
2661 5099 2776 5138 non
2821 5081 3002 5138 semel
3053 5079 3407 5151 notavimus.
3439 5080 3619 5135 Paulo
3664 5083 3800 5151 post

2148 5154 2290 5225 Reg.
2323 5160 2381 5210 et
2410 5155 2559 5210 Felc.
2590 5156 2650 5225 3,
2675 5151 2845 5210 Οὔπω
2894 5157 3121 5225 νοοῦμεν
3171 5149 3356 5212 αὐτάς.
3390 5152 3511 5225 Alii
3544 5149 3796 5225 codices,

2149 5221 2308 5280 Οὕτω
2337 5229 2568 5297 νοοῦμεν
2597 5224 2779 5286 αὐτάς.
2813 5227 2991 5296 Editi,
3025 5221 3167 5279 οὕτω
3196 5221 3636 5297 νοοῦμενᾲαῦτός.

2217 5297 2329 5365 (81)
2359 5298 2450 5352 Sic
2474 5293 2484 5368 γ’
2501 5298 2736 5368 Regius,
2770 5293 3026 5353 Felckm.
3059 5299 3092 5352 3
3141 5302 3198 5352 et
3245 5293 3385 5352 edit.
3425 5295 3611 5368 Paris.
3645 5293 3797 5350 Edit.

2145 5369 2424 5424 Commel.
2460 5367 2940 5440 ἀναθεματίσομεν.
2978 5375 3039 5424 In
3089 5368 3348 5440 Felc.‘4,
3399 5367 3611 5440 ibidem
3640 5371 3805 5440 ‘post

2144 5439 2318 5513 istam
2353 5456 2571 5513 vocem,
2605 5434 2727 5496 hac
2759 5434 3057 5513 ponuntur
3084 5439 3218 5513 πρὸς
3251 5435 3310 5495 δὲ
3338 5437 3464 5513 τοῦς
3525 5434 3800 5513 ἀποδεχο-

2147 5510 2366 5637 μένους,
2396 5511 2488 5566 bis
2520 5510 2840 5584 praemissis
2872 5513 3086 5579 verbis,
3121 5510 3180 5564 ἐκ
3217 5519 3318 5581 τῆς
3367 5510 3533 5578 αὐτῆς
3581 5510 3802 5563 ἐπιστο-

2184 5588 2272 5637 ﬁt.
2308 5584 2544 5637 omissis
2577 5586 2967 5637 intermediis.

2184 5588 2272 5649 ἧς,
2308 5584 2544 5639 omissis
2577 5586 2967 5642 intermediis.

2214 5655 2327 5726 (82)
2355 5655 2593 5727 Regius,
2625 5652 3019 5712 διαϐάλλωσιν.
