4082 6340
271 355 386 414 767

809 362 874 423 S.
921 363 1349 431 ATHANASI]
1397 373 1569 432 OPP.
1618 374 1814 436 PARS
1859 377 1906 436 Ι.
1941 409 2016 422 -—
2048 379 2467 446 HISTOHICA
2517 389 2613 449 ET
2656 387 3138 451 DOGMATICA.

3562 393 3682 454 768

270 489 436 558 bum,
471 493 626 564 quod
659 493 869 552 Filium
900 513 1029 555 esse
1060 517 1235 557 suum
1266 506 1437 560 Pater
1465 506 1798 565 declaravit.
1837 509 1913 568 Ne

2033 511 2060 566 6
2092 515 2206 587 (91)
2250 518 2356 570 τῶν
2404 518 2702 594 ἀνθρώπων
2753 523 2914 595 μέρος
2961 520 3123 589 ἐστὶν,
3177 519 3301 578 οὐδὲ
3343 522 3480 578 κατὰ
3507 525 3679 590 πάθος

272 583 465 636 autem
500 583 792 655 quispiam
825 587 1068 644 audiens
1098 590 1399 661 duntaxat,
1434 595 1916 663 Verbum,existi-

272 674 392 724 met
421 672 710 741 ejusmodi
737 673 879 729 illud
913 693 1042 732 esse
1073 680 1241 750 quale
1271 686 1362 736 est
1393 683 1913 750 humanum,nem-

264 775 334 830 pe
367 760 491 814 sine
522 763 849 816 substantia
884 782 897 830 ;
932 767 1030 820 sed
1067 783 1239 837 quem
1275 771 1458 839 audit,
1494 773 1913 848 Filium,agno-

262 853 387 903 scat
415 865 541 904 esse
572 849 823 906 Verbum
856 853 1073 926 vivens,
1105 862 1161 911 et
1188 860 1545 931 Sapientiam
1579 864 1914 922 substantia

262 939 588 1009 praeditam.

333 1117 418 1171 42.
454 1117 1198 1193 Deinde,quemadmodum
1226 1130 1320 1184 ubi
1356 1147 1486 1186 eum
1514 1134 1734 1206 prolem
1767 1138 1908 1193 dici-

265 1221 418 1271 mus,
452 1206 560 1262 hoc
584 1226 698 1264 non
734 1211 993 1269 humano
1034 1232 1194 1271 more
1238 1218 1656 1293 intelligimus;
1690 1231 1906 1283 etcum

261 1298 491 1351 Patrem
525 1313 654 1354 esse
686 1299 866 1355 Deum
896 1305 1292 1378 agnoscimus,
1329 1326 1442 1364 non
1483 1314 1809 1383 corporalia
1838 1317 1909 1371 de

260 1382 362 1439 illo
389 1386 751 1458 cogitamus:
787 1391 885 1444 sed
912 1391 1050 1446 dum
1084 1393 1184 1449 illa
1205 1398 1481 1454 audimus
1513 1382 1776 1473 exempla
1799 1405 1905 1460 hu-

252 1473 638 1546 jusmodique
666 1479 856 1544 verba,
891 1497 958 1534 ea
992 1488 1185 1538 tamen
1243 1490 1589 1560 congruenti
1634 1494 1804 1549 modo
1837 1495 1906 1550 de

262 1562 374 1617 Deo
407 1563 934 1637 intelligimus,non
963 1571 1113 1626 enim
1141 1573 1295 1630 Deus
1320 1582 1384 1630 ut
1415 1577 1625 1648 homo;
1661 1581 1744 1638 sic
1771 1601 1904 1639 cum

261 1654 820 1713 consubstantialem
855 1661 1404 1733 audimus,omnem
1439 1687 1679 1728 sensum
1713 1677 1904 1730 trans-

261 1741 506 1798 cendere
537 1745 838 1811 debemus,
872 1754 928 1803 et
951 1750 1118 1820 juxta
1149 1757 1519 1813 Proverbium
1552 1761 1905 1833 ‘°,spiritua-

2026 601 2078 673 ἐξ
2109 603 2284 658 αὐτῶν
2339 608 2692 683 προέρχεται,
2746 612 2877 681 μήτι
2928 631 2990 684 γε
3043 612 3069 664 6
3118 616 3214 665 τοῦ
3272 616 3428 679 Θεοῦ,
3461 611 3518 666 ὅν
3555 613 3676 668 Υἱὸν

2023 692 2154 746 εἶναι
2187 691 2376 749 ἑαυτοῦ
2408 697 2435 750 6
2489 700 2674 773 Πατὴρ
2720 695 2992 768 ἐδήλωσεν
3029 719 3041 731 ⁸
3089 698 3180 754 ’ίνα
3233 703 3308 774 μὴ
3357 701 3522 756 πάλιν
3569 723 3676 771 τις,

2021 778 2234 834 ἀκούων
2296 781 2481 854 μόνον,
2543 781 2741 859 Λόγον,
2793 783 2991 860 νομίσῃ
3055 791 3302 842 τοιοῦτον
3355 789 3508 856 εἶναι,
3559 788 3674 850 οἷός

2023 866 2162 923 ἔστιν
2197 872 2223 925 ὁ
2275 876 2380 926 τῶν
2431 873 2751 948 ἀνθρώπων,
2802 874 3170 938 ἀνυπόστατος
3207 894 3218 906 ·
3273 875 3398 931 ἀλλ’
3441 877 3674 950 ἀκούων,

2020 957 2102 1013 ὅτι
2133 959 2254 1022 Υἱός
2285 960 2418 1035 ἐστι,
2452 964 2692 1037 γινώοκῃ
2726 966 2833 1037 (92)
2860 969 3051 1019 τοῦτον
3099 964 3233 1019 εἶναι
3269 971 3445 1034 ζῶντα
3473 965 3674 1042 Λόγον,

2019 1050 2105 1102 καὶ
2139 1049 2379 1105 ένούσιον
2411 1051 2635 1130 Σοφίαν.

2092 1141 2177 1194 42.
2211 1140 2457 1209 Ἒπειτα,
2506 1141 2686 1216 ὥσπερ
2735 1143 2797 1196 τὸ
2849 1141 3095 1218 γέννημα
3146 1143 3419 1218 λέγοντες,
3453 1143 3552 1198 οὐκ
3583 1145 3673 1199 ἂν·

2019 1227 2305 1301 Θρωπίνως
2335 1234 2589 1302 νοοῦμεν,
2640 1230 2728 1285 καὶ
2779 1232 2988 1307 Πατέρα
3031 1233 3122 1286 τὸν
3172 1233 3302 1288 Θεὸν
3352 1230 3573 1299 εἰδότες,
3609 1234 3674 1288 οὐ

2017 1315 2334 1387 σωματὶκήν
2392 1339 2511 1372 τιια
2566 1319 2689 1392 περὶ
2766 1318 2930 1374 αὐτοῦ
2999 1315 3351 1393 λαμϐάνομεν
3415 1317 3622 1376 ἔννοιαν
3659 1341 3671 1354 '

2018 1402 2163 1460 ἀλλὰ
2209 1406 2274 1460 τὰ
2323 1408 2416 1478 μὲν
2474 1405 2883 1482 παραδείγματα
2930 1408 3019 1463 καὶ
3067 1411 3163 1471 τὰς
3211 1410 3461 1472 τοιαύτας
3507 1408 3678 1481 λέξεις

2015 1493 2306 1566 ἀκούομεν,
2338 1497 2686 1570 ἁρμοζόντως
2718 1495 2775 1552 δὲ
2807 1500 2926 1574 περὶ
2981 1503 3113 1552 Θεοῦ
3157 1503 3384 1571 νοοῦμεν
3421 1517 3434 1530 ⁸
3469 1498 3530 1553 οὗ
3573 1500 3674 1575 γὰρ

2016 1582 2091 1644 ὡς
2122 1581 2406 1660 ἄοθρωπος
2451 1585 2477 1638 6
2526 1586 2655 1648 Θεός
2693 1607 2705 1619 ·
2761 1585 2934 1648 οὕτως
2986 1584 3088 1662 ἄρα
3134 1587 3223 1641 καὶ
3271 1587 3332 1642 τὸ
3379 1586 3671 1660 ὁμοούσιον

2016 1671 2324 1742 ἀκούοντες,
2390 1669 2728 1750 ὑπερϐαίνειν
2790 1675 3086 1752 ὀφείλομεν
3157 1681 3327 1730 πᾶσαν
3398 1673 3666 1748 αἴσθησιν,

2014 1761 2104 1815 καὶ
2138 1761 2273 1816 κατὰ
2299 1765 2398 1831 τὴν
2446 1763 2753 1837 Ιιαροιμίαν
2787 1765 2918 1836 (93).
2970 1769 3181 1832 νοητῶς
3228 1770 3371 1818 νοεῖν
3403 1765 3471 1818 τὰ
3498 1785 3670 1840 παρα-

259 1829 393 1885 liter
421 1831 745 1906 intelligere
777 1853 902 1906 quae
950 1848 1328 1911 apponuntur
1357 1848 1525 1904 nobis
1552 1867 1564 1914 ;
1599 1829 1673 1905 ut
1693 1868 1905 1924 cogno-

259 1935 494 1950 ..............
552 1939 660 1950 ..-η
696 1924 993 1950 ..,ι.-,ι..ι-
1051 1932 1144 1950 --λ
1184 1949 1272 1950 ν
1596 1939 1696 1950 η...

2028 1851 2267 1923 τιθέμενα
2296 1829 2431 1924 ἡμῖν
2467 1869 2480 1883 ·
2515 1829 2651 1906 ὥστε
2700 1829 2883 1926 μέντοι
2934 1853 3242 1926 γινώσκειν,
3274 1851 3355 1908 ὅτι
3391 1855 3468 1926 μή
3502 1852 3670 1950 θελη-

259 1935 517 1987 scamus,
552 1939 664 1978 non
696 1924 1014 1995 voluntate,
1048 1932 1144 1985 sed
1182 1949 1377 1989 revera
1409 1953 1542 1992 eum
1595 1939 1803 1998 Filium
1839 1959 1908 2000 ex

262 2008 428 2064 Patre
449 2026 798 2082 germanum
829 2031 980 2084 esse,
1014 2021 1183 2089 quasi
1225 2038 1294 2077 ex
1324 2024 1483 2081 fonte
1520 2028 1722 2099 vitam,
1757 2037 1815 2088 et
1843 2051 1911 2090 ex

259 2097 390 2153 luce
422 2099 813 2170 splendorem.
849 2105 1078 2178 Alioqui
1127 2126 1231 2164 cur
1280 2111 1409 2168 illas
1456 2133 1646 2185 voces,
1699 2097 1908 2190 proles,

261 2186 443 2258 ﬁlius,
494 2205 610 2245 non
683 2195 1086 2265 corpOraliter,
1147 2202 1647 2263 consubstantiale
1701 2186 1907 2266 autem

261 2277 428 2347 quasi
453 2278 522 2333 de
540 2281 1296 2359 corporibus,intelligimus
1330 2308 1342 2345 :
1377 2308 1507 2348 cum
1533 2297 1908 2366 potissimum

261 2381 377 2421 non
411 2366 480 2421 de
511 2366 623 2423 alio
654 2374 830 2441 atque
861 2372 974 2428 alio
1006 2373 1127 2431 haec
1173 2379 1464 2448 dicantur,
1516 2385 1616 2439 sed
1666 2387 1738 2442 de
1769 2405 1909 2459 quo,

260 2453 473 2526 proles,
524 2457 595 2512 de
644 2460 869 2526 eodem,
938 2467 1461 2537 consubstantiale,
1511 2474 1729 2531 dictum
1784 2453 1911 2533 sit?

265 2542 491 2616 Parque
540 2551 632 2601 est
679 2551 943 2605 eamdem
994 2557 1349 2614 sententiam
1420 2561 1724 2635 utriusque
1768 2567 1906 2622 dicti

261 2631 415 2688 circa
442 2633 799 2692 Salvatorem
833 2641 1105 2713 retinere,
1134 2661 1318 2717 neque
1351 2665 1550 2706 vocem
1583 2651 1911 2728 illam,pro-

261 2720 367 2792 les,
402 2727 555 2779 recte
583 2742 596 2791 ;
630 2723 792 2782 illam
824 2734 1044 2798 autem,
1080 2720 1805 2811 consubstantialis,aliter
1827 2746 1913 2802 in-

262 2813 566 2881 terpretari
605 2839 618 2879 ;
644 2831 1008 2888 consequens
1038 2823 1194 2878 enim
1214 2831 1303 2880 est
1331 2844 1593 2892 vos,cum
1625 2849 1693 2888 ea
1715 2841 1910 2892 mente

262 2900 454 2956 dicitis
487 2901 698 2958 Filium
733 2908 921 2963 Patris
968 2909 1214 2968 Verbum
1264 2920 1318 2970 et
1369 2917 1727 2990 Sapientiam
1759 2941 1907 2996 esse,

261 2988 550 3046 diversam
583 2993 654 3048 de
689 2993 777 3050 his
809 2995 1020 3054 habere
1052 3005 1422 3071 sententiam.
1451 2988 1531 3064 iet
1574 3009 1685 3066 alio
1737 2988 1908 3070 modo

259 3076 659 3146 Verbum,a1io
687 3084 1041 3155 Sapientiam
1070 3091 1494 3166 intelligere.At
1515 3099 1670 3155 sicut
1701 3102 1908 3158 absur-

262 3164 402 3220 dum
435 3167 579 3222 illud
610 3175 699 3225 est
731 3188 743 3225 :
779 3190 1029 3246 namque
1078 3164 1380 3238 Filiusvest
1423 3185 1676 3244 Verbum
1719 3195 1775 3245 et
1801 3195 1904 3247 Sa-

261 3253 482 3324 pientia
507 3255 713 3324 Patris,
749 3278 1018 3335 unusque
1049 3274 1136 3322 est
1164 3286 1230 3325 ex
1260 3275 1432 3329 Patre
1491 3277 1664 3345 fetus,
1694 3283 1751 3335 et
1781 3282 1906 3351 ejus
1938 3247 1981 3314 Ο

263 3342 606 3400 substantiae
637 3351 907 3420 proprius
937 3370 957 3414 ;
990 3354 1070 3411 ita
1103 3373 1215 3413 una
1260 3362 1583 3437 eademque
1612 3342 1906 3440 signiﬁca-

264 3432 346 3487 tio
378 3437 467 3488 est
495 3434 673 3506 prolis
703 3442 759 3493 et
787 3444 1306 3505 consubstantialis
1339 3468 1352 3504 :
1388 3457 1444 3506 et
1474 3432 1573 3525 qui
1605 3432 1804 3513 censet
1823 3460 1908 3514 Fi-

264 3520 410 3576 lium
443 3539 572 3579 esse
605 3526 804 3598 fetum,
837 3530 886 3584 is
921 3538 1074 3589 recte
1105 3539 1284 3594 sentit
1313 3556 1448 3597 eum
1497 3559 1626 3601 esse
1655 3550 1908 3605 consub-

265 3611 597 3667 stantialem
610 3657 622 3670 .

338 3699 424 3796 t3.
461 3701 530 3757 Et
554 3703 696 3760 satis
729 3707 964 3779 quidem
998 3711 1120 3770 haec
1137 3721 1275 3772 sunt
1305 3720 1374 3775 ad
1408 3726 1909 3796 comprobandum

268 3787 614 3847 dilectarum
648 3799 1001 3856 sententiam
1044 3819 1156 3858 non
1191 3806 1464 3878 alienam,
1517 3830 1700 3883 neque
1741 3815 1913 3888 longe

268 3893 396 3933 esse
427 3895 461 3934 a
490 3885 996 3943 consubstantiali.
1030 3894 1312 3958 Quoniam
1345 3906 1562 3971 autem,
1601 3905 1803 3976 utipsi
1834 3885 1914 3960 di-

272 3972 413 4022 cunt
442 3968 600 4038 (nam
631 3973 880 4043 epistola
909 3994 1086 4050 penes
1122 4000 1208 4038 me
1240 4003 1354 4042 non
1389 3968 1671 4064 fuit),'qui
1707 3968 1915 4050 Samo-

273 4061 568 4113 satensem
618 4061 976 4122 damnarunt
1037 4071 1293 4146 episcopi
1359 4061 1918 4150 scripto'tradidere

277 4144 483 4201 Filium
514 4147 613 4204 Dei
650 4168 763 4207 non
795 4172 923 4211 esse
955 4160 1107 4214 Patri
1131 4144 1788 4236 consubstantialem,ac
1819 4175 1916 4226 de-

275 4250 437 4290 mum
471 4236 605 4306 ipsi,
640 4240 874 4310 pietatis
907 4245 1258 4322 honorisque
1279 4270 1456 4311 causa
1486 4274 1625 4329 erga
1642 4261 1796 4315 viros
1818 4261 1914 4331 qui

274 4322 395 4377 haec
427 4325 717 4392 dixerunt.
751 4331 834 4387 sic
863 4351 964 4404 pro
996 4353 1061 4391 ea
1110 4356 1248 4396 voce
1292 4351 1432 4399 sunt
1481 4347 1690 4414 allecti,
1732 4366 1918 4420 operte

278 4413 531 4482 pretium
567 4416 738 4473 fuerit
769 4421 860 4491 pie
883 4439 1012 4479 cum
1048 4427 1190 4498 ipsis
1211 4447 1278 4485 ea
1295 4432 1364 4486 de
1395 4450 1454 4489 re
1475 4436 1778 4494 disserere.
1794 4443 1920 4495 Non

276 4501 440 4557 decet
470 4503 1460 4580 quippeilloscumhiscommittere
1492 4543 1504 4580 :
1539 4541 1745 4583 omnes
1763 4528 1920 4583 enim

2021 1959 2121 2010 σει,
2147 1938 2293 1995 ἀλλὰ
2324 1939 2544 2011 ἀληθῶς
2601 1941 2724 2004 Υἱός
2774 1941 2911 1996 ἐστιν
2963 1940 3023 1996 ἐκ
3076 1943 3283 2017 Πατρὸς
3317 1944 3566 2016 γνήσιος,
3599 1944 3672 2005 ὡς

2018 2025 2079 2083 ἐκ
2108 2036 2293 2104 πηγῆς
2345 2032 2480 2098 ζωή,
2536 2030 2624 2084 καὶ
2681 2031 2858 2108 φωτὸς
2911 2030 3257 2105 ἀπαύγασμα.
3307 2033 3369 2088 Ἀ
3419 2030 3509 2086 διὰ
3534 2031 3586 2086 τί
3613 2032 3675 2086 τὸ

2021 2117 2136 2190 μὲν,
2171 2117 2434 2192 γέννημα,
2467 2120 2555 2174 καὶ
2587 2121 2669 2186 τὸ,
2703 2121 2849 2189 Υἱὸς,
2879 2120 2944 2174 οὐ
2972 2124 3320 2192 σωματικῶς,
3352 2120 3415 2174 τὸ
3447 2117 3504 2174 δὲ
3533 2121 3672 2192 ὁμο-

2019 2207 2226 2272 ούσιον,
2260 2208 2336 2268 ὡς
2391 2208 2478 2262 ἐπὶ
2529 2207 2796 2281 σωμάτιον
2854 2206 3236 2281 διανοούμεθα,
3292 2208 3380 2262 καὶ
3414 2207 3669 2280 μάλιστα,

2019 2297 2101 2350 ὅτι
2135 2295 2194 2350 οὐ
2226 2297 2349 2372 περὶ
2383 2295 2556 2352 ἄλλου
2587 2297 2678 2352 καὶ
2721 2296 2896 2352 ἄλλου
2946 2297 3055 2352 ἐστὶ
3103 2297 3171 2352 τὰ
3210 2296 3499 2372 λεγόμενα,
3531 2295 3676 2352 ἀλλᾶ

2017 2385 2140 2459 περὶ
2192 2386 2252 2440 οὗ
2296 2386 2356 2440 τὸ
2404 2387 2671 2460 γέννημα,
2721 2386 2844 2458 περὶ
2892 2386 3086 2441 τούτου
3135 2384 3222 2440 καί
3269 2386 3332 2440 τὸ
3381 2385 3674 2458 ὁμοούσιον

2018 2470 2223 2549 ἐλέχθη
2259 2493 2272 2542 ;
2309 2475 2406 2528 Καὶ
2457 2477 2648 2550 πρέπει
2693 2476 2794 2543 τὴν
2841 2474 3008 2543 αὐτὴν
3057 2472 3295 2529 διάνοιαν
3345 2473 3668 2550 ἀμφοτέρων

2016 2561 2125 2617 τῶν
2157 2562 2352 2632 λέξεων
2400 2561 2485 2617 ἐπὶ
2536 2568 2632 2618 τοῦ
2683 2569 2944 2636 Σωτῆρος
2993 2560 3296 2631 διασώζειν,
3348 2561 3438 2615 καὶ
3490 2562 3566 2634 μὴ
3608 2563 3671 2616 τὸ

2023 2651 2116 2725 μὶν
2149 2651 2393 2726 γέννημα
2427 2655 2536 2725 (94)
2569 2650 2754 2714 καλῶς
2805 2652 3133 2726 ἐξηγεῖσθαι,
3183 2653 3244 2705 τὸ
3292 2647 3349 2705 δὲ
3375 2650 3668 2722 ὁμοούσιον

2019 2739 2206 2803 ἄλλως
2242 2763 2253 2775 ·
2315 2741 2429 2796 ἐπεὶ
2498 2741 2796 2806 ἀκόλουθόν
2865 2740 3028 2808 ἐστιν,
3091 2737 3235 2795 οὕτω
3295 2736 3672 2812 διακειμένους

2022 2831 2159 2904 ὑμᾶς
2187 2830 2275 2885 καὶ
2309 2830 2568 2906 λέγοντας
2614 2830 2784 2907 Λόγον
2835 2831 2924 2885 καὶ
2974 2829 3174 2904 Σοφίαν
3209 2832 3306 2883 τοῦ
3337 2828 3545 2902 Πατρὸς
3575 2829 3666 2883 τὸν

2019 2920 2162 2986 Υἱὸν,
2207 2917 2462 2999 διάφορον
2509 2915 2653 2996 ἔχειν
2703 2919 2790 2975 καὶ
2835 2919 2960 2995 περὶ
3000 2917 3204 2973 τούτων
3246 2920 3344 2987 τὴν
3394 2914 3670 2989 διάνοιαν,

2016 3009 2106 3064 καὶ
2139 3007 2324 3073 ἄλλως
2375 3010 2469 3082 μὶν
2519 3010 2608 3064 τὸν
2661 3011 2835 3084 Λόγον
2891 3014 3056 3076 νοεῖν,
3109 3006 3302 3082 ἑτέρως
3345 3004 3403 3061 δὲ
3433 3009 3533 3076 τὴν
3566 3012 3672 3060 Σο-

2018 3098 2162 3173 φίαν.
2196 3095 2354 3152 Ἀλλ’
2386 3096 2566 3174 ὥσπερ
2617 3096 2816 3152 ἄτοπον
2864 3102 3026 3152 τοῦτο
3057 3113 3072 3128 ⁶
3107 3095 3279 3172 Λόγος
3310 3094 3409 3170 γὰρ
3440 3093 3530 3148 καὶ
3564 3100 3671 3148 Σο-

2020 3187 2117 3261 φία
2159 3191 2256 3240 τοῦ
2295 3188 2501 3260 Πατρός
2553 3185 2693 3241 ἐστιν
2740 3188 2767 3240 6
2817 3187 2960 3255 Υἱὸς,
3007 3186 3092 3239 καὶ
3149 3182 3203 3239 ἓν
3246 3185 3355 3238 ἀστι
3386 3184 3449 3238 τὸ
3481 3181 3540 3237 ἐκ
3569 3187 3671 3237 Πα-

2016 3277 2144 3350 τρὸς
2173 3276 2441 3350 γέννημα,
2473 3275 2562 3330 καὶ
2598 3272 2733 3331 ἴδιον
2787 3283 2888 3346 τῆς
2931 3275 3110 3336 οὐσίας
3143 3272 3307 3328 αὐτοῦ
3342 3293 3354 3306 °
3390 3272 3562 3334 οὕτως
3593 3273 3670 3332 εἷς

2015 3362 2154 3419 ἐστιν
2191 3365 2218 3419 6
2265 3368 2384 3426 νοῦς
2412 3367 2524 3438 (95)
2567 3369 2663 3419 τοῦ
2712 3367 3046 3439 γεννήματος
3077 3362 3166 3418 καὶ
3197 3366 3291 3416 τοῦ
3320 3360 3614 3434 ὁμοουσίου
3650 3379 3662 3390 ·

2015 3454 2105 3508 καὶ
2137 3455 2164 3507 ὁ
2196 3459 2407 3531 φρονῶν
2439 3453 2682 3529 γέννημα
2706 3455 2795 3509 τὸν
2853 3454 2971 3508 Γὶὸν
3022 3457 3207 3527 φρονεῖ
3251 3455 3440 3505 τοῦτον
3486 3449 3664 3527 ὀρθῶς

2015 3542 2106 3596 καὶ
2139 3543 2454 3614 ὁμοούσιον.

2091 3723 2179 3776 43.
2215 3719 2458 3796 Αὖτάρκη
2498 3722 2592 3794 μὲν
2635 3719 2726 3774 οὖν
2757 3724 2924 3775 ταῦτα
2973 3716 3160 3791 δεῖξαι,
3211 3720 3317 3771 τῶν
3372 3717 3673 3821 ἀγαπητῶν

2019 3809 2120 3878 τήν
2154 3805 2397 3864 διάνοιαν
2451 3812 2527 3882 μὴ
2583 3807 2904 3884 ἀλλοτρίαν,
2962 3805 3103 3880 μηδὲ
3150 3806 3355 3883 μακρὰν
3389 3806 3550 3860 οὖσαν
3578 3805 3674 3857 τοῦ

2026 3899 2347 3970 ὁμοουσίου,
2380 3896 2599 3969 Ἐπειδή
2651 3896 2729 3965 δὲ,
2778 3899 2854 3959 ὡς
2901 3896 3054 3952 αύτοὶ
3105 3918 3232 3974 φασι
3286 3895 3404 3967 (τὴν
3432 3894 3532 3970 γὰρ
3567 3892 3678 4000 ἐπι-

2025 3985 2226 4054 στολῆν
2265 3986 2362 4042 οὐκ
2407 3986 2570 4063 ἔσχον
2621 3988 2769 4064 ἐγὼ),
2813 3989 2863 4042 οἱ
2911 3987 3001 4041 τὸν
3058 3985 3377 4058 Σαμοσατέα
3425 3985 3680 4055 κατακρί-

2024 4097 2203 4137 ναντες
2261 4075 2549 4131 ἐπίσκοποι
2599 4077 2892 4152 γράφοντες
2945 4074 3191 4151 εἰρήκασι
3243 4075 3318 4145 μή
3372 4073 3682 4170 alvei-6pm:

2027 4164 2207 4219 ούσιον
2232 4167 2322 4219 τὸν
2355 4167 2477 4220 Υἱὸν
2508 4171 2586 4238 τῷ
2615 4165 2784 4240 Πατρὶ
2817 4167 2951 4238 (96),
3001 4164 3091 4218 καὶ
3143 4162 3334 4218 λοιπὸν
3382 4161 3564 4228 αὐτοι,
3599 4155 3688 4213 διὰ

2025 4254 2122 4321 τήν
2183 4255 2318 4327 πρὸς
2369 4253 2495 4316 τοὺς
2556 4254 2839 4327 εἶ’ρηκότας
2899 4248 3184 4308 εὐλάϐειαν
3236 4271 3295 4305 τε
3346 4249 3435 4304 καὶ
3488 4248 3677 4320 τιμὴν,

2028 4341 2172 4396 οὕτω
2219 4343 2341 4416 περὶ
2397 4345 2496 4412 τὴν
2550 4341 2690 4412 λέξιν
2741 4341 3077 4396 διάκεινται·
3128 4336 3297 4394 καλὸν
3340 4339 3452 4410 μετ’
3499 4338 3674 4391 αὐτῶν

2033 4432 2147 4503 μετ’
2194 4426 2476 4494 εὐλαϐείας
2517 4431 2604 4486 καὶ
2653 4432 2776 4506 περὶ
2826 4429 3026 4485 τούτου
3075 4426 3482 4529 διασκέψασθαι.
3536 4432 3680 4529 Συγ-

2028 4518 2241 4593 κρούειν
2271 4520 2365 4592 μὲν
2399 4522 2499 4596 γὰρ
2531 4519 2754 4582 τούτους
2795 4522 2901 4592 (97)
2951 4518 3084 4594 πρὸς
3134 4515 3370 4577 ἐκείνους
3428 4515 3684 4589 ἀπρεπές

278 4593 480 4647 Patres
502 4600 659 4661 sunt;
688 4614 875 4670 neque
898 4610 1166 4661 sanctum
1182 4613 1590 4668 essetdetinire
1615 4615 1717 4670 bos
1734 4619 1908 4686 probe

2039 4609 2233 4672 πάντες
2275 4612 2379 4686 γάρ
2414 4593 2526 4665 εἱσι
2587 4610 2819 4687 Πατέρες
2855 4630 2866 4643 ·
2931 4605 3223 4683 διακρίνειν
3273 4604 3329 4660 δὶ
3385 4603 3572 4671 πάλιν,
3621 4602 3693 4662 ὡς

275 4677 407 4734 illos
422 4683 805 4742 malelocutos
819 4705 1062 4747 essezom
1073 4712 1173 4750 nes
1187 4698 1401 4771 quippe
1417 4701 1474 4756 in
1487 4677 1933 4762 Christoobdor;

278 4768 549 4827 mierunt.
564 4774 910 4850 Disceptand
924 4798 1007 4835 um
1023 4800 1191 4854 porro
1211 4768 1323 4842 non
1337 4794 1640 4864 est,neque
1655 4810 1930 4850 numerus

281 4859 669 4920 conferendus
699 4867 959 4925 virorum
993 4873 1092 4944 qui
1125 4876 1309 4931 coacti
1337 4883 1496 4948 sunt,
1531 4897 1602 4936 ne
1622 4882 1931 4940 videantur

279 4950 522 5006 trecenti
552 4951 637 5008 illi
678 4956 980 5030 pauciores
1027 4962 1360 5034 obscurare,
1422 4985 1608 5040 neque
1659 4976 1928 5046 tempora

352 5073 399 5108 ⁸ο
427 5077 594 5132 Prov.
627 5096 788 5149 χχιιι,
824 5083 873 5138 1.

285 5296 299 5316 ,
355 5225 468 5298 (91)
499 5228 559 5285 Ὁ
580 5230 743 5290 deest
782 5236 840 5291 in
869 5238 1020 5296 Felc.
1047 5241 1101 5297 3.
1135 5243 1292 5301 Idem
1326 5263 1480 5315 mox,
1545 5249 1709 5325 μέρος
1755 5249 1929 5306 αὐτῶν

498 5375 716 5457 Βθβίυὲ
747 5380 963 5457 θίξάθξχ
984 5385 1261 5457 γινώσκει.

498 5443 642 5533 Εθξέ.
674 5451 728 5533 Ii,
762 5452 862 5533 τὴν
887 5443 1029 5509 θείαν
1068 5443 1385 5533 παροιμίαν.

352 5515 461 5611 (9ξ)
499 5518 643 5576 Felc.
680 5515 732 5592 3,
779 5515 866 5578 ἐπὶ
914 5533 1009 5582 τοῦ
1061 5515 1322 5607 Σωτῆρος
1365 5515 1656 5604 διδάσκῖιν,
1719 5540 1807 5592 καί
1855 5539 1931 5611 μὴ

278 5583 340 5636 τὸ
363 5583 530 5658 γέννη
543 5611 616 5660 μα

283 5634 865 5788 ggébll't‘autmlckm.
899 5672 951 5735 3,
985 5689 1136 5729 reete
1169 5676 1305 5748 Reg.
1351 5683 1407 5733 et
1451 5680 1616 5747 edit,
1665 5683 1742 5740 εἷς
1791 5679 1932 5735 ἐστιν

2044 4699 2191 4753 οὗτοι
2254 4701 2346 4772 μὲν
2406 4699 2610 4767 καλῶς,
2671 4698 2865 4754 ἐκεῖτοι
2921 4695 2979 4752 δὲ
3035 4695 3345 4752 τούναντίον
3393 4693 3692 4766 εἷρήκασιν,

2042 4787 2151 4863 οὐχ
2180 4791 2326 4845 ὅσιον
2362 4808 2374 4820 °
2425 4791 2476 4844 οἱ
2527 4791 2722 4851 πάντες
2773 4787 2875 4865 γάρ
2899 4787 3319 4890 ᾎέκοιμήθησανκ
3353 4784 3405 4890 ἐγ
3453 4785 3690 4890 Χριστῶ.

2039 4881 2118 4939 Οὐ
2150 4891 2261 4956 χρή
2310 4879 2367 4935 δὲ
2415 4880 2763 4956 φιλονεικεῖν,
2825 4877 2954 4934 οὐδὲ
3008 4884 3117 4933 τῶν
3174 4874 3539 4939 συνελθόντων
3596 4874 3688 4927 τὸν

2039 4971 2270 5048 ἀριθμὸν
2302 4966 2662 5045 συμϐάλλειν,
2697 4967 2788 5024 ’ίνα
2813 4970 2888 5042 μὴ
2913 4966 3142 5023 δοκῶσιν
3168 4968 3219 5022 οἱ
3243 4963 3546 5042 τριακόσιοι
3573 4965 3686 5037 (98)

2115 5251 2227 5322 (96)
2256 5253 2348 5307 Sic
2386 5249 2724 5330 Felck_m._3.
2759 5251 2824 5330 In
2856 5247 3030 5330 editis
3061 5253 3118 5303 et
3141 5246 3568 5330 cateris‘mss”
3598 5241 3689 5295 τὸν

2044 5318 2168 5377 Υὶὸν
2196 5327 2291 5375 τοῦ
2322 5327 2454 5376 Θεοῦ
2501 5325 2582 5392 τῷ
2628 5321 2814 5393 ιιατρί.
2873 5321 3003 5377 Haec
3058 5325 3251 5393 autem
3290 5318 3519 5393 videsiis
3544 5330 3691 5393 quo-

2044 5412 2158 5479 que
2189 5395 2341 5479 apud
2378 5386 2669 5479 Hilarium.
2691 5386 2766 5449 De
2793 5392 3194 5479 synodis,npol.
3244 5389 3382 5445 1196
3413 5406 3427 5456 ;
3481 5386 3692 5442 Euseb.

2043 5464 2183 5523 item
2211 5468 2409 5522 Eccles.
2443 5467 2582 5521 Hist.
2612 5465 2715 5520 lib.
2748 5483 2848 5532 vn,
2880 5481 3007 5536 cap.
3037 5464 3126 5518 29.
3270 5533 3280 5544 .
3318 5532 3327 5542 .
3502 5529 3535 5541 η
3655 5510 3660 5514 .

2115 5540 2226 5606 (97)
2285 5538 2432 5593 Felc.
2490 5539 2542 5608 3,
2608 5536 2702 5609 μὲν
2758 5536 2858 5609 γὰρ
2888 5534 3135 5594 τούτους.
3180 5533 3331 5589 Editi
3365 5535 3421 5587 et
3442 5529 3563 5596 alii,
3601 5527 3696 5600 μὲν

2041 5628 2678 5767 τοῖἑὲῖςιθθιοιςηρᾷβκοὶ
2710 5676 3198 5767 πλεῖοὲςξηξαυξρν
3228 5671 3604 5767 postll‘tegius
3635 5675 3694 5727 et

2114 5681 2222 5808 (98)
2259 5681 2506 5735 Felckm.
2539 5681 2594 5747 3,
2628 5681 2678 5732 οἱ
2710 5681 2978 5762 πλείους..
3009 5681 3198 5767 Paulo,
3228 5681 3506 5800 gost'ﬂeg

2042 5755 2115 5807 F6
2143 5754 2298 5810 ckm.
2331 5754 2386 5825 3,
2418 5747 2531 5806 οὐδ’
2560 5749 2626 5808 αὖ
2656 5747 2846 5805 πάλιν.
2881 5752 3053 5819 Edltl,
3085 5743 3180 5802 ουδ
3263 5766 3290 5798 ν
3317 5742 3506 5798 παλιν.
