4082 6392
355 493 476 556 769

1821 486 1922 551 DE
1965 485 2318 556 SYNODlS.

3651 507 3770 568 ’ΠΟ

354 625 483 687 τοὺς
533 623 824 684 ἐλάττονας
875 621 1242 698 ἐπικρύπτειν·
1277 621 1389 681 ούὸἶ
1423 624 1484 678 ἂν
1531 623 1696 679 πάλιν
1747 625 1836 678 τὸν
1871 623 2005 698 χρό-

2152 629 2271 684 ιθῡ
2308 631 2599 687 metienda
2625 639 2784 700 sunt,
2814 652 2885 691 ne
2909 639 3004 709 qui
3040 655 3384 710 praecesserc
3419 641 3771 712 subsequen-

361 735 454 770 vov
487 714 832 789 ἀναμετρεῖν,
857 709 950 766 ’ίνα
984 711 1060 783 μὴ
1089 709 1323 768 δοκῶσιν
1356 714 1407 767 οἱ
1439 707 1809 788 προλαϐόντες
1875 712 2007 789 ἀφα-

361 804 524 874 νίζειν
579 801 708 863 τοὺς
767 803 899 874 μετά
946 805 1112 856 ταῦτα
1140 803 1484 877 γενομένους.
1530 802 1598 858 Οἱ
1643 802 1832 862 πάντες
1882 801 2007 876 γὰρ,

361 892 498 948 καθά
546 891 894 966 προείρηται,
950 891 1182 964 Πατέρες
1233 891 1356 945 εἷσί’
1390 891 1479 945 καὶ
1528 890 1681 963 ὅμως
1735 887 1860 945 οὐδὲ
1887 892 1937 944 οἱ
1965 890 2014 943 τ’

363 984 475 1056 (99)
505 979 766 1054 νεώτερόν
797 1000 849 1034 τι
906 981 1271 1058 φρονήσαντες
1327 979 1582 1054 ἔγραψαν,
1616 976 1741 1034 οὐδὲ
1799 980 2012 1039 ἑαυτοῖς

361 1070 862 1144 καταθαρσῆσαντες
897 1112 911 1137 ,
993 1067 1246 1147 ἀγράφων
1333 1068 1674 1144 προέστησαν
1766 1067 1962 1137 λέξεων
1999 1086 2011 1098 ·

364 1157 510 1213 ἀλλά
540 1158 601 1212 ἐκ
625 1158 877 1232 Πατέρων
914 1156 1229 1231 ὁρμώμενοι
1274 1157 1364 1211 καὶ
1414 1157 1591 1223 αὐτοὶ,
1622 1161 1739 1218 τοῖς
1798 1155 2015 1210 ἐκείνων

369 1248 675 1322 ἐχρήσαντο
709 1245 939 1322 ῥήμασι.
973 1251 1246 1300 Διονῦσιοι
1301 1249 1404 1321 γὰρ
1455 1243 1550 1300 δύο
1598 1245 1874 1320 γεγόνασιν
1920 1243 2017 1318 ἔμ-

366 1338 598 1412 προσθεν
647 1334 793 1389 πολὺ
842 1339 947 1388 τῶν
1002 1329 1384 1408 ἐϐδομήκοντα
1413 1336 1488 1408 (1)
1520 1334 1627 1388 τῶν
1678 1331 2018 1397 καθελόντων

363 1425 454 1479 τὸν
487 1422 827 1496 Σαμοσατέα·
861 1422 1067 1478 τούτων
1104 1424 1131 1477 ὁ
1186 1424 1278 1497 μὶν
1332 1430 1430 1492 τῆς
1461 1423 1705 1496 Ῥώμης,
1733 1424 1760 1476 ὁ
1813 1419 1870 1476 δὲ
1919 1428 2021 1491 τῆς

362 1509 770 1588 Ἀλεξανδρείας
819 1511 888 1581 ἦν
938 1511 1255 1574 ἐπίσκοπος.
1288 1509 1467 1568 Ἀλλά
1507 1533 1669 1566 τινων
1702 1509 2018 1583 αἰτιασαμέ-

367 1624 472 1657 νων
506 1602 653 1676 παρὰ
678 1605 759 1673 τῷ
790 1600 1069 1674 ἐπισκόπῳ
1098 1602 1316 1674 Ῥώμης
1351 1601 1442 1656 τὸν
1475 1608 1574 1670 τῆς
1607 1597 2021 1674 Ἀλεξανδρείας

367 1690 684 1762 ἐπίσκοπον,
719 1689 792 1751 ὡς
825 1688 1055 1764 λέγοντα
1084 1689 1318 1763 ποίημα,
1351 1689 1440 1744 καὶ
1479 1690 1554 1763 μή
1598 1688 1892 1762 ὁμοούσιον
1927 1689 2020 1744 τὸν

370 1781 494 1835 Υἱὸν
535 1784 616 1852 τῷ
663 1780 856 1855 Πατρὶ,
889 1782 924 1848 ἠ
984 1780 1076 1852 μὲν
1127 1780 1262 1833 κατὰ
1290 1779 1510 1852 Ῥώμην
1559 1776 1784 1840 σύνοδος
1817 1776 2018 1854 ἠγανά-

369 1886 584 1940 κτησεν·
615 1869 645 1922 ὅ
677 1865 734 1922 δὲ
761 1875 861 1938 τῆς
892 1869 1114 1940 Ῥώμης
1138 1867 1435 1926 ἰπίσκοπος
1468 1869 1566 1936 τήν
1615 1866 1831 1921 πάντων
1883 1866 2023 1942 γνώ-

2121 721 2208 772 tes
2237 726 2613 778 exauctorare
2663 730 2964 794 putentur.
2998 727 3213 786 Omnes
3261 732 3438 795 enim,
3474 731 3556 786 uti
3588 749 3769 804 supra

2122 807 2346 863 dictum
2378 816 2488 878 est,
2522 816 2725 868 Patres
2757 820 2934 884 sunt;
2967 834 3153 889 neque
3187 824 3383 876 tamen
3415 822 3656 877 trecenti
3687 822 3774 878 illi

2125 895 2382 968 aliquam
2417 916 2620 957 novam
2655 903 2941 977 scripsere
2990 909 3382 977 sententiam;
3418 927 3625 983 neque,
3659 913 3774 968 sibi

2124 985 2271 1056 ipsis
2303 989 2526 1060 conlisi,
2561 993 2752 1048 verbis
2803 1011 2916 1050 non
2967 1001 3138 1053 antea
3165 999 3395 1071 scriptis
3425 1001 3776 1071 patrocinati

2126 1081 2304 1144 sunt;
2339 1079 2437 1134 sed
2467 1081 2730 1152 exemplo
2780 1087 3017 1140 Patrum
3078 1087 3326 1158 incitati,
3357 1105 3557 1146 eorum
3603 1092 3778 1148 verba

2128 1174 2508 1235 usurparunt.
2543 1170 2652 1224 Diu
2686 1188 2941 1244 namque
2971 1180 3105 1230 ante
3127 1175 3254 1230 illos
3276 1179 3651 1250 septuaginta
3679 1180 3780 1250 qui

2127 1253 2595 1313 Samosatensem
2621 1260 3039 1334 deposuerunt,
3072 1266 3186 1320 duo
3211 1265 3464 1339 Dionysii
3483 1268 3777 1335 exstitere,

2129 1358 2380 1413 quorum
2416 1345 2564 1401 alter
2610 1349 2826 1415 Romae,
2878 1351 3023 1408 alter
3067 1353 3426 1410 Alexandriae
3469 1357 3780 1428 episcopus

2129 1437 2271 1487 erat.
2308 1433 2450 1490 Cum
2477 1441 2672 1493 autem
2697 1439 2938 1510 quidam
2963 1442 3032 1496 ad
3058 1443 3383 1498 Romanum
3416 1446 3779 1516 episcopum,

2130 1520 2588 1580 Alexandrinum
2612 1527 2983 1598 detulissent,
3009 1533 3162 1602 quod
3194 1532 3400 1588 Filium
3425 1551 3546 1590 rem
3573 1537 3783 1592 factam

2130 1615 2187 1664 et
2217 1611 2367 1666 Patri
2402 1630 2514 1669 non
2548 1617 3111 1675 consubstantialem
3145 1621 3487 1688 afﬁrmaret,
3520 1625 3784 1696 synodus

2134 1699 2330 1757 Romae
2360 1709 2560 1760 coacta
2590 1722 2709 1760 rem
2762 1706 3002 1778 indigne
3051 1709 3221 1778 tulit,
3257 1711 3556 1769 Romanus
3588 1719 3784 1770 autem

2131 1788 2439 1862 episcopus
2455 1794 2720 1850 omnium
2735 1797 3084 1852 sententiam
3101 1799 3403 1870 rescripsit
3416 1801 3487 1856 ad
3507 1801 3785 1873 gentilem

2133 1895 2330 1935 suum.
2365 1883 2432 1935 At
2464 1881 2560 1937 ille
2591 1883 2681 1938 sui
2726 1886 3017 1956 purgandi
3059 1903 3239 1943 causa
3285 1888 3503 1944 librum
3535 1890 3654 1947 edit
3677 1891 3786 1948 hoc

379 1980 485 2031 μην
519 1959 712 2033 γράφει
744 1958 880 2034 πρὸς
925 1959 1018 2012 τὸν
1069 1958 1362 2031 ὁμώνυμον
1413 1957 1605 2012 ἑαυτοῦ
1767 1956 2023 2017 Κάκεῖνος

2152 1967 2327 2041 ιὶιυιο,
2359 1971 2626 2027 Etenchus
2653 1982 2707 2029 et
2735 1974 3019 2045 Apologia,
3053 1982 3109 2032 et
3138 1976 3230 2033 his
3253 1978 3445 2035 verbis
3475 1980 3545 2035 ad
3581 1979 3790 2036 Roma-

375 2047 594 2115 λοιπὸν,
650 2045 1121 2121 ἀπολογούμενος,
1174 2046 1236 2101 τὸ
1302 2047 1396 2119 μὲν
1461 2041 1676 2122 βιϐλίον
1738 2043 2025 2121 ἐπιγράφει

378 2134 650 2212 Ἐλέγχου
726 2150 816 2190 και
872 2134 1218 2210 Ἀπολογίας.
1279 2135 1475 2212 Γράφει
1535 2131 1593 2190 δὲ
1647 2137 1813 2190 ταῦτα
1890 2134 2027 2210 πρὸς

381 2225 584 2280 ἐκεῖνον
595 2268 607 2280 .

455 2317 544 2370 44.
578 2315 658 2387 (3)
687 2337 716 2365 ι(
748 2312 848 2367 Καὶ
880 2309 949 2367 δι’
981 2309 1159 2383 ἄλλης
1215 2311 1512 2383 ἐπιπολῆς
1557 2309 1786 2389 ἔγραψα,
1843 2311 1893 2366 ἐν
1946 2311 2026 2374 οἷς

386 2403 590 2480 ἤλεγξα
621 2402 710 2458 καὶ
743 2403 772 2456 ’ὀ
811 2401 1174 2480 προφέρουσιν
1233 2399 1491 2478 ἔγκλημα
1541 2404 1658 2456 κατ’
1706 2400 1862 2474 ἐμοῦ,
1898 2405 2026 2474 ψεῦ-

384 2491 475 2556 δος
508 2491 591 2564 ὃν,
621 2493 694 2554 ὡς
753 2492 814 2547 οὗ
873 2492 1129 2567 λέγοντος
1175 2493 1266 2547 τὸν
1311 2493 1538 2568 Χριστὸν
1573 2493 1866 2565 ὃμοούσιον
1898 2491 2027 2546 εἶναι

381 2587 462 2655 τῷ
491 2587 627 2654 Θεῷ.
655 2581 721 2638 Ei‘
747 2581 847 2657 γὰρ
881 2581 971 2636 καὶ
998 2581 1061 2636 τὸ
1091 2576 1265 2654 ὄνομα
1292 2582 1453 2637 τοῦτό
1485 2604 1628 2658 φημι
1684 2582 1758 2654 μὴ
1805 2579 2033 2656 εὑρηκέ-

380 2693 490 2739 ναι,
525 2669 654 2744 μηδ’
685 2671 1038 2745 ἀνεγνωκέναι
1081 2691 1187 2725 που
1233 2671 1340 2725 τῶν
1392 2669 1555 2748 ἁγίων
1606 2674 1855 2747 Γραφῶν,
1886 2669 2032 2723 ἀλλά

379 2781 439 2836 γε
467 2761 533 2815 τά
562 2759 968 2835 ἐπιχειρήματά
1002 2780 1107 2831 μου
1135 2759 1202 2814 τὰ
1250 2760 1396 2832 ἑξῆς,
1428 2758 1462 2813 ἃ
1509 2760 1901 2828 σεσεωπήκασι,
1934 2764 2032 2819 τῆς

385 2846 629 2912 διανοίας
680 2847 884 2919 ταύτης
937 2848 1038 2903 οὐκ
1096 2845 1308 2920 ἀπᾴδει.
1371 2847 1468 2903 Καὶ
1527 2850 1626 2924 γὰρ
1690 2850 1766 2921 (4)
1825 2848 2034 2923 ἀνθρωο

384 2938 538 2993 πιίαν
594 2939 757 3012 γονὴν
813 2938 1143 3013 παρεθέμην,
1197 2934 1366 3007 δῆλον
1433 2938 1505 2999 ὡς
1561 2935 1718 2992 οὖσαν
1772 2938 2036 3012 ὁμογενῆ,

388 3030 564 3105 φήσας
614 3027 827 3090 πάντως
877 3025 1005 3088 τοὺς
1065 3033 1245 3101 γονεῖς
1302 3023 1466 3100 μόνον
1518 3029 1594 3100 (5)
1645 3027 1857 3101 ἑτέρους
1901 3026 2035 3080 εἶναι

387 3122 495 3170 τῶν
526 3117 750 3178 τέκνων,
785 3117 867 3170 δτι
906 3117 982 3189 μὴ
1015 3116 1171 3170 αὐτοὶ
1206 3116 1306 3171 εἶεν
1338 3116 1405 3171 τὰ
1449 3117 1626 3170 τέκνα·
1660 3115 1694 3185 ἢ
1754 3117 1892 3188 μήτε
1939 3135 2036 3190 γο-

390 3210 502 3268 νεῖς
541 3205 832 3281 ἀναγκαῖον
884 3205 1147 3282 ὑπάρχειν
1204 3205 1359 3273 εἶναι,
1395 3206 1533 3278 μήτε
1577 3203 1754 3260 τέκνα.
1787 3204 1887 3258 Καὶ
1941 3204 2040 3273 τὴν

399 3295 491 3369 μὲν
551 3293 870 3367 ἐπιστολὴν,
928 3295 1002 3357 ὡς
1051 3299 1333 3371 προεῖπον,
1394 3291 1484 3350 διὰ
1546 3294 1641 3358 τὰς
1698 3292 2037 3366 περιστάσεις

2139 2073 2281 2113 num
2309 2058 2547 2132 scripsit
2575 2062 2914 2134 episcopum
2941 2080 2953 2118 :

2212 2311 2298 2364 44.
2339 2329 2364 2362 α
2397 2310 2455 2365 In
2472 2309 2734 2366 aliaitem
2759 2310 3005 2384 epistola
3036 2331 3102 2369 ea
3124 2315 3577 2388 scripsi,quibus
3601 2320 3796 2376 crimi-

2143 2400 2435 2454 nationem
2470 2400 2934 2456 adversariorum
2968 2403 3173 2474 repuli,
3212 2406 3668 2480 mendacemque
3697 2427 3790 2467 os-

2142 2488 2300 2544 tendi
2324 2506 2439 2560 qua
2462 2490 2695 2544 aiebant
2719 2508 2808 2546 me
2829 2491 3122 2547 Christum
3148 2511 3358 2566 negare
3383 2513 3512 2552 esse
3533 2498 3648 2554 Deo
3667 2516 3796 2554 con-

2144 2577 2619 2634 substantialem.
2655 2579 2910 2634 Tanetsi
2944 2583 3099 2637 enim
3153 2583 3334 2639 fateor
3364 2602 3457 2641 me
3489 2587 3595 2642 hoc
3628 2605 3792 2645 voca-

2144 2667 2349 2722 bulum
2383 2684 2675 2738 nusquam
2707 2668 3138 2739 Scripturarum
3179 2689 3483 2731 sacrarum
3519 2677 3602 2732 vel
3633 2677 3791 2734 inve-

2145 2756 2303 2811 nisse
2333 2757 2415 2811 vel
2451 2756 2950 2828 legisse,attamen
2983 2767 3330 2832 argumenta
3355 2779 3483 2819 mea
3506 2782 3633 2836 quae
3664 2768 3796 2822 sub-

2146 2850 2496 2916 sequuntur,
2529 2863 2773 2917 quaeque
2797 2847 2893 2903 isti
2926 2853 3331 2921 tacuerunt,ab
3362 2853 3472 2908 hac
3503 2858 3796 2912 sententia

2148 2953 2263 2991 non
2296 2936 2652 3006 discrepant.
2683 2936 2904 2991 Etenim
2929 2937 3245 2995 humanam
3273 2943 3493 3013 prolem
3526 2943 3580 2998 in
3607 2962 3797 3000 exem-

2148 3025 2308 3097 plum
2341 3024 2531 3094 attuli,
2565 3041 2739 3096 quam
2801 3032 2958 3098 patet
2988 3029 3250 3097 ejusdem
3300 3047 3428 3087 esse
3469 3035 3700 3104 generis
3732 3052 3798 3090 ac

2148 3114 2490 3187 genitorem.
2525 3113 2768 3187 Dixique
2817 3132 3015 3171 revera
3058 3117 3114 3172 in
3148 3117 3258 3174 hoc
3305 3119 3496 3177 solum
3530 3130 3799 3193 parentes

2149 3203 2381 3259 diﬁ'crre
2411 3219 2443 3257 a
2475 3201 2631 3273 ﬁliis,
2660 3204 2815 3274 quod
2842 3205 2954 3276 ipsi
2977 3222 3090 3261 non
3123 3207 3240 3263 sint
3272 3208 3377 3264 filii
3405 3227 3418 3266 :
3453 3211 3670 3283 alioqui
3705 3229 3799 3269 ne-

2149 3308 2311 3348 cesse
2342 3292 2462 3346 fore
2511 3309 2700 3364 neque
2743 3299 3014 3364 parentes
3073 3298 3338 3365 existere,
3374 3316 3562 3372 neque
3620 3301 3794 3358 ﬁlios.

399 3353 410 3369 .
803 3353 814 3363 .
855 3353 869 3367 .
990 3353 1000 3357 ν
1095 3353 1105 3371 .
1315 3353 1332 3365 ι
1629 3353 1638 3358 -
1769 3353 1776 3366 .
2025 3353 2032 3355 ν

396 3383 497 3439 οὐκ
526 3377 641 3458 ἔχω
671 3383 1028 3460 προκομίσαι·
1064 3385 1109 3439 εἰ
1141 3381 1186 3438 δ’
1220 3383 1334 3453 οὖν,
1367 3384 1501 3440 αύτά
1549 3387 1623 3459 (6)
1657 3405 1740 3438 σοι
1796 3384 1863 3438 τὰ
1917 3382 2035 3438 τότε

2152 3381 2469 3452 Epistolam
2505 3353 2795 3449 autem,ut
2825 3383 3203 3450 antedixi,ob
3233 3353 3799 3457 praesentem

397 3473 637 3549 ῥήματα,
675 3471 886 3547 μᾶλλον
921 3470 977 3528 δὲ
1007 3474 1096 3528 καὶ
1127 3477 1304 3545 πάσης
1351 3473 1633 3548 ἀνέπεμψα
1674 3473 1736 3528 τὸ
1788 3472 2038 3549 ἀντίγρα-

398 3581 516 3636 φονε
564 3560 695 3638 ὅπερ
747 3561 833 3617 ἐὰν
896 3561 1205 3638 εὐπορήσω,
1240 3565 1477 3634 ποιήσω.
1512 3560 1646 3621 Οἶδα
1696 3559 1754 3618 δὲ
1798 3562 1886 3616 καὶ
1943 3560 2040 3635 μέ-

398 3672 609 3725 μνημαι
668 3650 896 3706 πλείονα
951 3651 1208 3726 προσθεὶς
1261 3656 1368 3708 τῶν
1425 3657 1693 3727 συγγενῶν
1751 3652 2039 3724 ὁμοιώμα-

391 3762 459 3796 τα
509 3743 604 3813 (7).
638 3739 735 3794 Καὶ
783 3740 885 3816 γὰρ
936 3742 1023 3794 καὶ
1075 3741 1240 3819 φυτὸν
1295 3741 1468 3814 εἶπον,
1503 3742 1608 3796 ἀπὸ
1657 3742 1964 3817 σπέρματος
2004 3739 2040 3808 ἢ

396 3831 501 3885 ἀπὸ
533 3828 686 3905 ῥίζης
717 3828 967 3901 ἀνελθὸν,
997 3826 1178 3906 ἓτερον
1229 3832 1360 3885 εἶναι
1420 3835 1516 3886 τοῦ
1564 3830 1681 3885 ὅθεν
1717 3824 2040 3901 ἐϐλάστησε,

395 3918 484 3971 καὶ
543 3916 756 3979 πάντως
814 3916 1000 3990 ἐκείνῳ
1055 3917 1377 3988 καθέστηκεν
1437 3917 1696 3995 ὁμοφυές·
1730 3917 1819 3972 καὶ
1877 3936 2043 3971 ποτα-

403 4007 502 4079 μὸν
535 4006 639 4061 ἀπὸ
668 4013 857 4080 πηγῆς
887 4005 1094 4081 ῥέοντα,
1120 4005 1300 4079 ἕτερον
1351 4006 1439 4061 καὶ
1490 4014 1683 4082 σχῆμα
1731 4007 1820 4062 καὶ
1871 4002 2047 4079 ὄνομα

404 4095 809 4174 μετειληφέναι·
846 4098 985 4168 μήτε
1035 4099 1136 4171 γὰρ
1195 4098 1294 4165 τὴν
1352 4099 1536 4171 πηγὴν
1594 4098 1861 4169 ποταμὸν,
1907 4097 2046 4169 μήτε

396 4187 488 4242 τὸν
547 4188 794 4260 ποταμὸν
848 4189 1034 4262 πηγήν
1091 4187 1356 4264 λέγεσθαι,
1389 4187 1478 4242 καὶ
1537 4187 1816 4266 ἀμφότερα
1874 4185 2042 4264 ὑπάρ-

401 4295 544 4352 χειν
572 4275 664 4332 καὶ
694 4277 794 4346 τήν
825 4277 919 4350 μὲν
951 4277 1133 4352 πηγὴν
1181 4276 1353 4332 οἱονεὶ
1405 4278 1618 4354 Πατέρα
1667 4279 1820 4348 εἶναι,
1846 4276 1936 4332 τὸν
1990 4273 2047 4332 δὲ

2151 3469 2540 3525 conditionem
2575 3486 2752 3541 penes
2801 3486 2892 3525 me
2949 3488 3064 3527 non
3114 3473 3319 3530 habeo.
3368 3475 3638 3549 Alioquin
3672 3479 3802 3551 ipsa

2154 3558 2256 3614 tibi
2290 3575 2416 3630 quae
2448 3563 2589 3614 tunc
2646 3558 2854 3631 scripsi
2911 3561 3106 3627 verba,
3142 3562 3258 3619 imo
3307 3566 3490 3622 totius
3539 3567 3798 3639 epistolas

2152 3648 2449 3720 exemplar
2480 3649 3156 3722 misissem,mittamque
3177 3654 3226 3707 si
3251 3656 3485 3724 quando
3504 3657 3647 3711 mihi
3674 3659 3802 3728 ejus

2152 3739 2319 3810 copia
2351 3739 2676 3794 fuerit.Scio
2708 3744 2901 3793 autem
2923 3744 3096 3810 atque
3129 3743 3369 3797 memini
3402 3760 3494 3799 me
3517 3744 3804 3817 plurimas

2153 3845 2220 3884 ex
2233 3829 2406 3882 rebus
2428 3827 2578 3882 inter
2600 3843 2660 3881 so
2684 3829 2947 3899 cognatis
2971 3827 3388 3888 similitudines
3401 3834 3804 3905 conglobasse.

2153 3915 2376 3971 Etenim
2412 3915 2819 3987 plantam,sive
2850 3933 2917 3972 ex
2946 3917 3320 3986 semine,sive
3351 3937 3420 3976 ex
3450 3923 3641 3978 radice
3672 3941 3802 3978 suc-

2154 4012 2534 4075 crescentem,
2563 4004 2738 4061 aliam
2771 4023 2900 4062 esse
2930 4007 3046 4061 dixi
3075 4009 3147 4062 ab
3190 4025 3255 4064 eo
3290 4010 3440 4066 unde
3472 4011 3807 4082 pullulavit,

2156 4095 2389 4151 tametsi
2421 4095 2686 4164 ejusdem
2721 4112 2962 4166 prorsus
2994 4101 3082 4151 est
3106 4102 3361 4153 naturai:
3391 4098 3752 4172 ﬂuviumque
3776 4119 3809 4156 a

2157 4187 2315 4241 fonte
2348 4184 2650 4253 ﬂuentem,
2683 4183 2857 4238 aliam
2892 4185 3140 4240 formam
3182 4191 3238 4241 et
3268 4204 3480 4244 nomen
3513 4190 3806 4261 accipere:

2158 4291 2349 4348 neque
2376 4274 2532 4332 enim
2565 4279 2666 4330 aut
2689 4274 2906 4330 fontem
2931 4275 3306 4345 lfuvium,aut
3326 4276 3567 4334 ﬂuvium
3594 4281 3809 4336 fontem

475 4502 585 4576 (99)
616 4503 713 4576 Sic
745 4502 1043 4576 Regiusget
1073 4501 1433 4576 Basiliensis.
1468 4502 1618 4576 Felc.
1651 4501 1851 4576 ve_ro_3_
1876 4500 2039 4576 item.
2071 4505 2118 4568 D
2220 4499 2298 4570 (3)
2333 4503 2408 4576 In
2445 4498 2586 4576 edit.
2643 4497 2824 4576 Paris.
2883 4496 3026 4576 sola,
3073 4500 3412 4576 praemissus
3442 4501 3555 4576 hic
3599 4503 3806 4576 titulus

401 4573 452 4626 oi
472 4571 799 4646 τριακόσιοι.
827 4571 980 4631 Editi
1014 4575 1315 4642 mendose,
1349 4573 1400 4627 οἱ
1429 4571 1512 4628 τό.
1544 4577 1672 4630 Mox
1704 4572 1959 4629 Felckm.
1982 4573 2040 4641 3,

404 4644 788 4721 θαρβήςταιῖες·

474 4712 518 4788 (1
532 4712 1308 4790 )"E680Mxovta.uﬂilarius
1339 4715 1633 4790 octoginta
1656 4717 2054 4790 memorat,_et

405 4786 672 4846 fortassis
720 4786 944 4860 absque
978 4787 1100 4844 ulla
1150 4786 1563 4860 dissensione:
1602 4804 1844 4844 numero
1893 4786 2050 4860 enim

404 4861 600 4932 pleno,
631 4857 1028 4933 septuaginta,
1062 4865 1120 4916 et
1149 4861 1449 4933 octoginta
1493 4859 1605 4915 dici
1653 4863 1920 4930 possunt,
1950 4857 2051 4933 qui

405 4932 920 5004 septuagenariu’m
953 4932 1177 5002 aliquot
1208 4932 1469 4987 numeris
1509 4933 1813 5004 excedunt.
1850 4935 1919 4984 At
1947 4932 2052 4986 Ba-

406 5001 576 5060 silius
608 5001 913 5075 diaconus,
949 5001 1166 5076 aliique
1192 5003 1486 5076 monachi,
1521 5004 1577 5057 in
1638 5001 1838 5058 libello
1877 5017 2050 5076 quem

406 5079 479 5132 ad
514 5078 802 5150 synodum
822 5073 1173 5150 Ephesinam
1197 5074 1722 5150 obtulerecentum
1758 5073 2056 5150 octoginta

407 5143 723 5206 numerant
752 5143 910 5204 tom—0
944 5148 1016 5203 Ill
1044 5147 1280 5216 Comet,
1299 5163 1425 5217 pag.
1451 5147 1556 5201 425
1584 5164 1596 5211 ;
1621 5147 1720 5200 sed
1748 5143 2056 5200 Athanasii

409 5226 467 5276 et
505 5220 707 5277 Hilarii
753 5220 1090 5276 testimonio
1141 5219 1297 5274 haud
1347 5218 1522 5273 dubie
1573 5218 1873 5274 standum.
1906 5220 2054 5270 Nam

410 5293 565 5365 quod
594 5291 860 5349 nonnulli
893 5307 1074 5365 prope
1100 5290 1583 5365 innumerabiles,
1618 5294 1719 5345 aut
1750 5304 1896 5365 pene
1923 5287 2056 5365 inﬁf

411 5361 565 5420 nitos
621 5379 687 5421 eo
747 5361 1090 5420 convenisse
1148 5363 1220 5417 ab
1277 5363 1527 5417 Eusebio
1577 5361 1802 5416 narrari
1853 5363 2060 5431 putant

413 5435 516 5491 lib.
549 5452 654 5508 vri,
685 5453 814 5508 cap.
835 5437 935 5508 _i‘9,
971 5435 1195 5508 decepti
1226 5433 1497 5508 videntur
1527 5433 1740 5489 Valesii
1766 5431 2057 5508 versione,

412 5523 530 5578 qua
576 5501 1063 5575 ἱ11ὐὀ,’πλείστων
1109 5501 1246 5578 ὅσων
1294 5501 1626 5578 ἐπισκόπων,
1684 5505 2060 5578 episcoporum

409 5576 638 5636 numero
668 5595 835 5650 prope
865 5577 1384 5645 innumerabilium,
1414 5576 1676 5650 vertitur,
1706 5576 1804 5632 ubi
1835 5579 2064 5631 verten-

413 5653 556 5707 dum
592 5649 738 5716 erat,
773 5650 1346 5722 quamplurimorum
1377 5649 1809 5721 episcoporum.

483 5723 562 5797 (2)
591 5720 925 5789 Felckman,
957 5720 1011 5798 3,
1046 5720 1243 5796 ἑαυτῷ.

2136 4569 2316 4644 erat;
2348 4570 2410 4623 Ἡ
2458 4570 2613 4644 πρὸς⁸
2645 4569 2918 4644 Διονύσιον
2947 4569 3086 4644 ’τῆς
3105 4569 3324 4644 Ῥώμης
3352 4572 3654 4644 ¹ἐπίσκοπον
3688 4573 3804 4627 ἐπι-

2158 4640 2330 4708 στολὴ
2399 4637 2681 4716 Διονύσίού
2721 4637 3122 4716 Ἀλεξανδρείας
3171 4637 3489 4702 ἐπισκόπου.
3542 4649 3603 4701 In
3663 4647 3808 4701 edit.

2159 4714 2750 4788 veroComm.Latine
2780 4716 2865 4770 sic
2897 4714 3108 4788 titulus
3129 4717 3357 4787 positus
3389 4719 3815 4788 fuitzviouysii

2160 4786 2522 4842 Alexandria:
2551 4787 2788 4856 episcopi
2835 4787 2906 4842 ad
2956 4786 3283 4858 Dionysium
3336 4791 3646 4858 pontiﬁcem
3699 4786 3810 4844 Ro-

2161 4874 2390 4913 manum
2423 4859 2672 4930 epistola,
2707 4875 2879 4929 quem
2932 4860 3292 4914 Parisienses
3332 4858 3525 4914 Graece
3575 4877 3810 4930 expres-

2163 4934 2386 4985 serunt.
2425 4929 2541 4984 Hoc
2585 4937 2779 4984 autem
2826 4931 3085 5001 epistolas
3136 4930 3389 5001 Dionysii
3442 4929 3812 4986 Alexandrini

2164 5002 2557 5072 fragmentum
2592 5002 2811 5072 legitur
2840 5002 2978 5056 item
3011 5019 3191 5071 supra
3222 5003 3282 5056 in
3315 5002 3573 5072 Epistola
3609 5009 3682 5059 Ue
3713 5005 3814 5059 Ni-

2163 5071 2617 5146 coznisidecrelis,
2655 5071 2711 5146 et
2742 5075 2800 5146 in
2827 5075 3075 5146 epistola
3113 5074 3185 5129 De
3227 5071 3500 5130 sententia
3538 5076 3811 5146 Dionysii,

2167 5161 2296 5226 pag,
2331 5144 2621 5226 201‘,.cum_
2659 5144 2788 5199 aliis
2845 5145 3163 5226 multisﬁuln
3193 5146 3396 5226 _R_eg_io
3448 5144 3812 5226 προφέρουσιν

2162 5215 2401 5293 1egi_t_ur_
2428 5215 2522 5293 hi_c
2574 5223 2631 5293 et
2661 5233 2840 5293 supra
2873 5234 2999 5287 pag.
3032 5218 3156 5271 20t.
3191 5215 3372 5293 Editi,
3392 5215 3811 5293 προσφέρουσιν.

2238 5278 2440 5376 {4)‘Sic
2472 5286 2685 5376 Begius
2720 5278 2810 5342 hic
2839 5278 2896 5342 et
2927 5278 3105 5359 supra
3134 5305 3266 5343 cum
3301 5278 3444 5345 al'iis'
3464 5278 3613 5346 ms‘s:
3640 5290 3812 5360 Editi,

2167 5377 2256 5411 και
2287 5377 2386 5430 γαρ
2414 5377 2521 5412 και.

2242 5429 2317 5500 (5)
2347 5429 2438 5484 Sic
2471 5429 2703 5499 Regius,
2734 5430 3072 5486 Basiliensis
3113 5437 3168 5487 et
3198 5431 3386 5488 Felck.
3420 5434 3471 5487 3.
3509 5435 3565 5486 ln
3619 5431 3814 5499 editis,

2172 5499 2458 5571 ἀναγκαῖον
2491 5499 2675 5572 μόνον.
2710 5500 2953 5572 Ibidem,
2988 5501 3184 5572 μόνους
3219 5503 3391 5558 habet
3425 5504 3570 5560 Felc.
3605 5506 3656 5559 3.

2348 5570 2499 5648 lielc.
2531 5573 2584 5648 ἒξ,
2613 5570 2711 5648 οὐκ
2739 5570 2854 5648 ἔχω
2885 5570 3259 5647 προκομίζειν.
3289 5575 3354 5642 ᾚ
3403 5574 3507 5648 γὰρ
3559 5574 3616 5628 ἂν
3657 5573 3813 5630 αὐτά.

2266 5643 2319 5715 7)
2355 5643 2502 5700 Felc.
2536 5645 2590 5713 3,
2622 5643 2961 5717 ὁμοιώματι.
