  <div class='ocr_page' id='page_1' title='image "/cluster/home/n/w/nwhite01/storage/ocr_20150623/26/hvd.32044019208479/453.png"; bbox 0 0 4082 6340; ppageno 0'>
   <div class='ocr_carea' id='block_1_1' title="bbox 322 481 428 546">
    <p class='ocr_par' dir='ltr' id='par_1_1' title="bbox 322 481 428 546">
     <span class='ocr_line' id='line_1_1' title="bbox 322 481 428 546; baseline 0.019 -2"><span class='ocrx_word' id='word_1_1' title='bbox 322 481 428 546; x_wconf 79' lang='grc'>’771</span> 
     </span>
    </p>
   </div>
   <div class='ocr_carea' id='block_1_2' title="bbox 865 474 3182 545">
    <p class='ocr_par' dir='ltr' id='par_1_2' title="bbox 865 474 3182 545">
     <span class='ocr_line' id='line_1_2' title="bbox 865 474 3182 545; baseline -0.002 0"><span class='ocrx_word' id='word_1_2' title='bbox 865 483 929 545; x_wconf 93' lang='lat' dir='ltr'>S.</span> <span class='ocrx_word' id='word_1_3' title='bbox 973 477 1398 544; x_wconf 76' lang='lat' dir='ltr'><strong>ATHANASII</strong></span> <span class='ocrx_word' id='word_1_4' title='bbox 1442 479 1614 544; x_wconf 84' lang='lat' dir='ltr'>OPP.</span> <span class='ocrx_word' id='word_1_5' title='bbox 1663 478 1866 542; x_wconf 80' lang='lat' dir='ltr'>PARS</span> <span class='ocrx_word' id='word_1_6' title='bbox 1913 476 1960 540; x_wconf 91' lang='grc' dir='ltr'>Ι.</span> <span class='ocrx_word' id='word_1_7' title='bbox 1995 512 2072 526; x_wconf 93' lang='grc'><strong><em>-</em></strong></span> <span class='ocrx_word' id='word_1_8' title='bbox 2101 474 2514 541; x_wconf 80' lang='lat' dir='ltr'>HISTORICA</span> <span class='ocrx_word' id='word_1_9' title='bbox 2557 479 2658 541; x_wconf 83' lang='lat' dir='ltr'><strong>ET</strong></span> <span class='ocrx_word' id='word_1_10' title='bbox 2702 475 3182 541; x_wconf 75' lang='lat' dir='ltr'>DOGMATIGA.</span> 
     </span>
    </p>
   </div>
   <div class='ocr_carea' id='block_1_3' title="bbox 3611 478 3731 541">
    <p class='ocr_par' dir='ltr' id='par_1_3' title="bbox 3611 478 3731 541">
     <span class='ocr_line' id='line_1_3' title="bbox 3611 478 3731 541; baseline 0.017 -2"><span class='ocrx_word' id='word_1_11' title='bbox 3611 478 3731 541; x_wconf 72' lang='lat'>772</span> 
     </span>
    </p>
   </div>
   <div class='ocr_carea' id='block_1_4' title="bbox 327 610 1978 690">
    <p class='ocr_par' dir='ltr' id='par_1_4' title="bbox 327 614 1972 690">
     <span class='ocr_line' id='line_1_4' title="bbox 327 614 1972 690; baseline -0.003 -15"><span class='ocrx_word' id='word_1_12' title='bbox 327 621 461 687; x_wconf 90' lang='lat' dir='ltr'>dici,</span> <span class='ocrx_word' id='word_1_13' title='bbox 496 620 596 676; x_wconf 87' lang='lat' dir='ltr'>sed</span> <span class='ocrx_word' id='word_1_14' title='bbox 655 623 970 690; x_wconf 91' lang='lat' dir='ltr'>utrumque</span> <span class='ocrx_word' id='word_1_15' title='bbox 1013 618 1328 673; x_wconf 80' lang='lat' dir='ltr'>exsistere:</span> <span class='ocrx_word' id='word_1_16' title='bbox 1384 633 1448 671; x_wconf 88' lang='lat' dir='ltr'><strong>ac</strong></span> <span class='ocrx_word' id='word_1_17' title='bbox 1481 616 1697 671; x_wconf 79' lang='lat' dir='ltr'>fontem</span> <span class='ocrx_word' id='word_1_18' title='bbox 1733 614 1972 686; x_wconf 84' lang='lat' dir='ltr'>quidem</span> 
     </span>
    </p>
   </div>
   <div class='ocr_carea' id='block_1_5' title="bbox 2092 610 3735 690">
    <p class='ocr_par' dir='ltr' id='par_1_5' title="bbox 2092 610 3735 688">
     <span class='ocr_line' id='line_1_5' title="bbox 2092 610 3735 688; baseline -0.001 -22"><span class='ocrx_word' id='word_1_19' title='bbox 2092 613 2332 686; x_wconf 85' lang='grc' dir='ltr'>ποταμὸν</span> <span class='ocrx_word' id='word_1_20' title='bbox 2386 613 2515 666; x_wconf 75' lang='grc' dir='ltr'>εἶναι</span> <span class='ocrx_word' id='word_1_21' title='bbox 2563 612 2624 666; x_wconf 88' lang='grc' dir='ltr'>τὸ</span> <span class='ocrx_word' id='word_1_22' title='bbox 2675 610 2732 666; x_wconf 87' lang='grc' dir='ltr'>ἐκ</span> <span class='ocrx_word' id='word_1_23' title='bbox 2777 618 2874 681; x_wconf 83' lang='grc' dir='ltr'>τῆς</span> <span class='ocrx_word' id='word_1_24' title='bbox 2920 619 3104 686; x_wconf 80' lang='grc' dir='ltr'>πηγῆς</span> <span class='ocrx_word' id='word_1_25' title='bbox 3156 613 3492 688; x_wconf 78' lang='grc' dir='ltr'>γεννώμενον</span> <span class='ocrx_word' id='word_1_26' title='bbox 3549 614 3652 685; x_wconf 82' lang='grc'>(8).</span> <span class='ocrx_word' id='word_1_27' title='bbox 3705 637 3735 666; x_wconf 84' lang='grc'>››</span> 
     </span>
    </p>
   </div>
   <div class='ocr_carea' id='block_1_6' title="bbox 327 704 1978 782">
    <p class='ocr_par' dir='ltr' id='par_1_6' title="bbox 327 704 1978 782">
     <span class='ocr_line' id='line_1_6' title="bbox 327 704 1978 782; baseline -0.003 -18"><span class='ocrx_word' id='word_1_28' title='bbox 327 711 494 782; x_wconf 87' lang='lat' dir='ltr'>quasi</span> <span class='ocrx_word' id='word_1_29' title='bbox 528 712 747 780; x_wconf 82' lang='lat' dir='ltr'>patrem</span> <span class='ocrx_word' id='word_1_30' title='bbox 793 724 940 774; x_wconf 88' lang='lat' dir='ltr'>esse,</span> <span class='ocrx_word' id='word_1_31' title='bbox 993 706 1234 761; x_wconf 86' lang='lat' dir='ltr'>ﬂuvium</span> <span class='ocrx_word' id='word_1_32' title='bbox 1290 721 1446 775; x_wconf 90' lang='lat' dir='ltr'>vero,</span> <span class='ocrx_word' id='word_1_33' title='bbox 1477 721 1690 776; x_wconf 86' lang='lat' dir='ltr'>aquam</span> <span class='ocrx_word' id='word_1_34' title='bbox 1721 719 1789 759; x_wconf 87' lang='lat' dir='ltr'>ex</span> <span class='ocrx_word' id='word_1_35' title='bbox 1819 704 1978 760; x_wconf 74' lang='lat' dir='ltr'><strong>fonte</strong></span> 
     </span>
    </p>
   </div>
   <div class='ocr_carea' id='block_1_7' title="bbox 327 792 1564 866">
    <p class='ocr_par' dir='ltr' id='par_1_7' title="bbox 327 792 1564 866">
     <span class='ocr_line' id='line_1_7' title="bbox 327 792 1564 866; baseline -0.006 -12"><span class='ocrx_word' id='word_1_36' title='bbox 327 802 679 855; x_wconf 84' lang='lat' dir='ltr'>manentem.</span> <span class='ocrx_word' id='word_1_37' title='bbox 717 818 743 846; x_wconf 82' lang='lat'><strong>»</strong></span> <span class='ocrx_word' id='word_1_38' title='bbox 775 800 1072 850; x_wconf 83' lang='lat' dir='ltr'>Hactenus</span> <span class='ocrx_word' id='word_1_39' title='bbox 1103 795 1415 866; x_wconf 86' lang='lat' dir='ltr'>episcopus</span> <span class='ocrx_word' id='word_1_40' title='bbox 1448 792 1564 848; x_wconf 86' lang='lat' dir='ltr'>ille.</span> 
     </span>
    </p>
   </div>
   <div class='ocr_carea' id='block_1_8' title="bbox 398 880 1976 955">
    <p class='ocr_par' dir='ltr' id='par_1_8' title="bbox 398 880 1976 955">
     <span class='ocr_line' id='line_1_8' title="bbox 398 880 1976 955; baseline -0.004 -15"><span class='ocrx_word' id='word_1_41' title='bbox 398 888 485 942; x_wconf 83' lang='grc'>45.</span> <span class='ocrx_word' id='word_1_42' title='bbox 517 887 572 938; x_wconf 85' lang='lat' dir='ltr'>Si</span> <span class='ocrx_word' id='word_1_43' title='bbox 607 883 739 954; x_wconf 86' lang='lat' dir='ltr'>quis</span> <span class='ocrx_word' id='word_1_44' title='bbox 768 882 948 955; x_wconf 79' lang='lat' dir='ltr'>igitur</span> <span class='ocrx_word' id='word_1_45' title='bbox 977 897 1077 937; x_wconf 91' lang='lat' dir='ltr'>eos</span> <span class='ocrx_word' id='word_1_46' title='bbox 1111 881 1208 953; x_wconf 86' lang='lat' dir='ltr'>qui</span> <span class='ocrx_word' id='word_1_47' title='bbox 1239 880 1436 937; x_wconf 64' lang='lat' dir='ltr'>Nicaeae</span> <span class='ocrx_word' id='word_1_48' title='bbox 1467 882 1867 935; x_wconf 89' lang='lat' dir='ltr'><strong>convenerunt</strong></span> <span class='ocrx_word' id='word_1_49' title='bbox 1888 895 1976 934; x_wconf 92' lang='lat' dir='ltr'>ar-</span> 
     </span>
    </p>
   </div>
   <div class='ocr_carea' id='block_1_9' title="bbox 325 969 1976 1050">
    <p class='ocr_par' dir='ltr' id='par_1_9' title="bbox 325 969 1976 1050">
     <span class='ocr_line' id='line_1_9' title="bbox 325 969 1976 1050; baseline -0.005 -20"><span class='ocrx_word' id='word_1_50' title='bbox 325 976 470 1050; x_wconf 87' lang='lat' dir='ltr'>guit,</span> <span class='ocrx_word' id='word_1_51' title='bbox 502 973 655 1047; x_wconf 94' lang='lat' dir='ltr'>quod</span> <span class='ocrx_word' id='word_1_52' title='bbox 679 976 887 1044; x_wconf 66' lang='lat' dir='ltr'>praeter</span> <span class='ocrx_word' id='word_1_53' title='bbox 909 971 1195 1041; x_wconf 83' lang='lat' dir='ltr'>majorum</span> <span class='ocrx_word' id='word_1_54' title='bbox 1222 970 1453 1025; x_wconf 86' lang='lat' dir='ltr'>decreta</span> <span class='ocrx_word' id='word_1_55' title='bbox 1477 969 1740 1040; x_wconf 70' lang='lat' dir='ltr'>quaedam</span> <span class='ocrx_word' id='word_1_56' title='bbox 1775 972 1976 1040; x_wconf 88' lang='lat' dir='ltr'>protu-</span> 
     </span>
    </p>
   </div>
   <div class='ocr_carea' id='block_1_10' title="bbox 325 1056 1977 1134">
    <p class='ocr_par' dir='ltr' id='par_1_10' title="bbox 325 1056 1977 1134">
     <span class='ocr_line' id='line_1_10' title="bbox 325 1056 1977 1134; baseline -0.005 -15"><span class='ocrx_word' id='word_1_57' title='bbox 325 1063 520 1134; x_wconf 88' lang='lat' dir='ltr'>lerint,</span> <span class='ocrx_word' id='word_1_58' title='bbox 551 1062 599 1118; x_wconf 91' lang='lat' dir='ltr'><strong>is</strong></span> <span class='ocrx_word' id='word_1_59' title='bbox 628 1063 760 1132; x_wconf 83' lang='lat' dir='ltr'>jure</span> <span class='ocrx_word' id='word_1_60' title='bbox 804 1060 1179 1132; x_wconf 79' lang='lat' dir='ltr'>septuaginta</span> <span class='ocrx_word' id='word_1_61' title='bbox 1225 1058 1533 1131; x_wconf 84' lang='lat' dir='ltr'>episcopos</span> <span class='ocrx_word' id='word_1_62' title='bbox 1565 1056 1977 1129; x_wconf 89' lang='lat' dir='ltr'>reprehendat,</span> 
     </span>
    </p>
   </div>
   <div class='ocr_carea' id='block_1_11' title="bbox 325 1145 1976 1225">
    <p class='ocr_par' dir='ltr' id='par_1_11' title="bbox 325 1145 1976 1225">
     <span class='ocr_line' id='line_1_11' title="bbox 325 1145 1976 1225; baseline -0.007 -16"><span class='ocrx_word' id='word_1_63' title='bbox 325 1154 478 1225; x_wconf 93' lang='lat' dir='ltr'>quod</span> <span class='ocrx_word' id='word_1_64' title='bbox 505 1153 794 1222; x_wconf 81' lang='lat' dir='ltr'>majorum</span> <span class='ocrx_word' id='word_1_65' title='bbox 819 1165 1062 1204; x_wconf 81' lang='lat' dir='ltr'><strong>suorum</strong></span> <span class='ocrx_word' id='word_1_66' title='bbox 1088 1149 1319 1203; x_wconf 87' lang='lat' dir='ltr'>decreta</span> <span class='ocrx_word' id='word_1_67' title='bbox 1340 1164 1454 1202; x_wconf 89' lang='lat' dir='ltr'>non</span> <span class='ocrx_word' id='word_1_68' title='bbox 1480 1147 1784 1202; x_wconf 90' lang='lat' dir='ltr'>servarint.</span> <span class='ocrx_word' id='word_1_69' title='bbox 1807 1145 1976 1198; x_wconf 82' lang='lat' dir='ltr'>Prius</span> 
     </span>
    </p>
   </div>
   <div class='ocr_carea' id='block_1_12' title="bbox 326 1235 1976 1316">
    <p class='ocr_par' dir='ltr' id='par_1_12' title="bbox 326 1235 1976 1316">
     <span class='ocr_line' id='line_1_12' title="bbox 326 1235 1976 1316; baseline -0.006 -19"><span class='ocrx_word' id='word_1_70' title='bbox 326 1245 542 1316; x_wconf 85' lang='lat' dir='ltr'>quippe</span> <span class='ocrx_word' id='word_1_71' title='bbox 571 1244 738 1296; x_wconf 91' lang='lat' dir='ltr'>erant</span> <span class='ocrx_word' id='word_1_72' title='bbox 767 1238 938 1294; x_wconf 88' lang='lat' dir='ltr'>ambo</span> <span class='ocrx_word' id='word_1_73' title='bbox 965 1237 1241 1309; x_wconf 82' lang='lat' dir='ltr'>Dionysii,</span> <span class='ocrx_word' id='word_1_74' title='bbox 1265 1240 1443 1308; x_wconf 88' lang='lat' dir='ltr'>atque</span> <span class='ocrx_word' id='word_1_75' title='bbox 1467 1235 1502 1289; x_wconf 93' lang='lat' dir='ltr'>ii</span> <span class='ocrx_word' id='word_1_76' title='bbox 1529 1235 1627 1307; x_wconf 90' lang='lat' dir='ltr'>qui</span> <span class='ocrx_word' id='word_1_77' title='bbox 1662 1240 1801 1288; x_wconf 89' lang='lat' dir='ltr'><strong>tunc</strong></span> <span class='ocrx_word' id='word_1_78' title='bbox 1827 1238 1976 1288; x_wconf 86' lang='lat' dir='ltr'>tem-</span> 
     </span>
    </p>
   </div>
   <div class='ocr_carea' id='block_1_13' title="bbox 327 1322 1979 1404">
    <p class='ocr_par' dir='ltr' id='par_1_13' title="bbox 327 1322 1979 1404">
     <span class='ocr_line' id='line_1_13' title="bbox 327 1322 1979 1404; baseline -0.006 -17"><span class='ocrx_word' id='word_1_79' title='bbox 327 1331 485 1404; x_wconf 91' lang='lat' dir='ltr'>poris</span> <span class='ocrx_word' id='word_1_80' title='bbox 518 1331 711 1386; x_wconf 72' lang='lat' dir='ltr'><strong>Romae</strong></span> <span class='ocrx_word' id='word_1_81' title='bbox 753 1331 1143 1383; x_wconf 82' lang='lat' dir='ltr'>convenerant</span> <span class='ocrx_word' id='word_1_82' title='bbox 1164 1325 1443 1398; x_wconf 83' lang='lat' dir='ltr'>episcopi.</span> <span class='ocrx_word' id='word_1_83' title='bbox 1475 1325 1584 1379; x_wconf 84' lang='lat' dir='ltr'>Sed</span> <span class='ocrx_word' id='word_1_84' title='bbox 1632 1328 1870 1380; x_wconf 83' lang='lat' dir='ltr'><strong>neutros</strong></span> <span class='ocrx_word' id='word_1_85' title='bbox 1893 1322 1979 1377; x_wconf 81' lang='lat' dir='ltr'>fas</span> 
     </span>
    </p>
   </div>
   <div class='ocr_carea' id='block_1_14' title="bbox 326 1412 1974 1492">
    <p class='ocr_par' dir='ltr' id='par_1_14' title="bbox 326 1412 1974 1492">
     <span class='ocr_line' id='line_1_14' title="bbox 326 1412 1974 1492; baseline -0.007 -15"><span class='ocrx_word' id='word_1_86' title='bbox 326 1426 411 1477; x_wconf 84' lang='lat' dir='ltr'>est</span> <span class='ocrx_word' id='word_1_87' title='bbox 443 1420 717 1492; x_wconf 86' lang='lat' dir='ltr'>culpare:</span> <span class='ocrx_word' id='word_1_88' title='bbox 769 1433 972 1472; x_wconf 88' lang='lat' dir='ltr'><strong>omnes</strong></span> <span class='ocrx_word' id='word_1_89' title='bbox 1021 1415 1238 1487; x_wconf 88' lang='lat' dir='ltr'>quippe</span> <span class='ocrx_word' id='word_1_90' title='bbox 1286 1432 1377 1470; x_wconf 86' lang='lat' dir='ltr'>res</span> <span class='ocrx_word' id='word_1_91' title='bbox 1407 1413 1620 1468; x_wconf 78' lang='lat' dir='ltr'>Christi</span> <span class='ocrx_word' id='word_1_92' title='bbox 1669 1412 1974 1482; x_wconf 85' lang='lat' dir='ltr'><strong>curabant,</strong></span> 
     </span>
    </p>
   </div>
   <div class='ocr_carea' id='block_1_15' title="bbox 326 1501 1974 1570">
    <p class='ocr_par' dir='ltr' id='par_1_15' title="bbox 326 1501 1974 1570">
     <span class='ocr_line' id='line_1_15' title="bbox 326 1501 1974 1570; baseline -0.006 -4"><span class='ocrx_word' id='word_1_93' title='bbox 326 1526 530 1566; x_wconf 90' lang='lat' dir='ltr'><strong>omnes</strong></span> <span class='ocrx_word' id='word_1_94' title='bbox 563 1505 760 1564; x_wconf 91' lang='lat' dir='ltr'>studia</span> <span class='ocrx_word' id='word_1_95' title='bbox 782 1523 887 1560; x_wconf 90' lang='lat' dir='ltr'><strong>sua</strong></span> <span class='ocrx_word' id='word_1_96' title='bbox 911 1505 1324 1560; x_wconf 86' lang='lat' dir='ltr'><strong>convertebant</strong></span> <span class='ocrx_word' id='word_1_97' title='bbox 1347 1504 1625 1558; x_wconf 86' lang='lat' dir='ltr'>adversus</span> <span class='ocrx_word' id='word_1_98' title='bbox 1648 1501 1974 1570; x_wconf 70' lang='lat' dir='ltr'>haereticos,</span> 
     </span>
    </p>
   </div>
   <div class='ocr_carea' id='block_1_16' title="bbox 326 1589 1973 1659">
    <p class='ocr_par' dir='ltr' id='par_1_16' title="bbox 326 1589 1973 1659">
     <span class='ocr_line' id='line_1_16' title="bbox 326 1589 1973 1659; baseline -0.007 -5"><span class='ocrx_word' id='word_1_99' title='bbox 326 1604 382 1656; x_wconf 93' lang='lat' dir='ltr'>et</span> <span class='ocrx_word' id='word_1_100' title='bbox 407 1597 505 1653; x_wconf 86' lang='lat' dir='ltr'>alii</span> <span class='ocrx_word' id='word_1_101' title='bbox 535 1599 1025 1659; x_wconf 90' lang='lat' dir='ltr'>Samosatensem,</span> <span class='ocrx_word' id='word_1_102' title='bbox 1056 1593 1150 1648; x_wconf 83' lang='lat' dir='ltr'>alii</span> <span class='ocrx_word' id='word_1_103' title='bbox 1179 1593 1453 1647; x_wconf 86' lang='lat' dir='ltr'>Arianam</span> <span class='ocrx_word' id='word_1_104' title='bbox 1479 1592 1836 1646; x_wconf 88' lang='lat' dir='ltr'>damnarunt</span> <span class='ocrx_word' id='word_1_105' title='bbox 1859 1589 1973 1644; x_wconf 70' lang='lat' dir='ltr'>bte-</span> 
     </span>
    </p>
   </div>
   <div class='ocr_carea' id='block_1_17' title="bbox 327 1681 1976 1757">
    <p class='ocr_par' dir='ltr' id='par_1_17' title="bbox 327 1681 1976 1757">
     <span class='ocr_line' id='line_1_17' title="bbox 327 1681 1976 1757; baseline -0.007 -12"><span class='ocrx_word' id='word_1_106' title='bbox 327 1689 505 1746; x_wconf 89' lang='lat' dir='ltr'>resin.</span> <span class='ocrx_word' id='word_1_107' title='bbox 539 1689 713 1744; x_wconf 82' lang='lat' dir='ltr'>Recte</span> <span class='ocrx_word' id='word_1_108' title='bbox 738 1691 934 1742; x_wconf 88' lang='lat' dir='ltr'>autem</span> <span class='ocrx_word' id='word_1_109' title='bbox 968 1702 1034 1741; x_wconf 91' lang='lat' dir='ltr'><strong>ac</strong></span> <span class='ocrx_word' id='word_1_110' title='bbox 1066 1684 1243 1757; x_wconf 88' lang='lat' dir='ltr'>probe</span> <span class='ocrx_word' id='word_1_111' title='bbox 1285 1682 1511 1752; x_wconf 89' lang='lat' dir='ltr'>utrique</span> <span class='ocrx_word' id='word_1_112' title='bbox 1543 1681 1850 1753; x_wconf 79' lang='lat' dir='ltr'>scripsere,</span> <span class='ocrx_word' id='word_1_113' title='bbox 1884 1683 1976 1734; x_wconf 86' lang='lat' dir='ltr'><strong>at-</strong></span> 
     </span>
    </p>
   </div>
   <div class='ocr_carea' id='block_1_18' title="bbox 327 1769 1976 1850">
    <p class='ocr_par' dir='ltr' id='par_1_18' title="bbox 327 1769 1976 1850">
     <span class='ocr_line' id='line_1_18' title="bbox 327 1769 1976 1850; baseline -0.007 -17"><span class='ocrx_word' id='word_1_114' title='bbox 327 1795 442 1850; x_wconf 89' lang='lat' dir='ltr'>que</span> <span class='ocrx_word' id='word_1_115' title='bbox 471 1780 862 1849; x_wconf 84' lang='lat' dir='ltr'><strong>congruenter</strong></span> <span class='ocrx_word' id='word_1_116' title='bbox 899 1775 969 1828; x_wconf 89' lang='lat' dir='ltr'><strong>ad</strong></span> <span class='ocrx_word' id='word_1_117' title='bbox 1002 1772 1365 1846; x_wconf 88' lang='lat' dir='ltr'>prepositum</span> <span class='ocrx_word' id='word_1_118' title='bbox 1415 1776 1846 1842; x_wconf 82' lang='lat' dir='ltr'>argumentum.</span> <span class='ocrx_word' id='word_1_119' title='bbox 1882 1769 1976 1822; x_wconf 86' lang='lat' dir='ltr'>Et-</span> 
     </span>
    </p>
   </div>
   <div class='ocr_carea' id='block_1_19' title="bbox 324 1859 1976 1936">
    <p class='ocr_par' dir='ltr' id='par_1_19' title="bbox 324 1859 1976 1936">
     <span class='ocr_line' id='line_1_19' title="bbox 324 1859 1976 1936; baseline -0.005 -14"><span class='ocrx_word' id='word_1_120' title='bbox 324 1867 478 1923; x_wconf 90' lang='lat' dir='ltr'><strong>enim</strong></span> <span class='ocrx_word' id='word_1_121' title='bbox 502 1864 996 1936; x_wconf 84' lang='lat' dir='ltr'>quemadmodum</span> <span class='ocrx_word' id='word_1_122' title='bbox 1020 1864 1224 1917; x_wconf 90' lang='lat' dir='ltr'>beatus</span> <span class='ocrx_word' id='word_1_123' title='bbox 1246 1859 1560 1933; x_wconf 86' lang='lat' dir='ltr'>Apostolus</span> <span class='ocrx_word' id='word_1_124' title='bbox 1582 1861 1652 1914; x_wconf 91' lang='lat' dir='ltr'>ad</span> <span class='ocrx_word' id='word_1_125' title='bbox 1681 1859 1976 1914; x_wconf 82' lang='lat' dir='ltr'><strong>Romanos</strong></span> 
     </span>
    </p>
   </div>
   <div class='ocr_carea' id='block_1_20' title="bbox 326 1948 1976 2026">
    <p class='ocr_par' dir='ltr' id='par_1_20' title="bbox 326 1948 1976 2026">
     <span class='ocr_line' id='line_1_20' title="bbox 326 1948 1976 2026; baseline -0.007 -14"><span class='ocrx_word' id='word_1_126' title='bbox 326 1958 417 2012; x_wconf 90' lang='lat' dir='ltr'>his</span> <span class='ocrx_word' id='word_1_127' title='bbox 431 1956 622 2011; x_wconf 90' lang='lat' dir='ltr'>verbis</span> <span class='ocrx_word' id='word_1_128' title='bbox 636 1953 872 2026; x_wconf 89' lang='lat' dir='ltr'>scripsit</span> <span class='ocrx_word' id='word_1_129' title='bbox 898 1970 910 2007; x_wconf 90' lang='lat'><strong>:</strong></span> <span class='ocrx_word' id='word_1_130' title='bbox 942 1975 967 2002; x_wconf 78' lang='grc' dir='ltr'>ιι</span> <span class='ocrx_word' id='word_1_131' title='bbox 996 1952 1107 2007; x_wconf 88' lang='lat' dir='ltr'>Lex</span> <span class='ocrx_word' id='word_1_132' title='bbox 1129 1950 1450 2023; x_wconf 89' lang='lat' dir='ltr'>spiritualis</span> <span class='ocrx_word' id='word_1_133' title='bbox 1476 1953 1564 2004; x_wconf 91' lang='lat' dir='ltr'>est</span> <span class='ocrx_word' id='word_1_134' title='bbox 1583 1949 1657 2015; x_wconf 78' lang='grc'>⁵²;</span> <span class='ocrx_word' id='word_1_135' title='bbox 1690 1970 1716 1996; x_wconf 75' lang='grc' dir='ltr'>»ι</span> <span class='ocrx_word' id='word_1_136' title='bbox 1739 1951 1794 2002; x_wconf 91' lang='lat' dir='ltr'><strong>et</strong></span> <span class='ocrx_word' id='word_1_137' title='bbox 1814 1970 1841 1997; x_wconf 85' lang='lat'><strong>«</strong></span> <span class='ocrx_word' id='word_1_138' title='bbox 1865 1948 1976 2002; x_wconf 90' lang='lat' dir='ltr'>Lex</span> 
     </span>
    </p>
   </div>
   <div class='ocr_carea' id='block_1_21' title="bbox 324 2037 1976 2110">
    <p class='ocr_par' dir='ltr' id='par_1_21' title="bbox 324 2037 1976 2110">
     <span class='ocr_line' id='line_1_21' title="bbox 324 2037 1976 2110; baseline -0.008 -10"><span class='ocrx_word' id='word_1_139' title='bbox 324 2050 590 2101; x_wconf 88' lang='lat' dir='ltr'>sanctaet</span> <span class='ocrx_word' id='word_1_140' title='bbox 609 2043 950 2098; x_wconf 66' lang='lat' dir='ltr'>mandatum</span> <span class='ocrx_word' id='word_1_141' title='bbox 967 2039 1350 2110; x_wconf 88' lang='lat' dir='ltr'>sanctum,etj</span> <span class='ocrx_word' id='word_1_142' title='bbox 1363 2044 1557 2095; x_wconf 87' lang='lat' dir='ltr'><strong>ustum</strong></span> <span class='ocrx_word' id='word_1_143' title='bbox 1576 2043 1629 2092; x_wconf 88' lang='lat' dir='ltr'>et</span> <span class='ocrx_word' id='word_1_144' title='bbox 1643 2037 1859 2092; x_wconf 91' lang='lat' dir='ltr'><strong>bonnm</strong></span> <span class='ocrx_word' id='word_1_145' title='bbox 1874 2037 1976 2104; x_wconf 79' lang='grc' dir='ltr'><strong>⁵ί;››</strong></span> 
     </span>
    </p>
   </div>
   <div class='ocr_carea' id='block_1_22' title="bbox 325 2124 1974 2206">
    <p class='ocr_par' dir='ltr' id='par_1_22' title="bbox 325 2124 1974 2206">
     <span class='ocr_line' id='line_1_22' title="bbox 325 2124 1974 2206; baseline -0.006 -16"><span class='ocrx_word' id='word_1_146' title='bbox 325 2140 378 2190; x_wconf 87' lang='lat' dir='ltr'>et</span> <span class='ocrx_word' id='word_1_147' title='bbox 414 2134 585 2206; x_wconf 87' lang='lat' dir='ltr'><strong>paulo</strong></span> <span class='ocrx_word' id='word_1_148' title='bbox 621 2137 768 2204; x_wconf 88' lang='lat' dir='ltr'>post,</span> <span class='ocrx_word' id='word_1_149' title='bbox 801 2155 828 2180; x_wconf 88' lang='grc'>‹‹</span> <span class='ocrx_word' id='word_1_150' title='bbox 865 2131 1008 2188; x_wconf 82' lang='lat' dir='ltr'>Nam</span> <span class='ocrx_word' id='word_1_151' title='bbox 1043 2129 1198 2201; x_wconf 93' lang='lat' dir='ltr'>quod</span> <span class='ocrx_word' id='word_1_152' title='bbox 1233 2127 1597 2198; x_wconf 88' lang='lat' dir='ltr'>impossibile</span> <span class='ocrx_word' id='word_1_153' title='bbox 1627 2130 1750 2182; x_wconf 87' lang='lat' dir='ltr'>erat</span> <span class='ocrx_word' id='word_1_154' title='bbox 1779 2125 1890 2196; x_wconf 85' lang='lat' dir='ltr'><strong>legi</strong></span> <span class='ocrx_word' id='word_1_155' title='bbox 1915 2124 1974 2180; x_wconf 94' lang='lat' dir='ltr'><strong>in</strong></span> 
     </span>
    </p>
   </div>
   <div class='ocr_carea' id='block_1_23' title="bbox 326 2212 1975 2296">
    <p class='ocr_par' dir='ltr' id='par_1_23' title="bbox 326 2212 1975 2296">
     <span class='ocr_line' id='line_1_23' title="bbox 326 2212 1975 2296; baseline -0.006 -18"><span class='ocrx_word' id='word_1_156' title='bbox 326 2241 441 2296; x_wconf 87' lang='lat' dir='ltr'>quo</span> <span class='ocrx_word' id='word_1_157' title='bbox 465 2220 936 2277; x_wconf 67' lang='lat' dir='ltr'>inﬁrmabatur”</span> <span class='ocrx_word' id='word_1_158' title='bbox 959 2237 972 2286; x_wconf 89' lang='lat'><strong>;</strong></span> <span class='ocrx_word' id='word_1_159' title='bbox 995 2239 1022 2268; x_wconf 88' lang='lat'>»</span> <span class='ocrx_word' id='word_1_160' title='bbox 1049 2219 1119 2273; x_wconf 89' lang='lat' dir='ltr'>ad</span> <span class='ocrx_word' id='word_1_161' title='bbox 1144 2217 1427 2272; x_wconf 62' lang='lat' dir='ltr'>Hebraeos</span> <span class='ocrx_word' id='word_1_162' title='bbox 1449 2221 1670 2280; x_wconf 86' lang='lat' dir='ltr'>autem,</span> <span class='ocrx_word' id='word_1_163' title='bbox 1694 2212 1975 2268; x_wconf 86' lang='lat' dir='ltr'><strong>«Nullum</strong></span> 
     </span>
    </p>
   </div>
   <div class='ocr_carea' id='block_1_24' title="bbox 327 2303 1975 2384">
    <p class='ocr_par' dir='ltr' id='par_1_24' title="bbox 327 2303 1975 2384">
     <span class='ocr_line' id='line_1_24' title="bbox 327 2303 1975 2384; baseline -0.007 -16"><span class='ocrx_word' id='word_1_164' title='bbox 327 2313 566 2384; x_wconf 86' lang='lat' dir='ltr'>perl&#39;ecit</span> <span class='ocrx_word' id='word_1_165' title='bbox 614 2309 767 2364; x_wconf 76' lang='lat'>606</span> <span class='ocrx_word' id='word_1_166' title='bbox 800 2308 891 2363; x_wconf 87' lang='lat' dir='ltr'>lex</span> <span class='ocrx_word' id='word_1_167' title='bbox 913 2307 994 2374; x_wconf 73' lang='grc'>15⁵;</span> <span class='ocrx_word' id='word_1_168' title='bbox 1028 2328 1048 2356; x_wconf 72' lang='grc' dir='ltr'><strong><em>ι</em></strong></span> <span class='ocrx_word' id='word_1_169' title='bbox 1088 2306 1158 2360; x_wconf 90' lang='lat' dir='ltr'><strong>ad</strong></span> <span class='ocrx_word' id='word_1_170' title='bbox 1201 2305 1456 2371; x_wconf 87' lang='lat' dir='ltr'>Galatas,</span> <span class='ocrx_word' id='word_1_171' title='bbox 1491 2327 1517 2353; x_wconf 80' lang='grc' dir='ltr'><em>υ</em></span> <span class='ocrx_word' id='word_1_172' title='bbox 1554 2305 1616 2358; x_wconf 89' lang='lat' dir='ltr'>In</span> <span class='ocrx_word' id='word_1_173' title='bbox 1650 2303 1775 2374; x_wconf 84' lang='lat' dir='ltr'><strong>lege</strong></span> <span class='ocrx_word' id='word_1_174' title='bbox 1806 2317 1975 2357; x_wconf 89' lang='lat' dir='ltr'><strong>nemo</strong></span> 
     </span>
    </p>
   </div>
   <div class='ocr_carea' id='block_1_25' title="bbox 318 2391 1978 2472">
    <p class='ocr_par' dir='ltr' id='par_1_25' title="bbox 318 2391 1978 2472">
     <span class='ocr_line' id='line_1_25' title="bbox 318 2391 1978 2472; baseline -0.007 -16"><span class='ocrx_word' id='word_1_175' title='bbox 318 2397 843 2472; x_wconf 73' lang='lat' dir='ltr'>justiﬁcabitur“;</span> <span class='ocrx_word' id='word_1_176' title='bbox 905 2418 929 2441; x_wconf 68' lang='grc' dir='ltr'>ιι</span> <span class='ocrx_word' id='word_1_177' title='bbox 959 2396 1028 2450; x_wconf 89' lang='lat' dir='ltr'><strong>ad</strong></span> <span class='ocrx_word' id='word_1_178' title='bbox 1081 2393 1453 2448; x_wconf 86' lang='lat' dir='ltr'>Timotheum</span> <span class='ocrx_word' id='word_1_179' title='bbox 1509 2397 1726 2457; x_wconf 90' lang='lat' dir='ltr'>autem,</span> <span class='ocrx_word' id='word_1_180' title='bbox 1763 2412 1789 2440; x_wconf 86' lang='grc' dir='ltr'>‹ι</span> <span class='ocrx_word' id='word_1_181' title='bbox 1825 2391 1978 2445; x_wconf 88' lang='lat' dir='ltr'><strong>Bona</strong></span> 
     </span>
    </p>
   </div>
   <div class='ocr_carea' id='block_1_26' title="bbox 327 2481 1976 2563">
    <p class='ocr_par' dir='ltr' id='par_1_26' title="bbox 327 2481 1976 2563">
     <span class='ocr_line' id='line_1_26' title="bbox 327 2481 1976 2563; baseline -0.007 -19"><span class='ocrx_word' id='word_1_182' title='bbox 327 2495 415 2544; x_wconf 89' lang='lat' dir='ltr'><strong>ost</strong></span> <span class='ocrx_word' id='word_1_183' title='bbox 446 2487 555 2554; x_wconf 89' lang='lat' dir='ltr'>lex,</span> <span class='ocrx_word' id='word_1_184' title='bbox 582 2485 783 2558; x_wconf 87' lang='lat' dir='ltr'>siquis</span> <span class='ocrx_word' id='word_1_185' title='bbox 802 2501 868 2539; x_wconf 92' lang='lat' dir='ltr'>ea</span> <span class='ocrx_word' id='word_1_186' title='bbox 892 2483 1151 2555; x_wconf 88' lang='lat' dir='ltr'><strong>legitime</strong></span> <span class='ocrx_word' id='word_1_187' title='bbox 1174 2485 1376 2536; x_wconf 92' lang='lat' dir='ltr'><strong>utatur</strong></span> <span class='ocrx_word' id='word_1_188' title='bbox 1395 2481 1438 2524; x_wconf 71' lang='lat'>5°</span> <span class='ocrx_word' id='word_1_189' title='bbox 1467 2497 1480 2547; x_wconf 90' lang='lat'><strong>;</strong></span> <span class='ocrx_word' id='word_1_190' title='bbox 1517 2504 1537 2532; x_wconf 74' lang='grc' dir='ltr'><strong><em>ι</em></strong></span> <span class='ocrx_word' id='word_1_191' title='bbox 1568 2495 1756 2551; x_wconf 91' lang='lat' dir='ltr'>neque</span> <span class='ocrx_word' id='word_1_192' title='bbox 1779 2484 1976 2563; x_wconf 69' lang='lat' dir='ltr'><strong>tamen</strong></span> 
     </span>
    </p>
   </div>
   <div class='ocr_carea' id='block_1_27' title="bbox 326 2569 1976 2648">
    <p class='ocr_par' dir='ltr' id='par_1_27' title="bbox 326 2569 1976 2648">
     <span class='ocr_line' id='line_1_27' title="bbox 326 2569 1976 2648; baseline -0.007 -16"><span class='ocrx_word' id='word_1_193' title='bbox 326 2579 458 2648; x_wconf 86' lang='lat' dir='ltr'>quis</span> <span class='ocrx_word' id='word_1_194' title='bbox 487 2583 759 2632; x_wconf 86' lang='lat' dir='ltr'>sanctum</span> <span class='ocrx_word' id='word_1_195' title='bbox 791 2575 976 2628; x_wconf 89' lang='lat' dir='ltr'>virum</span> <span class='ocrx_word' id='word_1_196' title='bbox 1027 2571 1376 2626; x_wconf 89' lang='lat' dir='ltr'>criminatus</span> <span class='ocrx_word' id='word_1_197' title='bbox 1426 2569 1600 2624; x_wconf 84' lang='lat' dir='ltr'>fuerit</span> <span class='ocrx_word' id='word_1_198' title='bbox 1632 2570 1800 2640; x_wconf 92' lang='lat' dir='ltr'>quasi</span> <span class='ocrx_word' id='word_1_199' title='bbox 1835 2585 1976 2624; x_wconf 90' lang='lat' dir='ltr'><strong>con-</strong></span> 
     </span>
    </p>
   </div>
   <div class='ocr_carea' id='block_1_28' title="bbox 329 2657 1977 2736">
    <p class='ocr_par' dir='ltr' id='par_1_28' title="bbox 329 2657 1977 2736">
     <span class='ocr_line' id='line_1_28' title="bbox 329 2657 1977 2736; baseline -0.007 -12"><span class='ocrx_word' id='word_1_200' title='bbox 329 2668 508 2724; x_wconf 89' lang='lat' dir='ltr'>traria</span> <span class='ocrx_word' id='word_1_201' title='bbox 537 2671 593 2719; x_wconf 92' lang='lat' dir='ltr'>et</span> <span class='ocrx_word' id='word_1_202' title='bbox 626 2663 953 2736; x_wconf 86' lang='lat' dir='ltr'><strong>pugnantia</strong></span> <span class='ocrx_word' id='word_1_203' title='bbox 992 2661 1245 2726; x_wconf 88' lang='lat' dir='ltr'>scribat;</span> <span class='ocrx_word' id='word_1_204' title='bbox 1280 2659 1379 2715; x_wconf 92' lang='lat' dir='ltr'>sed</span> <span class='ocrx_word' id='word_1_205' title='bbox 1423 2657 1616 2728; x_wconf 87' lang='lat' dir='ltr'>potius</span> <span class='ocrx_word' id='word_1_206' title='bbox 1647 2657 1977 2712; x_wconf 88' lang='lat' dir='ltr'><strong>admiratus</strong></span> 
     </span>
    </p>
   </div>
   <div class='ocr_carea' id='block_1_29' title="bbox 329 2745 1975 2825">
    <p class='ocr_par' dir='ltr' id='par_1_29' title="bbox 329 2745 1975 2825">
     <span class='ocr_line' id='line_1_29' title="bbox 329 2745 1975 2825; baseline -0.007 -13"><span class='ocrx_word' id='word_1_207' title='bbox 329 2753 706 2825; x_wconf 87' lang='lat' dir='ltr'>fuerit,quod,</span> <span class='ocrx_word' id='word_1_208' title='bbox 738 2756 799 2806; x_wconf 91' lang='lat' dir='ltr'><strong>ut</strong></span> <span class='ocrx_word' id='word_1_209' title='bbox 831 2749 1083 2822; x_wconf 84' lang='lat' dir='ltr'><strong>singulis</strong></span> <span class='ocrx_word' id='word_1_210' title='bbox 1115 2753 1572 2806; x_wconf 82' lang='lat' dir='ltr'><strong>consentaneum</strong></span> <span class='ocrx_word' id='word_1_211' title='bbox 1605 2745 1975 2810; x_wconf 88' lang='lat' dir='ltr'>erat,scribe-</span> 
     </span>
    </p>
   </div>
   <div class='ocr_carea' id='block_1_30' title="bbox 326 2834 1974 2916">
    <p class='ocr_par' dir='ltr' id='par_1_30' title="bbox 326 2834 1974 2916">
     <span class='ocr_line' id='line_1_30' title="bbox 326 2834 1974 2916; baseline -0.007 -15"><span class='ocrx_word' id='word_1_212' title='bbox 326 2851 432 2916; x_wconf 89' lang='lat' dir='ltr'>ret,</span> <span class='ocrx_word' id='word_1_213' title='bbox 468 2850 533 2900; x_wconf 92' lang='lat' dir='ltr'>ut</span> <span class='ocrx_word' id='word_1_214' title='bbox 565 2841 810 2897; x_wconf 82' lang='lat' dir='ltr'>Romani</span> <span class='ocrx_word' id='word_1_215' title='bbox 843 2844 899 2894; x_wconf 90' lang='lat' dir='ltr'><strong>et</strong></span> <span class='ocrx_word' id='word_1_216' title='bbox 931 2838 1026 2893; x_wconf 89' lang='lat' dir='ltr'>alii</span> <span class='ocrx_word' id='word_1_217' title='bbox 1060 2855 1123 2892; x_wconf 85' lang='lat' dir='ltr'><strong>ex</strong></span> <span class='ocrx_word' id='word_1_218' title='bbox 1157 2837 1352 2892; x_wconf 88' lang='lat' dir='ltr'>littera</span> <span class='ocrx_word' id='word_1_219' title='bbox 1390 2836 1714 2891; x_wconf 89' lang='lat' dir='ltr'><strong>ediscerent</strong></span> <span class='ocrx_word' id='word_1_220' title='bbox 1745 2850 1872 2889; x_wconf 89' lang='lat' dir='ltr'>sese</span> <span class='ocrx_word' id='word_1_221' title='bbox 1903 2834 1974 2889; x_wconf 89' lang='lat' dir='ltr'><strong>ad</strong></span> 
     </span>
    </p>
   </div>
   <div class='ocr_carea' id='block_1_31' title="bbox 326 2923 1976 3006">
    <p class='ocr_par' dir='ltr' id='par_1_31' title="bbox 326 2923 1976 3006">
     <span class='ocr_line' id='line_1_31' title="bbox 326 2923 1976 3006; baseline -0.008 -16"><span class='ocrx_word' id='word_1_222' title='bbox 326 2934 610 3006; x_wconf 87' lang='lat' dir='ltr'>Spiritum</span> <span class='ocrx_word' id='word_1_223' title='bbox 643 2933 976 2986; x_wconf 83' lang='lat' dir='ltr'>convertere</span> <span class='ocrx_word' id='word_1_224' title='bbox 1003 2945 1016 2994; x_wconf 87' lang='lat'><strong>;</strong></span> <span class='ocrx_word' id='word_1_225' title='bbox 1059 2927 1280 2981; x_wconf 68' lang='lat' dir='ltr'>Hebraei</span> <span class='ocrx_word' id='word_1_226' title='bbox 1315 2942 1447 2980; x_wconf 87' lang='lat' dir='ltr'>vero</span> <span class='ocrx_word' id='word_1_227' title='bbox 1479 2930 1536 2979; x_wconf 89' lang='lat' dir='ltr'><strong>et</strong></span> <span class='ocrx_word' id='word_1_228' title='bbox 1564 2923 1777 2980; x_wconf 66' lang='lat' dir='ltr'>Galatae</span> <span class='ocrx_word' id='word_1_229' title='bbox 1808 2924 1976 2978; x_wconf 91' lang='lat' dir='ltr'><strong>doce-</strong></span> 
     </span>
    </p>
   </div>
   <div class='ocr_carea' id='block_1_32' title="bbox 328 3012 1974 3088">
    <p class='ocr_par' dir='ltr' id='par_1_32' title="bbox 328 3012 1974 3088">
     <span class='ocr_line' id='line_1_32' title="bbox 328 3012 1974 3088; baseline -0.007 -11"><span class='ocrx_word' id='word_1_230' title='bbox 328 3029 547 3087; x_wconf 87' lang='lat' dir='ltr'>rentur,</span> <span class='ocrx_word' id='word_1_231' title='bbox 583 3037 696 3074; x_wconf 92' lang='lat' dir='ltr'>non</span> <span class='ocrx_word' id='word_1_232' title='bbox 731 3018 788 3072; x_wconf 90' lang='lat' dir='ltr'><strong>in</strong></span> <span class='ocrx_word' id='word_1_233' title='bbox 823 3017 1032 3088; x_wconf 87' lang='lat' dir='ltr'>legem,</span> <span class='ocrx_word' id='word_1_234' title='bbox 1065 3015 1165 3070; x_wconf 88' lang='lat' dir='ltr'><strong>sed</strong></span> <span class='ocrx_word' id='word_1_235' title='bbox 1219 3016 1273 3067; x_wconf 87' lang='lat' dir='ltr'><strong>in</strong></span> <span class='ocrx_word' id='word_1_236' title='bbox 1307 3013 1621 3068; x_wconf 90' lang='lat' dir='ltr'><strong>Dominum</strong></span> <span class='ocrx_word' id='word_1_237' title='bbox 1656 3012 1753 3084; x_wconf 92' lang='lat' dir='ltr'>qui</span> <span class='ocrx_word' id='word_1_238' title='bbox 1790 3012 1974 3083; x_wconf 86' lang='lat' dir='ltr'><strong>legem</strong></span> 
     </span>
    </p>
   </div>
   <div class='ocr_carea' id='block_1_33' title="bbox 327 3102 1980 3182">
    <p class='ocr_par' dir='ltr' id='par_1_33' title="bbox 327 3102 1980 3182">
     <span class='ocr_line' id='line_1_33' title="bbox 327 3102 1980 3182; baseline -0.007 -15"><span class='ocrx_word' id='word_1_239' title='bbox 327 3111 678 3182; x_wconf 85' lang='lat' dir='ltr'>dedit,spem</span> <span class='ocrx_word' id='word_1_240' title='bbox 704 3108 919 3163; x_wconf 90' lang='lat' dir='ltr'>habere</span> <span class='ocrx_word' id='word_1_241' title='bbox 951 3123 963 3160; x_wconf 88' lang='lat'>:</span> <span class='ocrx_word' id='word_1_242' title='bbox 994 3105 1072 3160; x_wconf 90' lang='lat' dir='ltr'>ita</span> <span class='ocrx_word' id='word_1_243' title='bbox 1093 3120 1324 3174; x_wconf 85' lang='lat' dir='ltr'><strong>quoque</strong></span> <span class='ocrx_word' id='word_1_244' title='bbox 1346 3102 1453 3158; x_wconf 88' lang='lat' dir='ltr'>etsi</span> <span class='ocrx_word' id='word_1_245' title='bbox 1477 3102 1784 3157; x_wconf 90' lang='lat' dir='ltr'>ambarum</span> <span class='ocrx_word' id='word_1_246' title='bbox 1805 3117 1980 3172; x_wconf 84' lang='lat' dir='ltr'>syno-</span> 
     </span>
    </p>
   </div>
   <div class='ocr_carea' id='block_1_34' title="bbox 326 3189 1980 3256">
    <p class='ocr_par' dir='ltr' id='par_1_34' title="bbox 326 3189 1980 3256">
     <span class='ocr_line' id='line_1_34' title="bbox 326 3189 1980 3256; baseline -0.008 0"><span class='ocrx_word' id='word_1_247' title='bbox 326 3203 534 3256; x_wconf 92' lang='lat' dir='ltr'>dorum</span> <span class='ocrx_word' id='word_1_248' title='bbox 587 3202 786 3252; x_wconf 89' lang='lat' dir='ltr'>Patres</span> <span class='ocrx_word' id='word_1_249' title='bbox 831 3195 1056 3250; x_wconf 87' lang='lat' dir='ltr'>diverse</span> <span class='ocrx_word' id='word_1_250' title='bbox 1086 3193 1158 3248; x_wconf 88' lang='lat' dir='ltr'>de</span> <span class='ocrx_word' id='word_1_251' title='bbox 1205 3189 1696 3248; x_wconf 90' lang='lat' dir='ltr'>consubstantiali</span> <span class='ocrx_word' id='word_1_252' title='bbox 1730 3189 1980 3244; x_wconf 91' lang='lat' dir='ltr'><strong>mentio-</strong></span> 
     </span>
    </p>
   </div>
   <div class='ocr_carea' id='block_1_35' title="bbox 331 3277 1979 3350">
    <p class='ocr_par' dir='ltr' id='par_1_35' title="bbox 331 3277 1979 3350">
     <span class='ocr_line' id='line_1_35' title="bbox 331 3277 1979 3350; baseline -0.007 -6"><span class='ocrx_word' id='word_1_253' title='bbox 331 3305 462 3344; x_wconf 91' lang='lat' dir='ltr'><strong>nem</strong></span> <span class='ocrx_word' id='word_1_254' title='bbox 499 3286 757 3350; x_wconf 81' lang='lat' dir='ltr'>fecerint,</span> <span class='ocrx_word' id='word_1_255' title='bbox 808 3283 1146 3338; x_wconf 86' lang='lat' dir='ltr'><strong>nullatenus</strong></span> <span class='ocrx_word' id='word_1_256' title='bbox 1178 3286 1372 3335; x_wconf 88' lang='lat' dir='ltr'><strong>tamen</strong></span> <span class='ocrx_word' id='word_1_257' title='bbox 1421 3280 1493 3334; x_wconf 91' lang='lat' dir='ltr'>ab</span> <span class='ocrx_word' id='word_1_258' title='bbox 1540 3277 1655 3332; x_wconf 89' lang='lat' dir='ltr'><strong>illis</strong></span> <span class='ocrx_word' id='word_1_259' title='bbox 1694 3277 1979 3333; x_wconf 90' lang='lat' dir='ltr'>dissidere</span> 
     </span>
    </p>
   </div>
   <div class='ocr_carea' id='block_1_36' title="bbox 330 3349 2052 3441">
    <p class='ocr_par' dir='ltr' id='par_1_36' title="bbox 330 3349 2052 3441">
     <span class='ocr_line' id='line_1_36' title="bbox 330 3349 2052 3441; baseline -0.009 -8"><span class='ocrx_word' id='word_1_260' title='bbox 330 3372 988 3438; x_wconf 88' lang='lat' dir='ltr'>debemus,sedillorum</span> <span class='ocrx_word' id='word_1_261' title='bbox 1011 3367 1360 3441; x_wconf 89' lang='lat' dir='ltr'>perscrutari</span> <span class='ocrx_word' id='word_1_262' title='bbox 1385 3368 1821 3431; x_wconf 78' lang='lat' dir='ltr'>sententiam,et</span> <span class='ocrx_word' id='word_1_263' title='bbox 1839 3371 1979 3421; x_wconf 92' lang='lat' dir='ltr'>tunc</span> <span class='ocrx_word' id='word_1_264' title='bbox 2009 3349 2052 3416; x_wconf 85' lang='lat' dir='ltr'>C</span> 
     </span>
    </p>
   </div>
   <div class='ocr_carea' id='block_1_37' title="bbox 331 3455 1978 3532">
    <p class='ocr_par' dir='ltr' id='par_1_37' title="bbox 331 3455 1978 3532">
     <span class='ocr_line' id='line_1_37' title="bbox 331 3455 1978 3532; baseline -0.007 -11"><span class='ocrx_word' id='word_1_265' title='bbox 331 3466 535 3521; x_wconf 88' lang='lat' dir='ltr'>ambas</span> <span class='ocrx_word' id='word_1_266' title='bbox 565 3463 717 3517; x_wconf 91' lang='lat' dir='ltr'>inter</span> <span class='ocrx_word' id='word_1_267' title='bbox 738 3475 799 3514; x_wconf 90' lang='lat' dir='ltr'><strong>se</strong></span> <span class='ocrx_word' id='word_1_268' title='bbox 823 3458 1077 3532; x_wconf 83' lang='lat' dir='ltr'>synodos</span> <span class='ocrx_word' id='word_1_269' title='bbox 1098 3455 1428 3512; x_wconf 81' lang='lat' dir='ltr'>consentire</span> <span class='ocrx_word' id='word_1_270' title='bbox 1449 3455 1978 3526; x_wconf 87' lang='lat' dir='ltr'>deprehendemus.</span> 
     </span>
    </p>
   </div>
   <div class='ocr_carea' id='block_1_38' title="bbox 329 3543 1980 3618">
    <p class='ocr_par' dir='ltr' id='par_1_38' title="bbox 329 3543 1980 3618">
     <span class='ocr_line' id='line_1_38' title="bbox 329 3543 1980 3618; baseline -0.008 -9"><span class='ocrx_word' id='word_1_271' title='bbox 329 3554 436 3618; x_wconf 88' lang='lat' dir='ltr'>Qui</span> <span class='ocrx_word' id='word_1_272' title='bbox 467 3552 622 3609; x_wconf 92' lang='lat' dir='ltr'><strong>enim</strong></span> <span class='ocrx_word' id='word_1_273' title='bbox 651 3554 1122 3605; x_wconf 88' lang='lat' dir='ltr'>Samosatensem</span> <span class='ocrx_word' id='word_1_274' title='bbox 1147 3547 1693 3617; x_wconf 88' lang='lat' dir='ltr'>deposuere,vocem</span> <span class='ocrx_word' id='word_1_275' title='bbox 1729 3543 1980 3598; x_wconf 91' lang='lat' dir='ltr'>consub-</span> 
     </span>
    </p>
   </div>
   <div class='ocr_carea' id='block_1_39' title="bbox 328 3631 1977 3708">
    <p class='ocr_par' dir='ltr' id='par_1_39' title="bbox 328 3631 1977 3708">
     <span class='ocr_line' id='line_1_39' title="bbox 328 3631 1977 3708; baseline -0.007 -10"><span class='ocrx_word' id='word_1_276' title='bbox 328 3640 622 3699; x_wconf 89' lang='lat' dir='ltr'>stantialis</span> <span class='ocrx_word' id='word_1_277' title='bbox 652 3635 932 3708; x_wconf 90' lang='lat' dir='ltr'>corporali</span> <span class='ocrx_word' id='word_1_278' title='bbox 963 3650 1235 3705; x_wconf 87' lang='lat' dir='ltr'>accepere</span> <span class='ocrx_word' id='word_1_279' title='bbox 1267 3633 1461 3702; x_wconf 90' lang='lat' dir='ltr'>modo,</span> <span class='ocrx_word' id='word_1_280' title='bbox 1482 3649 1613 3686; x_wconf 93' lang='lat' dir='ltr'>cum</span> <span class='ocrx_word' id='word_1_281' title='bbox 1643 3631 1854 3687; x_wconf 87' lang='lat' dir='ltr'><strong>Paulus</strong></span> <span class='ocrx_word' id='word_1_282' title='bbox 1886 3649 1977 3686; x_wconf 87' lang='lat' dir='ltr'>ar-</span> 
     </span>
    </p>
   </div>
   <div class='ocr_carea' id='block_1_40' title="bbox 328 3719 1980 3804">
    <p class='ocr_par' dir='ltr' id='par_1_40' title="bbox 328 3719 1980 3804">
     <span class='ocr_line' id='line_1_40' title="bbox 328 3719 1980 3804; baseline -0.007 -18"><span class='ocrx_word' id='word_1_283' title='bbox 328 3732 519 3804; x_wconf 77' lang='lat' dir='ltr'>gutari</span> <span class='ocrx_word' id='word_1_284' title='bbox 549 3728 722 3784; x_wconf 91' lang='lat' dir='ltr'>vellet</span> <span class='ocrx_word' id='word_1_285' title='bbox 752 3743 817 3781; x_wconf 91' lang='lat' dir='ltr'><strong>ac</strong></span> <span class='ocrx_word' id='word_1_286' title='bbox 849 3726 1069 3780; x_wconf 88' lang='lat' dir='ltr'><strong>dicere:</strong></span> <span class='ocrx_word' id='word_1_287' title='bbox 1104 3723 1162 3776; x_wconf 90' lang='lat' dir='ltr'>Si</span> <span class='ocrx_word' id='word_1_288' title='bbox 1199 3721 1466 3777; x_wconf 86' lang='lat' dir='ltr'>Christus</span> <span class='ocrx_word' id='word_1_289' title='bbox 1500 3737 1611 3776; x_wconf 89' lang='lat' dir='ltr'><strong>non</strong></span> <span class='ocrx_word' id='word_1_290' title='bbox 1646 3737 1714 3775; x_wconf 80' lang='lat' dir='ltr'>ex</span> <span class='ocrx_word' id='word_1_291' title='bbox 1746 3719 1980 3775; x_wconf 87' lang='lat' dir='ltr'>homine</span> 
     </span>
    </p>
   </div>
   <div class='ocr_carea' id='block_1_41' title="bbox 330 3809 1977 3885">
    <p class='ocr_par' dir='ltr' id='par_1_41' title="bbox 330 3809 1977 3885">
     <span class='ocr_line' id='line_1_41' title="bbox 330 3809 1977 3885; baseline -0.009 -6"><span class='ocrx_word' id='word_1_292' title='bbox 330 3823 482 3878; x_wconf 91' lang='lat' dir='ltr'><strong>Deus</strong></span> <span class='ocrx_word' id='word_1_293' title='bbox 514 3821 702 3874; x_wconf 82' lang='lat' dir='ltr'><strong>factus</strong></span> <span class='ocrx_word' id='word_1_294' title='bbox 734 3821 842 3881; x_wconf 90' lang='lat' dir='ltr'>est,</span> <span class='ocrx_word' id='word_1_295' title='bbox 868 3830 1003 3885; x_wconf 90' lang='lat' dir='ltr'><strong>ergo</strong></span> <span class='ocrx_word' id='word_1_296' title='bbox 1037 3830 1150 3868; x_wconf 91' lang='lat' dir='ltr'>non</span> <span class='ocrx_word' id='word_1_297' title='bbox 1175 3809 1690 3866; x_wconf 89' lang='lat' dir='ltr'>consubstantialis</span> <span class='ocrx_word' id='word_1_298' title='bbox 1713 3817 1801 3865; x_wconf 92' lang='lat' dir='ltr'>est</span> <span class='ocrx_word' id='word_1_299' title='bbox 1823 3809 1977 3864; x_wconf 90' lang='lat' dir='ltr'>Patri</span> 
     </span>
    </p>
   </div>
   <div class='ocr_carea' id='block_1_42' title="bbox 329 3900 1975 3982">
    <p class='ocr_par' dir='ltr' id='par_1_42' title="bbox 329 3900 1975 3982">
     <span class='ocr_line' id='line_1_42' title="bbox 329 3900 1975 3982; baseline -0.009 -15"><span class='ocrx_word' id='word_1_300' title='bbox 329 3919 502 3982; x_wconf 89' lang='lat' dir='ltr'>atque</span> <span class='ocrx_word' id='word_1_301' title='bbox 535 3908 669 3964; x_wconf 90' lang='lat' dir='ltr'>hinc</span> <span class='ocrx_word' id='word_1_302' title='bbox 701 3921 934 3961; x_wconf 89' lang='lat' dir='ltr'>necesse</span> <span class='ocrx_word' id='word_1_303' title='bbox 955 3909 1043 3958; x_wconf 88' lang='lat' dir='ltr'>est</span> <span class='ocrx_word' id='word_1_304' title='bbox 1069 3908 1188 3957; x_wconf 90' lang='lat' dir='ltr'>tres</span> <span class='ocrx_word' id='word_1_305' title='bbox 1220 3918 1346 3956; x_wconf 91' lang='lat' dir='ltr'>esse</span> <span class='ocrx_word' id='word_1_306' title='bbox 1369 3900 1738 3955; x_wconf 85' lang='lat' dir='ltr'>substantias</span> <span class='ocrx_word' id='word_1_307' title='bbox 1763 3917 1775 3952; x_wconf 86' lang='lat'><strong>:</strong></span> <span class='ocrx_word' id='word_1_308' title='bbox 1799 3916 1975 3953; x_wconf 92' lang='lat' dir='ltr'><strong>unam</strong></span> 
     </span>
    </p>
   </div>
   <div class='ocr_carea' id='block_1_43' title="bbox 331 3988 1980 4074">
    <p class='ocr_par' dir='ltr' id='par_1_43' title="bbox 331 3988 1980 4074">
     <span class='ocr_line' id='line_1_43' title="bbox 331 3988 1980 4074; baseline -0.008 -19"><span class='ocrx_word' id='word_1_309' title='bbox 331 4001 602 4074; x_wconf 89' lang='lat' dir='ltr'>priorem,</span> <span class='ocrx_word' id='word_1_310' title='bbox 639 3997 786 4050; x_wconf 88' lang='lat' dir='ltr'><strong>duas</strong></span> <span class='ocrx_word' id='word_1_311' title='bbox 819 4009 949 4049; x_wconf 89' lang='lat' dir='ltr'>vero</span> <span class='ocrx_word' id='word_1_312' title='bbox 981 4009 1046 4047; x_wconf 86' lang='lat' dir='ltr'>ex</span> <span class='ocrx_word' id='word_1_313' title='bbox 1077 3989 1177 4045; x_wconf 88' lang='lat' dir='ltr'>illa</span> <span class='ocrx_word' id='word_1_314' title='bbox 1211 3991 1606 4062; x_wconf 84' lang='lat' dir='ltr'>procedentes.</span> <span class='ocrx_word' id='word_1_315' title='bbox 1643 3989 1892 4059; x_wconf 91' lang='lat' dir='ltr'>Ideoque</span> <span class='ocrx_word' id='word_1_316' title='bbox 1915 3988 1980 4042; x_wconf 84' lang='lat' dir='ltr'>il-</span> 
     </span>
    </p>
   </div>
   <div class='ocr_carea' id='block_1_44' title="bbox 329 4077 1974 4156">
    <p class='ocr_par' dir='ltr' id='par_1_44' title="bbox 329 4077 1974 4156">
     <span class='ocr_line' id='line_1_44' title="bbox 329 4077 1974 4156; baseline -0.009 -11"><span class='ocrx_word' id='word_1_317' title='bbox 329 4091 428 4145; x_wconf 90' lang='lat' dir='ltr'><strong>lud</strong></span> <span class='ocrx_word' id='word_1_318' title='bbox 466 4087 629 4143; x_wconf 85' lang='lat' dir='ltr'>Pauli</span> <span class='ocrx_word' id='word_1_319' title='bbox 656 4083 962 4156; x_wconf 89' lang='lat' dir='ltr'>sophisma</span> <span class='ocrx_word' id='word_1_320' title='bbox 983 4083 1120 4151; x_wconf 83' lang='lat' dir='ltr'><strong>jure</strong></span> <span class='ocrx_word' id='word_1_321' title='bbox 1151 4086 1440 4145; x_wconf 90' lang='lat' dir='ltr'>caventes,</span> <span class='ocrx_word' id='word_1_322' title='bbox 1465 4077 1658 4132; x_wconf 85' lang='lat' dir='ltr'><strong>dixere</strong></span> <span class='ocrx_word' id='word_1_323' title='bbox 1681 4077 1974 4132; x_wconf 90' lang='lat' dir='ltr'>Christum</span> 
     </span>
    </p>
   </div>
   <div class='ocr_carea' id='block_1_45' title="bbox 331 4165 1982 4239">
    <p class='ocr_par' dir='ltr' id='par_1_45' title="bbox 331 4165 1982 4239">
     <span class='ocr_line' id='line_1_45' title="bbox 331 4165 1982 4239; baseline -0.008 -6"><span class='ocrx_word' id='word_1_324' title='bbox 331 4196 445 4234; x_wconf 90' lang='lat' dir='ltr'>non</span> <span class='ocrx_word' id='word_1_325' title='bbox 478 4193 606 4232; x_wconf 89' lang='lat' dir='ltr'>esse</span> <span class='ocrx_word' id='word_1_326' title='bbox 636 4169 1200 4230; x_wconf 84' lang='lat' dir='ltr'>consubstantialem</span> <span class='ocrx_word' id='word_1_327' title='bbox 1228 4185 1240 4223; x_wconf 90' lang='lat'>:</span> <span class='ocrx_word' id='word_1_328' title='bbox 1278 4184 1465 4239; x_wconf 86' lang='lat' dir='ltr'>neque</span> <span class='ocrx_word' id='word_1_329' title='bbox 1490 4167 1646 4221; x_wconf 90' lang='lat' dir='ltr'>enim</span> <span class='ocrx_word' id='word_1_330' title='bbox 1681 4165 1861 4221; x_wconf 89' lang='lat' dir='ltr'>Filius</span> <span class='ocrx_word' id='word_1_331' title='bbox 1901 4165 1982 4220; x_wconf 88' lang='lat' dir='ltr'><strong>ita</strong></span> 
     </span>
    </p>
   </div>
   <div class='ocr_carea' id='block_1_46' title="bbox 332 4254 1980 4334">
    <p class='ocr_par' dir='ltr' id='par_1_46' title="bbox 332 4254 1980 4334">
     <span class='ocr_line' id='line_1_46' title="bbox 332 4254 1980 4334; baseline -0.01 -12"><span class='ocrx_word' id='word_1_332' title='bbox 332 4285 393 4323; x_wconf 90' lang='lat' dir='ltr'><strong>se</strong></span> <span class='ocrx_word' id='word_1_333' title='bbox 425 4267 599 4321; x_wconf 82' lang='lat' dir='ltr'>habet</span> <span class='ocrx_word' id='word_1_334' title='bbox 630 4268 894 4334; x_wconf 86' lang='lat' dir='ltr'>respectu</span> <span class='ocrx_word' id='word_1_335' title='bbox 920 4260 1110 4314; x_wconf 91' lang='lat' dir='ltr'>Patris</span> <span class='ocrx_word' id='word_1_336' title='bbox 1137 4257 1394 4330; x_wconf 88' lang='lat' dir='ltr'>qualiter</span> <span class='ocrx_word' id='word_1_337' title='bbox 1423 4255 1520 4311; x_wconf 91' lang='lat' dir='ltr'>ille</span> <span class='ocrx_word' id='word_1_338' title='bbox 1550 4254 1980 4327; x_wconf 87' lang='lat' dir='ltr'>cogitabat.Qui</span> 
     </span>
    </p>
   </div>
   <div class='ocr_carea' id='block_1_47' title="bbox 334 4344 1981 4411">
    <p class='ocr_par' dir='ltr' id='par_1_47' title="bbox 334 4344 1981 4411">
     <span class='ocr_line' id='line_1_47' title="bbox 334 4344 1981 4411; baseline -0.009 0"><span class='ocrx_word' id='word_1_339' title='bbox 334 4362 525 4411; x_wconf 90' lang='lat' dir='ltr'><strong>autem</strong></span> <span class='ocrx_word' id='word_1_340' title='bbox 563 4353 836 4406; x_wconf 86' lang='lat' dir='ltr'><strong>Arianam</strong></span> <span class='ocrx_word' id='word_1_341' title='bbox 879 4347 1146 4403; x_wconf 74' lang='lat' dir='ltr'>haeresim</span> <span class='ocrx_word' id='word_1_342' title='bbox 1198 4345 1569 4401; x_wconf 88' lang='lat' dir='ltr'>anathemate</span> <span class='ocrx_word' id='word_1_343' title='bbox 1601 4344 1981 4409; x_wconf 89' lang='lat' dir='ltr'>damnarunt,</span> 
     </span>
    </p>
   </div>
   <div class='ocr_carea' id='block_1_48' title="bbox 333 4429 1981 4502">
    <p class='ocr_par' dir='ltr' id='par_1_48' title="bbox 333 4429 1981 4502">
     <span class='ocr_line' id='line_1_48' title="bbox 333 4429 1981 4502; baseline -0.011 -1"><span class='ocrx_word' id='word_1_344' title='bbox 333 4462 467 4501; x_wconf 90' lang='lat' dir='ltr'>cum</span> <span class='ocrx_word' id='word_1_345' title='bbox 505 4440 661 4497; x_wconf 89' lang='lat' dir='ltr'>Pauli</span> <span class='ocrx_word' id='word_1_346' title='bbox 690 4438 1071 4494; x_wconf 88' lang='lat' dir='ltr'>calliditatem</span> <span class='ocrx_word' id='word_1_347' title='bbox 1122 4433 1698 4495; x_wconf 88' lang='lat' dir='ltr'>animadvertissent,</span> <span class='ocrx_word' id='word_1_348' title='bbox 1730 4436 1788 4486; x_wconf 92' lang='lat' dir='ltr'><strong>et</strong></span> <span class='ocrx_word' id='word_1_349' title='bbox 1827 4429 1981 4502; x_wconf 90' lang='lat' dir='ltr'><strong>cogi-</strong></span> 
     </span>
    </p>
   </div>
   <div class='ocr_carea' id='block_1_49' title="bbox 331 4520 1983 4595">
    <p class='ocr_par' dir='ltr' id='par_1_49' title="bbox 331 4520 1983 4595">
     <span class='ocr_line' id='line_1_49' title="bbox 331 4520 1983 4595; baseline -0.009 -6"><span class='ocrx_word' id='word_1_350' title='bbox 331 4537 526 4589; x_wconf 89' lang='lat' dir='ltr'>tarent</span> <span class='ocrx_word' id='word_1_351' title='bbox 556 4545 668 4584; x_wconf 93' lang='lat' dir='ltr'>non</span> <span class='ocrx_word' id='word_1_352' title='bbox 702 4528 787 4581; x_wconf 91' lang='lat' dir='ltr'>ita</span> <span class='ocrx_word' id='word_1_353' title='bbox 815 4527 884 4580; x_wconf 94' lang='lat' dir='ltr'>de</span> <span class='ocrx_word' id='word_1_354' title='bbox 930 4522 1309 4595; x_wconf 91' lang='lat' dir='ltr'>incorporeis,</span> <span class='ocrx_word' id='word_1_355' title='bbox 1355 4527 1413 4576; x_wconf 92' lang='lat' dir='ltr'>et</span> <span class='ocrx_word' id='word_1_356' title='bbox 1462 4520 1713 4576; x_wconf 84' lang='lat' dir='ltr'><strong>maxime</strong></span> <span class='ocrx_word' id='word_1_357' title='bbox 1744 4521 1814 4575; x_wconf 93' lang='lat' dir='ltr'><strong>de</strong></span> <span class='ocrx_word' id='word_1_358' title='bbox 1845 4520 1983 4590; x_wconf 86' lang='lat' dir='ltr'>Deo,</span> 
     </span>
    </p>
   </div>
   <div class='ocr_carea' id='block_1_50' title="bbox 333 4612 1984 4684">
    <p class='ocr_par' dir='ltr' id='par_1_50' title="bbox 333 4612 1984 4684">
     <span class='ocr_line' id='line_1_50' title="bbox 333 4612 1984 4684; baseline -0.011 -4"><span class='ocrx_word' id='word_1_359' title='bbox 333 4615 1012 4680; x_wconf 84' lang='lat' dir='ltr'>consubstantialitatem</span> <span class='ocrx_word' id='word_1_360' title='bbox 1045 4612 1444 4684; x_wconf 85' lang='lat' dir='ltr'>accipiendam</span> <span class='ocrx_word' id='word_1_361' title='bbox 1479 4627 1628 4680; x_wconf 92' lang='lat' dir='ltr'>esse,</span> <span class='ocrx_word' id='word_1_362' title='bbox 1661 4625 1984 4680; x_wconf 90' lang='lat' dir='ltr'><strong>agnoscen-</strong></span> 
     </span>
    </p>
   </div>
   <div class='ocr_carea' id='block_1_51' title="bbox 2087 697 2835 776">
    <p class='ocr_par' dir='ltr' id='par_1_51' title="bbox 2087 697 2835 776">
     <span class='ocr_line' id='line_1_51' title="bbox 2087 697 2835 776; baseline -0.003 -18"><span class='ocrx_word' id='word_1_363' title='bbox 2087 697 2319 776; x_wconf 67' lang='grc' dir='ltr'>Εἴρηκεν</span> <span class='ocrx_word' id='word_1_364' title='bbox 2351 703 2427 775; x_wconf 83' lang='grc'>(9)</span> <span class='ocrx_word' id='word_1_365' title='bbox 2458 702 2486 755; x_wconf 99' lang='lat'>6</span> <span class='ocrx_word' id='word_1_366' title='bbox 2516 699 2835 763; x_wconf 79' lang='grc' dir='ltr'>ἐπίσκοπος.</span> 
     </span>
    </p>
   </div>
   <div class='ocr_carea' id='block_1_52' title="bbox 2159 875 3731 954">
    <p class='ocr_par' dir='ltr' id='par_1_52' title="bbox 2159 875 3731 954">
     <span class='ocr_line' id='line_1_52' title="bbox 2159 875 3731 954; baseline 0.002 -21"><span class='ocrx_word' id='word_1_367' title='bbox 2159 880 2245 935; x_wconf 83' lang='grc'>45.</span> <span class='ocrx_word' id='word_1_368' title='bbox 2274 875 2442 954; x_wconf 63' lang='grc' dir='ltr'>Εἴπερ</span> <span class='ocrx_word' id='word_1_369' title='bbox 2475 876 2565 933; x_wconf 81' lang='grc' dir='ltr'>οῦν</span> <span class='ocrx_word' id='word_1_370' title='bbox 2603 877 2868 953; x_wconf 78' lang='grc' dir='ltr'>μέμφεται</span> <span class='ocrx_word' id='word_1_371' title='bbox 2894 900 2976 940; x_wconf 86' lang='grc' dir='ltr'>τις</span> <span class='ocrx_word' id='word_1_372' title='bbox 3017 883 3135 940; x_wconf 87' lang='grc' dir='ltr'>τοῖς</span> <span class='ocrx_word' id='word_1_373' title='bbox 3189 877 3239 932; x_wconf 88' lang='grc' dir='ltr'>ἐν</span> <span class='ocrx_word' id='word_1_374' title='bbox 3287 877 3483 951; x_wconf 75' lang='grc' dir='ltr'>Νικαίᾳ</span> <span class='ocrx_word' id='word_1_375' title='bbox 3539 877 3731 936; x_wconf 81' lang='grc' dir='ltr'>συνελο</span> 
     </span>
    </p>
   </div>
   <div class='ocr_carea' id='block_1_53' title="bbox 2088 967 3734 1044">
    <p class='ocr_par' dir='ltr' id='par_1_53' title="bbox 2088 967 3734 1044">
     <span class='ocr_line' id='line_1_53' title="bbox 2088 967 3734 1044; baseline 0.001 -21"><span class='ocrx_word' id='word_1_376' title='bbox 2088 973 2292 1037; x_wconf 82' lang='grc' dir='ltr'>θοῦσιν,</span> <span class='ocrx_word' id='word_1_377' title='bbox 2335 970 2408 1030; x_wconf 83' lang='grc' dir='ltr'>ὡς</span> <span class='ocrx_word' id='word_1_378' title='bbox 2457 967 2701 1044; x_wconf 77' lang='grc' dir='ltr'>εἰρηκόσι</span> <span class='ocrx_word' id='word_1_379' title='bbox 2746 969 2889 1041; x_wconf 75' lang='grc' dir='ltr'>παρὰ</span> <span class='ocrx_word' id='word_1_380' title='bbox 2934 969 3001 1022; x_wconf 80' lang='grc' dir='ltr'>τὰ</span> <span class='ocrx_word' id='word_1_381' title='bbox 3044 967 3268 1038; x_wconf 81' lang='grc' dir='ltr'>δόξαντα</span> <span class='ocrx_word' id='word_1_382' title='bbox 3297 971 3408 1042; x_wconf 89' lang='grc'>(10)</span> <span class='ocrx_word' id='word_1_383' title='bbox 3455 974 3571 1031; x_wconf 86' lang='grc' dir='ltr'>τοῖς</span> <span class='ocrx_word' id='word_1_384' title='bbox 3627 969 3734 1044; x_wconf 88' lang='grc' dir='ltr'>πρὸ</span> 
     </span>
    </p>
   </div>
   <div class='ocr_carea' id='block_1_54' title="bbox 2085 1053 3730 1130">
    <p class='ocr_par' dir='ltr' id='par_1_54' title="bbox 2085 1053 3730 1130">
     <span class='ocr_line' id='line_1_54' title="bbox 2085 1053 3730 1130; baseline 0.001 -18"><span class='ocrx_word' id='word_1_385' title='bbox 2085 1059 2280 1125; x_wconf 80' lang='grc' dir='ltr'>αὐτῶν,</span> <span class='ocrx_word' id='word_1_386' title='bbox 2316 1059 2344 1112; x_wconf 92' lang='lat'>6</span> <span class='ocrx_word' id='word_1_387' title='bbox 2379 1058 2540 1119; x_wconf 80' lang='grc' dir='ltr'>αὐτὸς</span> <span class='ocrx_word' id='word_1_388' title='bbox 2595 1055 2853 1130; x_wconf 76' lang='grc' dir='ltr'>μέμψαιτ’</span> <span class='ocrx_word' id='word_1_389' title='bbox 2896 1057 2953 1111; x_wconf 77' lang='grc' dir='ltr'>ἂν</span> <span class='ocrx_word' id='word_1_390' title='bbox 3001 1055 3228 1118; x_wconf 71' lang='grc' dir='ltr'>εῗκότως</span> <span class='ocrx_word' id='word_1_391' title='bbox 3276 1057 3367 1112; x_wconf 82' lang='grc' dir='ltr'>καὶ</span> <span class='ocrx_word' id='word_1_392' title='bbox 3413 1063 3530 1120; x_wconf 90' lang='grc' dir='ltr'>τοῖς</span> <span class='ocrx_word' id='word_1_393' title='bbox 3576 1053 3730 1114; x_wconf 73' lang='grc' dir='ltr'>ἐϐδο-</span> 
     </span>
    </p>
   </div>
   <div class='ocr_carea' id='block_1_55' title="bbox 2089 1145 3732 1224">
    <p class='ocr_par' dir='ltr' id='par_1_55' title="bbox 2089 1145 3732 1224">
     <span class='ocr_line' id='line_1_55' title="bbox 2089 1145 3732 1224; baseline 0.001 -23"><span class='ocrx_word' id='word_1_394' title='bbox 2089 1150 2358 1220; x_wconf 86' lang='grc' dir='ltr'>μήκοντα,</span> <span class='ocrx_word' id='word_1_395' title='bbox 2403 1148 2485 1200; x_wconf 80' lang='grc' dir='ltr'>ὅτι</span> <span class='ocrx_word' id='word_1_396' title='bbox 2534 1147 2609 1219; x_wconf 80' lang='grc' dir='ltr'>μὴ</span> <span class='ocrx_word' id='word_1_397' title='bbox 2660 1147 2728 1200; x_wconf 78' lang='grc' dir='ltr'>τὰ</span> <span class='ocrx_word' id='word_1_398' title='bbox 2773 1151 2879 1200; x_wconf 81' lang='grc' dir='ltr'>τῶν</span> <span class='ocrx_word' id='word_1_399' title='bbox 2929 1146 3036 1222; x_wconf 80' lang='grc' dir='ltr'>πρὸ</span> <span class='ocrx_word' id='word_1_400' title='bbox 3083 1145 3258 1201; x_wconf 82' lang='grc' dir='ltr'>αὐτῶν</span> <span class='ocrx_word' id='word_1_401' title='bbox 3306 1146 3592 1224; x_wconf 76' lang='grc' dir='ltr'>ἐφύλαξαν·</span> <span class='ocrx_word' id='word_1_402' title='bbox 3625 1149 3732 1224; x_wconf 87' lang='grc' dir='ltr'>πρὸ</span> 
     </span>
    </p>
   </div>
   <div class='ocr_carea' id='block_1_56' title="bbox 2086 1234 3732 1311">
    <p class='ocr_par' dir='ltr' id='par_1_56' title="bbox 2086 1234 3732 1311">
     <span class='ocr_line' id='line_1_56' title="bbox 2086 1234 3732 1311; baseline 0.001 -21"><span class='ocrx_word' id='word_1_403' title='bbox 2086 1238 2263 1292; x_wconf 80' lang='grc' dir='ltr'>αὐτῶν</span> <span class='ocrx_word' id='word_1_404' title='bbox 2317 1234 2373 1290; x_wconf 72' lang='grc' dir='ltr'>δὲ</span> <span class='ocrx_word' id='word_1_405' title='bbox 2418 1236 2553 1305; x_wconf 82' lang='grc' dir='ltr'>ἦσαν</span> <span class='ocrx_word' id='word_1_406' title='bbox 2600 1237 2651 1290; x_wconf 65' lang='grc' dir='ltr'>οἱ</span> <span class='ocrx_word' id='word_1_407' title='bbox 2697 1235 2986 1304; x_wconf 76' lang='grc' dir='ltr'>Διονύσιοι,</span> <span class='ocrx_word' id='word_1_408' title='bbox 3018 1235 3106 1290; x_wconf 79' lang='grc' dir='ltr'>καὶ</span> <span class='ocrx_word' id='word_1_409' title='bbox 3149 1237 3201 1290; x_wconf 74' lang='grc' dir='ltr'>οἱ</span> <span class='ocrx_word' id='word_1_410' title='bbox 3232 1235 3282 1290; x_wconf 85' lang='grc' dir='ltr'>ἐν</span> <span class='ocrx_word' id='word_1_411' title='bbox 3315 1236 3504 1311; x_wconf 80' lang='grc' dir='ltr'>Ῥώμῃ</span> <span class='ocrx_word' id='word_1_412' title='bbox 3537 1237 3599 1292; x_wconf 85' lang='grc' dir='ltr'>τὸ</span> <span class='ocrx_word' id='word_1_413' title='bbox 3627 1260 3732 1309; x_wconf 84' lang='grc' dir='ltr'>τη-</span> 
     </span>
    </p>
   </div>
   <div class='ocr_carea' id='block_1_57' title="bbox 2086 1323 3731 1398">
    <p class='ocr_par' dir='ltr' id='par_1_57' title="bbox 2086 1323 3731 1398">
     <span class='ocr_line' id='line_1_57' title="bbox 2086 1323 3731 1398; baseline 0.002 -18"><span class='ocrx_word' id='word_1_414' title='bbox 2086 1324 2308 1380; x_wconf 84' lang='grc' dir='ltr'>νικαῦτα</span> <span class='ocrx_word' id='word_1_415' title='bbox 2359 1323 2706 1387; x_wconf 82' lang='grc' dir='ltr'>συνελθόντες</span> <span class='ocrx_word' id='word_1_416' title='bbox 2757 1323 3063 1381; x_wconf 84' lang='grc' dir='ltr'>ἐπίσκοποι.</span> <span class='ocrx_word' id='word_1_417' title='bbox 3107 1324 3258 1382; x_wconf 77' lang='grc' dir='ltr'>Ἀλλ’</span> <span class='ocrx_word' id='word_1_418' title='bbox 3310 1323 3434 1382; x_wconf 74' lang='grc' dir='ltr'>οὕτε</span> <span class='ocrx_word' id='word_1_419' title='bbox 3486 1325 3731 1398; x_wconf 76' lang='grc' dir='ltr'>τούτους,</span> 
     </span>
    </p>
   </div>
   <div class='ocr_carea' id='block_1_58' title="bbox 2086 1413 3735 1491">
    <p class='ocr_par' dir='ltr' id='par_1_58' title="bbox 2086 1413 3735 1491">
     <span class='ocr_line' id='line_1_58' title="bbox 2086 1413 3735 1491; baseline 0.001 -22"><span class='ocrx_word' id='word_1_420' title='bbox 2086 1413 2208 1470; x_wconf 73' lang='grc' dir='ltr'>οὐτε</span> <span class='ocrx_word' id='word_1_421' title='bbox 2263 1413 2499 1477; x_wconf 79' lang='grc' dir='ltr'>ἐκείνους</span> <span class='ocrx_word' id='word_1_422' title='bbox 2562 1416 2709 1469; x_wconf 80' lang='grc' dir='ltr'>ὅσιον</span> <span class='ocrx_word' id='word_1_423' title='bbox 2767 1413 3124 1469; x_wconf 80' lang='grc' dir='ltr'>αἰτιάσασθαι·</span> <span class='ocrx_word' id='word_1_424' title='bbox 3175 1413 3369 1477; x_wconf 87' lang='grc' dir='ltr'>πάντες</span> <span class='ocrx_word' id='word_1_425' title='bbox 3425 1417 3529 1491; x_wconf 78' lang='grc' dir='ltr'>γὰρ</span> <span class='ocrx_word' id='word_1_426' title='bbox 3579 1414 3735 1490; x_wconf 85' lang='grc' dir='ltr'>ἐπρέ-</span> 
     </span>
    </p>
   </div>
   <div class='ocr_carea' id='block_1_59' title="bbox 2084 1499 3730 1581">
    <p class='ocr_par' dir='ltr' id='par_1_59' title="bbox 2084 1499 3730 1581">
     <span class='ocr_line' id='line_1_59' title="bbox 2084 1499 3730 1581; baseline 0.001 -22"><span class='ocrx_word' id='word_1_427' title='bbox 2084 1499 2273 1559; x_wconf 72' lang='grc' dir='ltr'>σϐευον</span> <span class='ocrx_word' id='word_1_428' title='bbox 2326 1504 2394 1559; x_wconf 81' lang='grc' dir='ltr'>τὰ</span> <span class='ocrx_word' id='word_1_429' title='bbox 2444 1506 2701 1580; x_wconf 79' lang='grc' dir='ltr'>Χριστοῦ,</span> <span class='ocrx_word' id='word_1_430' title='bbox 2753 1503 2840 1558; x_wconf 80' lang='grc' dir='ltr'>καὶ</span> <span class='ocrx_word' id='word_1_431' title='bbox 2911 1503 3104 1566; x_wconf 89' lang='grc' dir='ltr'>πάντες</span> <span class='ocrx_word' id='word_1_432' title='bbox 3165 1501 3406 1573; x_wconf 77' lang='grc' dir='ltr'>σπουδὴν</span> <span class='ocrx_word' id='word_1_433' title='bbox 3463 1504 3730 1581; x_wconf 74' lang='grc' dir='ltr'>ἐσχήκασι</span> 
     </span>
    </p>
   </div>
   <div class='ocr_carea' id='block_1_60' title="bbox 2085 1592 3730 1668">
    <p class='ocr_par' dir='ltr' id='par_1_60' title="bbox 2085 1592 3730 1668">
     <span class='ocr_line' id='line_1_60' title="bbox 2085 1592 3730 1668; baseline 0 -20"><span class='ocrx_word' id='word_1_434' title='bbox 2085 1595 2220 1648; x_wconf 78' lang='grc' dir='ltr'>κατὰ</span> <span class='ocrx_word' id='word_1_435' title='bbox 2262 1597 2369 1649; x_wconf 83' lang='grc' dir='ltr'>τῶν</span> <span class='ocrx_word' id='word_1_436' title='bbox 2425 1594 2728 1668; x_wconf 74' lang='grc' dir='ltr'>αἱρετικῶν,</span> <span class='ocrx_word' id='word_1_437' title='bbox 2758 1592 2848 1648; x_wconf 79' lang='grc' dir='ltr'>καὶ</span> <span class='ocrx_word' id='word_1_438' title='bbox 2903 1593 2954 1647; x_wconf 77' lang='grc' dir='ltr'>οἱ</span> <span class='ocrx_word' id='word_1_439' title='bbox 3007 1593 3102 1666; x_wconf 74' lang='grc' dir='ltr'>μὲν</span> <span class='ocrx_word' id='word_1_440' title='bbox 3150 1592 3241 1648; x_wconf 87' lang='grc' dir='ltr'>τὸν</span> <span class='ocrx_word' id='word_1_441' title='bbox 3295 1594 3636 1667; x_wconf 81' lang='grc' dir='ltr'>Σαμοσατέα,</span> <span class='ocrx_word' id='word_1_442' title='bbox 3677 1594 3730 1649; x_wconf 72' lang='grc' dir='ltr'>οἳ</span> 
     </span>
    </p>
   </div>
   <div class='ocr_carea' id='block_1_61' title="bbox 2087 1679 3731 1759">
    <p class='ocr_par' dir='ltr' id='par_1_61' title="bbox 2087 1679 3731 1759">
     <span class='ocr_line' id='line_1_61' title="bbox 2087 1679 3731 1759; baseline 0 -22"><span class='ocrx_word' id='word_1_443' title='bbox 2087 1680 2144 1737; x_wconf 74' lang='grc' dir='ltr'>δὲ</span> <span class='ocrx_word' id='word_1_444' title='bbox 2189 1684 2287 1752; x_wconf 73' lang='grc' dir='ltr'>τὴν</span> <span class='ocrx_word' id='word_1_445' title='bbox 2329 1684 2616 1758; x_wconf 76' lang='grc' dir='ltr'>Ἀρειανὴν</span> <span class='ocrx_word' id='word_1_446' title='bbox 2667 1679 2869 1758; x_wconf 72' lang='grc' dir='ltr'>α’ίρεσιν</span> <span class='ocrx_word' id='word_1_447' title='bbox 2916 1683 3254 1756; x_wconf 74' lang='grc' dir='ltr'>κατέκριναν.</span> <span class='ocrx_word' id='word_1_448' title='bbox 3288 1683 3498 1759; x_wconf 80' lang='grc' dir='ltr'>Ὀρθῶς</span> <span class='ocrx_word' id='word_1_449' title='bbox 3544 1681 3602 1738; x_wconf 72' lang='grc' dir='ltr'>δὲ</span> <span class='ocrx_word' id='word_1_450' title='bbox 3640 1684 3731 1737; x_wconf 84' lang='grc' dir='ltr'>καὶ</span> 
     </span>
    </p>
   </div>
   <div class='ocr_carea' id='block_1_62' title="bbox 2087 1769 3728 1846">
    <p class='ocr_par' dir='ltr' id='par_1_62' title="bbox 2087 1769 3728 1846">
     <span class='ocr_line' id='line_1_62' title="bbox 2087 1769 3728 1846; baseline 0.001 -20"><span class='ocrx_word' id='word_1_451' title='bbox 2087 1773 2233 1826; x_wconf 73' lang='grc' dir='ltr'>οὗτοι</span> <span class='ocrx_word' id='word_1_452' title='bbox 2309 1773 2568 1840; x_wconf 74' lang='grc' dir='ltr'>κάκεῖνοι,</span> <span class='ocrx_word' id='word_1_453' title='bbox 2626 1771 2714 1826; x_wconf 86' lang='grc' dir='ltr'>καὶ</span> <span class='ocrx_word' id='word_1_454' title='bbox 2773 1769 2958 1833; x_wconf 81' lang='grc' dir='ltr'>καλῶς</span> <span class='ocrx_word' id='word_1_455' title='bbox 3013 1772 3150 1846; x_wconf 84' lang='grc' dir='ltr'>πρὸς</span> <span class='ocrx_word' id='word_1_456' title='bbox 3205 1772 3306 1840; x_wconf 79' lang='grc' dir='ltr'>τὴν</span> <span class='ocrx_word' id='word_1_457' title='bbox 3365 1773 3728 1845; x_wconf 74' lang='grc' dir='ltr'>ὑποκειμένην</span> 
     </span>
    </p>
   </div>
   <div class='ocr_carea' id='block_1_63' title="bbox 2085 1857 3731 1936">
    <p class='ocr_par' dir='ltr' id='par_1_63' title="bbox 2085 1857 3731 1936">
     <span class='ocr_line' id='line_1_63' title="bbox 2085 1857 3731 1936; baseline 0 -22"><span class='ocrx_word' id='word_1_458' title='bbox 2085 1860 2335 1923; x_wconf 88' lang='grc' dir='ltr'>ὐπόθεσιν</span> <span class='ocrx_word' id='word_1_459' title='bbox 2395 1861 2718 1936; x_wconf 77' lang='grc' dir='ltr'>γεγράφασι.</span> <span class='ocrx_word' id='word_1_460' title='bbox 2760 1860 2865 1916; x_wconf 86' lang='grc' dir='ltr'>Καὶ</span> <span class='ocrx_word' id='word_1_461' title='bbox 2925 1859 3104 1936; x_wconf 83' lang='grc' dir='ltr'>ὥσπερ</span> <span class='ocrx_word' id='word_1_462' title='bbox 3168 1861 3196 1914; x_wconf 90' lang='lat'>6</span> <span class='ocrx_word' id='word_1_463' title='bbox 3259 1861 3523 1936; x_wconf 86' lang='grc' dir='ltr'>μακάριος</span> <span class='ocrx_word' id='word_1_464' title='bbox 3567 1857 3731 1917; x_wconf 73' lang='grc' dir='ltr'>Ἀπὸο</span> 
     </span>
    </p>
   </div>
   <div class='ocr_carea' id='block_1_64' title="bbox 2086 1947 3729 2024">
    <p class='ocr_par' dir='ltr' id='par_1_64' title="bbox 2086 1947 3729 2024">
     <span class='ocr_line' id='line_1_64' title="bbox 2086 1947 3729 2024; baseline 0 -20"><span class='ocrx_word' id='word_1_465' title='bbox 2086 1947 2305 2018; x_wconf 88' lang='grc' dir='ltr'>στολος,</span> <span class='ocrx_word' id='word_1_466' title='bbox 2331 1948 2627 2022; x_wconf 85' lang='grc' dir='ltr'>Ῥωμαίοις</span> <span class='ocrx_word' id='word_1_467' title='bbox 2669 1949 2762 2021; x_wconf 72' lang='grc' dir='ltr'>μὲν</span> <span class='ocrx_word' id='word_1_468' title='bbox 2815 1947 3174 2017; x_wconf 74' lang='grc' dir='ltr'>ἐπιστέλλων,</span> <span class='ocrx_word' id='word_1_469' title='bbox 3208 1947 3416 2024; x_wconf 74' lang='grc' dir='ltr'>ἔλεγεν·</span> <span class='ocrx_word' id='word_1_470' title='bbox 3454 1973 3482 1999; x_wconf 89' lang='grc'>‹‹</span> <span class='ocrx_word' id='word_1_471' title='bbox 3529 1951 3592 2007; x_wconf 78' lang='grc' dir='ltr'><strong>Ὀ</strong></span> <span class='ocrx_word' id='word_1_472' title='bbox 3638 1949 3729 2004; x_wconf 90' lang='grc' dir='ltr'>νό-</span> 
     </span>
    </p>
   </div>
   <div class='ocr_carea' id='block_1_65' title="bbox 2091 2036 3728 2114">
    <p class='ocr_par' dir='ltr' id='par_1_65' title="bbox 2091 2036 3728 2114">
     <span class='ocr_line' id='line_1_65' title="bbox 2091 2036 3728 2114; baseline -0.001 -22"><span class='ocrx_word' id='word_1_473' title='bbox 2091 2059 2190 2112; x_wconf 88' lang='grc' dir='ltr'>μος</span> <span class='ocrx_word' id='word_1_474' title='bbox 2245 2039 2610 2110; x_wconf 87' lang='grc' dir='ltr'>πνευματικός</span> <span class='ocrx_word' id='word_1_475' title='bbox 2656 2036 2790 2092; x_wconf 90' lang='grc' dir='ltr'>ἐστι·</span> <span class='ocrx_word' id='word_1_476' title='bbox 2849 2063 2877 2089; x_wconf 78' lang='grc' dir='ltr'><strong>υ</strong></span> <span class='ocrx_word' id='word_1_477' title='bbox 2920 2039 3034 2108; x_wconf 83' lang='grc' dir='ltr'>καὶ,</span> <span class='ocrx_word' id='word_1_478' title='bbox 3069 2062 3098 2092; x_wconf 89' lang='grc'>‹‹</span> <span class='ocrx_word' id='word_1_479' title='bbox 3143 2039 3204 2096; x_wconf 90' lang='grc' dir='ltr'>Ὁ</span> <span class='ocrx_word' id='word_1_480' title='bbox 3255 2037 3426 2112; x_wconf 85' lang='grc' dir='ltr'>νόμος</span> <span class='ocrx_word' id='word_1_481' title='bbox 3492 2041 3664 2114; x_wconf 81' lang='grc' dir='ltr'>ἅγιος,</span> <span class='ocrx_word' id='word_1_482' title='bbox 3699 2063 3728 2091; x_wconf 84' lang='lat'><strong><em>»</em></strong></span> 
     </span>
    </p>
   </div>
   <div class='ocr_carea' id='block_1_66' title="bbox 2085 2122 3728 2200">
    <p class='ocr_par' dir='ltr' id='par_1_66' title="bbox 2085 2122 3728 2200">
     <span class='ocr_line' id='line_1_66' title="bbox 2085 2122 3728 2200; baseline -0.001 -20"><span class='ocrx_word' id='word_1_483' title='bbox 2085 2126 2197 2192; x_wconf 72' lang='grc' dir='ltr'>καὶ,</span> <span class='ocrx_word' id='word_1_484' title='bbox 2239 2147 2260 2174; x_wconf 76' lang='grc' dir='ltr'>ι</span> <span class='ocrx_word' id='word_1_485' title='bbox 2287 2127 2350 2182; x_wconf 85' lang='grc' dir='ltr'><strong><em>Ἡ</em></strong></span> <span class='ocrx_word' id='word_1_486' title='bbox 2403 2124 2598 2194; x_wconf 79' lang='grc' dir='ltr'>ἐντολὴ</span> <span class='ocrx_word' id='word_1_487' title='bbox 2651 2125 2793 2200; x_wconf 80' lang='grc' dir='ltr'>ἁγία,</span> <span class='ocrx_word' id='word_1_488' title='bbox 2825 2125 2915 2179; x_wconf 86' lang='grc' dir='ltr'>καὶ</span> <span class='ocrx_word' id='word_1_489' title='bbox 2965 2122 3170 2194; x_wconf 86' lang='grc' dir='ltr'>δικαία,</span> <span class='ocrx_word' id='word_1_490' title='bbox 3202 2124 3292 2180; x_wconf 83' lang='grc' dir='ltr'>καὶ</span> <span class='ocrx_word' id='word_1_491' title='bbox 3340 2125 3534 2200; x_wconf 82' lang='grc' dir='ltr'>ἀγαθή·</span> <span class='ocrx_word' id='word_1_492' title='bbox 3571 2149 3599 2176; x_wconf 88' lang='grc'>››</span> <span class='ocrx_word' id='word_1_493' title='bbox 3641 2125 3728 2180; x_wconf 65' lang='grc' dir='ltr'>καὶ</span> 
     </span>
    </p>
   </div>
   <div class='ocr_carea' id='block_1_67' title="bbox 2091 2211 3730 2289">
    <p class='ocr_par' dir='ltr' id='par_1_67' title="bbox 2091 2211 3730 2289">
     <span class='ocr_line' id='line_1_67' title="bbox 2091 2211 3730 2289; baseline -0.001 -20"><span class='ocrx_word' id='word_1_494' title='bbox 2091 2216 2207 2286; x_wconf 73' lang='grc' dir='ltr'>μετ’</span> <span class='ocrx_word' id='word_1_495' title='bbox 2251 2212 2442 2288; x_wconf 80' lang='grc' dir='ltr'>ὀλίγον</span> <span class='ocrx_word' id='word_1_496' title='bbox 2472 2235 2484 2248; x_wconf 94' lang='grc'>·</span> <span class='ocrx_word' id='word_1_497' title='bbox 2533 2239 2560 2264; x_wconf 85' lang='grc'>‹‹</span> <span class='ocrx_word' id='word_1_498' title='bbox 2609 2213 2679 2268; x_wconf 88' lang='grc' dir='ltr'>Τὸ</span> <span class='ocrx_word' id='word_1_499' title='bbox 2726 2214 2828 2289; x_wconf 75' lang='grc' dir='ltr'>γὰρ</span> <span class='ocrx_word' id='word_1_500' title='bbox 2885 2211 3145 2268; x_wconf 83' lang='grc' dir='ltr'>ἀδύνατον</span> <span class='ocrx_word' id='word_1_501' title='bbox 3199 2218 3298 2268; x_wconf 90' lang='grc' dir='ltr'>τοῦ</span> <span class='ocrx_word' id='word_1_502' title='bbox 3345 2214 3536 2287; x_wconf 90' lang='grc' dir='ltr'>νόμου,</span> <span class='ocrx_word' id='word_1_503' title='bbox 3589 2213 3640 2268; x_wconf 86' lang='grc' dir='ltr'>ἐν</span> <span class='ocrx_word' id='word_1_504' title='bbox 3684 2214 3730 2286; x_wconf 82' lang='grc' dir='ltr'>ᾧ</span> 
     </span>
    </p>
   </div>
   <div class='ocr_carea' id='block_1_68' title="bbox 2086 2298 3732 2381">
    <p class='ocr_par' dir='ltr' id='par_1_68' title="bbox 2086 2298 3732 2381">
     <span class='ocr_line' id='line_1_68' title="bbox 2086 2298 3732 2381; baseline 0 -25"><span class='ocrx_word' id='word_1_505' title='bbox 2086 2303 2321 2372; x_wconf 73' lang='grc' dir='ltr'>ἠσθένει·</span> <span class='ocrx_word' id='word_1_506' title='bbox 2355 2327 2381 2354; x_wconf 87' lang='grc'>››</span> <span class='ocrx_word' id='word_1_507' title='bbox 2415 2298 2690 2378; x_wconf 76' lang='grc' dir='ltr'>Ἑϐραίοις</span> <span class='ocrx_word' id='word_1_508' title='bbox 2749 2300 2806 2358; x_wconf 74' lang='grc' dir='ltr'>δὲ</span> <span class='ocrx_word' id='word_1_509' title='bbox 2851 2299 3100 2381; x_wconf 71' lang='grc' dir='ltr'>ἔγραφεν·</span> <span class='ocrx_word' id='word_1_510' title='bbox 3138 2325 3166 2358; x_wconf 74' lang='grc' dir='ltr'>α</span> <span class='ocrx_word' id='word_1_511' title='bbox 3192 2303 3253 2360; x_wconf 88' lang='grc' dir='ltr'>Ὁ</span> <span class='ocrx_word' id='word_1_512' title='bbox 3310 2298 3481 2375; x_wconf 82' lang='grc' dir='ltr'>νόμος</span> <span class='ocrx_word' id='word_1_513' title='bbox 3539 2300 3732 2358; x_wconf 78' lang='grc' dir='ltr'>οὐδένα</span> 
     </span>
    </p>
   </div>
   <div class='ocr_carea' id='block_1_69' title="bbox 2084 2389 3728 2465">
    <p class='ocr_par' dir='ltr' id='par_1_69' title="bbox 2084 2389 3728 2465">
     <span class='ocr_line' id='line_1_69' title="bbox 2084 2389 3728 2465; baseline -0.001 -18"><span class='ocrx_word' id='word_1_514' title='bbox 2084 2392 2418 2448; x_wconf 82' lang='grc' dir='ltr'>τετελείωκε·</span> <span class='ocrx_word' id='word_1_515' title='bbox 2458 2418 2482 2442; x_wconf 83' lang='grc'><strong>››</strong></span> <span class='ocrx_word' id='word_1_516' title='bbox 2524 2395 2609 2447; x_wconf 83' lang='grc' dir='ltr'>καὶ</span> <span class='ocrx_word' id='word_1_517' title='bbox 2672 2392 2937 2456; x_wconf 77' lang='grc' dir='ltr'>Γαλάταις</span> <span class='ocrx_word' id='word_1_518' title='bbox 2987 2393 3105 2465; x_wconf 72' lang='grc' dir='ltr'>μὲν,</span> <span class='ocrx_word' id='word_1_519' title='bbox 3142 2416 3168 2444; x_wconf 95' lang='grc'>‹‹</span> <span class='ocrx_word' id='word_1_520' title='bbox 3200 2393 3288 2448; x_wconf 90' lang='grc' dir='ltr'>Ἐν</span> <span class='ocrx_word' id='word_1_521' title='bbox 3339 2391 3495 2465; x_wconf 83' lang='grc' dir='ltr'>νόμῳ</span> <span class='ocrx_word' id='word_1_522' title='bbox 3551 2389 3728 2454; x_wconf 80' lang='grc' dir='ltr'>οὐδεὶς</span> 
     </span>
    </p>
   </div>
   <div class='ocr_carea' id='block_1_70' title="bbox 2088 2479 3728 2553">
    <p class='ocr_par' dir='ltr' id='par_1_70' title="bbox 2088 2479 3728 2553">
     <span class='ocr_line' id='line_1_70' title="bbox 2088 2479 3728 2553; baseline -0.001 -18"><span class='ocrx_word' id='word_1_523' title='bbox 2088 2479 2405 2536; x_wconf 78' lang='grc' dir='ltr'>δικαιοῦται·</span> <span class='ocrx_word' id='word_1_524' title='bbox 2448 2481 2754 2553; x_wconf 77' lang='grc' dir='ltr'>»Τιμοθέῳ</span> <span class='ocrx_word' id='word_1_525' title='bbox 2787 2480 2864 2549; x_wconf 74' lang='grc' dir='ltr'>δὲ,</span> <span class='ocrx_word' id='word_1_526' title='bbox 2907 2481 2988 2536; x_wconf 79' lang='grc' dir='ltr'>ὅτι</span> <span class='ocrx_word' id='word_1_527' title='bbox 3044 2503 3066 2531; x_wconf 72' lang='grc' dir='ltr'>ε</span> <span class='ocrx_word' id='word_1_528' title='bbox 3119 2480 3293 2543; x_wconf 82' lang='grc' dir='ltr'>Καλὸς</span> <span class='ocrx_word' id='word_1_529' title='bbox 3341 2482 3369 2537; x_wconf 90' lang='lat'>6</span> <span class='ocrx_word' id='word_1_530' title='bbox 3415 2481 3606 2552; x_wconf 85' lang='grc' dir='ltr'>νόμος,</span> <span class='ocrx_word' id='word_1_531' title='bbox 3641 2479 3728 2535; x_wconf 86' lang='grc' dir='ltr'>ἐάν</span> 
     </span>
    </p>
   </div>
   <div class='ocr_carea' id='block_1_71' title="bbox 2085 2568 3735 2645">
    <p class='ocr_par' dir='ltr' id='par_1_71' title="bbox 2085 2568 3735 2645">
     <span class='ocr_line' id='line_1_71' title="bbox 2085 2568 3735 2645; baseline 0 -21"><span class='ocrx_word' id='word_1_532' title='bbox 2085 2592 2167 2631; x_wconf 91' lang='grc' dir='ltr'>τις</span> <span class='ocrx_word' id='word_1_533' title='bbox 2223 2570 2368 2641; x_wconf 87' lang='grc' dir='ltr'>αὐτῷ</span> <span class='ocrx_word' id='word_1_534' title='bbox 2419 2570 2670 2644; x_wconf 80' lang='grc' dir='ltr'>νομίμως</span> <span class='ocrx_word' id='word_1_535' title='bbox 2728 2573 2953 2645; x_wconf 83' lang='grc' dir='ltr'>χρῆται⁶</span> <span class='ocrx_word' id='word_1_536' title='bbox 2985 2596 3007 2624; x_wconf 74' lang='grc' dir='ltr'><strong><em>ι</em></strong></span> <span class='ocrx_word' id='word_1_537' title='bbox 3039 2570 3128 2624; x_wconf 85' lang='grc' dir='ltr'>καὶ</span> <span class='ocrx_word' id='word_1_538' title='bbox 3187 2569 3287 2624; x_wconf 91' lang='grc' dir='ltr'>οὐκ</span> <span class='ocrx_word' id='word_1_539' title='bbox 3344 2570 3404 2624; x_wconf 80' lang='grc' dir='ltr'>ἄν</span> <span class='ocrx_word' id='word_1_540' title='bbox 3451 2590 3532 2631; x_wconf 89' lang='grc' dir='ltr'>τις</span> <span class='ocrx_word' id='word_1_541' title='bbox 3564 2568 3735 2624; x_wconf 71' lang='grc' dir='ltr'>αἴτιά-</span> 
     </span>
    </p>
   </div>
   <div class='ocr_carea' id='block_1_72' title="bbox 2086 2657 3735 2735">
    <p class='ocr_par' dir='ltr' id='par_1_72' title="bbox 2086 2657 3735 2735">
     <span class='ocr_line' id='line_1_72' title="bbox 2086 2657 3735 2735; baseline -0.001 -22"><span class='ocrx_word' id='word_1_542' title='bbox 2086 2681 2237 2713; x_wconf 79' lang='grc' dir='ltr'>σαιτο</span> <span class='ocrx_word' id='word_1_543' title='bbox 2286 2661 2375 2714; x_wconf 88' lang='grc' dir='ltr'>τὸν</span> <span class='ocrx_word' id='word_1_544' title='bbox 2409 2661 2557 2735; x_wconf 75' lang='grc' dir='ltr'>ἅγιον</span> <span class='ocrx_word' id='word_1_545' title='bbox 2594 2663 2705 2733; x_wconf 92' lang='grc'>(11)</span> <span class='ocrx_word' id='word_1_546' title='bbox 2739 2660 2812 2722; x_wconf 87' lang='grc' dir='ltr'>ὡς</span> <span class='ocrx_word' id='word_1_547' title='bbox 2862 2659 3064 2714; x_wconf 81' lang='grc' dir='ltr'>ἐναντία</span> <span class='ocrx_word' id='word_1_548' title='bbox 3122 2658 3210 2713; x_wconf 82' lang='grc' dir='ltr'>καὶ</span> <span class='ocrx_word' id='word_1_549' title='bbox 3265 2659 3556 2734; x_wconf 83' lang='grc' dir='ltr'>μαχόμενα</span> <span class='ocrx_word' id='word_1_550' title='bbox 3604 2657 3735 2734; x_wconf 88' lang='grc' dir='ltr'>γρά-</span> 
     </span>
    </p>
   </div>
   <div class='ocr_carea' id='block_1_73' title="bbox 2088 2746 3732 2826">
    <p class='ocr_par' dir='ltr' id='par_1_73' title="bbox 2088 2746 3732 2826">
     <span class='ocr_line' id='line_1_73' title="bbox 2088 2746 3732 2826; baseline -0.001 -24"><span class='ocrx_word' id='word_1_551' title='bbox 2088 2769 2275 2826; x_wconf 86' lang='grc' dir='ltr'>φοντα,</span> <span class='ocrx_word' id='word_1_552' title='bbox 2310 2746 2454 2803; x_wconf 71' lang='grc' dir='ltr'>ἀλλὰ</span> <span class='ocrx_word' id='word_1_553' title='bbox 2483 2748 2571 2802; x_wconf 80' lang='grc' dir='ltr'>καὶ</span> <span class='ocrx_word' id='word_1_554' title='bbox 2605 2747 2817 2820; x_wconf 78' lang='grc' dir='ltr'>μᾶλλον</span> <span class='ocrx_word' id='word_1_555' title='bbox 2851 2747 3168 2820; x_wconf 82' lang='grc' dir='ltr'>θαυμάσειεν</span> <span class='ocrx_word' id='word_1_556' title='bbox 3201 2747 3550 2820; x_wconf 70' lang='grc' dir='ltr'>ἁρμοζόντως</span> <span class='ocrx_word' id='word_1_557' title='bbox 3595 2747 3732 2823; x_wconf 87' lang='grc' dir='ltr'>πρὸς</span> 
     </span>
    </p>
   </div>
   <div class='ocr_carea' id='block_1_74' title="bbox 2088 2835 3732 2910">
    <p class='ocr_par' dir='ltr' id='par_1_74' title="bbox 2088 2835 3732 2910">
     <span class='ocr_line' id='line_1_74' title="bbox 2088 2835 3732 2910; baseline -0.002 -18"><span class='ocrx_word' id='word_1_558' title='bbox 2088 2837 2341 2898; x_wconf 74' lang='grc' dir='ltr'>ἑκάστους</span> <span class='ocrx_word' id='word_1_559' title='bbox 2405 2835 2811 2904; x_wconf 72' lang='grc' dir='ltr'>ἐπιστέλλοντα,</span> <span class='ocrx_word' id='word_1_560' title='bbox 2857 2836 2946 2891; x_wconf 76' lang='grc' dir='ltr'>’ίνα</span> <span class='ocrx_word' id='word_1_561' title='bbox 2994 2838 3044 2891; x_wconf 76' lang='grc' dir='ltr'>οἱ</span> <span class='ocrx_word' id='word_1_562' title='bbox 3090 2837 3182 2910; x_wconf 73' lang='grc' dir='ltr'>μὲν</span> <span class='ocrx_word' id='word_1_563' title='bbox 3215 2837 3483 2908; x_wconf 81' lang='grc' dir='ltr'>Ῥωμαῖοι</span> <span class='ocrx_word' id='word_1_564' title='bbox 3540 2836 3626 2890; x_wconf 83' lang='grc' dir='ltr'>καὶ</span> <span class='ocrx_word' id='word_1_565' title='bbox 3679 2835 3732 2890; x_wconf 73' lang='grc' dir='ltr'>οἱ</span> 
     </span>
    </p>
   </div>
   <div class='ocr_carea' id='block_1_75' title="bbox 2088 2923 3730 3002">
    <p class='ocr_par' dir='ltr' id='par_1_75' title="bbox 2088 2923 3730 3002">
     <span class='ocr_line' id='line_1_75' title="bbox 2088 2923 3730 3002; baseline -0.001 -22"><span class='ocrx_word' id='word_1_566' title='bbox 2088 2924 2252 2980; x_wconf 78' lang='grc' dir='ltr'>ἄλλοι</span> <span class='ocrx_word' id='word_1_567' title='bbox 2314 2927 2550 2997; x_wconf 89' lang='grc' dir='ltr'>μάθωσιν</span> <span class='ocrx_word' id='word_1_568' title='bbox 2612 2925 2718 2980; x_wconf 80' lang='grc' dir='ltr'>ἀπὸ</span> <span class='ocrx_word' id='word_1_569' title='bbox 2772 2931 2868 2980; x_wconf 84' lang='grc' dir='ltr'>τοῦ</span> <span class='ocrx_word' id='word_1_570' title='bbox 2914 2926 3235 3002; x_wconf 73' lang='grc' dir='ltr'>γράμματος</span> <span class='ocrx_word' id='word_1_571' title='bbox 3286 2923 3622 3002; x_wconf 73' lang='grc' dir='ltr'>ἐπιστρέφειν</span> <span class='ocrx_word' id='word_1_572' title='bbox 3654 2923 3730 2986; x_wconf 83' lang='grc' dir='ltr'>εἷς</span> 
     </span>
    </p>
   </div>
   <div class='ocr_carea' id='block_1_76' title="bbox 2085 3009 3727 3088">
    <p class='ocr_par' dir='ltr' id='par_1_76' title="bbox 2085 3009 3727 3088">
     <span class='ocr_line' id='line_1_76' title="bbox 2085 3009 3727 3088; baseline -0.001 -20"><span class='ocrx_word' id='word_1_573' title='bbox 2085 3015 2148 3068; x_wconf 90' lang='grc' dir='ltr'>τὸ</span> <span class='ocrx_word' id='word_1_574' title='bbox 2185 3012 2419 3086; x_wconf 82' lang='grc' dir='ltr'>Πνεῦμα·</span> <span class='ocrx_word' id='word_1_575' title='bbox 2461 3015 2511 3067; x_wconf 74' lang='grc' dir='ltr'>οἱ</span> <span class='ocrx_word' id='word_1_576' title='bbox 2567 3011 2624 3068; x_wconf 72' lang='grc' dir='ltr'>δὲ</span> <span class='ocrx_word' id='word_1_577' title='bbox 2653 3009 2897 3088; x_wconf 77' lang='grc' dir='ltr'>Ἑϐραῖοι</span> <span class='ocrx_word' id='word_1_578' title='bbox 2947 3015 3036 3068; x_wconf 86' lang='grc' dir='ltr'>καὶ</span> <span class='ocrx_word' id='word_1_579' title='bbox 3085 3011 3320 3068; x_wconf 87' lang='grc' dir='ltr'>Γαλάται</span> <span class='ocrx_word' id='word_1_580' title='bbox 3371 3010 3727 3083; x_wconf 81' lang='grc' dir='ltr'>παιδευθῶσι,</span> 
     </span>
    </p>
   </div>
   <div class='ocr_carea' id='block_1_77' title="bbox 2093 3099 3731 3177">
    <p class='ocr_par' dir='ltr' id='par_1_77' title="bbox 2093 3099 3731 3177">
     <span class='ocr_line' id='line_1_77' title="bbox 2093 3099 3731 3177; baseline 0 -21"><span class='ocrx_word' id='word_1_581' title='bbox 2093 3103 2168 3174; x_wconf 86' lang='grc' dir='ltr'>μή</span> <span class='ocrx_word' id='word_1_582' title='bbox 2198 3101 2270 3163; x_wconf 71' lang='grc' dir='ltr'>εἶς</span> <span class='ocrx_word' id='word_1_583' title='bbox 2299 3103 2388 3156; x_wconf 88' lang='grc' dir='ltr'>τὸν</span> <span class='ocrx_word' id='word_1_584' title='bbox 2422 3102 2613 3174; x_wconf 90' lang='grc' dir='ltr'>νόμον,</span> <span class='ocrx_word' id='word_1_585' title='bbox 2648 3100 2773 3157; x_wconf 84' lang='grc' dir='ltr'>ἀλλ’</span> <span class='ocrx_word' id='word_1_586' title='bbox 2805 3101 2879 3164; x_wconf 84' lang='grc' dir='ltr'>εἷς</span> <span class='ocrx_word' id='word_1_587' title='bbox 2923 3103 3012 3157; x_wconf 88' lang='grc' dir='ltr'>τὸν</span> <span class='ocrx_word' id='word_1_588' title='bbox 3066 3103 3264 3177; x_wconf 78' lang='grc' dir='ltr'>Κύριον</span> <span class='ocrx_word' id='word_1_589' title='bbox 3315 3102 3404 3156; x_wconf 88' lang='grc' dir='ltr'>τὸν</span> <span class='ocrx_word' id='word_1_590' title='bbox 3457 3099 3731 3158; x_wconf 83' lang='grc' dir='ltr'>δεδωκότα</span> 
     </span>
    </p>
   </div>
   <div class='ocr_carea' id='block_1_78' title="bbox 2085 3187 3729 3269">
    <p class='ocr_par' dir='ltr' id='par_1_78' title="bbox 2085 3187 3729 3269">
     <span class='ocr_line' id='line_1_78' title="bbox 2085 3187 3729 3269; baseline -0.001 -23"><span class='ocrx_word' id='word_1_591' title='bbox 2085 3191 2177 3246; x_wconf 87' lang='grc' dir='ltr'>τὸν</span> <span class='ocrx_word' id='word_1_592' title='bbox 2223 3193 2393 3264; x_wconf 87' lang='grc' dir='ltr'>νόμον</span> <span class='ocrx_word' id='word_1_593' title='bbox 2447 3187 2592 3266; x_wconf 76' lang='grc' dir='ltr'>ἔχειν</span> <span class='ocrx_word' id='word_1_594' title='bbox 2635 3192 2732 3252; x_wconf 78' lang='grc' dir='ltr'>τὰς</span> <span class='ocrx_word' id='word_1_595' title='bbox 2781 3188 3029 3253; x_wconf 82' lang='grc' dir='ltr'>ἐλπίδας·</span> <span class='ocrx_word' id='word_1_596' title='bbox 3084 3190 3257 3253; x_wconf 74' lang='grc' dir='ltr'>οὕτως</span> <span class='ocrx_word' id='word_1_597' title='bbox 3308 3190 3353 3246; x_wconf 81' lang='grc' dir='ltr'>εἰ</span> <span class='ocrx_word' id='word_1_598' title='bbox 3404 3191 3729 3269; x_wconf 79' lang='grc' dir='ltr'>ἀμφοτέρων</span> 
     </span>
    </p>
   </div>
   <div class='ocr_carea' id='block_1_79' title="bbox 2088 3276 3732 3358">
    <p class='ocr_par' dir='ltr' id='par_1_79' title="bbox 2088 3276 3732 3358">
     <span class='ocr_line' id='line_1_79' title="bbox 2088 3276 3732 3358; baseline 0.001 -25"><span class='ocrx_word' id='word_1_599' title='bbox 2088 3285 2196 3333; x_wconf 82' lang='grc' dir='ltr'>τῶν</span> <span class='ocrx_word' id='word_1_600' title='bbox 2229 3276 2465 3334; x_wconf 88' lang='grc' dir='ltr'>συνόδων</span> <span class='ocrx_word' id='word_1_601' title='bbox 2500 3282 2551 3334; x_wconf 75' lang='grc' dir='ltr'>οἱ</span> <span class='ocrx_word' id='word_1_602' title='bbox 2582 3280 2813 3355; x_wconf 85' lang='grc' dir='ltr'>Πατέρες</span> <span class='ocrx_word' id='word_1_603' title='bbox 2864 3277 3136 3358; x_wconf 82' lang='grc' dir='ltr'>διαφόρως</span> <span class='ocrx_word' id='word_1_604' title='bbox 3167 3279 3574 3352; x_wconf 85' lang='grc' dir='ltr'>ἐμνημόνευσαν</span> <span class='ocrx_word' id='word_1_605' title='bbox 3609 3281 3732 3353; x_wconf 73' lang='grc' dir='ltr'>περὶ</span> 
     </span>
    </p>
   </div>
   <div class='ocr_carea' id='block_1_80' title="bbox 2089 3365 3734 3448">
    <p class='ocr_par' dir='ltr' id='par_1_80' title="bbox 2089 3365 3734 3448">
     <span class='ocr_line' id='line_1_80' title="bbox 2089 3365 3734 3448; baseline 0.001 -27"><span class='ocrx_word' id='word_1_606' title='bbox 2089 3373 2186 3423; x_wconf 91' lang='grc' dir='ltr'>τοῦ</span> <span class='ocrx_word' id='word_1_607' title='bbox 2212 3369 2532 3440; x_wconf 87' lang='grc' dir='ltr'>ὁμοουσίου,</span> <span class='ocrx_word' id='word_1_608' title='bbox 2565 3369 2630 3424; x_wconf 90' lang='grc' dir='ltr'>οὐ</span> <span class='ocrx_word' id='word_1_609' title='bbox 2661 3370 2774 3444; x_wconf 80' lang='grc' dir='ltr'>χρὴ</span> <span class='ocrx_word' id='word_1_610' title='bbox 2805 3370 3019 3431; x_wconf 86' lang='grc' dir='ltr'>πάντως</span> <span class='ocrx_word' id='word_1_611' title='bbox 3048 3371 3195 3442; x_wconf 81' lang='grc' dir='ltr'>ἡμᾶς</span> <span class='ocrx_word' id='word_1_612' title='bbox 3227 3365 3570 3448; x_wconf 79' lang='grc' dir='ltr'>διαφέρεσθαι</span> <span class='ocrx_word' id='word_1_613' title='bbox 3597 3368 3734 3444; x_wconf 84' lang='grc' dir='ltr'>πρὸς</span> 
     </span>
    </p>
   </div>
   <div class='ocr_carea' id='block_1_81' title="bbox 2091 3455 3732 3531">
    <p class='ocr_par' dir='ltr' id='par_1_81' title="bbox 2091 3455 3732 3531">
     <span class='ocr_line' id='line_1_81' title="bbox 2091 3455 3732 3531; baseline 0 -19"><span class='ocrx_word' id='word_1_614' title='bbox 2091 3456 2308 3527; x_wconf 81' lang='grc' dir='ltr'>αὐτοὺς,</span> <span class='ocrx_word' id='word_1_615' title='bbox 2341 3456 2486 3513; x_wconf 79' lang='grc' dir='ltr'>ἀλλὰ</span> <span class='ocrx_word' id='word_1_616' title='bbox 2525 3458 2623 3527; x_wconf 76' lang='grc' dir='ltr'>τὴν</span> <span class='ocrx_word' id='word_1_617' title='bbox 2675 3455 2914 3513; x_wconf 84' lang='grc' dir='ltr'>διάνοιαν</span> <span class='ocrx_word' id='word_1_618' title='bbox 2965 3462 3138 3512; x_wconf 83' lang='grc' dir='ltr'>αὐτῶν</span> <span class='ocrx_word' id='word_1_619' title='bbox 3191 3456 3426 3531; x_wconf 81' lang='grc' dir='ltr'>ἐρευνᾷν,</span> <span class='ocrx_word' id='word_1_620' title='bbox 3459 3457 3547 3512; x_wconf 84' lang='grc' dir='ltr'>καὶ</span> <span class='ocrx_word' id='word_1_621' title='bbox 3598 3458 3732 3512; x_wconf 82' lang='grc' dir='ltr'>πάν-</span> 
     </span>
    </p>
   </div>
   <div class='ocr_carea' id='block_1_82' title="bbox 2088 3544 3730 3624">
    <p class='ocr_par' dir='ltr' id='par_1_82' title="bbox 2088 3544 3730 3624">
     <span class='ocr_line' id='line_1_82' title="bbox 2088 3544 3730 3624; baseline 0.002 -24"><span class='ocrx_word' id='word_1_622' title='bbox 2088 3567 2197 3608; x_wconf 87' lang='grc' dir='ltr'>τως</span> <span class='ocrx_word' id='word_1_623' title='bbox 2232 3547 2536 3619; x_wconf 73' lang='grc' dir='ltr'>εὑρήσομεν</span> <span class='ocrx_word' id='word_1_624' title='bbox 2569 3546 2888 3624; x_wconf 83' lang='grc' dir='ltr'>ἀμφοτέρων</span> <span class='ocrx_word' id='word_1_625' title='bbox 2918 3552 3026 3602; x_wconf 81' lang='grc' dir='ltr'>τῶν</span> <span class='ocrx_word' id='word_1_626' title='bbox 3061 3544 3298 3602; x_wconf 84' lang='grc' dir='ltr'>συνόδων</span> <span class='ocrx_word' id='word_1_627' title='bbox 3329 3548 3429 3616; x_wconf 78' lang='grc' dir='ltr'>τὴν</span> <span class='ocrx_word' id='word_1_628' title='bbox 3451 3547 3730 3619; x_wconf 87' lang='grc' dir='ltr'>ὁμόνοιαν.</span> 
     </span>
    </p>
   </div>
   <div class='ocr_carea' id='block_1_83' title="bbox 2089 3633 3736 3710">
    <p class='ocr_par' dir='ltr' id='par_1_83' title="bbox 2089 3633 3736 3710">
     <span class='ocr_line' id='line_1_83' title="bbox 2089 3633 3736 3710; baseline -0.002 -18"><span class='ocrx_word' id='word_1_629' title='bbox 2089 3635 2156 3692; x_wconf 74' lang='grc' dir='ltr'>Οἱ</span> <span class='ocrx_word' id='word_1_630' title='bbox 2211 3635 2305 3706; x_wconf 74' lang='grc' dir='ltr'>μὲν</span> <span class='ocrx_word' id='word_1_631' title='bbox 2349 3635 2448 3710; x_wconf 81' lang='grc' dir='ltr'>γὰρ</span> <span class='ocrx_word' id='word_1_632' title='bbox 2496 3635 2588 3690; x_wconf 89' lang='grc' dir='ltr'>τὸν</span> <span class='ocrx_word' id='word_1_633' title='bbox 2625 3637 2944 3709; x_wconf 87' lang='grc' dir='ltr'>Σαμοσατέα</span> <span class='ocrx_word' id='word_1_634' title='bbox 2972 3633 3289 3698; x_wconf 89' lang='grc' dir='ltr'>καθελόντες</span> <span class='ocrx_word' id='word_1_635' title='bbox 3325 3638 3461 3710; x_wconf 84' lang='grc'>(12),</span> <span class='ocrx_word' id='word_1_636' title='bbox 3492 3655 3736 3709; x_wconf 83' lang='grc' dir='ltr'>σωματι-</span> 
     </span>
    </p>
   </div>
   <div class='ocr_carea' id='block_1_84' title="bbox 2090 3718 3734 3799">
    <p class='ocr_par' dir='ltr' id='par_1_84' title="bbox 2090 3718 3734 3799">
     <span class='ocr_line' id='line_1_84' title="bbox 2090 3718 3734 3799; baseline 0 -21"><span class='ocrx_word' id='word_1_637' title='bbox 2090 3729 2198 3785; x_wconf 82' lang='grc' dir='ltr'>κῶς</span> <span class='ocrx_word' id='word_1_638' title='bbox 2231 3718 2660 3796; x_wconf 75' lang='grc' dir='ltr'>ἐκλαμϐάνοντες</span> <span class='ocrx_word' id='word_1_639' title='bbox 2700 3724 2763 3778; x_wconf 82' lang='grc' dir='ltr'>τὸ</span> <span class='ocrx_word' id='word_1_640' title='bbox 2815 3724 3124 3797; x_wconf 88' lang='grc' dir='ltr'>ὁμοούσιον,</span> <span class='ocrx_word' id='word_1_641' title='bbox 3156 3728 3252 3779; x_wconf 91' lang='grc' dir='ltr'>τοῦ</span> <span class='ocrx_word' id='word_1_642' title='bbox 3303 3723 3522 3778; x_wconf 82' lang='grc' dir='ltr'>Παύλου</span> <span class='ocrx_word' id='word_1_643' title='bbox 3581 3723 3734 3799; x_wconf 75' lang='grc' dir='ltr'>σοφί-</span> 
     </span>
    </p>
   </div>
   <div class='ocr_carea' id='block_1_85' title="bbox 2094 3811 3733 3888">
    <p class='ocr_par' dir='ltr' id='par_1_85' title="bbox 2094 3811 3733 3888">
     <span class='ocr_line' id='line_1_85' title="bbox 2094 3811 3733 3888; baseline 0.001 -23"><span class='ocrx_word' id='word_1_644' title='bbox 2094 3812 2272 3881; x_wconf 80' lang='grc' dir='ltr'>ζεσθαί</span> <span class='ocrx_word' id='word_1_645' title='bbox 2297 3833 2355 3866; x_wconf 91' lang='grc' dir='ltr'>τε</span> <span class='ocrx_word' id='word_1_646' title='bbox 2386 3813 2636 3876; x_wconf 88' lang='grc' dir='ltr'>θέλοντος</span> <span class='ocrx_word' id='word_1_647' title='bbox 2664 3812 2752 3867; x_wconf 81' lang='grc' dir='ltr'>καὶ</span> <span class='ocrx_word' id='word_1_648' title='bbox 2786 3812 3058 3888; x_wconf 86' lang='grc' dir='ltr'>λέγοντος,</span> <span class='ocrx_word' id='word_1_649' title='bbox 3091 3813 3152 3867; x_wconf 79' lang='grc' dir='ltr'>Εἰ</span> <span class='ocrx_word' id='word_1_650' title='bbox 3205 3815 3281 3886; x_wconf 81' lang='grc' dir='ltr'>μή</span> <span class='ocrx_word' id='word_1_651' title='bbox 3335 3812 3385 3882; x_wconf 82' lang='grc' dir='ltr'>ἐξ</span> <span class='ocrx_word' id='word_1_652' title='bbox 3443 3811 3733 3888; x_wconf 84' lang='grc' dir='ltr'>ἀνθρώπου</span> 
     </span>
    </p>
   </div>
   <div class='ocr_carea' id='block_1_86' title="bbox 2090 3900 3733 3976">
    <p class='ocr_par' dir='ltr' id='par_1_86' title="bbox 2090 3900 3733 3976">
     <span class='ocr_line' id='line_1_86' title="bbox 2090 3900 3733 3976; baseline 0 -21"><span class='ocrx_word' id='word_1_653' title='bbox 2090 3901 2309 3976; x_wconf 83' lang='grc' dir='ltr'>γέγονεν</span> <span class='ocrx_word' id='word_1_654' title='bbox 2360 3901 2388 3954; x_wconf 96' lang='lat'>6</span> <span class='ocrx_word' id='word_1_655' title='bbox 2436 3903 2668 3971; x_wconf 89' lang='grc' dir='ltr'>Χριστὸς</span> <span class='ocrx_word' id='word_1_656' title='bbox 2713 3903 2864 3971; x_wconf 86' lang='grc' dir='ltr'>Θεὸς,</span> <span class='ocrx_word' id='word_1_657' title='bbox 2899 3901 3090 3957; x_wconf 89' lang='grc' dir='ltr'>οὐκοῦν</span> <span class='ocrx_word' id='word_1_658' title='bbox 3143 3900 3434 3976; x_wconf 84' lang='grc' dir='ltr'>ὁμοούσιός</span> <span class='ocrx_word' id='word_1_659' title='bbox 3491 3901 3600 3956; x_wconf 83' lang='grc' dir='ltr'>ἐστι</span> <span class='ocrx_word' id='word_1_660' title='bbox 3654 3905 3733 3972; x_wconf 76' lang='grc' dir='ltr'>τῷ</span> 
     </span>
    </p>
   </div>
   <div class='ocr_carea' id='block_1_87' title="bbox 2091 3991 3727 4067">
    <p class='ocr_par' dir='ltr' id='par_1_87' title="bbox 2091 3991 3727 4067">
     <span class='ocr_line' id='line_1_87' title="bbox 2091 3991 3727 4067; baseline 0.001 -24"><span class='ocrx_word' id='word_1_661' title='bbox 2091 3991 2281 4064; x_wconf 79' lang='grc' dir='ltr'>ῐΙατρὶ,</span> <span class='ocrx_word' id='word_1_662' title='bbox 2339 3991 2426 4044; x_wconf 81' lang='grc' dir='ltr'>καὶ</span> <span class='ocrx_word' id='word_1_663' title='bbox 2491 3991 2693 4066; x_wconf 85' lang='grc' dir='ltr'>ἀνάγκη</span> <span class='ocrx_word' id='word_1_664' title='bbox 2770 3997 2916 4067; x_wconf 90' lang='grc' dir='ltr'>τρεῖς</span> <span class='ocrx_word' id='word_1_665' title='bbox 2991 3991 3176 4056; x_wconf 81' lang='grc' dir='ltr'>οὐσίας</span> <span class='ocrx_word' id='word_1_666' title='bbox 3241 3992 3392 4061; x_wconf 77' lang='grc' dir='ltr'>εἶναι,</span> <span class='ocrx_word' id='word_1_667' title='bbox 3446 3991 3568 4063; x_wconf 88' lang='grc' dir='ltr'>μίαν</span> <span class='ocrx_word' id='word_1_668' title='bbox 3633 3991 3727 4063; x_wconf 80' lang='grc' dir='ltr'>μὶν</span> 
     </span>
    </p>
   </div>
   <div class='ocr_carea' id='block_1_88' title="bbox 2089 4077 3733 4155">
    <p class='ocr_par' dir='ltr' id='par_1_88' title="bbox 2089 4077 3733 4155">
     <span class='ocr_line' id='line_1_88' title="bbox 2089 4077 3733 4155; baseline 0.001 -23"><span class='ocrx_word' id='word_1_669' title='bbox 2089 4079 2647 4155; x_wconf 80' lang='grc' dir='ltr'>προηγουμένην,τὰς</span> <span class='ocrx_word' id='word_1_670' title='bbox 2679 4077 2735 4134; x_wconf 73' lang='grc' dir='ltr'>δὲ</span> <span class='ocrx_word' id='word_1_671' title='bbox 2769 4077 2865 4134; x_wconf 90' lang='grc' dir='ltr'>δύο</span> <span class='ocrx_word' id='word_1_672' title='bbox 2897 4079 2945 4153; x_wconf 80' lang='grc' dir='ltr'>ἐξ</span> <span class='ocrx_word' id='word_1_673' title='bbox 2981 4077 3319 4151; x_wconf 79' lang='grc' dir='ltr'>ἐκείνης·διὰ</span> <span class='ocrx_word' id='word_1_674' title='bbox 3345 4081 3492 4135; x_wconf 89' lang='grc' dir='ltr'>τοῦτ’</span> <span class='ocrx_word' id='word_1_675' title='bbox 3510 4079 3733 4141; x_wconf 76' lang='grc' dir='ltr'>εἰκότως</span> 
     </span>
    </p>
   </div>
   <div class='ocr_carea' id='block_1_89' title="bbox 2091 4163 3735 4247">
    <p class='ocr_par' dir='ltr' id='par_1_89' title="bbox 2091 4163 3735 4247">
     <span class='ocr_line' id='line_1_89' title="bbox 2091 4163 3735 4247; baseline 0 -24"><span class='ocrx_word' id='word_1_676' title='bbox 2091 4163 2478 4236; x_wconf 78' lang='grc' dir='ltr'>εὐλαϐηθέντες</span> <span class='ocrx_word' id='word_1_677' title='bbox 2508 4169 2568 4223; x_wconf 84' lang='grc' dir='ltr'>τὸ</span> <span class='ocrx_word' id='word_1_678' title='bbox 2605 4173 2852 4224; x_wconf 90' lang='grc' dir='ltr'>τοιοῦτον</span> <span class='ocrx_word' id='word_1_679' title='bbox 2907 4169 3147 4247; x_wconf 79' lang='grc' dir='ltr'>σόφισμα</span> <span class='ocrx_word' id='word_1_680' title='bbox 3192 4173 3290 4226; x_wconf 86' lang='grc' dir='ltr'>τοῦ</span> <span class='ocrx_word' id='word_1_681' title='bbox 3348 4169 3735 4243; x_wconf 87' lang='grc' dir='ltr'>Σαμοσατέως,</span> 
     </span>
    </p>
   </div>
   <div class='ocr_carea' id='block_1_90' title="bbox 2093 4253 3730 4335">
    <p class='ocr_par' dir='ltr' id='par_1_90' title="bbox 2093 4253 3730 4335">
     <span class='ocr_line' id='line_1_90' title="bbox 2093 4253 3730 4335; baseline 0 -23"><span class='ocrx_word' id='word_1_682' title='bbox 2093 4257 2338 4332; x_wconf 67' lang='grc' dir='ltr'>εἶ’ρήκασι</span> <span class='ocrx_word' id='word_1_683' title='bbox 2391 4259 2466 4330; x_wconf 77' lang='grc' dir='ltr'>μή</span> <span class='ocrx_word' id='word_1_684' title='bbox 2519 4260 2650 4313; x_wconf 78' lang='grc' dir='ltr'>εἶναι</span> <span class='ocrx_word' id='word_1_685' title='bbox 2689 4260 2781 4314; x_wconf 86' lang='grc' dir='ltr'>τὸν</span> <span class='ocrx_word' id='word_1_686' title='bbox 2831 4261 3060 4335; x_wconf 81' lang='grc' dir='ltr'>Χριστὸν</span> <span class='ocrx_word' id='word_1_687' title='bbox 3113 4259 3436 4332; x_wconf 87' lang='grc' dir='ltr'>ὁμοούσιον·</span> <span class='ocrx_word' id='word_1_688' title='bbox 3471 4259 3574 4313; x_wconf 89' lang='grc' dir='ltr'>οὐκ</span> <span class='ocrx_word' id='word_1_689' title='bbox 3621 4253 3730 4312; x_wconf 79' lang='grc' dir='ltr'>ἔστι</span> 
     </span>
    </p>
   </div>
   <div class='ocr_carea' id='block_1_91' title="bbox 2091 4345 3743 4424">
    <p class='ocr_par' dir='ltr' id='par_1_91' title="bbox 2091 4345 3743 4424">
     <span class='ocr_line' id='line_1_91' title="bbox 2091 4345 3743 4424; baseline 0.002 -25"><span class='ocrx_word' id='word_1_690' title='bbox 2091 4347 2195 4421; x_wconf 78' lang='grc' dir='ltr'>γὰρ</span> <span class='ocrx_word' id='word_1_691' title='bbox 2253 4345 2428 4409; x_wconf 72' lang='grc' dir='ltr'>οὕτως</span> <span class='ocrx_word' id='word_1_692' title='bbox 2488 4348 2517 4402; x_wconf 89' lang='lat'>6</span> <span class='ocrx_word' id='word_1_693' title='bbox 2576 4348 2700 4410; x_wconf 78' lang='grc' dir='ltr'>Υἱὸς</span> <span class='ocrx_word' id='word_1_694' title='bbox 2766 4349 2902 4424; x_wconf 89' lang='grc' dir='ltr'>πρὸς</span> <span class='ocrx_word' id='word_1_695' title='bbox 2964 4347 3055 4402; x_wconf 81' lang='grc' dir='ltr'>τὸν</span> <span class='ocrx_word' id='word_1_696' title='bbox 3112 4346 3342 4422; x_wconf 78' lang='grc' dir='ltr'>Πατέρα,</span> <span class='ocrx_word' id='word_1_697' title='bbox 3403 4349 3477 4410; x_wconf 83' lang='grc' dir='ltr'>ὡς</span> <span class='ocrx_word' id='word_1_698' title='bbox 3536 4347 3743 4408; x_wconf 80' lang='grc' dir='ltr'>ἐκεῖνος</span> 
     </span>
    </p>
   </div>
   <div class='ocr_carea' id='block_1_92' title="bbox 2093 4433 3738 4514">
    <p class='ocr_par' dir='ltr' id='par_1_92' title="bbox 2093 4433 3738 4514">
     <span class='ocr_line' id='line_1_92' title="bbox 2093 4433 3738 4514; baseline 0 -24"><span class='ocrx_word' id='word_1_699' title='bbox 2093 4433 2264 4490; x_wconf 85' lang='grc' dir='ltr'>ἐνόει·</span> <span class='ocrx_word' id='word_1_700' title='bbox 2299 4436 2350 4489; x_wconf 76' lang='grc' dir='ltr'>οἱ</span> <span class='ocrx_word' id='word_1_701' title='bbox 2396 4433 2452 4490; x_wconf 79' lang='grc' dir='ltr'>δὲ</span> <span class='ocrx_word' id='word_1_702' title='bbox 2493 4439 2594 4506; x_wconf 76' lang='grc' dir='ltr'>τήν</span> <span class='ocrx_word' id='word_1_703' title='bbox 2643 4438 2927 4513; x_wconf 81' lang='grc' dir='ltr'>Ἀρειανήν</span> <span class='ocrx_word' id='word_1_704' title='bbox 2973 4436 3174 4514; x_wconf 68' lang='grc' dir='ltr'>α⁹ίρεσιν</span> <span class='ocrx_word' id='word_1_705' title='bbox 3229 4435 3738 4510; x_wconf 80' lang='grc' dir='ltr'>ἀναθεματίσαντες,</span> 
     </span>
    </p>
   </div>
   <div class='ocr_carea' id='block_1_93' title="bbox 2095 4524 3744 4602">
    <p class='ocr_par' dir='ltr' id='par_1_93' title="bbox 2095 4524 3744 4602">
     <span class='ocr_line' id='line_1_93' title="bbox 2095 4524 3744 4602; baseline 0.001 -24"><span class='ocrx_word' id='word_1_706' title='bbox 2095 4526 2463 4600; x_wconf 76' lang='grc' dir='ltr'>θεωρήσαντες</span> <span class='ocrx_word' id='word_1_707' title='bbox 2511 4527 2611 4595; x_wconf 85' lang='grc' dir='ltr'>τήν</span> <span class='ocrx_word' id='word_1_708' title='bbox 2665 4526 2993 4602; x_wconf 87' lang='grc' dir='ltr'>πανουργίαν</span> <span class='ocrx_word' id='word_1_709' title='bbox 3055 4530 3152 4580; x_wconf 90' lang='grc' dir='ltr'>τοῦ</span> <span class='ocrx_word' id='word_1_710' title='bbox 3206 4524 3450 4594; x_wconf 87' lang='grc' dir='ltr'>Παύλου,</span> <span class='ocrx_word' id='word_1_711' title='bbox 3499 4525 3589 4580; x_wconf 84' lang='grc' dir='ltr'>καὶ</span> <span class='ocrx_word' id='word_1_712' title='bbox 3642 4524 3744 4580; x_wconf 81' lang='grc' dir='ltr'>λο-</span> 
     </span>
    </p>
   </div>
   <div class='ocr_carea' id='block_1_94' title="bbox 2094 4612 3742 4688">
    <p class='ocr_par' dir='ltr' id='par_1_94' title="bbox 2094 4612 3742 4688">
     <span class='ocr_line' id='line_1_94' title="bbox 2094 4612 3742 4688; baseline 0.001 -21"><span class='ocrx_word' id='word_1_713' title='bbox 2094 4615 2380 4688; x_wconf 84' lang='grc' dir='ltr'>γισάμενοι</span> <span class='ocrx_word' id='word_1_714' title='bbox 2419 4615 2494 4688; x_wconf 80' lang='grc' dir='ltr'>μή</span> <span class='ocrx_word' id='word_1_715' title='bbox 2528 4615 2700 4679; x_wconf 73' lang='grc' dir='ltr'>οὕτως</span> <span class='ocrx_word' id='word_1_716' title='bbox 2737 4616 2824 4670; x_wconf 85' lang='grc' dir='ltr'>καὶ</span> <span class='ocrx_word' id='word_1_717' title='bbox 2859 4614 2946 4671; x_wconf 83' lang='grc' dir='ltr'>ἐπὶ</span> <span class='ocrx_word' id='word_1_718' title='bbox 2978 4619 3084 4670; x_wconf 81' lang='grc' dir='ltr'>τῶν</span> <span class='ocrx_word' id='word_1_719' title='bbox 3133 4615 3458 4687; x_wconf 82' lang='grc' dir='ltr'>ἀσωμάτων,</span> <span class='ocrx_word' id='word_1_720' title='bbox 3490 4614 3582 4669; x_wconf 84' lang='grc' dir='ltr'>καὶ</span> <span class='ocrx_word' id='word_1_721' title='bbox 3633 4612 3742 4687; x_wconf 79' lang='grc' dir='ltr'>μά-</span> 
     </span>
    </p>
   </div>
   <div class='ocr_carea' id='block_1_95' title="bbox 333 4697 1978 4782">
    <p class='ocr_par' dir='ltr' id='par_1_95' title="bbox 333 4697 1978 4782">
     <span class='ocr_line' id='line_1_95' title="bbox 333 4697 1978 4782; baseline -0.01 -14"><span class='ocrx_word' id='word_1_722' title='bbox 333 4719 537 4782; x_wconf 84' lang='lat' dir='ltr'>tesque</span> <span class='ocrx_word' id='word_1_723' title='bbox 570 4707 818 4762; x_wconf 88' lang='lat' dir='ltr'>Verbum</span> <span class='ocrx_word' id='word_1_724' title='bbox 855 4720 970 4758; x_wconf 92' lang='lat' dir='ltr'><strong>non</strong></span> <span class='ocrx_word' id='word_1_725' title='bbox 1005 4706 1353 4767; x_wconf 90' lang='lat' dir='ltr'>creaturam,</span> <span class='ocrx_word' id='word_1_726' title='bbox 1380 4699 1475 4754; x_wconf 90' lang='lat' dir='ltr'><strong>sed</strong></span> <span class='ocrx_word' id='word_1_727' title='bbox 1497 4699 1718 4771; x_wconf 90' lang='lat' dir='ltr'>prolem</span> <span class='ocrx_word' id='word_1_728' title='bbox 1749 4715 1818 4753; x_wconf 92' lang='lat' dir='ltr'>ex</span> <span class='ocrx_word' id='word_1_729' title='bbox 1847 4697 1978 4752; x_wconf 90' lang='lat' dir='ltr'>sub-</span> 
     </span>
    </p>
   </div>
   <div class='ocr_carea' id='block_1_96' title="bbox 2092 4697 3743 4782">
    <p class='ocr_par' dir='ltr' id='par_1_96' title="bbox 2098 4702 3743 4779">
     <span class='ocr_line' id='line_1_96' title="bbox 2098 4702 3743 4779; baseline -0.001 -20"><span class='ocrx_word' id='word_1_730' title='bbox 2098 4702 2255 4759; x_wconf 91' lang='grc' dir='ltr'>λιστα</span> <span class='ocrx_word' id='word_1_731' title='bbox 2285 4702 2373 4758; x_wconf 85' lang='grc' dir='ltr'>ἐπὶ</span> <span class='ocrx_word' id='word_1_732' title='bbox 2417 4709 2550 4759; x_wconf 89' lang='grc' dir='ltr'>Θεοῦ</span> <span class='ocrx_word' id='word_1_733' title='bbox 2596 4705 2660 4760; x_wconf 88' lang='grc' dir='ltr'>τὸ</span> <span class='ocrx_word' id='word_1_734' title='bbox 2707 4703 2998 4777; x_wconf 89' lang='grc' dir='ltr'>ὁμοούσιον</span> <span class='ocrx_word' id='word_1_735' title='bbox 3045 4704 3418 4778; x_wconf 81' lang='grc' dir='ltr'>σημαίνεσθαι,</span> <span class='ocrx_word' id='word_1_736' title='bbox 3445 4705 3743 4779; x_wconf 85' lang='grc' dir='ltr'>γινώσκον-</span> 
     </span>
    </p>
   </div>
   <div class='ocr_carea' id='block_1_97' title="bbox 335 4786 1988 4866">
    <p class='ocr_par' dir='ltr' id='par_1_97' title="bbox 335 4786 1988 4866">
     <span class='ocr_line' id='line_1_97' title="bbox 335 4786 1988 4866; baseline -0.011 -8"><span class='ocrx_word' id='word_1_737' title='bbox 335 4805 551 4858; x_wconf 87' lang='lat' dir='ltr'>stantia</span> <span class='ocrx_word' id='word_1_738' title='bbox 592 4811 721 4853; x_wconf 89' lang='lat' dir='ltr'>esse</span> <span class='ocrx_word' id='word_1_739' title='bbox 745 4812 757 4861; x_wconf 89' lang='lat'><strong>;</strong></span> <span class='ocrx_word' id='word_1_740' title='bbox 782 4795 922 4848; x_wconf 89' lang='lat' dir='ltr'>item</span> <span class='ocrx_word' id='word_1_741' title='bbox 950 4791 1134 4866; x_wconf 72' lang='lat' dir='ltr'>Patris</span> <span class='ocrx_word' id='word_1_742' title='bbox 1163 4789 1580 4853; x_wconf 88' lang='lat' dir='ltr'>substantiam,</span> <span class='ocrx_word' id='word_1_743' title='bbox 1613 4787 1738 4842; x_wconf 87' lang='lat' dir='ltr'>Filii</span> <span class='ocrx_word' id='word_1_744' title='bbox 1769 4786 1988 4858; x_wconf 82' lang='lat' dir='ltr'>princi-</span> 
     </span>
    </p>
   </div>
   <div class='ocr_carea' id='block_1_98' title="bbox 2096 4791 3744 4867">
    <p class='ocr_par' dir='ltr' id='par_1_98' title="bbox 2096 4791 3744 4867">
     <span class='ocr_line' id='line_1_98' title="bbox 2096 4791 3744 4867; baseline 0.001 -23"><span class='ocrx_word' id='word_1_745' title='bbox 2096 4791 2183 4852; x_wconf 85' lang='grc' dir='ltr'>τές</span> <span class='ocrx_word' id='word_1_746' title='bbox 2212 4811 2272 4845; x_wconf 91' lang='grc' dir='ltr'>τε</span> <span class='ocrx_word' id='word_1_747' title='bbox 2305 4793 2381 4863; x_wconf 79' lang='grc' dir='ltr'>μὴ</span> <span class='ocrx_word' id='word_1_748' title='bbox 2412 4792 2633 4865; x_wconf 87' lang='grc' dir='ltr'>κτίσμα,</span> <span class='ocrx_word' id='word_1_749' title='bbox 2667 4792 2794 4849; x_wconf 82' lang='grc' dir='ltr'>ἀλλ’</span> <span class='ocrx_word' id='word_1_750' title='bbox 2823 4792 2883 4848; x_wconf 86' lang='grc' dir='ltr'>ἐκ</span> <span class='ocrx_word' id='word_1_751' title='bbox 2926 4801 3026 4863; x_wconf 82' lang='grc' dir='ltr'>τῆς</span> <span class='ocrx_word' id='word_1_752' title='bbox 3077 4793 3262 4855; x_wconf 88' lang='grc' dir='ltr'>οὐσίας</span> <span class='ocrx_word' id='word_1_753' title='bbox 3307 4793 3554 4867; x_wconf 86' lang='grc' dir='ltr'>γέννημα</span> <span class='ocrx_word' id='word_1_754' title='bbox 3611 4791 3744 4846; x_wconf 71' lang='grc' dir='ltr'>εἶναι</span> 
     </span>
    </p>
   </div>
   <div class='ocr_carea' id='block_1_99' title="bbox 335 4877 1978 4964">
    <p class='ocr_par' dir='ltr' id='par_1_99' title="bbox 335 4877 1978 4964">
     <span class='ocr_line' id='line_1_99' title="bbox 335 4877 1978 4964; baseline -0.009 -19"><span class='ocrx_word' id='word_1_755' title='bbox 335 4892 522 4964; x_wconf 90' lang='lat' dir='ltr'>pium,</span> <span class='ocrx_word' id='word_1_756' title='bbox 555 4886 808 4943; x_wconf 87' lang='lat' dir='ltr'>radicem</span> <span class='ocrx_word' id='word_1_757' title='bbox 842 4889 899 4937; x_wconf 91' lang='lat' dir='ltr'>et</span> <span class='ocrx_word' id='word_1_758' title='bbox 946 4882 1164 4935; x_wconf 91' lang='lat' dir='ltr'>fontem</span> <span class='ocrx_word' id='word_1_759' title='bbox 1211 4895 1362 4943; x_wconf 91' lang='lat' dir='ltr'>esse,</span> <span class='ocrx_word' id='word_1_760' title='bbox 1395 4893 1462 4932; x_wconf 89' lang='lat' dir='ltr'>ac</span> <span class='ocrx_word' id='word_1_761' title='bbox 1509 4877 1782 4931; x_wconf 89' lang='lat' dir='ltr'>eumdem</span> <span class='ocrx_word' id='word_1_762' title='bbox 1829 4891 1897 4930; x_wconf 89' lang='lat' dir='ltr'><strong>ex</strong></span> <span class='ocrx_word' id='word_1_763' title='bbox 1927 4891 1978 4931; x_wconf 80' lang='lat' dir='ltr'><strong>se</strong></span> 
     </span>
    </p>
   </div>
   <div class='ocr_carea' id='block_1_100' title="bbox 2092 4877 3742 4964">
    <p class='ocr_par' dir='ltr' id='par_1_100' title="bbox 2095 4879 3742 4958">
     <span class='ocr_line' id='line_1_100' title="bbox 2095 4879 3742 4958; baseline 0.001 -26"><span class='ocrx_word' id='word_1_764' title='bbox 2095 4879 2186 4933; x_wconf 86' lang='grc' dir='ltr'>τὸν</span> <span class='ocrx_word' id='word_1_765' title='bbox 2239 4879 2434 4956; x_wconf 89' lang='grc' dir='ltr'>Λόγον,</span> <span class='ocrx_word' id='word_1_766' title='bbox 2473 4881 2561 4935; x_wconf 86' lang='grc' dir='ltr'>καὶ</span> <span class='ocrx_word' id='word_1_767' title='bbox 2614 4891 2714 4951; x_wconf 74' lang='grc' dir='ltr'>τήν</span> <span class='ocrx_word' id='word_1_768' title='bbox 2763 4881 2946 4937; x_wconf 86' lang='grc' dir='ltr'>οὐσίαν</span> <span class='ocrx_word' id='word_1_769' title='bbox 2994 4886 3090 4937; x_wconf 89' lang='grc' dir='ltr'>τοῦ</span> <span class='ocrx_word' id='word_1_770' title='bbox 3141 4883 3354 4958; x_wconf 80' lang='grc' dir='ltr'>Πατρὸς</span> <span class='ocrx_word' id='word_1_771' title='bbox 3399 4881 3603 4957; x_wconf 71' lang='grc' dir='ltr'>ἀρχὴν,</span> <span class='ocrx_word' id='word_1_772' title='bbox 3652 4880 3742 4934; x_wconf 84' lang='grc' dir='ltr'>καὶ</span> 
     </span>
    </p>
   </div>
   <div class='ocr_carea' id='block_1_101' title="bbox 334 4965 1987 5045">
    <p class='ocr_par' dir='ltr' id='par_1_101' title="bbox 334 4965 1987 5045">
     <span class='ocr_line' id='line_1_101' title="bbox 334 4965 1987 5045; baseline -0.011 -7"><span class='ocrx_word' id='word_1_773' title='bbox 334 4997 530 5037; x_wconf 88' lang='lat' dir='ltr'>veram</span> <span class='ocrx_word' id='word_1_774' title='bbox 562 4994 692 5034; x_wconf 88' lang='lat' dir='ltr'><strong>esse</strong></span> <span class='ocrx_word' id='word_1_775' title='bbox 717 4971 991 5045; x_wconf 85' lang='lat' dir='ltr'>genitoris</span> <span class='ocrx_word' id='word_1_776' title='bbox 1026 4969 1495 5036; x_wconf 87' lang='lat' dir='ltr'>similitudinem,</span> <span class='ocrx_word' id='word_1_777' title='bbox 1517 4983 1621 5020; x_wconf 90' lang='lat' dir='ltr'>nec</span> <span class='ocrx_word' id='word_1_778' title='bbox 1651 4983 1784 5021; x_wconf 92' lang='lat' dir='ltr'><strong>eum</strong></span> <span class='ocrx_word' id='word_1_779' title='bbox 1819 4965 1987 5038; x_wconf 91' lang='lat' dir='ltr'>quasi</span> 
     </span>
    </p>
   </div>
   <div class='ocr_carea' id='block_1_102' title="bbox 335 5061 1986 5130">
    <p class='ocr_par' dir='ltr' id='par_1_102' title="bbox 335 5061 1986 5130">
     <span class='ocr_line' id='line_1_102' title="bbox 335 5061 1986 5130; baseline -0.01 -3"><span class='ocrx_word' id='word_1_780' title='bbox 335 5077 548 5128; x_wconf 89' lang='lat' dir='ltr'><strong>natura</strong></span> <span class='ocrx_word' id='word_1_781' title='bbox 578 5071 939 5130; x_wconf 86' lang='lat' dir='ltr'><strong>extraneum,</strong></span> <span class='ocrx_word' id='word_1_782' title='bbox 976 5061 1060 5116; x_wconf 91' lang='lat' dir='ltr'>uti</span> <span class='ocrx_word' id='word_1_783' title='bbox 1093 5077 1199 5115; x_wconf 87' lang='lat' dir='ltr'>nos</span> <span class='ocrx_word' id='word_1_784' title='bbox 1231 5075 1458 5123; x_wconf 88' lang='lat' dir='ltr'>sumus,</span> <span class='ocrx_word' id='word_1_785' title='bbox 1491 5074 1525 5112; x_wconf 90' lang='lat' dir='ltr'>a</span> <span class='ocrx_word' id='word_1_786' title='bbox 1557 5061 1725 5111; x_wconf 91' lang='lat' dir='ltr'>Patre</span> <span class='ocrx_word' id='word_1_787' title='bbox 1755 5072 1986 5128; x_wconf 88' lang='lat' dir='ltr'>separa-</span> 
     </span>
    </p>
   </div>
   <div class='ocr_carea' id='block_1_103' title="bbox 2099 4966 3746 5046">
    <p class='ocr_par' dir='ltr' id='par_1_103' title="bbox 2099 4966 3746 5046">
     <span class='ocr_line' id='line_1_103' title="bbox 2099 4966 3746 5046; baseline 0.002 -25"><span class='ocrx_word' id='word_1_788' title='bbox 2099 4966 2272 5044; x_wconf 79' lang='grc' dir='ltr'>ῥίζαν,</span> <span class='ocrx_word' id='word_1_789' title='bbox 2303 4969 2392 5023; x_wconf 87' lang='grc' dir='ltr'>καὶ</span> <span class='ocrx_word' id='word_1_790' title='bbox 2450 4972 2640 5046; x_wconf 84' lang='grc' dir='ltr'>πηγὴν</span> <span class='ocrx_word' id='word_1_791' title='bbox 2691 4972 2823 5026; x_wconf 77' lang='grc' dir='ltr'>εἶναι</span> <span class='ocrx_word' id='word_1_792' title='bbox 2867 4976 2964 5026; x_wconf 90' lang='grc' dir='ltr'>τοῦ</span> <span class='ocrx_word' id='word_1_793' title='bbox 3009 4972 3137 5027; x_wconf 79' lang='grc' dir='ltr'>Υὶοῦ</span> <span class='ocrx_word' id='word_1_794' title='bbox 3163 4973 3297 5046; x_wconf 87' lang='grc'>(13),</span> <span class='ocrx_word' id='word_1_795' title='bbox 3328 4970 3419 5026; x_wconf 86' lang='grc' dir='ltr'>καὶ</span> <span class='ocrx_word' id='word_1_796' title='bbox 3467 4968 3746 5040; x_wconf 81' lang='grc' dir='ltr'>αὐτοαλη·</span> 
     </span>
    </p>
   </div>
   <div class='ocr_carea' id='block_1_104' title="bbox 2097 5057 3743 5137">
    <p class='ocr_par' dir='ltr' id='par_1_104' title="bbox 2097 5057 3743 5137">
     <span class='ocr_line' id='line_1_104' title="bbox 2097 5057 3743 5137; baseline 0.001 -26"><span class='ocrx_word' id='word_1_797' title='bbox 2097 5057 2195 5124; x_wconf 80' lang='grc' dir='ltr'>θής</span> <span class='ocrx_word' id='word_1_798' title='bbox 2228 5057 2491 5130; x_wconf 85' lang='grc' dir='ltr'>ὁμοιότης</span> <span class='ocrx_word' id='word_1_799' title='bbox 2521 5059 2588 5128; x_wconf 77' lang='grc' dir='ltr'>ἦν</span> <span class='ocrx_word' id='word_1_800' title='bbox 2641 5057 2738 5115; x_wconf 84' lang='grc' dir='ltr'>τοῦ</span> <span class='ocrx_word' id='word_1_801' title='bbox 2764 5063 3139 5135; x_wconf 77' lang='grc' dir='ltr'>γεννήσαντος,</span> <span class='ocrx_word' id='word_1_802' title='bbox 3173 5060 3280 5136; x_wconf 83' lang='grc' dir='ltr'>οὐχ</span> <span class='ocrx_word' id='word_1_803' title='bbox 3319 5061 3392 5122; x_wconf 86' lang='grc' dir='ltr'>ὡς</span> <span class='ocrx_word' id='word_1_804' title='bbox 3424 5059 3743 5137; x_wconf 77' lang='grc' dir='ltr'>έτεροφυής,</span> 
     </span>
    </p>
   </div>
   <div class='ocr_carea' id='block_1_105' title="bbox 404 5235 1978 5314">
    <p class='ocr_par' dir='ltr' id='par_1_105' title="bbox 404 5235 1912 5314">
     <span class='ocr_line' id='line_1_105' title="bbox 404 5235 1912 5314; baseline -0.009 -10"><span class='ocrx_word' id='word_1_805' title='bbox 404 5250 448 5287; x_wconf 71' lang='grc' dir='ltr'>ιι</span> <span class='ocrx_word' id='word_1_806' title='bbox 509 5247 677 5304; x_wconf 82' lang='lat' dir='ltr'>Rom.</span> <span class='ocrx_word' id='word_1_807' title='bbox 715 5260 818 5314; x_wconf 85' lang='lat' dir='ltr'>vn,</span> <span class='ocrx_word' id='word_1_808' title='bbox 860 5243 947 5298; x_wconf 86' lang='grc'>14.</span> <span class='ocrx_word' id='word_1_809' title='bbox 1024 5241 1069 5275; x_wconf 80' lang='grc'>⁸¹</span> <span class='ocrx_word' id='word_1_810' title='bbox 1106 5238 1248 5295; x_wconf 90' lang='lat' dir='ltr'>ibid.</span> <span class='ocrx_word' id='word_1_811' title='bbox 1283 5237 1371 5292; x_wconf 86' lang='grc'>12.</span> <span class='ocrx_word' id='word_1_812' title='bbox 1411 5236 1456 5280; x_wconf 74' lang='grc'><strong><em>⁵³</em></strong></span> <span class='ocrx_word' id='word_1_813' title='bbox 1487 5235 1652 5292; x_wconf 80' lang='lat' dir='ltr'>Rom.</span> <span class='ocrx_word' id='word_1_814' title='bbox 1693 5251 1818 5306; x_wconf 86' lang='lat' dir='ltr'>vm,</span> <span class='ocrx_word' id='word_1_815' title='bbox 1858 5236 1912 5290; x_wconf 90' lang='lat'>3.</span> 
     </span>
    </p>
   </div>
   <div class='ocr_carea' id='block_1_106' title="bbox 2092 5235 3746 5314">
    <p class='ocr_par' dir='ltr' id='par_1_106' title="bbox 2099 5237 3746 5313">
     <span class='ocr_line' id='line_1_106' title="bbox 2099 5237 3746 5313; baseline 0.002 -20"><span class='ocrx_word' id='word_1_816' title='bbox 2099 5237 2273 5296; x_wconf 85' lang='lat' dir='ltr'>Hebr.</span> <span class='ocrx_word' id='word_1_817' title='bbox 2314 5257 2416 5310; x_wconf 86' lang='lat' dir='ltr'>vn,</span> <span class='ocrx_word' id='word_1_818' title='bbox 2483 5242 2567 5298; x_wconf 83' lang='grc'>19.</span> <span class='ocrx_word' id='word_1_819' title='bbox 2645 5242 2690 5277; x_wconf 82' lang='grc'><strong><em>⁸⁵</em></strong></span> <span class='ocrx_word' id='word_1_820' title='bbox 2728 5241 2917 5299; x_wconf 88' lang='lat' dir='ltr'>Galat.</span> <span class='ocrx_word' id='word_1_821' title='bbox 2985 5258 3073 5313; x_wconf 82' lang='grc' dir='ltr'>ιιι,</span> <span class='ocrx_word' id='word_1_822' title='bbox 3117 5243 3167 5298; x_wconf 87' lang='grc'>1.</span> <span class='ocrx_word' id='word_1_823' title='bbox 3243 5241 3287 5277; x_wconf 83' lang='grc'>⁸⁸</span> <span class='ocrx_word' id='word_1_824' title='bbox 3327 5241 3349 5296; x_wconf 89' lang='grc' dir='ltr'><strong>Ι</strong></span> <span class='ocrx_word' id='word_1_825' title='bbox 3416 5239 3564 5296; x_wconf 88' lang='lat' dir='ltr'>Tim.</span> <span class='ocrx_word' id='word_1_826' title='bbox 3607 5257 3646 5308; x_wconf 79' lang='grc' dir='ltr'>ι,</span> <span class='ocrx_word' id='word_1_827' title='bbox 3687 5239 3746 5296; x_wconf 92' lang='grc'>8.</span> 
     </span>
    </p>
   </div>
   <div class='ocr_carea' id='block_1_107' title="bbox 405 5393 1983 5485">
    <p class='ocr_par' dir='ltr' id='par_1_107' title="bbox 405 5393 1983 5485">
     <span class='ocr_line' id='line_1_107' title="bbox 405 5393 1983 5485; baseline -0.012 -18"><span class='ocrx_word' id='word_1_828' title='bbox 405 5413 484 5485; x_wconf 85' lang='lat'>(8)</span> <span class='ocrx_word' id='word_1_829' title='bbox 513 5416 702 5485; x_wconf 56' lang='lat' dir='ltr'><strong>supra</strong></span> <span class='ocrx_word' id='word_1_830' title='bbox 740 5423 870 5480; x_wconf 76' lang='lat' dir='ltr'>pag.</span> <span class='ocrx_word' id='word_1_831' title='bbox 901 5404 1026 5472; x_wconf 79' lang='grc'>201,</span> <span class='ocrx_word' id='word_1_832' title='bbox 1053 5400 1148 5454; x_wconf 89' lang='grc' dir='ltr'>τὸν</span> <span class='ocrx_word' id='word_1_833' title='bbox 1198 5395 1256 5452; x_wconf 71' lang='grc' dir='ltr'>δὲ</span> <span class='ocrx_word' id='word_1_834' title='bbox 1297 5396 1545 5470; x_wconf 87' lang='grc' dir='ltr'>ποταμὸν</span> <span class='ocrx_word' id='word_1_835' title='bbox 1597 5395 1730 5450; x_wconf 74' lang='grc' dir='ltr'>εἶναι</span> <span class='ocrx_word' id='word_1_836' title='bbox 1777 5393 1836 5450; x_wconf 88' lang='grc' dir='ltr'>ἐκ</span> <span class='ocrx_word' id='word_1_837' title='bbox 1882 5402 1983 5466; x_wconf 84' lang='grc' dir='ltr'>τῆς</span> 
     </span>
    </p>
   </div>
   <div class='ocr_carea' id='block_1_108' title="bbox 451 5479 714 5536">
    <p class='ocr_par' dir='ltr' id='par_1_108' title="bbox 451 5479 714 5536">
     <span class='ocr_line' id='line_1_108' title="bbox 451 5479 714 5536; baseline -0.008 0"><span class='ocrx_word' id='word_1_838' title='bbox 451 5479 518 5536; x_wconf 67' lang='grc' dir='ltr'>ἧς</span> <span class='ocrx_word' id='word_1_839' title='bbox 547 5479 714 5536; x_wconf 74' lang='grc' dir='ltr'>ὕδωρ.</span> 
     </span>
    </p>
   </div>
   <div class='ocr_carea' id='block_1_109' title="bbox 336 5498 1986 5627">
    <p class='ocr_par' dir='ltr' id='par_1_109' title="bbox 336 5498 1986 5627">
     <span class='ocr_line' id='line_1_109' title="bbox 336 5498 1986 5627; baseline -0.008 -18"><span class='ocrx_word' id='word_1_840' title='bbox 336 5498 850 5627; x_wconf 41' lang='grc' dir='ltr'>πῄῶἲςέίὲωοῆῆῃθε</span> <span class='ocrx_word' id='word_1_841' title='bbox 882 5563 1026 5602; x_wconf 88' lang='lat' dir='ltr'>mss.</span> <span class='ocrx_word' id='word_1_842' title='bbox 1065 5549 1121 5600; x_wconf 90' lang='lat' dir='ltr'>et</span> <span class='ocrx_word' id='word_1_843' title='bbox 1149 5544 1286 5600; x_wconf 90' lang='lat' dir='ltr'>edit.</span> <span class='ocrx_word' id='word_1_844' title='bbox 1323 5540 1469 5596; x_wconf 90' lang='lat' dir='ltr'>Felc.</span> <span class='ocrx_word' id='word_1_845' title='bbox 1506 5542 1539 5596; x_wconf 92' lang='lat'>3</span> <span class='ocrx_word' id='word_1_846' title='bbox 1568 5544 1763 5596; x_wconf 90' lang='lat' dir='ltr'><strong>tamen</strong></span> <span class='ocrx_word' id='word_1_847' title='bbox 1809 5539 1986 5595; x_wconf 90' lang='lat' dir='ltr'>habet</span> 
     </span>
    </p>
   </div>
   <div class='ocr_carea' id='block_1_110' title="bbox 335 5617 1654 5694">
    <p class='ocr_par' dir='ltr' id='par_1_110' title="bbox 335 5617 1654 5694">
     <span class='ocr_line' id='line_1_110' title="bbox 335 5617 1654 5694; baseline 0.013 -14"><span class='ocrx_word' id='word_1_848' title='bbox 335 5617 507 5686; x_wconf 72' lang='grc' dir='ltr'>οὕτως</span> <span class='ocrx_word' id='word_1_849' title='bbox 537 5631 676 5682; x_wconf 85' lang='lat' dir='ltr'><strong>ante</strong></span> <span class='ocrx_word' id='word_1_850' title='bbox 709 5617 964 5694; x_wconf 64' lang='grc' dir='ltr'>εἴρηκεν.</span> <span class='ocrx_word' id='word_1_851' title='bbox 1006 5687 1046 5694; x_wconf 76' lang='lat'><em>_</em></span> <span class='ocrx_word' id='word_1_852' title='bbox 1083 5686 1095 5694; x_wconf 86' lang='lat'>_</span> <span class='ocrx_word' id='word_1_853' title='bbox 1137 5687 1150 5694; x_wconf 88' lang='lat'>_</span> <span class='ocrx_word' id='word_1_854' title='bbox 1294 5685 1325 5694; x_wconf 47' lang='grc' dir='ltr'><strong>Α</strong></span> <span class='ocrx_word' id='word_1_855' title='bbox 1383 5683 1531 5694; x_wconf 83' lang='lat'>_....</span> <span class='ocrx_word' id='word_1_856' title='bbox 1642 5682 1654 5694; x_wconf 87' lang='lat'>.</span> 
     </span>
    </p>
   </div>
   <div class='ocr_carea' id='block_1_111' title="bbox 407 5683 1982 5770">
    <p class='ocr_par' dir='ltr' id='par_1_111' title="bbox 407 5683 1982 5770">
     <span class='ocr_line' id='line_1_111' title="bbox 407 5683 1982 5770; baseline -0.01 -17"><span class='ocrx_word' id='word_1_857' title='bbox 407 5683 520 5770; x_wconf 67' lang='grc'>(10)</span> <span class='ocrx_word' id='word_1_858' title='bbox 549 5697 651 5770; x_wconf 69' lang='lat' dir='ltr'>Sic</span> <span class='ocrx_word' id='word_1_859' title='bbox 673 5683 889 5770; x_wconf 50' lang='lat' dir='ltr'><strong>Regius</strong></span> <span class='ocrx_word' id='word_1_860' title='bbox 919 5693 977 5745; x_wconf 91' lang='lat' dir='ltr'><strong>et</strong></span> <span class='ocrx_word' id='word_1_861' title='bbox 1006 5686 1260 5743; x_wconf 88' lang='lat' dir='ltr'>Felckm.</span> <span class='ocrx_word' id='word_1_862' title='bbox 1293 5685 1346 5738; x_wconf 90' lang='lat'>3.</span> <span class='ocrx_word' id='word_1_863' title='bbox 1381 5683 1536 5739; x_wconf 89' lang='lat' dir='ltr'>Editi</span> <span class='ocrx_word' id='word_1_864' title='bbox 1575 5683 1774 5739; x_wconf 91' lang='lat' dir='ltr'>minus</span> <span class='ocrx_word' id='word_1_865' title='bbox 1805 5686 1982 5751; x_wconf 89' lang='lat' dir='ltr'>recte,</span> 
     </span>
    </p>
   </div>
   <div class='ocr_carea' id='block_1_112' title="bbox 337 5763 875 5834">
    <p class='ocr_par' dir='ltr' id='par_1_112' title="bbox 337 5763 875 5834">
     <span class='ocr_line' id='line_1_112' title="bbox 337 5763 875 5834; baseline -0.017 -12"><span class='ocrx_word' id='word_1_866' title='bbox 337 5763 513 5823; x_wconf 73' lang='grc' dir='ltr'>πάντα</span> <span class='ocrx_word' id='word_1_867' title='bbox 538 5767 604 5820; x_wconf 78' lang='grc' dir='ltr'>τὰ</span> <span class='ocrx_word' id='word_1_868' title='bbox 630 5763 875 5834; x_wconf 58' lang='grc' dir='ltr'>δόξαντα,</span> 
     </span>
    </p>
   </div>
   <div class='ocr_carea' id='block_1_113' title="bbox 409 5827 1429 5914">
    <p class='ocr_par' dir='ltr' id='par_1_113' title="bbox 409 5827 1429 5914">
     <span class='ocr_line' id='line_1_113' title="bbox 409 5827 1429 5914; baseline -0.016 -18"><span class='ocrx_word' id='word_1_869' title='bbox 409 5839 522 5914; x_wconf 84' lang='grc'>(11)</span> <span class='ocrx_word' id='word_1_870' title='bbox 553 5827 790 5904; x_wconf 58' lang='grc' dir='ltr'>ΕεὶοίΒ,</span> <span class='ocrx_word' id='word_1_871' title='bbox 820 5831 883 5886; x_wconf 81' lang='grc' dir='ltr'>τὸ</span> <span class='ocrx_word' id='word_1_872' title='bbox 917 5830 1096 5905; x_wconf 80' lang='grc' dir='ltr'>ἅγιον,</span> <span class='ocrx_word' id='word_1_873' title='bbox 1130 5827 1429 5883; x_wconf 88' lang='lat' dir='ltr'><strong>mendose.</strong></span> 
     </span>
    </p>
   </div>
   <div class='ocr_carea' id='block_1_114' title="bbox 2167 5399 3746 5478">
    <p class='ocr_par' dir='ltr' id='par_1_114' title="bbox 2167 5399 3746 5478">
     <span class='ocr_line' id='line_1_114' title="bbox 2167 5399 3746 5478; baseline -0.002 -22"><span class='ocrx_word' id='word_1_874' title='bbox 2167 5402 2278 5474; x_wconf 84' lang='grc'>(12)</span> <span class='ocrx_word' id='word_1_875' title='bbox 2308 5402 2683 5478; x_wconf 81' lang='lat' dir='ltr'><strong>Felckmanni</strong></span> <span class='ocrx_word' id='word_1_876' title='bbox 2715 5404 2770 5477; x_wconf 88' lang='grc'>3,</span> <span class='ocrx_word' id='word_1_877' title='bbox 2802 5400 3120 5478; x_wconf 82' lang='grc' dir='ltr'>καθελόντες</span> <span class='ocrx_word' id='word_1_878' title='bbox 3170 5400 3418 5478; x_wconf 71' lang='grc' dir='ltr'>εἲρήκασι</span> <span class='ocrx_word' id='word_1_879' title='bbox 3473 5401 3550 5475; x_wconf 76' lang='grc' dir='ltr'>μὴ</span> <span class='ocrx_word' id='word_1_880' title='bbox 3613 5399 3746 5455; x_wconf 72' lang='grc' dir='ltr'>εἶναι</span> 
     </span>
    </p>
   </div>
   <div class='ocr_carea' id='block_1_115' title="bbox 2093 5472 3746 5613">
    <p class='ocr_par' dir='ltr' id='par_1_115' title="bbox 2093 5472 3746 5613">
     <span class='ocr_line' id='line_1_115' title="bbox 2093 5472 3484 5548; baseline 0.001 -22"><span class='ocrx_word' id='word_1_881' title='bbox 2093 5472 2184 5526; x_wconf 75' lang='grc' dir='ltr'>τὸν</span> <span class='ocrx_word' id='word_1_882' title='bbox 2213 5472 2268 5527; x_wconf 76' lang='grc' dir='ltr'><strong>Χ</strong></span> <span class='ocrx_word' id='word_1_883' title='bbox 2300 5472 2468 5542; x_wconf 87' lang='grc' dir='ltr'>ιστόν,</span> <span class='ocrx_word' id='word_1_884' title='bbox 2501 5481 2637 5548; x_wconf 89' lang='lat' dir='ltr'>etc.,</span> <span class='ocrx_word' id='word_1_885' title='bbox 2670 5472 2910 5533; x_wconf 83' lang='lat' dir='ltr'>omissis</span> <span class='ocrx_word' id='word_1_886' title='bbox 2943 5476 3168 5532; x_wconf 89' lang='lat' dir='ltr'>multis.</span> <span class='ocrx_word' id='word_1_887' title='bbox 3224 5472 3233 5478; x_wconf 78' lang='grc'><em>”</em></span> <span class='ocrx_word' id='word_1_888' title='bbox 3280 5472 3286 5474; x_wconf 45' lang='grc'><em>“</em></span> <span class='ocrx_word' id='word_1_889' title='bbox 3476 5472 3484 5475; x_wconf 54' lang='grc'>⁷</span> 
     </span>
     <span class='ocr_line' id='line_1_116' title="bbox 2168 5492 3746 5613; baseline -0.004 -11"><span class='ocrx_word' id='word_1_890' title='bbox 2168 5492 2291 5613; x_wconf 47' lang='grc'>(13))</span> <span class='ocrx_word' id='word_1_891' title='bbox 2312 5546 2686 5604; x_wconf 83' lang='lat' dir='ltr'>Felckmanni</span> <span class='ocrx_word' id='word_1_892' title='bbox 2717 5549 2770 5613; x_wconf 88' lang='grc'>3,</span> <span class='ocrx_word' id='word_1_893' title='bbox 2803 5548 2936 5602; x_wconf 81' lang='grc' dir='ltr'>εἶναι</span> <span class='ocrx_word' id='word_1_894' title='bbox 2973 5551 3070 5602; x_wconf 87' lang='grc' dir='ltr'>τοῦ</span> <span class='ocrx_word' id='word_1_895' title='bbox 3102 5547 3252 5613; x_wconf 76' lang='grc' dir='ltr'>Υἱοῦ,</span> <span class='ocrx_word' id='word_1_896' title='bbox 3285 5540 3505 5613; x_wconf 72' lang='grc' dir='ltr'>ἔχοντες</span> <span class='ocrx_word' id='word_1_897' title='bbox 3551 5539 3609 5597; x_wconf 72' lang='grc' dir='ltr'>δέ</span> <span class='ocrx_word' id='word_1_898' title='bbox 3657 5539 3746 5596; x_wconf 78' lang='grc' dir='ltr'>καὶ</span> 
     </span>
    </p>
   </div>
   <div class='ocr_carea' id='block_1_116' title="bbox 2093 5547 3746 5691">
    <p class='ocr_par' dir='ltr' id='par_1_116' title="bbox 2093 5547 3746 5691">
     <span class='ocr_line' id='line_1_117' title="bbox 2168 5547 3746 5620; baseline -0.003 -20"><span class='ocrx_word' id='word_1_899' title='bbox 2168 5547 2280 5620; x_wconf 92' lang='grc'>(13)</span> <span class='ocrx_word' id='word_1_900' title='bbox 2312 5547 2686 5604; x_wconf 83' lang='lat' dir='ltr'><strong>Felckmanni</strong></span> <span class='ocrx_word' id='word_1_901' title='bbox 2717 5549 2770 5615; x_wconf 85' lang='lat'>3,</span> <span class='ocrx_word' id='word_1_902' title='bbox 2803 5548 2936 5602; x_wconf 81' lang='grc' dir='ltr'>εἶναι</span> <span class='ocrx_word' id='word_1_903' title='bbox 2973 5551 3070 5602; x_wconf 85' lang='grc' dir='ltr'>τοῦ</span> <span class='ocrx_word' id='word_1_904' title='bbox 3102 5547 3252 5615; x_wconf 76' lang='grc' dir='ltr'>Υἱοῦ,</span> <span class='ocrx_word' id='word_1_905' title='bbox 3285 5547 3505 5619; x_wconf 79' lang='grc' dir='ltr'>ἔχοντες</span> <span class='ocrx_word' id='word_1_906' title='bbox 3551 5547 3609 5597; x_wconf 77' lang='grc' dir='ltr'>δὲ</span> <span class='ocrx_word' id='word_1_907' title='bbox 3657 5547 3746 5596; x_wconf 83' lang='grc' dir='ltr'>καὶ</span> 
     </span>
     <span class='ocr_line' id='line_1_118' title="bbox 2093 5615 3746 5691; baseline -0.001 -21"><span class='ocrx_word' id='word_1_908' title='bbox 2093 5617 2160 5671; x_wconf 79' lang='grc' dir='ltr'>τὰ</span> <span class='ocrx_word' id='word_1_909' title='bbox 2188 5623 2319 5691; x_wconf 80' lang='grc' dir='ltr'>τῶν,</span> <span class='ocrx_word' id='word_1_910' title='bbox 2354 5617 2626 5691; x_wconf 90' lang='lat' dir='ltr'>plurimis</span> <span class='ocrx_word' id='word_1_911' title='bbox 2659 5621 2916 5677; x_wconf 69' lang='lat' dir='ltr'>emissis.</span> <span class='ocrx_word' id='word_1_912' title='bbox 2953 5619 3351 5687; x_wconf 67' lang='lat' dir='ltr'>lbiclem,edit.</span> <span class='ocrx_word' id='word_1_913' title='bbox 3373 5615 3746 5682; x_wconf 87' lang='lat' dir='ltr'>Parisiensis,</span> 
     </span>
    </p>
   </div>
   <div class='ocr_carea' id='block_1_117' title="bbox 2094 5663 3748 5837">
    <p class='ocr_par' dir='ltr' id='par_1_117' title="bbox 2094 5663 3748 5837">
     <span class='ocr_line' id='line_1_119' title="bbox 2094 5663 3748 5760; baseline -0.001 -15"><span class='ocrx_word' id='word_1_914' title='bbox 2094 5691 2228 5746; x_wconf 88' lang='grc' dir='ltr'>αὐτὸ</span> <span class='ocrx_word' id='word_1_915' title='bbox 2263 5663 2496 5760; x_wconf 32' lang='lat' dir='ltr'>eiuro“.</span> <span class='ocrx_word' id='word_1_916' title='bbox 2530 5691 2681 5747; x_wconf 90' lang='lat' dir='ltr'><strong>Edit.</strong></span> <span class='ocrx_word' id='word_1_917' title='bbox 2713 5663 3247 5749; x_wconf 59' lang='lat' dir='ltr'>veFS&#39;EoEui&#39;éiT’ei</span> <span class='ocrx_word' id='word_1_918' title='bbox 3275 5663 3480 5747; x_wconf 67' lang='lat' dir='ltr'><strong>omnes</strong></span> <span class='ocrx_word' id='word_1_919' title='bbox 3533 5663 3748 5744; x_wconf 61' lang='lat' dir='ltr'>manu:</span> 
     </span>
     <span class='ocr_line' id='line_1_120' title="bbox 2094 5762 2992 5837; baseline -0.001 -17"><span class='ocrx_word' id='word_1_920' title='bbox 2094 5763 2323 5837; x_wconf 83' lang='lat' dir='ltr'>scripti,</span> <span class='ocrx_word' id='word_1_921' title='bbox 2355 5762 2723 5834; x_wconf 82' lang='grc' dir='ltr'>αὐτοαληθής,</span> <span class='ocrx_word' id='word_1_922' title='bbox 2756 5765 2992 5821; x_wconf 90' lang='lat' dir='ltr'>rectius.</span> 
     </span>
    </p>
   </div>
   <div class='ocr_carea' id='block_1_118' title="bbox 2307 5805 2992 5834">
    <p class='ocr_par' dir='ltr' id='par_1_118' title="bbox 2307 5805 2992 5834">
     <span class='ocr_line' id='line_1_121' title="bbox 2307 5805 2992 5834; baseline 0.006 -18"><span class='ocrx_word' id='word_1_923' title='bbox 2307 5809 2323 5834; x_wconf 73' lang='lat'><strong><em>,</em></strong></span> <span class='ocrx_word' id='word_1_924' title='bbox 2355 5805 2723 5834; x_wconf 60' lang='lat' dir='ltr'>&quot;&quot;&quot;\I&quot;&quot;‘,</span> <span class='ocrx_word' id='word_1_925' title='bbox 2756 5805 2992 5821; x_wconf 67' lang='grc' dir='ltr'>..νυ-ιιιυο</span> 
     </span>
    </p>
   </div>
  </div>
