  <div class='ocr_page' id='page_1' title='image "/cluster/home/n/w/nwhite01/storage/ocr_20150623/26/hvd.32044019208479/454.png"; bbox 0 0 4082 6340; ppageno 0'>
   <div class='ocr_carea' id='block_1_1' title="bbox 297 472 418 532">
    <p class='ocr_par' dir='ltr' id='par_1_1' title="bbox 297 472 418 532">
     <span class='ocr_line' id='line_1_1' title="bbox 297 472 418 532; baseline 0 -1"><span class='ocrx_word' id='word_1_1' title='bbox 297 472 418 532; x_wconf 80' lang='lat'><strong>773</strong></span> 
     </span>
    </p>
   </div>
   <div class='ocr_carea' id='block_1_2' title="bbox 1775 468 2278 533">
    <p class='ocr_par' dir='ltr' id='par_1_2' title="bbox 1775 468 2278 533">
     <span class='ocr_line' id='line_1_2' title="bbox 1775 468 2278 533; baseline 0.006 -3"><span class='ocrx_word' id='word_1_2' title='bbox 1775 470 1876 530; x_wconf 77' lang='lat' dir='ltr'><strong>DE</strong></span> <span class='ocrx_word' id='word_1_3' title='bbox 1919 468 2278 533; x_wconf 86' lang='lat' dir='ltr'><strong>SYNODIS.</strong></span> 
     </span>
    </p>
   </div>
   <div class='ocr_carea' id='block_1_3' title="bbox 3597 477 3718 538">
    <p class='ocr_par' dir='ltr' id='par_1_3' title="bbox 3597 477 3718 538">
     <span class='ocr_line' id='line_1_3' title="bbox 3597 477 3718 538; baseline 0.025 -4"><span class='ocrx_word' id='word_1_4' title='bbox 3597 477 3718 538; x_wconf 77' lang='grc'><strong>’774</strong></span> 
     </span>
    </p>
   </div>
   <div class='ocr_carea' id='block_1_4' title="bbox 307 601 1948 682">
    <p class='ocr_par' dir='ltr' id='par_1_4' title="bbox 307 601 1948 682">
     <span class='ocr_line' id='line_1_4' title="bbox 307 601 1948 682; baseline -0.009 -11"><span class='ocrx_word' id='word_1_5' title='bbox 307 606 488 680; x_wconf 78' lang='grc' dir='ltr'>ὥσπερ</span> <span class='ocrx_word' id='word_1_6' title='bbox 519 606 684 677; x_wconf 81' lang='grc' dir='ltr'>ἡμεῖς</span> <span class='ocrx_word' id='word_1_7' title='bbox 726 601 903 677; x_wconf 70' lang='grc' dir='ltr'>ἐσμεν,</span> <span class='ocrx_word' id='word_1_8' title='bbox 965 602 1347 682; x_wconf 84' lang='grc' dir='ltr'>χωριζόμενός</span> <span class='ocrx_word' id='word_1_9' title='bbox 1408 602 1517 658; x_wconf 80' lang='grc' dir='ltr'>ἐστι</span> <span class='ocrx_word' id='word_1_10' title='bbox 1575 607 1672 658; x_wconf 85' lang='grc' dir='ltr'><strong>τοῦ</strong></span> <span class='ocrx_word' id='word_1_11' title='bbox 1725 604 1948 679; x_wconf 74' lang='grc' dir='ltr'>Πατρόςι</span> 
     </span>
    </p>
   </div>
   <div class='ocr_carea' id='block_1_5' title="bbox 2063 601 3728 682">
    <p class='ocr_par' dir='ltr' id='par_1_5' title="bbox 2075 603 3728 678">
     <span class='ocr_line' id='line_1_5' title="bbox 2075 603 3728 678; baseline 0.002 -16"><span class='ocrx_word' id='word_1_12' title='bbox 2075 612 2198 662; x_wconf 90' lang='lat' dir='ltr'><strong>tum</strong></span> <span class='ocrx_word' id='word_1_13' title='bbox 2233 624 2380 676; x_wconf 84' lang='lat' dir='ltr'><strong>esse,</strong></span> <span class='ocrx_word' id='word_1_14' title='bbox 2414 609 2538 676; x_wconf 90' lang='lat' dir='ltr'><strong>sed,</strong></span> <span class='ocrx_word' id='word_1_15' title='bbox 2567 623 2699 663; x_wconf 89' lang='lat' dir='ltr'><strong>cum</strong></span> <span class='ocrx_word' id='word_1_16' title='bbox 2728 623 2795 662; x_wconf 86' lang='lat' dir='ltr'><strong>ex</strong></span> <span class='ocrx_word' id='word_1_17' title='bbox 2828 606 2955 678; x_wconf 92' lang='lat' dir='ltr'><strong>ipso</strong></span> <span class='ocrx_word' id='word_1_18' title='bbox 2989 603 3086 675; x_wconf 88' lang='lat' dir='ltr'><strong>sit,</strong></span> <span class='ocrx_word' id='word_1_19' title='bbox 3116 608 3324 664; x_wconf 89' lang='lat' dir='ltr'><strong>Filium</strong></span> <span class='ocrx_word' id='word_1_20' title='bbox 3357 625 3485 665; x_wconf 84' lang='lat' dir='ltr'><strong>esse</strong></span> <span class='ocrx_word' id='word_1_21' title='bbox 3515 610 3728 666; x_wconf 88' lang='lat' dir='ltr'><strong>indivi-</strong></span> 
     </span>
    </p>
   </div>
   <div class='ocr_carea' id='block_1_6' title="bbox 309 690 1952 768">
    <p class='ocr_par' dir='ltr' id='par_1_6' title="bbox 309 690 1952 768">
     <span class='ocr_line' id='line_1_6' title="bbox 309 690 1952 768; baseline -0.001 -20"><span class='ocrx_word' id='word_1_22' title='bbox 309 691 434 748; x_wconf 79' lang='grc' dir='ltr'>ἀλλ’</span> <span class='ocrx_word' id='word_1_23' title='bbox 467 693 540 755; x_wconf 83' lang='grc' dir='ltr'>ὡς</span> <span class='ocrx_word' id='word_1_24' title='bbox 574 691 625 763; x_wconf 83' lang='grc' dir='ltr'>ἐξ</span> <span class='ocrx_word' id='word_1_25' title='bbox 655 691 818 748; x_wconf 76' lang='grc' dir='ltr'>αὐτοῦ</span> <span class='ocrx_word' id='word_1_26' title='bbox 851 694 972 756; x_wconf 76' lang='grc' dir='ltr'>Υἱὸς</span> <span class='ocrx_word' id='word_1_27' title='bbox 1005 692 1306 768; x_wconf 87' lang='grc' dir='ltr'>ἀδιαίρετος</span> <span class='ocrx_word' id='word_1_28' title='bbox 1339 693 1594 768; x_wconf 81' lang='grc' dir='ltr'><strong>ὑπάρχει.</strong></span> <span class='ocrx_word' id='word_1_29' title='bbox 1630 692 1702 754; x_wconf 88' lang='grc' dir='ltr'><strong>ὡς</strong></span> <span class='ocrx_word' id='word_1_30' title='bbox 1729 690 1840 746; x_wconf 80' lang='grc' dir='ltr'>ἔστι</span> <span class='ocrx_word' id='word_1_31' title='bbox 1890 694 1952 747; x_wconf 83' lang='grc' dir='ltr'><strong>τὸ</strong></span> 
     </span>
    </p>
   </div>
   <div class='ocr_carea' id='block_1_7' title="bbox 307 778 1954 861">
    <p class='ocr_par' dir='ltr' id='par_1_7' title="bbox 307 778 1954 861">
     <span class='ocr_line' id='line_1_7' title="bbox 307 778 1954 861; baseline -0.002 -24"><span class='ocrx_word' id='word_1_32' title='bbox 307 781 640 856; x_wconf 71' lang='grc' dir='ltr'><strong>ἀπαύγασμα</strong></span> <span class='ocrx_word' id='word_1_33' title='bbox 669 783 804 856; x_wconf 88' lang='grc' dir='ltr'>πρὸς</span> <span class='ocrx_word' id='word_1_34' title='bbox 839 783 900 837; x_wconf 92' lang='grc' dir='ltr'><strong>τὸ</strong></span> <span class='ocrx_word' id='word_1_35' title='bbox 933 788 1068 861; x_wconf 75' lang='grc' dir='ltr'>φῶς·</span> <span class='ocrx_word' id='word_1_36' title='bbox 1123 778 1340 859; x_wconf 79' lang='grc' dir='ltr'>ἔχοντες</span> <span class='ocrx_word' id='word_1_37' title='bbox 1380 779 1438 836; x_wconf 75' lang='grc' dir='ltr'>δὲ</span> <span class='ocrx_word' id='word_1_38' title='bbox 1465 783 1551 836; x_wconf 80' lang='grc' dir='ltr'><strong>καὶ</strong></span> <span class='ocrx_word' id='word_1_39' title='bbox 1579 783 1646 836; x_wconf 82' lang='grc' dir='ltr'>τὰ</span> <span class='ocrx_word' id='word_1_40' title='bbox 1673 786 1779 836; x_wconf 83' lang='grc' dir='ltr'><strong>τῶν</strong></span> <span class='ocrx_word' id='word_1_41' title='bbox 1831 782 1954 857; x_wconf 77' lang='grc' dir='ltr'>περὶ</span> 
     </span>
    </p>
   </div>
   <div class='ocr_carea' id='block_1_8' title="bbox 309 870 1955 948">
    <p class='ocr_par' dir='ltr' id='par_1_8' title="bbox 309 870 1955 948">
     <span class='ocr_line' id='line_1_8' title="bbox 309 870 1955 948; baseline -0.001 -21"><span class='ocrx_word' id='word_1_42' title='bbox 309 871 586 927; x_wconf 80' lang='grc' dir='ltr'>Διονύσιον</span> <span class='ocrx_word' id='word_1_43' title='bbox 619 870 1056 948; x_wconf 84' lang='grc' dir='ltr'>παραδείγματα,</span> <span class='ocrx_word' id='word_1_44' title='bbox 1087 875 1187 942; x_wconf 81' lang='grc' dir='ltr'><strong>τήν</strong></span> <span class='ocrx_word' id='word_1_45' title='bbox 1236 873 1422 947; x_wconf 82' lang='grc' dir='ltr'>πηγὴν</span> <span class='ocrx_word' id='word_1_46' title='bbox 1455 874 1546 926; x_wconf 82' lang='grc' dir='ltr'>καὶ</span> <span class='ocrx_word' id='word_1_47' title='bbox 1575 873 1673 941; x_wconf 73' lang='grc' dir='ltr'>τήν</span> <span class='ocrx_word' id='word_1_48' title='bbox 1707 872 1830 944; x_wconf 85' lang='grc' dir='ltr'>περὶ</span> <span class='ocrx_word' id='word_1_49' title='bbox 1858 876 1955 926; x_wconf 90' lang='grc' dir='ltr'><strong>τοῦ</strong></span> 
     </span>
    </p>
   </div>
   <div class='ocr_carea' id='block_1_9' title="bbox 306 959 1953 1038">
    <p class='ocr_par' dir='ltr' id='par_1_9' title="bbox 306 959 1953 1038">
     <span class='ocr_line' id='line_1_9' title="bbox 306 959 1953 1038; baseline -0.001 -22"><span class='ocrx_word' id='word_1_50' title='bbox 306 961 602 1035; x_wconf 86' lang='grc' dir='ltr'>ὁμοουσίου</span> <span class='ocrx_word' id='word_1_51' title='bbox 633 961 958 1036; x_wconf 85' lang='grc' dir='ltr'>ἀπολογίαν,</span> <span class='ocrx_word' id='word_1_52' title='bbox 998 963 1104 1038; x_wconf 90' lang='grc' dir='ltr'><strong>πρὸ</strong></span> <span class='ocrx_word' id='word_1_53' title='bbox 1141 959 1198 1017; x_wconf 78' lang='grc' dir='ltr'>δὲ</span> <span class='ocrx_word' id='word_1_54' title='bbox 1225 960 1433 1016; x_wconf 83' lang='grc' dir='ltr'>τούτων</span> <span class='ocrx_word' id='word_1_55' title='bbox 1462 962 1562 1030; x_wconf 72' lang='grc' dir='ltr'>τὴν</span> <span class='ocrx_word' id='word_1_56' title='bbox 1615 965 1710 1015; x_wconf 91' lang='grc' dir='ltr'><strong>τοῦ</strong></span> <span class='ocrx_word' id='word_1_57' title='bbox 1766 963 1953 1029; x_wconf 77' lang='grc' dir='ltr'>Σωτῆο</span> 
     </span>
    </p>
   </div>
   <div class='ocr_carea' id='block_1_10' title="bbox 306 1048 1953 1127">
    <p class='ocr_par' dir='ltr' id='par_1_10' title="bbox 306 1048 1953 1127">
     <span class='ocr_line' id='line_1_10' title="bbox 306 1048 1953 1127; baseline -0.002 -23"><span class='ocrx_word' id='word_1_58' title='bbox 306 1071 397 1126; x_wconf 97' lang='grc' dir='ltr'><strong>ρος</strong></span> <span class='ocrx_word' id='word_1_59' title='bbox 431 1048 643 1119; x_wconf 76' lang='grc' dir='ltr'>ἐνοειδῆ</span> <span class='ocrx_word' id='word_1_60' title='bbox 693 1053 900 1127; x_wconf 77' lang='grc' dir='ltr'>φωνήν·</span> <span class='ocrx_word' id='word_1_61' title='bbox 959 1077 984 1102; x_wconf 88' lang='grc'><strong>‹‹</strong></span> <span class='ocrx_word' id='word_1_62' title='bbox 1039 1051 1176 1126; x_wconf 85' lang='grc' dir='ltr'><strong>Ἐγὼ</strong></span> <span class='ocrx_word' id='word_1_63' title='bbox 1218 1051 1306 1105; x_wconf 85' lang='grc' dir='ltr'><strong>καὶ</strong></span> <span class='ocrx_word' id='word_1_64' title='bbox 1350 1050 1377 1104; x_wconf 86' lang='grc' dir='ltr'>ὁ</span> <span class='ocrx_word' id='word_1_65' title='bbox 1410 1050 1594 1123; x_wconf 76' lang='grc' dir='ltr'>Πατὴρ</span> <span class='ocrx_word' id='word_1_66' title='bbox 1623 1049 1678 1103; x_wconf 81' lang='grc' dir='ltr'><strong>’ἐν</strong></span> <span class='ocrx_word' id='word_1_67' title='bbox 1708 1048 1888 1122; x_wconf 78' lang='grc' dir='ltr'>ἐσμεν·</span> <span class='ocrx_word' id='word_1_68' title='bbox 1925 1073 1953 1100; x_wconf 86' lang='grc'><strong>››</strong></span> 
     </span>
    </p>
   </div>
   <div class='ocr_carea' id='block_1_11' title="bbox 303 1137 1954 1212">
    <p class='ocr_par' dir='ltr' id='par_1_11' title="bbox 303 1137 1954 1212">
     <span class='ocr_line' id='line_1_11' title="bbox 303 1137 1954 1212; baseline -0.001 -19"><span class='ocrx_word' id='word_1_69' title='bbox 303 1138 417 1206; x_wconf 79' lang='grc' dir='ltr'>καὶ,</span> <span class='ocrx_word' id='word_1_70' title='bbox 456 1159 483 1191; x_wconf 79' lang='grc' dir='ltr'><strong>ιι</strong></span> <span class='ocrx_word' id='word_1_71' title='bbox 511 1139 572 1195; x_wconf 76' lang='grc' dir='ltr'><strong>Ὀ</strong></span> <span class='ocrx_word' id='word_1_72' title='bbox 618 1139 872 1212; x_wconf 70' lang='grc' dir='ltr'>ἑωρακὼς</span> <span class='ocrx_word' id='word_1_73' title='bbox 924 1137 1022 1212; x_wconf 74' lang='grc' dir='ltr'><strong>ἐμὲ</strong></span> <span class='ocrx_word' id='word_1_74' title='bbox 1067 1139 1271 1206; x_wconf 66' lang='grc' dir='ltr'>ἑώρακε</span> <span class='ocrx_word' id='word_1_75' title='bbox 1309 1139 1398 1192; x_wconf 91' lang='grc' dir='ltr'><strong>τὸν</strong></span> <span class='ocrx_word' id='word_1_76' title='bbox 1434 1139 1663 1211; x_wconf 72' lang='grc' dir='ltr'>Πατέραο</span> <span class='ocrx_word' id='word_1_77' title='bbox 1699 1160 1728 1188; x_wconf 89' lang='grc'><strong>››</strong></span> <span class='ocrx_word' id='word_1_78' title='bbox 1759 1137 1954 1192; x_wconf 87' lang='grc' dir='ltr'>τούτου</span> 
     </span>
    </p>
   </div>
   <div class='ocr_carea' id='block_1_12' title="bbox 300 1225 1951 1302">
    <p class='ocr_par' dir='ltr' id='par_1_12' title="bbox 300 1225 1951 1302">
     <span class='ocr_line' id='line_1_12' title="bbox 300 1225 1951 1302; baseline -0.001 -21"><span class='ocrx_word' id='word_1_79' title='bbox 300 1227 482 1282; x_wconf 83' lang='grc' dir='ltr'>’ἐνεκεν</span> <span class='ocrx_word' id='word_1_80' title='bbox 549 1226 772 1288; x_wconf 81' lang='grc' dir='ltr'><strong>εἰκότως</strong></span> <span class='ocrx_word' id='word_1_81' title='bbox 843 1228 1091 1302; x_wconf 77' lang='grc' dir='ltr'><strong>εἰρήκασι</strong></span> <span class='ocrx_word' id='word_1_82' title='bbox 1149 1228 1238 1282; x_wconf 88' lang='grc' dir='ltr'>καὶ</span> <span class='ocrx_word' id='word_1_83' title='bbox 1296 1227 1455 1281; x_wconf 82' lang='grc' dir='ltr'>αὐτοὶ</span> <span class='ocrx_word' id='word_1_84' title='bbox 1515 1225 1808 1300; x_wconf 89' lang='grc' dir='ltr'>ὁμοούσιον</span> <span class='ocrx_word' id='word_1_85' title='bbox 1861 1226 1951 1280; x_wconf 91' lang='grc' dir='ltr'><strong>τὸν</strong></span> 
     </span>
    </p>
   </div>
   <div class='ocr_carea' id='block_1_13' title="bbox 302 1311 1952 1392">
    <p class='ocr_par' dir='ltr' id='par_1_13' title="bbox 302 1311 1952 1392">
     <span class='ocr_line' id='line_1_13' title="bbox 302 1311 1952 1392; baseline -0.001 -23"><span class='ocrx_word' id='word_1_86' title='bbox 302 1315 448 1372; x_wconf 71' lang='grc' dir='ltr'>Υἱόν.</span> <span class='ocrx_word' id='word_1_87' title='bbox 502 1317 597 1370; x_wconf 77' lang='grc' dir='ltr'>Καὶ</span> <span class='ocrx_word' id='word_1_88' title='bbox 650 1311 852 1392; x_wconf 77' lang='grc' dir='ltr'>ὥσπερ,</span> <span class='ocrx_word' id='word_1_89' title='bbox 905 1316 1040 1371; x_wconf 76' lang='grc' dir='ltr'>καθὰ</span> <span class='ocrx_word' id='word_1_90' title='bbox 1093 1321 1380 1391; x_wconf 77' lang='grc' dir='ltr'><strong>προεῖπον,</strong></span> <span class='ocrx_word' id='word_1_91' title='bbox 1436 1314 1534 1369; x_wconf 84' lang='grc' dir='ltr'><strong>οὐκ</strong></span> <span class='ocrx_word' id='word_1_92' title='bbox 1578 1313 1636 1369; x_wconf 62' lang='grc' dir='ltr'><strong>ἂν</strong></span> <span class='ocrx_word' id='word_1_93' title='bbox 1673 1335 1748 1377; x_wconf 88' lang='grc' dir='ltr'><strong>εις</strong></span> <span class='ocrx_word' id='word_1_94' title='bbox 1780 1314 1952 1368; x_wconf 73' lang='grc' dir='ltr'>αἰτιά-</span> 
     </span>
    </p>
   </div>
   <div class='ocr_carea' id='block_1_14' title="bbox 303 1403 1953 1479">
    <p class='ocr_par' dir='ltr' id='par_1_14' title="bbox 303 1403 1953 1479">
     <span class='ocr_line' id='line_1_14' title="bbox 303 1403 1953 1479; baseline -0.001 -21"><span class='ocrx_word' id='word_1_95' title='bbox 303 1425 456 1460; x_wconf 87' lang='grc' dir='ltr'>σαιτο</span> <span class='ocrx_word' id='word_1_96' title='bbox 484 1405 576 1459; x_wconf 91' lang='grc' dir='ltr'><strong>τὸν</strong></span> <span class='ocrx_word' id='word_1_97' title='bbox 633 1404 988 1472; x_wconf 86' lang='grc' dir='ltr'>Ἀπόστολον,</span> <span class='ocrx_word' id='word_1_98' title='bbox 1042 1405 1086 1460; x_wconf 80' lang='grc' dir='ltr'><strong>εἰ</strong></span> <span class='ocrx_word' id='word_1_99' title='bbox 1142 1405 1265 1479; x_wconf 86' lang='grc' dir='ltr'>περὶ</span> <span class='ocrx_word' id='word_1_100' title='bbox 1306 1409 1402 1458; x_wconf 91' lang='grc' dir='ltr'><strong>τοῦ</strong></span> <span class='ocrx_word' id='word_1_101' title='bbox 1433 1404 1628 1478; x_wconf 80' lang='grc' dir='ltr'>νόμου,</span> <span class='ocrx_word' id='word_1_102' title='bbox 1660 1403 1953 1478; x_wconf 74' lang='grc' dir='ltr'>Ῥωμαίοις</span> 
     </span>
    </p>
   </div>
   <div class='ocr_carea' id='block_1_15' title="bbox 308 1491 1949 1569">
    <p class='ocr_par' dir='ltr' id='par_1_15' title="bbox 308 1491 1949 1569">
     <span class='ocr_line' id='line_1_15' title="bbox 308 1491 1949 1569; baseline -0.001 -20"><span class='ocrx_word' id='word_1_103' title='bbox 308 1495 402 1567; x_wconf 74' lang='grc' dir='ltr'>μὲν</span> <span class='ocrx_word' id='word_1_104' title='bbox 454 1494 650 1566; x_wconf 70' lang='grc' dir='ltr'>οὕτως,</span> <span class='ocrx_word' id='word_1_105' title='bbox 705 1491 976 1567; x_wconf 78' lang='grc' dir='ltr'>Ἑϐραίοις</span> <span class='ocrx_word' id='word_1_106' title='bbox 1030 1492 1087 1550; x_wconf 74' lang='grc' dir='ltr'>δὲ</span> <span class='ocrx_word' id='word_1_107' title='bbox 1144 1494 1314 1556; x_wconf 78' lang='grc' dir='ltr'>οὕτως</span> <span class='ocrx_word' id='word_1_108' title='bbox 1372 1493 1586 1569; x_wconf 81' lang='grc' dir='ltr'>ἔγραψε·</span> <span class='ocrx_word' id='word_1_109' title='bbox 1641 1495 1732 1548; x_wconf 89' lang='grc' dir='ltr'><strong>τὸν</strong></span> <span class='ocrx_word' id='word_1_110' title='bbox 1793 1493 1949 1548; x_wconf 78' lang='grc' dir='ltr'>αὐτὸν</span> 
     </span>
    </p>
   </div>
   <div class='ocr_carea' id='block_1_16' title="bbox 301 1582 1950 1659">
    <p class='ocr_par' dir='ltr' id='par_1_16' title="bbox 301 1582 1950 1659">
     <span class='ocr_line' id='line_1_16' title="bbox 301 1582 1950 1659; baseline -0.001 -21"><span class='ocrx_word' id='word_1_111' title='bbox 301 1584 506 1658; x_wconf 83' lang='grc' dir='ltr'><strong>τρόπον</strong></span> <span class='ocrx_word' id='word_1_112' title='bbox 535 1583 657 1638; x_wconf 77' lang='grc' dir='ltr'>οὕτε</span> <span class='ocrx_word' id='word_1_113' title='bbox 687 1584 738 1639; x_wconf 76' lang='grc' dir='ltr'>οἱ</span> <span class='ocrx_word' id='word_1_114' title='bbox 787 1589 878 1638; x_wconf 91' lang='grc' dir='ltr'><strong>νῦν</strong></span> <span class='ocrx_word' id='word_1_115' title='bbox 928 1589 1044 1646; x_wconf 85' lang='grc' dir='ltr'>τοῖς</span> <span class='ocrx_word' id='word_1_116' title='bbox 1084 1585 1373 1659; x_wconf 72' lang='grc' dir='ltr'>προτέροις</span> <span class='ocrx_word' id='word_1_117' title='bbox 1421 1582 1789 1658; x_wconf 77' lang='grc' dir='ltr'>ἐγκαλέσαεεν,</span> <span class='ocrx_word' id='word_1_118' title='bbox 1828 1582 1950 1657; x_wconf 73' lang='grc' dir='ltr'><strong>βλέ-</strong></span> 
     </span>
    </p>
   </div>
   <div class='ocr_carea' id='block_1_17' title="bbox 303 1668 1950 1748">
    <p class='ocr_par' dir='ltr' id='par_1_17' title="bbox 303 1668 1950 1748">
     <span class='ocr_line' id='line_1_17' title="bbox 303 1668 1950 1748; baseline -0.001 -22"><span class='ocrx_word' id='word_1_119' title='bbox 303 1692 496 1734; x_wconf 88' lang='grc' dir='ltr'>ποντες</span> <span class='ocrx_word' id='word_1_120' title='bbox 529 1671 702 1727; x_wconf 79' lang='grc' dir='ltr'>αὐτῶν</span> <span class='ocrx_word' id='word_1_121' title='bbox 737 1675 834 1742; x_wconf 79' lang='grc' dir='ltr'><strong>τὴν</strong></span> <span class='ocrx_word' id='word_1_122' title='bbox 893 1671 1202 1747; x_wconf 88' lang='grc' dir='ltr'>ἐρμηνείαν·</span> <span class='ocrx_word' id='word_1_123' title='bbox 1255 1668 1377 1726; x_wconf 73' lang='grc' dir='ltr'>οὕτε</span> <span class='ocrx_word' id='word_1_124' title='bbox 1428 1673 1480 1726; x_wconf 78' lang='grc' dir='ltr'>οἱ</span> <span class='ocrx_word' id='word_1_125' title='bbox 1529 1671 1784 1748; x_wconf 83' lang='grc' dir='ltr'>πρότεροι</span> <span class='ocrx_word' id='word_1_126' title='bbox 1824 1670 1950 1734; x_wconf 80' lang='grc' dir='ltr'>τοὺς</span> 
     </span>
    </p>
   </div>
   <div class='ocr_carea' id='block_1_18' title="bbox 307 1758 1952 1834">
    <p class='ocr_par' dir='ltr' id='par_1_18' title="bbox 307 1758 1952 1834">
     <span class='ocr_line' id='line_1_18' title="bbox 307 1758 1952 1834; baseline -0.001 -19"><span class='ocrx_word' id='word_1_127' title='bbox 307 1761 422 1832; x_wconf 83' lang='grc' dir='ltr'>μετ’</span> <span class='ocrx_word' id='word_1_128' title='bbox 480 1759 673 1820; x_wconf 81' lang='grc' dir='ltr'>αὐτοὺς</span> <span class='ocrx_word' id='word_1_129' title='bbox 739 1759 1024 1834; x_wconf 72' lang='grc' dir='ltr'>μέμψαιντ’</span> <span class='ocrx_word' id='word_1_130' title='bbox 1082 1758 1167 1828; x_wconf 77' lang='grc' dir='ltr'><strong>ἂν,</strong></span> <span class='ocrx_word' id='word_1_131' title='bbox 1223 1761 1453 1833; x_wconf 81' lang='grc' dir='ltr'>ὁρῶντες</span> <span class='ocrx_word' id='word_1_132' title='bbox 1510 1761 1609 1828; x_wconf 75' lang='grc' dir='ltr'>τὴν</span> <span class='ocrx_word' id='word_1_133' title='bbox 1670 1759 1952 1834; x_wconf 70' lang='grc' dir='ltr'>ἑρμηνείαν</span> 
     </span>
    </p>
   </div>
   <div class='ocr_carea' id='block_1_19' title="bbox 304 1847 1950 1926">
    <p class='ocr_par' dir='ltr' id='par_1_19' title="bbox 304 1847 1950 1926">
     <span class='ocr_line' id='line_1_19' title="bbox 304 1847 1950 1926; baseline 0 -23"><span class='ocrx_word' id='word_1_134' title='bbox 304 1849 505 1918; x_wconf 79' lang='grc' dir='ltr'>αὐτῶν,</span> <span class='ocrx_word' id='word_1_135' title='bbox 537 1849 626 1904; x_wconf 85' lang='grc' dir='ltr'><strong>καὶ</strong></span> <span class='ocrx_word' id='word_1_136' title='bbox 684 1851 780 1918; x_wconf 82' lang='grc' dir='ltr'><strong>τήν</strong></span> <span class='ocrx_word' id='word_1_137' title='bbox 839 1847 1028 1926; x_wconf 85' lang='grc' dir='ltr'>χρείαν</span> <span class='ocrx_word' id='word_1_138' title='bbox 1090 1847 1160 1904; x_wconf 86' lang='grc' dir='ltr'>δι’</span> <span class='ocrx_word' id='word_1_139' title='bbox 1206 1848 1268 1923; x_wconf 73' lang='grc' dir='ltr'>ᾖν</span> <span class='ocrx_word' id='word_1_140' title='bbox 1320 1848 1492 1911; x_wconf 77' lang='grc' dir='ltr'>οὕτως</span> <span class='ocrx_word' id='word_1_141' title='bbox 1543 1847 1775 1924; x_wconf 79' lang='grc' dir='ltr'>ἔγραψαν</span> <span class='ocrx_word' id='word_1_142' title='bbox 1826 1848 1950 1924; x_wconf 83' lang='grc' dir='ltr'>περὶ</span> 
     </span>
    </p>
   </div>
   <div class='ocr_carea' id='block_1_20' title="bbox 2065 696 3723 769">
    <p class='ocr_par' dir='ltr' id='par_1_20' title="bbox 2065 696 3723 769">
     <span class='ocr_line' id='line_1_20' title="bbox 2065 696 3723 769; baseline 0.001 -17"><span class='ocrx_word' id='word_1_143' title='bbox 2065 713 2222 768; x_wconf 89' lang='lat' dir='ltr'><strong>sum,</strong></span> <span class='ocrx_word' id='word_1_144' title='bbox 2263 697 2346 752; x_wconf 85' lang='lat' dir='ltr'><strong>uti</strong></span> <span class='ocrx_word' id='word_1_145' title='bbox 2380 714 2442 753; x_wconf 90' lang='lat' dir='ltr'><strong>se</strong></span> <span class='ocrx_word' id='word_1_146' title='bbox 2474 698 2647 752; x_wconf 80' lang='lat' dir='ltr'><strong>habet</strong></span> <span class='ocrx_word' id='word_1_147' title='bbox 2678 696 2956 768; x_wconf 80' lang='lat' dir='ltr'><strong>splendor</strong></span> <span class='ocrx_word' id='word_1_148' title='bbox 2986 713 3124 769; x_wconf 87' lang='lat' dir='ltr'><strong>erga</strong></span> <span class='ocrx_word' id='word_1_149' title='bbox 3155 697 3345 754; x_wconf 86' lang='lat' dir='ltr'><strong>lucem</strong></span> <span class='ocrx_word' id='word_1_150' title='bbox 3373 716 3388 766; x_wconf 90' lang='lat'><strong>;</strong></span> <span class='ocrx_word' id='word_1_151' title='bbox 3417 716 3551 754; x_wconf 90' lang='lat' dir='ltr'><strong>cum</strong></span> <span class='ocrx_word' id='word_1_152' title='bbox 3585 700 3723 754; x_wconf 89' lang='lat' dir='ltr'><strong>item</strong></span> 
     </span>
    </p>
   </div>
   <div class='ocr_carea' id='block_1_21' title="bbox 2067 785 3722 858">
    <p class='ocr_par' dir='ltr' id='par_1_21' title="bbox 2067 785 3722 858">
     <span class='ocr_line' id='line_1_21' title="bbox 2067 785 3722 858; baseline 0.002 -19"><span class='ocrx_word' id='word_1_153' title='bbox 2067 785 2180 840; x_wconf 84' lang='lat' dir='ltr'><strong>sibi</strong></span> <span class='ocrx_word' id='word_1_154' title='bbox 2231 787 2488 842; x_wconf 85' lang='lat' dir='ltr'><strong>faverent</strong></span> <span class='ocrx_word' id='word_1_155' title='bbox 2529 786 2788 858; x_wconf 80' lang='lat' dir='ltr'><strong>Dionysii</strong></span> <span class='ocrx_word' id='word_1_156' title='bbox 2819 785 3103 858; x_wconf 86' lang='lat' dir='ltr'><strong>exempla,</strong></span> <span class='ocrx_word' id='word_1_157' title='bbox 3139 787 3318 842; x_wconf 86' lang='lat' dir='ltr'><strong>fontis</strong></span> <span class='ocrx_word' id='word_1_158' title='bbox 3345 787 3566 844; x_wconf 81' lang='lat' dir='ltr'><strong>scilicet</strong></span> <span class='ocrx_word' id='word_1_159' title='bbox 3595 805 3722 858; x_wconf 84' lang='lat' dir='ltr'><strong>vox,</strong></span> 
     </span>
    </p>
   </div>
   <div class='ocr_carea' id='block_1_22' title="bbox 2066 873 3722 944">
    <p class='ocr_par' dir='ltr' id='par_1_22' title="bbox 2066 873 3722 944">
     <span class='ocr_line' id='line_1_22' title="bbox 2066 873 3722 944; baseline 0.003 -16"><span class='ocrx_word' id='word_1_160' title='bbox 2066 879 2124 929; x_wconf 89' lang='lat' dir='ltr'><strong>et</strong></span> <span class='ocrx_word' id='word_1_161' title='bbox 2155 875 2676 930; x_wconf 88' lang='lat' dir='ltr'><strong>consubstantialis</strong></span> <span class='ocrx_word' id='word_1_162' title='bbox 2728 873 3010 944; x_wconf 80' lang='lat' dir='ltr'><strong>defensio,</strong></span> <span class='ocrx_word' id='word_1_163' title='bbox 3043 879 3098 928; x_wconf 92' lang='lat' dir='ltr'><strong>et</strong></span> <span class='ocrx_word' id='word_1_164' title='bbox 3147 881 3280 930; x_wconf 83' lang='lat' dir='ltr'><strong>ante</strong></span> <span class='ocrx_word' id='word_1_165' title='bbox 3321 877 3434 932; x_wconf 91' lang='lat' dir='ltr'><strong>ista</strong></span> <span class='ocrx_word' id='word_1_166' title='bbox 3463 894 3570 932; x_wconf 82' lang='lat' dir='ltr'><strong>vox</strong></span> <span class='ocrx_word' id='word_1_167' title='bbox 3599 877 3722 932; x_wconf 88' lang='lat' dir='ltr'><strong>Sal-</strong></span> 
     </span>
    </p>
   </div>
   <div class='ocr_carea' id='block_1_23' title="bbox 2065 963 3723 1035">
    <p class='ocr_par' dir='ltr' id='par_1_23' title="bbox 2065 963 3723 1035">
     <span class='ocr_line' id='line_1_23' title="bbox 2065 963 3723 1035; baseline 0.002 -17"><span class='ocrx_word' id='word_1_168' title='bbox 2065 964 2283 1019; x_wconf 89' lang='lat' dir='ltr'><strong>vatoris</strong></span> <span class='ocrx_word' id='word_1_169' title='bbox 2314 964 2488 1020; x_wconf 83' lang='lat' dir='ltr'><strong>index</strong></span> <span class='ocrx_word' id='word_1_170' title='bbox 2537 963 2804 1028; x_wconf 74' lang='lat' dir='ltr'><strong>unitatis,</strong></span> <span class='ocrx_word' id='word_1_171' title='bbox 2855 985 2882 1014; x_wconf 84' lang='lat'><strong>«</strong></span> <span class='ocrx_word' id='word_1_172' title='bbox 2929 964 3047 1035; x_wconf 90' lang='lat' dir='ltr'><strong>Ego</strong></span> <span class='ocrx_word' id='word_1_173' title='bbox 3077 973 3133 1018; x_wconf 87' lang='lat' dir='ltr'><strong>et</strong></span> <span class='ocrx_word' id='word_1_174' title='bbox 3181 963 3352 1018; x_wconf 87' lang='lat' dir='ltr'><strong>Pater</strong></span> <span class='ocrx_word' id='word_1_175' title='bbox 3399 981 3583 1020; x_wconf 90' lang='lat' dir='ltr'><strong>unum</strong></span> <span class='ocrx_word' id='word_1_176' title='bbox 3617 983 3723 1021; x_wconf 91' lang='lat' dir='ltr'><strong>su—</strong></span> 
     </span>
    </p>
   </div>
   <div class='ocr_carea' id='block_1_24' title="bbox 2066 1051 3721 1124">
    <p class='ocr_par' dir='ltr' id='par_1_24' title="bbox 2066 1051 3721 1124">
     <span class='ocr_line' id='line_1_24' title="bbox 2066 1051 3721 1124; baseline 0.003 -18"><span class='ocrx_word' id='word_1_177' title='bbox 2066 1069 2198 1108; x_wconf 90' lang='lat' dir='ltr'><strong>mus</strong></span> <span class='ocrx_word' id='word_1_178' title='bbox 2219 1053 2284 1122; x_wconf 68' lang='lat'><strong>‘7,</strong></span> <span class='ocrx_word' id='word_1_179' title='bbox 2318 1076 2346 1102; x_wconf 83' lang='lat'>»</span> <span class='ocrx_word' id='word_1_180' title='bbox 2377 1058 2454 1124; x_wconf 90' lang='lat' dir='ltr'><strong>et,</strong></span> <span class='ocrx_word' id='word_1_181' title='bbox 2488 1075 2517 1103; x_wconf 86' lang='lat'>«</span> <span class='ocrx_word' id='word_1_182' title='bbox 2550 1053 2655 1118; x_wconf 89' lang='lat' dir='ltr'><strong>Qui</strong></span> <span class='ocrx_word' id='word_1_183' title='bbox 2689 1052 2836 1106; x_wconf 85' lang='lat' dir='ltr'><strong>vidit</strong></span> <span class='ocrx_word' id='word_1_184' title='bbox 2858 1068 2947 1106; x_wconf 93' lang='lat' dir='ltr'><strong>me</strong></span> <span class='ocrx_word' id='word_1_185' title='bbox 2975 1051 3119 1106; x_wconf 87' lang='lat' dir='ltr'><strong>vidit</strong></span> <span class='ocrx_word' id='word_1_186' title='bbox 3137 1057 3192 1106; x_wconf 90' lang='lat' dir='ltr'><strong>et</strong></span> <span class='ocrx_word' id='word_1_187' title='bbox 3216 1056 3444 1108; x_wconf 84' lang='lat' dir='ltr'><strong>Patrem</strong></span> <span class='ocrx_word' id='word_1_188' title='bbox 3468 1055 3510 1088; x_wconf 77' lang='grc'><strong>⁸⁸</strong></span> <span class='ocrx_word' id='word_1_189' title='bbox 3534 1071 3547 1108; x_wconf 89' lang='lat'><strong>:</strong></span> <span class='ocrx_word' id='word_1_190' title='bbox 3570 1077 3598 1105; x_wconf 85' lang='lat'>»</span> <span class='ocrx_word' id='word_1_191' title='bbox 3630 1070 3721 1121; x_wconf 86' lang='lat' dir='ltr'><strong>ea,</strong></span> 
     </span>
    </p>
   </div>
   <div class='ocr_carea' id='block_1_25' title="bbox 2063 1139 3718 1212">
    <p class='ocr_par' dir='ltr' id='par_1_25' title="bbox 2063 1139 3718 1212">
     <span class='ocr_line' id='line_1_25' title="bbox 2063 1139 3718 1212; baseline 0.002 -18"><span class='ocrx_word' id='word_1_192' title='bbox 2063 1140 2328 1212; x_wconf 90' lang='lat' dir='ltr'><strong>inquam,</strong></span> <span class='ocrx_word' id='word_1_193' title='bbox 2362 1143 2432 1197; x_wconf 94' lang='lat' dir='ltr'><strong>de</strong></span> <span class='ocrx_word' id='word_1_194' title='bbox 2463 1159 2657 1207; x_wconf 85' lang='lat' dir='ltr'><strong>causa,</strong></span> <span class='ocrx_word' id='word_1_195' title='bbox 2685 1142 2818 1212; x_wconf 83' lang='lat' dir='ltr'><strong>jure</strong></span> <span class='ocrx_word' id='word_1_196' title='bbox 2863 1146 2919 1195; x_wconf 89' lang='lat' dir='ltr'><strong>et</strong></span> <span class='ocrx_word' id='word_1_197' title='bbox 2950 1139 3062 1211; x_wconf 85' lang='lat' dir='ltr'><strong>ipsi</strong></span> <span class='ocrx_word' id='word_1_198' title='bbox 3097 1141 3308 1196; x_wconf 89' lang='lat' dir='ltr'><strong>Filium</strong></span> <span class='ocrx_word' id='word_1_199' title='bbox 3329 1145 3718 1197; x_wconf 84' lang='lat' dir='ltr'><strong>consubstan-</strong></span> 
     </span>
    </p>
   </div>
   <div class='ocr_carea' id='block_1_26' title="bbox 2065 1229 3720 1302">
    <p class='ocr_par' dir='ltr' id='par_1_26' title="bbox 2065 1229 3720 1302">
     <span class='ocr_line' id='line_1_26' title="bbox 2065 1229 3720 1302; baseline 0.001 -18"><span class='ocrx_word' id='word_1_200' title='bbox 2065 1229 2265 1284; x_wconf 82' lang='lat' dir='ltr'><strong>tialem</strong></span> <span class='ocrx_word' id='word_1_201' title='bbox 2299 1230 2591 1284; x_wconf 86' lang='lat' dir='ltr'><strong>dixerunt.</strong></span> <span class='ocrx_word' id='word_1_202' title='bbox 2619 1230 2686 1284; x_wconf 82' lang='lat' dir='ltr'><strong>Et</strong></span> <span class='ocrx_word' id='word_1_203' title='bbox 2718 1230 2963 1292; x_wconf 88' lang='lat' dir='ltr'><strong>sicut,ut</strong></span> <span class='ocrx_word' id='word_1_204' title='bbox 2993 1245 3171 1296; x_wconf 80' lang='lat' dir='ltr'><strong>supra</strong></span> <span class='ocrx_word' id='word_1_205' title='bbox 3192 1229 3330 1298; x_wconf 85' lang='lat' dir='ltr'><strong>dixi,</strong></span> <span class='ocrx_word' id='word_1_206' title='bbox 3365 1247 3536 1285; x_wconf 88' lang='lat' dir='ltr'><strong>nemo</strong></span> <span class='ocrx_word' id='word_1_207' title='bbox 3567 1235 3720 1302; x_wconf 81' lang='lat' dir='ltr'><strong>Apo-</strong></span> 
     </span>
    </p>
   </div>
   <div class='ocr_carea' id='block_1_27' title="bbox 2064 1316 3716 1391">
    <p class='ocr_par' dir='ltr' id='par_1_27' title="bbox 2064 1316 3716 1391">
     <span class='ocr_line' id='line_1_27' title="bbox 2064 1316 3716 1391; baseline 0 -17"><span class='ocrx_word' id='word_1_208' title='bbox 2064 1317 2285 1374; x_wconf 88' lang='lat' dir='ltr'><strong>stolum</strong></span> <span class='ocrx_word' id='word_1_209' title='bbox 2318 1318 2810 1391; x_wconf 82' lang='lat' dir='ltr'><strong>culpaveritquod</strong></span> <span class='ocrx_word' id='word_1_210' title='bbox 2845 1318 2915 1372; x_wconf 87' lang='lat' dir='ltr'><strong>de</strong></span> <span class='ocrx_word' id='word_1_211' title='bbox 2939 1316 3065 1388; x_wconf 85' lang='lat' dir='ltr'><strong>lege</strong></span> <span class='ocrx_word' id='word_1_212' title='bbox 3087 1318 3362 1374; x_wconf 78' lang='lat' dir='ltr'><strong>Romanis</strong></span> <span class='ocrx_word' id='word_1_213' title='bbox 3384 1319 3491 1374; x_wconf 93' lang='lat' dir='ltr'><strong>hoc</strong></span> <span class='ocrx_word' id='word_1_214' title='bbox 3523 1321 3716 1386; x_wconf 90' lang='lat' dir='ltr'><strong>modo,</strong></span> 
     </span>
    </p>
   </div>
   <div class='ocr_carea' id='block_1_28' title="bbox 2063 1407 3720 1480">
    <p class='ocr_par' dir='ltr' id='par_1_28' title="bbox 2063 1407 3720 1480">
     <span class='ocr_line' id='line_1_28' title="bbox 2063 1407 3720 1480; baseline 0.001 -17"><span class='ocrx_word' id='word_1_215' title='bbox 2063 1407 2321 1464; x_wconf 67' lang='lat' dir='ltr'><strong>Hebraeis</strong></span> <span class='ocrx_word' id='word_1_216' title='bbox 2352 1407 2466 1463; x_wconf 90' lang='lat' dir='ltr'><strong>alio</strong></span> <span class='ocrx_word' id='word_1_217' title='bbox 2497 1407 2819 1480; x_wconf 84' lang='lat' dir='ltr'><strong>scripserit,</strong></span> <span class='ocrx_word' id='word_1_218' title='bbox 2851 1407 2934 1460; x_wconf 91' lang='lat' dir='ltr'><strong>sic</strong></span> <span class='ocrx_word' id='word_1_219' title='bbox 2965 1423 3067 1461; x_wconf 92' lang='lat' dir='ltr'><strong>nec</strong></span> <span class='ocrx_word' id='word_1_220' title='bbox 3101 1407 3405 1477; x_wconf 68' lang='lat' dir='ltr'><strong>praesentis</strong></span> <span class='ocrx_word' id='word_1_221' title='bbox 3435 1409 3720 1480; x_wconf 86' lang='lat' dir='ltr'><strong>temporis</strong></span> 
     </span>
    </p>
   </div>
   <div class='ocr_carea' id='block_1_29' title="bbox 2062 1495 3717 1568">
    <p class='ocr_par' dir='ltr' id='par_1_29' title="bbox 2062 1495 3717 1568">
     <span class='ocr_line' id='line_1_29' title="bbox 2062 1495 3717 1568; baseline 0.001 -17"><span class='ocrx_word' id='word_1_222' title='bbox 2062 1495 2332 1552; x_wconf 79' lang='lat' dir='ltr'><strong>homines</strong></span> <span class='ocrx_word' id='word_1_223' title='bbox 2381 1497 2605 1568; x_wconf 89' lang='lat' dir='ltr'><strong>priscos</strong></span> <span class='ocrx_word' id='word_1_224' title='bbox 2656 1496 2752 1550; x_wconf 91' lang='lat' dir='ltr'><strong>illo</strong></span> <span class='ocrx_word' id='word_1_225' title='bbox 2801 1495 3092 1550; x_wconf 84' lang='lat' dir='ltr'><strong>criminati</strong></span> <span class='ocrx_word' id='word_1_226' title='bbox 3149 1496 3385 1562; x_wconf 78' lang='lat' dir='ltr'><strong>fuerint,</strong></span> <span class='ocrx_word' id='word_1_227' title='bbox 3419 1497 3468 1551; x_wconf 90' lang='lat' dir='ltr'><strong>si</strong></span> <span class='ocrx_word' id='word_1_228' title='bbox 3513 1513 3717 1552; x_wconf 87' lang='lat' dir='ltr'><strong>eorum</strong></span> 
     </span>
    </p>
   </div>
   <div class='ocr_carea' id='block_1_30' title="bbox 2062 1584 3719 1656">
    <p class='ocr_par' dir='ltr' id='par_1_30' title="bbox 2062 1584 3719 1656">
     <span class='ocr_line' id='line_1_30' title="bbox 2062 1584 3719 1656; baseline 0.001 -18"><span class='ocrx_word' id='word_1_229' title='bbox 2062 1584 2995 1656; x_wconf 86' lang='lat' dir='ltr'><strong>considerentinterpretationem</strong></span> <span class='ocrx_word' id='word_1_230' title='bbox 3018 1600 3030 1649; x_wconf 92' lang='lat'><strong>;</strong></span> <span class='ocrx_word' id='word_1_231' title='bbox 3053 1599 3241 1654; x_wconf 91' lang='lat' dir='ltr'><strong>neque</strong></span> <span class='ocrx_word' id='word_1_232' title='bbox 3264 1584 3436 1654; x_wconf 91' lang='lat' dir='ltr'><strong>prisci</strong></span> <span class='ocrx_word' id='word_1_233' title='bbox 3455 1594 3719 1656; x_wconf 75' lang='lat' dir='ltr'><strong>posteros</strong></span> 
     </span>
    </p>
   </div>
   <div class='ocr_carea' id='block_1_31' title="bbox 2063 1673 3716 1746">
    <p class='ocr_par' dir='ltr' id='par_1_31' title="bbox 2063 1673 3716 1746">
     <span class='ocr_line' id='line_1_31' title="bbox 2063 1673 3716 1746; baseline 0.001 -18"><span class='ocrx_word' id='word_1_234' title='bbox 2063 1673 2542 1744; x_wconf 88' lang='lat' dir='ltr'><strong>reprehenderint</strong></span> <span class='ocrx_word' id='word_1_235' title='bbox 2563 1673 2611 1728; x_wconf 92' lang='lat' dir='ltr'><strong>si</strong></span> <span class='ocrx_word' id='word_1_236' title='bbox 2627 1673 2932 1728; x_wconf 85' lang='lat' dir='ltr'><strong>advertant</strong></span> <span class='ocrx_word' id='word_1_237' title='bbox 2953 1688 3067 1743; x_wconf 90' lang='lat' dir='ltr'><strong>qua</strong></span> <span class='ocrx_word' id='word_1_238' title='bbox 3087 1673 3378 1727; x_wconf 89' lang='lat' dir='ltr'><strong>sententia</strong></span> <span class='ocrx_word' id='word_1_239' title='bbox 3393 1679 3449 1728; x_wconf 90' lang='lat' dir='ltr'><strong>et</strong></span> <span class='ocrx_word' id='word_1_240' title='bbox 3467 1690 3581 1746; x_wconf 90' lang='lat' dir='ltr'><strong>quo</strong></span> <span class='ocrx_word' id='word_1_241' title='bbox 3605 1691 3716 1730; x_wconf 90' lang='lat' dir='ltr'><strong>usu</strong></span> 
     </span>
    </p>
   </div>
   <div class='ocr_carea' id='block_1_32' title="bbox 2064 1761 3718 1836">
    <p class='ocr_par' dir='ltr' id='par_1_32' title="bbox 2064 1761 3718 1836">
     <span class='ocr_line' id='line_1_32' title="bbox 2064 1761 3718 1836; baseline 0.002 -21"><span class='ocrx_word' id='word_1_242' title='bbox 2064 1761 2147 1818; x_wconf 91' lang='lat' dir='ltr'><strong>ita</strong></span> <span class='ocrx_word' id='word_1_243' title='bbox 2173 1763 2242 1818; x_wconf 91' lang='lat' dir='ltr'><strong>de</strong></span> <span class='ocrx_word' id='word_1_244' title='bbox 2263 1762 2511 1818; x_wconf 90' lang='lat' dir='ltr'><strong>Domino</strong></span> <span class='ocrx_word' id='word_1_245' title='bbox 2543 1761 3158 1834; x_wconf 76' lang='lat' dir='ltr'><strong>scripserunt.Etenim</strong></span> <span class='ocrx_word' id='word_1_246' title='bbox 3187 1767 3435 1834; x_wconf 87' lang='lat' dir='ltr'><strong>utraque</strong></span> <span class='ocrx_word' id='word_1_247' title='bbox 3457 1765 3718 1836; x_wconf 85' lang='lat' dir='ltr'><strong>synodus</strong></span> 
     </span>
    </p>
   </div>
   <div class='ocr_carea' id='block_1_33' title="bbox 2061 1849 3721 1922">
    <p class='ocr_par' dir='ltr' id='par_1_33' title="bbox 2061 1849 3721 1922">
     <span class='ocr_line' id='line_1_33' title="bbox 2061 1849 3721 1922; baseline 0.002 -17"><span class='ocrx_word' id='word_1_248' title='bbox 2061 1867 2130 1905; x_wconf 84' lang='lat' dir='ltr'><strong>ex</strong></span> <span class='ocrx_word' id='word_1_249' title='bbox 2160 1850 2423 1922; x_wconf 90' lang='lat' dir='ltr'><strong>legitima</strong></span> <span class='ocrx_word' id='word_1_250' title='bbox 2477 1866 2654 1906; x_wconf 87' lang='lat' dir='ltr'><strong>causa</strong></span> <span class='ocrx_word' id='word_1_251' title='bbox 2687 1851 2796 1905; x_wconf 92' lang='lat' dir='ltr'><strong>hoc</strong></span> <span class='ocrx_word' id='word_1_252' title='bbox 2850 1851 3021 1906; x_wconf 91' lang='lat' dir='ltr'><strong>modo</strong></span> <span class='ocrx_word' id='word_1_253' title='bbox 3053 1849 3186 1915; x_wconf 76' lang='lat' dir='ltr'><strong>alia,</strong></span> <span class='ocrx_word' id='word_1_254' title='bbox 3223 1851 3334 1906; x_wconf 90' lang='lat' dir='ltr'><strong>alio</strong></span> <span class='ocrx_word' id='word_1_255' title='bbox 3383 1851 3496 1906; x_wconf 91' lang='lat' dir='ltr'><strong>alia</strong></span> <span class='ocrx_word' id='word_1_256' title='bbox 3527 1851 3721 1910; x_wconf 85' lang='lat' dir='ltr'><strong>locuta</strong></span> 
     </span>
    </p>
   </div>
   <div class='ocr_carea' id='block_1_34' title="bbox 300 1937 1948 2037">
    <p class='ocr_par' dir='ltr' id='par_1_34' title="bbox 300 1937 1948 2014">
     <span class='ocr_line' id='line_1_34' title="bbox 300 1937 1948 2014; baseline -0.001 -22"><span class='ocrx_word' id='word_1_257' title='bbox 300 1942 398 1992; x_wconf 88' lang='lat'><strong>106</strong></span> <span class='ocrx_word' id='word_1_258' title='bbox 452 1938 672 2014; x_wconf 82' lang='grc' dir='ltr'>Κυρίου.</span> <span class='ocrx_word' id='word_1_259' title='bbox 732 1939 832 1995; x_wconf 79' lang='grc' dir='ltr'>Καὶ</span> <span class='ocrx_word' id='word_1_260' title='bbox 889 1939 989 2014; x_wconf 83' lang='grc' dir='ltr'><strong>γὰρ</strong></span> <span class='ocrx_word' id='word_1_261' title='bbox 1047 1939 1133 1993; x_wconf 81' lang='grc' dir='ltr'><strong>καὶ</strong></span> <span class='ocrx_word' id='word_1_262' title='bbox 1193 1939 1292 2006; x_wconf 78' lang='grc' dir='ltr'><strong>την</strong></span> <span class='ocrx_word' id='word_1_263' title='bbox 1347 1937 1518 1992; x_wconf 77' lang='grc' dir='ltr'>αἰτίαν</span> <span class='ocrx_word' id='word_1_264' title='bbox 1582 1938 1774 2008; x_wconf 69' lang='grc' dir='ltr'>ἑκάστη</span> <span class='ocrx_word' id='word_1_265' title='bbox 1826 1937 1948 1992; x_wconf 92' lang='grc' dir='ltr'>σύν-</span> 
     </span>
    </p>
   </div>
   <div class='ocr_carea' id='block_1_35' title="bbox 2063 1937 3717 2037">
    <p class='ocr_par' dir='ltr' id='par_1_35' title="bbox 2063 1939 3717 2000">
     <span class='ocr_line' id='line_1_35' title="bbox 2063 1939 3717 2000; baseline 0.002 -3"><span class='ocrx_word' id='word_1_266' title='bbox 2063 1947 2168 1997; x_wconf 89' lang='lat' dir='ltr'><strong>est.</strong></span> <span class='ocrx_word' id='word_1_267' title='bbox 2199 1945 2340 1997; x_wconf 90' lang='lat' dir='ltr'><strong>Cum</strong></span> <span class='ocrx_word' id='word_1_268' title='bbox 2383 1941 2538 1997; x_wconf 91' lang='lat' dir='ltr'><strong>enim</strong></span> <span class='ocrx_word' id='word_1_269' title='bbox 2584 1940 3015 1996; x_wconf 87' lang='lat' dir='ltr'><strong>Samosatensis</strong></span> <span class='ocrx_word' id='word_1_270' title='bbox 3068 1939 3275 1996; x_wconf 85' lang='lat' dir='ltr'><strong>Filium</strong></span> <span class='ocrx_word' id='word_1_271' title='bbox 3326 1942 3568 1998; x_wconf 90' lang='lat' dir='ltr'><strong>sentiret</strong></span> <span class='ocrx_word' id='word_1_272' title='bbox 3599 1960 3717 2000; x_wconf 90' lang='lat' dir='ltr'><strong>non</strong></span> 
     </span>
    </p>
   </div>
   <div class='ocr_carea' id='block_1_36' title="bbox 303 2023 1948 2104">
    <p class='ocr_par' dir='ltr' id='par_1_36' title="bbox 303 2023 1948 2104">
     <span class='ocr_line' id='line_1_36' title="bbox 303 2023 1948 2104; baseline -0.001 -22"><span class='ocrx_word' id='word_1_273' title='bbox 303 2024 427 2089; x_wconf 84' lang='grc' dir='ltr'>οδος</span> <span class='ocrx_word' id='word_1_274' title='bbox 452 2030 567 2101; x_wconf 81' lang='grc'>(14)</span> <span class='ocrx_word' id='word_1_275' title='bbox 597 2025 823 2102; x_wconf 72' lang='grc' dir='ltr'>εὔλογον</span> <span class='ocrx_word' id='word_1_276' title='bbox 858 2024 998 2104; x_wconf 79' lang='grc' dir='ltr'>ἔχει,</span> <span class='ocrx_word' id='word_1_277' title='bbox 1028 2025 1098 2082; x_wconf 84' lang='grc' dir='ltr'>δι’</span> <span class='ocrx_word' id='word_1_278' title='bbox 1126 2029 1192 2097; x_wconf 79' lang='grc' dir='ltr'><strong>ἣν</strong></span> <span class='ocrx_word' id='word_1_279' title='bbox 1226 2027 1277 2082; x_wconf 77' lang='grc' dir='ltr'>οἱ</span> <span class='ocrx_word' id='word_1_280' title='bbox 1313 2027 1407 2100; x_wconf 76' lang='grc' dir='ltr'>μὶν</span> <span class='ocrx_word' id='word_1_281' title='bbox 1441 2023 1636 2100; x_wconf 75' lang='grc' dir='ltr'>οὕτως,</span> <span class='ocrx_word' id='word_1_282' title='bbox 1689 2028 1739 2081; x_wconf 86' lang='lat' dir='ltr'><strong>o&#39;t</strong></span> <span class='ocrx_word' id='word_1_283' title='bbox 1773 2024 1828 2081; x_wconf 77' lang='grc' dir='ltr'>δὲ</span> <span class='ocrx_word' id='word_1_284' title='bbox 1859 2026 1948 2082; x_wconf 77' lang='grc' dir='ltr'>οὕ-</span> 
     </span>
    </p>
   </div>
   <div class='ocr_carea' id='block_1_37' title="bbox 299 2112 1948 2194">
    <p class='ocr_par' dir='ltr' id='par_1_37' title="bbox 299 2112 1948 2194">
     <span class='ocr_line' id='line_1_37' title="bbox 299 2112 1948 2194; baseline -0.001 -22"><span class='ocrx_word' id='word_1_285' title='bbox 299 2138 409 2179; x_wconf 89' lang='grc' dir='ltr'><strong>τως</strong></span> <span class='ocrx_word' id='word_1_286' title='bbox 470 2117 784 2190; x_wconf 75' lang='grc' dir='ltr'>εἰρήκασιν.</span> <span class='ocrx_word' id='word_1_287' title='bbox 838 2114 1059 2185; x_wconf 80' lang='grc' dir='ltr'>Ἐπειδὴ</span> <span class='ocrx_word' id='word_1_288' title='bbox 1118 2117 1220 2194; x_wconf 79' lang='grc' dir='ltr'>γὰρ</span> <span class='ocrx_word' id='word_1_289' title='bbox 1267 2118 1294 2171; x_wconf 85' lang='grc' dir='ltr'>ὁ</span> <span class='ocrx_word' id='word_1_290' title='bbox 1345 2117 1692 2190; x_wconf 74' lang='grc' dir='ltr'>Σαμοσατεὺς</span> <span class='ocrx_word' id='word_1_291' title='bbox 1742 2112 1948 2192; x_wconf 72' lang='grc' dir='ltr'>ἐφρόνει</span> 
     </span>
    </p>
   </div>
   <div class='ocr_carea' id='block_1_38' title="bbox 305 2204 1949 2283">
    <p class='ocr_par' dir='ltr' id='par_1_38' title="bbox 305 2204 1949 2283">
     <span class='ocr_line' id='line_1_38' title="bbox 305 2204 1949 2283; baseline 0 -23"><span class='ocrx_word' id='word_1_292' title='bbox 305 2207 381 2278; x_wconf 81' lang='grc' dir='ltr'>μὴ</span> <span class='ocrx_word' id='word_1_293' title='bbox 434 2206 568 2260; x_wconf 77' lang='grc' dir='ltr'>εἶναι</span> <span class='ocrx_word' id='word_1_294' title='bbox 617 2207 722 2282; x_wconf 89' lang='grc' dir='ltr'><strong>πρὸ</strong></span> <span class='ocrx_word' id='word_1_295' title='bbox 775 2205 989 2283; x_wconf 86' lang='grc' dir='ltr'>Μαρίας</span> <span class='ocrx_word' id='word_1_296' title='bbox 1041 2206 1132 2260; x_wconf 90' lang='grc' dir='ltr'><strong>τὸν</strong></span> <span class='ocrx_word' id='word_1_297' title='bbox 1185 2207 1328 2279; x_wconf 76' lang='grc' dir='ltr'>Υἱὸν,</span> <span class='ocrx_word' id='word_1_298' title='bbox 1380 2204 1507 2260; x_wconf 85' lang='grc' dir='ltr'>ἀλλ’</span> <span class='ocrx_word' id='word_1_299' title='bbox 1536 2206 1626 2260; x_wconf 85' lang='grc' dir='ltr'>ἀπ’</span> <span class='ocrx_word' id='word_1_300' title='bbox 1655 2206 1825 2275; x_wconf 80' lang='grc' dir='ltr'>αὐτῆς</span> <span class='ocrx_word' id='word_1_301' title='bbox 1856 2207 1949 2280; x_wconf 88' lang='grc' dir='ltr'>ἀρ-</span> 
     </span>
    </p>
   </div>
   <div class='ocr_carea' id='block_1_39' title="bbox 301 2291 1948 2371">
    <p class='ocr_par' dir='ltr' id='par_1_39' title="bbox 301 2291 1948 2371">
     <span class='ocr_line' id='line_1_39' title="bbox 301 2291 1948 2371; baseline 0.001 -24"><span class='ocrx_word' id='word_1_302' title='bbox 301 2295 411 2369; x_wconf 77' lang='grc' dir='ltr'><strong>χὴν</strong></span> <span class='ocrx_word' id='word_1_303' title='bbox 445 2293 735 2371; x_wconf 70' lang='grc' dir='ltr'>ἆσχηκὲναι</span> <span class='ocrx_word' id='word_1_304' title='bbox 782 2299 879 2350; x_wconf 86' lang='grc' dir='ltr'><strong>τοῦ</strong></span> <span class='ocrx_word' id='word_1_305' title='bbox 926 2295 1084 2363; x_wconf 80' lang='grc' dir='ltr'>εἶναι,</span> <span class='ocrx_word' id='word_1_306' title='bbox 1133 2294 1328 2349; x_wconf 92' lang='grc' dir='ltr'>τούτου</span> <span class='ocrx_word' id='word_1_307' title='bbox 1371 2291 1545 2350; x_wconf 70' lang='grc' dir='ltr'>ἕνεκεν</span> <span class='ocrx_word' id='word_1_308' title='bbox 1597 2296 1648 2349; x_wconf 78' lang='grc' dir='ltr'>οἱ</span> <span class='ocrx_word' id='word_1_309' title='bbox 1677 2295 1798 2350; x_wconf 89' lang='grc' dir='ltr'>τότε</span> <span class='ocrx_word' id='word_1_310' title='bbox 1827 2317 1948 2350; x_wconf 92' lang='grc' dir='ltr'>συν-</span> 
     </span>
    </p>
   </div>
   <div class='ocr_carea' id='block_1_40' title="bbox 303 2380 1948 2460">
    <p class='ocr_par' dir='ltr' id='par_1_40' title="bbox 303 2380 1948 2460">
     <span class='ocr_line' id='line_1_40' title="bbox 303 2380 1948 2460; baseline 0.001 -22"><span class='ocrx_word' id='word_1_311' title='bbox 303 2380 575 2452; x_wconf 74' lang='grc' dir='ltr'>ελθόντες,</span> <span class='ocrx_word' id='word_1_312' title='bbox 635 2382 886 2439; x_wconf 81' lang='grc' dir='ltr'>καθεῖλον</span> <span class='ocrx_word' id='word_1_313' title='bbox 942 2384 1037 2457; x_wconf 73' lang='grc' dir='ltr'>μὲν</span> <span class='ocrx_word' id='word_1_314' title='bbox 1094 2383 1251 2438; x_wconf 75' lang='grc' dir='ltr'>αὐτὸν</span> <span class='ocrx_word' id='word_1_315' title='bbox 1297 2384 1383 2438; x_wconf 79' lang='grc' dir='ltr'><strong>καὶ</strong></span> <span class='ocrx_word' id='word_1_316' title='bbox 1434 2385 1701 2460; x_wconf 79' lang='grc' dir='ltr'>αἱρετικὸν</span> <span class='ocrx_word' id='word_1_317' title='bbox 1734 2385 1948 2460; x_wconf 75' lang='grc' dir='ltr'>ἀπέφη-</span> 
     </span>
    </p>
   </div>
   <div class='ocr_carea' id='block_1_41' title="bbox 303 2469 1947 2550">
    <p class='ocr_par' dir='ltr' id='par_1_41' title="bbox 303 2469 1947 2550">
     <span class='ocr_line' id='line_1_41' title="bbox 303 2469 1947 2550; baseline 0.001 -23"><span class='ocrx_word' id='word_1_318' title='bbox 303 2491 414 2527; x_wconf 87' lang='grc' dir='ltr'>ναν·</span> <span class='ocrx_word' id='word_1_319' title='bbox 450 2472 573 2547; x_wconf 86' lang='grc' dir='ltr'>περὶ</span> <span class='ocrx_word' id='word_1_320' title='bbox 606 2469 664 2527; x_wconf 75' lang='grc' dir='ltr'>δὲ</span> <span class='ocrx_word' id='word_1_321' title='bbox 692 2479 791 2542; x_wconf 85' lang='grc' dir='ltr'>τῆς</span> <span class='ocrx_word' id='word_1_322' title='bbox 819 2477 916 2527; x_wconf 84' lang='grc' dir='ltr'><strong>τοῦ</strong></span> <span class='ocrx_word' id='word_1_323' title='bbox 947 2473 1076 2527; x_wconf 69' lang='grc' dir='ltr'>Υἱοῦ</span> <span class='ocrx_word' id='word_1_324' title='bbox 1108 2473 1365 2543; x_wconf 83' lang='grc' dir='ltr'>θεότητος</span> <span class='ocrx_word' id='word_1_325' title='bbox 1421 2470 1791 2548; x_wconf 73' lang='grc' dir='ltr'>ἁπλούστερον</span> <span class='ocrx_word' id='word_1_326' title='bbox 1820 2473 1947 2550; x_wconf 82' lang='grc' dir='ltr'>γρά-</span> 
     </span>
    </p>
   </div>
   <div class='ocr_carea' id='block_1_42' title="bbox 303 2561 1949 2639">
    <p class='ocr_par' dir='ltr' id='par_1_42' title="bbox 303 2561 1949 2639">
     <span class='ocr_line' id='line_1_42' title="bbox 303 2561 1949 2639; baseline 0 -23"><span class='ocrx_word' id='word_1_327' title='bbox 303 2582 516 2639; x_wconf 78' lang='grc' dir='ltr'>φοντες,</span> <span class='ocrx_word' id='word_1_328' title='bbox 559 2563 623 2616; x_wconf 85' lang='grc' dir='ltr'>οὐ</span> <span class='ocrx_word' id='word_1_329' title='bbox 654 2562 1004 2636; x_wconf 80' lang='grc' dir='ltr'>κατεγένοντο</span> <span class='ocrx_word' id='word_1_330' title='bbox 1034 2561 1157 2616; x_wconf 71' lang='grc' dir='ltr'>περὶ</span> <span class='ocrx_word' id='word_1_331' title='bbox 1187 2562 1286 2630; x_wconf 79' lang='grc' dir='ltr'><strong>τήν</strong></span> <span class='ocrx_word' id='word_1_332' title='bbox 1317 2566 1414 2616; x_wconf 90' lang='grc' dir='ltr'><strong>τοῦ</strong></span> <span class='ocrx_word' id='word_1_333' title='bbox 1454 2563 1749 2635; x_wconf 84' lang='grc' dir='ltr'>ὁμοουσίου</span> <span class='ocrx_word' id='word_1_334' title='bbox 1797 2561 1949 2637; x_wconf 84' lang='grc' dir='ltr'>ἀκρί-</span> 
     </span>
    </p>
   </div>
   <div class='ocr_carea' id='block_1_43' title="bbox 306 2646 1950 2729">
    <p class='ocr_par' dir='ltr' id='par_1_43' title="bbox 306 2646 1950 2729">
     <span class='ocr_line' id='line_1_43' title="bbox 306 2646 1950 2729; baseline 0.001 -25"><span class='ocrx_word' id='word_1_335' title='bbox 306 2646 455 2704; x_wconf 77' lang='grc' dir='ltr'>ϐειαν</span> <span class='ocrx_word' id='word_1_336' title='bbox 516 2653 664 2725; x_wconf 89' lang='grc'>(15),</span> <span class='ocrx_word' id='word_1_337' title='bbox 741 2648 868 2706; x_wconf 84' lang='grc' dir='ltr'>ἀλλ’</span> <span class='ocrx_word' id='word_1_338' title='bbox 945 2649 1116 2712; x_wconf 73' lang='grc' dir='ltr'>οὕτως</span> <span class='ocrx_word' id='word_1_339' title='bbox 1173 2651 1249 2712; x_wconf 87' lang='grc' dir='ltr'>ὡς</span> <span class='ocrx_word' id='word_1_340' title='bbox 1304 2649 1615 2729; x_wconf 72' lang='grc' dir='ltr'>ἰξειλήφασι</span> <span class='ocrx_word' id='word_1_341' title='bbox 1673 2653 1795 2726; x_wconf 83' lang='grc' dir='ltr'><strong>περὶ</strong></span> <span class='ocrx_word' id='word_1_342' title='bbox 1853 2656 1950 2706; x_wconf 89' lang='grc' dir='ltr'><strong>τοῦ</strong></span> 
     </span>
    </p>
   </div>
   <div class='ocr_carea' id='block_1_44' title="bbox 303 2736 1948 2817">
    <p class='ocr_par' dir='ltr' id='par_1_44' title="bbox 303 2736 1948 2817">
     <span class='ocr_line' id='line_1_44' title="bbox 303 2736 1948 2817; baseline 0.001 -24"><span class='ocrx_word' id='word_1_343' title='bbox 303 2740 601 2812; x_wconf 83' lang='grc' dir='ltr'>ὁμοουσίου</span> <span class='ocrx_word' id='word_1_344' title='bbox 632 2740 902 2816; x_wconf 76' lang='grc' dir='ltr'>εἰρήκασι.</span> <span class='ocrx_word' id='word_1_345' title='bbox 947 2741 1059 2808; x_wconf 81' lang='grc' dir='ltr'><strong>Τήν</strong></span> <span class='ocrx_word' id='word_1_346' title='bbox 1116 2736 1376 2817; x_wconf 78' lang='grc' dir='ltr'>φροντίδα</span> <span class='ocrx_word' id='word_1_347' title='bbox 1423 2740 1527 2816; x_wconf 81' lang='grc' dir='ltr'>γὰρ</span> <span class='ocrx_word' id='word_1_348' title='bbox 1561 2741 1707 2815; x_wconf 69' lang='grc' dir='ltr'>εἶχον</span> <span class='ocrx_word' id='word_1_349' title='bbox 1758 2747 1948 2813; x_wconf 79' lang='grc' dir='ltr'>πᾶσαν,</span> 
     </span>
    </p>
   </div>
   <div class='ocr_carea' id='block_1_45' title="bbox 302 2827 1946 2903">
    <p class='ocr_par' dir='ltr' id='par_1_45' title="bbox 302 2827 1946 2903">
     <span class='ocr_line' id='line_1_45' title="bbox 302 2827 1946 2903; baseline 0 -20"><span class='ocrx_word' id='word_1_350' title='bbox 302 2827 435 2902; x_wconf 78' lang='grc' dir='ltr'>ὅπερ</span> <span class='ocrx_word' id='word_1_351' title='bbox 497 2827 783 2900; x_wconf 84' lang='grc' dir='ltr'>ἐπενόησεν</span> <span class='ocrx_word' id='word_1_352' title='bbox 844 2830 872 2882; x_wconf 89' lang='grc' dir='ltr'>ὁ</span> <span class='ocrx_word' id='word_1_353' title='bbox 933 2828 1300 2903; x_wconf 83' lang='grc' dir='ltr'>Σαμοσατεὺς,</span> <span class='ocrx_word' id='word_1_354' title='bbox 1363 2828 1592 2897; x_wconf 65' lang='grc' dir='ltr'>ἀνελεῖν,</span> <span class='ocrx_word' id='word_1_355' title='bbox 1645 2829 1732 2883; x_wconf 80' lang='grc' dir='ltr'><strong>καὶ</strong></span> <span class='ocrx_word' id='word_1_356' title='bbox 1782 2827 1946 2899; x_wconf 78' lang='grc' dir='ltr'>δεῖξαι</span> 
     </span>
    </p>
   </div>
   <div class='ocr_carea' id='block_1_46' title="bbox 301 2917 1946 2994">
    <p class='ocr_par' dir='ltr' id='par_1_46' title="bbox 301 2917 1946 2994">
     <span class='ocr_line' id='line_1_46' title="bbox 301 2917 1946 2994; baseline 0.001 -22"><span class='ocrx_word' id='word_1_357' title='bbox 301 2919 407 2994; x_wconf 90' lang='grc' dir='ltr'><strong>πρὸ</strong></span> <span class='ocrx_word' id='word_1_358' title='bbox 440 2923 654 2972; x_wconf 86' lang='grc' dir='ltr'>πάντων</span> <span class='ocrx_word' id='word_1_359' title='bbox 706 2917 840 2972; x_wconf 78' lang='grc' dir='ltr'>εἶναι</span> <span class='ocrx_word' id='word_1_360' title='bbox 882 2918 974 2972; x_wconf 91' lang='grc' dir='ltr'><strong>τὸν</strong></span> <span class='ocrx_word' id='word_1_361' title='bbox 1026 2919 1171 2990; x_wconf 70' lang='lat' dir='ltr'><strong>new,</strong></span> <span class='ocrx_word' id='word_1_362' title='bbox 1205 2918 1292 2972; x_wconf 84' lang='grc' dir='ltr'><strong>καὶ</strong></span> <span class='ocrx_word' id='word_1_363' title='bbox 1325 2917 1407 2972; x_wconf 79' lang='grc' dir='ltr'>ὅτι</span> <span class='ocrx_word' id='word_1_364' title='bbox 1439 2917 1538 2972; x_wconf 84' lang='grc' dir='ltr'>οὐκ</span> <span class='ocrx_word' id='word_1_365' title='bbox 1569 2917 1620 2988; x_wconf 80' lang='grc' dir='ltr'><strong>ἐξ</strong></span> <span class='ocrx_word' id='word_1_366' title='bbox 1649 2919 1946 2994; x_wconf 85' lang='grc' dir='ltr'>ἀνθρώπων</span> 
     </span>
    </p>
   </div>
   <div class='ocr_carea' id='block_1_47' title="bbox 299 3004 1946 3084">
    <p class='ocr_par' dir='ltr' id='par_1_47' title="bbox 299 3004 1946 3084">
     <span class='ocr_line' id='line_1_47' title="bbox 299 3004 1946 3084; baseline 0.001 -24"><span class='ocrx_word' id='word_1_367' title='bbox 299 3007 487 3082; x_wconf 83' lang='grc' dir='ltr'>γέγονε</span> <span class='ocrx_word' id='word_1_368' title='bbox 536 3007 688 3077; x_wconf 89' lang='grc' dir='ltr'>Θεὸς,</span> <span class='ocrx_word' id='word_1_369' title='bbox 741 3006 905 3079; x_wconf 76' lang='grc' dir='ltr'>ἀλλὰ,</span> <span class='ocrx_word' id='word_1_370' title='bbox 952 3007 1082 3069; x_wconf 84' lang='grc' dir='ltr'>Θεὸς</span> <span class='ocrx_word' id='word_1_371' title='bbox 1125 3004 1222 3078; x_wconf 84' lang='grc' dir='ltr'>ὢν,</span> <span class='ocrx_word' id='word_1_372' title='bbox 1269 3005 1550 3062; x_wconf 74' lang='grc' dir='ltr'>ἐνεδύσατο</span> <span class='ocrx_word' id='word_1_373' title='bbox 1580 3004 1780 3062; x_wconf 70' lang='grc' dir='ltr'>δούλου</span> <span class='ocrx_word' id='word_1_374' title='bbox 1816 3028 1946 3084; x_wconf 86' lang='grc' dir='ltr'>μορ-</span> 
     </span>
    </p>
   </div>
   <div class='ocr_carea' id='block_1_48' title="bbox 302 3094 1948 3174">
    <p class='ocr_par' dir='ltr' id='par_1_48' title="bbox 302 3094 1948 3174">
     <span class='ocr_line' id='line_1_48' title="bbox 302 3094 1948 3174; baseline 0.001 -25"><span class='ocrx_word' id='word_1_375' title='bbox 302 3097 428 3174; x_wconf 68' lang='grc' dir='ltr'>φὴν,</span> <span class='ocrx_word' id='word_1_376' title='bbox 459 3095 545 3151; x_wconf 84' lang='grc' dir='ltr'><strong>καὶ</strong></span> <span class='ocrx_word' id='word_1_377' title='bbox 596 3097 779 3171; x_wconf 85' lang='grc' dir='ltr'>Λόγος</span> <span class='ocrx_word' id='word_1_378' title='bbox 827 3094 922 3165; x_wconf 81' lang='grc' dir='ltr'>ὢν,</span> <span class='ocrx_word' id='word_1_379' title='bbox 972 3101 1160 3172; x_wconf 77' lang='grc' dir='ltr'>γέγονε</span> <span class='ocrx_word' id='word_1_380' title='bbox 1207 3096 1355 3170; x_wconf 79' lang='grc' dir='ltr'>σὰρξ,</span> <span class='ocrx_word' id='word_1_381' title='bbox 1409 3097 1485 3159; x_wconf 81' lang='grc' dir='ltr'>ὡς</span> <span class='ocrx_word' id='word_1_382' title='bbox 1533 3097 1674 3151; x_wconf 70' lang='grc' dir='ltr'>εἶπεν</span> <span class='ocrx_word' id='word_1_383' title='bbox 1704 3099 1731 3152; x_wconf 88' lang='grc' dir='ltr'>ὁ</span> <span class='ocrx_word' id='word_1_384' title='bbox 1765 3098 1948 3154; x_wconf 85' lang='grc' dir='ltr'>Ἰωάν-</span> 
     </span>
    </p>
   </div>
   <div class='ocr_carea' id='block_1_49' title="bbox 301 3183 1946 3264">
    <p class='ocr_par' dir='ltr' id='par_1_49' title="bbox 301 3183 1946 3264">
     <span class='ocr_line' id='line_1_49' title="bbox 301 3183 1946 3264; baseline 0.001 -26"><span class='ocrx_word' id='word_1_385' title='bbox 301 3207 400 3254; x_wconf 84' lang='grc' dir='ltr'><strong>νης</strong></span> <span class='ocrx_word' id='word_1_386' title='bbox 454 3186 542 3239; x_wconf 80' lang='grc' dir='ltr'>καὶ</span> <span class='ocrx_word' id='word_1_387' title='bbox 576 3183 718 3240; x_wconf 77' lang='grc' dir='ltr'>οὕτω</span> <span class='ocrx_word' id='word_1_388' title='bbox 753 3184 844 3258; x_wconf 76' lang='grc' dir='ltr'>μὲν</span> <span class='ocrx_word' id='word_1_389' title='bbox 876 3187 1012 3240; x_wconf 82' lang='grc' dir='ltr'>κατὰ</span> <span class='ocrx_word' id='word_1_390' title='bbox 1039 3192 1139 3256; x_wconf 84' lang='grc' dir='ltr'><strong>τῆς</strong></span> <span class='ocrx_word' id='word_1_391' title='bbox 1171 3187 1278 3259; x_wconf 88' lang='grc'><strong>(16)</strong></span> <span class='ocrx_word' id='word_1_392' title='bbox 1327 3185 1540 3264; x_wconf 75' lang='grc' dir='ltr'>βλασφη</span> <span class='ocrx_word' id='word_1_393' title='bbox 1554 3185 1677 3259; x_wconf 85' lang='grc' dir='ltr'>μίας</span> <span class='ocrx_word' id='word_1_394' title='bbox 1729 3183 1946 3241; x_wconf 90' lang='grc' dir='ltr'>Παύλου</span> 
     </span>
    </p>
   </div>
   <div class='ocr_carea' id='block_1_50' title="bbox 301 3270 1944 3350">
    <p class='ocr_par' dir='ltr' id='par_1_50' title="bbox 301 3270 1944 3350">
     <span class='ocr_line' id='line_1_50' title="bbox 301 3270 1944 3350; baseline 0.001 -22"><span class='ocrx_word' id='word_1_395' title='bbox 301 3273 624 3350; x_wconf 75' lang='grc' dir='ltr'>πέπρακται.</span> <span class='ocrx_word' id='word_1_396' title='bbox 695 3271 914 3344; x_wconf 82' lang='grc' dir='ltr'>Ἐπειδή</span> <span class='ocrx_word' id='word_1_397' title='bbox 975 3272 1032 3328; x_wconf 74' lang='grc' dir='ltr'>δὲ</span> <span class='ocrx_word' id='word_1_398' title='bbox 1085 3273 1175 3329; x_wconf 85' lang='grc' dir='ltr'><strong>καὶ</strong></span> <span class='ocrx_word' id='word_1_399' title='bbox 1247 3275 1298 3329; x_wconf 76' lang='lat' dir='ltr'><strong>o&#39;t</strong></span> <span class='ocrx_word' id='word_1_400' title='bbox 1366 3275 1490 3350; x_wconf 81' lang='grc' dir='ltr'>περὶ</span> <span class='ocrx_word' id='word_1_401' title='bbox 1547 3270 1802 3330; x_wconf 70' lang='grc' dir='ltr'>Εὐσέϐιον</span> <span class='ocrx_word' id='word_1_402' title='bbox 1857 3276 1944 3330; x_wconf 80' lang='grc' dir='ltr'><strong>καὶ</strong></span> 
     </span>
    </p>
   </div>
   <div class='ocr_carea' id='block_1_51' title="bbox 2062 2029 3718 2101">
    <p class='ocr_par' dir='ltr' id='par_1_51' title="bbox 2062 2029 3718 2101">
     <span class='ocr_line' id='line_1_51' title="bbox 2062 2029 3718 2101; baseline 0.001 -16"><span class='ocrx_word' id='word_1_403' title='bbox 2062 2046 2194 2086; x_wconf 89' lang='lat' dir='ltr'><strong>esse</strong></span> <span class='ocrx_word' id='word_1_404' title='bbox 2221 2034 2355 2086; x_wconf 88' lang='lat' dir='ltr'><strong>ante</strong></span> <span class='ocrx_word' id='word_1_405' title='bbox 2385 2030 2763 2101; x_wconf 87' lang='lat' dir='ltr'><strong>Mariam,sed</strong></span> <span class='ocrx_word' id='word_1_406' title='bbox 2789 2030 2861 2084; x_wconf 90' lang='lat' dir='ltr'><strong>ab</strong></span> <span class='ocrx_word' id='word_1_407' title='bbox 2893 2029 3008 2084; x_wconf 89' lang='lat' dir='ltr'><strong>alia</strong></span> <span class='ocrx_word' id='word_1_408' title='bbox 3028 2029 3262 2085; x_wconf 88' lang='lat' dir='ltr'><strong>initium</strong></span> <span class='ocrx_word' id='word_1_409' title='bbox 3284 2030 3603 2086; x_wconf 83' lang='lat' dir='ltr'><strong>exsistendi</strong></span> <span class='ocrx_word' id='word_1_410' title='bbox 3627 2048 3718 2087; x_wconf 90' lang='lat' dir='ltr'><strong>ac-</strong></span> 
     </span>
    </p>
   </div>
   <div class='ocr_carea' id='block_1_52' title="bbox 2060 2113 3718 2191">
    <p class='ocr_par' dir='ltr' id='par_1_52' title="bbox 2060 2113 3718 2191">
     <span class='ocr_line' id='line_1_52' title="bbox 2060 2113 3718 2191; baseline 0.001 -17"><span class='ocrx_word' id='word_1_411' title='bbox 2060 2119 2305 2190; x_wconf 88' lang='lat' dir='ltr'><strong>cepisse,</strong></span> <span class='ocrx_word' id='word_1_412' title='bbox 2340 2118 2556 2174; x_wconf 87' lang='lat' dir='ltr'><strong>idcirco</strong></span> <span class='ocrx_word' id='word_1_413' title='bbox 2592 2113 2852 2191; x_wconf 78' lang='lat' dir='ltr'><strong>episcopi</strong></span> <span class='ocrx_word' id='word_1_414' title='bbox 2885 2123 3024 2172; x_wconf 89' lang='lat' dir='ltr'><strong>tunc</strong></span> <span class='ocrx_word' id='word_1_415' title='bbox 3055 2119 3386 2191; x_wconf 82' lang='lat' dir='ltr'><strong>congregati</strong></span> <span class='ocrx_word' id='word_1_416' title='bbox 3419 2119 3586 2175; x_wconf 88' lang='lat' dir='ltr'><strong>illum</strong></span> <span class='ocrx_word' id='word_1_417' title='bbox 3617 2122 3718 2176; x_wconf 89' lang='lat' dir='ltr'><strong>de-</strong></span> 
     </span>
    </p>
   </div>
   <div class='ocr_carea' id='block_1_53' title="bbox 2061 2206 3716 2279">
    <p class='ocr_par' dir='ltr' id='par_1_53' title="bbox 2061 2206 3716 2279">
     <span class='ocr_line' id='line_1_53' title="bbox 2061 2206 3716 2279; baseline 0.002 -17"><span class='ocrx_word' id='word_1_418' title='bbox 2061 2213 2407 2279; x_wconf 90' lang='lat' dir='ltr'><strong>posuerunt,</strong></span> <span class='ocrx_word' id='word_1_419' title='bbox 2440 2213 2499 2263; x_wconf 90' lang='lat' dir='ltr'><strong>et</strong></span> <span class='ocrx_word' id='word_1_420' title='bbox 2531 2208 2868 2262; x_wconf 65' lang='lat' dir='ltr'><strong>hareticum</strong></span> <span class='ocrx_word' id='word_1_421' title='bbox 2909 2206 3318 2264; x_wconf 88' lang='lat' dir='ltr'><strong>declararunt:</strong></span> <span class='ocrx_word' id='word_1_422' title='bbox 3353 2209 3425 2264; x_wconf 89' lang='lat' dir='ltr'><strong>de</strong></span> <span class='ocrx_word' id='word_1_423' title='bbox 3457 2208 3582 2264; x_wconf 87' lang='lat' dir='ltr'><strong>Filii</strong></span> <span class='ocrx_word' id='word_1_424' title='bbox 3613 2227 3716 2266; x_wconf 89' lang='lat' dir='ltr'><strong>au-</strong></span> 
     </span>
    </p>
   </div>
   <div class='ocr_carea' id='block_1_54' title="bbox 2059 2295 3716 2368">
    <p class='ocr_par' dir='ltr' id='par_1_54' title="bbox 2059 2295 3716 2368">
     <span class='ocr_line' id='line_1_54' title="bbox 2059 2295 3716 2368; baseline 0.002 -17"><span class='ocrx_word' id='word_1_425' title='bbox 2059 2301 2176 2352; x_wconf 88' lang='lat' dir='ltr'><strong>tem</strong></span> <span class='ocrx_word' id='word_1_426' title='bbox 2212 2296 2513 2351; x_wconf 75' lang='lat' dir='ltr'><strong>divinitate</strong></span> <span class='ocrx_word' id='word_1_427' title='bbox 2543 2312 2678 2350; x_wconf 90' lang='lat' dir='ltr'><strong>cum</strong></span> <span class='ocrx_word' id='word_1_428' title='bbox 2711 2295 3040 2368; x_wconf 89' lang='lat' dir='ltr'><strong>simplicius</strong></span> <span class='ocrx_word' id='word_1_429' title='bbox 3071 2295 3414 2363; x_wconf 85' lang='lat' dir='ltr'><strong>scriberent,</strong></span> <span class='ocrx_word' id='word_1_430' title='bbox 3447 2299 3514 2352; x_wconf 89' lang='lat' dir='ltr'><strong>ad</strong></span> <span class='ocrx_word' id='word_1_431' title='bbox 3546 2314 3716 2354; x_wconf 88' lang='lat' dir='ltr'><strong>accu-</strong></span> 
     </span>
    </p>
   </div>
   <div class='ocr_carea' id='block_1_55' title="bbox 2061 2384 3717 2456">
    <p class='ocr_par' dir='ltr' id='par_1_55' title="bbox 2061 2384 3717 2456">
     <span class='ocr_line' id='line_1_55' title="bbox 2061 2384 3717 2456; baseline 0.003 -17"><span class='ocrx_word' id='word_1_432' title='bbox 2061 2391 2248 2440; x_wconf 83' lang='lat' dir='ltr'><strong>ratam</strong></span> <span class='ocrx_word' id='word_1_433' title='bbox 2281 2384 2801 2441; x_wconf 87' lang='lat' dir='ltr'><strong>consubstantialis</strong></span> <span class='ocrx_word' id='word_1_434' title='bbox 2833 2385 3375 2456; x_wconf 88' lang='lat' dir='ltr'><strong>interpretationem</strong></span> <span class='ocrx_word' id='word_1_435' title='bbox 3410 2403 3522 2442; x_wconf 91' lang='lat' dir='ltr'><strong>non</strong></span> <span class='ocrx_word' id='word_1_436' title='bbox 3547 2388 3717 2444; x_wconf 87' lang='lat' dir='ltr'><strong>deve-</strong></span> 
     </span>
    </p>
   </div>
   <div class='ocr_carea' id='block_1_56' title="bbox 2061 2474 3715 2545">
    <p class='ocr_par' dir='ltr' id='par_1_56' title="bbox 2061 2474 3715 2545">
     <span class='ocr_line' id='line_1_56' title="bbox 2061 2474 3715 2545; baseline 0.001 -16"><span class='ocrx_word' id='word_1_437' title='bbox 2061 2479 2296 2541; x_wconf 87' lang='lat' dir='ltr'><strong>nerunt,</strong></span> <span class='ocrx_word' id='word_1_438' title='bbox 2329 2474 2431 2529; x_wconf 91' lang='lat' dir='ltr'><strong>sed</strong></span> <span class='ocrx_word' id='word_1_439' title='bbox 2466 2479 2530 2529; x_wconf 91' lang='lat' dir='ltr'><strong>ut</strong></span> <span class='ocrx_word' id='word_1_440' title='bbox 2558 2479 2963 2545; x_wconf 88' lang='lat' dir='ltr'><strong>conceperant,</strong></span> <span class='ocrx_word' id='word_1_441' title='bbox 2997 2474 3067 2528; x_wconf 90' lang='lat' dir='ltr'><strong>de</strong></span> <span class='ocrx_word' id='word_1_442' title='bbox 3107 2475 3593 2531; x_wconf 84' lang='lat' dir='ltr'><strong>consubstantiali</strong></span> <span class='ocrx_word' id='word_1_443' title='bbox 3625 2478 3715 2532; x_wconf 88' lang='lat' dir='ltr'><strong>lo-</strong></span> 
     </span>
    </p>
   </div>
   <div class='ocr_carea' id='block_1_57' title="bbox 2059 2563 3712 2635">
    <p class='ocr_par' dir='ltr' id='par_1_57' title="bbox 2059 2563 3712 2635">
     <span class='ocr_line' id='line_1_57' title="bbox 2059 2563 3712 2635; baseline -0.001 -16"><span class='ocrx_word' id='word_1_444' title='bbox 2059 2563 2179 2619; x_wconf 90' lang='lat' dir='ltr'><strong>cuti</strong></span> <span class='ocrx_word' id='word_1_445' title='bbox 2212 2568 2371 2618; x_wconf 90' lang='lat' dir='ltr'><strong>sunt.</strong></span> <span class='ocrx_word' id='word_1_446' title='bbox 2407 2564 2554 2619; x_wconf 92' lang='lat' dir='ltr'><strong>Tota</strong></span> <span class='ocrx_word' id='word_1_447' title='bbox 2587 2563 2743 2619; x_wconf 88' lang='lat' dir='ltr'><strong>enim</strong></span> <span class='ocrx_word' id='word_1_448' title='bbox 2778 2579 2979 2618; x_wconf 91' lang='lat' dir='ltr'><strong>eorum</strong></span> <span class='ocrx_word' id='word_1_449' title='bbox 3003 2579 3143 2619; x_wconf 89' lang='lat' dir='ltr'><strong>cura</strong></span> <span class='ocrx_word' id='word_1_450' title='bbox 3175 2563 3234 2618; x_wconf 91' lang='lat' dir='ltr'><strong>in</strong></span> <span class='ocrx_word' id='word_1_451' title='bbox 3267 2580 3332 2619; x_wconf 91' lang='lat' dir='ltr'><strong>eo</strong></span> <span class='ocrx_word' id='word_1_452' title='bbox 3358 2566 3546 2635; x_wconf 90' lang='lat' dir='ltr'><strong>posita</strong></span> <span class='ocrx_word' id='word_1_453' title='bbox 3568 2568 3712 2631; x_wconf 91' lang='lat' dir='ltr'><strong>erat,</strong></span> 
     </span>
    </p>
   </div>
   <div class='ocr_carea' id='block_1_58' title="bbox 2062 2652 3711 2723">
    <p class='ocr_par' dir='ltr' id='par_1_58' title="bbox 2062 2652 3711 2723">
     <span class='ocr_line' id='line_1_58' title="bbox 2062 2652 3711 2723; baseline 0.001 -16"><span class='ocrx_word' id='word_1_454' title='bbox 2062 2653 2291 2723; x_wconf 90' lang='lat' dir='ltr'><strong>utquod</strong></span> <span class='ocrx_word' id='word_1_455' title='bbox 2313 2652 2742 2708; x_wconf 88' lang='lat' dir='ltr'><strong>Samosatensis</strong></span> <span class='ocrx_word' id='word_1_456' title='bbox 2765 2657 3134 2708; x_wconf 90' lang='lat' dir='ltr'><strong>commentus</strong></span> <span class='ocrx_word' id='word_1_457' title='bbox 3154 2655 3342 2708; x_wconf 74' lang='lat' dir='ltr'><strong>fuerat</strong></span> <span class='ocrx_word' id='word_1_458' title='bbox 3366 2660 3711 2720; x_wconf 90' lang='lat' dir='ltr'><strong>everterent,</strong></span> 
     </span>
    </p>
   </div>
   <div class='ocr_carea' id='block_1_59' title="bbox 2060 2741 3708 2814">
    <p class='ocr_par' dir='ltr' id='par_1_59' title="bbox 2060 2741 3708 2814">
     <span class='ocr_line' id='line_1_59' title="bbox 2060 2741 3708 2814; baseline 0.002 -18"><span class='ocrx_word' id='word_1_459' title='bbox 2060 2746 2116 2797; x_wconf 87' lang='lat' dir='ltr'><strong>et</strong></span> <span class='ocrx_word' id='word_1_460' title='bbox 2146 2745 2280 2796; x_wconf 89' lang='lat' dir='ltr'><strong>ante</strong></span> <span class='ocrx_word' id='word_1_461' title='bbox 2311 2741 2510 2797; x_wconf 90' lang='lat' dir='ltr'><strong>omnia</strong></span> <span class='ocrx_word' id='word_1_462' title='bbox 2540 2741 2746 2796; x_wconf 84' lang='lat' dir='ltr'><strong>Filium</strong></span> <span class='ocrx_word' id='word_1_463' title='bbox 2779 2758 2906 2797; x_wconf 89' lang='lat' dir='ltr'><strong>esse</strong></span> <span class='ocrx_word' id='word_1_464' title='bbox 2925 2742 3305 2812; x_wconf 86' lang='lat' dir='ltr'><strong>declararent,</strong></span> <span class='ocrx_word' id='word_1_465' title='bbox 3327 2759 3580 2814; x_wconf 91' lang='lat' dir='ltr'><strong>eumque</strong></span> <span class='ocrx_word' id='word_1_466' title='bbox 3606 2761 3708 2799; x_wconf 90' lang='lat' dir='ltr'><strong>ne-</strong></span> 
     </span>
    </p>
   </div>
   <div class='ocr_carea' id='block_1_60' title="bbox 2061 2830 3708 2903">
    <p class='ocr_par' dir='ltr' id='par_1_60' title="bbox 2061 2830 3708 2903">
     <span class='ocr_line' id='line_1_60' title="bbox 2061 2830 3708 2903; baseline 0.003 -18"><span class='ocrx_word' id='word_1_467' title='bbox 2061 2847 2360 2903; x_wconf 89' lang='lat' dir='ltr'><strong>quaquam</strong></span> <span class='ocrx_word' id='word_1_468' title='bbox 2391 2847 2458 2886; x_wconf 87' lang='lat' dir='ltr'><strong>ex</strong></span> <span class='ocrx_word' id='word_1_469' title='bbox 2491 2830 2724 2886; x_wconf 90' lang='lat' dir='ltr'><strong>homine</strong></span> <span class='ocrx_word' id='word_1_470' title='bbox 2758 2836 2930 2886; x_wconf 90' lang='lat' dir='ltr'><strong>Deum</strong></span> <span class='ocrx_word' id='word_1_471' title='bbox 2969 2832 3185 2886; x_wconf 86' lang='lat' dir='ltr'><strong>factum</strong></span> <span class='ocrx_word' id='word_1_472' title='bbox 3239 2849 3387 2901; x_wconf 90' lang='lat' dir='ltr'><strong>esse,</strong></span> <span class='ocrx_word' id='word_1_473' title='bbox 3421 2835 3521 2890; x_wconf 89' lang='lat' dir='ltr'><strong>sed</strong></span> <span class='ocrx_word' id='word_1_474' title='bbox 3553 2835 3708 2890; x_wconf 90' lang='lat' dir='ltr'><strong>Deus</strong></span> 
     </span>
    </p>
   </div>
   <div class='ocr_carea' id='block_1_61' title="bbox 2060 2919 3706 2988">
    <p class='ocr_par' dir='ltr' id='par_1_61' title="bbox 2060 2919 3706 2988">
     <span class='ocr_line' id='line_1_61' title="bbox 2060 2919 3706 2988; baseline 0.001 -12"><span class='ocrx_word' id='word_1_475' title='bbox 2060 2937 2194 2976; x_wconf 89' lang='lat' dir='ltr'><strong>cum</strong></span> <span class='ocrx_word' id='word_1_476' title='bbox 2226 2924 2399 2986; x_wconf 87' lang='lat' dir='ltr'><strong>esset,</strong></span> <span class='ocrx_word' id='word_1_477' title='bbox 2433 2920 2679 2975; x_wconf 85' lang='lat' dir='ltr'><strong>formam</strong></span> <span class='ocrx_word' id='word_1_478' title='bbox 2716 2919 2864 2975; x_wconf 87' lang='lat' dir='ltr'><strong>servi</strong></span> <span class='ocrx_word' id='word_1_479' title='bbox 2894 2919 3178 2988; x_wconf 90' lang='lat' dir='ltr'><strong>induisse,</strong></span> <span class='ocrx_word' id='word_1_480' title='bbox 3201 2925 3256 2975; x_wconf 89' lang='lat' dir='ltr'><strong>et</strong></span> <span class='ocrx_word' id='word_1_481' title='bbox 3285 2937 3418 2976; x_wconf 90' lang='lat' dir='ltr'><strong>cum</strong></span> <span class='ocrx_word' id='word_1_482' title='bbox 3449 2921 3706 2978; x_wconf 86' lang='lat' dir='ltr'><strong>Verbum</strong></span> 
     </span>
    </p>
   </div>
   <div class='ocr_carea' id='block_1_62' title="bbox 2057 3009 3710 3081">
    <p class='ocr_par' dir='ltr' id='par_1_62' title="bbox 2057 3009 3710 3081">
     <span class='ocr_line' id='line_1_62' title="bbox 2057 3009 3710 3081; baseline 0.002 -17"><span class='ocrx_word' id='word_1_483' title='bbox 2057 3013 2232 3078; x_wconf 84' lang='lat' dir='ltr'><strong>esset,</strong></span> <span class='ocrx_word' id='word_1_484' title='bbox 2268 3011 2487 3063; x_wconf 82' lang='lat' dir='ltr'><strong>factum</strong></span> <span class='ocrx_word' id='word_1_485' title='bbox 2519 3023 2776 3078; x_wconf 88' lang='lat' dir='ltr'><strong>carnem,</strong></span> <span class='ocrx_word' id='word_1_486' title='bbox 2812 3012 2875 3062; x_wconf 93' lang='lat' dir='ltr'><strong>ut</strong></span> <span class='ocrx_word' id='word_1_487' title='bbox 2896 3009 2976 3062; x_wconf 90' lang='lat' dir='ltr'><strong>ait</strong></span> <span class='ocrx_word' id='word_1_488' title='bbox 3002 3009 3463 3081; x_wconf 87' lang='lat' dir='ltr'><strong>Joannes,atque</strong></span> <span class='ocrx_word' id='word_1_489' title='bbox 3494 3011 3573 3066; x_wconf 85' lang='lat' dir='ltr'><strong>ita</strong></span> <span class='ocrx_word' id='word_1_490' title='bbox 3602 3013 3710 3067; x_wconf 91' lang='lat' dir='ltr'><strong>ad-</strong></span> 
     </span>
    </p>
   </div>
   <div class='ocr_carea' id='block_1_63' title="bbox 2059 3096 3704 3168">
    <p class='ocr_par' dir='ltr' id='par_1_63' title="bbox 2059 3096 3704 3168">
     <span class='ocr_line' id='line_1_63' title="bbox 2059 3096 3704 3168; baseline 0.003 -17"><span class='ocrx_word' id='word_1_491' title='bbox 2059 3114 2264 3153; x_wconf 81' lang='lat' dir='ltr'><strong>versus</strong></span> <span class='ocrx_word' id='word_1_492' title='bbox 2295 3096 2457 3152; x_wconf 92' lang='lat' dir='ltr'><strong>Pauli</strong></span> <span class='ocrx_word' id='word_1_493' title='bbox 2507 3096 2935 3168; x_wconf 83' lang='lat' dir='ltr'><strong>blasphemiam</strong></span> <span class='ocrx_word' id='word_1_494' title='bbox 2967 3101 3164 3152; x_wconf 87' lang='lat' dir='ltr'><strong>actum</strong></span> <span class='ocrx_word' id='word_1_495' title='bbox 3196 3103 3303 3154; x_wconf 88' lang='lat' dir='ltr'><strong>est.</strong></span> <span class='ocrx_word' id='word_1_496' title='bbox 3335 3103 3476 3154; x_wconf 87' lang='lat' dir='ltr'><strong>Cum</strong></span> <span class='ocrx_word' id='word_1_497' title='bbox 3508 3105 3704 3156; x_wconf 89' lang='lat' dir='ltr'><strong>autem</strong></span> 
     </span>
    </p>
   </div>
   <div class='ocr_carea' id='block_1_64' title="bbox 2056 3186 3705 3259">
    <p class='ocr_par' dir='ltr' id='par_1_64' title="bbox 2056 3186 3705 3259">
     <span class='ocr_line' id='line_1_64' title="bbox 2056 3186 3705 3259; baseline 0.001 -16"><span class='ocrx_word' id='word_1_498' title='bbox 2056 3187 2371 3243; x_wconf 87' lang='lat' dir='ltr'><strong>Eusebiani</strong></span> <span class='ocrx_word' id='word_1_499' title='bbox 2403 3191 2459 3242; x_wconf 90' lang='lat' dir='ltr'><strong>et</strong></span> <span class='ocrx_word' id='word_1_500' title='bbox 2485 3186 2706 3256; x_wconf 86' lang='lat' dir='ltr'><strong>Ariani,</strong></span> <span class='ocrx_word' id='word_1_501' title='bbox 2759 3191 2894 3242; x_wconf 89' lang='lat' dir='ltr'><strong>ante</strong></span> <span class='ocrx_word' id='word_1_502' title='bbox 2925 3191 3190 3258; x_wconf 88' lang='lat' dir='ltr'><strong>tempora</strong></span> <span class='ocrx_word' id='word_1_503' title='bbox 3220 3189 3459 3259; x_wconf 88' lang='lat' dir='ltr'><strong>quidem</strong></span> <span class='ocrx_word' id='word_1_504' title='bbox 3494 3189 3705 3245; x_wconf 89' lang='lat' dir='ltr'><strong>Filium</strong></span> 
     </span>
    </p>
   </div>
   <div class='ocr_carea' id='block_1_65' title="bbox 2059 3275 3707 3345">
    <p class='ocr_par' dir='ltr' id='par_1_65' title="bbox 2059 3275 3707 3345">
     <span class='ocr_line' id='line_1_65' title="bbox 2059 3275 3707 3345; baseline 0.002 -14"><span class='ocrx_word' id='word_1_505' title='bbox 2059 3278 2240 3332; x_wconf 80' lang='lat' dir='ltr'><strong>fuisse</strong></span> <span class='ocrx_word' id='word_1_506' title='bbox 2270 3275 2548 3342; x_wconf 88' lang='lat' dir='ltr'><strong>dicerent,</strong></span> <span class='ocrx_word' id='word_1_507' title='bbox 2601 3275 2816 3330; x_wconf 87' lang='lat' dir='ltr'><strong>factum</strong></span> <span class='ocrx_word' id='word_1_508' title='bbox 2866 3281 3063 3332; x_wconf 88' lang='lat' dir='ltr'><strong>tamen</strong></span> <span class='ocrx_word' id='word_1_509' title='bbox 3097 3275 3297 3345; x_wconf 82' lang='lat' dir='ltr'><strong>fuisse,</strong></span> <span class='ocrx_word' id='word_1_510' title='bbox 3348 3294 3415 3333; x_wconf 87' lang='lat' dir='ltr'><strong>ac</strong></span> <span class='ocrx_word' id='word_1_511' title='bbox 3465 3295 3643 3334; x_wconf 90' lang='lat' dir='ltr'><strong>unam</strong></span> <span class='ocrx_word' id='word_1_512' title='bbox 3676 3295 3707 3334; x_wconf 90' lang='lat' dir='ltr'><strong>e</strong></span> 
     </span>
    </p>
   </div>
   <div class='ocr_carea' id='block_1_66' title="bbox 300 3343 1948 3440">
    <p class='ocr_par' dir='ltr' id='par_1_66' title="bbox 300 3343 1948 3440">
     <span class='ocr_line' id='line_1_66' title="bbox 300 3343 1948 3440; baseline 0.001 -23"><span class='ocrx_word' id='word_1_513' title='bbox 300 3343 518 3439; x_wconf 71' lang='grc' dir='ltr'>’Δρειον</span> <span class='ocrx_word' id='word_1_514' title='bbox 569 3363 676 3438; x_wconf 88' lang='grc' dir='ltr'><strong>πρὸ</strong></span> <span class='ocrx_word' id='word_1_515' title='bbox 722 3364 936 3440; x_wconf 85' lang='grc' dir='ltr'>χρόνων</span> <span class='ocrx_word' id='word_1_516' title='bbox 993 3365 1086 3436; x_wconf 78' lang='grc' dir='ltr'>μὲν</span> <span class='ocrx_word' id='word_1_517' title='bbox 1139 3364 1269 3418; x_wconf 77' lang='grc' dir='ltr'>εἶναι</span> <span class='ocrx_word' id='word_1_518' title='bbox 1319 3364 1408 3418; x_wconf 86' lang='grc' dir='ltr'><strong>τὸν</strong></span> <span class='ocrx_word' id='word_1_519' title='bbox 1439 3343 1580 3418; x_wconf 44' lang='grc' dir='ltr'>’Υἱὸν</span> <span class='ocrx_word' id='word_1_520' title='bbox 1616 3363 1823 3440; x_wconf 83' lang='grc' dir='ltr'>ἔλεγον,</span> <span class='ocrx_word' id='word_1_521' title='bbox 1856 3385 1948 3420; x_wconf 87' lang='grc' dir='ltr'>πε-</span> 
     </span>
    </p>
   </div>
   <div class='ocr_carea' id='block_1_67' title="bbox 2063 3343 3704 3440">
    <p class='ocr_par' dir='ltr' id='par_1_67' title="bbox 2063 3365 3704 3438">
     <span class='ocr_line' id='line_1_67' title="bbox 2063 3365 3704 3438; baseline 0.001 -17"><span class='ocrx_word' id='word_1_522' title='bbox 2063 3365 2342 3421; x_wconf 87' lang='lat' dir='ltr'><strong>creaturis</strong></span> <span class='ocrx_word' id='word_1_523' title='bbox 2374 3381 2508 3420; x_wconf 91' lang='lat' dir='ltr'><strong>eum</strong></span> <span class='ocrx_word' id='word_1_524' title='bbox 2542 3382 2671 3420; x_wconf 86' lang='lat' dir='ltr'><strong>esse</strong></span> <span class='ocrx_word' id='word_1_525' title='bbox 2714 3366 3006 3430; x_wconf 90' lang='lat' dir='ltr'><strong>docerent,</strong></span> <span class='ocrx_word' id='word_1_526' title='bbox 3041 3371 3098 3421; x_wconf 91' lang='lat' dir='ltr'><strong>et</strong></span> <span class='ocrx_word' id='word_1_527' title='bbox 3126 3365 3292 3431; x_wconf 83' lang='lat' dir='ltr'><strong>illud,</strong></span> <span class='ocrx_word' id='word_1_528' title='bbox 3325 3384 3393 3422; x_wconf 84' lang='lat' dir='ltr'><strong>ex</strong></span> <span class='ocrx_word' id='word_1_529' title='bbox 3423 3372 3556 3438; x_wconf 89' lang='lat' dir='ltr'><strong>Deo,</strong></span> <span class='ocrx_word' id='word_1_530' title='bbox 3590 3385 3704 3423; x_wconf 89' lang='lat' dir='ltr'><strong>non</strong></span> 
     </span>
    </p>
   </div>
   <div class='ocr_carea' id='block_1_68' title="bbox 303 3449 1949 3526">
    <p class='ocr_par' dir='ltr' id='par_1_68' title="bbox 303 3449 1949 3526">
     <span class='ocr_line' id='line_1_68' title="bbox 303 3449 1949 3526; baseline 0.001 -19"><span class='ocrx_word' id='word_1_531' title='bbox 303 3458 563 3522; x_wconf 84' lang='grc' dir='ltr'>ποιῆσθαι</span> <span class='ocrx_word' id='word_1_532' title='bbox 601 3451 806 3525; x_wconf 71' lang='grc' dir='ltr'>μέντοι,</span> <span class='ocrx_word' id='word_1_533' title='bbox 865 3453 952 3507; x_wconf 81' lang='grc' dir='ltr'><strong>καὶ</strong></span> <span class='ocrx_word' id='word_1_534' title='bbox 1010 3449 1099 3507; x_wconf 73' lang='grc' dir='ltr'>ἕνα</span> <span class='ocrx_word' id='word_1_535' title='bbox 1148 3457 1255 3508; x_wconf 78' lang='grc' dir='ltr'><strong>τῶν</strong></span> <span class='ocrx_word' id='word_1_536' title='bbox 1294 3453 1603 3526; x_wconf 79' lang='grc' dir='ltr'>κτισμάτων</span> <span class='ocrx_word' id='word_1_537' title='bbox 1656 3453 1813 3509; x_wconf 78' lang='grc' dir='ltr'>αὐτὸν</span> <span class='ocrx_word' id='word_1_538' title='bbox 1842 3452 1949 3508; x_wconf 79' lang='grc' dir='ltr'>ἐδί-</span> 
     </span>
    </p>
   </div>
   <div class='ocr_carea' id='block_1_69' title="bbox 306 3539 1949 3618">
    <p class='ocr_par' dir='ltr' id='par_1_69' title="bbox 306 3539 1949 3618">
     <span class='ocr_line' id='line_1_69' title="bbox 306 3539 1949 3618; baseline 0.001 -22"><span class='ocrx_word' id='word_1_539' title='bbox 306 3539 526 3612; x_wconf 83' lang='grc' dir='ltr'>δασκον,</span> <span class='ocrx_word' id='word_1_540' title='bbox 577 3541 667 3596; x_wconf 85' lang='grc' dir='ltr'><strong>καὶ</strong></span> <span class='ocrx_word' id='word_1_541' title='bbox 717 3543 801 3611; x_wconf 89' lang='grc' dir='ltr'><strong>τὸ,</strong></span> <span class='ocrx_word' id='word_1_542' title='bbox 849 3541 907 3597; x_wconf 83' lang='grc' dir='ltr'>ἐκ</span> <span class='ocrx_word' id='word_1_543' title='bbox 941 3547 1037 3597; x_wconf 92' lang='grc' dir='ltr'><strong>τοῦ</strong></span> <span class='ocrx_word' id='word_1_544' title='bbox 1069 3546 1224 3613; x_wconf 87' lang='grc' dir='ltr'>Θεοῦ,</span> <span class='ocrx_word' id='word_1_545' title='bbox 1259 3541 1365 3618; x_wconf 81' lang='grc' dir='ltr'>οὐχ</span> <span class='ocrx_word' id='word_1_546' title='bbox 1394 3542 1470 3606; x_wconf 83' lang='grc' dir='ltr'>ὡς</span> <span class='ocrx_word' id='word_1_547' title='bbox 1496 3544 1616 3597; x_wconf 74' lang='grc' dir='ltr'>Υἱὸν</span> <span class='ocrx_word' id='word_1_548' title='bbox 1651 3543 1710 3598; x_wconf 82' lang='grc' dir='ltr'>ἐκ</span> <span class='ocrx_word' id='word_1_549' title='bbox 1739 3543 1949 3618; x_wconf 86' lang='grc' dir='ltr'>Πατρὸς</span> 
     </span>
    </p>
   </div>
   <div class='ocr_carea' id='block_1_70' title="bbox 307 3629 1950 3708">
    <p class='ocr_par' dir='ltr' id='par_1_70' title="bbox 307 3629 1950 3708">
     <span class='ocr_line' id='line_1_70' title="bbox 307 3629 1950 3708; baseline 0.002 -23"><span class='ocrx_word' id='word_1_550' title='bbox 307 3633 554 3705; x_wconf 85' lang='grc' dir='ltr'>γνήσιον,</span> <span class='ocrx_word' id='word_1_551' title='bbox 583 3629 879 3686; x_wconf 74' lang='grc' dir='ltr'>ἐπίστευον·</span> <span class='ocrx_word' id='word_1_552' title='bbox 935 3629 1065 3686; x_wconf 87' lang='grc' dir='ltr'>ἀλλ’</span> <span class='ocrx_word' id='word_1_553' title='bbox 1112 3631 1186 3694; x_wconf 86' lang='grc' dir='ltr'>ὡς</span> <span class='ocrx_word' id='word_1_554' title='bbox 1245 3632 1311 3686; x_wconf 78' lang='grc' dir='ltr'><strong>τὰ</strong></span> <span class='ocrx_word' id='word_1_555' title='bbox 1339 3632 1627 3708; x_wconf 64' lang='grc' dir='ltr'>κτίσμςτω</span> <span class='ocrx_word' id='word_1_556' title='bbox 1663 3632 1804 3686; x_wconf 80' lang='grc' dir='ltr'>οὕτω</span> <span class='ocrx_word' id='word_1_557' title='bbox 1836 3634 1950 3705; x_wconf 87' lang='grc'>(17)</span> 
     </span>
    </p>
   </div>
   <div class='ocr_carea' id='block_1_71' title="bbox 301 3716 1944 3776">
    <p class='ocr_par' dir='ltr' id='par_1_71' title="bbox 301 3716 1944 3776">
     <span class='ocr_line' id='line_1_71' title="bbox 301 3716 1944 3776; baseline 0.001 -2"><span class='ocrx_word' id='word_1_558' title='bbox 301 3719 391 3774; x_wconf 78' lang='grc' dir='ltr'><strong>καὶ</strong></span> <span class='ocrx_word' id='word_1_559' title='bbox 447 3718 529 3774; x_wconf 81' lang='grc' dir='ltr'><strong>ἐπ’</strong></span> <span class='ocrx_word' id='word_1_560' title='bbox 586 3718 750 3774; x_wconf 77' lang='grc' dir='ltr'>αὐτοῦ</span> <span class='ocrx_word' id='word_1_561' title='bbox 795 3719 858 3774; x_wconf 92' lang='grc' dir='ltr'><strong>τὸ</strong></span> <span class='ocrx_word' id='word_1_562' title='bbox 907 3717 968 3773; x_wconf 85' lang='grc' dir='ltr'>ἐκ</span> <span class='ocrx_word' id='word_1_563' title='bbox 1018 3723 1114 3774; x_wconf 90' lang='grc' dir='ltr'><strong>τοῦ</strong></span> <span class='ocrx_word' id='word_1_564' title='bbox 1171 3725 1304 3775; x_wconf 89' lang='grc' dir='ltr'>Θεοῦ</span> <span class='ocrx_word' id='word_1_565' title='bbox 1360 3721 1488 3775; x_wconf 75' lang='grc' dir='ltr'>εἶναι</span> <span class='ocrx_word' id='word_1_566' title='bbox 1523 3716 1944 3776; x_wconf 74' lang='grc' dir='ltr'>διεϐεϐαιοῦντο·</span> 
     </span>
    </p>
   </div>
   <div class='ocr_carea' id='block_1_72' title="bbox 300 3808 1947 3886">
    <p class='ocr_par' dir='ltr' id='par_1_72' title="bbox 300 3808 1947 3886">
     <span class='ocr_line' id='line_1_72' title="bbox 300 3808 1947 3886; baseline 0.001 -22"><span class='ocrx_word' id='word_1_567' title='bbox 300 3810 400 3880; x_wconf 70' lang='grc' dir='ltr'><strong>τήν</strong></span> <span class='ocrx_word' id='word_1_568' title='bbox 444 3829 502 3863; x_wconf 89' lang='grc' dir='ltr'><strong>τε</strong></span> <span class='ocrx_word' id='word_1_569' title='bbox 547 3809 646 3878; x_wconf 73' lang='grc' dir='ltr'>τῆς</span> <span class='ocrx_word' id='word_1_570' title='bbox 707 3809 1024 3882; x_wconf 81' lang='grc' dir='ltr'>ὁμοιώσεως</span> <span class='ocrx_word' id='word_1_571' title='bbox 1073 3808 1294 3879; x_wconf 68' lang='grc' dir='ltr'>ἑνότητα</span> <span class='ocrx_word' id='word_1_572' title='bbox 1345 3813 1441 3864; x_wconf 87' lang='grc' dir='ltr'><strong>τοῦ</strong></span> <span class='ocrx_word' id='word_1_573' title='bbox 1489 3810 1616 3864; x_wconf 75' lang='grc' dir='ltr'>Υἱοῦ</span> <span class='ocrx_word' id='word_1_574' title='bbox 1672 3813 1780 3883; x_wconf 89' lang='grc'>(18)</span> <span class='ocrx_word' id='word_1_575' title='bbox 1812 3811 1947 3886; x_wconf 87' lang='grc' dir='ltr'>πρὸς</span> 
     </span>
    </p>
   </div>
   <div class='ocr_carea' id='block_1_73' title="bbox 300 3895 1950 3974">
    <p class='ocr_par' dir='ltr' id='par_1_73' title="bbox 300 3895 1950 3974">
     <span class='ocr_line' id='line_1_73' title="bbox 300 3895 1950 3974; baseline 0.002 -24"><span class='ocrx_word' id='word_1_576' title='bbox 300 3897 393 3951; x_wconf 85' lang='grc' dir='ltr'><strong>τὸν</strong></span> <span class='ocrx_word' id='word_1_577' title='bbox 448 3898 661 3974; x_wconf 71' lang='grc' dir='ltr'>Πατέρα</span> <span class='ocrx_word' id='word_1_578' title='bbox 709 3896 807 3952; x_wconf 80' lang='grc' dir='ltr'>οὐκ</span> <span class='ocrx_word' id='word_1_579' title='bbox 855 3895 1040 3972; x_wconf 79' lang='grc' dir='ltr'>ἔλεγον</span> <span class='ocrx_word' id='word_1_580' title='bbox 1096 3898 1230 3952; x_wconf 72' lang='grc' dir='ltr'>κατὰ</span> <span class='ocrx_word' id='word_1_581' title='bbox 1275 3899 1376 3967; x_wconf 76' lang='grc' dir='ltr'>τὴν</span> <span class='ocrx_word' id='word_1_582' title='bbox 1426 3897 1628 3967; x_wconf 78' lang='grc' dir='ltr'>οὐσίαν,</span> <span class='ocrx_word' id='word_1_583' title='bbox 1661 3896 1786 3952; x_wconf 75' lang='grc' dir='ltr'>οὐδὲ</span> <span class='ocrx_word' id='word_1_584' title='bbox 1815 3899 1950 3953; x_wconf 80' lang='grc' dir='ltr'>κατὰ</span> 
     </span>
    </p>
   </div>
   <div class='ocr_carea' id='block_1_74' title="bbox 299 3981 1950 4064">
    <p class='ocr_par' dir='ltr' id='par_1_74' title="bbox 299 3981 1950 4064">
     <span class='ocr_line' id='line_1_74' title="bbox 299 3981 1950 4064; baseline 0.003 -26"><span class='ocrx_word' id='word_1_585' title='bbox 299 3987 400 4054; x_wconf 82' lang='grc' dir='ltr'><strong>τήν</strong></span> <span class='ocrx_word' id='word_1_586' title='bbox 433 3986 610 4064; x_wconf 74' lang='grc' dir='ltr'>φύσιν,</span> <span class='ocrx_word' id='word_1_587' title='bbox 643 3988 718 4048; x_wconf 83' lang='grc' dir='ltr'>ὡς</span> <span class='ocrx_word' id='word_1_588' title='bbox 751 3981 892 4040; x_wconf 82' lang='grc' dir='ltr'>ἔστιν</span> <span class='ocrx_word' id='word_1_589' title='bbox 927 3986 1042 4048; x_wconf 79' lang='grc' dir='ltr'>υἱὸς</span> <span class='ocrx_word' id='word_1_590' title='bbox 1075 3989 1268 4058; x_wconf 84' lang='grc' dir='ltr'>ὅμοιος</span> <span class='ocrx_word' id='word_1_591' title='bbox 1331 3989 1524 4062; x_wconf 79' lang='grc' dir='ltr'>Πατρί,</span> <span class='ocrx_word' id='word_1_592' title='bbox 1558 3986 1703 4042; x_wconf 76' lang='grc' dir='ltr'>ἀλλὰ</span> <span class='ocrx_word' id='word_1_593' title='bbox 1733 3985 1821 4042; x_wconf 80' lang='grc' dir='ltr'>διὰ</span> <span class='ocrx_word' id='word_1_594' title='bbox 1850 3989 1950 4058; x_wconf 74' lang='grc' dir='ltr'>τὴν</span> 
     </span>
    </p>
   </div>
   <div class='ocr_carea' id='block_1_75' title="bbox 302 4072 1949 4152">
    <p class='ocr_par' dir='ltr' id='par_1_75' title="bbox 302 4072 1949 4152">
     <span class='ocr_line' id='line_1_75' title="bbox 302 4072 1949 4152; baseline 0.002 -24"><span class='ocrx_word' id='word_1_595' title='bbox 302 4075 618 4152; x_wconf 75' lang='grc' dir='ltr'>συμφωνίαν</span> <span class='ocrx_word' id='word_1_596' title='bbox 642 4079 750 4130; x_wconf 82' lang='grc' dir='ltr'><strong>τῶν</strong></span> <span class='ocrx_word' id='word_1_597' title='bbox 803 4072 1087 4151; x_wconf 82' lang='grc' dir='ltr'>δογμάτων</span> <span class='ocrx_word' id='word_1_598' title='bbox 1131 4077 1217 4130; x_wconf 80' lang='grc' dir='ltr'>καὶ</span> <span class='ocrx_word' id='word_1_599' title='bbox 1269 4082 1368 4145; x_wconf 82' lang='grc' dir='ltr'><strong>τῆς</strong></span> <span class='ocrx_word' id='word_1_600' title='bbox 1399 4074 1769 4139; x_wconf 83' lang='grc' dir='ltr'>διδασκαλίας·</span> <span class='ocrx_word' id='word_1_601' title='bbox 1804 4075 1949 4132; x_wconf 80' lang='grc' dir='ltr'>ἀλλὰ</span> 
     </span>
    </p>
   </div>
   <div class='ocr_carea' id='block_1_76' title="bbox 299 4163 1949 4240">
    <p class='ocr_par' dir='ltr' id='par_1_76' title="bbox 299 4163 1949 4240">
     <span class='ocr_line' id='line_1_76' title="bbox 299 4163 1949 4240; baseline 0.002 -23"><span class='ocrx_word' id='word_1_602' title='bbox 299 4163 400 4239; x_wconf 79' lang='grc' dir='ltr'><strong>γὰρ</strong></span> <span class='ocrx_word' id='word_1_603' title='bbox 431 4164 517 4218; x_wconf 84' lang='grc' dir='ltr'><strong>καὶ</strong></span> <span class='ocrx_word' id='word_1_604' title='bbox 559 4163 941 4240; x_wconf 83' lang='grc' dir='ltr'>ἀπεσχοίνιζον</span> <span class='ocrx_word' id='word_1_605' title='bbox 973 4166 1060 4219; x_wconf 78' lang='grc' dir='ltr'><strong>καὶ</strong></span> <span class='ocrx_word' id='word_1_606' title='bbox 1116 4165 1463 4235; x_wconf 75' lang='grc' dir='ltr'>ἀπεξενοῦντο</span> <span class='ocrx_word' id='word_1_607' title='bbox 1513 4166 1626 4238; x_wconf 83' lang='grc'>(19)</span> <span class='ocrx_word' id='word_1_608' title='bbox 1671 4164 1949 4228; x_wconf 82' lang='grc' dir='ltr'>παντελῶς</span> 
     </span>
    </p>
   </div>
   <div class='ocr_carea' id='block_1_77' title="bbox 300 4252 1945 4331">
    <p class='ocr_par' dir='ltr' id='par_1_77' title="bbox 300 4252 1945 4331">
     <span class='ocr_line' id='line_1_77' title="bbox 300 4252 1945 4331; baseline 0.001 -25"><span class='ocrx_word' id='word_1_609' title='bbox 300 4255 397 4320; x_wconf 79' lang='grc' dir='ltr'>τὴν</span> <span class='ocrx_word' id='word_1_610' title='bbox 431 4252 614 4308; x_wconf 84' lang='grc' dir='ltr'>οὐσίαν</span> <span class='ocrx_word' id='word_1_611' title='bbox 647 4258 744 4307; x_wconf 89' lang='grc' dir='ltr'><strong>τοῦ</strong></span> <span class='ocrx_word' id='word_1_612' title='bbox 797 4254 925 4308; x_wconf 79' lang='grc' dir='ltr'>Υἱοῦ</span> <span class='ocrx_word' id='word_1_613' title='bbox 975 4254 1080 4308; x_wconf 84' lang='grc' dir='ltr'>ἀπὸ</span> <span class='ocrx_word' id='word_1_614' title='bbox 1126 4258 1223 4309; x_wconf 85' lang='grc' dir='ltr'><strong>τοῦ</strong></span> <span class='ocrx_word' id='word_1_615' title='bbox 1273 4255 1502 4331; x_wconf 89' lang='grc' dir='ltr'>Πατρὸς,</span> <span class='ocrx_word' id='word_1_616' title='bbox 1544 4253 1724 4330; x_wconf 77' lang='grc' dir='ltr'>ὲτὲραν</span> <span class='ocrx_word' id='word_1_617' title='bbox 1767 4255 1945 4331; x_wconf 74' lang='grc' dir='ltr'>ἀρχὴν</span> 
     </span>
    </p>
   </div>
   <div class='ocr_carea' id='block_1_78' title="bbox 301 4341 1948 4419">
    <p class='ocr_par' dir='ltr' id='par_1_78' title="bbox 301 4341 1948 4419">
     <span class='ocr_line' id='line_1_78' title="bbox 301 4341 1948 4419; baseline 0.003 -24"><span class='ocrx_word' id='word_1_618' title='bbox 301 4341 452 4413; x_wconf 83' lang='grc' dir='ltr'><strong>αὐτῷ</strong></span> <span class='ocrx_word' id='word_1_619' title='bbox 506 4347 603 4397; x_wconf 80' lang='grc' dir='ltr'><strong>τοῦ</strong></span> <span class='ocrx_word' id='word_1_620' title='bbox 663 4343 796 4397; x_wconf 73' lang='grc' dir='ltr'>εἶναι</span> <span class='ocrx_word' id='word_1_621' title='bbox 853 4343 999 4419; x_wconf 81' lang='grc' dir='ltr'>παρὰ</span> <span class='ocrx_word' id='word_1_622' title='bbox 1045 4343 1136 4398; x_wconf 88' lang='grc' dir='ltr'><strong>τὸν</strong></span> <span class='ocrx_word' id='word_1_623' title='bbox 1190 4342 1394 4418; x_wconf 77' lang='grc' dir='ltr'>πατέρα</span> <span class='ocrx_word' id='word_1_624' title='bbox 1441 4343 1948 4418; x_wconf 82' lang='grc' dir='ltr'>ἐπινοοῦντες</span> 
     </span>
    </p>
   </div>
   <div class='ocr_carea' id='block_1_79' title="bbox 300 4429 1948 4510">
    <p class='ocr_par' dir='ltr' id='par_1_79' title="bbox 300 4429 1948 4510">
     <span class='ocr_line' id='line_1_79' title="bbox 300 4429 1948 4510; baseline 0.002 -28"><span class='ocrx_word' id='word_1_625' title='bbox 300 4431 387 4483; x_wconf 85' lang='grc' dir='ltr'><strong>καὶ</strong></span> <span class='ocrx_word' id='word_1_626' title='bbox 425 4429 502 4492; x_wconf 71' lang='grc' dir='ltr'>εἲς</span> <span class='ocrx_word' id='word_1_627' title='bbox 556 4431 622 4486; x_wconf 85' lang='grc' dir='ltr'><strong>τὰ</strong></span> <span class='ocrx_word' id='word_1_628' title='bbox 663 4430 933 4504; x_wconf 84' lang='grc' dir='ltr'>κτίσματα</span> <span class='ocrx_word' id='word_1_629' title='bbox 980 4432 1369 4510; x_wconf 72' lang='grc' dir='ltr'>καταφέροντες</span> <span class='ocrx_word' id='word_1_630' title='bbox 1407 4433 1586 4487; x_wconf 75' lang='grc' dir='ltr'>αὐτόν’</span> <span class='ocrx_word' id='word_1_631' title='bbox 1617 4433 1813 4487; x_wconf 87' lang='grc' dir='ltr'>τούτου</span> <span class='ocrx_word' id='word_1_632' title='bbox 1843 4434 1948 4508; x_wconf 86' lang='grc' dir='ltr'><strong>χά-</strong></span> 
     </span>
    </p>
   </div>
   <div class='ocr_carea' id='block_1_80' title="bbox 303 4517 1949 4596">
    <p class='ocr_par' dir='ltr' id='par_1_80' title="bbox 303 4517 1949 4596">
     <span class='ocr_line' id='line_1_80' title="bbox 303 4517 1949 4596; baseline 0.002 -25"><span class='ocrx_word' id='word_1_633' title='bbox 303 4537 383 4592; x_wconf 90' lang='grc' dir='ltr'><strong>ριν</strong></span> <span class='ocrx_word' id='word_1_634' title='bbox 417 4519 468 4572; x_wconf 77' lang='grc' dir='ltr'>οἱ</span> <span class='ocrx_word' id='word_1_635' title='bbox 499 4517 550 4572; x_wconf 78' lang='grc' dir='ltr'>ἐν</span> <span class='ocrx_word' id='word_1_636' title='bbox 602 4520 800 4590; x_wconf 82' lang='grc' dir='ltr'>Νικαίᾳ</span> <span class='ocrx_word' id='word_1_637' title='bbox 846 4518 1214 4589; x_wconf 85' lang='grc' dir='ltr'>συνελθόντες,</span> <span class='ocrx_word' id='word_1_638' title='bbox 1266 4524 1633 4596; x_wconf 75' lang='grc' dir='ltr'>θεωρήσαντες</span> <span class='ocrx_word' id='word_1_639' title='bbox 1657 4522 1755 4589; x_wconf 77' lang='grc' dir='ltr'>τὴν</span> <span class='ocrx_word' id='word_1_640' title='bbox 1810 4541 1949 4575; x_wconf 86' lang='grc' dir='ltr'>παν-</span> 
     </span>
    </p>
   </div>
   <div class='ocr_carea' id='block_1_81' title="bbox 301 4597 1949 4688">
    <p class='ocr_par' dir='ltr' id='par_1_81' title="bbox 301 4597 1949 4688">
     <span class='ocr_line' id='line_1_81' title="bbox 301 4597 1949 4688; baseline 0.003 -29"><span class='ocrx_word' id='word_1_641' title='bbox 301 4606 520 4682; x_wconf 89' lang='grc' dir='ltr'>ουργίαν</span> <span class='ocrx_word' id='word_1_642' title='bbox 593 4611 704 4663; x_wconf 82' lang='grc' dir='ltr'><strong>τῶν</strong></span> <span class='ocrx_word' id='word_1_643' title='bbox 775 4607 916 4664; x_wconf 79' lang='grc' dir='ltr'>οὕτω</span> <span class='ocrx_word' id='word_1_644' title='bbox 987 4609 1349 4688; x_wconf 82' lang='grc' dir='ltr'>φρονούντων,</span> <span class='ocrx_word' id='word_1_645' title='bbox 1410 4597 1518 4665; x_wconf 87' lang='grc' dir='ltr'><strong>καὶ¹</strong></span> <span class='ocrx_word' id='word_1_646' title='bbox 1559 4613 1672 4683; x_wconf 84' lang='grc'>(21)</span> <span class='ocrx_word' id='word_1_647' title='bbox 1726 4630 1949 4684; x_wconf 89' lang='grc' dir='ltr'>συναγα-</span> 
     </span>
    </p>
   </div>
   <div class='ocr_carea' id='block_1_82' title="bbox 2065 3453 3709 3525">
    <p class='ocr_par' dir='ltr' id='par_1_82' title="bbox 2065 3453 3709 3525">
     <span class='ocr_line' id='line_1_82' title="bbox 2065 3453 3709 3525; baseline 0.002 -16"><span class='ocrx_word' id='word_1_648' title='bbox 2065 3454 2269 3509; x_wconf 84' lang='lat' dir='ltr'><strong>Filium</strong></span> <span class='ocrx_word' id='word_1_649' title='bbox 2303 3471 2372 3508; x_wconf 84' lang='lat' dir='ltr'><strong>ex</strong></span> <span class='ocrx_word' id='word_1_650' title='bbox 2394 3453 2559 3510; x_wconf 87' lang='lat' dir='ltr'><strong>Patre</strong></span> <span class='ocrx_word' id='word_1_651' title='bbox 2579 3454 2900 3525; x_wconf 88' lang='lat' dir='ltr'><strong>genuinum</strong></span> <span class='ocrx_word' id='word_1_652' title='bbox 2923 3470 3052 3510; x_wconf 87' lang='lat' dir='ltr'><strong>esse</strong></span> <span class='ocrx_word' id='word_1_653' title='bbox 3067 3456 3369 3512; x_wconf 89' lang='lat' dir='ltr'><strong>crederent</strong></span> <span class='ocrx_word' id='word_1_654' title='bbox 3391 3474 3405 3525; x_wconf 87' lang='lat'><strong>;</strong></span> <span class='ocrx_word' id='word_1_655' title='bbox 3428 3458 3532 3512; x_wconf 89' lang='lat' dir='ltr'><strong>sed</strong></span> <span class='ocrx_word' id='word_1_656' title='bbox 3554 3458 3709 3512; x_wconf 90' lang='lat' dir='ltr'><strong>sicut</strong></span> 
     </span>
    </p>
   </div>
   <div class='ocr_carea' id='block_1_83' title="bbox 2059 3543 3706 3612">
    <p class='ocr_par' dir='ltr' id='par_1_83' title="bbox 2059 3543 3706 3612">
     <span class='ocr_line' id='line_1_83' title="bbox 2059 3543 3706 3612; baseline 0.001 -12"><span class='ocrx_word' id='word_1_657' title='bbox 2059 3543 2468 3612; x_wconf 86' lang='lat' dir='ltr'><strong>creaturas,ita</strong></span> <span class='ocrx_word' id='word_1_658' title='bbox 2489 3559 2619 3598; x_wconf 89' lang='lat' dir='ltr'><strong>eum</strong></span> <span class='ocrx_word' id='word_1_659' title='bbox 2639 3543 3002 3600; x_wconf 89' lang='lat' dir='ltr'><strong>attirmarent</strong></span> <span class='ocrx_word' id='word_1_660' title='bbox 3021 3561 3089 3599; x_wconf 84' lang='lat' dir='ltr'><strong>ex</strong></span> <span class='ocrx_word' id='word_1_661' title='bbox 3107 3544 3222 3600; x_wconf 92' lang='lat' dir='ltr'><strong>Deo</strong></span> <span class='ocrx_word' id='word_1_662' title='bbox 3244 3561 3374 3601; x_wconf 84' lang='lat' dir='ltr'><strong>esse</strong></span> <span class='ocrx_word' id='word_1_663' title='bbox 3396 3546 3706 3602; x_wconf 88' lang='lat' dir='ltr'><strong>:unitatem</strong></span> 
     </span>
    </p>
   </div>
   <div class='ocr_carea' id='block_1_84' title="bbox 2059 3630 3708 3690">
    <p class='ocr_par' dir='ltr' id='par_1_84' title="bbox 2059 3630 3708 3690">
     <span class='ocr_line' id='line_1_84' title="bbox 2059 3630 3708 3690; baseline 0.002 -4"><span class='ocrx_word' id='word_1_664' title='bbox 2059 3637 2254 3687; x_wconf 89' lang='lat' dir='ltr'><strong>autem</strong></span> <span class='ocrx_word' id='word_1_665' title='bbox 2270 3630 2682 3687; x_wconf 88' lang='lat' dir='ltr'><strong>similitudinis</strong></span> <span class='ocrx_word' id='word_1_666' title='bbox 2701 3631 2827 3686; x_wconf 84' lang='lat' dir='ltr'><strong>Filii</strong></span> <span class='ocrx_word' id='word_1_667' title='bbox 2841 3648 2972 3687; x_wconf 92' lang='lat' dir='ltr'><strong>cum</strong></span> <span class='ocrx_word' id='word_1_668' title='bbox 2990 3633 3430 3690; x_wconf 86' lang='lat' dir='ltr'><strong>Patredicerent</strong></span> <span class='ocrx_word' id='word_1_669' title='bbox 3444 3651 3558 3689; x_wconf 90' lang='lat' dir='ltr'><strong>non</strong></span> <span class='ocrx_word' id='word_1_670' title='bbox 3579 3649 3708 3690; x_wconf 88' lang='lat' dir='ltr'><strong>esse</strong></span> 
     </span>
    </p>
   </div>
   <div class='ocr_carea' id='block_1_85' title="bbox 2057 3720 3708 3792">
    <p class='ocr_par' dir='ltr' id='par_1_85' title="bbox 2057 3720 3708 3792">
     <span class='ocr_line' id='line_1_85' title="bbox 2057 3720 3708 3792; baseline 0.001 -16"><span class='ocrx_word' id='word_1_671' title='bbox 2057 3720 2383 3776; x_wconf 86' lang='lat' dir='ltr'><strong>secundum</strong></span> <span class='ocrx_word' id='word_1_672' title='bbox 2409 3721 2556 3775; x_wconf 75' lang='lat'><strong>607</strong></span> <span class='ocrx_word' id='word_1_673' title='bbox 2585 3720 3002 3792; x_wconf 82' lang='lat' dir='ltr'><strong>substantiam,</strong></span> <span class='ocrx_word' id='word_1_674' title='bbox 3039 3738 3143 3776; x_wconf 88' lang='lat' dir='ltr'><strong>nec</strong></span> <span class='ocrx_word' id='word_1_675' title='bbox 3175 3723 3498 3778; x_wconf 89' lang='lat' dir='ltr'><strong>secundum</strong></span> <span class='ocrx_word' id='word_1_676' title='bbox 3535 3729 3708 3778; x_wconf 88' lang='lat' dir='ltr'><strong>natu-</strong></span> 
     </span>
    </p>
   </div>
   <div class='ocr_carea' id='block_1_86' title="bbox 2058 3809 3707 3881">
    <p class='ocr_par' dir='ltr' id='par_1_86' title="bbox 2058 3809 3707 3881">
     <span class='ocr_line' id='line_1_86' title="bbox 2058 3809 3707 3881; baseline 0.003 -19"><span class='ocrx_word' id='word_1_677' title='bbox 2058 3825 2206 3875; x_wconf 87' lang='lat' dir='ltr'><strong>ram,</strong></span> <span class='ocrx_word' id='word_1_678' title='bbox 2238 3809 2736 3880; x_wconf 88' lang='lat' dir='ltr'><strong>quemadmodum</strong></span> <span class='ocrx_word' id='word_1_679' title='bbox 2771 3809 2925 3863; x_wconf 75' lang='lat' dir='ltr'><strong>illius</strong></span> <span class='ocrx_word' id='word_1_680' title='bbox 2955 3815 3043 3865; x_wconf 90' lang='lat' dir='ltr'><strong>est</strong></span> <span class='ocrx_word' id='word_1_681' title='bbox 3069 3810 3216 3881; x_wconf 91' lang='lat' dir='ltr'><strong>patri</strong></span> <span class='ocrx_word' id='word_1_682' title='bbox 3245 3810 3476 3877; x_wconf 88' lang='lat' dir='ltr'><strong>similis,</strong></span> <span class='ocrx_word' id='word_1_683' title='bbox 3510 3812 3609 3866; x_wconf 87' lang='lat' dir='ltr'><strong>sed</strong></span> <span class='ocrx_word' id='word_1_684' title='bbox 3634 3812 3707 3866; x_wconf 88' lang='lat' dir='ltr'><strong>ob</strong></span> 
     </span>
    </p>
   </div>
   <div class='ocr_carea' id='block_1_87' title="bbox 2057 3897 3707 3970">
    <p class='ocr_par' dir='ltr' id='par_1_87' title="bbox 2057 3897 3707 3970">
     <span class='ocr_line' id='line_1_87' title="bbox 2057 3897 3707 3970; baseline 0.002 -18"><span class='ocrx_word' id='word_1_685' title='bbox 2057 3897 2247 3952; x_wconf 89' lang='lat' dir='ltr'><strong>solum</strong></span> <span class='ocrx_word' id='word_1_686' title='bbox 2299 3897 2638 3968; x_wconf 77' lang='lat' dir='ltr'><strong>dogmatum</strong></span> <span class='ocrx_word' id='word_1_687' title='bbox 2702 3898 3103 3970; x_wconf 57' lang='lat' dir='ltr'><strong>doctrinaeque</strong></span> <span class='ocrx_word' id='word_1_688' title='bbox 3160 3915 3552 3955; x_wconf 82' lang='lat' dir='ltr'><strong>consensum:</strong></span> <span class='ocrx_word' id='word_1_689' title='bbox 3589 3900 3707 3955; x_wconf 89' lang='lat' dir='ltr'><strong>imo</strong></span> 
     </span>
    </p>
   </div>
   <div class='ocr_carea' id='block_1_88' title="bbox 2057 3985 3708 4060">
    <p class='ocr_par' dir='ltr' id='par_1_88' title="bbox 2057 3985 3708 4060">
     <span class='ocr_line' id='line_1_88' title="bbox 2057 3985 3708 4060; baseline 0.001 -19"><span class='ocrx_word' id='word_1_690' title='bbox 2057 4003 2191 4042; x_wconf 92' lang='lat' dir='ltr'><strong>cum</strong></span> <span class='ocrx_word' id='word_1_691' title='bbox 2222 3986 2613 4041; x_wconf 88' lang='lat' dir='ltr'><strong>substantiam</strong></span> <span class='ocrx_word' id='word_1_692' title='bbox 2647 3985 2774 4040; x_wconf 87' lang='lat' dir='ltr'><strong>Filii</strong></span> <span class='ocrx_word' id='word_1_693' title='bbox 2824 4004 2858 4042; x_wconf 91' lang='lat' dir='ltr'><strong>a</strong></span> <span class='ocrx_word' id='word_1_694' title='bbox 2888 3991 3060 4043; x_wconf 87' lang='lat' dir='ltr'><strong>Patre</strong></span> <span class='ocrx_word' id='word_1_695' title='bbox 3097 3987 3336 4043; x_wconf 91' lang='lat' dir='ltr'><strong>omnino</strong></span> <span class='ocrx_word' id='word_1_696' title='bbox 3368 3993 3708 4060; x_wconf 86' lang='lat' dir='ltr'><strong>separarent</strong></span> 
     </span>
    </p>
   </div>
   <div class='ocr_carea' id='block_1_89' title="bbox 2056 4073 3708 4148">
    <p class='ocr_par' dir='ltr' id='par_1_89' title="bbox 2056 4073 3708 4148">
     <span class='ocr_line' id='line_1_89' title="bbox 2056 4073 3708 4148; baseline 0.001 -18"><span class='ocrx_word' id='word_1_697' title='bbox 2056 4081 2114 4130; x_wconf 89' lang='lat' dir='ltr'><strong>et</strong></span> <span class='ocrx_word' id='word_1_698' title='bbox 2145 4073 2485 4142; x_wconf 88' lang='lat' dir='ltr'><strong>alienarent,</strong></span> <span class='ocrx_word' id='word_1_699' title='bbox 2517 4075 2812 4130; x_wconf 88' lang='lat' dir='ltr'><strong>diversum</strong></span> <span class='ocrx_word' id='word_1_700' title='bbox 2846 4093 2878 4129; x_wconf 89' lang='lat' dir='ltr'><strong>a</strong></span> <span class='ocrx_word' id='word_1_701' title='bbox 2908 4076 3076 4132; x_wconf 89' lang='lat' dir='ltr'><strong>Patre</strong></span> <span class='ocrx_word' id='word_1_702' title='bbox 3108 4075 3341 4130; x_wconf 89' lang='lat' dir='ltr'><strong>initium</strong></span> <span class='ocrx_word' id='word_1_703' title='bbox 3375 4077 3568 4148; x_wconf 80' lang='lat' dir='ltr'><strong>ipsum</strong></span> <span class='ocrx_word' id='word_1_704' title='bbox 3602 4077 3708 4132; x_wconf 90' lang='lat' dir='ltr'><strong>ha-</strong></span> 
     </span>
    </p>
   </div>
   <div class='ocr_carea' id='block_1_90' title="bbox 2057 4164 3705 4237">
    <p class='ocr_par' dir='ltr' id='par_1_90' title="bbox 2057 4164 3705 4237">
     <span class='ocr_line' id='line_1_90' title="bbox 2057 4164 3705 4237; baseline 0.001 -19"><span class='ocrx_word' id='word_1_705' title='bbox 2057 4165 2191 4219; x_wconf 89' lang='lat' dir='ltr'><strong>bere</strong></span> <span class='ocrx_word' id='word_1_706' title='bbox 2214 4164 2552 4232; x_wconf 89' lang='lat' dir='ltr'><strong>commenti,</strong></span> <span class='ocrx_word' id='word_1_707' title='bbox 2573 4165 2644 4218; x_wconf 93' lang='lat' dir='ltr'><strong>ad</strong></span> <span class='ocrx_word' id='word_1_708' title='bbox 2670 4170 3091 4236; x_wconf 89' lang='lat' dir='ltr'><strong>creaturasque</strong></span> <span class='ocrx_word' id='word_1_709' title='bbox 3112 4182 3245 4220; x_wconf 90' lang='lat' dir='ltr'><strong>eum</strong></span> <span class='ocrx_word' id='word_1_710' title='bbox 3271 4166 3666 4237; x_wconf 89' lang='lat' dir='ltr'><strong>deprimentes</strong></span> <span class='ocrx_word' id='word_1_711' title='bbox 3691 4181 3705 4219; x_wconf 89' lang='lat'><strong>:</strong></span> 
     </span>
    </p>
   </div>
   <div class='ocr_carea' id='block_1_91' title="bbox 2055 4252 3710 4326">
    <p class='ocr_par' dir='ltr' id='par_1_91' title="bbox 2055 4252 3710 4326">
     <span class='ocr_line' id='line_1_91' title="bbox 2055 4252 3710 4326; baseline 0.001 -19"><span class='ocrx_word' id='word_1_712' title='bbox 2055 4253 2184 4308; x_wconf 91' lang='lat' dir='ltr'><strong>ideo</strong></span> <span class='ocrx_word' id='word_1_713' title='bbox 2217 4252 2318 4324; x_wconf 91' lang='lat' dir='ltr'><strong>qui</strong></span> <span class='ocrx_word' id='word_1_714' title='bbox 2375 4252 2576 4307; x_wconf 67' lang='lat' dir='ltr'><strong>Nicaeae</strong></span> <span class='ocrx_word' id='word_1_715' title='bbox 2637 4254 2968 4324; x_wconf 81' lang='lat' dir='ltr'><strong>congregati</strong></span> <span class='ocrx_word' id='word_1_716' title='bbox 3014 4258 3200 4320; x_wconf 91' lang='lat' dir='ltr'><strong>erant,</strong></span> <span class='ocrx_word' id='word_1_717' title='bbox 3259 4270 3461 4309; x_wconf 92' lang='lat' dir='ltr'><strong>eorum</strong></span> <span class='ocrx_word' id='word_1_718' title='bbox 3501 4254 3601 4326; x_wconf 88' lang='lat' dir='ltr'><strong>qui</strong></span> <span class='ocrx_word' id='word_1_719' title='bbox 3633 4255 3710 4309; x_wconf 90' lang='lat' dir='ltr'><strong>ita</strong></span> 
     </span>
    </p>
   </div>
   <div class='ocr_carea' id='block_1_92' title="bbox 2056 4339 3709 4415">
    <p class='ocr_par' dir='ltr' id='par_1_92' title="bbox 2056 4339 3709 4415">
     <span class='ocr_line' id='line_1_92' title="bbox 2056 4339 3709 4415; baseline 0.001 -18"><span class='ocrx_word' id='word_1_720' title='bbox 2056 4340 2342 4397; x_wconf 91' lang='lat' dir='ltr'><strong>sentirent</strong></span> <span class='ocrx_word' id='word_1_721' title='bbox 2397 4339 2682 4396; x_wconf 85' lang='lat' dir='ltr'><strong>vafritiem</strong></span> <span class='ocrx_word' id='word_1_722' title='bbox 2751 4342 3096 4412; x_wconf 89' lang='lat' dir='ltr'><strong>conspicati,</strong></span> <span class='ocrx_word' id='word_1_723' title='bbox 3155 4342 3709 4415; x_wconf 86' lang='lat' dir='ltr'><strong>Scripturarumque</strong></span> 
     </span>
    </p>
   </div>
   <div class='ocr_carea' id='block_1_93' title="bbox 2058 4428 3707 4501">
    <p class='ocr_par' dir='ltr' id='par_1_93' title="bbox 2058 4428 3707 4501">
     <span class='ocr_line' id='line_1_93' title="bbox 2058 4428 3707 4501; baseline 0.002 -17"><span class='ocrx_word' id='word_1_724' title='bbox 2058 4437 2252 4485; x_wconf 90' lang='lat' dir='ltr'><strong>mente</strong></span> <span class='ocrx_word' id='word_1_725' title='bbox 2281 4428 2542 4495; x_wconf 89' lang='lat' dir='ltr'><strong>collecta,</strong></span> <span class='ocrx_word' id='word_1_726' title='bbox 2576 4429 2862 4500; x_wconf 90' lang='lat' dir='ltr'><strong>liquidius</strong></span> <span class='ocrx_word' id='word_1_727' title='bbox 2910 4431 3199 4501; x_wconf 81' lang='lat' dir='ltr'><strong>scripsere</strong></span> <span class='ocrx_word' id='word_1_728' title='bbox 3237 4432 3707 4488; x_wconf 86' lang='lat' dir='ltr'><strong>consubstantia-</strong></span> 
     </span>
    </p>
   </div>
   <div class='ocr_carea' id='block_1_94' title="bbox 2057 4518 3709 4593">
    <p class='ocr_par' dir='ltr' id='par_1_94' title="bbox 2057 4518 3709 4593">
     <span class='ocr_line' id='line_1_94' title="bbox 2057 4518 3709 4593; baseline 0.002 -20"><span class='ocrx_word' id='word_1_729' title='bbox 2057 4519 2172 4573; x_wconf 92' lang='lat' dir='ltr'><strong>lem</strong></span> <span class='ocrx_word' id='word_1_730' title='bbox 2203 4535 2335 4574; x_wconf 88' lang='lat' dir='ltr'><strong>eum</strong></span> <span class='ocrx_word' id='word_1_731' title='bbox 2369 4535 2497 4574; x_wconf 89' lang='lat' dir='ltr'><strong>esse</strong></span> <span class='ocrx_word' id='word_1_732' title='bbox 2523 4535 2536 4586; x_wconf 89' lang='lat'><strong>;</strong></span> <span class='ocrx_word' id='word_1_733' title='bbox 2571 4525 2635 4572; x_wconf 90' lang='lat' dir='ltr'><strong>ut</strong></span> <span class='ocrx_word' id='word_1_734' title='bbox 2664 4518 2800 4573; x_wconf 89' lang='lat' dir='ltr'><strong>hinc</strong></span> <span class='ocrx_word' id='word_1_735' title='bbox 2832 4535 2966 4572; x_wconf 88' lang='lat' dir='ltr'><strong>vera</strong></span> <span class='ocrx_word' id='word_1_736' title='bbox 2987 4525 3044 4574; x_wconf 89' lang='lat' dir='ltr'><strong>et</strong></span> <span class='ocrx_word' id='word_1_737' title='bbox 3063 4520 3320 4593; x_wconf 89' lang='lat' dir='ltr'><strong>genuina</strong></span> <span class='ocrx_word' id='word_1_738' title='bbox 3339 4521 3467 4576; x_wconf 80' lang='lat' dir='ltr'><strong>Filii</strong></span> <span class='ocrx_word' id='word_1_739' title='bbox 3501 4529 3709 4576; x_wconf 90' lang='lat' dir='ltr'><strong>natura</strong></span> 
     </span>
    </p>
   </div>
   <div class='ocr_carea' id='block_1_95' title="bbox 2057 4607 3705 4682">
    <p class='ocr_par' dir='ltr' id='par_1_95' title="bbox 2057 4607 3705 4682">
     <span class='ocr_line' id='line_1_95' title="bbox 2057 4607 3705 4682; baseline 0.001 -19"><span class='ocrx_word' id='word_1_740' title='bbox 2057 4607 2356 4680; x_wconf 75' lang='lat' dir='ltr'><strong>explorata</strong></span> <span class='ocrx_word' id='word_1_741' title='bbox 2385 4613 2559 4672; x_wconf 85' lang='lat' dir='ltr'><strong>esset,</strong></span> <span class='ocrx_word' id='word_1_742' title='bbox 2592 4607 2905 4679; x_wconf 90' lang='lat' dir='ltr'><strong>palamque</strong></span> <span class='ocrx_word' id='word_1_743' title='bbox 2938 4609 3086 4664; x_wconf 79' lang='lat' dir='ltr'><strong>foret</strong></span> <span class='ocrx_word' id='word_1_744' title='bbox 3133 4610 3363 4682; x_wconf 80' lang='lat' dir='ltr'><strong>Opiﬁcia</strong></span> <span class='ocrx_word' id='word_1_745' title='bbox 3394 4611 3540 4665; x_wconf 90' lang='lat' dir='ltr'><strong>nihil</strong></span> <span class='ocrx_word' id='word_1_746' title='bbox 3573 4627 3705 4665; x_wconf 89' lang='lat' dir='ltr'><strong>cum</strong></span> 
     </span>
    </p>
   </div>
   <div class='ocr_carea' id='block_1_96' title="bbox 297 4694 1948 4776">
    <p class='ocr_par' dir='ltr' id='par_1_96' title="bbox 297 4694 1947 4776">
     <span class='ocr_line' id='line_1_96' title="bbox 297 4694 1947 4776; baseline 0.002 -28"><span class='ocrx_word' id='word_1_747' title='bbox 297 4694 484 4768; x_wconf 85' lang='grc' dir='ltr'>γόντες</span> <span class='ocrx_word' id='word_1_748' title='bbox 514 4695 574 4751; x_wconf 84' lang='grc' dir='ltr'>ἐκ</span> <span class='ocrx_word' id='word_1_749' title='bbox 601 4702 710 4751; x_wconf 82' lang='grc' dir='ltr'><strong>τῶν</strong></span> <span class='ocrx_word' id='word_1_750' title='bbox 744 4702 969 4776; x_wconf 80' lang='grc' dir='ltr'>Γραφῶν</span> <span class='ocrx_word' id='word_1_751' title='bbox 1019 4701 1120 4769; x_wconf 77' lang='grc' dir='ltr'>τὴν</span> <span class='ocrx_word' id='word_1_752' title='bbox 1172 4695 1433 4772; x_wconf 84' lang='grc' dir='ltr'>διάνοιαν,</span> <span class='ocrx_word' id='word_1_753' title='bbox 1468 4697 1785 4772; x_wconf 70' lang='grc' dir='ltr'>λευκότερον</span> <span class='ocrx_word' id='word_1_754' title='bbox 1818 4698 1947 4776; x_wconf 89' lang='grc' dir='ltr'>γρά-</span> 
     </span>
    </p>
   </div>
   <div class='ocr_carea' id='block_1_97' title="bbox 2063 4694 3710 4776">
    <p class='ocr_par' dir='ltr' id='par_1_97' title="bbox 2063 4695 3710 4770">
     <span class='ocr_line' id='line_1_97' title="bbox 2063 4695 3710 4770; baseline -0.001 -16"><span class='ocrx_word' id='word_1_755' title='bbox 2063 4714 2123 4754; x_wconf 89' lang='lat' dir='ltr'><strong>eo</strong></span> <span class='ocrx_word' id='word_1_756' title='bbox 2155 4713 2466 4752; x_wconf 89' lang='lat' dir='ltr'><strong>commune</strong></span> <span class='ocrx_word' id='word_1_757' title='bbox 2511 4695 2747 4752; x_wconf 88' lang='lat' dir='ltr'><strong>habere.</strong></span> <span class='ocrx_word' id='word_1_758' title='bbox 2797 4703 3086 4754; x_wconf 87' lang='lat' dir='ltr'><strong>Accurata</strong></span> <span class='ocrx_word' id='word_1_759' title='bbox 3132 4698 3287 4754; x_wconf 89' lang='lat' dir='ltr'><strong>enim</strong></span> <span class='ocrx_word' id='word_1_760' title='bbox 3345 4699 3524 4770; x_wconf 85' lang='lat' dir='ltr'><strong>hujus</strong></span> <span class='ocrx_word' id='word_1_761' title='bbox 3553 4698 3710 4754; x_wconf 91' lang='lat' dir='ltr'><strong>vocis</strong></span> 
     </span>
    </p>
   </div>
   <div class='ocr_carea' id='block_1_98' title="bbox 300 4785 1949 4863">
    <p class='ocr_par' dir='ltr' id='par_1_98' title="bbox 300 4785 1949 4863">
     <span class='ocr_line' id='line_1_98' title="bbox 300 4785 1949 4863; baseline 0.002 -25"><span class='ocrx_word' id='word_1_762' title='bbox 300 4805 510 4861; x_wconf 79' lang='grc' dir='ltr'>φοντες,</span> <span class='ocrx_word' id='word_1_763' title='bbox 562 4785 808 4862; x_wconf 76' lang='grc' dir='ltr'>εἰρήκασι</span> <span class='ocrx_word' id='word_1_764' title='bbox 858 4787 920 4842; x_wconf 89' lang='grc' dir='ltr'><strong>τὸ</strong></span> <span class='ocrx_word' id='word_1_765' title='bbox 972 4787 1285 4861; x_wconf 79' lang='grc' dir='ltr'>ὁμοούσιον’</span> <span class='ocrx_word' id='word_1_766' title='bbox 1333 4787 1425 4843; x_wconf 56' lang='grc' dir='ltr'>τίνα</span> <span class='ocrx_word' id='word_1_767' title='bbox 1471 4789 1559 4843; x_wconf 85' lang='grc' dir='ltr'>καὶ</span> <span class='ocrx_word' id='word_1_768' title='bbox 1607 4788 1670 4843; x_wconf 79' lang='grc' dir='ltr'>τὰ</span> <span class='ocrx_word' id='word_1_769' title='bbox 1728 4790 1949 4863; x_wconf 77' lang='grc' dir='ltr'>γνήσιον</span> 
     </span>
    </p>
   </div>
   <div class='ocr_carea' id='block_1_99' title="bbox 299 4871 1945 4953">
    <p class='ocr_par' dir='ltr' id='par_1_99' title="bbox 299 4871 1945 4953">
     <span class='ocr_line' id='line_1_99' title="bbox 299 4871 1945 4953; baseline 0.002 -26"><span class='ocrx_word' id='word_1_770' title='bbox 299 4871 524 4944; x_wconf 84' lang='grc' dir='ltr'>ἀληθῶς</span> <span class='ocrx_word' id='word_1_771' title='bbox 554 4874 612 4930; x_wconf 86' lang='grc' dir='ltr'>ἐκ</span> <span class='ocrx_word' id='word_1_772' title='bbox 638 4875 834 4930; x_wconf 87' lang='grc' dir='ltr'>τούτου</span> <span class='ocrx_word' id='word_1_773' title='bbox 865 4881 1082 4953; x_wconf 81' lang='grc' dir='ltr'>γνωσθῇ</span> <span class='ocrx_word' id='word_1_774' title='bbox 1113 4881 1210 4931; x_wconf 90' lang='grc' dir='ltr'><strong>τοῦ</strong></span> <span class='ocrx_word' id='word_1_775' title='bbox 1243 4879 1391 4947; x_wconf 76' lang='grc' dir='ltr'>Υἶοῦ,</span> <span class='ocrx_word' id='word_1_776' title='bbox 1423 4879 1510 4933; x_wconf 85' lang='grc' dir='ltr'>καὶ</span> <span class='ocrx_word' id='word_1_777' title='bbox 1567 4876 1734 4952; x_wconf 78' lang='grc' dir='ltr'>μηδὲν</span> <span class='ocrx_word' id='word_1_778' title='bbox 1765 4879 1945 4932; x_wconf 90' lang='grc' dir='ltr'>κοινὸν</span> 
     </span>
    </p>
   </div>
   <div class='ocr_carea' id='block_1_100' title="bbox 301 4956 1950 5044">
    <p class='ocr_par' dir='ltr' id='par_1_100' title="bbox 301 4956 1950 5044">
     <span class='ocr_line' id='line_1_100' title="bbox 301 4956 1950 5044; baseline 0.008 -28"><span class='ocrx_word' id='word_1_779' title='bbox 301 4956 406 5037; x_wconf 76' lang='grc' dir='ltr'><strong>ἔχῃ</strong></span> <span class='ocrx_word' id='word_1_780' title='bbox 439 4963 574 5040; x_wconf 90' lang='grc' dir='ltr'>πρὸς</span> <span class='ocrx_word' id='word_1_781' title='bbox 602 4969 792 5020; x_wconf 91' lang='grc' dir='ltr'>τοῦτον</span> <span class='ocrx_word' id='word_1_782' title='bbox 825 4965 892 5021; x_wconf 75' lang='grc' dir='ltr'><strong>τὰ</strong></span> <span class='ocrx_word' id='word_1_783' title='bbox 919 4987 1122 5040; x_wconf 80' lang='grc' dir='ltr'>γενητα</span> <span class='ocrx_word' id='word_1_784' title='bbox 1345 4969 1408 5024; x_wconf 88' lang='grc' dir='ltr'>Ἡ</span> <span class='ocrx_word' id='word_1_785' title='bbox 1457 4967 1561 5044; x_wconf 81' lang='grc' dir='ltr'><strong>γὰρ</strong></span> <span class='ocrx_word' id='word_1_786' title='bbox 1608 4975 1708 5037; x_wconf 81' lang='grc' dir='ltr'><strong>τῆς</strong></span> <span class='ocrx_word' id='word_1_787' title='bbox 1755 4965 1950 5040; x_wconf 74' lang='grc' dir='ltr'>λέξεως</span> 
     </span>
    </p>
   </div>
   <div class='ocr_carea' id='block_1_101' title="bbox 298 5047 1946 5133">
    <p class='ocr_par' dir='ltr' id='par_1_101' title="bbox 298 5047 1946 5133">
     <span class='ocr_line' id='line_1_101' title="bbox 298 5047 1946 5133; baseline 0.004 -29"><span class='ocrx_word' id='word_1_788' title='bbox 298 5049 501 5122; x_wconf 86' lang='grc' dir='ltr'>ταύτης</span> <span class='ocrx_word' id='word_1_789' title='bbox 532 5047 778 5124; x_wconf 77' lang='grc' dir='ltr'>ἀκρίϐεια</span> <span class='ocrx_word' id='word_1_790' title='bbox 805 5055 906 5123; x_wconf 80' lang='grc' dir='ltr'><strong>τήν</strong></span> <span class='ocrx_word' id='word_1_791' title='bbox 936 5075 994 5109; x_wconf 88' lang='grc' dir='ltr'><strong>τε</strong></span> <span class='ocrx_word' id='word_1_792' title='bbox 1028 5054 1310 5130; x_wconf 84' lang='grc' dir='ltr'>ὑπόκρισιν</span> <span class='ocrx_word' id='word_1_793' title='bbox 1362 5056 1559 5127; x_wconf 83' lang='grc' dir='ltr'>αὐτῶν,</span> <span class='ocrx_word' id='word_1_794' title='bbox 1609 5055 1696 5110; x_wconf 83' lang='grc' dir='ltr'>ἐὰν</span> <span class='ocrx_word' id='word_1_795' title='bbox 1747 5054 1946 5133; x_wconf 72' lang='grc' dir='ltr'>λέγωσι</span> 
     </span>
    </p>
   </div>
   <div class='ocr_carea' id='block_1_102' title="bbox 369 5189 1368 5263">
    <p class='ocr_par' dir='ltr' id='par_1_102' title="bbox 369 5189 1368 5263">
     <span class='ocr_line' id='line_1_102' title="bbox 369 5189 1368 5263; baseline 0.005 -18"><span class='ocrx_word' id='word_1_796' title='bbox 369 5189 412 5224; x_wconf 82' lang='grc'><strong>⁵⁷</strong></span> <span class='ocrx_word' id='word_1_797' title='bbox 440 5190 610 5250; x_wconf 85' lang='lat' dir='ltr'><strong>Joan.</strong></span> <span class='ocrx_word' id='word_1_798' title='bbox 639 5208 694 5262; x_wconf 83' lang='lat' dir='ltr'><strong>x,</strong></span> <span class='ocrx_word' id='word_1_799' title='bbox 727 5193 817 5249; x_wconf 90' lang='lat'><strong>30.</strong></span> <span class='ocrx_word' id='word_1_800' title='bbox 894 5193 937 5227; x_wconf 81' lang='grc'><strong>⁵⁸</strong></span> <span class='ocrx_word' id='word_1_801' title='bbox 966 5193 1138 5250; x_wconf 87' lang='lat' dir='ltr'><strong>Joan.</strong></span> <span class='ocrx_word' id='word_1_802' title='bbox 1171 5213 1286 5263; x_wconf 77' lang='lat' dir='ltr'><strong>xxv,</strong></span> <span class='ocrx_word' id='word_1_803' title='bbox 1314 5196 1368 5250; x_wconf 84' lang='lat'><strong>9.</strong></span> 
     </span>
    </p>
   </div>
   <div class='ocr_carea' id='block_1_103' title="bbox 374 5315 1947 5393">
    <p class='ocr_par' dir='ltr' id='par_1_103' title="bbox 374 5315 1947 5393">
     <span class='ocr_line' id='line_1_103' title="bbox 374 5315 1947 5393; baseline 0.002 -23"><span class='ocrx_word' id='word_1_804' title='bbox 374 5315 485 5387; x_wconf 87' lang='grc'>(14)</span> <span class='ocrx_word' id='word_1_805' title='bbox 521 5315 1008 5393; x_wconf 32' lang='grc' dir='ltr'><strong>Ιὶᾳιῐθειοιςωεηῃὶ</strong></span> <span class='ocrx_word' id='word_1_806' title='bbox 1038 5320 1091 5388; x_wconf 89' lang='grc'>3,</span> <span class='ocrx_word' id='word_1_807' title='bbox 1125 5321 1364 5393; x_wconf 88' lang='lat' dir='ltr'><strong>optime.</strong></span> <span class='ocrx_word' id='word_1_808' title='bbox 1397 5321 1551 5377; x_wconf 89' lang='lat' dir='ltr'><strong>Editi</strong></span> <span class='ocrx_word' id='word_1_809' title='bbox 1584 5326 1642 5377; x_wconf 94' lang='lat' dir='ltr'><strong>et</strong></span> <span class='ocrx_word' id='word_1_810' title='bbox 1672 5319 1791 5388; x_wconf 89' lang='lat' dir='ltr'><strong>alii,</strong></span> <span class='ocrx_word' id='word_1_811' title='bbox 1825 5319 1947 5374; x_wconf 69' lang='grc' dir='ltr'>ειιά-</span> 
     </span>
    </p>
   </div>
   <div class='ocr_carea' id='block_1_104' title="bbox 299 5383 716 5454">
    <p class='ocr_par' dir='ltr' id='par_1_104' title="bbox 299 5383 716 5454">
     <span class='ocr_line' id='line_1_104' title="bbox 299 5383 716 5454; baseline 0.007 -14"><span class='ocrx_word' id='word_1_812' title='bbox 299 5383 433 5454; x_wconf 80' lang='grc' dir='ltr'>στης</span> <span class='ocrx_word' id='word_1_813' title='bbox 465 5383 716 5443; x_wconf 84' lang='grc' dir='ltr'>συνόδου.</span> 
     </span>
    </p>
   </div>
   <div class='ocr_carea' id='block_1_105' title="bbox 399 5454 1853 5540">
    <p class='ocr_par' dir='ltr' id='par_1_105' title="bbox 399 5454 1853 5540">
     <span class='ocr_line' id='line_1_105' title="bbox 399 5454 1853 5540; baseline 0.004 -28"><span class='ocrx_word' id='word_1_814' title='bbox 513 5459 702 5540; x_wconf 50' lang='lat' dir='ltr'><strong>Eelcl}.</strong></span> <span class='ocrx_word' id='word_1_815' title='bbox 735 5461 789 5540; x_wconf 43' lang='lat' dir='ltr'><strong>3A,</strong></span> <span class='ocrx_word' id='word_1_816' title='bbox 823 5454 1122 5540; x_wconf 65' lang='grc' dir='ltr'>ἀκρίϐειαν.</span> <span class='ocrx_word' id='word_1_817' title='bbox 1155 5463 1266 5540; x_wconf 72' lang='grc' dir='ltr'><strong>Τὴν</strong></span> <span class='ocrx_word' id='word_1_818' title='bbox 1299 5460 1558 5540; x_wconf 57' lang='grc' dir='ltr'>φροντίδα</span> <span class='ocrx_word' id='word_1_819' title='bbox 1587 5461 1710 5540; x_wconf 74' lang='grc' dir='ltr'>γάρ,</span> <span class='ocrx_word' id='word_1_820' title='bbox 1745 5470 1853 5540; x_wconf 65' lang='lat' dir='ltr'><strong>etc.</strong></span> 
     </span>
    </p>
   </div>
   <div class='ocr_carea' id='block_1_106' title="bbox 405 5530 1945 5606">
    <p class='ocr_par' dir='ltr' id='par_1_106' title="bbox 405 5530 1945 5606">
     <span class='ocr_line' id='line_1_106' title="bbox 405 5530 1945 5606; baseline 0.005 -22"><span class='ocrx_word' id='word_1_821' title='bbox 405 5530 486 5601; x_wconf 87' lang='grc'>16)</span> <span class='ocrx_word' id='word_1_822' title='bbox 521 5531 712 5606; x_wconf 63' lang='lat' dir='ltr'><strong>Felck.</strong></span> <span class='ocrx_word' id='word_1_823' title='bbox 741 5533 809 5606; x_wconf 18' lang='lat'><strong>73,</strong></span> <span class='ocrx_word' id='word_1_824' title='bbox 833 5530 921 5586; x_wconf 76' lang='lat' dir='ltr'><strong>xui</strong></span> <span class='ocrx_word' id='word_1_825' title='bbox 954 5531 1097 5586; x_wconf 79' lang='grc' dir='ltr'>οὕτω</span> <span class='ocrx_word' id='word_1_826' title='bbox 1131 5530 1232 5606; x_wconf 72' lang='grc' dir='ltr'>μὲν</span> <span class='ocrx_word' id='word_1_827' title='bbox 1256 5530 1488 5589; x_wconf 70' lang='grc' dir='ltr'>τᾶκατᾶ</span> <span class='ocrx_word' id='word_1_828' title='bbox 1510 5530 1612 5605; x_wconf 74' lang='grc' dir='ltr'><strong>τῆς</strong></span> <span class='ocrx_word' id='word_1_829' title='bbox 1650 5530 1739 5606; x_wconf 82' lang='grc' dir='ltr'><strong>βλ.</strong></span> <span class='ocrx_word' id='word_1_830' title='bbox 1797 5537 1945 5592; x_wconf 86' lang='lat' dir='ltr'><strong>Ibid.</strong></span> 
     </span>
    </p>
   </div>
   <div class='ocr_carea' id='block_1_107' title="bbox 300 5601 1560 5680">
    <p class='ocr_par' dir='ltr' id='par_1_107' title="bbox 300 5601 1560 5680">
     <span class='ocr_line' id='line_1_107' title="bbox 300 5601 1560 5680; baseline 0.006 -24"><span class='ocrx_word' id='word_1_831' title='bbox 300 5601 690 5680; x_wconf 35' lang='lat' dir='ltr'><strong>postmuuﬁlop</strong></span> <span class='ocrx_word' id='word_1_832' title='bbox 722 5603 981 5680; x_wconf 77' lang='lat' dir='ltr'><strong>deletum</strong></span> <span class='ocrx_word' id='word_1_833' title='bbox 1016 5601 1238 5680; x_wconf 75' lang='lat' dir='ltr'><strong>aliquid</strong></span> <span class='ocrx_word' id='word_1_834' title='bbox 1272 5607 1330 5680; x_wconf 85' lang='lat' dir='ltr'><strong>in</strong></span> <span class='ocrx_word' id='word_1_835' title='bbox 1366 5607 1560 5680; x_wconf 79' lang='lat' dir='ltr'><strong>Regio.</strong></span> 
     </span>
    </p>
   </div>
   <div class='ocr_carea' id='block_1_108' title="bbox 372 5673 1943 5752">
    <p class='ocr_par' dir='ltr' id='par_1_108' title="bbox 372 5673 1943 5752">
     <span class='ocr_line' id='line_1_108' title="bbox 372 5673 1943 5752; baseline 0.003 -25"><span class='ocrx_word' id='word_1_836' title='bbox 372 5673 487 5744; x_wconf 92' lang='grc'>(16)</span> <span class='ocrx_word' id='word_1_837' title='bbox 516 5675 705 5752; x_wconf 81' lang='lat' dir='ltr'><strong>Felck.</strong></span> <span class='ocrx_word' id='word_1_838' title='bbox 738 5677 792 5743; x_wconf 89' lang='lat'><strong>3,</strong></span> <span class='ocrx_word' id='word_1_839' title='bbox 817 5673 892 5752; x_wconf 65' lang='grc' dir='ltr'><strong>Δξῑκ</strong></span> <span class='ocrx_word' id='word_1_840' title='bbox 939 5673 1148 5752; x_wconf 66' lang='grc' dir='ltr'>Πατρὸς</span> <span class='ocrx_word' id='word_1_841' title='bbox 1210 5673 1508 5750; x_wconf 70' lang='grc' dir='ltr'>ἐπίστευον,</span> <span class='ocrx_word' id='word_1_842' title='bbox 1556 5675 1682 5734; x_wconf 85' lang='grc' dir='ltr'>ἀλλ’</span> <span class='ocrx_word' id='word_1_843' title='bbox 1727 5677 1803 5740; x_wconf 88' lang='grc' dir='ltr'>ὡς</span> <span class='ocrx_word' id='word_1_844' title='bbox 1857 5677 1943 5733; x_wconf 80' lang='grc' dir='ltr'>ἐπὶ</span> 
     </span>
    </p>
   </div>
   <div class='ocr_carea' id='block_1_109' title="bbox 297 5745 946 5819">
    <p class='ocr_par' dir='ltr' id='par_1_109' title="bbox 297 5745 946 5819">
     <span class='ocr_line' id='line_1_109' title="bbox 297 5745 946 5819; baseline 0.012 -24"><span class='ocrx_word' id='word_1_845' title='bbox 297 5761 413 5819; x_wconf 85' lang='grc' dir='ltr'><strong>των</strong></span> <span class='ocrx_word' id='word_1_846' title='bbox 434 5745 747 5819; x_wconf 76' lang='grc' dir='ltr'>κτισμάτων</span> <span class='ocrx_word' id='word_1_847' title='bbox 781 5745 946 5803; x_wconf 75' lang='grc' dir='ltr'>οὕτω.</span> 
     </span>
    </p>
   </div>
   <div class='ocr_carea' id='block_1_110' title="bbox 373 5816 1946 5896">
    <p class='ocr_par' dir='ltr' id='par_1_110' title="bbox 373 5816 1946 5896">
     <span class='ocr_line' id='line_1_110' title="bbox 373 5816 1946 5896; baseline 0.008 -26"><span class='ocrx_word' id='word_1_848' title='bbox 373 5816 484 5890; x_wconf 87' lang='grc'>(18)</span> <span class='ocrx_word' id='word_1_849' title='bbox 512 5816 703 5877; x_wconf 76' lang='lat' dir='ltr'><strong>Felck.</strong></span> <span class='ocrx_word' id='word_1_850' title='bbox 735 5820 790 5890; x_wconf 90' lang='lat'><strong>3,</strong></span> <span class='ocrx_word' id='word_1_851' title='bbox 820 5824 918 5876; x_wconf 87' lang='lat'><strong>106</strong></span> <span class='ocrx_word' id='word_1_852' title='bbox 949 5817 1102 5878; x_wconf 79' lang='grc' dir='ltr'>Θεοῦ.</span> <span class='ocrx_word' id='word_1_853' title='bbox 1132 5825 1262 5879; x_wconf 82' lang='lat' dir='ltr'><strong>Mox</strong></span> <span class='ocrx_word' id='word_1_854' title='bbox 1289 5821 1468 5894; x_wconf 85' lang='lat' dir='ltr'><strong>idem,</strong></span> <span class='ocrx_word' id='word_1_855' title='bbox 1510 5822 1538 5877; x_wconf 84' lang='grc' dir='ltr'>ὁ</span> <span class='ocrx_word' id='word_1_856' title='bbox 1581 5821 1702 5884; x_wconf 74' lang='grc' dir='ltr'>Υἱὸς</span> <span class='ocrx_word' id='word_1_857' title='bbox 1753 5820 1946 5896; x_wconf 79' lang='grc' dir='ltr'>ὅμοιος</span> 
     </span>
    </p>
   </div>
   <div class='ocr_carea' id='block_1_111' title="bbox 2059 4785 3710 4860">
    <p class='ocr_par' dir='ltr' id='par_1_111' title="bbox 2059 4785 3710 4860">
     <span class='ocr_line' id='line_1_111' title="bbox 2059 4785 3710 4860; baseline 0 -19"><span class='ocrx_word' id='word_1_858' title='bbox 2059 4787 2227 4854; x_wconf 88' lang='lat' dir='ltr'><strong>ratio,</strong></span> <span class='ocrx_word' id='word_1_859' title='bbox 2261 4802 2461 4842; x_wconf 87' lang='lat' dir='ltr'><strong>eorum</strong></span> <span class='ocrx_word' id='word_1_860' title='bbox 2494 4785 2756 4856; x_wconf 84' lang='lat' dir='ltr'><strong>coarguit</strong></span> <span class='ocrx_word' id='word_1_861' title='bbox 2776 4786 3213 4843; x_wconf 89' lang='lat' dir='ltr'><strong>simulationem</strong></span> <span class='ocrx_word' id='word_1_862' title='bbox 3245 4805 3360 4860; x_wconf 88' lang='lat' dir='ltr'><strong>qua</strong></span> <span class='ocrx_word' id='word_1_863' title='bbox 3392 4789 3543 4842; x_wconf 85' lang='lat' dir='ltr'><strong>hanc</strong></span> <span class='ocrx_word' id='word_1_864' title='bbox 3573 4803 3710 4859; x_wconf 91' lang='lat' dir='ltr'><strong>pro-</strong></span> 
     </span>
    </p>
   </div>
   <div class='ocr_carea' id='block_1_112' title="bbox 2058 4874 3709 4947">
    <p class='ocr_par' dir='ltr' id='par_1_112' title="bbox 2058 4874 3709 4947">
     <span class='ocr_line' id='line_1_112' title="bbox 2058 4874 3709 4947; baseline 0 -17"><span class='ocrx_word' id='word_1_865' title='bbox 2058 4878 2252 4930; x_wconf 86' lang='lat' dir='ltr'><strong>ferunt</strong></span> <span class='ocrx_word' id='word_1_866' title='bbox 2279 4889 2501 4943; x_wconf 88' lang='lat' dir='ltr'><strong>vocem,</strong></span> <span class='ocrx_word' id='word_1_867' title='bbox 2535 4890 2604 4928; x_wconf 82' lang='lat' dir='ltr'><strong>ex</strong></span> <span class='ocrx_word' id='word_1_868' title='bbox 2633 4875 2769 4941; x_wconf 88' lang='lat' dir='ltr'><strong>Deo,</strong></span> <span class='ocrx_word' id='word_1_869' title='bbox 2796 4892 3118 4947; x_wconf 86' lang='lat' dir='ltr'><strong>omnesque</strong></span> <span class='ocrx_word' id='word_1_870' title='bbox 3147 4893 3347 4932; x_wconf 82' lang='lat' dir='ltr'><strong>eorum</strong></span> <span class='ocrx_word' id='word_1_871' title='bbox 3379 4877 3450 4931; x_wconf 89' lang='lat' dir='ltr'><strong>ad</strong></span> <span class='ocrx_word' id='word_1_872' title='bbox 3483 4874 3709 4946; x_wconf 83' lang='lat' dir='ltr'><strong>simpli-</strong></span> 
     </span>
    </p>
   </div>
   <div class='ocr_carea' id='block_1_113' title="bbox 2059 4963 3701 5035">
    <p class='ocr_par' dir='ltr' id='par_1_113' title="bbox 2059 4963 3701 5035">
     <span class='ocr_line' id='line_1_113' title="bbox 2059 4963 3701 5035; baseline -0.001 -14"><span class='ocrx_word' id='word_1_873' title='bbox 2059 4965 2244 5021; x_wconf 90' lang='lat' dir='ltr'><strong>ciores</strong></span> <span class='ocrx_word' id='word_1_874' title='bbox 2271 4963 2635 5018; x_wconf 90' lang='lat' dir='ltr'><strong>seducendos</strong></span> <span class='ocrx_word' id='word_1_875' title='bbox 2667 4967 2931 5035; x_wconf 87' lang='lat' dir='ltr'><strong>argutias</strong></span> <span class='ocrx_word' id='word_1_876' title='bbox 2963 4964 3190 5019; x_wconf 78' lang='lat' dir='ltr'><strong>refellit.</strong></span> <span class='ocrx_word' id='word_1_877' title='bbox 3225 4964 3386 5020; x_wconf 90' lang='lat' dir='ltr'><strong>Certe</strong></span> <span class='ocrx_word' id='word_1_878' title='bbox 3419 4981 3552 5020; x_wconf 90' lang='lat' dir='ltr'><strong>cum</strong></span> <span class='ocrx_word' id='word_1_879' title='bbox 3584 4981 3701 5019; x_wconf 87' lang='lat' dir='ltr'><strong>om-</strong></span> 
     </span>
    </p>
   </div>
   <div class='ocr_carea' id='block_1_114' title="bbox 2060 5051 3712 5126">
    <p class='ocr_par' dir='ltr' id='par_1_114' title="bbox 2060 5051 3712 5126">
     <span class='ocr_line' id='line_1_114' title="bbox 2060 5051 3712 5126; baseline 0 -16"><span class='ocrx_word' id='word_1_880' title='bbox 2060 5055 2157 5111; x_wconf 89' lang='lat' dir='ltr'><strong>nia</strong></span> <span class='ocrx_word' id='word_1_881' title='bbox 2187 5052 2416 5126; x_wconf 88' lang='lat' dir='ltr'><strong>possint</strong></span> <span class='ocrx_word' id='word_1_882' title='bbox 2441 5068 2546 5124; x_wconf 90' lang='lat' dir='ltr'><strong>pro</strong></span> <span class='ocrx_word' id='word_1_883' title='bbox 2590 5051 2834 5108; x_wconf 88' lang='lat' dir='ltr'><strong>libidine</strong></span> <span class='ocrx_word' id='word_1_884' title='bbox 2885 5052 3348 5125; x_wconf 77' lang='lat' dir='ltr'><strong>sophismatlbus</strong></span> <span class='ocrx_word' id='word_1_885' title='bbox 3379 5053 3614 5111; x_wconf 88' lang='lat' dir='ltr'><strong>eludere</strong></span> <span class='ocrx_word' id='word_1_886' title='bbox 3645 5069 3712 5110; x_wconf 93' lang='lat' dir='ltr'><strong>ac</strong></span> 
     </span>
    </p>
   </div>
   <div class='ocr_carea' id='block_1_115' title="bbox 2093 5311 2360 5388">
    <p class='ocr_par' dir='ltr' id='par_1_115' title="bbox 2093 5311 2360 5388">
     <span class='ocr_line' id='line_1_115' title="bbox 2093 5311 2360 5388; baseline -0.011 -19"><span class='ocrx_word' id='word_1_887' title='bbox 2093 5321 2138 5388; x_wconf 80' lang='grc' dir='ltr'>ᾧ</span> <span class='ocrx_word' id='word_1_888' title='bbox 2172 5311 2360 5388; x_wconf 52' lang='grc' dir='ltr'>Πατρίτ</span> 
     </span>
    </p>
   </div>
   <div class='ocr_carea' id='block_1_116' title="bbox 2133 5333 3042 5460">
    <p class='ocr_par' dir='ltr' id='par_1_116' title="bbox 2133 5333 3042 5460">
     <span class='ocr_line' id='line_1_116' title="bbox 2133 5333 2360 5369; baseline 0.009 -3"><span class='ocrx_word' id='word_1_889' title='bbox 2133 5341 2138 5366; x_wconf 66' lang='grc' dir='ltr'><strong>ι</strong></span> <span class='ocrx_word' id='word_1_890' title='bbox 2172 5333 2282 5369; x_wconf 86' lang='lat' dir='ltr'><strong>uu1</strong></span> <span class='ocrx_word' id='word_1_891' title='bbox 2327 5333 2360 5368; x_wconf 85' lang='lat' dir='ltr'><strong>t.</strong></span> 
     </span>
     <span class='ocr_line' id='line_1_117' title="bbox 2133 5333 3042 5460; baseline 0 -18"><span class='ocrx_word' id='word_1_892' title='bbox 2133 5390 2244 5460; x_wconf 84' lang='grc'>(19)</span> <span class='ocrx_word' id='word_1_893' title='bbox 2277 5333 2612 5460; x_wconf 65' lang='lat' dir='ltr'><strong>Felclxman.</strong></span> <span class='ocrx_word' id='word_1_894' title='bbox 2640 5387 2695 5454; x_wconf 89' lang='lat'><strong>3,</strong></span> <span class='ocrx_word' id='word_1_895' title='bbox 2737 5383 3042 5458; x_wconf 78' lang='grc' dir='ltr'>ἀπεξὲνουν.</span> 
     </span>
    </p>
   </div>
   <div class='ocr_carea' id='block_1_117' title="bbox 2133 5457 3702 5532">
    <p class='ocr_par' dir='ltr' id='par_1_117' title="bbox 2133 5457 3702 5532">
     <span class='ocr_line' id='line_1_118' title="bbox 2133 5457 3702 5532; baseline 0.001 -18"><span class='ocrx_word' id='word_1_896' title='bbox 2133 5457 2244 5532; x_wconf 82' lang='grc'>(20)</span> <span class='ocrx_word' id='word_1_897' title='bbox 2275 5458 2369 5512; x_wconf 92' lang='lat' dir='ltr'><strong>Sic</strong></span> <span class='ocrx_word' id='word_1_898' title='bbox 2397 5457 2542 5532; x_wconf 0' lang='lat' dir='ltr'><strong>(Reg.</strong></span> <span class='ocrx_word' id='word_1_899' title='bbox 2578 5464 2635 5512; x_wconf 86' lang='lat' dir='ltr'><strong>et</strong></span> <span class='ocrx_word' id='word_1_900' title='bbox 2664 5463 2811 5532; x_wconf 76' lang='lat' dir='ltr'><strong>Fetc.</strong></span> <span class='ocrx_word' id='word_1_901' title='bbox 2846 5457 2899 5514; x_wconf 90' lang='lat'><strong>3.</strong></span> <span class='ocrx_word' id='word_1_902' title='bbox 2937 5460 3000 5514; x_wconf 92' lang='lat' dir='ltr'><strong>In</strong></span> <span class='ocrx_word' id='word_1_903' title='bbox 3031 5461 3198 5526; x_wconf 90' lang='lat' dir='ltr'><strong>edit.,</strong></span> <span class='ocrx_word' id='word_1_904' title='bbox 3230 5464 3327 5513; x_wconf 88' lang='grc' dir='ltr'><strong>τοῦ</strong></span> <span class='ocrx_word' id='word_1_905' title='bbox 3359 5461 3490 5514; x_wconf 60' lang='grc' dir='ltr'>εἶναι</span> <span class='ocrx_word' id='word_1_906' title='bbox 3523 5459 3702 5515; x_wconf 83' lang='grc' dir='ltr'>ἐπινο-</span> 
     </span>
    </p>
   </div>
   <div class='ocr_carea' id='block_1_118' title="bbox 2060 5529 2802 5600">
    <p class='ocr_par' dir='ltr' id='par_1_118' title="bbox 2060 5529 2802 5600">
     <span class='ocr_line' id='line_1_119' title="bbox 2060 5529 2802 5600; baseline 0 -17"><span class='ocrx_word' id='word_1_907' title='bbox 2060 5529 2262 5600; x_wconf 76' lang='grc' dir='ltr'>οῦντες,</span> <span class='ocrx_word' id='word_1_908' title='bbox 2291 5531 2528 5584; x_wconf 66' lang='lat' dir='ltr'><strong>omissis</strong></span> <span class='ocrx_word' id='word_1_909' title='bbox 2559 5529 2802 5584; x_wconf 72' lang='lat' dir='ltr'><strong>caeteris.</strong></span> 
     </span>
    </p>
   </div>
   <div class='ocr_carea' id='block_1_119' title="bbox 2132 5600 3330 5678">
    <p class='ocr_par' dir='ltr' id='par_1_119' title="bbox 2132 5600 3330 5678">
     <span class='ocr_line' id='line_1_120' title="bbox 2132 5600 3330 5678; baseline -0.001 -21"><span class='ocrx_word' id='word_1_910' title='bbox 2132 5606 2243 5678; x_wconf 79' lang='grc'>(21)</span> <span class='ocrx_word' id='word_1_911' title='bbox 2273 5603 2365 5678; x_wconf 80' lang='lat' dir='ltr'><strong>Sic</strong></span> <span class='ocrx_word' id='word_1_912' title='bbox 2398 5600 2537 5678; x_wconf 59' lang='lat' dir='ltr'><strong>Reg.</strong></span> <span class='ocrx_word' id='word_1_913' title='bbox 2575 5601 2835 5678; x_wconf 82' lang='lat' dir='ltr'><strong>ln_editis</strong></span> <span class='ocrx_word' id='word_1_914' title='bbox 2866 5618 2999 5678; x_wconf 80' lang='lat' dir='ltr'><strong>vero</strong></span> <span class='ocrx_word' id='word_1_915' title='bbox 3029 5600 3117 5678; x_wconf 73' lang='grc' dir='ltr'><strong>καί</strong></span> <span class='ocrx_word' id='word_1_916' title='bbox 3150 5603 3330 5678; x_wconf 83' lang='lat' dir='ltr'><strong>deest.</strong></span> 
     </span>
    </p>
   </div>
   <div class='ocr_carea' id='block_1_120' title="bbox 2131 5671 3699 5748">
    <p class='ocr_par' dir='ltr' id='par_1_120' title="bbox 2131 5671 3699 5748">
     <span class='ocr_line' id='line_1_121' title="bbox 2131 5671 3699 5748; baseline 0 -18"><span class='ocrx_word' id='word_1_917' title='bbox 2131 5671 2241 5748; x_wconf 79' lang='lat'><strong>(22)</strong></span> <span class='ocrx_word' id='word_1_918' title='bbox 2277 5671 2692 5748; x_wconf 10' lang='lat' dir='ltr'><strong>b‘elclim_an.773,</strong></span> <span class='ocrx_word' id='word_1_919' title='bbox 2727 5671 2974 5748; x_wconf 75' lang='grc' dir='ltr'>γεννητά.</span> <span class='ocrx_word' id='word_1_920' title='bbox 3008 5675 3184 5748; x_wconf 60' lang='grc' dir='ltr'><strong>Δ[βίη.</strong></span> <span class='ocrx_word' id='word_1_921' title='bbox 3238 5676 3392 5731; x_wconf 88' lang='lat' dir='ltr'><strong>idem</strong></span> <span class='ocrx_word' id='word_1_922' title='bbox 3443 5673 3501 5729; x_wconf 83' lang='grc' dir='ltr'>ἐκ</span> <span class='ocrx_word' id='word_1_923' title='bbox 3543 5680 3699 5739; x_wconf 86' lang='grc' dir='ltr'>Θεοῦ,</span> 
     </span>
    </p>
   </div>
   <div class='ocr_carea' id='block_1_121' title="bbox 2057 5741 3700 5821">
    <p class='ocr_par' dir='ltr' id='par_1_121' title="bbox 2057 5741 3700 5821">
     <span class='ocr_line' id='line_1_122' title="bbox 2057 5741 3700 5821; baseline 0.001 -18"><span class='ocrx_word' id='word_1_924' title='bbox 2057 5741 2574 5821; x_wconf 47' lang='grc' dir='ltr'>οῐόίεέοηαιυιὶουιοτ</span> <span class='ocrx_word' id='word_1_925' title='bbox 2609 5741 3205 5821; x_wconf 34' lang='grc' dir='ltr'><strong>Βθεξω-οκβιελέγχῃ.</strong></span> <span class='ocrx_word' id='word_1_926' title='bbox 3238 5748 3458 5821; x_wconf 89' lang='lat' dir='ltr'><strong>Ibidem</strong></span> <span class='ocrx_word' id='word_1_927' title='bbox 3488 5751 3700 5821; x_wconf 83' lang='lat' dir='ltr'><strong>Regius</strong></span> 
     </span>
    </p>
   </div>
   <div class='ocr_carea' id='block_1_122' title="bbox 2056 5815 3697 5890">
    <p class='ocr_par' dir='ltr' id='par_1_122' title="bbox 2056 5815 3697 5890">
     <span class='ocr_line' id='line_1_123' title="bbox 2056 5815 3697 5890; baseline -0.001 -12"><span class='ocrx_word' id='word_1_928' title='bbox 2056 5827 2114 5878; x_wconf 87' lang='lat' dir='ltr'><strong>et</strong></span> <span class='ocrx_word' id='word_1_929' title='bbox 2141 5815 2502 5890; x_wconf 86' lang='lat' dir='ltr'><strong>Basiliensis,</strong></span> <span class='ocrx_word' id='word_1_930' title='bbox 2517 5816 2614 5878; x_wconf 82' lang='grc' dir='ltr'><strong>τὰς</strong></span> <span class='ocrx_word' id='word_1_931' title='bbox 2633 5815 3024 5888; x_wconf 79' lang='grc' dir='ltr'>πιθανότητας,</span> <span class='ocrx_word' id='word_1_932' title='bbox 3046 5815 3212 5876; x_wconf 77' lang='lat' dir='ltr'><strong>artic.</strong></span> <span class='ocrx_word' id='word_1_933' title='bbox 3237 5820 3399 5878; x_wconf 89' lang='lat' dir='ltr'><strong>deest</strong></span> <span class='ocrx_word' id='word_1_934' title='bbox 3419 5821 3478 5876; x_wconf 90' lang='lat' dir='ltr'><strong>in</strong></span> <span class='ocrx_word' id='word_1_935' title='bbox 3501 5815 3697 5878; x_wconf 74' lang='lat' dir='ltr'><strong>editis.</strong></span> 
     </span>
    </p>
   </div>
  </div>
