4082 6380
400 497 518 559 775

943 497 1005 557 S.
1053 494 1479 557 ATHANASII
1525 489 1697 555 OPP.
1743 489 1944 555 PARS
1989 496 2036 554 Ι.
2064 527 2144 540 -
2172 488 2594 558 HISTORICA
2640 491 2739 558 ET
2784 492 3266 560 DOGMA'I‘ICA.

3693 504 3815 565 776

402 631 769 701 detorquere,
802 630 954 687 hanc
1001 629 1187 686 solam
1238 645 1455 695 vocem,
1489 631 1690 698 utpote
1721 645 1849 699 quas
1883 643 2018 684 sua:

2134 685 2137 692 I
2164 625 2249 698 τὸ,
2282 624 2342 680 ἐκ
2371 631 2466 682 τοῦ
2494 626 2650 699 Θεοῦ,
2685 627 2870 703 ῥητὸν,
2905 625 3198 705 διελέγχει,
3223 630 3311 685 καί
3335 633 3508 695 πάσας
3537 631 3713 689 αὐτῶν
3743 637 3819 691 τά

400 719 648 775 haeresin
679 721 959 788 confutet,
993 716 1377 774 reformidant
1401 732 1598 788 ;quam
1622 719 1846 782 Patres,
1878 715 2053 788 quasi

399 807 905 883 propugnaculum
961 809 1239 861 adversus
1289 804 1532 876 impiam
1583 819 1816 859 omnem
1848 820 2051 860 eorum

400 898 827 968 cogitationem,
862 895 1284 968 conscripsere.

2161 725 2554 787 πιθανοτητας,
2612 717 2664 772 έν
2724 719 2809 780 αἷς
2859 718 3231 794 ὑφαρπάζουσι
3293 718 3422 782 τοὺς
3497 721 3812 796 ἀκεραίους,

2163 797 2442 862 ἐκϐάλλει.
2476 808 2658 860 Πάντα
2685 810 2811 879 γοῦν
2873 803 3160 879 δυνάμενοι
3217 808 3525 886 σοφίζεσθαι
3579 813 3667 865 καὶ
3723 834 3817 886 με-

2159 900 2428 964 ταποιεῖν,
2472 895 2547 957 ὡς
2597 893 2839 963 θέλουσι,
2887 895 3086 966 ταύτην
3143 895 3312 969 μόνην
3363 899 3461 967 τὴν
3523 897 3688 971 λέξιν,
3735 903 3813 966 ὡς

397 983 788 1060 διελέγχοοσαν
822 982 994 1038 αὐτῶν
1028 984 1125 1052 τὴν
1159 979 1385 1055 αἷίοεσιν,
1417 977 1671 1036 δεδίασιν·
1705 982 1765 1049 ἣν
1800 981 1851 1034 οἱ
1885 979 2114 1054 Πατέρες
2145 980 2325 1056 ὥσπερ
2359 981 2713 1060 ἐπιτείχισμα
2741 985 2878 1039 κατὰ
2903 985 3080 1055 πάσης
3113 980 3339 1050 ἀσεϐοῦς
3372 985 3608 1052 έπινοίας
3631 991 3812 1047 αὐτῶν

395 1070 630 1150 ἔγραψαν
666 1075 799 1146 (23).

466 1167 555 1221 46.
588 1169 787 1220 Cesset
815 1178 952 1236 ergo
983 1162 1178 1219 omnis
1199 1161 1517 1227 contentio,
1544 1177 1649 1216 nec
1683 1159 1835 1216 ultra
1863 1159 1923 1215 in
1943 1176 2049 1216 nos

397 1261 603 1310 mutuo
657 1253 1081 1325 impignamus,
1132 1250 1645 1322 disceptemusque
1701 1266 1841 1304 num
1875 1249 2050 1304 variis

396 1344 588 1399 modis
619 1342 826 1415 synodi
885 1339 1404 1397 consubstantialis
1461 1355 1658 1394 vocem
1717 1338 2051 1410 acceperint

390 1434 475 1487 Ad
507 1433 907 1487 defensionem
939 1431 1096 1485 enim
1129 1430 1421 1501 legitimas
1443 1444 1650 1483 causas
1680 1445 1781 1498 pro
1812 1427 1884 1483 iis
1917 1427 2050 1483 affe-

391 1522 603 1576 rendas
655 1521 966 1584 habemus,
1026 1536 1158 1574 cum
1219 1536 1401 1590 supra
1449 1518 1659 1586 dictas,
1691 1522 1815 1572 tum
1867 1519 2046 1572 etiam

391 1609 596 1665 istam:
661 1623 890 1679 nempe,
923 1607 1060 1663 licet
1111 1608 1262 1662 hanc
1308 1623 1529 1673 vocem,
1592 1605 1945 1677 ingenitum,
1977 1622 2044 1662 ex

391 1698 709 1770 Scripturis
741 1714 856 1752 non
907 1696 1306 1762 didicerimus,
1353 1712 1646 1766 nusquam
1696 1692 1852 1750 enim
1888 1695 2041 1750 Scri-

389 1794 571 1860 pturas
605 1789 785 1842 Deum
817 1786 1141 1858 ingenitum
1168 1785 1400 1852 dixere;
1435 1790 1692 1840 attamen
1727 1800 1858 1838 cum
1895 1783 2042 1839 mul-

388 1877 430 1931 ti
466 1876 724 1948 praeclari
757 1875 865 1930 viri
898 1877 969 1930 de
1000 1875 1101 1930 illo
1125 1875 1361 1929 nomine
1385 1873 1741 1928 mentionem
1777 1873 2037 1928 fecerint.

386 1971 657 2022 accurate
689 1967 758 2021 de
804 1964 903 2021 illo
953 1963 1256 2031 sciscitati,
1290 1963 1638 2036 agnovimus
1682 1961 1790 2017 hoc
1824 1977 2036 2016 nomen

385 2055 611 2111 diversi;
638 2054 1006 2128 significare:
1038 2053 1136 2110 alii
1171 2053 1327 2108 enim
1361 2052 1526 2108 aiunt
1558 2052 1884 2123 ingenitum
1907 2066 2037 2108 esse

380 2143 438 2200 id
473 2146 628 2216 quod
651 2144 1015 2210 exsistit,uec
1047 2148 1240 2198 tamen
1269 2142 1532 2212 genitum
1565 2145 1674 2209 est,
1705 2156 1894 2212 neque
1915 2157 2036 2195 om-

2232 1163 2319 1217 46.
2353 1161 2654 1226 Ιῐεπαύσθω
2682 1162 2863 1217 τοίνυν
2917 1168 3062 1218 πᾶσα
3092 1161 3423 1242 φιλονεικία,
3474 1169 3562 1222 καὶ
3616 1170 3812 1242 μηκέτι

2158 1250 2593 1325 προσκόπτωμεν
2649 1253 2855 1326 ἡμεῖς,
2905 1251 2952 1308 εί
3004 1250 3279 1331 διαφόρως
3344 1253 3690 1334 έξειλήφασιν
3753 1261 3809 1314 αἱ

2158 1335 2373 1393 σύνοδοι
2403 1341 2502 1408 τὴν
2554 1343 2652 1395 τοῦ
2705 1341 3004 1414 ὁμοουσίου
3049 1340 3214 1413 λέξιν.
3261 1345 3508 1419 ’Έχομεν
3547 1347 3648 1422 γάρ
3680 1350 3806 1422 (24)

2158 1426 2231 1488 εἷς
2262 1427 2564 1504 ἀπολογίαν
2615 1427 2877 1504 εὐλόγους
2924 1430 3045 1505 περὶ
3097 1432 3276 1486 αὐτῶν
3321 1432 3520 1501 αἰτίας,
3557 1436 3625 1490 τά
3653 1455 3802 1502 προ-

2156 1517 2444 1590 ειρημένας
2492 1519 2608 1591 μὲν,
2657 1518 2747 1573 καὶ
2796 1518 2996 1589 ταύτην
3047 1517 3124 1574 δέ’
3169 1521 3232 1575 τὸ
3261 1521 3717 1597 ἀγέννητον
3758 1525 3810 1580 εἴ

2153 1607 2239 1661 καὶ
2295 1608 2372 1679 μὴ
2426 1609 2572 1683 παρά
2620 1612 2728 1663 τῶν
2780 1613 3002 1687 Γραφῶν
3067 1611 3499 1684 μεμαθήκαμεν,
3559 1611 3805 1686 οὐδαμοῦ

2151 1695 2251 1769 γὰρ
2293 1695 2578 1770 ἀγέννητον
2625 1697 2718 1752 τὸν
2761 1698 2890 1753 Θεὸν
2943 1697 3219 1771 εἰρήκασιν
3267 1700 3323 1753 αἱ
3373 1701 3600 1778 Γραφαὶ,
3651 1701 3806 1774 ὅμως

2151 1780 2336 1852 ἕπειδὴ
2371 1784 2460 1839 καὶ
2510 1782 2714 1840 πολλοὶ
2757 1783 2863 1840 τῶν
2917 1783 3219 1841 δοκούντων
3269 1785 3673 1860 ἐμνημόνευσαν
3703 1795 3803 1846 τοῦ

2149 1869 2440 1943 ὀνόματος,
2499 1871 3029 1949 φιλοπευστήσαντες
3084 1872 3320 1948 ἔγνωμεν
3369 1875 3451 1930 ὅτι
3499 1877 3589 1931 καὶ
3635 1883 3798 1934 τοῦτο

2145 1960 2207 2027 τὸ
2233 1957 2404 2034 ὄνομα
2443 1958 2672 2038 διάφορα
2720 1959 2834 2037 ἔχει
2889 1963 2956 2016 τὰ
3004 1963 3402 2036 σημαινόμεναο
3454 1966 3543 2020 καὶ
3595 1967 3647 2021 οἱ
3700 1967 3795 2038 μὶν

2144 2051 2206 2104 τὸ
2237 2049 2294 2104 ὅν
2331 2051 2448 2123 μὲν,
2484 2053 2622 2122 μήτε
2653 2048 2710 2106 δὲ
2739 2053 3017 2126 γεννηθὲν,
3071 2054 3211 2125 μήτε
3250 2051 3396 2115 ὅλως
3426 2049 3554 2129 ἔχον
3586 2056 3678 2110 τὸν
3710 2053 3795 2111 α’ίο

2144 2158 2260 2193 τιον
2292 2137 2541 2214 λέγουσιν
2571 2139 2854 2216 ἀγέννητον
2890 2144 3022 2213 (26)’
3057 2143 3108 2195 οἳ
3139 2139 3197 2196 δὲ
3225 2142 3288 2196 τὸ
3313 2144 3794 2221 ἄκτιστον.”Ωσπερ

382 2233 522 2287 nino
555 2249 792 2286 causam
825 2231 1037 2286 habet:
1070 2230 1168 2284 alii
1202 2230 1418 2297 vero,id
1441 2230 1592 2300 quod
1624 2233 1882 2284 creatum
1917 2245 2018 2283 nor

2141 2225 2231 2282 οὖν
2263 2226 2468 2282 τούτων
2521 2227 2663 2283 οὕτω
2712 2231 3153 2301 σημαινομένων,
3207 2229 3256 2285 εἷ’
3305 2231 3333 2285 6
3386 2231 3482 2304 μέν
3535 2253 3616 2295 τις
3648 2233 3794 2289 ἀπο-

381 2325 488 2376 est.
521 2321 575 2374 Si
611 2322 742 2392 quis
775 2321 953 2391 igitur
983 2319 1190 2374 harum
1243 2318 1737 2389 significationum
1773 2318 2027 2389 priorem

379 2411 720 2482 respiciens,
762 2427 878 2480 qua
932 2406 1282 2477 intelligitur
1338 2406 1664 2478 ingenitum
1713 2423 1842 2462 esse
1869 2407 2026 2477 quod

380 2500 604 2554 nullam
638 2499 810 2553 habet
833 2513 1094 2562 causam,
1129 2496 1345 2551 diceret
1378 2495 1588 2550 Filium
1632 2513 1745 2550 non
1777 2512 1905 2550 esse
1937 2496 2024 2549 in-

376 2589 638 2659 genitum
668 2607 680 2654 ;
716 2604 827 2641 non
857 2587 986 2640 ideo
1019 2587 1067 2640 si
1097 2601 1268 2655 quem
1303 2584 1675 2655 conspicatus
1707 2584 1830 2655 qui,
1855 2585 2025 2654 juxta

375 2678 729 2732 sententiam
760 2692 886 2747 qua:
918 2676 999 2729 ait
1030 2675 1223 2744 ipsum
1261 2688 1363 2728 nec
1394 2673 1693 2744 opificium
1731 2688 1831 2728 nec
1862 2691 2020 2728 crea-

376 2773 590 2833 turam,
624 2766 724 2821 sed
757 2771 1032 2819 aeternam
1070 2762 1287 2834 prolem
1335 2779 1482 2830 esse,
1519 2777 1650 2816 eum
1691 2761 2020 2834 ingenitum

373 2856 606 2919 diceret,
638 2854 800 2908 illum
826 2858 1127 2924 propterea
1148 2851 1841 2921 criminaretur.Uterque
1864 2851 2020 2906 enim

367 2948 534 3017 juxta
567 2945 862 3017 proprium
917 2960 1158 3015 scepum
1220 2934 1396 3012 probe
1439 2941 1669 2996 locutus
1715 2947 1909 3008 esset;
1942 2941 2024 2996 ita

373 3052 604 3106 quoque
637 3034 685 3090 si
720 3050 788 3090 ex
836 3033 1108 3088 Patribus
1157 3030 1253 3086 alii
1299 3029 1411 3086 alio
1458 3031 1630 3085 modo
1661 3031 1733 3086 de
1763 3030 2022 3086 consub-

371 3123 632 3180 stantiali
665 3123 840 3179 locuti
872 3128 1031 3192 sunt,
1067 3138 1137 3176 ne
1168 3120 1593 3176 contendamus
1623 3136 1636 3175 :
1672 3119 1771 3175 sed
1807 3119 1898 3191 pie
1919 3136 2020 3175 eo-

373 3230 504 3268 rum
537 3213 692 3268 dicta
746 3211 1130 3283 excipiamus,
1175 3211 1316 3264 dum
1376 3210 1629 3263 maxime
1676 3213 1794 3264 toto
1825 3207 2020 3264 studio

375 3301 573 3372 pietati
601 3317 836 3372 Operam
869 3300 1176 3354 dederunt.

444 3391 532 3445 47.
563 3387 826 3461 Ignatius
860 3392 1036 3454 certe,
1068 3387 1169 3458 qui
1201 3395 1327 3458 post
1359 3384 1655 3456 apostolos
1705 3384 2019 3441 Antiochia

373 3479 686 3549 episcopus
716 3475 1071 3532 constitutus
1121 3481 1229 3540 est,
1276 3474 1516 3545 ipseque
1554 3478 1776 3544 martyr
1805 3473 2020 3529 Christi

2139 2311 2356 2371 ϐλέπων
2408 2317 2483 2379 είς
2531 2318 2594 2372 τὸ
2639 2318 2901 2392 πρότερον
2949 2319 3376 2392 σημαινόμενον,
3421 2322 3508 2390 τὸ,
3546 2323 3622 2396 μή
3657 2321 3786 2398 ἔχον

2135 2407 2225 2461 τὸν
2257 2405 2451 2473 α’ίτιον,
2485 2403 2640 2481 ἔλεγε
2691 2408 2766 2479 μή
2817 2408 2942 2462 εἶναι
2991 2406 3280 2482 ἀγέννητον
3337 2410 3447 2482 (27)
3493 2411 3585 2464 τὸν
3633 2412 3781 2480 Υἱὸν,

2137 2495 2236 2550 οὐκ
2290 2495 2350 2549 ἂν
2404 2495 2691 2571 κατηγόρει
2739 2495 2957 2570 βλέπων
3011 2492 3191 2571 ἕτερον
3256 2495 3526 2572 βλέποντα
3582 2498 3660 2560 είς
3718 2500 3786 2554 τὸ

2138 2586 2213 2656 μή
2247 2585 2373 2639 εἶναι
2427 2584 2642 2657 ποίημα
2693 2582 2834 2656 μηδὶ
2880 2584 3100 2657 κτίσμα,
3150 2584 3276 2640 ἀλλ’
3318 2583 3492 2640 ἀίδιον
3521 2589 3630 2658 (28)
3662 2587 3784 2663 γέν-

2131 2694 2300 2744 νημα,
2342 2674 2429 2728 καὶ
2489 2671 2719 2748 λέγοντα
2777 2674 3065 2752 ἀγέννητον
3115 2675 3208 2729 τὸν
3259 2675 3404 2730 Υἱόν.
3454 2676 3784 2754 ’Λμφότεροι

2129 2763 2230 2838 γὰρ
2290 2763 2426 2835 πρὸς
2482 2763 2572 2816 τὸν
2627 2760 2764 2816 ξ’διον
2815 2763 3016 2817 σκοπὸν
3051 2763 3304 2837 ὁρῶντες,
3334 2761 3521 2828 καλῶς
3552 2765 3775 2839 εἰρήκα-

2131 2871 2234 2904 σιν·
2269 2851 2440 2913 οῧτως
2495 2851 2538 2906 εἰ
2594 2853 2684 2906 καὶ
2733 2856 2838 2906 τῶν
2892 2851 3144 2927 Πατέρωθ
3192 2853 3243 2906 οἱ
3291 2852 3384 2925 μὲν
3419 2851 3610 2922 οὕτως,
3644 2856 3694 2908 οἱ
3725 2851 3784 2909 δὶ

2131 2939 2303 3002 οὕτως
2332 2939 2579 3014 εἰρήκασι
2610 2940 2732 3015 περί
2762 2945 2859 2994 τοῦ
2890 2940 3207 3012 ὁμοουσίου,
3246 2941 3323 3012 μή
3384 2940 3778 3018 φιλονεικῶμεν

2129 3030 2311 3100 ἡμεῖς,
2346 3025 2472 3082 ἀλλ’
2525 3023 2756 3090 εὐσεϐῶς
2810 3029 2876 3082 τὰ
2932 3032 3059 3103 παρ’
3103 3029 3279 3084 αὐτῶν
3321 3026 3634 3105 δεχώμεθα,
3669 3030 3775 3094 ἓως

2131 3116 2367 3190 μάλιστα
2393 3118 2491 3186 τὴν
2527 3115 2766 3186 σπουδὴν
2800 3117 2948 3193 εἶχον
2984 3117 3058 3180 εἷς
3089 3113 3382 3175 εὐσέϐειαν.

2199 3386 2287 3442 47.
2323 3383 2580 3458 Ἰγνάτιος
2613 3382 2703 3438 οὖν
2736 3386 2872 3458 (29),
2903 3385 2931 3439 6
2979 3383 3114 3457 μετά
3159 3383 3285 3447 τοὺς
3331 3383 3670 3448 ἀποστόλους
3719 3384 3776 3441 ἐν

2130 3473 2441 3549 ’Δντιοχείᾳ
2494 3474 2842 3537 κατασταθεὶς
2891 3472 3213 3543 ἐπίσκοπος,
3271 3474 3361 3529 καὶ
3422 3475 3625 3550 μάρτυς
3671 3479 3771 3530 τοῦ

375 3567 504 3635 fuit,
523 3567 596 3622 de
613 3565 858 3621 Domino
875 3564 1160 3630 scribens,
1179 3562 1323 3616 dixit
1341 3563 1454 3633 (30)
1481 3579 1492 3616 :
1517 3585 1543 3611 ‹‹
1572 3561 1732 3616 Unus
1757 3561 2018 3617 medicus

2134 3563 2365 3635 Χριστοῦ
2413 3562 2726 3637 γενόμενος,
2781 3561 2999 3640 γράφων
3050 3563 3173 3638 περὶ
3230 3567 3328 3617 τοῦ
3368 3563 3585 3637 Κυρίου,
3621 3561 3774 3639 εἷ’ρη-

370 3661 460 3711 est
489 3655 742 3712 carnalis
772 3660 828 3708 et
869 3651 1216 3724 spiritualis,
1263 3653 1452 3707 factus
1481 3656 1538 3706 et
1572 3667 1688 3706 non
1717 3652 1925 3720 factus,
1957 3651 2017 3706 in

371 3746 608 3800 homine
639 3744 814 3809 Deus,
865 3743 921 3797 in
957 3749 1142 3796 morte
1191 3741 1306 3796 vita
1354 3757 1507 3805 vera,
1558 3745 1614 3795 et
1655 3757 1720 3794 ex
1754 3741 1933 3794 Maria
1962 3744 2018 3796 et

369 3851 437 3890 ex
470 3835 604 3889 Deo.
643 3855 662 3883 ι
696 3832 944 3898 Quidam
991 3837 1186 3886 autem
1223 3836 1356 3902 post
1400 3829 1688 3902 lgnatium
1720 3837 1775 3886 et
1804 3830 1916 3900 ipsi
1948 3847 2016 3886 ex

370 3922 669 3992 magistris
693 3923 907 3977 nostris
931 3920 1233 3975 scribunt:
1265 3944 1285 3969 ι
1315 3918 1505 3974 Unum
1525 3936 1638 3973 non
1665 3919 1878 3973 factum
1903 3924 2010 3986 est,

365 4013 586 4068 scilicet
617 4016 822 4065 Pater:
858 4017 914 4064 et
967 4026 1121 4064 unus
1165 4025 1232 4062 ex
1279 4009 1404 4080 ipso
1461 4008 1641 4062 Filius
1671 4024 2010 4080 germanus,

364 4101 556 4173 proles
586 4117 740 4167 vera,
767 4099 1015 4154 Verbum
1036 4103 1092 4153 et
1119 4098 1410 4170 sapientia
1439 4097 1647 4152 Patris.
1683 4117 1702 4146 ι
1735 4096 1790 4150 Si
1811 4096 2011 4167 itaque

362 4189 478 4245 illis
509 4190 684 4244 etiam
715 4187 1209 4251 adversamur,sit
1230 4186 1397 4242 nobis
1415 4186 1722 4240 adversum
1757 4186 2009 4257 synodos

359 4295 593 4349 quoque
625 4284 942 4334 certamen.
976 4276 1137 4340 Quod
1171 4275 1217 4330 si
1251 4274 1418 4346 gnari
1453 4290 1656 4329 eorum
1688 4272 1746 4328 in
1779 4272 2007 4328 Christo

360 4368 515 4436 fidei,
553 4382 894 4438 persuasum
930 4365 1218 4420 habemus
1239 4363 1474 4420 beatum
1507 4363 1684 4417 etiam
1711 4362 2005 4434 lgnatium

355 4553 655 4701 gTéﬂLgio
688 4552 1020 4610 Felckman.
1050 4553 1106 4622 2,
1140 4558 1312 4609 recte.
1346 4552 1496 4608 Editi
1527 4556 1586 4608 et
1632 4551 1752 4618 alii,
1799 4549 1998 4621 ταύτην

425 4693 534 4771 (24)
568 4697 661 4771 Sic
693 4696 838 4752 Felc.
873 4696 926 4750 3.
949 4696 1035 4771 in
1058 4695 1569 4771 cate_ris_et_editis
1603 4693 1923 4771 ydpdeest.

425 4764 535 4841 (25)
569 4769 662 4825 Sic
695 4773 825 4841 Reg.
861 4775 916 4841 et
948 4767 1145 4841 Felck._
1182 4769 1247 4841 3.Δ
1292 4767 1442 4841 Editi
1501 4764 1654 4841 vero,
1679 4764 1688 4768 ⁷
1713 4764 1994 4841 ἀγένητον.

353 4836 532 4898 Paulo
564 4846 694 4912 post
723 4836 856 4894 edit.
889 4838 1194 4912 Commel.,
1225 4836 1502 4912 ἀγένητον.
1542 4839 1690 4912 Egit.
1723 4836 1857 4893 vero
1890 4838 1996 4912 Pa-

354 4915 455 4968 ris.
486 4909 618 4968 cuin
652 4913 785 4982 Reg.
822 4917 879 4967 et
905 4911 1184 4984 Felck.3,
1219 4909 1526 4984 ἀγέννητον.
1561 4909 1720 4984 Vide
1753 4925 1883 4980 quas
1925 4910 1996 4984 de

2128 3671 2238 3704 κεν·
2278 3675 2305 3703 ‹‹
2355 3654 2448 3712 Εἷς
2503 3651 2684 3726 ἰατρός
2745 3650 2877 3721 ἐστι,
2942 3652 3194 3724 σαρκικὸς
3240 3651 3330 3706 καὶ
3383 3652 3767 3724 πνευματικὸς,

2122 3740 2348 3812 γενητὸς
2380 3741 2465 3793 καὶ
2505 3740 2761 3816 ἀγένητος
2811 3743 2946 3813 (31),
2996 3738 3046 3794 έν
3099 3739 3370 3816 ἀνθρώπῳ
3403 3741 3557 3808 Θεὸς,
3590 3743 3641 3795 έν
3675 3741 3769 3795 θα-

2121 3828 2262 3900 νάτῳ
2297 3829 2409 3897 ζωὴ
2443 3827 2700 3898 ἀληθινὴ,
2731 3829 2821 3882 καὶ
2853 3827 2912 3882 ἐκ
2942 3827 3148 3901 Μαρίας
3179 3828 3268 3882 καὶ
3309 3826 3368 3882 ἐκ
3399 3833 3554 3884 Θεοῦ.
3585 3851 3611 3879 ν
3673 3831 3769 3886 Τι-

2120 3918 2206 3978 νὶς
2240 3915 2296 3971 δὲ
2325 3918 2412 3971 καὶ
2443 3921 2550 3971 τῶν
2611 3919 2744 3990 μετά
2792 3918 3048 3993 Ἰγνάτιον
3096 3914 3413 3972 διδάσκαλοι
3456 3918 3542 3972 καὶ
3603 3916 3769 3972 αὐτοί

2117 4006 2431 4082 γράφουσινο
2469 4031 2495 4058 ‹‹
2532 4006 2618 4062 Ἐν
2638 4006 2702 4060 τὸ
2731 4005 2988 4082 ἀγένητον
3208 4007 3236 4060 ὁ
3269 4006 3476 4082 Πατὴρ,
3507 4006 3593 4061 καὶ
3631 4008 3710 4068 εἷς
3738 4007 3766 4061 6

2120 4093 2170 4164 ἐξ
2201 4093 2365 4148 αὐτοῦ
2396 4094 2517 4154 Υἱὸς
2557 4097 2803 4170 γνήσιος,
2852 4095 3099 4170 γέννημα
3145 4093 3425 4165 ἀληθινὸν,
3472 4095 3649 4170 Λόγος
3679 4093 3768 4150 καὶ

2119 4181 2294 4260 Σοφία
2319 4187 2416 4238 τοῦ
2447 4184 2678 4259 Πατρός.
2742 4209 2767 4236 υ
2820 4182 2880 4238 Εἴ
2933 4184 3026 4256 μὶν
3074 4182 3166 4238 οὖν
3219 4183 3310 4239 καὶ
3351 4183 3486 4258 πρὸς
3539 4183 3769 4247 τούτους

2117 4269 2368 4333 ἐναντίως
2418 4268 2757 4345 διακείμεθα,
2814 4266 2951 4327 ἔστω
3010 4273 3098 4328 καὶ
3160 4275 3295 4349 πρὸς
3349 4273 3446 4336 τὰς
3507 4270 3767 4335 συνόδους

2114 4361 2250 4432 ἡμῖν
2305 4362 2341 4429 ἡ
2399 4361 2578 4436 μάχη.
2631 4361 2698 4418 Εἴ
2743 4358 2821 4434 δί,
2851 4363 2951 4431 τήν
3002 4360 3054 4416 ἐν
3104 4367 3321 4439 Χριστῷ
3369 4361 3552 4419 πίστιν
3585 4361 3762 4418 αὐτῶν

2112 4567 2247 4627 men
2281 4567 2461 4608 unum
2491 4572 2518 4604 ν
2547 4552 2826 4627 abrasum
2860 4553 2991 4610 fuit.
3026 4553 3203 4627 Paulo
3234 4557 3368 4626 post
3395 4554 3456 4609 in
3486 4557 3771 4627 Beg.post

2112 4620 2662 4710 etprﬁxasw‘ponitu'r
2692 4625 3109 4710 interpunct‘io,
3141 4620 3286 4710 ‘quas
3330 4627 3390 4710 in
3439 4620 3602 4710 edit.”
3633 4620 3767 4710 post

2109 4695 2282 4773 οὕτως
2323 4695 2784 4773 habetur._lnfra
2811 4695 2946 4773 ante
2970 4696 3046 4773 μὴ
3077 4695 3495 4773 φιλονεικῷμεν,
3545 4695 3763 4773 legitur

2106 4763 2196 4819 καί
2230 4767 2289 4822 in
2320 4768 2483 4835 edit.,
2518 4769 2617 4841 sed
2652 4769 2816 4841 deest
2872 4769 2929 4823 in
2971 4763 3115 4841 'Reg'.
3171 4773 3227 4824 et
3281 4763 3433 4841 Felc.
3464 4763 3519 4824 2.
3556 4763 3758 4841 lri'_hoo

2107 4843 2566 4967 pplsatfedtggainox
2595 4835 2950 4913 3sxdpev1,et
2980 4841 3039 4895 in
3066 4835 3298 4913 Eodem,
3331 4839 3407 4902 εἰς
3441 4843 3576 4897 ante
3606 4837 3756 4894 εὐσέ-

353 4984 460 5066 h_ac
492 4985 984 5066 yocedictra‘su‘nt
1016 4983 1197 5066 Epist.
1249 4982 1319 5066 de
1366 4983 1606 5066 pecreti:
1649 4982 1887 5066 Νἰσκζιίε
1933 4982 1999 5066 in
2031 5000 2077 5065 Β
2318 4982 2539 5066 θρεὶυο
2564 4983 2745 5037 codex
2771 4984 2921 5066 γοῦν.

352 5057 572 5129 Monito
596 5062 653 5129 et
685 5073 741 5110 n.
773 5057 862 5110 28.
912 5052 1197 5129 Ἀγένητον
1259 5059 1317 5108 et
1355 5052 1641 5127 ἀγέννητον
1693 5052 2001 5108 confundit

351 5128 726 5182 Athanasius.

421 5200 532 5271 (26)
565 5196 881 5271 Sichelck.
915 5199 1064 5271 3.71n
1097 5197 1270 5251 editis
1300 5200 1358 5250 et
1389 5195 1610 5251 caeteris
1654 5211 1804 5271 mss
1850 5193 1991 5262 hac,

351 5267 492 5327 οἱδὶ
537 5270 599 5324 τὸ
655 5267 900 5322 ἅκτιστον
962 5270 1398 5333 desiderantur;
1459 5283 1740 5337 germana
1791 5270 1993 5337 tamen

2318 5018 3088 5127 ‘ﬁ“5833555§1“vi33"epist.
3108 5018 3348 5126 ~Ignatii
3393 5054 3467 5110 ad
3511 5053 3754 5126 Ephes.,

2183 5143 2233 5177 D.
2312 5168 2324 5177 .

2107 5142 2465 5267 ca(p3.i)l.l7'elc.
2491 5197 2553 5270 _3,
2584 5195 2841 5270 γεννητὸς
2883 5193 2976 5270 καὶ
3020 5192 3328 5270 ἀγέννητος,
3385 5199 3443 5250 et
3495 5195 3758 5270 itailegi-

2101 5270 2200 5339 tur
2228 5269 2286 5322 in
2323 5267 2527 5339 Ignatii
2558 5267 2809 5339 epistola
2839 5269 2910 5322 ad
2943 5267 3227 5339 Ephesios
3259 5283 3387 5338 cap.
3421 5270 3474 5321 7.
3511 5267 3757 5323 Editi'et

2101 5338 2223 5418 alii,
2283 5336 2509 5418 γενητὸς
2537 5336 2660 5418 ,καὶ
2691 5336 3021 5418 ’ἀγένητοςξι
3065 5336 3432 5418 a_t_que__véra_
3486 5339 3608 5418 haec
3663 5345 3757 5418 est

2102 5409 2409 5465 Athanasii
2440 5409 2610 5466 lectio
2643 5415 2708 5465 ut
2755 5409 2825 5479 ex
2851 5409 3232 5466 inferioribus
3260 5410 3458 5479 liquet.
3515 5415 3641 5466 Mox
3690 5411 3752 5466 in

2100 5481 2274 5536 editis
2306 5481 2514 5554 Ignatii
2545 5480 2780 5554 legitur,
2812 5478 2864 5554 ἰν
2897 5479 3142 5554 ἀθανάτῳ
3177 5481 3288 5550 ζωὴ
3311 5478 3588 5554 ἀληθινή.
3626 5482 3751 5554 ,Βοᾶ

2100 5553 2914 5626 prastatAthanasiilectio:
2949 5572 3085 5626 nam
3117 5553 3390 5626 Opposita
3436 5561 3574 5610 sunt
3625 5553 3750 5610 haac

2099 5623 2572 5709 uulganlbidenm
2593 5623 2755 5709 .Felc.
2789 5627 2843 5682 3.
2876 5625 2979 5709 Καί
3005 5625 3107 5709 γάρ
3130 5623 3458 5709 Eat—Magnae.

2169 5697 2282 5780 (32)
2319 5696 2462 5780 F819
2494 5697 2550 5780 ἓν
2581 5695 2896 5780 elevem.
2929 5703 2988 5755 θι
3017 5695 3270 5780 “311°8-
3312 5695 3572 5780 κουρεῖα
3620 5711 3752 5780 ,ωε-

2097 5765 2199 5843 nu.
2233 5767 2430 5843 caeteri
2459 5765 2708 5843 etediti,
2737 5765 3023 5843 ἀγένητον.
3051 5774 3179 5827 Mox
3207 5765 3243 5825 ὅ
3280 5774 3413 5827 ante
3468 5767 3521 5839 ιε
3575 5765 3744 5823 αὐτοῦ

2097 5839 2261 5896 deest
2289 5839 2349 5896 in
2380 5839 2637 5898 Fslckm.
2669 5840 2704 5897 3
2718 5882 2731 5896 .

347 5343 986 5434 sunt‘respopdjentque
1020 5340 1192 5412 priori
1229 5335 1532 5421 περικοπῆς
1581 5338 1753 5409 parti,
1789 5335 1838 5388 οἷ
1872 5336 1990 5434 μὲν,

345 5428 453 5472 etc.
495 5410 627 5484 Reg:
662 5414 832 5480 ibid.,
886 5410 1176 5482 ἀγέννητον
1239 5410 1431 5484 prima
1489 5427 1691 5478 manu,
1733 5410 1993 5464 secunda

347 5506 410 5544 ve
419 5506 497 5550 ro,
534 5483 787 5560 ἀγένητον
799 5527 811 5538 .

415 5560 525 5631 (27)
557 5553 647 5614 Sic
680 5558 828 5612 Felc.
862 5556 915 5623 3,
939 5567 1001 5631 et
1035 5559 1178 5631 Reg._
1205 5553 1284 5631 (in
1329 5570 1443 5631 quo
1476 5557 1692 5631 tamen
1753 5567 1934 5631 unum
1966 5570 1993 5603 ν

345 5623 524 5702 supra
555 5631 812 5702 positum
843 5629 973 5695 est),
1006 5631 1063 5682 et
1090 5623 1230 5682 edit.
1254 5623 1438 5680 Paris.
1475 5623 1624 5679 Edit.
1658 5639 1788 5679 vero
1820 5625 1988 5679 Gom-

345 5703 478 5755 mel.
523 5698 801 5755 ἀγένητον,

345 5718 478 5756 mel.
523 5718 801 5756 αγενητον,

412 5720 478 5756 81.
523 5720 555 5752 α
593 5720 801 5768 ενητον,

412 5772 525 5842 (28)
556 5721 1148 5842 I‘elc._3,'i8tov._Mox
1195 5768 1354 5842 idem
1401 5783 1536 5842 cum
1580 5765 1721 5842 edit.
1765 5768 1985 5842 Comm.

342 5847 399 5899 et
420 5838 609 5900 Paris.
641 5838 954 5915 ἀγέννητον.
992 5839 1057 5895 Ει
1087 5840 1168 5896 ita
1197 5839 1336 5912 Reg.
1379 5839 1579 5909 etiam,
1627 5838 1687 5893 in
1733 5852 1850 5909 quo
1896 5841 1984 5892 ta-
