4082 6312
297 345 418 403 777

1750 347 1854 408 DE
1898 346 2260 409 SYNODIS.

3593 347 3712 408 778

295 473 676 551 γινώσκοντες,
725 472 1078 549 πεπείσμεθα,
1129 478 1209 532 ὅτι
1254 478 1343 532 καὶ
1389 480 1417 532 ὁ
1472 477 1735 552 μακάριος
1773 475 1939 552 Ἰγνά·

2062 484 2216 536 recte
2237 480 2569 552 scripsisse,
2594 494 2728 535 cum
2758 477 2927 535 illum
2956 477 3147 534 carnis
3170 493 3348 535 causa
3369 479 3590 535 factum
3622 479 3711 534 di~

297 583 416 625 τιος
478 562 654 640 ὀρθῶς
701 558 923 639 ἔγραψε,
971 566 1201 640 γενητόν
1262 568 1424 621 αὐτὸν
1484 565 1659 641 λέγων
1706 565 1795 622 διὰ
1843 567 1940 634 τὴν

296 653 469 729 σάρκα
523 653 575 726 (ὁ
630 651 731 729 γὰρ
792 654 1026 729 Χριστὸς
1079 654 1205 731 σὰρξ
1262 655 1487 730 ἐγένετο’
1549 655 1808 730 ἀγένητον
1863 652 1941 726 δὲ,

295 743 378 796 δτι
411 741 487 815 μὴ
517 744 627 796 τῶν
656 742 984 815 ποιημάτων
1015 743 1105 798 καὶ
1139 748 1380 818 γενητῶν
1430 744 1593 813 ἐστιν,
1643 743 1767 800 ἀλλ’
1820 743 1941 806 Υἱὸς

294 827 355 884 ἐκ
386 831 619 905 Πατρός.
665 829 778 886 Οὐκ
826 832 1128 905 ἀγνοοῦμεν
1183 830 1260 905 δὲ,
1313 827 1394 888 ὅτι
1442 834 1530 887 καὶ
1566 834 1618 887 οἱ
1662 832 1940 909 εἰρηκότες

288 915 344 973 ἓν
371 919 434 974 τὸ
464 917 723 995 ἀγένητον
756 920 872 994 (33)
901 921 993 975 τὸν
1028 920 1239 999 Πατέρα
1273 919 1539 998 λέγοντες,
1573 922 1686 997 οὐχ
1733 923 1807 984 ὡς
1851 943 1938 995 γε·

288 1012 458 1077 νητοῦ
487 1008 578 1062 καὶ
628 1010 942 1082 ποιήματος
993 1006 1144 1072 ὄντος
1187 1014 1284 1066 τοῦ
1332 1012 1511 1085 Λόγου
1556 1010 1727 1071 οὕτως
1778 1007 1940 1087 ἔγρα-

290 1100 418 1171 ψαν,
451 1094 579 1152 ἀλλ’
609 1098 692 1153 ὅτι
748 1098 823 1167 μὴ
876 1092 993 1174 ἔχει
1207 1100 1299 1155 τὸν
1340 1099 1535 1155 αἴτιον·
1584 1099 1674 1154 καὶ
1723 1097 1937 1173 μᾶλλον

289 1185 455 1247 αὐτὸς
509 1187 696 1262 Πατὴρ
759 1186 855 1260 μέν
918 1183 1029 1243 ἔστι
1089 1194 1193 1257 τῆς
1244 1188 1471 1266 Σοφίας,
1526 1190 1593 1244 τὰ
1651 1186 1709 1243 δὲ
1738 1188 1941 1265 γενητά

287 1273 464 1329 πάντα
514 1272 565 1328 ἐν
613 1274 775 1353 σοφίᾳ
821 1274 1109 1347 πεποίηκε’
1164 1274 1253 1331 διὰ
1298 1276 1350 1331 τί
1402 1278 1476 1350 μὴ
1527 1275 1616 1332 καὶ
1663 1277 1788 1339 τοὺς

288 1364 568 1440 Πατέρας,
615 1364 746 1427 τούς
794 1385 852 1419 τε
898 1365 990 1420 τόν
1062 1367 1381 1439 Σαμοσατέα
1444 1366 1788 1436 καθελόντας,
1847 1366 1938 1420 καὶ

285 1453 386 1522 τὴν
419 1454 706 1527 ’Δρειανὴν
749 1450 951 1529 αἵρεσιν
1008 1452 1485 1526 στηλιτεόσαντας,
1538 1454 1615 1516 εἷς
1664 1449 1936 1509 εὐσέϐειαν

288 1540 617 1616 συνάγομεν,
650 1539 798 1597 ἀλλὰ
827 1539 1218 1617 διαστέλλομεν
1250 1542 1350 1599 ὁὶνᾶ
1391 1544 1551 1616 μέσον
1600 1543 1800 1612 αὐτῶν,
1848 1542 1938 1598 καὶ

287 1628 353 1684 οὗ
403 1628 618 1703 μᾶλλον
671 1630 847 1706 ὀρθῶς
890 1632 1014 1708 περὶ
1062 1631 1238 1687 αὐτῶν
1308 1638 1654 1711 φρονοῦμεν;
1701 1631 1784 1688 ὅτι
1841 1634 1939 1688 κά-

287 1723 482 1787 κεῖνοι,
531 1719 769 1794 καθάπερ
822 1719 991 1789 εἶπον,
1043 1720 1180 1797 πρὸς
1231 1722 1293 1776 τὸ
1342 1721 1583 1799 σόφισμα
1626 1727 1723 1777 τοῦ
1754 1729 1937 1795 Σαμο-

2051 568 2137 624 xit
2167 568 2456 640 (Christus
2486 568 2642 625 enim
2675 584 2808 623 caro
2840 568 3026 623 factus
3066 568 3198 639 est),
3231 572 3289 623 et
3319 570 3707 635 non-factum,

2054 657 2193 728 quia
2223 673 2334 711 non
2368 672 2436 711 ex
2467 656 2716 729 opificiis
2747 661 2803 711 et
2831 655 3005 711 rebus
3038 655 3203 711 factis
3227 661 3337 722 est,
3375 657 3477 712 sed
3530 657 3710 713 Filius

2052 762 2121 800 ex
2142 750 2348 801 Patre:
2375 762 2481 801 nec
2501 745 2844 817 ignoramus
2861 760 2959 800 eos
2981 744 3082 816 qui
3108 762 3292 799 unum
3313 747 3707 815 non-factum,

2054 835 2207 890 608
2239 834 2462 890 scilicet
2487 839 2718 889 Patrem
2742 834 2959 902 dixere,
2994 850 3108 888 non
3134 834 3301 904 quasi
3343 834 3599 891 Verbum
3633 837 3711 892 sit

2051 941 2144 980 res
2175 924 2322 979 facta
2342 927 2445 979 aut
2468 922 2766 995 opiﬁcium
2792 922 2871 976 ita
2888 922 3197 993 scripsisse
3225 939 3237 988 ;
3272 923 3373 978 sed
3407 923 3545 994 quia
3575 924 3709 980 nul-

2054 1012 2169 1067 lam
2206 1015 2376 1067 Pater
2409 1011 2619 1066 habeat
2643 1027 2920 1077 causam;
2973 1010 3089 1065 imo
3134 1010 3354 1082 potius,
3400 1011 3540 1082 quia
3583 1012 3709 1083 ipse

2052 1100 2291 1173 quidem
2323 1104 2496 1155 Pater
2525 1099 2602 1155 sit
2630 1100 2965 1170 Sapientia),
2997 1099 3230 1171 opificia
3259 1104 3453 1156 autem
3507 1102 3707 1157 omnia

2052 1189 2113 1244 in
2143 1188 2678 1260 sapientiafecerit;
2713 1203 2814 1243 cur
2844 1203 2960 1242 non
2991 1187 3168 1243 etiam
3204 1193 3414 1256 Patres,
3451 1206 3585 1244 cum
3607 1206 3706 1245 eos

2053 1277 2155 1351 qui
2178 1277 2650 1334 Samosatensem
2682 1276 3157 1347 deposuere,tum
3187 1292 3285 1332 eos
3306 1277 3407 1348 qui
3427 1278 3703 1333 Arianam

2053 1367 2325 1422 haeresim
2355 1365 2602 1421 infamia
2637 1368 2933 1430 notarunt,
2966 1363 3026 1419 in
3054 1381 3239 1419 unum
3270 1364 3503 1437 pietatis
3534 1371 3704 1422 tuen-

2053 1457 2140 1513 da:
2161 1457 2420 1512 studium
2450 1455 2894 1527 conjungimus,
2918 1455 3036 1509 imo
3060 1470 3461 1527 segregamus,
3485 1462 3544 1512 et
3567 1473 3706 1528 qua-

2051 1563 2113 1609 re
2144 1563 2261 1602 non
2294 1545 2497 1617 potius
2528 1547 2599 1602 de
2630 1544 2747 1600 illis
2777 1548 2933 1600 recte
2963 1543 3252 1599 sentimus
3280 1569 3293 1601 :
3334 1545 3705 1617 quandoqui-

2050 1635 2208 1703 dem,
2239 1633 2324 1689 uti
2346 1635 2474 1706 jam
2508 1634 2648 1699 dixi,
2682 1631 2907 1704 priores
2936 1631 3022 1687 illi
3052 1630 3245 1688 solum
3267 1632 3704 1690 Samosatensis

2049 1722 2372 1795 sophisma,
2406 1726 2463 1778 et
2490 1722 2618 1792 ejus
2649 1721 3187 1794 interpretationem
3208 1724 3539 1793 spectantes
3561 1724 3704 1778 scri-

287 1810 511 1878 σατέως,
588 1811 680 1864 καὶ
755 1811 854 1879 τὴν
929 1811 1220 1886 ἑρμηνείαν
1297 1813 1465 1867 αὐτοῦ
1538 1814 1637 1882 τήν
1699 1810 1936 1868 διάνοιαν

290 1896 317 1911 ..
565 1894 589 1911 ..
706 1901 717 1911 .
857 1899 916 1911 -.
992 1898 1016 1911 .,
1169 1902 1182 1911 .
1320 1900 1331 1911 ,
1604 1901 1617 1911 .
1688 1903 1714 1911 ν
1857 1898 1898 1911 ..

2054 1828 2217 1884 psere
2246 1828 2362 1867 non
2388 1827 2516 1867 esse
2548 1810 2847 1867 Christum
2870 1809 3461 1867 consubstantialem:
3491 1811 3548 1867 hi
3569 1828 3701 1868 vero

287 1896 530 1974 ἔχοντες,
563 1894 818 1974 ἔγραψαν,
850 1899 961 1954 Οὐκ
992 1898 1132 1955 ἔστιν
1162 1900 1476 1974 ὁμοοόσιος·
1531 1901 1622 1956 καὶ
1654 1903 1803 1955 οὗτοι
1853 1898 1930 1974 δὲ,

284 1985 471 2048 καλῶς
501 1989 822 2058 νοήσαντες,
856 1988 1132 2063 εἰρήκασιν
1166 1988 1460 2062 ὁμοούσιον
1494 1990 1626 2045 εἶναὶ
1658 1990 1747 2045 τὸν
1782 1991 1928 2045 Υἱόν.

284 2074 386 2131 Καὶ
414 2076 517 2152 γὰρ
564 2076 715 2151 κάγὼ
770 2080 993 2131 τοιαῦτα
1055 2077 1147 2149 μὶν
1197 2082 1335 2131 νοῶν
1384 2079 1496 2151 (36)
1543 2078 1665 2154 περὶ
1715 2081 1820 2132 τῶν
1856 2078 1938 2132 εὑ-

282 2158 587 2219 σεϐοὖντων
616 2163 693 2228 εἷς
721 2164 813 2219 τὸν
848 2162 1082 2241 Χριστόν
1124 2162 1196 2220 δι’
1249 2163 1451 2242 ὀλίγων
1503 2162 1725 2242 ἔγραψα·
1787 2165 1836 2220 εἴ
1878 2163 1935 2222 δὶ

284 2252 506 2310 δυνατὸν
536 2255 603 2324 ἧν
634 2254 929 2331 εὐπορῆσαι
962 2258 1051 2311 καὶ
1079 2263 1180 2327 τῆς
1212 2254 1527 2327 ἐπιπολῆς,
1568 2259 1631 2327 ἢν
1684 2257 1936 2333 λέγουσιν

283 2343 519 2407 ἰκείνους
726 2345 1094 2424 γεγραφέναι,
1145 2348 1385 2422 ἡγοῦμαι
1430 2344 1657 2412 πλείους
1706 2347 1937 2423 εὑρεθή-

284 2434 462 2488 σεσθαι
518 2433 613 2495 τὰς
673 2435 971 2512 προφάσεις
1005 2478 1019 2504 ,
1075 2432 1143 2490 δι’
1190 2432 1252 2497 ἃς
1317 2436 1730 2511 ἠναγκάσθησαν
1793 2433 1936 2491 οὕτω

283 2520 489 2597 γράψαι
522 2522 575 2576 οἱ
608 2524 867 2598 μακάριοι
900 2521 1118 2581 ἐκεῖνοι.
1149 2528 1239 2578 Δεῖ
1266 2523 1367 2599 γὰρ
1415 2525 1563 2596 ἡμᾶς
1604 2522 1695 2578 καί
1743 2526 1936 2600 πρέπει

282 2614 508 2665 τοιαῦτα
563 2617 779 2688 φρονεῖν
816 2655 833 2683 ,
882 2610 1139 2682 τοιαύτην
1195 2633 1254 2667 τε
1307 2613 1496 2681 σώζειν
1557 2613 1758 2688 ἀγαθὴν
1814 2635 1936 2667 συν-

285 2696 496 2771 είδησιν
527 2700 664 2772 πρὸς
696 2699 824 2762 τοὺς
856 2702 1120 2777 ΙΙατὲρας,
1176 2698 1283 2777 εἷ’γε
1332 2702 1406 2775 μή
1455 2700 1607 2765 νόθοι
1665 2704 1937 2779 τυγχάνο·

289 2809 409 2862 μεν,
454 2788 582 2845 ἀλλ’
634 2788 686 2859 ἐξ
730 2788 905 2844 αὐτῶν
940 2787 1142 2865 ἔχομεν
1187 2789 1282 2851 τὰς
1312 2787 1661 2866 παραδόσεις,
1691 2790 1779 2845 καὶ
1811 2791 1938 2865 παρ’

287 2876 461 2933 αὐτῶν
484 2878 585 2947 τήν
614 2884 715 2946 τῆς
745 2872 1016 2939 εὐσεϐείας
1048 2875 1419 2936 διδασκαλίαν.

362 2968 496 3039 (48).
529 2966 772 3037 Τοιαύτη
812 2965 906 3039 μὲν
938 2967 1029 3021 οὖν
1056 2969 1091 3036 ἡ
1127 2964 1338 3021 διάνοια
1364 2971 1470 3021 τῶν
1500 2964 1750 3041 Πατέρων
1781 2964 1936 3043 λεγέ-

288 3057 399 3111 σθω
442 3054 533 3110 καὶ
576 3056 928 3119 πιστευέσθω.
983 3055 1123 3132 Φέρε
1172 3053 1230 3111 δὲ
1276 3055 1363 3111 καὶ
1414 3057 1529 3129 μετ’
1558 3058 1738 3112 αὐτῶν
1768 3056 1934 3112 πάλιν

288 3143 617 3218 ἐξετάσωμεν
664 3139 727 3200 τό
785 3151 1015 3221 πρᾶγμα
1066 3144 1296 3221 πράως,
1361 3145 1450 3200 καὶ
1505 3146 1638 3219 μετὰ
1690 3143 1936 3217 συνειδή-

287 3254 423 3296 σεως
454 3234 681 3310 ἀγαθῆς,
739 3219 1209 3307 μνημονεύσαντες
1414 3235 1504 3289 καὶ
1532 3240 1639 3290 τῶν
1671 3256 1935 3312 προειρη-
1969 3219 2012 3288 C

290 3325 489 3397 μένων·
526 3325 682 3397 ειμή
713 3328 794 3395 τῷ
842 3319 953 3379 ὄντι
1006 3320 1296 3379 δείκνυνται
1343 3322 1527 3386 καλῶς
1574 3327 1937 3403 φρονήσαντες

288 3412 340 3467 οἱ
401 3411 453 3467 ἐν
505 3416 574 3487 τῇ
633 3411 829 3484 Νικαίᾳ
887 3410 1231 3477 συνελθόντες
1304 3411 1632 3471 ἐπίσκοποι.
1710 3414 1775 3471 Εἰ
1841 3415 1937 3487 μὲν

284 3500 505 3575 ποίημά
536 3523 675 3557 εστιν
713 3503 741 3557 ὁ
792 3501 993 3577 Λόγος,
1041 3501 1131 3557 καὶ
1184 3501 1480 3579 ἀλλότριος
1531 3509 1629 3572 τῆς
1672 3508 1770 3559 τοῦ
1827 3508 1939 3559 Πα-

283 3589 411 3663 τρὸς
440 3589 648 3659 οὒσίας,
684 3590 821 3645 ὥστε
850 3592 935 3645 καὶ
972 3590 1305 3667 χωρίζεσθαι
1347 3591 1506 3646 αὐτόν
1531 3591 1636 3646 ἀπό
1684 3597 1781 3646 τοῦ
1832 3598 1940 3647 Πα-

286 3678 414 3753 τρὸς
462 3683 543 3751 τῷ
590 3680 870 3756 ὲτεροφυεῖ
916 3684 1199 3755 χωριστῷ,
1241 3679 1340 3734 οὐκ
1393 3678 1453 3734 ἄν
1510 3679 1594 3752 εἷή
1644 3680 1940 3754 ὁμοούσιος

285 3772 366 3840 τῷ
397 3767 588 3843 Πατρί,
619 3765 767 3823 ἀλλὰ
799 3766 1014 3841 μᾶλλον
1049 3770 1323 3844 ὁμογενὴς
1502 3774 1571 3843 τῇ
1621 3770 1772 3849 φόσει
1821 3776 1937 3835 τοῖς

286 3857 582 3929 ποιήμασι,
615 3854 713 3910 κᾶν
747 3851 1066 3932 ὑπερϐάλλῃ
1098 3861 1165 3931 τῇ
1200 3859 1406 3933 χάριτιο
1444 3857 1488 3912 εί
1521 3856 1577 3913 δὲ
1625 3858 1939 3934 ὁμολογοῦ-

293 3965 387 4019 μεν
442 3946 517 4018 μὴ
570 3946 704 3999 εἶναι
752 3946 913 4000 αὐτὸν
966 3947 1207 4019 ποίημα,
1258 3944 1404 4001 ἀλλὰ
1447 3950 1668 4022 γνήσιον
1727 3946 1787 4003 ἐκ
1840 3955 1939 4019 τῆς

290 4032 476 4095 οὐσίας
521 4038 618 4088 τοῦ
672 4035 881 4110 Πατρὸς
930 4035 1194 4110 γέννημα,
1248 4032 1547 4090 ἀκόλουθον
1610 4035 1668 4091 ἂν
1717 4035 1799 4107 εἴη
1849 4039 1939 4092 καὶ

290 4122 601 4199 ἀχώριστον
654 4116 813 4177 αὖτὸν
853 4123 988 4178 εἶναι
1030 4128 1127 4178 τοῦ
1167 4124 1398 4199 Ηατρὸς,
1442 4126 1659 4203 ὁμοφυῆ
1695 4121 1824 4182 ὄντα
1853 4124 1942 4183 διὰ

288 4211 353 4267 τὸ
384 4211 435 4283 ἐξ
479 4211 648 4267 αὐτοῦ
697 4219 1068 4287 γεγεννῆσθαι.
1118 4215 1400 4282 Τοιοῦτος,
1453 4212 1511 4269 δὲ
1560 4211 1658 4283 ὣν,
1716 4211 1939 4278 εἰκότως

291 4300 381 4356 καὶ
412 4301 708 4374 ὁμοούσιος
738 4299 798 4356 ἂν
836 4299 1073 4378 λέγοιτο.
1108 4303 1335 4359 Ἔπειτα
1364 4302 1408 4357 εἰ
1446 4304 1520 4376 μὴ
1555 4302 1613 4358 έκ
1656 4303 1941 4377 μετουσίας

294 4388 435 4444 ἐστὶν
466 4391 494 4443 ὁ
526 4390 670 4458 Υἱός,
712 4389 858 4446 ἀλλᾶ
913 4394 981 4465 τῇ
1030 4389 1186 4462 οὐσίᾳ
1239 4390 1416 4466 Λόγος
1463 4390 1576 4446 ἐστὶ
1624 4393 1713 4447 καὶ
1774 4394 1945 4459 Σοφία

292 4483 391 4533 τοῦ
441 4479 674 4550 Πατρὸς,
708 4481 742 4549 ἠ
777 4478 835 4534 δὲ
866 4478 1023 4534 οὐσία
1051 4478 1185 4549 αὕτη
1215 4485 1315 4550 τῆς
1365 4479 1549 4542 οὐσίας
1595 4488 1694 4550 τῆς
1747 4503 1946 4557 πατρι-

296 4570 400 4633 κῆς
433 4568 542 4623 έστι
571 4569 819 4643 γέννημα
849 4568 938 4623 καὶ
972 4567 1238 4642 ὁμοιότης
1267 4568 1460 4638 αὐτῆς,
1517 4568 1698 4646 ὠσπερ
1746 4570 1835 4627 καὶ
1883 4567 1945 4625 τὰ

294 4654 626 4733 ἀπαύγασμα
655 4661 753 4712 τοῦ
784 4657 982 4736 φωτός’
1018 4655 1161 4733 λέγει
1197 4654 1255 4711 δὲ
1293 4658 1321 4712 ὁ
1350 4659 1495 4725 Υἱὸς,
1534 4684 1559 4709 ‹‹
1610 4659 1752 4735 Ἐγὼ
1799 4660 1888 4714 καὶ
1922 4661 1949 4714 ὁ

294 4746 485 4818 Πατὴρ
515 4745 573 4801 ’ἐν
623 4745 806 4820 ἐσμεν,
865 4770 893 4797 ››
942 4744 1056 4816 καὶ,
1111 4770 1138 4797 ‹‹
1188 4752 1241 4800 '0
1291 4746 1388 4818 ἐμὲ
1414 4747 1670 4822 ἑωρακὼς
1699 4750 1812 4823 (40)
1843 4748 1948 4803 έώ-

295 4854 425 4909 ρακε
454 4835 554 4890 τὸν
588 4836 817 4908 Πατέρα·
854 4858 882 4888 ››
912 4840 1030 4897 πῶς
1062 4833 1144 4890 δεῖ
1172 4840 1314 4890 νοεῖν
1343 4835 1541 4897 ταύτας
1591 4837 1686 4898 τὰς
1734 4839 1947 4916 φωνάς;

296 4922 332 4992 ἢ
384 4927 503 4985 πῶς
563 4923 724 4985 αὐτὰς
776 4919 1231 4997 ἱκλαμϐάνοντες,
1293 4925 1537 4997 σώσομεν
1595 4926 1658 4981 τὸ
1711 4924 1767 4981 ἓν
1816 4926 1950 4982 εἶναι

371 5050 418 5085 δ’
442 5053 612 5106 Joan.
644 5068 701 5121 x,
732 5051 822 5107 30.
898 5051 944 5086 ⁶⁰
972 5051 1142 5107 Joan.
1173 5067 1289 5121 xiv,
1321 5050 1375 5107 9.

513 5180 732 5255 Regius
762 5185 820 5237 et
848 5180 996 5237 Felc.
1030 5181 1085 5250 2,
1118 5178 1432 5255 ἀγέννητον.
1489 5182 1643 5238 Editi
1704 5199 1839 5240 vero
1891 5188 1948 5239 et

296 5249 420 5326 alii.
445 5249 571 5326 ⁸ᾇγέν
579 5249 708 5322 ἦτον
721 5297 731 5309 .

369 5321 733 5398 (ξλιγβθεέυε
763 5324 964 5395 codex,
984 5321 1114 5398 ἔχῃο

368 5395 483 5466 (35)
518 5394 1122 5452 ΙιεἜθΙοιιηιεηΒΪῙη
1152 5394 1326 5451 editis
1357 5398 1413 5451 et
1435 5394 1587 5466 aliis,
1608 5394 1735 5457 τούς
1759 5398 1943 5454 deest.

515 5467 820 5548 l_ta._e.dit“io
851 5468 1311 5548 Commeliniupa
1342 5473 1399 5522 et
1434 5484 1641 5548 omnes
1701 5486 1942 5526 manus-

298 5536 497 5609 cripti.
526 5538 718 5595 Editio
751 5539 1097 5597 Parisiensis
1127 5541 1310 5609 νοοῦν,
1344 5540 1513 5597 male.

372 5608 486 5686 (3’7)
515 5611 689 5686 Editi,
720 5608 946 5686 ἐκεῖνον.
980 5611 1199 5686 Regius
1229 5616 1287 5667 et
1310 5610 1646 5686 AFelcliman.
1677 5614 1732 5686 3,
1765 5617 1940 5681 recte,

298 5676 534 5745 ἐκείνους
568 5676 803 5742 habent.
839 5685 984 5741 Nam
1013 5676 1280 5757 loquitur
1310 5682 1403 5740 hic
1432 5684 1503 5743 de
1532 5676 1802 5743 Patribus
1828 5676 1943 5743 Au;

624 5815 885 5876 Panos.
934 5813 1045 5874 Ga.
1092 5811 1312 5875 XXVI.

2043 1901 2221 1957 verba
2251 1917 2391 1957 sane
2420 1899 2833 1971 intelligentes,
2882 1899 3079 1954 dixere
3126 1898 3339 1954 Filium
3382 1915 3512 1955 esse
3561 1916 3699 1955 con-

2044 1988 2496 2047 substantialem
2517 1988 2545 2042 ?
2576 1987 2858 2060 Equidem
2887 2003 3021 2043 cum
3054 1986 3157 2042 tali
3188 1988 3259 2043 de
3282 1987 3393 2060 piis
3419 1987 3537 2044 illis
3558 2005 3696 2061 erga

2042 2079 2338 2134 Christum
2366 2076 2508 2133 viris
2533 2076 2647 2133 sim
2680 2075 2991 2146 sententia,
3024 2076 3145 2131 hazc
3176 2077 3380 2148 paucis
3401 2078 3696 2150 conscrip-

2044 2169 2116 2225 si.
2151 2168 2314 2234 Quod
2346 2167 2394 2223 si
2428 2165 2707 2239 epistolae,
2741 2182 2919 2237 quam
2947 2164 3078 2220 illos
3110 2166 3418 2237 scripsisse
3468 2166 3693 2234 dicunt,

2046 2257 2193 2313 mihi
2222 2256 2391 2328 copia
2416 2255 2643 2321 fuisset,
2675 2254 2946 2310 existimo
2976 2255 3174 2325 plures
3193 2255 3697 2326 deprehensurum

2047 2363 2140 2402 me
2168 2345 2347 2402 fuisse
2379 2361 2610 2409 causas,
2644 2360 2745 2399 cur
2775 2343 2928 2400 beati
2959 2341 3046 2398 illi
3076 2343 3160 2399 ita
3207 2343 3462 2399 scribere
3515 2344 3698 2399 coacti

2047 2435 2185 2492 sint.
2219 2435 2324 2490 Par
2353 2437 2443 2490 est
2472 2433 2630 2489 enim
2661 2434 2947 2504 docetque
2991 2448 3100 2488 nos
3143 2433 3226 2487 ita
3270 2434 3510 2499 sentire,
3559 2449 3699 2504 pro-

2047 2523 2310 2595 bumque
2339 2538 2478 2595 erga
2526 2523 2727 2577 Patres
2785 2521 3051 2577 animum
3103 2537 3355 2587 servare,
3410 2521 3460 2575 si
3504 2527 3701 2577 tamen

2048 2612 2236 2683 spurii
2269 2628 2383 2667 non
2415 2603 2646 2677 sumus,
2678 2614 2733 2667 et
2764 2611 2814 2666 si
2846 2611 2918 2666 ab
2952 2609 3069 2667 illis
3107 2611 3456 2667 traditiones
3515 2612 3700 2683 pieta-

2047 2700 2243 2773 tisque
2274 2701 2601 2758 doctrinam
2634 2704 2924 2757 tenemus.

2117 2970 2206 3025 48.
2238 2967 2441 3024 Talem
2464 2966 2646 3040 igitur
2666 2966 2903 3022 Patrum
2932 2965 3110 3023 fuisse
3135 2970 3392 3023 mentem
3412 2966 3696 3038 dicamus,

2046 3059 2494 3130 credamusque.
2531 3060 2651 3128 Age
2682 3072 2814 3111 vero
2847 3073 3083 3111 rursum
3105 3072 3239 3112 cum
3271 3055 3387 3113 illis
3418 3073 3539 3113 rem
3574 3057 3696 3130 pla-

2048 3148 2173 3205 cide
2203 3150 2260 3203 et
2291 3148 2442 3203 bono
2472 3144 2667 3201 animo
2696 3144 3092 3218 iuquiramus,
3115 3146 3303 3217 deque
3326 3163 3506 3219 supra
3526 3146 3698 3204 dictis

2051 3236 2410 3293 mentionem
2441 3236 2763 3291 faciamus:
2817 3252 3012 3291 annon
3061 3252 3259 3292 revera
3306 3237 3697 3293 demonstrari

2051 3326 2238 3399 possit
2257 3326 2565 3397 episcopos
2587 3324 2787 3380 Nicaeae
2810 3329 3193 3398 congregatos
3216 3330 3369 3381 recte
3391 3325 3647 3382 sensisse
3673 3326 3701 3379 ‘?

2049 3415 2109 3471 Si
2140 3414 2398 3470 Verbum
2430 3418 2519 3469 est
2547 3430 2640 3470 res
2672 3413 2822 3469 facta
2849 3418 2908 3471 et
2954 3413 3214 3471 alienum
3265 3430 3297 3471 a
3327 3414 3515 3470 Patris
3562 3415 3702 3471 sub-

2051 3502 2290 3571 stantia,
2315 3503 2396 3558 ita
2413 3505 2529 3557 uta
2552 3503 2719 3558 Patre
2741 3506 3096 3574 segregetur,
3113 3503 3231 3559 imo
3249 3520 3315 3559 eu
3336 3504 3703 3576 separatione

2050 3608 2178 3664 quae
2208 3582 2593 3647 adiversitnte
2626 3596 2849 3646 natura:
2882 3592 3307 3663 proficiscatur,
3344 3594 3499 3648 Patri
3547 3598 3704 3649 certe

2050 3679 2558 3737 consubstantiale
2578 3696 2950 3752 nequaquam
2973 3681 3149 3736 fuerit
3173 3699 3184 3748 ;
3209 3682 3308 3737 sed
3334 3682 3539 3754 potius
3554 3682 3705 3752 ejus-

2047 3771 2179 3826 dem
2200 3774 2445 3834 naturas,
2480 3770 2651 3839 cujus
2692 3786 2784 3825 res
2817 3770 3002 3839 factae,
3035 3770 3144 3825 etsi
3178 3769 3293 3825 illis
3324 3770 3515 3842 gratia
3545 3776 3703 3826 ante-

2049 3858 2239 3916 cellat.
2273 3858 2434 3922 Quod
2454 3857 2503 3913 si
2525 3858 2910 3913 conﬁteamur
2931 3874 3062 3913 eum
3088 3875 3202 3913 non
3223 3875 3352 3914 esse
3373 3858 3695 3930 opiﬁcium,

2050 3948 2150 4004 sed
2183 3946 2501 4019 genuinam
2533 3963 2601 4002 ex
2633 3946 2821 4001 Patris
2852 3947 3186 4002 Substantia
3218 3946 3461 4019 prolem,
3496 3964 3698 4003 conse-

2051 4054 2240 4109 quens
2270 4051 2409 4093 sane
2441 4035 2616 4091 fuerit
2646 4051 2782 4090 eum
2812 4036 3264 4107 inseparabilem
3298 4053 3425 4092 esse
3455 4054 3488 4091 a
3508 4037 3697 4108 Patre,

2052 4142 2187 4182 cum
2219 4124 2296 4179 sit
2320 4125 2587 4195 ejusdem
2619 4128 2865 4189 naturae,
2927 4128 3129 4194 utpote
3177 4124 3250 4179 ab
3290 4123 3388 4179 illo
3441 4124 3695 4196 genitus.

2052 4213 2213 4270 Talis
2243 4217 2438 4268 autem
2471 4228 2606 4267 cum
2638 4212 2887 4283 sit,jurc
2909 4211 3430 4269 consubstantialis
3452 4214 3699 4270 dicatur.

2057 4303 2270 4359 Deinde
2300 4302 2348 4357 si
2385 4318 2501 4356 non
2533 4318 2602 4356 ex
2630 4300 3070 4372 participatione
3099 4300 3278 4356 Filius
3310 4306 3419 4370 est,
3454 4302 3553 4358 sed
3573 4304 3703 4358 sub-

2056 4392 2275 4449 stantia
2306 4393 2434 4462 ipsa
2463 4390 2720 4446 Verbum
2752 4394 2841 4445 est
2871 4398 2924 4445 et
2973 4390 3271 4462 Sapientia
3316 4391 3541 4449 Patris:
3586 4392 3707 4448 hinc

2058 4486 2252 4536 autem
2288 4480 2642 4545 substantia,
2677 4482 2935 4550 paternae
2966 4479 3311 4535 substantia;
3344 4481 3496 4537 fetus
3540 4486 3628 4538 est
3655 4486 3711 4538 et

1981 4593 2027 4657 ι)
2059 4571 2187 4641 ejus
2215 4568 2562 4636 similitudo,
2588 4567 2769 4623 veluti
2786 4566 3065 4640 splendor
3087 4568 3515 4625 estsimilitudo
3541 4571 3710 4641 lucis,

2061 4658 2359 4729 Filiusque
2391 4657 2568 4712 dicit:
2608 4677 2634 4707 α
2664 4656 2781 4729 Ego
2804 4664 2861 4712 et
2890 4657 3059 4713 Pater
3090 4675 3275 4714 unum
3307 4676 3517 4714 sumus
3565 4660 3647 4725 ως
3684 4681 3711 4708 ››

2060 4753 2150 4805 et:
2187 4769 2214 4799 α
2236 4746 2345 4813 Qui
2375 4746 2521 4803 vidit
2552 4762 2665 4814 me,
2697 4746 2841 4801 vidit
2870 4751 2927 4802 et
2981 4748 3211 4803 Patrem
3242 4748 3319 4814 5°;
3349 4771 3369 4797 ι
3419 4749 3710 4821 quomodo

2061 4839 2147 4895 ha:
2175 4854 2342 4894 voces
2365 4835 2755 4909 intelligendas
2773 4836 2955 4892 sunt?
2975 4840 3207 4907 autqua
3228 4841 3422 4893 mente
3440 4853 3539 4893 eas
3567 4838 3713 4893 acci-

2061 4926 2545 5001 pientes,Patrem
2571 4930 2628 4982 et
2646 4925 2854 4981 Filium
2880 4941 3064 4980 unum
3084 4941 3213 4980 esse
3229 4926 3709 4987 tuebimur?Nam

2057 5182 2368 5248 tiochenis,
2404 5199 2437 5237 a
2468 5180 2687 5252 quibus
2736 5179 2819 5235 ait
2866 5178 3185 5252 verisimile
3212 5197 3326 5237 non
3358 5199 3486 5239 esse
3514 5202 3714 5241 vocem

2057 5251 2657 5329 opooﬁctovabsolute
2685 5255 2741 5307 et
2773 5252 2998 5323 absque
3031 5251 3154 5308 ulla
3204 5257 3545 5326 exceptione
3613 5274 3716 5329 pro

2055 5326 2335 5395 scriptam
2370 5325 2572 5383 fuisse.

2274 5397 2420 5452 Felc.
2453 5398 2509 5462 3,
2544 5391 3185 5471 Empoveoovreaﬂditi
3214 5401 3272 5451 et
3316 5397 3439 5467 alii,
3509 5418 3722 5471 μνημο-

2053 5462 2354 5530 νεύσαντες.
2390 5472 2516 5523 Mox
2544 5462 2882 5523 Felckman.
2917 5468 2969 5533 3,
3005 5462 3295 5524 δείκνυται,

2126 5541 2492 5620 (3_9)_Regius
2523 5539 2777 5620 codexz‘o
2830 5540 3153 5620 μονογεγῆς.
3190 5540 3482 5620 _Felc‘.“:‘3,

2056 5605 2232 5689 vobis
2255 5605 2676 5689 taqiqm._M0x
2706 5605 2919 5689 Regius
2950 5605 3151 5689 obde—x3
3184 5605 3538 5689 ὑπερϐάλλει.

2126 5686 2238 5759 (40)
2274 5685 2464 5742 editio
2496 5683 2776 5743 Commel.
2799 5682 3089 5742 mendose
3120 5682 3383 5759 ἑωρακάς.

3319 5818 3395 5875 25

3549 5562 3685 5617 μΟἺΟ
3696 5575 3717 5585 ·
