4082 6398
415 473 535 533 779

956 474 1024 536 S.
1068 475 1487 537 ATHANASII
1537 474 1708 536 OPP.
1758 471 1959 534 PARS
2004 472 2050 532 Ι.
2086 503 2163 516 -
2193 469 2617 532 HISTORICA
2662 471 2762 534 ET
2805 471 3286 535 DOGMATICA.

3706 479 3828 543 780

417 607 468 665 si
498 607 571 663 ob
602 608 944 678 dogmatum
975 623 1353 675 consensum,
1385 613 1441 663 et
1470 607 1627 679 quod
1660 607 1829 662 Pater
1857 624 1892 662 a
1921 604 2027 662 Fili

2146 664 2148 671 λ
2175 602 2269 656 τὸν
2301 600 2511 677 Πατὲρα
2539 602 2629 656 καὶ
2661 602 2751 657 σὸν
2784 603 2906 658 Υἱὸν
2934 622 2949 673 ;
2981 603 3046 658 Εί
3108 606 3202 677 μὲν
3262 604 3353 660 οὗν
3413 605 3481 681 τῇ
3536 609 3827 685 συμφωνίᾳ

414 711 528 751 non
553 694 886 763 dissentiat,
909 699 975 750 ut
995 694 1200 750 dicunt
1224 694 1447 764 Ariani,
1473 711 1650 767 prava
1671 710 1814 751 sane
1835 697 1925 749 est
1944 693 2029 748 ha:

2176 694 2285 745 τῶν
2320 687 2626 766 δογμάτων,
2657 692 2744 746 καὶ
2775 696 2855 763 τῷ
2907 693 2983 764 μὴ
3046 689 3331 771 διαφωνεῖν
3378 695 3515 769 πρὸς
3563 695 3658 752 τὸν
3717 704 3824 753 Πα-

414 782 781 855 intelligendi
813 783 978 839 ratio.
1013 783 1240 838 Etenim
1270 782 1481 849 sancti,
1524 788 1582 838 et
1638 782 1823 838 multo
1871 782 2062 853 magis

410 871 602 945 angeli
634 877 692 928 et
730 871 1088 943 archangeli,
1120 871 1462 943 hujusmodi
1496 871 1715 927 habent
1763 887 1897 926 cum
1944 870 2061 926 Deo

409 977 784 1029 consensum,
810 977 915 1015 nec
949 959 1066 1015 ulla
1095 962 1250 1033 apud
1275 960 1434 1033 ipsos
1465 965 1556 1015 cst
1575 960 1898 1027 dissensio;
1921 975 2059 1014 nam

409 1050 509 1121 qui
536 1049 762 1105 discors
791 1048 899 1104 fuit
926 1049 1217 1117 diabolus,
1246 1065 1275 1104 e
1305 1048 1448 1105 ccelo
1479 1050 1686 1105 cadere
1739 1049 1905 1104 visus
1946 1053 2056 1119 est,

409 1142 475 1193 ut
504 1139 586 1194 ait
615 1138 919 1194 Dominus.
951 1138 1008 1192 Si
1040 1155 1177 1210 ergo
1209 1138 1281 1194 ob
1313 1155 1666 1195 consensum
1700 1142 1866 1193 Pater
1892 1142 1952 1193 et
1972 1137 2055 1192 Fi-

408 1225 524 1282 lius
559 1244 742 1282 unum
777 1232 935 1298 sunt,
968 1228 1144 1283 etiam
1177 1226 1409 1300 Opiﬁcia
1452 1243 1581 1298 quae
1630 1227 1713 1282 ita
1755 1243 1890 1281 cum
1939 1226 2056 1281 Deo

405 1316 794 1387 consentient,
829 1332 1014 1372 unum
1044 1332 1176 1371 cum
1210 1332 1276 1372 eo
1310 1315 1549 1382 fuerint,
1581 1331 1830 1386 quorum
1865 1315 2056 1387 quod-

404 1421 518 1477 que
548 1406 740 1461 dicere
769 1406 992 1477 possit:
1029 1428 1058 1457 ιι
1090 1406 1208 1477 Ego
1239 1410 1295 1461 et
1324 1409 1497 1461 Pater
1526 1422 1708 1460 unum
1759 1421 1990 1459 sumus.
2025 1425 2054 1453 »

404 1494 570 1559 Quod
601 1494 650 1549 si
682 1494 1008 1550 absurdum
1040 1494 1147 1549 hoc
1178 1494 1276 1564 sit,
1312 1499 1378 1549 ut
1409 1509 1627 1558 revera,
1660 1501 1768 1564 est,
1816 1508 2055 1549 necesse

402 1583 637 1639 demum
670 1583 847 1639 fuerit
877 1581 1008 1639 Filii
1039 1586 1095 1638 et
1144 1583 1332 1639 Patris
1392 1582 1677 1638 unitatem
1728 1582 2052 1638 secundum

396 1673 793 1741 substantiam
813 1672 1159 1745 intelligere.
1176 1676 1286 1728 Res
1309 1672 1466 1727 factae
1489 1671 1645 1727 enim
1670 1661 2051 1742 quantumvis

397 1777 529 1817 cum
544 1761 751 1834 opiﬁce
781 1777 888 1817 suo
911 1777 1267 1817 consensum
1295 1760 1576 1816 habeant:
1607 1763 1768 1815 motu
1793 1762 2047 1824 tantum,

397 1850 861 1923 participatione,
892 1854 949 1906 et
978 1854 1174 1905 mente
1212 1865 1347 1906 eum
1397 1848 1636 1918 habent,
1686 1863 1861 1920 quem
1912 1863 2047 1903 cum

395 1938 492 1995 ille
522 1956 638 1996 non
660 1943 972 2005 servasset,
1004 1939 1226 2011 ejectus
1255 1938 1477 1994 excnalo
1505 1942 1611 1993 est.
1646 1936 1824 1992 Filius
1850 1940 2030 1992 autem

2155 1934 2206 1989 ἐν
2236 1937 2448 2005 κιτήσει
2480 1936 2568 1990 καὶ
2614 1936 2870 2008 μετουσίᾳ
2920 1936 3009 1991 καὶ
3060 1942 3133 2010 νῷ
3178 1938 3379 2011 ταύτην

2077 1984 2125 2048 Β

396 2045 531 2085 cum
563 2028 641 2085 sit
668 2046 736 2085 ex
757 2028 1089 2085 substantia
1119 2029 1290 2096 fetus,
1323 2024 1921 2118 substantia-quoque
1952 2023 2043 2097 ip-

397 2133 460 2174 se
486 2123 564 2185 et,
594 2119 692 2191 qui
724 2119 929 2192 genuit
958 2136 1115 2189 eum,
1149 2122 1322 2174 Pater
1354 2133 1537 2174 unum
1569 2120 1730 2173 sunt.

468 2296 554 2351 49.
588 2296 980 2360 Quamobrem
1012 2295 1252 2352 vocibus
1301 2294 1589 2351 unitatem
1640 2292 2039 2350 indicantibus

393 2384 786 2457 aequalitatem
819 2401 953 2441 cum
985 2388 1156 2440 Patre
1188 2383 1401 2440 habere
1433 2382 1667 2447 dicitur,
1699 2386 1758 2437 et
1781 2380 1919 2436 hinc
1974 2381 2040 2435 lit

393 2478 457 2529 ut
487 2490 614 2545 qua:
645 2474 798 2529 σου
831 2474 902 2529 de
932 2478 1101 2529 Patre
1157 2472 1457 2538 dicuntur,
1510 2471 1710 2526 eadem
1771 2470 1842 2525 de
1894 2468 2036 2525 Filio

392 2562 709 2634 Scriptura
737 2567 1037 2618 asserant:
1071 2577 1139 2617 ea
1170 2565 1370 2616 tamen
1401 2560 1739 2633 exceptione
1761 2558 1915 2631 quod
1940 2557 2037 2613 ille

388 2652 557 2707 Pater
587 2651 834 2709 dicatur.
868 2651 998 2723 Ipse
1028 2650 1183 2706 enim
1217 2648 1402 2705 Filius
1430 2648 1548 2705 ait:
1581 2670 1610 2699 ιι
1642 2646 1850 2704 Omnia
1882 2664 2035 2720 quie-

387 2756 616 2810 cunque
644 2740 822 2796 habet
852 2744 1037 2805 Pater,
1074 2755 1204 2795 mea
1235 2742 1375 2794 sunt
1396 2739 1438 2774 ⁶¹
1468 2757 1484 2808 ;
1510 2760 1538 2788 »
1563 2736 1834 2809 Patrique
1855 2736 2028 2792 dixit:

387 2853 416 2880 ιι
446 2829 657 2886 Omnia
689 2845 837 2901 mea,
870 2833 973 2885 tua
1003 2832 1163 2895 sunt,
1182 2832 1239 2884 et
1260 2832 1359 2883 tua
1381 2843 1512 2883 mea
1530 2827 1598 2883 ⁵³.
1632 2848 1653 2876 ι
1683 2825 2031 2897 llujusmodi

383 2923 475 2975 est
503 2918 670 2990 illud,
703 2918 855 2974 Deus
889 2936 901 2973 :
936 2934 1097 2986 nam,
1130 2940 1157 2968 ιι
1196 2921 1343 2973 Deus
1375 2921 1499 2972 erat
1528 2915 1784 2971 Verbum
1816 2916 1861 2950 ⁸³
1884 2932 1898 2983 ;
1923 2937 1951 2965 ››
1974 2918 2031 2971 et

381 3008 550 3075 illud,
584 3007 1004 3081 Omnipotens:
1043 3031 1063 3056 ι
1102 3008 1227 3063 Haec
1257 3005 1401 3062 dicit
1431 3005 1526 3077 qui
1549 3009 1660 3072 est,
1683 3010 1741 3061 et
1760 3004 1857 3076 qui
1883 3008 2027 3075 erat,

383 3103 439 3153 et
467 3097 569 3169 qui
600 3102 884 3153 venturus
913 3101 1003 3153 est
1039 3096 1426 3168 Omnipotens
1450 3096 1497 3130 “
1523 3112 1537 3163 ;
1571 3118 1600 3145 ››
1631 3098 1689 3151 et
1736 3093 1892 3166 quod
1951 3093 2031 3149 sit

382 3187 519 3242 lux:
558 3205 580 3235 ι
614 3187 731 3259 Ego
764 3203 970 3255 sum,»
1006 3184 1219 3256 inquit,
1236 3208 1263 3235 ιι
1284 3183 1384 3240 lux
1412 3184 1498 3253 u;
1532 3205 1559 3234 ιι
1593 3183 1748 3255 quod
1774 3183 1853 3238 sit
1877 3199 2028 3238 crea-

379 3275 492 3331 trix
512 3291 710 3344 causa,
739 3291 898 3343 nam,
919 3297 946 3326 ιι
970 3274 1180 3330 Omnia
1214 3290 1316 3345 per
1344 3272 1540 3345 ipsum
1565 3272 1714 3327 facta
1740 3276 1879 3327 sunt
1911 3272 1975 3337 ⁸⁵,
1995 3293 2024 3323 η

2170 779 2322 852 τέρα,
2367 778 2442 840 ὡς
2495 779 2546 833 oi.
2600 779 2863 853 Ἀρειανοὶ
2930 777 3175 854 λεγουσι,
3234 780 3443 859 φαῦλος
3490 784 3518 838 6
3575 791 3828 849 τοιοῦτος

2171 871 2323 929 νοῦς.
2359 867 2455 921 Καὶ
2480 867 2584 943 γὰρ
2617 866 2706 922 καὶ
2739 869 2790 923 οἱ
2837 870 2983 943 ἅγιοι
3050 870 3184 942 (41),
3237 870 3326 925 καὶ
3379 869 3592 944 μᾶλλόν
3641 896 3702 951 γε
3732 873 3825 953 ἄγ-

2169 954 2323 1031 γελοι
2354 956 2442 1011 καὶ
2476 955 2840 1032 ἀρχάγγελοι,
2871 957 2969 1026 τὴν
3001 957 3261 1029 τοιαύτην
3310 957 3501 1036 ἔχουσι
3544 963 3682 1038 πρὸς
3730 965 3822 1019 τὸν

2168 1046 2297 1100 Θεόν
2346 1047 2688 1118 συμφωνίαν,
2732 1045 2822 1101 καὶ
2873 1043 3101 1121 οὐδεμία
3147 1048 3277 1123 παρ’
3325 1049 3510 1112 αὐτοῖς
3540 1049 3651 1106 ἐστι
3705 1050 3824 1107 δια-

2168 1135 2364 1211 φωνία.
2424 1136 2486 1193 ’0
2544 1134 2646 1210 γὰρ
2701 1132 3045 1214 διαφωνήσας
3087 1131 3345 1199 διάϐολος
3400 1136 3680 1215 ἐθεωρήθη
3735 1144 3820 1197 αἰ-

2166 1243 2313 1297 πτων
2348 1221 2408 1278 ἐκ
2474 1224 2582 1277 τῶν
2630 1222 2894 1300 οὐρανῶν,
2947 1225 3023 1287 ὡς
3075 1226 3221 1280 εἶπεν
3273 1226 3302 1281 6
3351 1227 3571 1304 Κύριος.
3606 1230 3813 1286 Οὐκοῦν

2165 1311 2213 1366 εἴ
2245 1308 2335 1367 διὰ
2378 1314 2477 1381 τήν
2527 1310 2842 1388 συμφωνίαν
2899 1309 2954 1369 ἓν
3004 1313 3143 1369 ἔστιν
3194 1315 3223 1369 6
3268 1317 3455 1390 Πατὴρ
3485 1318 3576 1374 καὶ
3609 1320 3637 1374 δ
3669 1322 3813 1389 ᾔδε’

2165 1397 2250 1470 εἷή
2284 1398 2343 1454 ἃν
2376 1400 2466 1455 καὶ
2496 1405 2602 1455 τῶν
2654 1406 2894 1476 γενητῶν
2944 1401 3009 1457 τὰ
3040 1408 3433 1482 συμφωνοῦντα
3479 1404 3624 1462 οὕτω
3673 1409 3813 1486 πρὸς

2164 1490 2255 1545 τὸν
2288 1492 2441 1564 Θεὸν,
2474 1491 2562 1545 καὶ
2596 1490 2741 1547 εἷ’ποι
2802 1491 2863 1546 ἄν
2904 1489 3151 1556 ἕκαστος.
3210 1518 3233 1547 ι
3290 1496 3430 1572 Ἐγώ
3476 1496 3565 1552 καὶ
3616 1499 3645 1553 6
3706 1507 3817 1555 Πα-

2161 1579 2266 1654 τὴρ
2299 1574 2350 1633 ἔν
2385 1578 2564 1652 ἐσμεν.
2619 1604 2648 1632 ››
2708 1579 2771 1635 Εἰ
2832 1577 2889 1635 δὲ
2946 1586 3109 1637 τοῦτο
3173 1580 3397 1640 ἄτοπον·
3460 1586 3660 1642 ἄτοπον
3710 1589 3813 1665 γάρ

2163 1667 2303 1722 ἐστιν
2337 1665 2577 1739 ἀληθῶς·
2610 1668 2815 1745 ἀνάγκη
2862 1668 3055 1725 λοιπὸν
3104 1673 3239 1727 κατὰ
3280 1674 3380 1742 τήν
3430 1674 3618 1731 οὐσίαν
3670 1684 3811 1733 νοεῖν

2159 1757 2249 1812 καὶ
2278 1759 2375 1826 τὴν
2410 1755 2538 1811 Υἱοῦ
2570 1759 2658 1812 γαὶ
2700 1759 2908 1833 Πατρὸς
2961 1760 3209 1830 ἑνότητα.
3270 1762 3351 1818 Τὰ
3411 1763 3505 1835 μὲν
3557 1764 3660 1841 γὰρ
3717 1788 3810 1842 γε-

2157 1846 2293 1915 νητὰ
2322 1844 2416 1901 κᾶν
2448 1846 2761 1925 συμφωνίαν
2793 1843 2897 1924 ἔχῃ
2939 1848 3073 1923 πρὸς
3124 1849 3215 1903 τὸν
3263 1851 3622 1925 πεποιηκότα,
3682 1852 3811 1910 ἀλλ’

3442 1938 3578 2016 ἔχει,
3638 1943 3805 2018 ἥνπερ

2153 2045 2252 2098 περ
2284 2027 2396 2099 (42)
2432 2047 2459 2100 9
2495 2027 2571 2100 μή
2605 2024 2839 2104 φυλᾶεας
2870 2022 3197 2100 ἑκϐἐϐληται
3230 2034 3334 2084 τῶν
3370 2031 3630 2106 οὐρανῶν·
3652 2034 3714 2091 Ὀ
3747 2031 3805 2089 δὶ

2154 2115 2275 2177 Υἱὸς
2307 2115 2366 2169 ὲκ
2392 2121 2491 2185 τῆς
2523 2113 2704 2177 οὐσίας
2744 2110 2818 2170 ὤν
2868 2116 3134 2190 γέννημα,
3182 2117 3337 2191 οὐσίᾳ
3380 2117 3435 2176 ἓν
3498 2120 3636 2177 ἐστιν
3695 2126 3805 2195 (43)

2153 2204 2315 2267 αὐτὸς
2345 2204 2434 2259 καὶ
2485 2206 2513 2259 6
2542 2208 2803 2281 γεννήσας
2833 2205 2993 2260 αὐτόν
3023 2208 3230 2282 Πατήρ.

2222 2296 2310 2350 49.
2344 2294 2441 2348 Διὰ
2486 2298 2647 2348 τοῦτο
2696 2294 2798 2370 γὰρ
2848 2295 2938 2350 καὶ
2990 2295 3053 2350 τὸ
3104 2295 3284 2366 ἰσάζον
3332 2295 3449 2373 ἔχει
3508 2300 3646 2374 πρὸς
3707 2300 3798 2355 τὸν

2149 2383 2358 2457 Πατέρα
2387 2387 2507 2445 ταῖς
2536 2379 2786 2437 ἐνοειδὲσι
2837 2389 3069 2462 φωναῖς,
3117 2384 3206 2439 καὶ
3249 2384 3314 2440 τὰ
3343 2384 3432 2441 ἐπὶ
3462 2392 3560 2443 τοῦ
3589 2391 3801 2464 Πατρὸς

2147 2470 2440 2547 λεγόμενα,
2493 2476 2661 2526 ταῦτα
2707 2473 2794 2527 καὶ
2853 2471 2939 2527 ἐπὶ
2995 2474 3124 2527 Υὶοῦ
3182 2472 3428 2550 λέγουσιν
3484 2477 3540 2530 αἱ
3592 2481 3802 2556 Γραφαὶ

2145 2559 2322 2636 χωρὶς
2357 2560 2517 2632 μόνον
2553 2562 2661 2633 (44)
2693 2564 2791 2615 τοῦ
2825 2558 3081 2636 λέγεσθαι
3126 2562 3283 2617 αὐτὸν
3330 2563 3560 2640 Πατέρα.
3615 2566 3799 2630 Αὐτὸς

2142 2649 2244 2724 γὰρ
2278 2649 2647 2710 εἴπενὸΥἱός·
2681 2674 2709 2700 ιι
2773 2647 2954 2706 Πάντα
3009 2652 3109 2705 ὅσα
3164 2645 3281 2727 ἔχει
3339 2652 3367 2707 6
3422 2655 3630 2728 Πατὴρ.
3688 2654 3796 2727 ἐμά

2142 2736 2272 2793 ἐστι·
2310 2761 2337 2788 ››
2367 2742 2446 2808 τῷ
2471 2758 2530 2792 τε
2559 2737 2728 2814 Πατρὶ
2757 2732 2926 2815 ἔλεγε·
2954 2764 2982 2790 ιι
3016 2741 3193 2795 Πάντα
3243 2742 3311 2795 τὰ
3366 2740 3473 2815 ἐμὰ
3530 2744 3596 2797 σά
3655 2742 3789 2811 ἐστι,

2140 2826 2229 2879 καὶ
2258 2824 2325 2879 τὰ
2355 2824 2420 2879 σὰ
2451 2824 2576 2899 ipa"
2614 2848 2636 2879 ι
2674 2827 2785 2881 οῖον
2816 2827 2899 2895 τὸ,
2925 2826 3074 2890 Θεὸς.
3102 2853 3131 2881 ιι
3161 2830 3290 2892 Θεὸς
3319 2853 3348 2882 ι)
3381 2831 3485 2906 γὰρ
3520 2833 3629 2905 (45)
3661 2859 3686 2883 ιι
3721 2833 3786 2901 ἦν

2141 2915 2169 2968 6
2200 2913 2400 2988 Λόγος·
2439 2938 2460 2965 ιι
2494 2915 2578 2981 τὸ,
2607 2917 3023 2992 Παντοκράτωρ·
3054 2942 3081 2969 ιι
3109 2915 3243 2973 Τάδε
3274 2917 3417 2995 λέγει
3465 2921 3493 2974 6
3547 2915 3644 2989 ὤν,
3695 2922 3785 2977 καὶ

2140 3003 2168 3056 6
2194 3003 2284 3075 ἦν,
2315 3002 2404 3058 καὶ
2438 3003 2466 3057 6
2497 3000 2797 3079 ἐρχόμενος
2829 3005 2856 3059 6
2883 3004 3296 3082 Παντοκράτωρ·
3325 3032 3352 3058 υ
3381 3008 3443 3063 τὸ
3476 3011 3611 3064 εῖναι
3643 3016 3779 3087 φῶς·

2142 3114 2170 3143 ιι
2204 3091 2347 3166 Ἐγώ
2377 3090 2513 3164 εἰμι,
2548 3114 2576 3142 ››
2610 3092 2762 3168 φησὶ,
2797 3116 2827 3145 ιι
2856 3092 2919 3148 τὸ
2946 3098 3086 3172 φῶς·
3127 3118 3155 3145 ››
3186 3095 3249 3150 τὸ
3281 3092 3676 3173 δημιουργικὸν
3708 3096 3789 3153 αἶ’-

2136 3196 2272 3234 τιον·
2336 3203 2365 3232 ιι
2424 3180 2599 3234 Πάντα
2648 3181 2751 3256 γὰρ
2804 3177 2875 3236 δι’
2924 3182 3088 3237 αὐτοῦ
3132 3182 3361 3259 ἐγένετο·
3420 3210 3440 3237 ι
3497 3187 3610 3257 καὶ,
3656 3213 3683 3239 ιι
3719 3191 3787 3245 "A

2142 3265 2330 3343 βλέπω
2358 3268 2449 3322 τὸν
2486 3268 2695 3345 Πατέρα
2723 3274 3007 3338 ποιοῦντα,
3037 3276 3205 3327 ταῦτα
3233 3273 3383 3348 κάγὼ
3429 3279 3591 3330 ποιῶ·
3651 3301 3671 3325 ι
3723 3278 3785 3331 τὸ

376 3369 488 3431 et,«
505 3363 817 3429 Quaevideo
829 3364 1058 3419 Patrem
1084 3361 1543 3430 facientem,hasc
1557 3365 1730 3433 etego
1746 3362 1892 3417 facio
1904 3361 1969 3428 ‘7;
1995 3383 2024 3411 »

2146 3358 2267 3411 εἶναι
2298 3353 2495 3412 ἀΐδιον·
2555 3381 2581 3409 ιι
2637 3359 2707 3415 Ἥ
2757 3379 2816 3414 τε
2862 3382 2890 3411 ››
2945 3359 3048 3435 γὰρ
3084 3385 3110 3413 ιι
3145 3358 3320 3423 ἀΐδιος
3351 3363 3523 3418 αὐτοῦ
3556 3361 3784 3437 δύναμις

375 3451 530 3524 quod
565 3450 642 3507 sit
661 3454 913 3505 aeternus
947 3467 960 3506 :
1002 3468 1021 3498 ι
1055 3449 1419 3521 Sempiterna
1443 3470 1471 3499 ››
1517 3447 1677 3505 enim
1727 3471 1753 3499 «
1790 3464 2025 3521 quoque

370 3541 499 3610 ejus
528 3539 714 3595 virtus
743 3543 802 3595 et
829 3538 1107 3594 divinitas
1136 3538 1201 3605 ⁸⁸,
1234 3559 1263 3588 ››
1296 3543 1372 3609 et,
1406 3560 1434 3588 ιι
1471 3537 1533 3593 In
1567 3536 1855 3611 principio
1901 3541 2027 3593 erat

367 3628 625 3685 Verbum
649 3628 732 3695 3';
766 3649 794 3679 ›ι
828 3631 905 3699 et,
939 3649 962 3679 α
996 3628 1131 3683 Erat
1160 3626 1259 3683 lux
1282 3644 1415 3683 vera
1439 3643 1568 3700 qua:
1590 3626 2021 3683 illuminatom-

371 3734 504 3773 nem
535 3717 833 3774 hominem
862 3716 1192 3774 venientem
1222 3716 1581 3773 inmundum
1603 3717 1685 3785 7°;
1720 3739 1740 3766 ι
1769 3715 1924 3787 quod
1947 3714 2025 3771 sit

376 3806 677 3863 Dominus.
714 3828 741 3857 «
776 3805 931 3862 Pluit
958 3806 1117 3862 enim
1146 3806 1428 3862 Dominus
1459 3805 1657 3878 ignem
1689 3810 1749 3861 et
1768 3802 2024 3877 sulphur

372 3914 407 3953 a
438 3895 679 3952 Domino
710 3896 752 3931 ⁷¹
785 3913 799 3964 ;
834 3918 863 3945 ››
896 3900 952 3951 et
982 3899 1154 3951 Pater
1183 3895 1423 3967 quidem
1454 3895 1540 3951 ait
1569 3913 1582 3951 :
1622 3917 1650 3946 ιι
1682 3895 1800 3967 Ego
1834 3892 2023 3950 Domi-

374 4003 486 4041 nus
516 3985 583 4053 ⁷²,
618 3988 745 4053 »εῐ,
779 4007 807 4035 ιι
843 3984 972 4040 llaec
1026 3983 1169 4038 dicit
1220 3982 1501 4039 Dominus
1554 3987 1708 4038 Deus
1751 3983 2018 4054 omnipo-

374 4078 507 4130 tens
526 4074 608 4142 7’;
640 4096 669 4123 ››
703 4074 774 4129 de
803 4071 946 4128 Filio
1003 4076 1202 4128 autem
1244 4071 1439 4142 inquit
1486 4070 1739 4127 Paulus:
1795 4092 1823 4121 «
1855 4070 2018 4126 Unus

369 4163 655 4219 Dominus
682 4163 859 4219 Jesus
889 4161 1179 4230 Christus,
1211 4176 1316 4232 per
1346 4176 1519 4231 quem
1553 4162 1752 4215 omnia
1768 4161 1832 4215 7‘.
1859 4183 1886 4209 ›ι
1908 4164 2016 4215 Pa-

364 4254 439 4308 tri
476 4252 814 4308 ministrant
843 4250 1057 4323 augeli,
1086 4249 1267 4306 Filius
1298 4255 1494 4305 autem
1527 4250 1601 4305 ab
1632 4249 1779 4321 ipsis
1809 4250 2015 4305 adora-

366 4348 461 4396 tur
488 4358 501 4396 :
536 4365 562 4391 ιι
586 4342 654 4396 Et
682 4342 927 4397 adorent
952 4356 1085 4394 eum
1118 4355 1323 4395 omnes
1354 4337 1549 4411 angeli
1577 4338 1681 4395 Dei
1710 4339 1773 4393 ⁷⁸.
1806 4360 1835 4389 ››
1861 4338 2015 4394 Dici-

360 4435 458 4483 tur
476 4429 650 4487 etiam
682 4445 811 4484 esse
841 4427 1127 4485 Dominus
1159 4427 1525 4498 angelorum,
1560 4443 1722 4496 nam,
1758 4451 1777 4477 ιι
1811 4427 2013 4500 Angeli

364 4517 778 4572 ministrabant
825 4515 878 4572 ei
907 4517 983 4583 ⁷⁶;
1017 4537 1045 4565 »
1078 4520 1159 4581 et,
1223 4537 1245 4567 ι
1284 4515 1469 4572 Mittet
1513 4514 1698 4571 Filius
1756 4515 2015 4571 hominis

359 4608 598 4678 angelos
634 4621 773 4661 suos
803 4604 846 4639 ⁷⁷
879 4630 893 4673 ;
928 4627 956 4654 ››
1006 4605 1161 4675 quod
1214 4604 1537 4660 honoratur
1578 4604 1733 4660 sicut
1792 4609 1964 4659 Pater
1996 4621 2009 4659 :

2134 3444 2222 3500 καὶ
2253 3445 2465 3516 θειότης
2495 3447 2629 3520 (46),
2666 3472 2693 3498 ›ι
2723 3447 2833 3506 καὶ.
2875 3472 2901 3503 α
2931 3451 3019 3506 Ἐν
3041 3448 3190 3526 ἀρχῇ
3224 3453 3289 3520 ἦν
3323 3451 3351 3506 6
3384 3453 3585 3528 Λόγος,
3622 3478 3646 3504 ι,
3671 3455 3785 3522 καὶ,

2133 3535 2203 3591 Ἠ
2240 3534 2302 3589 τὸ
2362 3538 2475 3611 φῶς
2534 3536 2596 3590 τὸ
2656 3536 2940 3606 ἀληθινὸν,
2989 3539 3019 3593 ’ὀ
3073 3540 3296 3616 φωτίζει
3354 3540 3526 3595 πάντα
3585 3540 3787 3616 ἄνθρω-

2132 3644 2233 3678 πον
2265 3623 2565 3698 ἐρχόμενον
2625 3623 2702 3688 είς
2751 3626 2843 3680 τὸν
2900 3625 3128 3701 κόσμον·
3189 3651 3218 3680 ››
3266 3628 3328 3683 τὸ
3386 3630 3518 3684 εἶναι
3565 3628 3784 3705 Κυριός·

2134 3737 2160 3763 ιι
2195 3706 2415 3788 Ἐϐρεξε
2442 3712 2543 3788 γὰρ
2574 3712 2773 3788 Κύριος
2805 3719 2947 3778 θεῖον
3002 3715 3091 3770 καὶ
3136 3720 3243 3793 πῦρ
3292 3718 3437 3793 παρὰ
3495 3720 3716 3796 Κυρίου·
3757 3746 3783 3772 ››

2128 3800 2217 3855 καὶ
2250 3802 2277 3856 6
2313 3803 2407 3875 μὲν
2440 3804 2626 3878 Πατήρ
2659 3823 2843 3881 φησιν·
2879 3828 2908 3856 ιι
2943 3805 3082 3881 Ἐγὼ
3113 3804 3331 3882 Κόριος,
3368 3830 3395 3859 υ
3441 3807 3553 3876 καῖ,
3590 3833 3619 3861 ιι
3648 3807 3783 3865 Τάδε

2131 3888 2275 3966 λέγει
2311 3890 2505 3967 Κύριος
2538 3892 2565 3945 ὁ
2617 3891 2746 3953 Θεὸς
2789 3895 2900 3967 (47)
2951 3895 2979 3949 6
3027 3897 3438 3971 παντοκράτωρ·
3492 3921 3521 3949 ››
3566 3897 3781 3973 περῖδὲ

2126 3983 2223 4032 τοῦ
2282 3980 2408 4034 Υἱοῦ
2469 3982 2496 4035 ό
2547 3976 2761 4042 Παῦλός
2819 4000 3011 4059 φηφιν·
3071 4007 3090 4035 ιι
3150 3985 3255 4046 Εἷς.
3304 3983 3501 4060 Κύριος
3563 3986 3779 4057 Ἰησοῦς

2126 4069 2382 4143 Χριστὸς,
2416 4065 2484 4123 δι’
2516 4068 2578 4124 οὗ
2624 4071 2693 4125 τὰ
2734 4069 2927 4130 πάντα,
2986 4096 3006 4121 ι
3064 4073 3160 4127 Καὶ
3206 4077 3286 4145 τῷ
3338 4074 3432 4146 μὲν
3464 4075 3636 4152 Ila-cpi.
3669 4074 3782 4132 λει-

2125 4163 2442 4236 τουργοῦσιν
2477 4156 2725 4235 ἄγγελοι·
2760 4161 2787 4215 ὁ
2820 4157 2877 4215 δὲ
2903 4161 3026 4224 Υἱὸς
3066 4169 3452 4239 προσκυνεῖται
3506 4171 3633 4242 παρ’
3682 4165 3778 4222 αὐ-

2123 4252 2253 4302 τῶν·
2307 4271 2335 4300 ιι
2388 4247 2486 4303 Καὶ
2534 4249 3061 4324 προσκυνησάτωσαν
3113 4251 3261 4325 αὐτῷ
3306 4252 3498 4316 πάντες
3549 4254 3776 4330 ἄγγελοι

2125 4342 2279 4393 Θεοῦ.
2333 4361 2361 4388 ››
2411 4338 2636 4412 Λέγεται
2681 4335 2738 4393 δὲ
2785 4340 2917 4394 εἶναι
2970 4343 3081 4414 (48)
3129 4341 3217 4396 καὶ
3267 4341 3464 4416 Κύριος
3502 4342 3773 4420 ἀγγέλων·

2125 4451 2152 4478 ιι
2184 4425 2478 4495 Διηκόνουν
2516 4450 2538 4479 ι
2568 4427 2670 4504 γὰρ
2705 4452 2731 4478 ιι
2767 4428 2915 4500 αὐτῷ
2944 4430 2997 4483 οἱ
3028 4426 3270 4506 ἂγγελοι·
3307 4455 3335 4483 ››
3374 4432 3487 4505 καὶ,
3539 4459 3565 4485 ιι
3612 4434 3778 4491 Ἀπο-

2124 4514 2363 4571 στελεῖὸ
2408 4516 2532 4578 Υἱὸς
2557 4520 2655 4571 τοτὲ
2705 4517 2994 4592 ἀνθρώπου
3040 4518 3166 4582 τούς
3217 4518 3485 4597 ἀγγέλους
3505 4523 3694 4578 αὐτοῦ·
3746 4550 3768 4577 ι

2121 4605 2183 4659 τὸ
2212 4611 2470 4677 τιμᾶσθαι
2503 4606 2577 4667 ὡς
2606 4605 2695 4660 τὸν
2733 4605 2961 4683 Πατέρα·
2995 4631 3021 4659 ιι
3046 4610 3159 4665 Ἵνα
3190 4636 3217 4661 ››
3250 4610 3377 4687 γὰρ,
3428 4611 3583 4688 φησὶ,
3617 4636 3646 4663 ιι
3690 4633 3776 4667 τι-

364 4715 386 4743 ι
425 4695 491 4753 Ut
516 4717 566 4764 ››,
601 4693 814 4765 inquit,
850 4717 877 4744 ιι
911 4693 1298 4748 honorilicent
1330 4692 1562 4760 Filium,
1596 4693 1750 4749 sicut
1783 4693 2013 4750 honori-

2146 4697 2269 4747 ιῶσι
2300 4692 2390 4748 τὸν
2425 4694 2570 4766 Υἱὸν,
2602 4694 2783 4756 καθὼς
2812 4699 3015 4767 τιμῶσι
3046 4695 3139 4751 τὸν
3169 4698 3398 4775 Ηατέρα·
3453 4721 3481 4751 ››
3530 4699 3593 4755 τὸ
3637 4701 3773 4755 εἶναι

354 4784 533 4840 ﬁcant
562 4786 792 4839 Patrem
824 4782 888 4837 ⁷⁸.
916 4804 943 4831 ››
996 4781 1158 4846 Quod
1209 4780 1285 4837 sit
1316 4781 1560 4853 aequalis
1610 4782 1765 4839 Deo:
1822 4805 1842 4831 ιι
1888 4782 2011 4839 Non

420 4903 463 4937 ⁶¹
495 4901 661 4957 Joan.
692 4916 811 4969 χνι,
868 4901 954 4954 15.
988 4898 1034 4941 6’
1089 4899 1262 4955 Joan.
1293 4915 1431 4960 xv11,
1504 4900 1590 4954 10.
1619 4899 1665 4935 ⁸³
1763 4899 1936 4954 Joan.
1971 4917 2011 4962 ι,

349 4975 402 5029 3.
434 4974 477 5009 ⁸⁷
498 4973 664 5029 Joan.
726 4988 779 5041 ν,
883 4972 969 5039 19,
1046 4970 1090 5005 ⁵⁸
1117 4974 1282 5027 Rom.
1313 4987 1353 5037 1,
1384 4971 1473 5026 20.

1605 4970 1848 5026 “'Joan.
1885 4988 1924 5038 1,
2003 4972 2054 5026 1.

2118 4779 2212 4837 ἳσα
2242 4786 2377 4854 Θεῷ·
2406 4806 2435 4835 ι»
2469 4782 2592 4859 Οὐχ
2622 4786 2733 4857 (49)
2767 4782 3055 4859 ἁρπαγμόν
3088 4786 3334 4860 ἡγήσατο
3380 4785 3445 4842 τὸ
3494 4790 3629 4842 εἶναι
3679 4785 3773 4843 ἴσα

2119 4902 2169 4955 1.
2237 4902 2284 4936 ⁸⁵
2314 4904 2495 4970 Apoc.

2157 4971 2202 5007 ⁷ο
2304 4972 2449 5027 ibid.
2483 4972 2537 5026 9.

2600 4901 2704 4975 1,787
2750 4901 2810 4975 f5
2863 4900 3033 4957 Joan.
3094 4919 3220 4975 V111,
3291 4904 3375 4959 12.
3409 4905 3454 4940 ⁸⁸
3517 4904 3689 4961 Joan.
3725 4924 3768 4975 1,

2661 4971 2881 5049 7f_Gen_.
2925 4974 3172 5049 _x_1x,_24.
3207 4971 3210 4972 ⁷
3251 4975 3296 5009 ⁷³
3347 4976 3619 5049 Μαιεοῇη
3676 4971 3766 5049 ιιι,

346 5046 401 5100 6.
458 5045 505 5078 ⁷³
563 5045 704 5101 Gen.
740 5060 877 5113 xvu,
917 5044 964 5097 1.
1027 5042 1074 5077 ⁷⁸
1118 5042 1297 5098 ICor.
1332 5058 1455 5113 V111,
1487 5042 1540 5096 6.
1574 5042 1618 5076 7‘
1673 5042 1846 5098 Hebr.
1880 5059 1919 5110 1,
1978 5044 2032 5097 6.
2091 5043 2146 5098 6.
2179 5044 2223 5079 ⁷⁸
2268 5042 2469 5099 Matth.
2535 5060 2613 5111 1v,
2674 5044 2760 5098 11.
2820 5044 2864 5079 ⁷⁷
2924 5043 3130 5100 Matth.
3184 5062 3336 5115 xxiv,
3366 5048 3456 5103 31.
3519 5048 3563 5083 ⁷⁸
3590 5042 3764 5106 ,Ιοαηζ

343 5132 401 5184 v,
432 5117 524 5171 25.

412 5203 526 5305 (41)
558 5231 706 5305 Felc.
827 5227 916 5284 καὶ
947 5229 1050 5305 γὰρ
1082 5230 1133 5284 οἱ
1155 5225 1407 5305 ἕγγελοι,
1443 5228 1616 5305 male.

438 5233 499 5287 41
558 5233 706 5287 Felc.
741 5233 794 5286 3.
827 5233 916 5284 καὶ
947 5233 1050 5305 γὰρ
1082 5233 1133 5284 οἳ
1162 5233 1194 5283 ἄ
1266 5233 1407 5299 ελοι,
1443 5233 1616 5285 male.

438 5233 526 5375 42)
557 5304 650 5360 Sic
679 5303 830 5377 Eelc.
862 5304 915 5373 3,
951 5249 1304 5377 recte_._E6iti
1338 5306 1395 5356 et
1420 5299 1634 5377 ceteri,
1670 5298 1872 5377 ᾥσπερ.

438 5305 526 5375 42)
557 5305 650 5360 Sic
679 5305 830 5359 Felc.
862 5305 915 5373 3,
951 5307 1122 5358 recte.
1154 5305 1304 5358 Editi
1338 5306 1395 5356 et
1420 5305 1634 5370 caeteri,
1670 5305 1872 5377 ὥσπερ.

411 5305 522 5502 (43)
554 5380 646 5431 Sic
680 5375 827 5430 Felc.
865 5378 914 5429 1.
952 5377 1014 5429 in
1049 5374 1224 5430 editis
1254 5389 1411 5439 vero,
1440 5371 1529 5426 καὶ
1569 5365 1620 5426 ἔν
1674 5370 1807 5427 ἐστι.
1843 5374 1987 5431 Ibid.

411 5450 594 5502 ackm.
654 5448 709 5502 3.
766 5445 824 5501 ἓν
878 5444 990 5500 ἐστι
1053 5446 1386 5502 γεονήσαντα
1424 5442 1587 5498 αὐτὸν
1627 5443 1840 5502 Πατὲοα
1868 5450 1987 5502 ταῖς

2103 5227 2236 5306 έρχό

2174 5250 2417 5379 ﬁdae“:
2454 5300 2670 5379 legitur
2698 5302 2757 5358 in
2788 5301 2973 5379 ξιεεὶοί
2999 5306 3056 5379 et
3089 5302 3150 5379 in
3191 5303 3387 5379 Greco
3440 5305 3761 5379 scripturas

2102 5371 2285 5429 ιωιιυ.
2320 5374 2490 5441 Editi,
2512 5371 2607 5427 καὶ
2638 5375 2673 5443 ἡ
2708 5371 2923 5444 θεότηξ.
2958 5374 3293 5433 Felckman.
3329 5378 3383 5449 3,
3424 5377 3513 5431 καὶ
3546 5371 3591 5446 ἦ
3616 5374 3760 5442 θειό-

338 5442 594 5520 Εεὶςῌω.
654 5448 709 5520 3,
766 5445 824 5501 ἓν
878 5444 990 5520 ἐστι
1053 5446 1386 5520 γεονήσαντα
1424 5442 1587 5498 αὐτὸν
1627 5443 1840 5518 Πατὲρα
1868 5450 1989 5508 ταῖς
2098 5466 2221 5520 της.

333 5516 552 5587 ἒνοειδ.,
586 5519 826 5575 omissis
857 5516 1235 5589 quibusdam.

402 5592 519 5664 (44)
544 5593 640 5648 Sic
677 5587 925 5646 t'elckm.
958 5592 1010 5645 3.
1044 5591 1118 5645 At
1145 5588 1285 5645 editi
1317 5592 1375 5644 et
1403 5587 1593 5644 caeteri
1626 5589 1849 5644 habent
1884 5589 1986 5659 μό-

330 5681 512 5804 νο(45)
543 5733 760 5805 Regius
791 5733 993 5799 codex,
1028 5730 1123 5785 Καὶ
1152 5730 1280 5791 Θεὸς
1312 5728 1382 5803 γά
1425 5772 1437 5787 .
1498 5732 1633 5786 Mox
1678 5730 1867 5787 Felck.
1927 5732 1980 5799 3,

330 5802 410 5860 τὸ.
443 5805 471 5859 ὁ
502 5803 1104 5860 Ιῐαντοκοάτωρ.Ραυίυ
1138 5808 1268 5860 post
1302 5802 1331 5855 ὁ
1364 5749 1528 5860 cfeest
1557 5801 1615 5858 in
1648 5803 1827 5860 Regio
1849 5809 1980 5860 ante

326 5802 415 5877 τὸ,
443 5805 471 5859 6
498 5802 1104 5879 Havfoxpaitprauiu
1135 5808 1268 5875 post
1302 5802 1333 5855 6
1364 5802 1468 5860 dee

2094 5659 2316 5733 Λέγεται

2172 5517 2283 5587 (47)
2319 5516 2379 5571 'O
2410 5516 2542 5577 Θεὸς
2574 5517 2738 5573 deest
2769 5517 2828 5572 in
2860 5517 3113 5573 Felckm.
3152 5517 3205 5574 3.

2170 5576 2283 5660 (48)
2312 5588 2685 5679 Sic‘lieickm.
2720 5590 2754 5645 3
2783 5590 3019 5661 Regius,
3079 5588 3310 5663 Λέγεται
3367 5588 3520 5648 εἶναι.
3578 5591 3761 5662 Edit.,

2169 5678 2316 5733 γεται
2351 5678 2456 5732 γαρ
2488 5678 2644 5716 ειναι.

2313 5732 2524 5805 Regius
2556 5734 2756 5801 codex,
2782 5729 2877 5786 ἶσα
2907 5735 3045 5804 Θεῷ·
3077 5730 3141 5787 τὸ
3190 5731 3323 5787 εἶναι
3383 5730 3458 5804 ἐξ,
3510 5735 3757 5795 omissis

1472 5807 1528 5859 st
1557 5801 1615 5858 in
1648 5803 1827 5876 Regio
1849 5809 1983 5861 ante
2093 5801 2325 5860 mediis.
