4082 6396
306 489 421 549 781

1672 434 1675 437 Δ
1758 485 1861 545 DE
1905 485 2263 546 SYNODIS.

3600 487 3718 545 782

312 622 449 690 Θεῷο
483 640 512 669 ››
541 618 605 672 τὸ
632 616 767 671 εἶναι
814 615 865 687 ἐξ
914 613 1178 689 ἀληθινοῦ
1227 615 1511 690 ἀλήθειαν,
1537 618 1628 672 καὶ
1660 616 1721 672 ἐκ
1752 620 1953 686 ζῶντος

2086 618 2337 690 rapinam
2387 618 2705 675 arbitratus
2736 622 2825 673 est
2853 633 2982 673 esse
3008 635 3070 674 se
3100 618 3384 691 aequalem
3417 620 3533 675 Deo
3564 621 3609 655 7°
3642 637 3655 675 :
3684 638 3713 671 ιι

314 712 483 777 ζωήν,
541 706 617 768 ὡς
673 704 800 763 ,ἀπὸ
844 709 1030 781 πηγῆς
1071 704 1240 768 ὅντως
1290 708 1404 780 (50)
1449 711 1548 762 τοῦ
1604 707 1840 782 ΙΙατρὸς,
1895 706 1959 761 τὸ

316 800 601 866 ζωοποιεῖν
633 795 723 849 τὸν
768 795 891 850 Υἱὸν
940 795 1030 850 καὶ
1075 794 1293 872 ἐγείρειν
1344 795 1469 858 τοὺς
1509 796 1730 873 νεκροὺς
1776 794 1958 872 ὥσπερ

314 887 341 941 6
404 886 589 960 Πατήρ
623 926 636 939 .
689 883 832 940 οὕτω
892 884 995 959 γὰρ
1047 883 1099 939 ἐν
1140 889 1220 957 τῷ
1265 882 1586 960 Εὗαγγελίῳ
1635 886 1956 961 γὲγραπται.

315 973 413 1028 Καὶ
470 974 595 1049 περὶ
655 973 752 1046 μὲν
808 977 903 1027 τοῦ
950 972 1162 1050 Πατρὸς
1209 973 1529 1049 γέγραπταιο
1582 997 1610 1026 ‹‹
1666 973 1863 1050 Κύριος
1931 974 1959 1028 6

315 1062 444 1125 Θεός
470 1082 589 1129 σου,
641 1067 836 1137 Κυριος
884 1062 959 1123 εἷς
1007 1061 1116 1116 ἐστι
1154 1083 1166 1096 ·
1196 1085 1225 1114 »
1272 1061 1383 1132 καὶ,
1434 1086 1462 1114 ‹‹
1514 1062 1643 1124 Θεὸς
1691 1064 1825 1117 θεῶν
1857 1060 1958 1116 Κύ-

315 1172 432 1228 ριος
480 1149 740 1221 ἐλάλησε,
787 1151 878 1206 καὶ
926 1149 1144 1206 ἐκάλεσε
1191 1152 1290 1220 τήν
1339 1157 1465 1226 γῆν·
1514 1174 1543 1203 ››
1594 1152 1719 1226 περὶ
1768 1149 1825 1206 δὲ
1864 1155 1961 1207 τοῦ

312 1242 442 1296 Υἱοῦ
499 1240 628 1302 Θεὸς
678 1239 898 1315 Κύριος,
946 1240 1061 1308 καὶ,
1116 1264 1145 1293 ι(
1195 1241 1482 1318 Ἐπέερανεν
1540 1241 1700 1312 ἡμῖν,
1764 1264 1791 1291 n
1847 1241 1961 1310 καὶ,

322 1352 351 1381 ‹‹
383 1330 702 1408 Ὀφθήσεται
761 1330 790 1383 ὁ
848 1329 977 1391 Θεὸς
1032 1332 1140 1384 τῶν
1195 1331 1327 1384 θεῶν
1387 1328 1439 1384 ἐν
1498 1328 1658 1384 Σιών·
1720 1354 1749 1382 ››
1798 1328 1964 1385 πάλιν

310 1440 371 1475 τε
399 1421 514 1492 (51)
559 1417 683 1493 περὶ
739 1418 834 1491 μὲν
890 1421 988 1472 τοῦ
1037 1422 1170 1475 Θεοῦ
1223 1440 1383 1495 φησιν
1434 1420 1462 1473 6
1512 1417 1753 1481 Ἡσαΐας·
1789 1443 1818 1471 ‹‹
1866 1417 1966 1483 Τίς

316 1508 467 1575 Θεὸς,
531 1504 713 1583 ὥσπερ
771 1507 858 1576 σὺ,
915 1505 1135 1581 ἐξαίρων
1196 1506 1445 1581 ἀνομίας,
1488 1508 1577 1563 καὶ
1628 1503 1963 1583 ὑπερϐαίνων

315 1594 578 1665 ἀδικίαςς
638 1597 666 1650 6
726 1593 784 1650 δὶ
838 1596 963 1658 Υἱὸς
1022 1595 1202 1673 ἔλεγεν
1261 1597 1341 1657 οἷς
1389 1594 1602 1666 ἤθελεν·
1666 1596 1966 1674 «Ἀφέων-

312 1686 401 1741 ταί
434 1707 530 1741 σου
570 1686 625 1740 αἱ
669 1684 927 1759 ἁμαρτίαι
982 1688 1088 1759 (52)
1124 1704 1137 1719 ⁸
1175 1709 1202 1736 ››
1254 1684 1342 1740 ὅτε
1392 1686 1481 1740 καὶ
1530 1690 1638 1742 τῶν
1690 1684 1965 1743 Ἰουδαίων

309 1775 685 1851 γογγυζόντων
722 1820 736 1843 ,
794 1772 933 1850 ἔργῳ
978 1777 1078 1845 τὴν
1129 1773 1310 1853 ἄφεσιν
1345 1772 1600 1841 ἐδείκνυε,
1660 1773 1831 1849 λέγων
1886 1780 1967 1848 τῷ

312 1863 690 1939 παραλυτικῷ·
744 1890 772 1916 «
832 1865 1098 1940 Ἐγειραι.
1156 1866 1285 1939 ἆρον
1329 1865 1421 1919 τὸν
1477 1859 1782 1940 κράὸϐατόν
1847 1886 1963 1933 σου,

311 1954 401 2009 καὶ
429 1953 598 2030 ὕπαγε
654 1944 731 2015 εἷς
781 1952 873 2007 τὸν
926 1953 1074 2007 οἶκόν
1126 1973 1246 2011 σου.
1295 1975 1322 2007 ιι
1376 1953 1474 2008 Καὶ
1532 1954 1656 2028 περὶ
1694 1954 1811 2026 ’μὲν
1868 1958 1965 2009 τοῦ

312 2047 448 2099 Θεοῦ
491 2038 668 2118 ἔλεγεν
729 2043 843 2115 (53)
902 2042 929 2096 6
983 2040 1217 2104 Παῦλος
1275 2067 1295 2093 ι
1347 2046 1435 2115 Τῷ
1483 2039 1540 2097 δὲ
1590 2041 1805 2118 βασιλεῖ
1858 2046 1964 2098 τῶν

313 2131 552 2186 αἷώνων’
588 2153 617 2182 ››
657 2136 784 2206 περῖ
831 2128 889 2185 δὲ
932 2135 1028 2185 τοῦ
1076 2132 1205 2185 Υἶοῦ
1255 2133 1283 2186 6
1345 2131 1438 2204 μὲν
1491 2126 1657 2186 Δαϐἶδ
1707 2128 1962 2205 ἔψαλλεν

313 2245 343 2272 «
377 2222 578 2296 ’Λρατε
623 2218 824 2285 πύλας,
873 2220 926 2275 οἱ
980 2217 1259 2295 ἄρχοντες,
1315 2221 1467 2293 ὑμῶν
1515 2222 1649 2293 (54),
1681 2221 1768 2275 καὶ
1802 2219 1966 2296 ἐπάρ-

304 2320 455 2379 θητε,
488 2306 660 2363 πύλαι
690 2308 930 2375 αἰώνιοι,
977 2307 1068 2363 καὶ
1120 2306 1475 2364 εἰσελεύσεται
1516 2310 1544 2363 6
1580 2306 1834 2383 βασιλεὺς
1863 2316 1963 2378 τῆς

304 2396 490 2469 δόξηςο
526 2421 554 2449 ››
604 2398 632 2452 6
689 2395 747 2452 δὲ
797 2398 997 2465 Δάνιὴν
1045 2394 1295 2467 ἤκουσεν·
1333 2423 1361 2449 ιι
1408 2399 1470 2454 Ἡ
1524 2397 1771 2473 βασιλεία
1801 2398 1966 2453 αὐτοῦ

308 2486 555 2562 βασιλεία
585 2485 831 2553 αἰώνιος,
867 2509 894 2538 ››
945 2487 1055 2558 καὶ,
1105 2511 1131 2537 ‹‹
1156 2488 1219 2541 Ἡ
1272 2486 1519 2561 βασιλεία
1543 2486 1707 2542 αὐτοῦ
1740 2485 1800 2541 οὒ
1833 2484 1956 2542 δια-

297 2577 649 2653 φθαρήσεται,
685 2599 712 2627 »
742 2576 843 2630 Καὶ
907 2574 1057 2637 ύλως
1107 2574 1206 2631 δσιι
1246 2572 1306 2629 ἂν
1357 2575 1533 2647 εὕροις
1574 2577 1696 2651 περὶ
1727 2581 1823 2631 τοῦ
1854 2582 1959 2631 Πα-

299 2666 434 2741 τρὸς
466 2664 759 2741 λεγόμενα,
788 2669 1025 2720 τοσαῦτα
1074 2663 1133 2719 ἂν
1185 2664 1362 2739 εὕροις
1409 2665 1499 2720 καὶ
1546 2667 1670 2741 περὶ
1699 2670 1801 2721 τοῦ
1832 2667 1958 2721 Υἱοῦ

306 2754 595 2829 λεγόμενα,
631 2754 808 2830 χωρὲς
860 2754 1030 2827 μόνου
1080 2758 1177 2809 τοῦ
1222 2754 1359 2809 εἶναι
1408 2754 1567 2810 αὐτὸν
1598 2755 1829 2831 Πατέρα,
1863 2776 1957 2810 κα-

311 2845 480 2920 θάπερ
510 2841 743 2918 εἷ’ρηται.

377 2936 469 2990 50.
503 2932 565 2989 Εἰ
614 2932 707 3004 μὶν
756 2932 847 2987 οὖν
897 2930 1078 3002 ἄλλην
1127 2932 1307 3009 ἀρχὴν
1362 2933 1671 3007 ἐνθυμεῖταί
1712 2954 1813 3001 τις,
1871 2934 1961 2988 καὶ

308 3020 478 3077 ἄλλον
511 3022 722 3097 Πατέρα
761 3019 850 3077 διὰ
878 3023 940 3077 τὸ
990 3021 1171 3091 ἰσάζον
1219 3028 1328 3077 τῶν
1367 3022 1700 3099 λεγομὲνων,
1739 3024 1961 3096 μανικόν

306 3113 370 3167 τό
401 3110 712 3185 ἐνθύμημω
748 3111 794 3167 εἰ
848 3109 906 3167 δὲ
962 3110 1051 3166 διὰ
1092 3113 1155 3167 τὸ
1185 3111 1244 3166 ἐκ
1288 3116 1384 3167 τοῦ
1436 3113 1644 3188 Ιῐατρὸς
1695 3114 1826 3168 εἶναι
1874 3112 1966 3168 τὸν

309 3203 453 3273 Υἱὸν,
486 3202 657 3256 πάντα
685 3202 751 3256 τὰ
805 3206 903 3256 τοῦ
954 3202 1184 3275 Πατρὸς,
1233 3201 1307 3263 ὡς
1357 3201 1411 3257 ἐν
1460 3200 1625 3257 εἰκόνι
1654 3202 1743 3257 καὶ
1793 3221 1965 3278 χαρα-

2068 708 2223 779 quod
2238 707 2535 764 sitexvero
2547 707 2784 774 veritas,
2808 724 2876 762 ex
2888 708 3113 763 vivente
3141 708 3278 775 vita,
3302 709 3479 781 utqui
3524 726 3722 766 revera

2069 812 2136 850 ex
2158 796 2344 852 Patris
2367 797 2524 852 fonte
2547 796 2903 852 emanaverit
2936 814 2948 853 :
2983 798 3134 868 quod
3168 797 3348 853 Filius
3374 799 3642 872 viviﬁcet,
3666 803 3724 855 et

2070 885 2315 941 suscitet
2345 890 2607 941 mortuos
2637 886 2793 941 sicut
2820 889 3011 955 Pater,
3061 886 3144 941 ita
3189 886 3344 941 enim
3399 887 3615 958 legitur
3664 888 3722 943 in

2070 973 2398 1042 Evangelio.
2432 975 2500 1029 Et
2538 975 2609 1029 de
2640 978 2808 1029 Patre
2833 975 3072 1044 quidem
3095 975 3380 1047 scriptum
3404 980 3529 1032 est:
3556 999 3583 1026 ‹‹
3622 981 3732 1031 Do-

2072 1063 2270 1117 minus
2292 1063 2445 1118 Deus
2469 1068 2789 1131 tuus,unus
2812 1063 3097 1119 Dominus
3119 1068 3209 1120 est
3226 1065 3337 1132 ⁸⁰;››
3372 1069 3429 1120 et
3462 1082 3474 1119 :
3514 1089 3533 1114 ι
3574 1071 3724 1122 Deus

2072 1151 2314 1206 deorum
2338 1151 2623 1207 Dominus
2646 1151 2877 1207 locutus
2902 1158 3009 1213 est,
3025 1156 3082 1208 et
3100 1153 3323 1207 vocavit
3340 1160 3554 1208 terram
3577 1154 3618 1189 ³¹
3643 1174 3656 1219 ;
3693 1176 3721 1204 ››

2074 1240 2144 1295 de
2170 1239 2313 1295 Filio
2341 1246 2559 1305 autem,
2578 1263 2605 1290 ‹‹
2638 1240 2792 1297 Deus
2812 1241 3099 1296 Dominus
3118 1246 3176 1296 et
3195 1241 3389 1296 illuxit
3411 1244 3579 1298 nobis
3599 1244 3663 1312 θ’,
3694 1264 3722 1293 ››

2036 1391 2043 1398 ,
2073 1333 2150 1394 et,
2189 1350 2209 1377 ι
2236 1328 2539 1385 Videbitur
2560 1328 2714 1384 Deus
2730 1328 2971 1384 deorum
3005 1329 3063 1384 in
3093 1329 3232 1385 Sion
3264 1330 3459 1385 sum
3488 1349 3726 1388 rursum

2074 1417 2146 1472 de
2174 1422 2286 1473 Deo
2317 1417 2552 1489 quidem
2585 1417 2665 1473 ait
2698 1418 2879 1474 Isaias
2913 1436 2925 1473 :
2957 1442 2982 1468 ‹‹
3010 1420 3151 1482 Quis
3186 1424 3355 1487 Deus,
3391 1425 3455 1474 ut
3484 1425 3570 1487 tu,
3615 1422 3732 1477 tol-

2072 1507 2201 1563 lens
2231 1507 2595 1578 iniquitates,
2618 1511 2675 1563 et
2705 1523 2993 1577 superans
3018 1507 3342 1577 injustitias
3372 1508 3456 1563 8‘?
3490 1532 3517 1559 »
3550 1509 3732 1567 Filius

2074 1613 2210 1651 vero
2241 1597 2488 1662 dicebat,
2523 1597 2739 1668 quibus
2771 1596 2994 1673 placuit
3032 1597 3143 1668 ipsi
3198 1613 3211 1653 :
3265 1620 3293 1646 «
3344 1597 3734 1655 Dimittuntur

2075 1685 2182 1741 tibi
2216 1690 2450 1758 peccata
2480 1689 2583 1741 tua
2609 1686 2653 1721 ⁸³
2686 1702 2699 1741 :
2736 1709 2758 1738 ι
2785 1702 2900 1758 quo
2930 1690 3193 1758 tempore
3221 1686 3441 1743 Judsais
3475 1705 3737 1745 murmu-

2077 1775 2367 1841 rantibus,
2417 1791 2591 1847 opere
2639 1774 2802 1830 illam
2853 1776 3265 1831 remissionem
3316 1779 3734 1849 comprobavit,

2077 1864 2278 1919 dicens
2329 1863 2644 1936 paralytico
2679 1880 2692 1918 :
2727 1885 2755 1914 α
2788 1868 2991 1936 Surge,
3025 1864 3163 1920 tolle
3193 1866 3507 1936 grabatum
3542 1871 3733 1938 tuum,

2076 1957 2134 2009 et
2161 1953 2306 2008 vade
2336 1953 2394 2007 in
2426 1954 2667 2008 domum
2695 1957 2857 2009 tuam
2888 1955 2954 2010 ⁸⁸.
2986 1971 3012 2003 ιι
3050 1953 3131 2009 De
3168 1956 3277 2009 Deo
3308 1972 3539 2027 quoque
3589 1955 3736 2011 dixit

2078 2040 2296 2098 Paulus
2330 2059 2342 2096 :
2382 2066 2402 2090 ι
2441 2043 2579 2114 Regi
2612 2043 2958 2098 saeculorum
2989 2043 3054 2111 ‘7;
3077 2044 3194 2113 nde
3222 2042 3365 2098 Filio
3400 2050 3593 2101 autem
3627 2051 3735 2101 Da-

2075 2131 2167 2186 vid
2202 2131 2414 2186 cecinit
2443 2149 2456 2199 ;
2493 2152 2522 2181 «
2557 2131 2808 2187 Attollite
2836 2136 3055 2203 portas,
3082 2132 3396 2206 principes,
3427 2138 3739 2203 vestras,et

2076 2219 2407 2287 elevamini,
2441 2224 2618 2292 portis
2649 2219 2978 2291 eternales,
3021 2225 3077 2275 et
3126 2221 3391 2277 introibit
3440 2224 3559 2278 Rex
3606 2225 3736 2296 glo-

2076 2311 2173 2366 rise
2202 2311 2282 2377 ⁸⁸ς
2320 2332 2348 2359 ››
2379 2309 2582 2365 Daniel
2611 2327 2745 2365 vero
2774 2310 2897 2365 haec
2930 2309 3170 2365 audivit
3206 2327 3218 2365 :
3255 2333 3281 2359 «
3318 2312 3581 2385 Regnum
3616 2315 3747 2385 ejus

2076 2416 2323 2472 regnum
2355 2400 2778 2470 sempiternum
2805 2399 2870 2466 ”,
2907 2420 2935 2448 ι›
2968 2403 3046 2465 et,
3081 2421 3109 2448 «
3146 2398 3418 2472 Regnum
3448 2402 3576 2472 eius
3626 2420 3743 2459 non

2079 2494 2494 2562 corrumpetur
2523 2490 2587 2542 9°.
2615 2511 2643 2538 »
2678 2490 2923 2544 Demum
2950 2505 3313 2562 quzecunque
3344 2492 3413 2545 de
3444 2495 3614 2548 Patre
3652 2494 3741 2547 di-

2079 2583 2173 2633 cta
2203 2577 2618 2650 repereris,tnt
2647 2581 2928 2649 tantaque
2959 2578 3030 2631 de
3063 2575 3206 2632 Filio
3230 2578 3384 2633 dicta
3417 2580 3744 2651 deprehen'

2069 2668 2265 2737 des,ea
2295 2666 2490 2722 solum
2523 2667 3042 2739 exceptione,quod
3075 2667 3200 2739 ipse
3238 2685 3355 2724 non
3405 2669 3483 2725 sit
3532 2674 3738 2727 Pater’

2073 2761 2135 2811 ut
2166 2756 2390 2811 dictum
2424 2756 2700 2829 superius
2729 2762 2838 2812 est.

2141 2936 2231 2990 58.
2265 2933 2325 2991 Si
2357 2933 2488 3007 quis
2518 2933 2699 3007 igitur
2731 2934 2889 2990 aliud
2924 2934 3278 3008 principium
3309 2939 3367 2993 et.
3397 2936 3577 2993 alium
3628 2942 3736 2995 Pa-

2072 3029 2221 3081 trem
2262 3023 2565 3096 excogitet,
2612 3040 2679 3079 eo
2729 3025 2883 3095 quod
2931 3024 3179 3097 aequalia
3209 3025 3331 3082 sint
3360 3042 3490 3100 quae
3522 3027 3737 3084 dicun-

2073 3118 2193 3181 tur,
2224 3112 2502 3168 insanum
2546 3118 2699 3168 certe
2750 3112 2895 3169 illud
2945 3119 3369 3171 commentum.
3422 3116 3480 3173 Si
3536 3122 3732 3173 autem

2076 3203 2215 3274 quia
2255 3201 2436 3257 Filius
2478 3218 2545 3258 ex
2566 3202 2733 3259 Patre
2754 3204 3080 3274 est,omnia
3102 3220 3229 3276 quas
3256 3205 3439 3261 Patris
3482 3211 3621 3263 sunt
3649 3207 3738 3278 (ut

308 3296 472 3365 κτῆρι
516 3294 613 3344 τοῦ
663 3290 791 3344 Υἰοῦ
837 3290 971 3359 ἐστι,
1022 3289 1376 3364 λογισώμεθα
1425 3293 1538 3365 (55)
1598 3290 1859 3364 εὐμενῶς,
1920 3290 1966 3346 εὶ

2086 3291 2136 3344 in
2167 3290 2426 3362 imagine
2455 3294 2513 3345 et
2542 3290 2898 3362 charactere)
2946 3290 3070 3345 Filii
3118 3296 3297 3347 sunt:
3331 3309 3495 3365 aequo
3539 3294 3736 3350 animo

312 3378 432 3450 ξὲνη
485 3376 640 3433 ούσία
680 3384 781 3448 τῆς
810 3383 908 3433 τοῦ
940 3379 1149 3453 Ηατρὸς
1179 3379 1363 3440 οὐσίας
1395 3376 1613 3448 δεκτική
1646 3384 1751 3435 τῶν
1783 3381 1966 3436 τοιού-

2086 3380 2574 3452 cogitemus,num
2611 3380 2946 3435 substantia
2975 3379 3164 3437 aliena
3185 3399 3218 3437 a
3239 3382 3429 3438 Patris
3457 3383 3737 3440 substan-

310 3487 417 3521 των
450 3465 582 3521 ἐστί’
610 3466 699 3522 καὶ
725 3467 774 3521 εἲ
804 3468 831 3522 ὁ
877 3472 1125 3530 τοιοῦτος
1171 3465 1467 3547 ἔτεροφυής
1516 3468 1605 3523 καὶ
1636 3468 1964 3545 ἂλλοτριού-

313 3556 428 3617 σιός
599 3554 734 3624 ἐστι,
783 3556 873 3611 καὶ
925 3557 1030 3632 οὐχ
1084 3557 1378 3631 ὁμοούσιος
1426 3562 1506 3630 τῷ
1558 3559 1750 3633 Ηατρί.
1793 3556 1966 3613 Εὐλα-

314 3639 509 3715 ϐητὲον
538 3645 641 3719 γὰρ
679 3646 755 3716 μὴ
785 3646 854 3700 τᾶ
893 3650 992 3701 τοῦ
1036 3652 1243 3722 Πατρος
1296 3643 1406 3701 ἴδια
1462 3645 1845 3725 μεταφέροντες
1876 3646 1962 3702 ἐπὶ

311 3733 376 3787 τὸ
405 3732 825 3806 ἀνομοιοούσιον
864 3733 1032 3806 αὐτῷ,
1080 3734 1168 3789 καὶ
1215 3734 1265 3790 ἐν
1313 3735 1691 3811 ἀνομοιογενεῖ
1734 3735 1823 3791 καὶ
1863 3736 1964 3791 ἆλ-

313 3820 680 3897 λοτριοουσίῳ
737 3823 1229 3899 χαρακτηρίζοντες
1283 3824 1382 3893 τὴν
1444 3829 1539 3879 τοῦ
1600 3825 1805 3902 [Ιατρὸς
1848 3826 1962 3898 (57)

311 3912 563 3983 θεότητα,
614 3913 768 3982 ξένην
810 3911 904 3984 μὶν
955 3911 1134 3983 ἄλλην
1184 3912 1478 3986 εἷσάξωμεν
1530 3913 1735 3981 οὐσίαν,
1785 3911 1959 3969 δεκτι-

313 4002 414 4069 κὴν
446 4005 554 4055 τῶν
586 4008 685 4069 τῆς
730 4001 956 4076 πρώτης
1005 4001 1188 4064 οὐσίας
1245 4000 1578 4075 ἰδιωμάτων,
1611 4002 1962 4078 ἐντραπῶμεν

317 4087 376 4144 δὲ
413 4090 502 4145 ὑπ’
551 4089 716 4144 αὐτοῦ
759 4095 857 4145 τοῦ
910 4096 1043 4146 Θεοῦ
1094 4090 1366 4167 λέγοντος·
1420 4117 1447 4143 ‹‹
1497 4094 1603 4161 Τὴν
1655 4090 1810 4163 δόξαν
1859 4114 1964 4165 μου

317 4178 485 4252 ἐτὲρῳ
523 4178 584 4234 ού
626 4176 806 4234 δώσω·
865 4204 893 4231 ››
935 4180 1024 4235 καὶ
1073 4181 1375 4255 εύρεθῶμεν
1418 4186 1842 4256 προσκυνοῦντες
1888 4186 1968 4254 τῷ

318 4265 591 4341 ἀλλοτίῳ,
641 4270 732 4323 καὶ
780 4281 1127 4343 νομισθωμεν
1186 4270 1319 4325 εἶναι
1358 4274 1624 4338 τοιοῦτοι,
1670 4274 1780 4325 οἷοι
1831 4272 1969 4340 ἦσαν

318 4359 371 4412 at
422 4357 545 4413 τότε
600 4355 853 4415 Ἰουδαῖοι
903 4357 1169 4433 λέγοντεςο
1217 4384 1245 4410 ‹‹
1297 4361 1394 4414 Διά
1438 4361 1490 4415 τί
1542 4360 1625 4429 σὺ,
1684 4358 1973 4439 ἄνφριιιπος

321 4443 417 4517 ὤν,
467 4451 642 4509 ποιεῖς
703 4447 921 4503 σεαυτόν
972 4452 1082 4523 (58)
1131 4449 1303 4518 Θεόνς
1358 4475 1385 4500 ›)
1443 4449 1533 4505 ὅτε
1586 4451 1698 4519 καὶ,
1758 4453 1826 4506 τὰ
1879 4456 1975 4506 τοῦ

324 4534 639 4607 Πνεύματος
730 4537 1139 4615 μεταφέροντες,
1227 4534 1620 4614 ἐϐλασφήμουν
1705 4539 1973 4616 λέγοντες,

2077 3469 2180 3538 tia,
2214 3469 2551 3525 istiusmodi
2581 3485 2778 3525 rerum
2819 3487 3004 3525 canax
3048 3471 3126 3526 sit
3175 3487 3187 3527 :
3236 3476 3293 3526 et
3341 3471 3412 3540 si,
3457 3473 3552 3544 qui
3604 3474 3736 3530 talis

2076 3558 2432 3621 est,diversae
2460 3561 2768 3627 naturas-,et
2796 3557 2995 3615 aliena
3030 3560 3374 3615 substantia:
3407 3561 3501 3627 sit,
3534 3566 3590 3617 et
3617 3579 3734 3619 non

2075 3648 2269 3719 potius
2324 3647 2477 3702 Patri
2510 3646 3048 3703 consubstantialis.
3085 3648 3419 3704 Cavendum
3449 3652 3625 3722 enim,
3662 3669 3732 3706 ne

2074 3754 2200 3808 quae
2225 3736 2410 3790 Patris
2432 3737 2668 3807 propria
2691 3741 2831 3791 sunt
2852 3739 3272 3793 transferentes
3303 3739 3374 3793 ad
3398 3738 3726 3811 illud,quod

2072 3826 2124 3881 ei
2149 3825 2483 3880 substantia
2507 3825 2794 3880 dissimile
2823 3830 2930 3893 est,
2964 3831 3020 3880 et
3050 3843 3122 3882 ne
3171 3828 3229 3881 in
3281 3844 3348 3884 eo
3400 3829 3498 3899 qui
3547 3829 3725 3885 dissi-

2071 3914 2231 3970 milis
2260 3918 2488 3983 natura,
2520 3918 2577 3969 et
2600 3913 2826 3969 alienus
2857 3916 3187 3970 substantia
3218 3921 3324 3971 est.
3358 3916 3549 3973 Patris
3580 3917 3727 3972 divi-

2072 4004 2315 4058 nitatem
2349 4002 2741 4074 designantes,
2782 4008 3116 4059 extraneam
3164 4003 3339 4060 aliam
3372 4006 3722 4061 inducamus

2075 4091 2701 4164 substantiam,primss
2729 4093 3071 4148 substantiae
3103 4094 3523 4165 proprietatum
3557 4110 3729 4166 capa-

2078 4198 2203 4237 cem
2238 4198 2250 4235 :
2288 4182 2627 4253 pudoreque
2660 4181 2989 4236 efﬁciamur
3028 4182 3099 4236 ab
3142 4182 3269 4253 ipso
3314 4184 3429 4239 Deo
3479 4184 3733 4255 dicente,

2081 4271 2373 4327 «Gloriam
2410 4287 2599 4326 meam
2632 4270 2796 4325 alteri
2834 4287 2946 4325 non
2982 4270 3130 4327 dabo
3160 4272 3741 4343 ",uetdeprehenda-

2084 4356 2219 4415 mur
2248 4359 2503 4415 alienum
2540 4360 2802 4428 adorare,
2835 4359 3099 4431 talesque
3144 4360 3483 4429 habeamur,
3536 4363 3740 4434 quales

2086 4450 2224 4505 olim
2251 4450 2408 4504 fuere
2427 4449 2741 4515 Judaei,qui
2768 4449 3030 4504 aiebant:
3051 4451 3246 4505 61οα
3266 4452 3452 4518 Quare
3476 4453 3743 4522 tu,bomo

2088 4556 2221 4594 cum
2255 4540 2358 4606 sis,
2384 4539 2529 4594 facis
2559 4538 2814 4610 teipsum
2848 4538 3031 4594 Deum
3061 4540 3149 4595 οιι
3179 4562 3206 4590 ››
3242 4557 3374 4597 cum
3407 4541 3494 4597 illi
3525 4559 3592 4599 ea
3622 4560 3746 4615 quze

327 4623 412 4679 ὅτι
448 4649 468 4674 α
501 4624 589 4678 Ἐν
635 4620 970 4694 Βεελζεϐοὺλ
1022 4623 1280 4682 ἐκϐάλλει
1326 4628 1393 4683 τὰ
1442 4626 1716 4701 δαιμόνια,
1754 4653 1780 4681 ››
1818 4630 1889 4686 Εἰ
1923 4629 1967 4686 δὲ

2090 4629 2343 4700 Spiritus
2392 4632 2558 4682 erant
2605 4627 2718 4683 alio
2782 4628 3226 4702 transferentes8
3272 4630 3751 4703 blasphemarent

324 4717 489 4767 τοῦτο
520 4714 779 4788 ἀπρεπὲς,
814 4712 1008 4784 δῆλον,
1042 4715 1124 4771 ὅτι
1158 4720 1273 4790 (59)
1318 4717 1418 4772 οὐκ
1466 4718 1886 4791 ἀνομοιοούσιος
1921 4719 1978 4774 ἂν

401 4840 447 4875 ⁷⁵
478 4839 730 4914 Philipp.
764 4859 826 4907 ιι,
857 4844 910 4898 6.
1026 4844 1071 4879 ⁸ο
1104 4848 1267 4899 Deut.
1302 4862 1376 4910 νι,
1410 4847 1462 4900 4.

327 4928 488 4978 me,
520 4913 611 4968 25.
639 4913 648 4914 ί
687 4914 732 4949 ⁸⁵
764 4914 966 4969 Matth.
1003 4933 1079 4983 Ix,
1109 4917 1162 4971 5.

1576 4846 1619 4882 ⁸¹
1654 4847 1807 4903 Psal.
1841 4865 1990 4916 xux,
2021 4846 2071 4903 4.

2093 4720 2185 4777 his
2218 4719 2407 4774 verbis
2437 4735 2448 4772 :
2483 4741 2509 4767 ‹‹
2551 4718 2606 4771 [ιι
2640 4716 3040 4774 Beelzebulem
3073 4720 3236 4791 ejicit
3264 4722 3553 4776 daemonia
3601 4722 3665 4776 93.
3719 4742 3746 4770 ››

2186 4847 2233 4882 ⁸³
2265 4843 2416 4902 Psal.
2452 4861 2628 4913 cxvn,
2654 4846 2743 4898 27.
2858 4845 2904 4879 ⁸³
2932 4844 3088 4901 Psal.
3124 4862 3352 4913 Lxxxm,
3385 4847 3439 4901 8.
3559 4847 3605 4881 “
3639 4847 3751 4902 Isa.

1239 4916 1283 4951 ⁸⁵
1316 4917 1492 4973 Marc.
1527 4936 1586 4981 ιι,
1623 4920 1709 4974 11.
1785 4921 1828 4955 ⁸⁷
1864 4922 1880 4974 l
1910 4921 1967 4975 Ti

2097 4936 2136 4987 ι,
2173 4920 2256 4974 17.
2333 4917 2378 4952 ⁸⁸
2411 4914 2562 4972 Psal.
2598 4932 2762 4986 χχιιι,
2792 4917 2848 4970 7.
2938 4918 2985 4952 ⁸9
3019 4919 3159 4974 Dan.
3192 4934 3277 4987 ιιι,
3315 4918 3433 4974 100.
3531 4919 3575 4953 ³ο
3605 4918 3753 4975 Dan.

325 4999 432 5050 νιι,
468 4985 555 5039 14.
631 4987 676 5026 θι
713 4985 827 5041 lsa.
859 5003 1015 5056 XLIII,
1048 4988 1103 5041 8.
1181 4987 1227 5022 ⁰²
1256 4988 1423 5044 Joan.
1455 5007 1508 5053 x,
1539 4990 1628 5044 33.
1707 4992 1752 5026 ³³
1789 4991 1921 5047 Luc.
1953 5008 2033 5061 xx,
2068 4985 2154 5048 13.

407 5108 522 5179 (50)
571 5108 664 5164 Sic
696 5108 871 5184 editio
902 5112 1127 5184 comm.
1149 5111 1335 5184 Basil.
1380 5113 1701 5184 etiRegius
1733 5115 1995 5170 secunda
2103 5115 2352 5176 Comm.,
2384 5109 2560 5184 ὐμων.

333 5177 539 5264 manu,
570 5196 703 5236 nam
740 5177 1114 5264 primaﬁ'wo:
1148 5182 1340 5239 habet.
1377 5177 1629 5240 Felckm.
1680 5186 1734 5252 3,
1777 5186 1852 5248 ὡς
1882 5207 1994 5257 πη-

329 5256 435 5325 γῆς
452 5248 645 5325 γὸντρς,
682 5248 794 5308 non
833 5254 1008 5310 male.

405 5323 516 5396 (51)
552 5322 660 5396 Sic,
680 5325 817 5396 Reg.
854 5327 1031 5382 codex
1058 5331 1114 5382 et
1146 5325 1399 5380 Felckm.
1435 5326 1485 5381 3.
1523 5327 1670 5382 Edili
1703 5344 1858 5394 vero,
1903 5329 1995 5382 καὶ

335 5394 503 5469 πάλιν
538 5413 614 5469 τε.
647 5394 778 5453 Mox
810 5396 1065 5454 Felckm.
1096 5400 1151 5467 2,
1190 5396 1284 5469 μὶν
1314 5400 1413 5451 τοῦ
1445 5398 1594 5456 Υὶοῦ.
1629 5400 1777 5456 Editi
1802 5405 1859 5456 et
1886 5418 1992 5457 caa-

333 5466 468 5525 teri,
505 5465 600 5536 μὲν
632 5471 730 5520 τοῦ
761 5472 914 5522 Θεοῦ.

409 5539 522 5610 (52)
580 5540 955 5596 Felckmanni
1005 5542 1058 5609 3,
1116 5537 1412 5619 Ἀφέωνταί
1484 5562 1568 5594 σοι
1623 5543 1677 5595 αἱ
1737 5543 1994 5617 ὁμαρτίαι

342 5626 459 5663 σοι).

407 5681 523 5750 (53)
553 5681 646 5738 Sic
693 5685 910 5759 Regius
963 5690 1020 5739 et
1071 5684 1443 5740 Felckmanni
1493 5685 1546 5741 3.
1597 5686 1773 5758 Editi,
1835 5683 1996 5763 ἔγρα-

343 5771 456 5827 φεν.

416 5823 529 5894 (54)
564 5830 649 5882 Ita
679 5827 914 5900 Regius,
950 5827 1126 5884 Basil.
1160 5831 1217 5884 et
1245 5827 1385 5883 edit.
1440 5828 1617 5884 Paris.
1668 5830 1822 5886 Edit.
1866 5848 1999 5888 vero

2175 5187 2289 5255 (55)
2324 5177 2773 5256 Regiuscodex,
2804 5177 3159 5256 λογισάμεθα.

2177 5254 2286 5330 (56)
2323 5254 2645 5330 ζιιιᾘεςὶιιε
2676 5258 2855 5330 atque
2886 5254 2970 5310 Sic
3003 5254 3412 5330 scribendum,
3463 5256 3764 5330 similiter-

2106 5323 2218 5400 que
2252 5323 2405 5400 infra
2435 5323 2872 5400 ἀνομοιοούῇιον,
2909 5323 3456 5400 είᾼᾶλλοτριοουσῖιρ.
3491 5326 3769 5395 Εάἱί.,ἀλ-

2106 5395 2472 5469 λοτοιούσιον,
2508 5395 2920 5469 ἀνομοιούσιον,
2957 5395 3726 5472 ἀλλοτριουσίῳ,Ἵωεηόοεϐ.

2176 5473 2291 5543 (57)
2322 5470 2415 5525 Sic
2458 5485 2664 5525 omnes
2718 5470 3146 5543 manuscripti.
3191 5470 3341 5526 Editi
3392 5486 3550 5538 vero,
3600 5470 3770 5526 Πατέ-

2144 5564 2221 5604 ος.

2109 5564 2290 5688 ξοῗ58)
2315 5611 2566 5688 Eelckm.
2602 5612 2659 5688 3,
2694 5610 2901 5688 ἑαυτρν.
2940 5612 3084 5667 Ibid.
3120 5629 3323 5670 omnes
3354 5615 3773 5688 manuscripti,

2109 5686 2215 5742 ὅτε.
2250 5686 2400 5739 Edit.
2439 5699 2571 5739 vero
2606 5681 2917 5753 Paris,.8-:v..

2183 5759 2295 5829 (59)
2322 5758 2413 5812 Sic
2444 5759 2588 5829 Reg.
2623 5759 2679 5810 et
2708 5754 2972 5829 Felckm.
3006 5758 3056 5812 3.
3094 5756 3245 5829 Edit.
3291 5773 3451 5829 vero.
3480 5754 3776 5827 δηλονότι.

2125 5826 2271 5888 Ibid.
2308 5834 2470 5903 Reg.,
2504 5826 2954 5900 ἀνομοιοούσιος.
2986 5829 3160 5896 Editi,
3193 5827 3600 5903 ἆνομοιούσιος.
