4082 6344
279 463 397 522 785

1736 467 1833 524 DE
1880 467 2240 528 SYNODIS.

3575 466 3694 523 786

277 595 464 648 τέκνον
525 591 690 664 αὐτῷ,
727 616 756 643 ››
785 591 874 646 καὶ
932 592 1051 665 περῖ
1110 596 1207 646 τοῦ
1260 594 1380 648 υἱοῦ
1409 592 1465 649 δὲ
1493 603 1593 665 τῆς
1627 598 1829 672 χήρας,
1863 599 1919 653 ὃν

2049 601 2267 656 stantia!
2299 600 2562 667 dicatur;
2597 601 2720 671 sed,
2753 599 2885 653 licet
2912 598 3074 654 solus
3106 599 3204 667 sit,
3240 599 3348 653 erit
3389 603 3586 652 tamen
3640 603 3698 652 et

281 682 495 758 ἤγειρεν
546 681 605 736 ἐκ
651 685 852 756 νεκρῶν
905 682 932 734 ὁ
976 681 1197 756 Κύριος,
1224 682 1305 737 ὅτι
1338 685 1426 738 καὶ
1460 684 1620 747 αὐτὸς
1653 685 1750 740 οὐκ
1783 688 1927 762 εἶγεν

285 771 560 848 ἀδελφὸν,
618 769 764 826 ἀλλά
844 773 1141 846 μονογενής
1209 772 1274 839 ἦν
1312 793 1324 806 ’
1387 775 1487 847 ἄρα
1536 778 1646 847 (68)
1706 776 1804 830 οὐκ
1861 775 1929 842 ἦν

284 860 582 933 ὁμοούσιος
633 856 858 921 ἕκαστος
915 859 1088 913 αὐτῶν
1147 865 1225 932 τῷ
1277 863 1633 935 γενννςσαντι;
1675 865 1765 918 καὶ
1826 867 1932 937 μὴν

283 951 441 1018 ἦσαν’
468 950 624 1004 τέκνα
679 949 778 1024 γὰρ
837 949 1112 1017 ἦσανοκαὶ
1176 954 1336 1004 τοῦτο
1384 953 1583 1006 τέκνων
1627 949 1763 1006 ’ἴδιόν
1819 954 1929 1007 ἐστι

282 1040 422 1115 πρὸς
453 1039 664 1114 γονέας.
699 1037 854 1092 Οὕτω
884 1037 972 1092 καὶ
998 1039 1089 1092 τὸν
1114 1043 1212 1094 τοῦ
1243 1045 1376 1093 Θεοῦ
1411 1042 1531 1096 Υἱὸν
1572 1040 1630 1096 ἐκ
1681 1049 1781 1111 τῆς
1837 1043 1932 1097 οὖ-

286 1129 402 1190 σίας
435 1127 674 1190 εἴπόντες
701 1129 812 1202 (69)
844 1130 894 1182 οἱ
936 1128 1188 1202 Πατέρες,
1223 1129 1446 1192 εἰκότως
1495 1131 1583 1186 καὶ
1636 1131 1929 1204 ὁμοοῦσιον

285 1218 552 1291 εἰρήκασι·
586 1216 785 1287 ταύτην
817 1218 918 1292 γὰρ
964 1213 1078 1292 ἔχει
1134 1220 1223 1273 καὶ
1273 1219 1336 1273 τὸ
1391 1220 1717 1296 ἀπαύγασμα
1774 1219 1930 1276 δῦνα-

287 1329 378 1379 μιν
411 1307 545 1379 πρὸς
572 1307 635 1362 τὸ
666 1311 804 1384 φῶς.
837 1307 1063 1362 Ἔπεται
1109 1305 1164 1361 δὲ
1207 1307 1421 1371 τούτοις
1474 1308 1614 1382 μηδὲ
1669 1313 1767 1379 τήν
1824 1311 1930 1366 κτί-

285 1416 367 1449 σιν
400 1395 460 1450 ἐκ
486 1400 584 1450 τοῦ
614 1397 690 1468 μὴ
748 1389 905 1458 ὄντος
959 1396 1251 1472 γεγονέναι.
1286 1399 1356 1454 Οἱ
1411 1399 1510 1474 γὰρ
1568 1401 1704 1454 κατὰ
1756 1402 1931 1462 πάθος

283 1490 574 1560 γεννῶντες
599 1487 895 1561 ἅνθρωποι,
930 1485 1079 1540 αὐτοῖ
1111 1487 1199 1540 καὶ
1230 1488 1330 1556 τὴν
1379 1487 1740 1561 ὑποκειμένην
1790 1488 1926 1558 ὕλην

285 1575 616 1648 ἐργάζονται,
644 1575 734 1628 καὶ
784 1573 971 1636 ἄλλως
1014 1574 1112 1629 οὐκ
1155 1574 1214 1629 ἂν
1261 1574 1506 1631 δύναιντο
1539 1584 1735 1632 ποιεῖν’
1774 1578 1818 1632 εἰ
1874 1575 1932 1632 δὲ

280 1665 344 1718 τὸ
369 1663 567 1733 κτίζειν
598 1663 698 1718 οὐκ
746 1664 1098 1739 ἀνθρωπίνως
1143 1669 1371 1737 νοοῦμεν
1421 1665 1508 1721 ἐπὶ
1548 1672 1701 1734 Θεοῦ,
1734 1666 1931 1738 πολλῷ

287 1750 502 1825 μᾶλλον
537 1750 661 1807 οὐδὲ
689 1753 750 1807 τὸ
781 1758 965 1827 γεννᾷν
1000 1753 1353 1830 ἀνθρωπίνως
1401 1755 1592 1828 πρέπει
1637 1762 1779 1810 νοεῖν
1842 1756 1929 1810 ἐπὶ

284 1846 444 1910 Θεοῦ,
498 1839 622 1896 οὐδὲ
675 1843 738 1896 τὸ
798 1842 1092 1914 ὁμοοῦσιον
1169 1848 1494 1915 σωματικῶς
1552 1840 1930 1918 ἐκλαμϐάνειν,

284 1929 413 1984 ἀλλ’
439 1931 742 2006 ἀναχωρεῖν
786 1928 866 1984 δεῖ
900 1931 1005 1986 ἀπὸ
1042 1934 1152 2003 (70)
1199 1937 1306 1986 τῶν
1352 1935 1614 2007 γενητῶν,
1645 1935 1733 1988 καὶ
1793 1933 1928 1988 ἀπο-

280 2020 526 2082 τιθέντας
557 2021 704 2074 κάτω
735 2041 841 2073 που
888 2021 983 2081 τὰς
1031 2020 1367 2095 ἀνθρωπίνας
1429 2021 1638 2085 εἷκόνας
1686 2023 1774 2077 καὶ
1828 2023 1930 2077 πά-

283 2129 377 2170 σας
440 2108 628 2171 ἁπλῶς
676 2109 771 2172 τὰς
820 2109 1115 2181 αἰσθήσεις,
1148 2109 1348 2164 ἀνιέναι
1400 2110 1485 2164 ἐπὶ
1545 2113 1635 2166 τὸν
1692 2111 1924 2183 Πατέρα,

285 2198 361 2270 μὴ
414 2196 664 2271 λάθωμεν
726 2198 1076 2276 ἀφαιροῦντες
1104 2199 1196 2252 τὸν
1228 2201 1349 2253 Υἱὸν
1403 2201 1509 2254 ἀπὸ
1556 2205 1652 2256 τοῦ
1695 2203 1924 2278 Πατρὸς,

280 2283 372 2338 καὶ
401 2285 780 2360 προστιθέντες
811 2291 926 2347 τοῖς
953 2286 1143 2339 ἑαυτοῦ
1175 2287 1449 2359 κτίσμασι.

2040 691 2166 762 ipse
2197 690 2248 744 ei
2280 689 2378 761 qui
2410 705 2472 744 se
2502 689 2704 760 genuit
2734 687 3275 743 consubstantialis.
3301 685 3521 757 Alioqui
3553 687 3694 758 quid

2041 779 2361 835 dixerimus
2384 780 2455 834 de
2478 779 2596 833 filia
2617 778 2887 850 Jephthe,
2915 794 3042 848 quae
3071 777 3370 848 unigenita
3392 782 3551 832 erat:
3582 799 3601 824 ι
3634 781 3698 829 Et

2045 885 2157 923 non
2190 869 2462 938 habebat,
2499 890 2525 915 ››
2559 869 2660 931 ait,
2695 891 2721 917 «
2752 868 2896 922 alios
2931 867 3145 920 liberos
3177 866 3255 931 9‘;
3291 887 3317 913 ››
3351 869 3408 920 et
3456 866 3526 918 de
3577 864 3696 918 ﬁlio

2040 957 2228 1011 viduae
2260 974 2433 1028 quem
2468 957 2754 1011 Dominus
2789 974 2855 1010 ex
2888 955 3138 1010 mortuis
3170 953 3493 1021 suscitavit,
3515 953 3613 1023 qui
3645 958 3702 1007 et

2043 1047 2168 1116 ipse
2218 1046 2455 1101 fratrem
2490 1063 2603 1100 non
2641 1046 2906 1109 habebat,
2943 1045 3043 1099 sed
3075 1044 3415 1115 unigenitus
3446 1047 3571 1098 erat
3599 1043 3642 1076 9⁸
3677 1059 3689 1096 :

2043 1151 2115 1189 an
2151 1138 2396 1206 uterque
2429 1134 2480 1189 ei
2512 1134 2612 1205 qui
2643 1150 2703 1190 se
2734 1137 3016 1206 genuerat
3038 1129 3562 1188 consubstantialis
3584 1147 3699 1185 non

2041 1225 2206 1278 erat?
2257 1225 2436 1278 Erant
2483 1222 2677 1294 plane,
2729 1238 2863 1277 nam
2908 1221 3076 1276 liberi
3107 1225 3273 1276 erant
3307 1238 3319 1275 :
3351 1221 3529 1292 idque
3563 1235 3703 1291 pro—

2042 1312 2235 1383 prium
2269 1311 2467 1367 liberis
2496 1316 2584 1367 est
2611 1327 2748 1382 erga
2781 1314 3052 1382 parentes
3085 1327 3244 1365 suos.
3279 1309 3373 1364 Sic
3417 1325 3550 1364 cum
3598 1313 3705 1364 Pa-

2041 1407 2159 1456 tres
2209 1400 2305 1456 Dei
2361 1401 2571 1456 Filium
2623 1401 2773 1454 611
2812 1417 2879 1455 ex
2908 1401 3036 1470 ejus
3067 1398 3402 1454 substantia
3431 1397 3706 1468 dixerint,

2041 1491 2247 1545 merito
2271 1494 2327 1545 et
2365 1489 2926 1545 consubstantialem
2967 1488 3240 1543 dixerunt
3281 1503 3294 1542 :
3339 1487 3490 1542 hanc
3531 1485 3692 1541 enim

2040 1579 2152 1634 vim
2187 1583 2243 1634 et
2274 1579 2681 1651 proprietatem
2713 1579 2891 1634 habet
2922 1594 3152 1649 quoque
3183 1575 3462 1650 splendor
3490 1577 3562 1631 ad
3606 1575 3698 1630 lu-

2041 1685 2185 1723 cem.
2223 1669 2368 1723 Hinc
2400 1673 2594 1724 autem
2645 1671 2935 1739 sequitur,
2988 1684 3177 1739 neque
3226 1671 3450 1721 creatas
3503 1681 3595 1720 res
3638 1681 3707 1719 ex

2043 1774 2156 1811 non
2207 1757 2520 1812 exsistente
2560 1758 2742 1812 factas
2774 1773 2921 1812 esse.
2952 1755 3230 1810 Homines
3261 1755 3416 1809 enim
3452 1753 3562 1825 ipsi
3599 1753 3701 1824 qui

2041 1861 2175 1900 cum
2207 1845 2478 1917 passione
2509 1845 2707 1917 aliqua
2727 1845 3065 1918 gignunt,in
3095 1844 3436 1912 subjacente
3461 1842 3707 1896 materia

2041 1939 2377 2007 operantur,
2420 1951 2524 1990 nec
2565 1935 2736 1990 aliter
2773 1934 3095 2005 quidquam
3137 1932 3322 1987 facere
3385 1930 3702 2003 potuerint.

2045 2024 2206 2090 Quod
2235 2024 2283 2078 si
2313 2025 2549 2080 creandi
2584 2025 2826 2079 modum
2853 2025 2910 2078 in
2946 2023 3061 2093 Deo
3093 2039 3208 2076 non
3241 2021 3504 2075 humano
3539 2036 3699 2074 more

2037 2113 2446 2185 intelligimus,
2480 2112 2664 2168 multo
2699 2113 2893 2168 minus
2927 2110 3206 2184 gignendi
3234 2111 3294 2164 in
3326 2110 3452 2182 ipso
3485 2107 3704 2163 intelli-

2037 2219 2173 2274 gere
2209 2205 2463 2260 humano
2494 2221 2655 2259 more
2686 2205 3186 2274 debemus,neque
3217 2217 3492 2272 corporeo
3526 2200 3698 2255 modo

2040 2293 2539 2350 consubstantiale
2579 2294 2859 2366 accipere.
2903 2292 3015 2348 Sed
3076 2290 3467 2346 recedendum
3527 2288 3699 2344 nobis

280 2379 371 2430 est
399 2393 433 2430 a
463 2375 638 2430 rebus
671 2375 862 2440 factis,
895 2393 959 2430 ac
991 2377 1273 2447 depositis
1303 2378 1582 2436 humanis
1613 2379 2393 2454 imaginibus,omnibusque
2423 2384 2662 2439 omnino
2686 2379 3062 2450 sensibus,ad
3094 2381 3326 2436 Patrem
3357 2378 3696 2450 ascendere,

282 2463 557 2532 nezinscii
591 2463 804 2519 Filium
835 2482 868 2519 a
900 2469 1066 2521 Patre
1098 2467 1458 2536 auferamus,
1489 2485 1745 2540 eumque
1776 2471 1951 2527 rebus
1982 2489 2016 2528 a
2045 2489 2107 2528 se
2139 2472 2351 2528 creatis
2383 2473 2801 2545 adiungamus.

353 2555 442 2608 52.
472 2552 571 2608 Καὶ
607 2549 796 2614 ἄλλως
827 2549 905 2622 δὲ,
942 2552 990 2606 εἴ
1024 2554 1117 2626 μὲν
1155 2554 1362 2630 Πατέρα
1416 2557 1504 2610 καὶ
1565 2558 1687 2612 Υἶὸν
1718 2558 1924 2630 ὁμολο-

283 2645 528 2715 γοῦντες,
579 2638 674 2695 δύο
729 2643 879 2702 τινας
940 2643 1138 2717 ἀρχὰς,
1192 2643 1226 2711 ἢ
1287 2641 1382 2698 δύο
1440 2644 1625 2717 Θεοῦςλ
1688 2647 1928 2722 καθάπερ

286 2729 549 2804 Μαρκίων
607 2730 697 2784 καὶ
753 2729 1136 2798 Οὐαλεντῖνος,
1198 2732 1517 2808 λέγομεν,ἢ
1571 2733 1752 2812 ἕτερόν
1811 2758 1932 2790 τινα

283 2818 486 2894 τρόπον
534 2814 793 2887 θεότητος
831 2817 978 2894 ἔχειν
1015 2821 1106 2874 τὸν
1157 2822 1302 2890 Υἱὸν,
1335 2823 1423 2876 καὶ
1479 2825 1553 2896 μὴ
1605 2824 1786 2880 εἰκόνα
1841 2826 1930 2880 καὶ

285 2914 612 2983 ⁹χαρακτῆρα
639 2913 736 2962 τοῦ
762 2909 972 2983 Ηατρὸς
1005 2911 1134 2964 εἶναι
1166 2913 1257 2965 τὸν
1317 2913 1460 2984 Υίὸν,
1493 2911 1582 2967 διὰ
1626 2916 1687 2969 τὸ
1738 2915 1787 2984 ἐξ
1838 2915 1931 2970 αὐ-

283 3001 382 3050 τοῦ
441 2997 754 3075 πεφυκέναι’
803 2993 939 3052 ἔστω
991 2999 1272 3072 ἀνόμοιος’
1308 3000 1446 3070 ξέναι
1497 3004 1599 3077 γάρ
1652 3003 1754 3058 εἷ’σι
1797 3026 1931 3058 παν-

285 3085 510 3140 τάπασιν
546 3085 809 3157 ἀλλήλων
844 3088 897 3141 αἱ
926 3093 1170 3142 τοιαῦται
1201 3088 1396 3144 οὐσίαι·
1433 3091 1477 3144 εἰ
1511 3089 1567 3146 δὲ
1625 3092 1748 3165 μίαν
1783 3091 1934 3148 οἴδα-

291 3195 385 3246 μεν
445 3175 535 3229 καὶ
599 3175 769 3248 μόνην
818 3175 1046 3245 θεότητα
1093 3178 1191 3245 τὴν
1238 3182 1334 3232 τοῦ
1367 3181 1594 3254 Πατρὸς,
1624 3181 1819 3236 τούτου
1877 3203 1936 3236 τε

289 3264 464 3338 Λόγον
498 3265 584 3318 καὶ
622 3263 819 3341 Σοφίαν
857 3265 986 3319 εἶναι
1017 3266 1108 3319 τὸν
1143 3267 1290 3336 Υἱὸν,
1319 3268 1408 3321 καὶ
1459 3267 1600 3323 οὕτω
1647 3269 1936 3324 πιστεύον-

285 3373 373 3414 τις
433 3353 496 3407 οὐ
555 3351 784 3427 λέγομεν
839 3350 933 3407 δύο
965 3353 1148 3422 Θεοῦς,
1179 3357 1278 3425 τήν
1308 3377 1367 3410 τε
1398 3355 1622 3428 ἑνότητα
1650 3363 1746 3412 τοῦ
1804 3359 1931 3413 Υἱοῦ

288 3442 427 3516 πρὸς
481 3443 574 3496 τὸν
629 3442 841 3516 Πατέρα
898 3442 1005 3518 οὐχ
1064 3443 1324 3516 ὁμοιώσει
1385 3443 1753 3514 διδασκαλίας,
1786 3447 1932 3503 ἀλλά

244 3595 247 3598 _
288 3531 424 3585 κατά
480 3531 579 3598 τήν
642 3529 824 3584 οὐσίαν
879 3531 968 3585 καὶ
1025 3530 1256 3604 ἀληθείᾳ
1285 3537 1399 3606 (71)
1444 3534 1762 3610 φρονοῦμενο
1799 3537 1936 3591 ὥστε

291 3616 383 3673 διὰ
431 3623 592 3674 τοῦτο
654 3622 729 3691 μὴ
790 3619 967 3694 λέγειν
1015 3618 1113 3675 δύο
1148 3621 1334 3692 Θεοῦς,
1368 3620 1606 3678 ἀλλ’ἕνα
1637 3626 1787 3694 Θεὸν,
1817 3626 1934 3687 ένὸς

285 3705 441 3771 ὄντος
475 3706 654 3770 εἴδους
687 3708 961 3780 θεότητος,
998 3711 1071 3772 ὡς
1101 3705 1209 3765 ἔστι
1240 3712 1302 3765 τὸ
1353 3717 1466 3789 φῶς
1515 3713 1604 3767 καὶ
1655 3715 1716 3768 τὸ
1765 3713 1932 3769 ἀπαύ-

285 3816 494 3872 γασμαο
523 3802 684 3852 τοῦτο
743 3799 843 3874 γὰρ
898 3794 1052 3876 ὤφθη
1111 3803 1191 3871 τῷ
1243 3802 1562 3876 πατριάρχῃ
1595 3798 1813 3874 Ἰακὼϐ,
1845 3801 1934 3857 καί

284 3907 448 3964 φησιν
481 3888 516 3955 ἡ
552 3889 757 3963 Γραφή·
793 3911 821 3939 ‹‹
854 3886 1120 3944 Ἀνέτειλε
1178 3886 1235 3943 δὲ
1292 3888 1437 3962 αὐτῷ
1488 3892 1515 3944 ὁ
1558 3889 1740 3961 ἥλιος,
1773 3892 1936 3961 ἡνίκα

284 3973 532 4051 παρῆλθε
576 3975 636 4030 τὸ
687 3972 828 4039 εἶδος
874 3981 974 4031 τοῦ
1022 3981 1176 4032 Θεοῦ·
1212 3978 1364 4032 »καὶ
1415 3981 1530 4053 (72)
1578 3984 1737 4034 τοῦτο
1795 3982 1930 4035 θεω-

288 4068 505 4139 ροῦντες
535 4064 588 4118 οἱ
621 4065 762 4140 ἅγιοι
823 4073 1101 4142 προφῆται
1157 4068 1242 4121 καὶ
1294 4071 1558 4138 νοοῦντες,
1586 4069 1731 4132 τίνος
1791 4068 1930 4125 ἐστὶν

288 4153 411 4216 Υἱὸς
466 4155 554 4207 καὶ
612 4153 789 4222 εἰκὼν,
841 4152 1060 4230 ἔλεγον’
1114 4180 1134 4208 α
1195 4157 1440 4230 Ἐγένετο
1498 4153 1677 4234 Λόγος
1730 4159 1931 4234 Κυρίου

289 4243 426 4312 πρὸς
458 4242 542 4315 μέ.
580 4265 609 4293 ››
636 4243 998 4307 Γινώσκοντες
1027 4246 1140 4319 (73)
1166 4245 1256 4300 τὸν
1291 4244 1342 4301 ἐν
1377 4247 1526 4320 αὐτῷ
1559 4247 1930 4324 θεωρούμενον

289 4331 378 4386 καὶ
465 4330 986 4405 ἀποκαλυπτόμενον
1082 4336 1294 4411 Πατέρα
1327 4357 1338 4370 ο
1417 4334 1673 4413 ἐθάρρουν
1763 4337 1928 4393 εἰπεῖν

289 4443 318 4472 ‹‹
352 4422 525 4496 Ὠφθη
591 4443 684 4492 μοι
743 4421 771 4474 ὁ
829 4421 960 4484 Θεὸς
1018 4427 1124 4478 τῶν
1185 4425 1430 4500 πατέρων
1485 4428 1669 4498 ἡμῶν,
1720 4428 1748 4481 ὁ
1802 4429 1932 4491 Θεὸς

289 4501 558 4582 Ἀϐραὰμ,
601 4507 688 4562 καί
747 4511 860 4581 (74)
893 4510 1072 4567 Ἰσαὰκ
1127 4511 1218 4566 καὶ
1259 4507 1473 4570 Ἰακώϐ.
1539 4539 1560 4566 ι
1616 4514 1820 4569 Τούτου
1875 4515 1933 4572 δὲ

289 4594 463 4658 οὕτως
521 4592 698 4663 ὄντος,
733 4595 820 4652 διὰ
873 4598 928 4652 τί
985 4602 1074 4654 τὸν
1134 4597 1226 4655 ἕνα
1275 4597 1402 4656 ὄντα
1432 4604 1570 4679 πρὸς
1601 4605 1692 4658 τὸν
1718 4605 1933 4681 Πατέρα

287 4684 376 4738 καὶ
438 4681 780 4762 φαινόμενον,
814 4688 887 4749 ὡς
945 4687 1083 4744 ἔστιν
1137 4690 1165 4744 ὁ
1229 4693 1414 4768 Πατὴρ
1448 4695 1582 4766 (75),
1643 4694 1779 4749 κατά
1830 4696 1929 4764 τήν

2109 2563 2199 2617 52.
2259 2562 2517 2618 Rursum
2576 2562 2625 2618 si
2685 2566 2914 2617 Patrem
2974 2565 3030 2616 et
3081 2559 3288 2614 Filium
3330 2558 3700 2614 conﬁtentes:

2039 2651 2156 2706 duo
2183 2651 2488 2722 principia,
2520 2655 2621 2705 aut
2651 2651 2800 2705 duos
2829 2649 2976 2705 Deos
3005 2649 3279 2715 dicimus,
3311 2647 3697 2719 quemadmo-

2042 2741 2180 2795 dum
2214 2741 2470 2796 Marcion
2504 2744 2560 2796 et
2589 2739 2968 2806 Valentinus;
3003 2743 3104 2794 aut
3132 2736 3693 2808 Filium,quemdam

2044 2830 2225 2885 alium
2259 2829 2580 2884 divinitatis
2613 2829 2854 2884 modum
2889 2829 3127 2897 habere,
3161 2832 3218 2882 et
3247 2843 3363 2882 non
3394 2841 3523 2881 esse
3555 2825 3699 2880 ima-

2043 2919 2239 2991 ginem
2268 2924 2326 2974 et
2356 2919 2606 2989 ﬁguram
2634 2918 3019 2989 Patris,quod
3053 2934 3122 2973 ex
3150 2916 3278 2988 ipso
3309 2915 3545 2987 genitus
3575 2913 3651 2969 sit
3685 2931 3697 2968 :

2043 3013 2163 3063 esto
2195 3008 2538 3075 dissimilis;
2569 3024 2705 3062 nam
2738 3007 2938 3063 aliena:
2971 3007 3122 3062 inter
3152 3023 3215 3060 se
3265 3021 3506 3076 prorsus
3559 3008 3702 3058 sunt

2046 3095 2384 3152 istiusmodi
2434 3095 2798 3151 substantiae.
2832 3095 2995 3158 Quod
3024 3093 3074 3149 si
3107 3110 3287 3148 unam
3321 3091 3702 3164 agnoscimus

2044 3190 2100 3241 et
2129 3185 2314 3240 solam
2355 3185 2543 3240 Patris
2582 3184 2972 3255 divinitatem,
3013 3183 3315 3255 hujusque
3352 3181 3609 3238 Verbum
3650 3184 3706 3237 et

2046 3273 2406 3345 Sapientiam
2439 3273 2649 3328 Filium
2682 3290 2827 3343 esse,
2861 3277 2918 3328 et
2948 3272 3058 3328 hoc
3089 3273 3416 3338 credentes,
3441 3271 3587 3326 duos
3617 3274 3703 3325 ta-

2047 3379 2180 3418 men
2205 3363 2352 3418 Deos
2384 3362 2629 3418 minime
2659 3361 2932 3429 dicimus,
2969 3358 3374 3431 unitatemque
3406 3357 3536 3414 Filii
3568 3375 3702 3413 cum

2047 3453 2212 3507 Patre
2251 3468 2366 3506 non
2408 3451 2687 3506 doctrinas
2739 3449 3152 3519 similitudine,
3213 3450 3315 3505 sed
3375 3448 3701 3504 secundum

2045 3541 2462 3610 substantiam,
2493 3545 2550 3596 et
2580 3558 2777 3596 revera
2806 3539 3124 3598 consistere
3156 3537 3472 3606 sentimus,
3516 3537 3597 3593 ita
3637 3541 3702 3593 ut

2043 3634 2350 3703 propterea
2377 3646 2492 3684 non
2524 3631 2672 3686 duos
2703 3635 2871 3701 Deos,
2902 3630 3004 3686 sed
3035 3645 3220 3684 unum
3251 3628 3540 3696 dicamus,
3564 3641 3701 3683 cum

2047 3738 2164 3776 una
2196 3719 2272 3774 sit
2302 3719 2524 3791 species
2553 3719 2898 3786 divinitatis,
2933 3727 2993 3773 ut
3024 3722 3113 3773 est
3141 3716 3242 3772 lux
3281 3722 3339 3772 et
3379 3715 3658 3788 splendor
3686 3741 3700 3784 ;

2045 3809 2146 3865 illa
2175 3809 2331 3864 enim
2364 3810 2710 3882 patriarchae
2730 3809 2911 3865 Jacob
2932 3809 3061 3864 visa
3083 3811 3196 3876 est,
3219 3807 3414 3878 aitque
3442 3805 3704 3877 Scriptu-

2045 3916 2109 3955 ra
2142 3915 2154 3954 :
2190 3921 2218 3949 ‹‹
2250 3899 2424 3954 Ortus
2455 3903 2544 3954 est
2576 3903 2771 3955 autem
2805 3897 2889 3952 illi
2923 3898 3032 3968 sol,
3073 3901 3390 3968 postquam
3432 3893 3703 3950 transivit

2043 3987 2267 4059 species
2297 3987 2396 4043 Dei
2427 3988 2490 4042 9°.
2515 4009 2542 4039 »
2568 3988 2685 4044 Hoc
2707 4003 2842 4042 cum
2864 3986 3128 4042 viderent
3162 3983 3349 4041 sancti
3379 3982 3701 4055 prophetae,

2043 4093 2110 4132 ac
2141 4075 2534 4148 intelligerent
2566 4077 2878 4146 cujusnam
2920 4075 2996 4130 sit
3033 4073 3134 4128 ille
3174 4072 3357 4128 Filius
3396 4075 3453 4126 et
3484 4072 3698 4142 imago,

2044 4165 2314 4221 aiebant:
2346 4189 2366 4214 (ι
2397 4166 2635 4221 Factum
2657 4169 2746 4220 est
2764 4164 3021 4220 Verbum
3046 4161 3274 4217 Domini
3297 4161 3369 4216 ad
3393 4176 3485 4215 me
3507 4159 3691 4230 97-93,»

2044 4271 2296 4326 cumque
2325 4259 2556 4311 Patrem
2591 4255 2648 4309 in
2680 4271 2746 4310 eo
2777 4254 2968 4308 visum
3002 4251 3441 4321 revelatumque
3483 4265 3700 4322 cogno-

2043 4344 2540 4412 scerent,odenter
2561 4343 2836 4399 dicebant
2862 4358 2874 4395 :
2906 4363 2933 4392 «
2958 4340 3137 4395 Visus
3159 4344 3248 4394 est
3266 4338 3410 4393 mihi
3437 4339 3586 4394 Deus
3602 4356 3701 4409 pa-

2041 4438 2202 4489 trum
2225 4437 2741 4502 nostrorum,Deus
2762 4431 3146 4498 Abraham,et
3169 4429 3328 4485 Isaac
3348 4428 3698 4484 etJacobW.»

2043 4523 2189 4579 Cum
2229 4524 2411 4596 igitur
2454 4523 2533 4579 ita
2554 4539 2616 4578 se
2639 4539 2731 4578 res
2756 4521 2990 4591 habeat,
3013 4537 3118 4575 cur
3137 4535 3272 4575 eum
3296 4518 3397 4590 qui
3421 4535 3573 4574 unus
3611 4522 3701 4573 est

2042 4630 2178 4668 cum
2221 4617 2405 4678 Patre,
2440 4617 2497 4668 et
2526 4611 2661 4668 talis
2683 4615 2926 4683 apparet
2947 4609 3136 4681 qualis
3158 4613 3248 4663 est
3272 4611 3463 4673 Pater,
3489 4623 3696 4662 secun-

2042 4701 2184 4756 dum
2217 4701 2668 4756 similitudinem
2701 4705 2876 4771 atque
2907 4714 3084 4752 unam
3113 4696 3500 4763 divinitatem,
3531 4710 3697 4748 vere-

289 4774 592 4865 ομοιότητα
647 4776 736 4865 καὶ
799 4777 928 4848 μίαν
1011 4778 1260 4850 θεότητα,
1315 4776 1691 4855 εὐλαϐώμεθα
1762 4782 1930 4840 εἰπεῖν

2049 4806 2176 4845 mur
2206 4791 2396 4846 dicere
2429 4787 2995 4846 consubstantialem
3016 4787 3043 4842 ?
3074 4786 3134 4841 Si
3178 4785 3356 4851 enim,
3409 4785 3695 4854 quemad-

288 4864 583 4934 ὁμοοῦσιον
613 4884 625 4933 ;
659 4864 728 4919 Εἴ
760 4867 854 4938 μὲν
879 4866 1003 4942 γὰρ,
1038 4869 1217 4945 ὥσπερ
1250 4865 1460 4946 εἴρηται
1505 4870 1800 4943 πολλάκις,
1834 4873 1933 4930 οὐκ

289 4946 522 5026 ἔχειτὴν
557 4950 807 5024 ἰδιότητα
850 4961 950 5024 τῆς
988 4961 1258 5031 πατρικῆς
1292 4957 1496 5028 οὐσίας,
1521 4957 1645 5015 οὐδὲ
1691 4964 1788 5032 τὴν
1831 4962 1933 5036 ἐμ-

289 5042 504 5118 φέρειαν
550 5042 627 5104 ὡς
678 5043 823 5116 Υἱὸς,
876 5041 1059 5108 καλῶς
1117 5042 1492 5121 εὐλαϐοῦμεθα
1520 5070 1532 5082 ·
1567 5049 1611 5104 εἶ
1669 5047 1726 5106 δὲ
1770 5051 1931 5107 τοῦτό

294 5159 574 5288 “19“.Lud.
603 5178 684 5230 x1,
717 5162 805 5218 34.
920 5164 963 5198 9⁵
992 5168 1127 5221 Luc.
1158 5183 1260 5236 vn,
1296 5167 1380 5221 12.

369 5273 382 5299 ’
421 5273 504 5287 ινα

512 5347 765 5428 Eelckm.
793 5353 851 5428 _3,
879 5349 1007 5428 ῥὶρα.

387 5419 494 5513 6%)—
507 5419 847 5513 Ξςὶοξςξῐιέβ,
874 5419 933 5479 ἐκ
962 5428 1086 5513 ,τῆς
1131 5425 1312 5513 οὐσίας
1361 5431 1482 5513 τοῦ.
1506 5428 1936 5513 Ιῐατρὸςηξῖπόν-

293 5509 402 5578 τες.
439 5491 613 5575 lni‘ra.
642 5493 797 5578 idem
826 5491 1008 5578 post“
1031 5498 1300 5574 εἰρήκασι,
1351 5491 1678 5576 subjungit,
1710 5504 1935 5560 Ἕπεται

298 5557 376 5624 δέ,
411 5563 649 5620 omissis
680 5557 1066 5626 intermediis.

307 5702 321 5720 ,
367 5635 480 5705 (70)
512 5634 604 5720 Sic
659 5637 883 5720 Regius
906 5642 1491 5720 _code;:_li_‘elckman.
1539 5662 1678 5720 vero
1727 5648 1780 5714 3,
1815 5643 1939 5720 ἀλλ’

297 5707 603 5795 ἀναχωρεῖν
665 5707 790 5767 ἀπό.
843 5713 1018 5782 Editi,
1069 5710 1193 5768 ἀλλ’
1241 5715 1480 5788 omisso,
1527 5707 1832 5795 ἀναχωρεῖν
1883 5713 1940 5772 δὶ

296 5793 425 5832 απο.
497 5843 510 5856 .

1493 5168 1537 5203 ³⁸
1565 5171 1708 5226 Gen.
1740 5187 1915 5243 χχιιι,
1943 5172 2008 5227 31

2043 4879 2283 4933 modum
2320 4879 2536 4950 saepius
2567 4877 2791 4932 dictum
2823 4879 2931 4942 est,
2964 4874 3188 4930 nullam
3222 4872 3395 4927 habet
3424 4875 3488 4926 ut
3517 4869 3695 4924 Filius

2043 4967 2460 5040 proprietatem
2487 4965 3006 5023 similitudinemve
3019 4979 3151 5018 cum
3166 4965 3408 5033 paterna
3420 4961 3698 5016 substan-

2046 5055 2148 5124 tia,
2180 5074 2248 5113 ea
2275 5074 2412 5114 voce
2443 5056 2527 5112 uti
2559 5060 2712 5112 recte
2742 5069 3027 5112 veremur.
3072 5051 3172 5105 Sin
3223 5054 3418 5106 autem
3467 5048 3564 5105 ille
3611 5051 3700 5105 est

2132 5173 2250 5214 ’ν’-⁸³⁸
2282 5175 2393 5230 Isa.
2426 5189 2661 5240 xxxvm,
2698 5173 2759 5239 4;
2795 5170 2910 5226 Jer.
2947 5187 2983 5234 1,
3017 5171 3070 5236 2,
3105 5168 3155 5235 4,
3194 5168 3410 5234 11,etc.
3447 5167 3489 5202 ⁹⁹
3518 5165 3698 5222 Exod.

2127 5362 2238 5432 (71)
2269 5362 2520 5432 Felckm.
2557 5362 2609 5426 3,
2645 5357 2920 5432 ἀλήθειαν.

2120 5423 2233 5503 (72)
2266 5434 2350 5487 Ita
2376 5423 2611 5503 Regius.
2646 5433 2709 5486 In
2740 5423 2915 5503 editis
2941 5443 3074 5482 vero
3104 5423 3407 5503 xaideest.

2120 5497 2232 5570 (73)
2267 5497 2519 5559 ΡαΙοΙίῐῦ.
2553 5504 2586 5556 3
2617 5503 2792 5558 habet
2819 5497 2906 5553 καί
2938 5503 3070 5553 ante
3098 5497 3474 5570 γινώσκοντες,

2123 5565 2232 5646 (74)
2268 5576 2353 5646 Ita
2385 5575 2600 5646 Regius
2647 5579 2704 5630 et
2730 5571 2980 5628 Felckm.
3009 5571 3061 5625 3.
3095 5565 3158 5624 I'n
3209 5569 3348 5624 edit.
3379 5565 3470 5620 καί
3530 5566 3693 5622 deest

2049 5651 2181 5701 ante
2213 5645 2407 5700 Ἰσαάκ.

2123 5719 2232 5787 (75)
2263 5717 2358 5773 Sic
2403 5714 2653 5787 Felckm.
2687 5717 2720 5770 3
2768 5722 2821 5769 et
2866 5712 3006 5787 edit.
3052 5711 3236 5768 Paris.
3271 5715 3344 5766 At
3386 5709 3601 5783 Regius
3633 5713 3692 5766 et

2049 5781 2188 5846 edit.
2216 5781 2444 5845 Comm.
2478 5786 2552 5848 ὡς
2579 5782 2714 5858 ἔστι,
2745 5784 2976 5860 Πατέρα.
