4082 6340
316 433 433 493 787

857 431 923 493 S.
971 432 1391 492 ATHANASII
1437 434 1609 494 OPP.
1656 433 1857 494 PARS
1901 435 1947 493 Ι.
1989 467 2055 478 -
2091 433 2509 494 HISTORICA
2558 433 2658 493 ET
2705 431 3188 493 DUGMATICA.

3616 431 3739 493 788

320 565 510 622 Patris
532 564 767 639 propria
786 564 874 621 vis
894 565 1282 621 illuminatrix
1319 574 1375 621 et
1413 566 1679 633 creatrix,
1702 568 1829 623 sine
1860 584 1976 640 qua

2126 586 2203 619 στι
2261 565 2322 619 τὸ
2381 565 2704 643 (ρωτιστικὸν
2762 565 2852 619 καὶ
2902 562 3298 639 δημιουργικὸν
3348 565 3411 619 τὸ
3442 560 3740 620 ίδιαίτατον

322 671 428 711 nec
456 658 597 721 erat,
633 670 737 709 nec
766 654 1143 725 cognoscitur
1175 654 1394 723 (omnia
1442 656 1598 710 enim
1634 671 1735 728 per
1782 656 1978 728 ipsum

322 748 379 798 et
431 744 489 798 in
524 743 651 815 ipso
679 741 1059 813 consistunt).
1089 760 1193 797 cur
1219 760 1339 798 rem
1368 742 1783 816 intelligentes,
1816 760 1981 799 recu-

324 848 527 887 samus
561 847 757 886 vocem
792 830 847 884 id
872 830 1303 902 significantem
1328 833 1624 903 proferre?
1645 833 1790 897 Quid
1824 833 1981 888 enim

324 925 415 976 est
438 919 700 990 ejusdem
731 922 951 973 naturae
986 937 1113 975 esse
1144 921 1316 991 cujus
1350 925 1540 989 Pater,
1576 920 1687 977 nisi
1720 940 1849 978 esse
1898 922 1982 978 illi

324 1006 854 1065 consubstantiale?
876 1013 999 1063 Non
1030 1010 1186 1065 enim
1208 1010 1461 1066 alienum
1489 1016 1637 1067 Deus
1654 1011 1829 1067 veluti
1876 1012 1985 1067 mi-

324 1097 509 1153 nistro
567 1113 745 1170 egens
810 1097 1019 1153 Filium
1079 1099 1450 1171 assumpsit;
1511 1118 1700 1173 neque
1756 1100 1989 1174 Opiﬁcia

324 1185 589 1242 Creatori
620 1189 762 1241 sunt
792 1186 1073 1257 dignitate
1103 1187 1286 1259 paria,
1321 1192 1385 1243 ut
1410 1189 1652 1260 perinde
1679 1187 1782 1245 illa
1811 1194 1986 1262 atque

325 1292 453 1347 ipse
475 1275 859 1343 honorantur,
885 1280 1004 1342 aut,
1033 1281 1094 1332 ut
1119 1280 1445 1349 putandum
1468 1278 1568 1351 sit,
1590 1295 1659 1333 ea
1679 1284 1734 1334 et
1758 1279 1986 1334 Patrem

328 1380 510 1420 unum
545 1380 694 1420 csse.
724 1363 1001 1437 Alioquin
1034 1364 1190 1421 ausit
1219 1367 1352 1437 quis
1375 1365 1495 1423 haec
1519 1367 1794 1434 dividere,
1813 1384 1879 1423 ac
1901 1367 1987 1422 di-

330 1470 457 1509 cere
489 1451 672 1508 solem
699 1457 755 1508 et
776 1452 1147 1526 splendorem
1172 1456 1286 1511 duo
1310 1472 1437 1512 esse
1475 1456 1721 1523 lumina,
1761 1462 1864 1512 aut
1902 1455 1989 1511 di-

332 1558 566 1597 versam
600 1542 858 1613 aliquam
892 1544 1305 1615 substantiam,
1334 1550 1434 1600 aut
1456 1544 1827 1617 splendorem
1850 1544 1991 1601 solis

335 1631 607 1688 accidens
647 1648 797 1703 esse,
838 1637 895 1687 et
935 1650 1050 1688 non
1092 1633 1418 1707 simplicem
1459 1651 1525 1691 ac
1577 1652 1791 1707 purum
1850 1634 1993 1691 solis

336 1725 571 1793 partum
604 1740 616 1789 ;
658 1720 739 1776 ita
781 1725 845 1776 ut
884 1721 999 1777 duo
1040 1722 1279 1794 quidem
1317 1724 1437 1778 sint
1476 1722 1562 1779 sol
1602 1728 1658 1779 et
1696 1723 1991 1796 splendor,

337 1827 458 1864 una
487 1814 684 1865 tamen
717 1809 838 1877 lux,
871 1827 937 1865 eo
971 1812 1128 1882 quod
1163 1811 1258 1867 ille
1302 1829 1335 1868 a
1382 1813 1504 1868 sole
1552 1813 1795 1870 oriatur.
1846 1813 1994 1869 Cum

2089 659 2187 709 τοῦ
2220 653 2451 729 ΙΙατρὸς,
2483 652 2545 708 οὗ
2578 650 2699 707 ἄνευ
2750 650 2875 707 οὔτε
2924 651 3271 727 δημιουργεῖ,
3304 650 3426 708 οὗτε
3474 655 3739 728 γινώσκε-

2089 764 2176 798 ται
2226 743 2422 815 (πάντα
2477 743 2577 816 γὰρ
2629 739 2698 796 δι’
2735 743 2903 797 αὐτοῦ
2956 744 3044 797 καὶ
3088 741 3140 796 ἐν
3197 742 3345 814 αὐτῷ
3403 744 3738 815 συνέστηκι)’

2093 830 2182 887 διὰ
2211 832 2287 900 τί,
2315 830 2375 884 τὸ
2408 838 2636 907 πρᾶγμα
2674 834 2941 900 νοοῦντες,
2973 831 3381 907 παραιτούμεθα
3428 834 3528 900 τήν
3576 837 3741 888 τοῦτο

2093 920 2458 994 σημαίνουσαν
2520 918 2661 992 λέξιν
2735 920 2945 989 εἶπεῖν;
3001 919 3069 977 Τί
3124 922 3225 996 γάρ
3284 920 3394 975 ἐστι
3451 922 3513 976 τὸ
3566 922 3743 985 οὕτως

2096 1010 2333 1087 ὁμοφυὶς
2361 1014 2441 1081 τῷ
2476 1010 2646 1085 ΙῙατρὶ
2674 1010 2709 1079 ἢ
2742 1008 3035 1082 ὁμοούσιον
3068 1008 3269 1078 αὐτοῦς
3304 1010 3376 1064 Οὐ
3425 1011 3526 1087 γὰρ
3569 1009 3744 1067 ἀλλό-

2093 1119 2243 1175 τριον
2277 1100 2352 1160 ὡς
2387 1099 2659 1174 ὑπουργοῦ
2692 1096 2950 1172 δεόμενος
2988 1093 3356 1175 προσελάϐετο
3400 1100 3429 1153 ὁ
3477 1100 3607 1162 Θεὸς
3654 1100 3747 1154 τὸν

2096 1189 2242 1256 Υἱὸν,
2272 1185 2397 1242 οὐδὲ
2450 1189 2518 1241 τά
2570 1190 2854 1261 ποιήματα
2907 1186 3084 1258 ίσάξια
3130 1192 3226 1243 τοῦ
3272 1186 3574 1261 κτίσαντος,
3609 1190 3746 1244 ὥστε

2095 1279 2354 1350 τιμᾶσθαι
2412 1281 2579 1331 ταῦτα
2631 1277 2708 1338 ὡς
2765 1276 2988 1349 ἐκεῖνον,
3140 1277 3407 1350 νομίζειν,
3437 1277 3521 1333 ὅτι
3578 1281 3745 1333 ταῦτα

2096 1366 2187 1420 καὶ
2219 1367 2246 1420 ὁ
2274 1366 2465 1441 Πατὴρ
2494 1362 2548 1419 ἓν
2583 1364 2737 1423 εἶ’σιν.
2767 1366 2837 1421 ’Ἡ
2883 1363 3220 1438 τολμησάτω
3263 1387 3346 1429 τις
3402 1364 3624 1435 διελεῖν,
3655 1367 3746 1421 καὶ

2101 1456 2293 1523 εἰπεῖν,
2320 1451 2415 1510 δύο
2457 1458 2609 1529 φῶτα
2633 1455 2764 1509 εἶναι
2793 1453 2886 1509 τὸν
2931 1455 3091 1523 ἥλιον
3143 1453 3231 1509 καὶ
3275 1455 3338 1509 τὸ
3393 1453 3745 1530 ἀπαύγασμα,

2100 1545 2135 1614 ἢ
2170 1546 2352 1620 ἑτέραν
2406 1543 2529 1598 τινὰ
2583 1544 2710 1598 εἶναι
2763 1539 3025 1613 οὸσίαν,ἢ
3086 1542 3168 1597 ὅτι
3224 1538 3634 1616 ἐπισυμϐἐϐηκε
3687 1544 3749 1598 τὸ

2102 1633 2451 1708 ἀπαύγασμα,
2486 1633 2572 1687 καὶ
2635 1633 2711 1705 μὴ
2774 1633 2982 1687 άπλοῦν
3041 1633 3174 1687 εἶναι
3220 1632 3313 1687 καὶ
3351 1634 3581 1709 καθαρὸν
3638 1632 3753 1708 γὲν-

2103 1743 2253 1796 νημα
2285 1720 2344 1777 ἐκ
2371 1726 2468 1777 τοῦ
2499 1720 2665 1791 ἡλίου
2712 1725 2893 1776 τοῦτο·
2930 1722 3066 1777 ὥστε
3114 1718 3211 1776 δύο
3250 1722 3345 1795 μὲν
3398 1723 3530 1777 εἶναι
3587 1720 3747 1791 ἥλιον

2104 1814 2193 1870 καὶ
2246 1811 2595 1887 ἀπαύγασμα,
2624 1811 2678 1866 ἓν
2742 1808 2799 1866 δὲ
2851 1811 2915 1866 τὸ
2971 1815 3110 1888 φῶς,
3144 1808 3232 1866 διά
3275 1811 3339 1866 τὸ
3372 1810 3431 1866 ἰκ
3458 1815 3553 1866 τοῦ
3584 1811 3752 1880 ἡλίου

337 1899 686 1969 διῇιιεωοιὶἱ
717 1900 815 1966 sit,
848 1898 966 1955 imo
991 1901 1181 1973 magis
1201 1900 1615 1974 inseparabilis
1639 1908 1849 1959 natura
1868 1902 1995 1958 Filii

2126 1903 2239 1957 ,ἶναι
2268 1905 2429 1956 τοῦτο
2456 1902 2719 1978 γέννημα.
2754 1902 3027 1971 Τοιαύτης
3058 1898 3117 1957 δί
3168 1898 3334 1970 οὔσης
3387 1901 3478 1955 καὶ
3540 1900 3752 1974 μᾶλλον

342 2004 375 2044 a
409 1988 597 2055 Patre,
631 1992 687 2043 et
716 2005 853 2044 cum
886 1989 1160 2045 divinitas
1192 1990 1336 2047 Filio
1381 2008 1497 2047 non
1548 1991 1846 2059 acciderit,
1896 1992 1998 2048 sed

2126 1990 2418 2063 ὶδιαιρέτου
2470 1993 2568 2059 τῆς
2616 1989 2824 2067 φύσεως
2859 1994 2958 2045 τοῦ
3011 1990 3137 2044 rio?)
3164 1992 3277 2064 (76)
3308 1991 3445 2064 πρὸς
3494 1989 3585 2044 τὸν
3644 1995 3753 2045 [Ια-

336 2082 583 2148 paterna
634 2076 916 2133 divinitas
965 2078 1025 2132 in
1058 2077 1203 2134 Filio
1232 2080 1311 2136 sit
1343 2096 1355 2136 :
1391 2080 1472 2135 ita
1498 2088 1558 2135 ut
1588 2080 1689 2151 qui
1721 2081 1881 2136 videt
1911 2081 2001 2136 Fi-

340 2164 510 2234 lium,
532 2164 591 2220 in
623 2166 753 2237 ipso
780 2166 1009 2224 Patrem
1035 2167 1251 2239 videat,
1276 2186 1381 2225 cur
1401 2170 1502 2243 qui
1525 2169 1865 2243 hujusmodi
1890 2174 2001 2229 est.

346 2272 467 2311 non
502 2256 737 2312 dicatur
764 2257 1332 2316 consubstantialis?

417 2433 509 2489 53.
551 2433 654 2489 Sat
689 2435 928 2506 quidem
973 2436 1094 2493 hec
1126 2442 1288 2507 sunt,
1325 2456 1452 2511 quas
1489 2440 1653 2498 vobis
1693 2441 2005 2498 suadeant»

352 2525 417 2577 ut
447 2537 562 2576 non
595 2524 886 2581 accusetis
915 2542 1015 2581 eos
1046 2526 1147 2598 qui
1178 2526 1374 2584 dixere
1422 2527 1633 2585 Filium
1681 2546 1811 2587 esse
1849 2531 2011 2587 Patri

354 2610 943 2669 consubstantialem.
973 2615 1246 2671 Attamen
1274 2616 1463 2688 ipsam
1487 2617 2012 2676 consubstantialis

354 2715 556 2756 vocem
587 2703 915 2757 secundum
946 2720 1008 2759 se
1039 2704 1442 2778 explanamus,
1477 2713 1542 2762 ut
1579 2708 2012 2780 comperiamus

356 2793 558 2845 utrum
588 2788 709 2845 haec
749 2792 903 2848 012
936 2809 1061 2863 vox,
1094 2795 1638 2865 consubstantialis,
1673 2798 2014 2869 usurpanda

356 2879 453 2948 sit,
484 2882 540 2934 et
569 2877 618 2934 si
647 2879 879 2951 prepria
909 2881 986 2936 sit
1035 2882 1233 2953 dictio,
1285 2888 1459 2955 atque
1507 2892 1896 2957 congruenter
1943 2887 2016 2943 de

357 2966 502 3022 Filio
534 2967 789 3024 dicatur.
819 2968 962 3024 Nam
997 2970 1109 3041 ipsi
1140 2970 1401 3039 scitis,et
1430 2989 1602 3030 nemo
1634 2974 2011 3045 dubitaverit,

357 3054 551 3112 simile
574 3073 691 3112 non
712 3056 784 3112 de
805 3059 1175 3131 substantiis,
1190 3061 1291 3116 sed
1318 3062 1390 3117 de
1410 3062 1616 3134 ﬁguris
1635 3069 1690 3119 et
1711 3063 2016 3136 qualitati-

357 3145 470 3200 bus
502 3145 638 3201 dici.
671 3146 751 3201 De
781 3146 1135 3203 substantiis
1165 3150 1346 3218 enim,
1378 3164 1494 3206 non
1528 3152 1879 3222 similitudo,
1913 3153 2015 3209 sed

2110 2081 2258 2156 τέρα,
2300 2080 2391 2136 καὶ
2445 2079 2544 2135 οὐκ
2599 2074 2974 2153 ἐπιωμὸάσης
3029 2082 3129 2149 τῆς
3177 2079 3434 2150 θεότητος
3483 2078 3561 2152 τῷ
3617 2081 3749 2152 Υἱῷ,

2113 2169 2258 2227 ἀλλὰ
2285 2173 2383 2239 τῆς
2419 2176 2687 2244 πατρικῆς
2722 2170 2978 2240 θεότητος
3021 2166 3188 2239 οὔσης
3238 2168 3291 2224 ἐν
3337 2173 3419 2242 τῷ
3457 2169 3586 2242 Υἱῷ,
3615 2168 3753 2223 ὥστε

2111 2261 2203 2316 τὸν
2237 2258 2514 2336 ὶωρακότα
2536 2260 2626 2313 τὸν
2660 2258 2783 2313 Υἱὸν
2814 2258 2940 2332 ὁρᾷν
2987 2257 3038 2314 έν
3073 2257 3220 2330 αὐτῷ
3264 2259 3354 2313 τὸν
3403 2259 3638 2335 Πατέρα,
3667 2255 3757 2312 διὰ

2113 2348 2167 2404 τί
2198 2349 2227 2403 ὁ
2255 2352 2504 2410 τοιοῦτος
2530 2348 2606 2420 μὴ
2640 2344 2701 2401 ἃν
2734 2346 2955 2422 λέγοιτο
2986 2345 3276 2419 ὁμοούσιος
3306 2372 3321 2416 ς

2186 2440 2277 2495 53.
2310 2437 2461 2493 Ἐστι
2515 2437 2612 2509 μὲν
2670 2438 2785 2509 (77)
2841 2432 2931 2489 οὖν
2980 2435 3138 2490 ἱκανὰ
3187 2434 3278 2489 καὶ
3350 2438 3517 2490 ταῦτα
3572 2441 3758 2490 πεῖσαι

2120 2527 2279 2601 ὑμᾶς,
2325 2526 2401 2599 μὴ
2442 2530 2765 2601 κατηγορεῖν
2814 2528 2922 2579 τῶν
2970 2518 3287 2599 εἰρηκότων,
3342 2523 3636 2598 ὁμοούσιον
3688 2525 3763 2579 εἶ-

2118 2636 2202 2670 ναι
2233 2616 2326 2670 τὸν
2358 2614 2481 2669 Υἱὸν
2511 2619 2591 2686 τῷ
2621 2612 2809 2687 Πατρί·
2838 2620 2927 2668 καί
2962 2613 3128 2681 αὐτὴν
3189 2610 3246 2667 δὶ
3305 2613 3458 2685 ὅμως
3511 2614 3610 2682 τὴν
3667 2618 3765 2669 τοῦ

2120 2704 2423 2778 ὁμοουσίου
2480 2702 2624 2773 λὲξιν
2667 2704 2787 2766 καθ’
2835 2703 3027 2771 ἑαυτὴν
3088 2700 3565 2776 έξετάσωμεν,⁹ίνα
3620 2708 3766 2778 γνῶ-

2125 2813 2245 2866 μεν,
2277 2792 2323 2847 εί
2373 2792 2485 2867 χρὴ
2545 2790 2717 2866 λέγειν
2780 2791 2926 2853 ὅλως
2984 2790 3302 2863 ὁμοούσιον,
3357 2791 3450 2846 καὶ
3507 2792 3553 2847 εἰ
3606 2792 3767 2867 κυρία

2123 2879 2267 2955 λέξις
2296 2882 2428 2948 ἐστὶ,
2459 2881 2546 2935 καὶ
2594 2876 2944 2957 ἁρμοζόντως
2990 2879 3131 2935 ἐστὶν
3180 2879 3314 2950 αὕτη
3362 2878 3449 2935 ἐπὶ
3500 2882 3627 2936 Υἱοῦ
3674 2880 3767 2936 λε-

2123 2971 2359 3045 γομένη.
2389 2966 2588 3027 Οἴδατε
2616 2971 2719 3045 γὰρ
2750 2971 2836 3024 καὶ
2877 2971 3051 3042 ὑμεῖς.
3081 2967 3173 3023 καὶ
3205 2966 3321 3023 οὐδ’
3350 2966 3413 3024 ἄν
3460 2990 3546 3032 τις
3598 2970 3767 3045 ἀμφι-

2125 3054 2326 3114 ϐάλλοι
2360 3061 2493 3131 (78)ι
2528 3060 2610 3112 δτι
2640 3059 2702 3114 τὸ
2733 3057 2925 3131 ὅμοιον
2952 3058 3054 3113 οὐκ
3082 3056 3170 3112 ἐπὶ
3225 3061 3334 3113 τῶν
3388 3057 3609 3127 οὐσιῶν,
3639 3057 3768 3114 ἀλλ’

2126 3146 2214 3203 ἰπὶ
2246 3148 2547 3222 σχημάτων
2573 3146 2661 3201 καὶ
2692 3148 3002 3216 ποιοτήτων
3037 3145 3246 3221 λέγεται
3286 3145 3502 3219 ὅμοιον
3536 3146 3621 3202 ἐπὶ
3667 3148 3768 3223 γὰρ

357 3232 637 3289 identitas
676 3234 790 3290 dici
828 3236 1018 3292 debet.
1044 3240 1229 3293 Homo
1266 3238 1447 3309 igitur
1492 3240 1750 3297 hominis
1805 3242 2010 3298 similis

2126 3240 2234 3291 τῶν
2266 3236 2463 3291 οὐσιῶν
2492 3236 2601 3311 οὐχ
2630 3236 2919 3309 ὁμοιότης,
2953 3232 3101 3290 ἀλλὰ
3128 3234 3395 3306 ταυτότης
3426 3234 3487 3291 ἂν
3520 3233 3768 3310 λεχθείη.

363 3322 602 3390 dicitur,
626 3340 741 3378 non
764 3326 1092 3380 secundum
1113 3308 1533 3393 substantiam,
1557 3330 1659 3385 sed
1691 3332 2010 3386 secundum

2132 3326 2452 3401 ’Ἄνθρωπος
2506 3308 2633 3399 γούν
2694 3325 2961 3400 ἀνθρώπῳ
3017 3323 3212 3397 ὅμοιος
3255 3323 3486 3399 λέγεται,
3520 3308 3773 3380 οὐῄκατὰ

363 3410 636 3467 habitum
664 3416 722 3467 et
764 3412 1009 3483 ﬁguram
1045 3431 1058 3469 :
1093 3414 1249 3485 quod
1299 3415 1370 3470 ad
1419 3417 1814 3473 substantiam
1861 3418 2018 3475 enim

368 3498 633 3570 ejusdem
684 3506 903 3556 natura:
953 3508 1112 3558 sunt.
1147 3503 1404 3560 Rursum
1437 3505 1613 3562 homo
1644 3507 1774 3563 cani
1805 3523 2020 3580 nequa-

372 3604 551 3659 quam
582 3587 892 3645 dissimilis
921 3590 1152 3661 dicitur,
1185 3593 1285 3648 sed
1318 3593 1558 3650 diversa
1590 3601 1812 3651 naturis
1847 3612 2020 3668 :ergo

376 3676 531 3748 quod
561 3677 827 3748 ejusdem
878 3682 1099 3733 naturis
1146 3683 1255 3749 est,
1303 3681 1477 3737 etiam
1519 3683 2022 3740 consubstantiale

376 3768 468 3821 est
511 3782 525 3833 ;
581 3766 737 3837 quod
788 3766 1029 3822 diversa:
1080 3774 1321 3837 naturae,
1371 3771 1614 3828 diversas
1661 3774 1838 3829 etiam
1886 3774 2023 3830 sub-

376 3853 626 3910 stantia.
668 3856 1036 3928 Quaprqpter
1073 3857 1174 3928 qui
1214 3858 1357 3914 dicit
1392 3859 1649 3916 similem
1699 3862 2023 3918 secundum

378 3942 797 4013 substantiam,
847 3961 917 4000 ex
963 3946 1408 4018 participatione
1438 3947 1693 4005 similem
1715 3951 1859 4006 dicit
1890 3965 1903 4004 :
1940 3950 2024 4007 si-

376 4031 647 4089 militudo
676 4032 832 4089 enim
854 4038 945 4090 est
968 4034 1377 4107 qualitas,quaa
1397 4037 1745 4095 substantiae
1765 4039 2027 4095 accidere

377 4125 591 4191 potest.
644 4126 764 4178 Hoc
811 4127 1007 4179 autem
1055 4123 1305 4196 opiﬁciis
1364 4126 1666 4198 proprium
1706 4127 1917 4194 fuerit;
1959 4145 2029 4183 ea

380 4209 537 4265 enim
567 4227 636 4267 ex
664 4213 1109 4283 participatione
1129 4218 1243 4269 Deo
1265 4213 1483 4270 similia
1502 4216 1855 4272 efﬁciuntur.
1881 4216 2027 4272 Nam

386 4320 409 4351 ι
439 4315 598 4368 cum,
621 4301 771 4371 »ait,
804 4324 832 4353 (ι
865 4303 1204 4375 apparuerit
1230 4302 1347 4373 ille,
1376 4301 1598 4359 similes
1629 4303 1680 4360 ei
1709 4305 2029 4371 erimus‘,»

381 4388 608 4445 similes
638 4389 859 4446 scilicet
888 4408 1001 4447 non
1033 4392 1384 4459 substantia,
1434 4394 1535 4448 sed
1589 4391 1841 4449 ﬁliorum
1890 4394 2030 4450 ado-

382 4475 604 4548 ptione,
638 4494 813 4550 quam
844 4496 947 4550 per
975 4496 1109 4535 eum
1143 4480 1586 4553 participamus.
1608 4483 1665 4538 Si
1699 4482 1875 4553 igitur
1895 4498 2031 4539 eum

2127 3413 2226 3482 τήν
2285 3410 2664 3482 οὐσίαν,ἀλλά
2720 3414 2856 3468 κατὰ
2903 3412 2966 3468 τὸ
3023 3419 3217 3489 σχῆμα
3270 3412 3360 3469 καί
3389 3414 3480 3468 τὸν
3513 3415 3626 3485 (19)
3674 3432 3773 3487 χα-

2133 3503 2411 3576 ρακτῆραο
2469 3499 2537 3574 τῇ
2591 3501 2691 3575 γὰρ
2749 3500 2905 3573 οὐσίᾳ
2951 3502 3215 3579 ὁμοφυεῖς
3270 3500 3392 3557 sict.
3456 3501 3555 3555 Καὶ
3608 3499 3775 3556 πάλιν

2132 3587 2415 3664 ἅνθρωπος
2464 3588 2584 3643 κυνὶ
2634 3588 2732 3644 οὐκ
2788 3589 3048 3662 ἀνόμοιος
3088 3592 3201 3663 (80)
3233 3588 3470 3665 λέγεται,
3503 3588 3631 3645 ἀλλ’
3660 3590 3773 3644 ἓτε-

2133 3678 2361 3755 ροφυήςο
2396 3677 2593 3733 οὐκοῦν
2620 3678 2683 3732 τὸ
2719 3679 2812 3751 μὲν
2848 3678 3085 3752 ὁμοφυὶς
3127 3677 3216 3733 καὶ
3260 3678 3573 3751 ὁμοούσιον,
3601 3679 3665 3734 τὸ
3719 3675 3775 3733 δὲ

2132 3766 2414 3844 ὲτεροφυὶς
2445 3766 2535 3821 καὶ
2566 3766 3036 3843 ἐτεροούσιον.Διὸ
3055 3767 3146 3823 καὶ
3178 3768 3207 3822 ὁ
3238 3764 3409 3842 λέγων
3438 3766 3634 3841 ὅμοιον
3661 3774 3778 3823 κατ’

2133 3855 2315 3911 οὐσίαν
2348 3854 2407 3911 ἐκ
2435 3856 2719 3929 μετουσίας
2745 3860 2907 3912 τοῦτο
2938 3854 3087 3931 λέγει
3119 3857 3333 3930 ὅμοιον.
3354 3856 3424 3912 Τὸ
3454 3857 3555 3932 γὰρ
3580 3855 3774 3930 ὅμοιον

2132 3943 2365 4015 ποιότης
2393 3943 2557 4013 ἐστὶν,
2589 3944 2706 4015 ἥτις
2740 3944 2808 4020 τῇ
2833 3944 2989 4016 οὐσίᾳ
3016 3946 3355 4021 προσγένοιτ’
3392 3944 3475 4003 ἄν.
3509 3948 3687 4002 Τοῦτο
3720 3943 3778 4000 δὶ

2133 4037 2240 4087 τῶν
2298 4033 2623 4106 ποιημάτων
2679 4030 2822 4088 ἴδιον
2874 4033 2935 4088 ἂν
2983 4031 3090 4105 εἴη·
3121 4036 3288 4089 τάὖτα
3316 4033 3417 4110 γὰρ
3449 4033 3508 4089 ἐκ
3536 4041 3781 4110 μετοχῆς

2138 4123 2424 4194 ὁμοιοῦται
2453 4120 2532 4195 τῷ
2562 4127 2699 4194 Θεῷ.
2733 4146 2762 4176 ιι
2794 4124 2959 4181 ’Όταν
2995 4146 3023 4175 ››
3051 4123 3174 4199 γὰρ,
3208 4123 3362 4201 φησὶ,
3389 4144 3419 4176 α
3468 4126 3779 4200 φανερωθῇ,

2139 4209 2326 4284 ὅμοιοι
2355 4209 2503 4284 αὐτῷ
2533 4210 2784 4285 ἐσόμεθα·
2819 4235 2850 4263 ››
2879 4212 3066 4284 ὅμοιοι
3100 4210 3360 4281 δηλονότι
3391 4210 3453 4266 οὐ
3502 4215 3571 4285 τῇ
3599 4211 3786 4282 οὐσίᾳ,

2140 4297 2285 4356 ἀλλὰ
2339 4302 2408 4374 τῇ
2464 4298 2699 4370 υἰότητι,
2760 4302 2825 4369 ἧς
2880 4295 3370 4374 μεταλαμϐάνομεν
3429 4301 3557 4371 παρ’
3598 4300 3783 4355 αὐτοῦ.

2140 4389 2206 4444 Εἰ
2264 4389 2359 4462 μὲν
2416 4388 2510 4443 οὖν
2565 4389 2655 4443 καὶ
2710 4389 2803 4444 τὸν
2861 4390 2986 4444 Υἱὸν
3035 4388 3095 4445 ἐκ
3147 4389 3433 4462 μετουσίας
3460 4387 3669 4464 λέγετε,
3702 4387 3791 4443 λι-

2141 4478 2320 4553 γὲσθω
2373 4479 2468 4552 μὲν
2529 4478 2656 4554 παρ’
2716 4478 2868 4551 ὑμῶν
2925 4477 3276 4553 ὁμοιοούσιος
3335 4480 3472 4552 (81).
3504 4478 3620 4535 Οὐκ
3677 4473 3791 4531 ἔστι

383 4580 454 4621 ex
501 4566 947 4639 participatione
995 4568 1208 4625 Filium
1254 4569 1465 4637 dicitis,
1518 4571 1747 4627 dicatur
1792 4588 1827 4627 a
1871 4571 2010 4627 vobi:

2146 4566 2333 4641 μέντοι
2391 4565 2685 4642 λεγόμενος
2743 4565 2916 4630 οὕτως
2975 4566 3223 4639 ἀλήθεια,
3257 4564 3383 4623 οὐδὲ
3442 4565 3591 4629 ὅλως
3650 4569 3789 4643 φῶς,

386 4654 723 4712 substantia
750 4656 992 4725 ,similis
1026 4673 1038 4714 :
1072 4658 1170 4714 sed
1206 4658 1256 4713 si
1285 4657 1367 4714 ita
1388 4658 1732 4731 appelletur,
1766 4676 1872 4716 nec
1896 4660 2010 4716 veri

2147 4654 2273 4711 οὐδὲ
2333 4654 2485 4734 φύσει
2545 4654 2698 4718 Θεός.
2731 4657 2810 4712 Τὰ
2850 4656 2955 4732 γὰρ
3002 4654 3061 4711 ιχ
3092 4656 3379 4729 μετουσίας
3411 4654 3511 4710 οὐκ
3539 4652 3793 4744 ᾄληθείᾳι

388 4748 504 4815 tas,
539 4761 642 4801 nec
686 4744 885 4803 lumen
934 4746 1252 4819 ullatenus,
1302 4764 1406 4802 nec
1455 4752 1663 4804 natura
1709 4748 1862 4805 Deus
1910 4749 2042 4821 erit,

390 4832 538 4890 Nam
570 4850 696 4906 quis
727 4852 797 4892 ex
828 4836 1275 4909 participatione
1306 4841 1465 4904 sunt,
1499 4853 1612 4892 non
1646 4854 1797 4907 vere,
1830 4838 1931 4894 sed
1963 4838 2041 4894 si-

2151 4744 2277 4802 ἀλλ’
2306 4744 2567 4818 ὁμοιώσει
2595 4751 2696 4816 τῆς
2736 4743 2993 4816 ἀληθείας
3040 4744 3254 4822 λέγεται
3302 4743 3489 4818 ὅμοια,
3521 4743 3659 4799 ὥστε
3703 4743 3793 4799 καὶ

2159 4833 2529 4909 μεταπίπτειν,
2564 4834 2650 4888 καὶ
2678 4833 3019 4911 ἀφαιρεῖσθαι
3050 4832 3305 4889 δύνασθαι
3364 4834 3470 4889 ἀπὸ
3525 4837 3631 4888 τῶν
3668 4855 3795 4906 μετ-

389 4921 721 4980 militudine
748 4925 1011 4982 veritatis
1039 4925 1259 4983 similia
1285 4925 1598 4995 dicuntur;
1650 4926 1729 4982 ita
1775 4932 1840 4982 ut
1885 4943 2010 4999 quoi

2154 4923 2395 5000 εχόντων
2445 4923 2544 4992 τὴν
2582 4920 2911 4997 μετάληψιν.
2945 4927 3115 4979 Τοῦτο
3175 4921 3231 4979 δὲ
3283 4921 3443 4979 πάλιν
3505 4919 3644 4978 ἴδιον
3686 4928 3796 4977 τῶν

391 5012 841 5085 participatur,a
868 5015 1356 5087 participantibus
1382 5015 1647 5072 decidere
1675 5019 1733 5071 et
1758 5014 1884 5072 tolli
1915 5032 2010 5089 pos

2153 5014 2464 5086 κτισμάτων
2519 5011 2608 5067 καὶ
2666 5011 2992 5085 ποιημάτων
3047 5011 3208 5068 έστίν.
3264 5013 3476 5071 Οὐκοῦν
3532 5010 3579 5066 si
3634 5015 3798 5067 τοῦτο

401 5099 480 5155 sit
511 5116 525 5155 :
559 5101 668 5158 hoc
698 5108 895 5159 autem
928 5103 1136 5161 creatis
1182 5104 1357 5161 rebus
1400 5108 1574 5176 atque
1620 5104 1869 5177 opificiis
1912 5120 2043 5178 pro-

469 5253 487 5288 ‘
515 5251 686 5312 Joan.
718 5270 806 5325 ιιι,
834 5256 889 5311 2.

495 5381 584 5454 76)
618 5383 728 5439 Τοῦ
754 5382 883 5436 Υἳοῦ
916 5384 1080 5440 deest
1109 5384 1168 5439 in
1198 5383 1451 5440 Felckm.
1480 5384 1533 5439 3.

494 5453 947 5529 77)Ρε101ςωοιι.
995 5457 1047 5526 3,
1096 5456 1283 5511 Ἔσται
1337 5456 1432 5528 μὶν
1477 5453 1590 5512 οὖν·
1636 5458 1763 5512 Mox
1807 5454 2043 5529 Regiua’

621 5598 839 5678 Begins
869 5600 1077 5678 codex;
1103 5594 1430 5678 ἀμφιϐἀλοι.

478 5668 589 5744 (ἶῼ)
620 5668 921 5744 Τόνροεει
950 5672 1008 5727 in
1043 5668 1241 5744 Regio.

483 5674 589 5737 [79)
620 5674 727 5723 Τόν
758 5674 921 5726 deest
950 5674 1008 5727 in
1043 5674 1241 5744 Regio.

483 5738 594 5809 (80)
628 5739 710 5794 Ita
740 5741 992 5797 Felckm.
1022 5744 1055 5798 3
1086 5749 1141 5799 et
1179 5743 1416 5817 Regius,
1449 5742 1548 5816 qui
1603 5745 1797 5800 tamen
1853 5740 2047 5813 prima

2163 5102 2386 5174 ἄτοπον,
2419 5099 2517 5156 οὐκ
2572 5097 2630 5155 ἂν
2683 5096 2766 5172 εἷ¹η
2826 5099 2885 5155 ἐκ
2944 5102 3254 5174 μετουσίας,
3310 5099 3456 5156 ἀλλά
3507 5099 3658 5177 φύσει
3706 5098 3800 5154 καὶ

2160 5399 2337 5440 manu
2366 5381 2598 5453 habuit,
2629 5376 2691 5435 ἃν
2713 5378 2929 5453 ὅμοιος,
2963 5383 3029 5453 ut
3058 5378 3271 5453 legitur
3320 5377 3631 5453 inueditis.
3654 5375 3803 5453 Ibid.

2161 5454 2397 5528 Regius,
2431 5446 2663 5528 λέγεται,
2696 5446 2881 5528 νόοιοἒ
2893 5446 3803 5528 Εᾷἰιηλὲγηταιιτ,Μοχῇἳοιριι3,

2158 5520 2273 5579 οὐαί
2290 5521 2381 5578 οὖν
2408 5523 2472 5578 τὸ
2501 5520 2615 5595 μέν,
2650 5520 2827 5581 recte.
2860 5525 2922 5579 In
2954 5520 3134 5595 Regio
3153 5520 3222 5595 et
3248 5521 3421 5595 editis
3470 5521 3566 5595 pt_v
3594 5520 3805 5595 βεδε).

2225 5598 2340 5667 (81)
2370 5597 2461 5667 Sic
2492 5589 2728 5667 Regius,
2760 5589 3314 5667 Editi,_6p3ioucioc._
3340 5589 3480 5649 Mox'
3515 5589 3709 5667 Fe_l_ck.
3743 5590 3800 5663 3,

2155 5662 2333 5730 οὕτως
2360 5662 2612 5738 ἀληθείςῖ,
2642 5663 2769 5724 ἀλλ’
2796 5662 3079 5740 ὁμοιὼσιι,
3112 5664 3351 5724 omissis
3380 5662 3698 5720 nonnullis.
