4082 6316
257 401 375 462 789

1710 404 1812 464 DE
1858 404 2220 466 SYNODIS.

3554 408 3676 467 190

259 532 492 603 ἀληθείᾳ
523 532 666 602 Υἱὸς,
691 536 828 609 φῶς,
862 531 1042 610 σοφία,
1076 532 1226 596 Θεός.
1261 533 1424 588 Φύσει
1470 532 1526 589 δὲ
1575 532 1648 589 ὢν
1692 536 1782 590 καὶ
1841 535 1897 590 οὗ

2020 536 2213 609 prium
2245 540 2562 607 est.Itaque
2596 536 2644 590 si
2677 536 3164 592 absurdumillud
3187 543 3672 609 esl,nequaquam

263 623 505 696 μετοχῇ,
540 621 642 675 οὐκ
673 619 730 674 ἂν
763 620 962 694 κυρίως
995 621 1219 696 Αεχθείη
1255 622 1606 696 ὀμοιοοόσιος
1637 622 1911 696 ί82),ἀλλ’

259 709 579 782 ὁμοοόσιος.
612 711 678 765 ’Ὀ
711 706 766 763 δὲ
800 707 940 781 μηδὲ
971 709 1052 764 ἐπ’
1084 708 1268 766 ἄλλων
1298 710 1356 766 ἄν
1388 733 1469 774 τις
1495 711 1660 767 εἷ’ποι·
1686 710 1906 788 ἐδείχθη

257 799 359 873 γὰρ
414 799 476 852 τὸ
531 800 722 872 ὅμοιον
785 800 859 872 μή
921 798 1009 854 ἐπὶ
1065 803 1171 854 τῶν
1211 800 1406 854 οὐσιῶν
1442 801 1762 876 λεγόμενονυ
1791 807 1906 856 πῶς

258 887 356 942 οὐκ
387 887 618 942 ἀνόπτον
656 888 773 960 μὶν,
809 890 842 958 ἢ
874 887 1020 964 τάχα
1063 889 1153 942 καὶ
1199 889 1443 964 χαλεπὸν
1495 895 1656 945 τοῦτο
1707 892 1906 968 προφέ-

255 996 366 1051 ρειν
399 976 487 1030 ἐπὶ
521 975 668 1046 ὶ¹ἱοῦ,
700 977 790 1031 καὶ
826 979 901 1050 μή
941 975 1156 1051 μᾶλλον
1183 979 1246 1033 τὸ
1289 980 1620 1052 ὁμοοόσιον;

253 1071 650 1124 monstratum
711 1073 799 1124 est
857 1067 1034 1135 enim,
1096 1069 1288 1126 simile
1347 1072 1416 1126 de
1475 1069 1825 1127 substantiis
1876 1087 1993 1125 non
2052 1070 2399 1142 praadicari),

2022 627 2135 682 erit
2173 643 2241 682 ex
2291 625 2755 696 participatione,
2789 626 2891 681 sed
2940 643 3008 680 ex
3053 632 3264 682 natura
3307 631 3363 681 et
3409 629 3670 694 veritate,

2023 714 2224 780 Filius,
2275 715 2498 781 lumen,
2549 715 2858 786 sapientia,
2913 720 3268 770 Deuszcnm
3319 720 3515 770 autem
3571 733 3671 771 na-

2019 810 2154 860 tura
2183 804 2320 860 talis
2351 805 2428 858 sit
2459 808 2512 859 et
2546 821 2658 858 non
2693 804 3159 875 participatione,
3196 821 3500 876 nunquam
3535 823 3672 876 pro-

2020 894 2144 964 prie
2192 893 2524 947 substantia
2555 891 2768 948 similis
2811 893 2922 947 dici
2976 894 3248 964 potuerit,
3281 894 3382 948 sed
3414 895 3668 948 consub-

2019 981 2329 1037 stantialis.
2363 981 2525 1045 Quod
2561 968 2757 1036 autem
2809 982 2880 1036 de
2910 979 3043 1036 aliis
3076 997 3247 1036 nemo
3302 981 3513 1036 dixerit
3543 982 3668 1052 (de-

2457 1071 2579 1141 qui,
2637 1086 2854 1142 quaeso,
2914 1087 3028 1125 non
3085 1069 3328 1124 stultum
3384 1071 3579 1138 fuerit,
3611 1074 3669 1125 et

254 1157 505 1213 fortasse
563 1156 740 1212 etiam
797 1157 1214 1230 gravissimum
1273 1158 1330 1214 id
1393 1159 1464 1214 de
1521 1158 1665 1214 Filio
1723 1158 1982 1231 proferre
2016 1201 2031 1227 ,
2088 1162 2146 1213 et
2205 1175 2315 1214 non
2376 1158 2573 1230 potius
2632 1174 2767 1214 eum
2841 1157 3403 1214 consubstantialem
3477 1157 3667 1230 appel-

248 1244 370 1300 lare
392 1245 420 1300 ἵ

318 1336 408 1389 54.
443 1333 539 1387 Διᾶ
585 1337 747 1388 τοῦτο
803 1335 905 1410 γὰρ
964 1336 1052 1389 καὶ
1111 1338 1146 1404 ἡ
1201 1333 1254 1389 ἐν
1303 1333 1498 1407 Νικαίᾳ
1526 1333 1748 1397 σύνοδος
1808 1357 1898 1390 xu-

249 1421 364 1483 λῶς
395 1419 647 1498 ἔγραψεν,
681 1422 812 1498 ὅπερ
871 1419 1098 1498 ἔπρεπεν
1159 1424 1346 1494 εἰπεῖν,
1377 1425 1632 1500 γεννητὸν
1685 1424 1743 1478 ἐκ
1797 1432 1895 1494 τῆς

250 1511 442 1573 οὐσίας
499 1515 595 1566 τοῦ
645 1512 852 1586 Πατρός
908 1513 998 1567 τὸν
1049 1511 1172 1566 Υἳὸν
1225 1513 1542 1585 ὁμοοόσιον.
1575 1516 1756 1570 Ταῦτα
1785 1515 1896 1587 (83)

247 1599 340 1653 καὶ
395 1602 560 1672 ἡμεῖς
614 1601 898 1673 μαθόντες,
937 1602 1011 1673 μὴ
1064 1606 1484 1676 σκιαμαχῶμεν,
1515 1602 1603 1657 καὶ
1663 1601 1897 1676 μάλιστα

249 1689 641 1765 γινώσκοντες,
673 1687 756 1744 ὅτι
810 1690 860 1743 οἱ
913 1689 1002 1744 καὶ
1062 1694 1228 1745 ταῦτα
1281 1691 1599 1766 γράψαντες,
1658 1691 1762 1768 οὐχ
1821 1693 1894 1752 ὡς

249 1777 720 1854 παρεξηγοόμενοι
767 1779 865 1847 τήν
914 1777 1198 1851 ἀλήθειαν,
1231 1779 1360 1834 ἀλλ’
1409 1777 1743 1842 ἔκδικουντες
1801 1781 1893 1854 μὲν

247 1867 349 1935 τήν
411 1865 671 1936 ἀλήθειαν
725 1867 815 1922 καὶ
871 1868 969 1935 τὴν
1022 1867 1097 1929 είς
1129 1868 1354 1944 Χριστὸν
1383 1863 1676 1937 εὐσέϐειαν,
1708 1880 1895 1932 καθαι-

2077 1338 2169 1391 54.
2206 1337 2425 1392 Idcirco
2471 1337 2648 1409 probe
2699 1337 2932 1392 Nicena
2990 1338 3250 1409 synodus
3310 1336 3368 1390 id
3425 1335 3664 1408 scripsit

2008 1427 2163 1498 quod
2210 1430 2669 1482 consentaneum
2702 1430 2845 1494 erat,
2880 1426 3090 1480 Filium
3144 1441 3354 1496 nempe
3380 1441 3448 1480 ex
3489 1426 3662 1480 subs-

2007 1514 2191 1570 tantia
2265 1515 2452 1570 Patris
2528 1515 2820 1586 genitum,
2877 1531 3005 1570 esse
3079 1511 3658 1570 consubstantialem.

2005 1607 2137 1659 Haec
2167 1605 2366 1660 eadem
2401 1621 2506 1659 nos
2536 1621 2671 1659 cum
2713 1603 3119 1670 didicerimus,
3162 1619 3234 1658 ne
3265 1619 3398 1657 cum
3433 1599 3659 1656 umbris

2007 1709 2340 1765 pugnemus
2367 1710 2379 1747 :
2408 1693 2575 1766 gnari
2605 1694 2856 1748 maxime
2873 1692 3101 1765 eos,qui
3129 1691 3251 1746 haec
3273 1691 3656 1762 scripserunt,

2007 1799 2120 1837 non
2173 1782 2368 1838 studio
2418 1799 2592 1854 prave
2638 1782 2967 1853 explicandi
3017 1782 3340 1847 veritatem,
3373 1780 3474 1835 sed
3525 1797 3654 1835 eam

2009 1888 2125 1926 una
2154 1887 2286 1925 cum
2343 1872 2556 1942 pietate
2586 1871 2646 1925 in
2696 1869 2990 1926 Christum
3037 1869 3358 1936 asserendi,
3391 1873 3448 1924 et
3496 1868 3653 1922 Ario-

252 1953 472 2031 ροῦντες
507 1952 564 2009 δὲ
590 1956 687 2019 τὰς
714 1957 830 2010 κατ’
855 1953 1018 2011 αὐτοῦ
1047 1961 1153 2011 τῶν
1183 1959 1615 2030 Ἀρειομανιτῶν
1651 1955 1897 2035 βλασφη-

2013 1960 2364 2015 manitarum
2395 1958 2796 2031 blasphemiae
2827 1959 3170 2028 damnandi,
3205 1958 3288 2013 sic
3315 1957 3490 2012 fidem
3525 1973 3657 2028 pro-

256 2043 405 2115 μίας,
440 2042 611 2104 οὕτως
663 2042 1035 2117 ὡμολόγησαν
1087 2046 1188 2114 τὴν
1245 2047 1448 2103 πίστιν.
1478 2047 1742 2101 Σκεπτὲον
1796 2047 1896 2122 γὰρ

252 2135 340 2190 καὶ
401 2133 763 2204 κατανοητέον
842 2129 1117 2209 ἀκριϐῶς,
1171 2133 1251 2188 ὅτι
1321 2134 1567 2210 λέγοντες
1627 2135 1720 2208 μὲν
1780 2135 1898 2190 ἀνο-

258 2220 572 2294 μοιοοόσιον
616 2223 730 2296 (84)
757 2221 848 2276 xui
896 2221 1257 2297 ἑτεροούσιον,
1291 2225 1355 2278 οὗ
1416 2224 1754 2298 σημαίνομεν
1806 2225 1896 2279 τὸν

253 2309 518 2380 ἀληθινὸν
574 2310 720 2378 Υἱὸν,
753 2310 878 2366 ἀλλ’
923 2307 978 2366 ἓν
1009 2333 1061 2366 τι
1112 2317 1218 2366 τῶν
1278 2312 1602 2386 ποιημάτων
1660 2313 1749 2368 καὶ
1807 2315 1897 2368 τὸν

255 2399 575 2470 είσποιητὸν
617 2400 707 2454 καὶ
763 2399 901 2464 θὲσει
951 2401 1073 2456 Υἱὸν
1103 2403 1233 2474 (85),
1266 2400 1397 2476 ὅπερ
1445 2407 1562 2465 τοῖς
1607 2403 1898 2478 αἱρετικοῗς

255 2486 423 2545 δοκεῖ’
459 2486 712 2564 λέγοντες
759 2486 816 2544 δὲ
868 2491 944 2562 μή
990 2488 1272 2564 ἐριστικῶς
1319 2491 1382 2545 τὸ
1427 2492 1744 2564 ὁμοοῦσιον,
1776 2494 1898 2547 Υἱὸν

260 2577 601 2650 σημαίνομεν
658 2580 886 2652 γνήσιον
943 2577 1002 2633 ἐκ
1054 2583 1152 2633 τοῦ
1205 2581 1413 2655 Πατρὸς
1459 2580 1753 2658 πεφυκότα,
1802 2582 1898 2637 κᾶν

259 2665 311 2720 ἐν
339 2665 518 2739 τούτῳ
550 2664 1021 2742 διαρῥηγνύωνται
1078 2667 1350 2730 πολλάκις
1398 2671 1449 2723 οἱ
1498 2673 1898 2746 Χριστομαχοι.

257 2757 441 2811 Ταῦτα
515 2756 633 2828 μὲν,
694 2756 828 2830 ἅπερ
899 2753 1068 2831 ἔγνων
1152 2756 1277 2833 ἐγὼ,
1333 2757 1421 2812 καὶ
1494 2757 1898 2834 διαλεγομένων

255 2842 464 2912 ἤκουσα
505 2843 811 2919 φρονίμων,
844 2842 913 2899 δι’
944 2845 1146 2920 ὀλίγων
1197 2847 1457 2922 γέγραφα·
1491 2847 1647 2922 ὑμεῖς
1699 2846 1775 2917 δὲ,
1808 2851 1901 2922 μὲ-

254 2953 435 2994 νοντες
487 2932 574 2988 ἐπὶ
631 2933 724 2988 τὸν
782 2933 1032 3006 θεμέλιον
1094 2939 1200 2989 τῶν
1259 2935 1604 3007 ἀποστόλων,
1657 2937 1746 2991 καὶ
1803 2939 1897 3000 τὰς

251 3019 578 3098 παραδόσεις
609 3027 714 3077 τῶν
751 3025 1001 3099 Πατὲρων
1032 3026 1139 3098 (86)
1173 3026 1518 3101 κατέχοντες,
1553 3022 1775 3102 εὔχεσθε
1808 3025 1899 3082 ’ίνα

250 3108 360 3181 ἤδη
394 3111 525 3166 ποτε
553 3112 825 3181 παύσηται
857 3118 1000 3168 πᾶσα
1031 3111 1224 3169 λοιπὸν
1259 3110 1368 3190 ἔρις
1416 3115 1506 3169 καὶ
1567 3115 1762 3186 ζῆλος,
1789 3121 1895 3171 τῶν

249 3221 308 3254 τε
365 3201 646 3275 αἱρετικῶν
702 3202 758 3255 αἱ
810 3201 990 3276 μωραὶ
1044 3205 1298 3274 ζητήσεις
1333 3206 1772 3279 καταγνωσθῶσι,
1807 3206 1896 3260 καὶ

251 3294 395 3344 πᾶσα
444 3288 785 3366 λογομαχία·
819 3291 970 3361 καὶὴ
1007 3293 1101 3364 μὲν
1159 3289 1477 3366 δυσώνυμος
1535 3293 1625 3348 καὶ
1685 3293 1896 3370 ἀνθρω-

251 3379 516 3441 ποκτόνος
563 3383 668 3433 τῶν
727 3382 1013 3456 Ἀρειανῶν
1062 3379 1266 3457 α’ίρεσις
1320 3381 1711 3460 ἐξαφανισθείη,
1772 3385 1892 3438 ἀνα-

253 3467 490 3541 λάμψειε
520 3465 577 3522 δὲ
605 3469 819 3522 πάντων
871 3468 921 3524 ἐν
969 3475 1087 3533 ταῖς
1134 3469 1381 3547 καρδίαις
1413 3474 1447 3540 ἡ
1479 3469 1730 3542 ἀλήθεια,
1761 3473 1899 3528 ὥστε

253 3557 455 3618 πάντας
510 3561 790 3632 πανταχοῦ
848 3558 912 3613 τὸ
969 3558 1098 3614 αὐτὸ
1157 3559 1354 3635 λέγειν,
1387 3561 1476 3615 καὶ
1515 3563 1627 3633 (87)
1657 3562 1718 3616 τὸ
1769 3561 1897 3616 αὐτὸ

254 3651 491 3723 φρονεῖν·
530 3643 804 3719 μηδεμιᾶς
858 3644 915 3702 δὲ
971 3643 1049 3703 ἔτι
1105 3647 1567 3724 περιλειπομὲνης
1614 3651 1896 3724 Ἀρειανῆς

253 3731 585 3813 δυσφημίας,
621 3732 849 3810 λέγηται
877 3737 965 3791 xui
1001 3734 1340 3812 ὁμολογῆται
1388 3737 1523 3793 κατὰ
1568 3745 1737 3794 πᾶσαν
1771 3741 1896 3797 Ἐκ-

249 3822 502 3894 κλησίαψ
538 3847 567 3876 ‹‹
599 3825 697 3888 Εἷς
753 3823 973 3900 Κύριος,
1029 3825 1126 3900 μία
1176 3824 1378 3896 πίστις,
1425 3827 1479 3882 ’ἐν
1534 3827 1831 3904 βάπτισμα,
1869 3853 1895 3880 ››

253 3910 307 3967 ἦν
339 3913 558 3985 Χριστῷ
587 3915 768 3984 Ἰησοῦ
820 3915 896 3987 τῷ
947 3916 1134 3990 Κυρίῳ
1165 3917 1348 3988 ἡμῶν,
1384 3913 1452 3970 δι’
1484 3917 1545 3970 οὗ
1601 3923 1680 3990 τῷ
1726 3919 1896 3993 Πατρὶ

248 4003 283 4070 ἡ
317 3998 442 4074 δόξα
471 4003 582 4076 (88)
607 4002 696 4058 καὶ
725 4003 787 4058 τὸ
808 4003 1007 4078 κράτος
1035 4003 1112 4067 εἲς
1141 4005 1268 4067 τοὺς
1299 4005 1500 4068 αἰῶνας
1530 4009 1641 4061 τῶν
1662 4006 1893 4066 αἰώνων.

246 4091 448 4162 Ἀμήν.

317 4180 408 4234 55.
442 4180 589 4234 Μετά
617 4180 687 4234 τὸ.
727 4180 927 4258 γράψαι
982 4185 1116 4254 μετὰ
1145 4184 1256 4256 (89)
1288 4184 1409 4260 περὶ
1465 4187 1572 4239 τῶν
1633 4183 1892 4255 συνόδων,

249 4261 420 4342 ἔγνων
449 4267 726 4343 γράψαντα
767 4271 859 4324 τὸν
917 4265 1266 4326 ἀσεϐέστατον
1329 4272 1703 4329 Κωνστάντιον
1762 4275 1895 4352 πρὸς

247 4355 373 4418 τοὺς
422 4354 476 4411 ἐν
525 4357 810 4434 Ἀρίμήνῳ
869 4359 1154 4432 μείναντας
1211 4359 1558 4424 ἐπισκόπουςο
1589 4362 1678 4417 καὶ
1735 4385 1896 4418 σπου-

253 4441 351 4512 δὴν
386 4439 548 4520 ἔσχον
576 4442 761 4502 λαϐεῖν
793 4447 861 4502 τὰ
903 4448 1202 4526 ἀντίγραφα
1248 4448 1394 4524 παρά
1438 4451 1674 4526 γνησίωθ
1735 4449 1895 4509 ἀδελ-

251 4538 390 4610 φῶν,
419 4534 509 4588 καὶ
548 4534 865 4592 ἀποστεῖλαι
900 4537 1045 4609 ὑμῖν,
1077 4537 1166 4592 καὶ
1196 4540 1307 4612 (90)
1338 4539 1403 4593 τὰ
1444 4540 1587 4616 παρά
1623 4545 1728 4596 τῶν
1776 4541 1896 4598 ἐπι-

156 4645 160 4649 ·
251 4622 468 4677 σκόπων
521 4622 1046 4704 ἀντιγραφένταοτίνα
1096 4631 1267 4703 γνῶτε
1322 4632 1419 4682 τοῦ
1475 4629 1570 4702 μὲν
1629 4627 1896 4706 βασιλέως

2010 2047 2308 2120 mulgasse
2337 2047 3046 2104 suam.Considerandum
3077 2047 3234 2102 enim
3267 2049 3374 2114 est,
3405 2049 3461 2101 et
3489 2061 3661 2101 accu-

2010 2141 2132 2192 rate
2167 2137 2775 2204 animadvertendum,
2810 2154 2944 2192 cum
2995 2152 3128 2192 eum
3189 2134 3443 2190 dicimus
3493 2134 3664 2190 subs-

2008 2227 2198 2282 tantia
2254 2224 2624 2298 dissimilem,
2685 2231 2742 2281 et
2815 2227 3058 2282 diversae
3131 2223 3497 2292 substantias,
3557 2239 3664 2278 nos

2010 2313 2471 2388 haudquaquam
2502 2332 2702 2371 verum
2722 2315 2945 2370 Filium
2975 2314 3440 2387 signiﬁcare,sed
3474 2329 3658 2368 unum

2011 2419 2080 2460 ex
2105 2404 2375 2477 opiﬁciis,
2405 2409 2461 2460 et
2491 2403 2740 2460 ascitum
2776 2403 3202 2476 adoptioneque
3235 2401 3469 2469 Filium,
3502 2402 3658 2472 quod

2009 2493 2262 2550 haeretici
2297 2495 2562 2550 sentiunt
2593 2510 2606 2550 :
2641 2510 2816 2566 quem
2865 2493 2915 2548 si
2946 2493 3215 2548 dicamus
3246 2493 3374 2546 sine
3420 2493 3658 2546 conten-

2009 2583 2168 2639 tione
2195 2581 2989 2647 consubstantialem,verum
3014 2581 3415 2656 significamus
3448 2579 3657 2634 Filium

2011 2689 2081 2729 ex
2133 2677 2304 2727 Patre
2350 2679 2603 2728 natum:
2649 2672 2880 2728 etiamsi
2928 2672 3035 2727 hac
3085 2671 3154 2726 de
3211 2687 3387 2727 causa
3438 2668 3659 2741 pluries

2011 2762 2459 2833 disrumpantur
2513 2760 2727 2816 Christi
2785 2760 3004 2816 hostes.
3053 2761 3180 2814 Hec
3239 2759 3476 2831 quidem
3529 2774 3656 2830 quas

2012 2855 2150 2906 nota
2181 2849 2407 2919 mihi,et
2435 2865 2502 2905 ex
2527 2849 2906 2920 prudentium
2940 2848 3441 2921 disputationibus
3469 2846 3660 2918 explo-

2009 2943 2135 2995 rata
2165 2943 2350 3006 erant,
2377 2937 2580 3010 paucis
2611 2937 2964 3010 scripsi.Vos
2997 2943 3192 2994 autem
3225 2940 3531 2992 manentes
3564 2953 3659 2990 su-

2009 3044 2112 3100 per
2143 3029 2592 3084 fundamentum
2635 3027 3056 3099 apostolorum,
3089 3030 3446 3098 Patrumque
3476 3024 3658 3080 tradi-

2005 3116 2194 3173 tiones
2226 3117 2565 3186 retinentes,
2599 3120 2759 3172 orate
2790 3120 2854 3172 ut
2874 3117 3002 3188 jam
3056 3119 3245 3172 cesset
3272 3114 3468 3171 omnis
3518 3129 3658 3170 con-

2005 3205 2186 3262 tentio
2217 3211 2274 3262 et
2302 3205 3024 3278 zelus,haareticorumque
3057 3205 3276 3261 insana
3307 3204 3660 3277 quaestiones

2008 3299 2065 3350 et
2095 3311 2209 3350 una
2237 3294 2431 3351 omnis
2478 3295 2788 3350 verborum
2837 3295 3130 3350 contentio
3162 3295 3540 3360 damnentur,
3571 3295 3661 3347 ut-

2009 3400 2122 3458 que
2181 3382 2401 3439 nefaria
2460 3389 2516 3439 et
2571 3383 2954 3456 sanguinaria
3016 3383 3365 3440 Arianorum
3424 3381 3661 3438 haeresis

2009 3472 2329 3544 aboleatur,
2361 3472 2419 3527 in
2460 3473 2726 3528 omnium
2774 3489 2908 3529 vero
2940 3473 3218 3529 cordibus
3269 3471 3488 3528 veritas
3534 3470 3656 3526 elu-

2008 3566 2132 3617 ceat
2161 3580 2175 3630 ;
2211 3561 2294 3616 ita
2324 3565 2388 3616 ut
2417 3578 2620 3618 omnes
2649 3563 2868 3634 ubique
2898 3563 3050 3618 idem
3085 3562 3302 3632 dicant,
3333 3560 3490 3620 idem
3529 3577 3657 3616 sen-

2006 3651 2190 3707 tiant:
2217 3668 2282 3707 ac
2306 3649 2468 3706 nulla
2505 3651 2780 3724 deinceps
2804 3651 3004 3707 relicta
3023 3651 3237 3706 Ariana
3266 3649 3655 3722 blasphemia,

2002 3757 2110 3813 per
2141 3741 2471 3796 universam
2535 3740 2852 3796 Ecclesiam
2914 3741 3164 3807 dicatur,
3198 3745 3373 3812 atque
3413 3738 3473 3793 in
3525 3755 3659 3794 con-

2008 3831 2163 3885 fesso
2209 3829 2496 3885 habeatur
2524 3828 2688 3896 illud,
2723 3852 2750 3879 «
2785 3829 2947 3886 Unus
2995 3829 3301 3898 Dominus,
3331 3845 3450 3883 una
3487 3828 3655 3894 ﬁdes,

2007 3935 2189 3974 unum
2223 3918 2514 3989 baptisma
2545 3919 2586 3989 ³,
2623 3943 2644 3970 ι
2683 3919 2836 3974 613
2869 3919 2925 3973 in
2958 3918 3186 3973 Christo
3224 3916 3362 3974 Jesu
3415 3917 3659 3972 Domino

2007 4013 2230 4077 nostro,
2266 4024 2368 4079 per
2399 4024 2571 4079 quem
2606 4007 2762 4063 Patri
2801 4008 2988 4081 gloria
3017 4011 3075 4063 et
3105 4006 3442 4079 imperium,
3472 4005 3532 4060 in
3560 4022 3662 4061 sae-

2005 4097 2136 4153 cula
2167 4095 2536 4153 saeculorum.
2569 4098 2774 4153 Amen.

2073 4187 2163 4242 55.
2197 4191 2517 4258 Postquam
2569 4187 2640 4242 de
2686 4185 2926 4259 synodis
2976 4184 3374 4258 scripsissem,
3407 4182 3663 4255 comperi

2003 4275 2428 4348 impiissimum
2479 4275 2886 4331 Constantium
2939 4276 3007 4330 ad
3063 4274 3369 4348 episcopos
3411 4271 3662 4329 Arimini

2002 4370 2303 4422 versantes
2355 4365 2710 4438 scripsisse;
2755 4381 3113 4438 operamque
3161 4364 3294 4420 dedi
3355 4367 3420 4420 ut
3476 4379 3664 4418 exem-

2005 4454 2101 4528 pla
2148 4473 2182 4512 a
2229 4455 2526 4528 germanis
2580 4455 2860 4510 fratribus
2921 4455 3268 4528 acciperem,
3324 4454 3397 4509 ad
3442 4468 3663 4524 vosque

2005 4545 2393 4614 mitterem,et
2423 4544 2601 4600 simul
2636 4560 2702 4600 ea
2735 4561 2865 4617 quis
2896 4544 3154 4617 episcopi
3187 4543 3659 4616 rescripserunt_:

2003 4639 2071 4692 ut
2125 4635 2326 4690 sciatis
2385 4649 2519 4690 cum
2581 4634 2950 4707 imperatoris
3004 4635 3247 4707 impiam
3313 4631 3660 4696 versutiam,

246 4711 347 4780 τὴν
379 4707 544 4782 ἀσεϐῆ
578 4715 930 4791 πανουργίαν,
959 4720 1064 4770 τῶν
1113 4713 1169 4770 δὲ
1221 4715 1529 4772 ἐπισκόπων
1571 4719 1633 4774 τὸ
1683 4717 1894 4798 ἑδραῖον

2013 4728 2130 4782 tum
2164 4723 2571 4796 episcOporum
2604 4724 2836 4780 ﬁrmam
2868 4724 3292 4793 immotamque
3329 4721 3390 4776 in
3421 4720 3660 4775 veritate

245 4799 335 4854 xui
365 4798 581 4858 ἀκλινὶς
607 4810 708 4874 τῆς
740 4805 875 4879 πρὸς
901 4806 1000 4874 τὴν
1033 4804 1290 4876 ἀλήθειαν
1322 4808 1570 4883 γνώμης.

315 4985 338 5021 ²
368 4984 576 5059 Ephes.
604 5003 680 5057 ιν,
707 4987 763 5044 5.

463 5157 556 5239 §ic
588 5160 820 5239 Regius.
855 5163 1002 5239 Editi
1037 5169 1255 5239 autem,
1291 5164 1630 5239 ὁμοιοόσιος.

314 5231 431 5304 (83)
464 5231 909 5304 Ηοςξὶυεόοάοχ,
945 5237 1099 5294 αὐτά.

466 5306 558 5381 ita
581 5308 816 5381 Regius.
850 5303 1007 5381 Editi‘
1031 5325 1188 5376 vero,
1223 5308 1628 5381 ἀνομοιοόσιον.

245 5373 802 5498 1“($85)I“elcktﬁan.
834 5381 890 5448 3,
923 5379 1017 5436 καὶ
1061 5373 1183 5436 τῶν
1229 5373 1557 5453 εἰσποιητῶν
1615 5379 1705 5436 καὶ
1760 5379 1897 5445 θέσει

347 5465 396 5498 ν.

347 5465 396 5500 ν.

320 5517 554 5594 (86)__Ita
603 5522 836 5594 Regius.
871 5523 1018 5580 Editi
1067 5540 1201 5581 vero
1255 5528 1314 5580 et
1360 5526 1551 5581 ceteri
1598 5542 1741 5582 mss.
1792 5528 1900 5579 τῶν

250 5585 599 5649 ἀποστόλων,

323 5661 436 5730 (87)
471 5661 568 5739 Καί
599 5665 763 5739 deest
791 5665 849 5721 in
883 5665 1218 5739 Felckman.
1250 5665 1304 5721 3.
1338 5666 1516 5739 Paulo
1549 5669 1901 5739 post,_idem.

323 5685 436 5730 (οι)
472 5685 568 5714 ιιαι
599 5685 763 5721 ueest
791 5685 849 5721 ιι]
883 5685 1218 5723 relcuman.
1250 5685 1304 5721 ὁ.
1339 5685 1516 5723 raulo
1588 5685 1698 5739 oet,
1726 5685 1901 5732 idem.

255 5727 614 5810 βλασφημίας
669 5734 893 5812 λέγηται
939 5737 1026 5792 xui
1092 5737 1459 5812 ὁμοΛογῆται.
1493 5685 1666 5813 Εὲἱιὶ,
1701 5737 1904 5818 δυσφη-

2000 4813 2380 4872 sententiam.

2008 5166 2144 5244 plus
2168 5164 2398 5244 λέγηται
2443 5165 2807 5244 ὁμολογῆται.
2843 5168 3072 5242 Regius,
3109 5163 3417 5243 δυσφημίας
3458 5163 3659 5242 λέγητε

2003 5239 2089 5294 καὶ
2124 5239 2472 5312 ὁμολογεῖτε.

2077 5307 2191 5381 (88)
2224 5307 2476 5367 Felckm.
2511 5313 2564 5377 3,
2600 5310 2644 5381 ᾧ
2677 5312 2710 5379 ἡ
2743 5307 2891 5381 δόξα,
2915 5316 3023 5366 etc.
3061 5313 3124 5367 In
3157 5312 3278 5368 huc
3311 5315 3504 5368 autem
3536 5328 3660 5367 ver-

2007 5384 2080 5439 ba
2110 5383 2419 5439 desinebat
2467 5383 2678 5438 Nannii
2727 5383 2938 5438 versio.
2976 5387 3109 5439 Haec
3150 5390 3370 5450 autem,
3407 5381 3541 5454 μετά
3595 5381 3655 5434 τὸ

2009 5454 2411 5528 ’γρτλὶιῖίεῖιιλουῐιι⁸
2435 5455 2666 5528 duabus
2697 5454 3470 5528 epistol_issequentibus,ex
3501 5454 3658 5528 codi-

2010 5525 2074 5581 ce
2106 5525 2415 5581 Basiliensi
2445 5527 2672 5596 adjecta
2709 5529 2866 5582 fuere
2897 5526 2956 5581 in
3005 5527 3142 5582 edit.
3177 5528 3399 5582 Comm.
3431 5526 3644 5582 haben-

2011 5601 2230 5670 turque
2261 5597 2319 5652 in
2346 5599 2526 5670 Regio
2559 5598 2773 5670 codice.

2085 5669 2198 5739 (89)
2228 5670 2311 5725 Ita
2343 5667 2580 5738 Regius.
2615 5668 2766 5724 Editi
2799 5685 2954 5738 vero,
2992 5667 3110 5739 μέν,
3143 5668 3315 5723 male.

2087 5739 2200 5813 (90)
2228 5742 2321 5798 Sic
2354 5741 2590 5814 Regius.
2626 5742 2689 5797 In
2721 5739 2892 5797 editis
2923 5757 3055 5798 vero
3083 5739 3174 5794 καί
3205 5741 3386 5797 deest.
