4082 6378
366 507 475 565 791

844 639 1232 704 Interpretatio
1257 638 1523 709 epistulae.

437 743 813 799 Constantius
852 744 1045 801 Victor
1101 748 1158 800 et
1217 744 1636 817 Triumphator
1689 746 2014 817 Augustus,

368 833 646 888 omnibus
675 832 967 904 episcopis
997 833 1098 904 qui
1130 833 1458 889 Ariminum
1493 839 1906 890 convenerunt.

434 922 799 992 Pracipuam
832 937 939 977 nos
986 938 1220 993 semper
1249 939 1449 978 curam
1494 939 1693 995 gerere
1721 922 1928 979 divina
1958 927 2017 979 et

369 1010 679 1065 adoranda
736 1009 904 1082 legis,
954 1027 1026 1065 ne
1080 1016 1272 1068 vestra
1327 1012 1567 1083 quidem
1625 1012 2016 1069 mansuetudo

367 1099 600 1170 ignorat
630 1116 644 1155 :
677 1102 935 1156 attamen
984 1100 1191 1173 viginti
1242 1100 1544 1174 episcopos
1576 1119 1610 1157 a
1638 1107 1834 1158 vestra
1879 1119 2016 1175 pru-

371 1188 571 1243 dentia
599 1187 837 1260 missos,
870 1190 970 1262 qui
1001 1189 1353 1262 legationem
1382 1196 1638 1247 vestram
1686 1191 2018 1248 obeundam

373 1282 779 1350 susceperunt,
830 1279 1092 1335 nondum
1148 1280 1345 1336 videre
1396 1280 1739 1353 potuimus;
1774 1280 2019 1351 urgebat

371 1366 529 1423 enim
562 1384 669 1423 nos
698 1368 1028 1425 necessaria
1057 1369 1339 1426 adversus
1372 1369 1652 1427 barbaros
1680 1369 1968 1440 expeditio
2001 1385 2015 1423 :

373 1460 451 1526 et,
488 1457 988 1527 quemadmodum
1039 1458 1250 1527 nostis,
1294 1459 1492 1516 animo
1522 1459 1596 1516 ob
1623 1461 1785 1516 omni
1811 1456 2020 1515 sollici-

371 1543 576 1600 tudine
605 1562 785 1601 vacuo
815 1546 1022 1620 divina
1070 1546 1216 1620 legis
1247 1549 1482 1621 negotia
1509 1549 1818 1606 tractanda
1856 1552 2015 1605 sunt.

374 1632 763 1697 Quamobrem
792 1637 1079 1709 episcopis
1113 1638 1524 1696 mandavimus
1553 1644 1618 1695 ut
1644 1637 2021 1711 Adrianopoli

376 1722 629 1779 reditum
689 1730 958 1783 nostrum
1014 1732 1439 1800 exspectarent,
1474 1733 1559 1795 ut,
1589 1733 1901 1802 postquam
1953 1744 2023 1784 ea

379 1828 509 1883 qua
540 1812 613 1868 ad
644 1814 1066 1886 rempublicam
1087 1817 1384 1888 pertinent
1402 1822 1556 1874 recte
1576 1818 1794 1874 fuerint
1810 1818 2023 1874 consti-

380 1908 526 1966 tute,
560 1906 700 1958 tunc
732 1904 969 1961 demum
998 1922 1125 1977 qua
1156 1905 1243 1961 illi
1271 1908 1905 1980 suggesserint,audire
1936 1912 2023 1963 at-

903 510 969 567 S.
1016 506 1439 567 ATHANASH
1485 506 1657 567 OPP.
1704 504 1908 567 PARS
1954 507 2001 564 Ι.

2145 503 2558 570 HlSTORlCA
2603 509 2703 569 ΕΤ
2747 508 3226 571 DOGMATICA.

2038 648 2093 713 Α

3651 510 3773 571 ’792

2464 637 2763 711 Ἑρμηνεία
2802 646 2898 708 τῆς
2941 638 3235 710 ἐπιπολῆς
3277 642 3411 714 (91).

2197 744 2307 816 (92)
2339 742 2705 805 Κωνστάντιος
2735 747 2981 816 Νικητης
3012 746 3102 800 καὶ
3135 741 3514 822 Θριαμϐευτῆς
3566 744 3776 823 Αὔγου-

2126 852 2251 893 στος
2279 838 2439 887 πᾶσιν
2468 831 2783 897 ἐπισκόποις
2814 840 2933 896 τοῖς
2981 832 3033 890 ἐν
3068 836 3350 909 Ἀριμήνῳ
3403 835 3772 894 συνελθοῦσιν.

2197 920 2309 976 ’Λεὶ
2342 922 2436 995 μὲν
2470 924 2583 996 (93)
2626 923 3051 999 προηγουμένην
3102 926 3252 998 ἡμᾶς
3306 921 3453 1000 ἔχειν
3515 924 3777 1004 φροντίδα

2125 1010 2375 1086 περὶτοῦ
2406 1014 2553 1068 θειου
2582 1013 2672 1068 καὶ
2725 1017 3100 1089 προσκυνητοῦ
3149 1013 3341 1088 νόμου,
3375 1012 3500 1070 οὐδὲ
3552 1018 3587 1085 ἡ
3642 1017 3776 1090 ὑμε-

2124 1099 2253 1177 τέρα
2283 1102 2601 1177 χρηστότης
2632 1103 2838 1179 ἀγνοεῖο
2872 1102 3016 1161 ἀλλά
3043 1108 3131 1159 νῦν
3161 1101 3294 1167 τοὺς
3324 1103 3472 1180 παρὰ
3511 1111 3611 1175 τῆς
3658 1127 3779 1161 συν.

2128 1189 2292 1253 έσεως
2350 1193 2463 1264 (94)
2528 1191 2679 1265 ὑμῶν
2733 1192 3132 1258 ἀποσταλέντας
3164 1190 3364 1251 εἷ’κοσιν
3424 1192 3774 1265 ἐπισκόπους,

2128 1276 2550 1353 ἀναδεξαμένους
2606 1282 2705 1351 τήν
2754 1284 2881 1358 παρ’
2932 1283 3084 1357 ὑμῶν
3138 1278 3446 1358 πρεσϐείαν,
3492 1283 3626 1346 τέως
3678 1283 3778 1339 οὐκ

2128 1366 2480 1443 ἠδυνήθημεν
2535 1372 2649 1446 (95)
2707 1371 2901 1435 αὐτοὺς
2981 1370 3131 1432 ἰδεῖν.
3184 1373 3481 1448 Ἀναγκαία
3536 1372 3636 1449 γάρ
3690 1394 3775 1436 τις

2128 1460 2277 1531 ἡμᾶς
2317 1456 2535 1535 ἤπειγεν
2580 1462 2616 1530 ἡ
2673 1462 2809 1537 πρὸς
2861 1461 2989 1524 τοὺς
3041 1457 3346 1538 βαρϐάρους
3378 1460 3523 1525 ὁδός·
3555 1463 3668 1535 καὶ,
3700 1462 3775 1525 ὡς

2131 1544 2334 1617 οἷ’δατε,
2364 1550 2555 1624 πρέπει
2586 1550 2688 1620 τὴν
2716 1551 2922 1626 ψυχὴν,
2955 1553 3191 1626 καθαρὰν
3239 1548 3402 1607 οὖσαν
3435 1552 3542 1607 ἀπὸ
3597 1551 3775 1621 πάσης

2132 1634 2442 1716 φροντίδος,
2491 1638 2558 1693 τά
2612 1639 2737 1715 περὶ
2792 1644 2890 1696 τοῦ
2944 1638 3090 1705 θείου
3141 1641 3316 1713 νόμου
3372 1639 3772 1716 διαγυμνάζειν.

2131 1730 2439 1802 Τοιγαροῦν
2484 1727 2610 1790 τοὺς
2656 1726 2984 1791 ἐπισκόπους
3043 1726 3398 1802 ἐκελεύσαμεν
3452 1732 3561 1803 (96)
3604 1729 3655 1785 ἐν
3703 1734 3772 1805 τῇ

2135 1812 2582 1890 Ἀδριανουπόλει
2640 1813 2945 1890 ἐκδέξασθαι
3013 1820 3111 1887 τήν
3166 1818 3435 1895 ἡμετέραν
3488 1816 3774 1887 ἐπάνοδον,

2127 1902 2237 1974 ἵνα,
2271 1901 2485 1960 ἐπειδᾶν
2516 1904 2684 1960 πάντα
2730 1903 2914 1969 καλως
2963 1903 3183 1981 διατεθῇ
3241 1907 3308 1962 τὰ
3365 1903 3627 1980 δημόσια,
3656 1908 3778 1962 τότε

380 2008 495 2063 que
523 1993 847 2064 expendere
874 1994 1191 2052 valeamus.
1222 1995 1440 2053 Vestra
1473 1998 1655 2070 igitur
1681 1996 2022 2054 constantia

2145 1993 2329 2048 tomwa
2387 1995 2520 2068 ἅπερ
2554 1995 2613 2049 ἂν
2646 1989 2990 2051 ὑποϐάλωσιν
3026 1998 3161 2068 (97),
3194 1995 3421 2051 ἀκοῦσαι
3477 1995 3567 2052 καὶ
3624 1993 3774 2051 δοκι-

381 2098 454 2137 ne
483 2081 798 2138 molestum
826 2085 903 2139 sit
930 2100 1131 2140 eorum
1161 2085 1413 2142 reditum
1437 2091 2024 2158 exspectare,ut,cum

2145 2084 2297 2154 μάσαι
2359 2078 2694 2155 δυνηθῶμεν.
2727 2086 2807 2157 Τῇ
2869 2082 3051 2156 μέντοι
3111 2083 3427 2160 στερρότητι
3482 2084 3631 2157 ὑμῶν
3696 2086 3773 2158 μὴ

380 2172 592 2226 reversi
628 2171 862 2236 fuerint,
886 2178 1087 2230 nostra
1116 2176 1188 2229 ad
1214 2190 1317 2231 vos
1343 2190 1625 2247 responsa
1654 2175 1926 2245 terentes,
1958 2190 2027 2230 ea

382 2276 508 2331 qua
538 2258 849 2316 utilitatem
871 2262 1142 2320 Ecclesia
1170 2262 1466 2320 catholica
1496 2264 1870 2336 spectant,ad
1903 2263 2022 2319 exi-

378 2354 506 2403 tum
538 2350 855 2421 perducere
886 2351 1145 2422 possitis.
1185 2352 1603 2426 Hao-episcopi
1651 2356 2023 2426 acceperunt,

379 2438 571 2494 tribus
600 2439 1008 2497 referentibus.

685 2747 1009 2819 Exemplum
1038 2748 1279 2819 epistola
1309 2747 1708 2820 episcoporum.

444 2869 578 2924 Tua
608 2868 926 2927 clementia
970 2871 1195 2930 litteras
1239 2874 1595 2946 accepimus,
1635 2872 1871 2930 domine
1918 2871 2022 2929 im-

376 2963 608 3030 perator
637 2959 1099 3034 religiosissime,
1133 2963 1353 3034 quibus
1380 2962 1700 3035 signiﬁcas,
1734 2961 1890 3033 te,ob
1921 2978 2024 3034 pu-

374 3047 663 3105 blicorum
724 3050 1089 3121 negotiorum
1138 3052 1570 3121 necessitatem,
1602 3050 1863 3107 nondum
1921 3066 2021 3121 po-

376 3137 561 3194 tuisse
607 3138 827 3211 legatos
887 3144 1118 3197 nostros
1172 3141 1244 3196 ad
1298 3146 1673 3212 conspectum
1719 3138 2025 3194 admittere

378 3232 549 3282 tuum
575 3244 588 3281 :
612 3228 1027 3299 nosquejubes
1050 3246 1253 3285 eorum
1274 3230 1531 3286 reditum
1556 3227 2025 3300 exspectare,do-

380 3331 485 3370 nec
528 3315 717 3387 pietas
763 3322 866 3373 tua
912 3334 1015 3388 per
1060 3317 1191 3375 illos
1240 3318 1393 3374 norit
1441 3335 1569 3390 qua
1621 3321 1761 3374 sunt
1789 3335 1821 3372 a
1853 3316 2023 3373 nobis

2137 2168 2273 2247 βαρὺ
2328 2169 2616 2248 φαινέσθω,
2649 2169 2786 2225 ὥστε
2843 2168 3146 2242 ἐκδέξασθαι
3203 2173 3303 2241 τὴν
3352 2171 3526 2226 αὐτῶν
3580 2171 3777 2226 ἐπάνο·

2135 2256 2250 2326 δον,
2302 2258 2393 2315 *ίνα
2441 2256 2652 2315 ἐπειδὰν
2728 2258 3063 2324 ἐπανέλθωσι
3120 2259 3440 2334 κομίζοντες
3496 2261 3621 2333 ὑμῖν
3680 2261 3778 2322 τὰς

2132 2349 2399 2423 ἡμετέρας
2430 2348 2763 2425 ἀποκρίσεις,
2797 2345 3064 2420 δυνηθῆτε
3096 2348 3172 2412 εἰς
3220 2350 3387 2425 πέρας
3433 2349 3651 2424 ἀγαγεῖν
3712 2348 3781 2403 τὰ

2132 2439 2271 2512 πρὸς
2294 2441 2393 2508 τὴν
2429 2436 2763 2494 λυσιτέλειαν
2810 2438 3076 2510 ἀνήκοντα
3125 2442 3194 2513 τῇ
3240 2438 3507 2512 καθολικῇ
3538 2435 3777 2508 Ἐκκλη-

2134 2525 2259 2598 σίᾳ.
2314 2531 2490 2583 Ταῦτα
2572 2525 2814 2599 ἐδέξαντο
2901 2528 2953 2582 οἱ
3031 2527 3352 2599 ἐπίσκοποι,
3425 2525 3781 2603 ἐπαγομένων

2127 2620 2291 2692 τριῶν

2514 2741 2871 2819 Ἀντίγραφον
2908 2745 3016 2797 τῶν
3059 2741 3394 2798 ἐπισκόπων.

2203 2869 2285 2925 Τὰ
2330 2868 2629 2943 γράμματα
2676 2870 2773 2933 τῆς
2828 2874 2926 2937 σῆς
2986 2866 3401 2946 φιλανθρωπίας
3457 2864 3769 2941 ἐδεξάμεθα,

2129 2957 2282 3033 κύριε
2329 2955 2707 3035 θεοφιλέστατε
2762 2953 3005 3031 βασιλεῦ,
3034 2956 3101 3011 τὰ
3147 2955 3471 3031 περιέχοντα
3529 2952 3617 3011 διὰ
3671 2957 3770 3024 τήν

2132 3043 2415 3119 δημοσίων
2448 3045 2683 3120 ἀνάγκην
2720 3043 2857 3100 τέως
2892 3046 2967 3117 μὴ
3010 3041 3328 3114 δεδυνῆσθαί
3378 3065 3435 3099 σε
3488 3045 3602 3115 (99)
3652 3042 3780 3107 τοὺς

2122 3134 2432 3209 -ἡμετέρους
2464 3130 2714 3211 πρέσϐεις
2766 3136 3057 3209 θεωρῆσαι·
3100 3136 3249 3207 ἡμᾶς
3292 3154 3349 3188 τε
3394 3133 3632 3195 κελεύεις
3690 3132 3776 3189 ἐκ·

2134 3221 2379 3295 δέξασθαι
2406 3223 2506 3292 τήν
2539 3222 2711 3278 αὐτῶν
2749 3220 3036 3290 ἐπάνοδον,
3066 3219 3169 3285 ἓως
3225 3221 3285 3277 ἂν
3342 3224 3410 3277 τὰ
3458 3224 3584 3298 παρ’
3614 3225 3773 3295 ἡμῶν

2134 3312 2414 3389 ὁρισθέντα
2465 3309 2779 3375 ἀκολούθως
2822 3317 2939 3374 τοῖς
2999 3310 3293 3387 προγόνοις
3363 3314 3525 3384 ἡμῶν
3575 3310 3777 3389 ἐπιγνῷ

371 3404 544 3474 juxta
563 3405 855 3475 majorum
880 3411 1214 3463 nostrorum
1238 3407 1613 3467 traditionem
1637 3407 1885 3463 decreta.
1910 3409 2024 3460 Nos

2145 3401 2262 3477 παρ’
2294 3401 2472 3456 αὐτῶν
2504 3402 2538 3469 ἡ
2574 3401 2639 3469 σὴ
2674 3395 2934 3457 εὐσέϐεια.
2968 3397 3145 3455 Ἀλλά
3168 3400 3257 3455 καὶ
3286 3404 3378 3454 νῦν
3426 3396 3517 3454 διὰ
3571 3398 3775 3454 τούτων

376 3509 513 3549 vero
543 3493 718 3549 etiam
751 3511 907 3551 nunc
935 3495 1030 3551 his
1058 3495 1268 3553 litteris
1298 3496 1660 3569 profitemur,
1679 3500 1738 3551 et
1765 3495 2024 3550 affirma-

379 3599 536 3652 mus,
569 3582 907 3641 nullatenus
956 3601 1064 3642 nos
1093 3601 1127 3641 a
1157 3586 1454 3659 proposito
1502 3588 1701 3641 nostro
1722 3583 2025 3655 [discessu-

381 3688 478 3728 ros
511 3688 525 3727 :
558 3672 617 3728 id
651 3673 807 3729 enim
839 3672 1048 3747 legatis
1077 3691 1310 3747 quoque
1340 3676 1557 3732 nostris
1586 3674 2026 3746 iussimus.Ro-

383 3777 593 3833 gamus
620 3762 908 3835 itaque,ut
940 3761 1169 3835 placido
1199 3763 1389 3830 vultu,
1414 3768 1541 3819 tum
1573 3763 1695 3819 hac
1720 3760 2027 3817 mediocri-

384 3852 522 3907 tatis
553 3856 763 3908 nostra
796 3853 1015 3926 scripta
1037 3854 1251 3924 jubeas
1281 3852 1653 3926 perlegi,tum
1683 3869 1751 3908 ea
1780 3868 1907 3924 qua
1929 3866 2033 3923 per

381 3939 605 4014 legatos
654 3946 885 3999 nostros
934 3943 1365 4011 mandavimus,
1398 3941 1839 4015 perhumaniter
1882 3938 2030 3996 acci-

385 4029 534 4102 pias.
584 4031 759 4087 Porro
817 4036 920 4088 tua
977 4031 1310 4102 benignitas
1368 4031 1678 4088 nobiscum
1736 4028 2032 4102 intelligit,

387 4125 645 4192 quantus
677 4138 892 4177 maeror
920 4126 975 4177 et
1003 4121 1246 4178 tristitia
1261 4138 1432 4179 'nunc
1457 4121 1726 4194 sit,quod
1756 4119 1875 4176 tuis
1906 4118 2032 4174 feli-

384 4208 639 4266 cissimis
686 4210 1071 4282 temporibus,
1101 4214 1187 4267 tot
1230 4210 1500 4267 Ecclesia
1529 4210 1819 4282 episcopis
1862 4208 2035 4264 desti-

385 4302 524 4353 tuta
553 4298 694 4366 sint,
717 4304 773 4355 et
800 4298 1016 4355 idcirco
1048 4298 1420 4355 clementiam
1452 4305 1615 4354 tuam
1647 4299 1824 4354 etiam
1856 4302 2034 4369 atque

387 4386 564 4442 etiam
597 4388 1140 4459 rogamus,domino
1174 4389 1286 4444 Deo
1317 4387 1664 4443 charissima
1695 4386 2034 4458 imperator,

388 4479 453 4532 ut
483 4480 617 4531 ante
645 4474 859 4532 hiemis
890 4478 1288 4551 asperitatem,
1322 4478 1369 4533 si
1403 4477 1641 4549 quidem
1685 4476 1744 4531 id
1773 4479 1888 4531 tua
1919 4474 2038 4547 pie-

388 4565 495 4622 tati
527 4564 831 4637 placuerit,
865 4584 973 4625 nos
1018 4567 1090 4623 ad
1123 4572 1354 4623 nostras
1404 4565 1689 4623 Ecclesiae
1725 4565 1913 4622 redire
1936 4564 2035 4636 ju-

387 4654 527 4712 beas
561 4671 574 4711 :
609 4673 724 4728 quo
754 4656 1055 4727 possimus
1102 4655 1486 4729 omnipotenti
1515 4656 1651 4726 Deo,
1684 4659 1741 4711 et
1789 4654 2036 4710 Domino

388 4760 456 4800 ac
487 4743 776 4803 Salvatori
823 4751 1025 4803 nostro
1077 4745 1329 4813 Christo,
1363 4745 1519 4801 614
1550 4744 1693 4802 Filio
1735 4744 1863 4816 ejus
1912 4743 2039 4800 uni-

480 4999 591 5072 (91)
613 4999 687 5072 in
720 4999 893 5072 Regio
942 4999 1085 5068 hac,
1118 5003 1398 5072 Ερμηνεια
1446 5021 1547 5071 της
1586 4995 1901 5068 ἐπιστολῆς,
1933 4999 2044 5057 mi-

405 5070 583 5125 niatis
612 5070 829 5127 litteris
854 5073 1072 5128 scripta
1102 5070 1259 5128 sunt.

402 5137 749 5284 ca£92§7Hac
777 5137 1024 5216 epistola
1052 5144 1303 5201 habetur
1330 5145 1486 5217 apnd
1518 5146 1813 5203 Socratem
1842 5144 1945 5201 lib.
1973 5160 2036 5211 ιι,

473 5282 586 5354 (93)
613 5282 723 5338 Μέν
756 5286 921 5341 deest
950 5286 1009 5341 in
1038 5291 1290 5344 Socrate.

489 5356 581 5427 94)
612 5357 857 5425 Socrat.,
892 5356 995 5411 ἀπὸ
1025 5365 1123 5427 τῆς
1151 5379 1266 5413 συν.

489 5427 579 5503 95)
611 5428 847 5503 Regius,
874 5448 934 5482 τε
990 5428 1063 5491 ὡς
1121 5430 1222 5484 οὐκ
1272 5427 1631 5503 ἐδυνήθημεν.
1688 5437 1752 5488 In
1812 5432 2035 5503 Socrat.

397 5494 594 5581 αὐτούς
624 5494 857 5581 ‘deest;
879 5505 1015 5581 'Mox
1062 5508 1302 5581 _S_opral.,
1334 5494 1593 5579 ἀναγκαία
1645 5506 1745 5581 γὰρ
1803 5504 1939 5576 ἡμῖν
1998 5501 2033 5570 ἡ

398 5569 683 5647 πρὸς-τούς
720 5566 1025 5647 βαρϐάρους
1057 5570 1195 5634 ὁδός.

472 5644 586 5710 (96)
611 5644 701 5699 Sic
720 5641 947 5717 Regius
995 5654 1050 5700 el
1107 5647 1326 5702 Socrat.
1376 5647 1528 5703 Editi
1585 5664 1739 5716 vero,
1771 5641 2038 5700 διεκελεύ-

398 5728 585 5767 σαμεν.

615 5784 858 5859 §ocrat.,
891 5785 1023 5859 ἅπερ
1054 5782 1481 5859 ὑποϐάλλουσιν.

476 5854 587 5927 (98)
618 5856 860 5927 Socrat.,
891 5854 1055 5911 ταῦτα
1085 5855 1361 5931 δεξάμενοι
1392 5861 1460 5915 τὰ
1503 5858 1803 5935 γράμματα
1827 5858 1879 5914 οἱ
1908 5858 2033 5914 ἐπί-

565 5285 586 5493 ξ

2132 3494 2240 3546 τῶν
2297 3489 2634 3565 γραμμάτων
2694 3487 3104 3566 ὁμοὶογοῦμεν,
3149 3488 3237 3544 καὶ
3299 3482 3775 3560 διαϐεϐαιούμεθα,

2139 3575 2411 3652 μηδαμῶς
2457 3578 2603 3649 ἡμᾶς
2650 3576 2952 3652 ἀναχωρεῖν
2988 3583 3089 3646 τῆς
3140 3566 3774 3651 ἡμετέραςπροθέσεως·

2133 3670 2294 3722 τοῦτο
2322 3665 2423 3742 γὰρ
2456 3668 2531 3739 (1)
2563 3665 2652 3720 καὶ
2679 3671 2796 3728 τοῖς
2825 3659 3143 3743 πρεσϐεὖσιν
3174 3668 3334 3739 ἡμῶν
3375 3662 3776 3737 ἐνετειλάμεθα.

2137 3759 2418 3831 Ἀξιοῦμεν
2449 3755 2630 3811 τοίνυν
2662 3755 2811 3819 ὅπως
2844 3755 3114 3831 γαληναίᾳ
3159 3759 3228 3831 τῇ
3282 3754 3548 3832 προσόψει
3602 3755 3668 3809 τά
3723 3774 3783 3809 τε

2137 3851 2228 3901 νῦν
2286 3846 2583 3921 γράμματα
2636 3851 2735 3914 τῆς
2788 3843 3055 3921 ἡμετέρας
3116 3842 3469 3921 μετριότητος
3521 3840 3781 3917 κελεύσῃς

2141 3936 2572 4011 ἀναγνωσθῆναι.
2607 3930 2782 3991 Ἀλλὰ
2824 3936 2927 4009 γὰρ
2965 3933 3205 4002 κάκεῖνα,
3238 3933 3271 3987 a
3320 3930 3407 3987 διὰ
3457 3936 3563 3987 τῶν
3619 3951 3784 4007 πρεσ-

2142 4019 2278 4079 ϐέων
2338 4026 2495 4096 ἡμῶν
2571 4020 2972 4096 ἐνετειλάμεθα,
3024 4020 3200 4092 ἡδέως
3276 4019 3523 4096 ὑποδέξῃ.
3575 4022 3785 4078 Ἐκεῖνο

2146 4113 2331 4185 μέντοι
2359 4115 2555 4185 συνορᾷ
2588 4112 2698 4184 μεθ’
2730 4111 2892 4183 ἡμῶν
2918 4109 3009 4165 καὶ
3038 4112 3074 4180 ἡ
3108 4112 3174 4180 σὴ
3211 4108 3509 4186 ἡμερότης,
3543 4107 3644 4179 ὅση
3696 4112 3789 4162 νῦν

2142 4199 2252 4256 ἐστι
2304 4198 2451 4270 λύπη
2502 4200 2593 4254 καὶ
2652 4201 2939 4278 κατήφεια,
2971 4199 3055 4254 ὅτι
3107 4197 3302 4261 ἐντοῖς
3336 4204 3452 4260 σοῖς
3484 4200 3560 4272 (2)
3615 4218 3791 4271 μακα-

2146 4288 2431 4367 ριωτάτοις
2484 4293 2697 4365 καιροῖς
2755 4291 3009 4343 τοσαῦται
3060 4285 3381 4359 Ἐκκλησίαι
3433 4286 3610 4365 χωρὶς
3678 4283 3796 4341 ἐπι-

2145 4381 2359 4437 σκόπων
2389 4380 2509 4436 εἷ’σίο
2540 4380 2629 4435 καὶ
2663 4376 2752 4435 8ιά
2778 4383 2941 4436 τοῦτο
2970 4378 3134 4436 πάλιν
3175 4381 3275 4450 τήν
3327 4380 3424 4449 σὴν
3478 4375 3796 4457 φιλανθρω-

2143 4472 2268 4527 πίαν
2330 4470 2605 4543 ἀξιοῦμεν,
2662 4469 2817 4546 κύριε
2886 4467 3262 4548 θεοφιλέστατε
3336 4465 3580 4545 βασιλεῦ,
3640 4468 3794 4529 ὅπως

2144 4561 2252 4637 πρὸ
2280 4566 2379 4630 τῆς
2409 4559 2753 4635 τραχύτητος
2781 4561 2890 4614 τῶν
2917 4559 3238 4635 χειμώνων,
3271 4554 3421 4634 εἷ’περ
3472 4554 3677 4633 ἀρέσειε
3723 4553 3794 4630 τῇ

2147 4649 2214 4725 σῇ
2244 4644 2504 4721 εὐσεϐείᾳ,
2535 4646 2793 4722 κελεύσῃς
2850 4649 2999 4721 ἡμᾶς
3058 4646 3132 4711 εἲς
3188 4647 3287 4705 τὰς
3342 4645 3610 4721 ἡμετέρας
3670 4646 3792 4698 Ἐκ-
3880 4704 3887 4711 ,

2145 4737 2376 4811 κλησίας
2407 4735 2735 4808 ἐπανελθεῖν,
2773 4736 2907 4812 ὑπὲρ
2934 4740 3031 4792 τοῦ
3072 4733 3325 4792 δύνασθαι
3351 4736 3500 4809 ἡμᾶς
3538 4737 3618 4805 τῷ
3663 4754 3797 4787 παν-

2156 5013 2371 5064 σκοποι,
2423 4988 2572 5057 αὖθις
2636 4993 2860 5048 τοιαῦτα
2908 4990 3260 5122 ἀντέγραὲαν.
3309 4990 3572 5121 Sequens
3619 5006 3794 5065 porro

2156 5070 2399 5122 epistola
2427 5068 2672 5122 habetur
2699 5066 2917 5121 ibidem
2950 5067 3105 5122 anud
3180 5071 3362 5122 ocrat.
3418 5066 3498 5120 ib.
3531 5081 3592 5122 ιι.
3616 5080 3666 5119 c.
3692 5066 3784 5122 34.

2148 5070 2399 5143 epistola
2427 5068 2672 5143 habetur
2699 5066 2917 5143 ibidem
2950 5066 3362 5143 apud_$ocra_t.
3396 5066 3498 5143 lib.
3531 5081 3592 5130 ιι,
3616 5066 3784 5143 (ιε-34,

2147 5136 2206 5199 et
2234 5142 2385 5214 apud
2412 5139 2698 5214 [Ιξὶιοοᾴοιιἶ
2725 5136 2827 5192 lib.
2862 5153 2923 5214 ιι,
2949 5136 3074 5210 cap.
3098 5139 3171 5214 20
3198 5154 3211 5204 ;
3236 5139 3337 5214 sed
3368 5137 3517 5209 stle
3535 5136 3794 5214 multum

2147 5207 2556 5270 dive-rea.Nam
2584 5209 2780 5265 Latine
2807 5207 3061 5281 primum
3094 5210 3229 5264 data
3245 5207 3597 5281 aliam—apud
3618 5207 3798 5281 Atha-

2147 5284 2382 5342 nasium
2413 5288 2469 5338 et
2497 5279 2823 5353 Socratem,
2846 5279 3018 5336 aliam
3052 5281 3207 5353 apud
3239 5279 3667 5338 Theodoretum
3699 5280 3790 5335 in-

2149 5354 2629 5428 terpretationem
2659 5351 2855 5428 habet.

2220 5418 2329 5499 ('99)
2360 5426 2577 5499 Regius
2608 5424 2821 5499 podex,
2873 5418 3252 5499 δεδυνῆσθαι,
3302 5422 3606 5499 mendose.
3654 5421 3791 5478 Mox

2145 5488 2391 5564 Subruit,
2423 5488 2571 5568 {i154
2605 5491 2679 5551 δέ.
2712 5488 2871 5568 Infra
2900 5488 3144 5568 ἱόθωίὴ
3177 5488 3249 5562 σῆ
3277 5488 3551 5568 εὐλάϐεια.

2216 5572 2293 5644 (1)
2325 5560 2655 5644 I‘d’zp"deest
2706 5566 2769 5623 in
2826 5560 3083 5624 Socrate.
3117 5560 3275 5623 Infra
3323 5566 3564 5638 Regius,
3608 5560 3793 5638 γαλη·

2142 5642 2299 5714 ναίῳ.

2215 5704 2423 5789 (‘2),Sic
2475 5710 2689 5789 Regius
2746 5710 2929 5789 code;
2984 5712 3042 5766 et
3089 5710 3472 5789 $ocr_ales.1_n
3504 5707 3702 5789 editis,
3736 5704 3791 5761 ἐν

2143 5791 2201 5843 et
2220 5776 2345 5847 ’σοῖς
2378 5776 2751 5841 ἀεθεῐῖιιιῐιιε
2780 5779 2995 5853 Regius
3020 5779 3112 5836 καί
3145 5781 3322 5839 habet
3346 5784 3480 5838 ante
3508 5776 3700 5834 πάλιν.
