4082 6344
285 445 407 506 ’793
1481 450 1748 512 TOMUS
1795 451 1898 511 AD
1941 451 2521 513 ANTIOCHENOS.
3579 452 3702 510 794

285 577 578 651 τοκράτορι
625 582 764 650 Θεῷ,
811 580 900 634 καὶ
947 585 1026 652 τῷ
1079 581 1322 657 Δεσπότῃ
1374 585 1460 637 καὶ
1514 589 1733 659 Σωτῆρι
1775 587 1897 655 ἡμᾶ

2089 586 2261 654 enito,
2296 602 2395 656 pro
2426 584 2670 656 imperio
2702 588 2801 639 tuo
2831 587 3138 640 consuetas
3192 601 3312 638 una
3342 599 3473 637 cum
3510 601 3701 655 popu-

291 670 510 740 Χριστῷ
541 668 638 740 (3),
683 672 764 740 τῷ
806 667 917 741 1⁵ἷῷ
970 667 1134 724 αὐτοῦ
1185 676 1263 743 τῷ
1306 678 1610 747 μονογενεῖ,
1663 673 1792 748 ὑπὲρ
1841 680 1903 742 τῆ

2092 692 2119 729 s
2152 690 2350 746 preces
2381 674 2675 729 effundere
2711 689 2722 726 :
2759 673 2911 728 sicut
2941 678 3074 728 ante
3107 689 3339 744 semper
3370 672 3702 743 fecimus,et

292 760 391 824 σῆς
442 752 756 830 βασιλείας,
797 758 893 820 τὰς
949 758 1173 832 ἐθίμους
1224 760 1389 835 εὐχὰς
1444 761 1574 834 μετὰ
1621 766 1730 816 τῶν
1789 760 1904 816 λαῶ

1621 766 1730 816 τῶν
1789 760 1935 816 λαῶν
2049 779 2204 818 nunc
2233 768 2467 818 orantes
2498 762 2686 819 facere
2717 779 2834 818 non
2865 761 3232 818 desistimus.

294 841 680 922 ἀποπληροῦν,
708 847 890 911 καθὼς
918 848 1008 902 καὶ
1041 848 1120 904 ἀεὶ
1153 847 1558 924 ἐπετελέσαμεν,
1593 851 1682 905 καὶ
1710 855 1798 907 νῦν
1834 848 2101 924 ποιοῦμεν
2136 849 2452 926 εὐχόμενοι.

365 1054 443 1126 (3)
473 1057 715 1125 Socrat.,
748 1053 928 1123 Ἰησοῦ
960 1059 1198 1128 Χριστῷ.

1146 1489 1260 1577 IN
1319 1491 1767 1581 'l‘OMUM
1823 1495 1965 1613 AD
2035 1491 2850 1582 AN'l‘IOCHENOS

1599 1738 2426 1873 MONITUM.

369 2045 415 2100 Ι.
445 2049 515 2102 In
540 2045 822 2118 prioribus
872 2045 1034 2101 editis
1083 2046 1283 2102 Graecis
1331 2045 1574 2116 epistolae
1614 2062 1812 2102 nomen
1860 2047 2065 2102 obtinet
2110 2048 2209 2104 hoc
2255 2047 2596 2119 opusculum,
2643 2046 2918 2102 editorum
2964 2062 3101 2102 sane
3148 2049 3304 2115 vitio,
3349 2064 3482 2102 nam
3528 2045 3713 2118 Τόμος

308 2140 670 2205 nuncupatur
700 2137 761 2190 in
790 2136 1042 2191 omnibus
1083 2152 1224 2206 pene
1269 2136 1572 2206 codicibus,
1603 2140 1653 2191 et
1685 2136 1906 2192 Tomus
1936 2138 1996 2191 in
2037 2138 2310 2194 veteribus
2339 2136 2497 2192 editis
2544 2137 2781 2192 Latinis.
2815 2138 2878 2190 Et
2923 2153 3045 2192 vero
3073 2154 3188 2190 non
3237 2136 3560 2191 insolentem
3607 2151 3718 2190 esse

306 2225 538 2280 titulum
568 2224 858 2293 eiusmodi,
890 2241 1014 2280 cum
1043 2225 1180 2281 aliis
1208 2223 1504 2294 permultis
1550 2225 1836 2296 exemplis,
1867 2230 1986 2280 tum
2020 2229 2276 2282 maxime
2307 2227 2406 2282 hoc
2437 2226 2714 2281 luculento
2743 2228 3002 2297 Gregorii
3031 2228 3382 2281 Nazianzeni
3411 2225 3718 2280 testimonio

303 2315 712 2386 comprobatur.
745 2317 793 2370 Is
839 2317 988 2370 enim
1035 2316 1265 2386 epistola
1295 2314 1347 2383 4,
1378 2314 1453 2369 ad
1503 2314 1840 2384 Cledonium,
1871 2332 1915 2370 si

2101 2317 2170 2372 νει
2217 2319 2438 2387 loquens
2485 2315 2550 2370 de
2597 2316 3048 2386 Apollinaristis:
3097 2313 3333 2385 Δείξουσι
3379 2310 3435 2365 δὲ
3477 2310 3713 2379 πάντως,

295 2403 329 2471 ἢ
366 2399 456 2457 διὰ
498 2403 679 2476 τόμου
711 2400 1020 2474 συνοδικοῦ,
1116 2400 1187 2457 δι’
1217 2401 1518 2458 ἐπιστολῶν
1564 2408 1896 2456 κοινωνικῶν

2102 2426 2124 2464 ς
2153 2405 2254 2478 γὰρ
2301 2409 2408 2458 τῶν
2439 2401 2672 2457 συνόδων
2707 2403 2734 2457 ὁ
2766 2405 2956 2477 vam;-
3009 2404 3258 2460 Omnino
3291 2411 3485 2458 autem
3518 2410 3713 2458 osten-

298 2495 437 2550 dent
467 2497 551 2564 (se
581 2495 790 2550 scilicet
817 2495 892 2550 ad
913 2496 1350 2550 communionem
1375 2493 1641 2550 admissos
1666 2497 1803 2566 esse)
1835 2494 1921 2549 vel
1948 2511 2050 2566 per
2079 2501 2307 2550 tomum
2337 2495 2696 2566 synodalem,
2731 2495 2819 2550 vel
2847 2513 2948 2565 per
2975 2494 3254 2566 epistolas
3283 2491 3718 2549 communionis

298 2583 548 2640 indices.
579 2583 725 2640 Nam
761 2583 855 2640 hic
887 2584 1242 2657 synodorum
1277 2600 1404 2639 mos
1434 2591 1542 2639 est.
1577 2581 1761 2654 Τόμος
1794 2588 1980 2638 autem
2011 2588 2252 2649 vocatur,
2285 2586 2362 2639 ait
2390 2583 2710 2640 Philotheus
2733 2593 2882 2656 patr.
2920 2584 3012 2638 lib.
3049 2601 3111 2654 11,
3145 2583 3424 2638 adversus
3475 2581 3714 2653 Niceph.

303 2675 644 2746 Gregoram,
676 2673 817 2744 quod
847 2675 906 2730 in
933 2689 995 2730 eo
1021 2689 1110 2728 res
1137 2693 1405 2744 συντετμη
1417 2670 1610 2744 μὲνως,
1645 2673 1700 2728 id
1730 2676 1806 2728 est
1829 2690 1915 2745 pm

847 2675 906 2730 in
933 2689 995 2730 eo
1021 2689 1110 2728 res
1137 2693 1405 2744 συντετμη
1417 2670 1610 2744 μὲνως,
1645 2673 1700 2728 id
1730 2676 1806 2728 est
1829 2674 2046 2745 paucis,
2079 2678 2433 2730 enarrentur.

372 2791 443 2845 II.
473 2791 640 2846 Putat
668 2790 1072 2846 Felckmannus
1102 2789 1246 2846 hanc
1275 2791 1563 2862 epistolam
1588 2806 1685 2845 seu
1735 2799 1962 2856 tomum,
1994 2807 2108 2846 esse
2147 2793 2516 2862 fragmentum
2565 2789 2828 2846 alicunde
2874 2790 3169 2844 divulsum.
3221 2790 3349 2844 Haec
3391 2787 3542 2843 illius
3593 2791 3730 2842 sunt

296 2880 461 2935 verba
492 2895 505 2934 :
539 2881 602 2936 In
635 2879 834 2936 codice
863 2879 1212 2936 Gobleriano
1245 2885 1482 2936 notatur
1509 2881 1579 2936 ad
1612 2884 1762 2935 hanc
1793 2880 1908 2951 epis

2111 2922 2125 2946 ,
2157 2882 2316 2949 Ζήτει
2344 2882 2444 2948 τὴν
2473 2880 2651 2954 ἀρχὴν
2682 2883 2778 2932 τοῦ
2804 2877 2967 2932 αὐτοῦ
2999 2875 3166 2951 λόγου
3211 2877 3531 2950 (prwcessit
3559 2877 3714 2930 enim

301 2967 507 3022 Liberii
539 2965 828 3041 ἀκέφαλος)
863 2984 877 3024 :
911 2985 1026 3041 quo
1058 2968 1225 3024 innui
1255 2969 1485 3024 videtur
1513 2969 1664 3024 hanc
1695 2969 1968 3025 similiter
1996 2986 2124 3026 esse
2155 2971 2551 3042 fragmentum
2583 2971 2838 3040 alicujus
2885 2969 3040 3023 libri.
3072 2969 3256 3038 Cujus
3288 2967 3370 3022 rei
3401 2966 3577 3022 etiam
3611 2965 3718 3042 hoc

290 3055 586 3128 judicium
623 3062 732 3122 est,
763 3057 918 3128 quod
951 3057 1104 3112 infra
1137 3058 1246 3112 sub
1276 3057 1451 3113 finem
1484 3058 1826 3113 scribuntur
1857 3060 2127 3129 quaedam
2159 3076 2286 3130 quae
2321 3060 2379 3114 in
2409 3058 2769 3114 Antiochena
2815 3059 3035 3130 synodo
3069 3062 3197 3113 acta
3241 3061 3403 3117 sunt.
3436 3056 3507 3110 ad
3541 3071 3719 3124 quam

301 3151 498 3200 tamen
531 3143 862 3200 habendam
895 3146 1133 3200 demum
1165 3146 1444 3217 scriptam
1477 3161 1605 3202 esse
1635 3163 1703 3202 ex
1732 3151 2004 3202 contextu
2037 3152 2361 3219 apparet,et
2392 3151 2597 3203 auctor
2625 3151 2715 3202 est
2745 3147 3035 3202 Socrates.
3062 3145 3322 3200 Putarim
3364 3159 3468 3215 ego
3512 3143 3727 3214 episto-

301 3233 420 3288 lam
453 3232 603 3289 hanc
635 3250 770 3289 cum
804 3235 1143 3306 appendice,
1179 3235 1430 3306 alicujus
1462 3235 1594 3291 libri
1627 3237 1887 3309 synodici
1936 3236 2332 3308 fragmentum
2363 3254 2511 3304 esse,
2546 3242 2646 3292 aut
2692 3241 2847 3292 certe
2877 3235 2977 3290 illa
3026 3235 3134 3290 sub
3166 3235 3341 3289 finem
3383 3231 3620 3288 aliunde
3651 3231 3724 3285 ad

293 3322 608 3398 ppistolam
644 3328 864 3379 assuta.
898 3325 1070 3380 Porro
1099 3325 1167 3380 ad
1196 3327 1504 3394 marginem
1553 3325 1880 3397 Segueriani
1907 3328 2034 3382 item
2079 3327 2362 3397 scribitur,
2397 3327 2554 3395 Ζήτει
2586 3325 2787 3400 ἀρχήν,
2818 3324 3045 3397 perinde
3081 3334 3252 3395 atque
3281 3326 3339 3377 in
3373 3321 3722 3378 Gobleriano,

301 3411 458 3481 cujus
486 3413 672 3466 notam
699 3429 812 3466 non
845 3412 1117 3468 intellexit
1145 3411 1576 3481 Fetckmannus,
1607 3431 1708 3470 nec
1749 3415 2132 3470 intellecturus
2162 3421 2244 3470 est
2289 3416 2532 3486 quisq-uis
2577 3415 2832 3470 ordinem
2878 3413 3380 3483 nzanuscriptorum
3425 3409 3728 3466 Athanasii

304 3515 416 3555 non
450 3500 853 3556 adverterit.ln
882 3502 1134 3557 omnibus
1166 3504 1354 3574 itaque
1380 3503 1652 3558 codicibus
1681 3505 1928 3574 quos,vet
1954 3520 2192 3574 quorum
2221 3505 2525 3575 catalogum
2554 3503 2823 3574 dispicere
2855 3503 3028 3560 licuit
3052 3503 3142 3555 hic
3170 3511 3347 3556 tomus
3373 3501 3457 3554 bis
3485 3500 3724 3567 descrip-
3762 3559 3770 3567 ,

307 3600 395 3642 tus
421 3592 579 3652 est,et
604 3591 784 3660 primo
815 3591 1034 3661 quidem
1061 3593 1270 3663 integer
1296 3601 1460 3664 atque
1488 3593 2161 3660 absolutus,duodecimus
2190 3610 2418 3649 numero
2446 3594 2871 3663 habetur,atque
2901 3594 3102 3647 iterum
3132 3608 3192 3645 in
3220 3589 3421 3645 iisdem
3435 3592 3722 3660 septuage-

311 3678 486 3732 simus
515 3695 692 3734 nonus
721 3680 914 3735 Ordine
940 3681 1173 3748 locatur,
1203 3697 1314 3736 non
1345 3681 1562 3752 quidem
1608 3698 1677 3736 ex
1722 3684 1942 3753 integro
1987 3683 2311 3754 descriptus,
2343 3683 2432 3739 sed
2459 3683 2529 3738 ab
2579 3683 2743 3738 initio
2771 3683 2889 3749 eius
2916 3697 3048 3751 pars
3077 3679 3224 3735 haud
3253 3681 3457 3747 exigua
3485 3679 3563 3732 ibi
3590 3693 3726 3731 exa-

314 3771 503 3822 ratur.
536 3767 618 3824 Ad
647 3771 956 3840 marginem
987 3771 1167 3840 igitur
1193 3769 1502 3826 duodecimi
1529 3771 1776 3826 scribunt
1809 3773 2058 3839 librarii,
2110 3771 2266 3840 Ζήτει
2301 3771 2503 3845 ἀρχήν,
2533 3775 2732 3835 Quaere
2780 3770 3037 3836 initium,
3070 3771 3200 3839 quia
3241 3769 3446 3822 scilicet
3490 3765 3729 3834 ejusdem

318 3855 550 3911 initium
579 3861 974 3930 septuagesimo
1001 3874 1146 3915 nono
1177 3861 1288 3916 loco
1319 3860 1518 3915 iterum
1555 3863 1806 3932 ponitur,
1837 3877 1930 3916 cur

2156 3867 2285 3918 nota
2331 3863 2392 3916 in
2439 3863 2606 3931 Regio
2651 3860 2851 3929 codice,
2883 3858 3205 3932 Ιῐροεγράφη
3241 3855 3314 3916 εἷς
3368 3849 3436 3907 ιϐ’
3469 3851 3636 3926 λόγον
3667 3852 3729 3904 τὸ

314 3943 465 4012 ὅλον,
499 3945 839 4020 Descriptus
869 3952 958 4004 est
988 3965 1169 4020 supra
1198 3948 1423 4021 integer
1455 3949 1800 4006 duodecimo
1830 3955 2102 4006 tractatu.
2139 3952 2331 4023 Liquet
2359 3955 2542 4006 autem
2570 3951 2715 4004 hunc
2741 3953 2951 4004 tomum
2979 3948 3236 4004 omnibus
3264 3945 3512 4000 numeris
3539 3952 3590 3998 et
3606 3959 3735 4012 par-

312 4035 460 4090 tibus
485 4038 601 4092 suis
630 4037 948 4094 absolutum
977 4055 1110 4106 esse,
1144 4045 1207 4094 ut
1235 4055 1304 4094 ne
1332 4039 1416 4095 vel
1445 4041 1688 4096 minima
1717 4042 1959 4112 suspicio
1986 4042 2056 4095 sit
2086 4057 2198 4097 esse
2225 4042 2623 4114 fragmentum.
2655 4040 2888 4094 Paulini
2918 4054 3044 4093 vero
3069 4036 3312 4108 formula
3349 4035 3482 4104 ﬁdei
3511 4048 3636 4104 quae
3661 4031 3731 4086 ad

311 4125 526 4182 calcem
555 4131 744 4184 assuta
790 4137 892 4194 est,
923 4129 1220 4186 Antiochia
1267 4128 1486 4200 quidem
1531 4129 1678 4186 edita
1705 4133 1839 4201 fuit,
1887 4130 1977 4186 sed
2024 4139 2386 4201 congruenter
2429 4131 2557 4185 huic
2604 4138 2746 4186 tomo
2778 4129 3170 4184 Alexandrinae
3197 4123 3394 4197 synodi
3441 4123 3727 4189 attexitur,

313 4216 611 4272 subscribit
638 4219 791 4273 enim
819 4217 924 4274 ille
946 4218 1108 4274 rebus
1137 4217 1492 4274 Alexandria
1522 4219 1778 4275 decretis.

387 4331 482 4388 ΙΙΙ.
520 4333 666 4402 Quid
695 4334 1058 4390 Athanasium
1088 4338 1410 4406 exterasque
1439 4336 1630 4391 Patres
1653 4337 1985 4407 compulerit
2009 4336 2080 4391 ad
2109 4353 2232 4392 eam
2262 4336 2644 4392 celebrandam
2672 4333 2959 4406 synodum,
2994 4348 3064 4386 ex
3103 4331 3202 4387 hoc
3247 4335 3362 4402 ipso
3412 4338 3549 4385 tomo
3592 4343 3731 4382 com-

312 4422 499 4494 perire
530 4422 681 4480 licet.
723 4424 915 4478 Actum
944 4426 1092 4479 enim
1125 4425 1210 4480 ibi
1233 4427 1417 4496 primo
1445 4426 1556 4495 fuit
1581 4425 1646 4481 de
1675 4427 1839 4481 rebus
1869 4428 2228 4482 Antiochense
2258 4427 2516 4483 Ecclesiae
2561 4423 2962 4496 componendis.
2997 4425 3131 4478 Nam
3161 4432 3269 4476 tres
3301 4423 3361 4474 in
3401 4423 3586 4492 partes
3621 4417 3730 4471 dis-

319 4519 490 4567 tracta
521 4520 654 4567 tunc
695 4513 890 4568 civitas
937 4519 1080 4568 erat.
1114 4515 1310 4569 Prima
1335 4531 1564 4571 numero
1609 4516 1860 4570 maxima
1904 4520 2032 4571 erat
2073 4517 2432 4584 Arianorum,
2466 4517 2583 4586 qui,
2613 4515 2772 4585 pulso
2820 4512 3048 4580 Meletio,
3097 4511 3364 4566 Eutoium
3410 4523 3529 4565 suae
3570 4509 3732 4562 secta:

322 4600 603 4661 hominem
633 4604 939 4674 episcopum
971 4603 1079 4658 sibi
1106 4606 1509 4660 constituerant
1525 4625 1545 4672 ;
1574 4605 1635 4658 2ι
1662 4605 2098 4673 Meletianorum,
2129 4609 2190 4660 ut
2218 4606 2486 4662 vocabunt
2515 4621 2548 4660 a
2577 4605 2783 4660 Meletio
2829 4605 3100 4675 episcOpo,
3140 4617 3300 4673 quem
3338 4599 3538 4654 Ariani
3585 4596 3737 4652 ordi-

315 4699 527 4748 narant
554 4691 1002 4762 episcopum,rati
1024 4707 1145 4749 suae
1171 4697 1364 4764 favere
1389 4694 1770 4750 sententiaz.At
1797 4693 1896 4748 ubi
1921 4696 2171 4762 primum
2200 4703 2542 4764 agnoverunt
2556 4711 2685 4748 eum
2715 4690 3308 4748 consubstantialitatis
3337 4693 3626 4743 strenuum
3647 4683 3733 4738 de-

315 4779 588 4849 fensorem
616 4797 747 4851 esse,
781 4783 839 4836 in
872 4782 1133 4838 exsilium
1162 4781 1412 4852 ablegari
1439 4790 1728 4854 curarunt,
1750 4799 1875 4839 cum
1905 4786 2001 4838 vix
2026 4785 2270 4853 triginta
2303 4784 2524 4840 sedisset
2551 4784 2688 4839 dies.
2722 4783 2910 4839 lledux
2940 4782 3033 4838 ille
3057 4797 3183 4836 cum
3213 4780 3366 4840 aliis,
3396 4777 3622 4832 Iuliano
3653 4774 3736 4828 in-

319 4875 486 4926 eunte
524 4872 842 4943 imperium,
875 4888 909 4927 a
936 4873 1054 4926 suis
1102 4873 1317 4944 ingenti
1342 4873 1545 4944 gaudio
1592 4876 1846 4945 exceptus
1889 4873 2130 4946 fuerat;
2160 4876 2218 4928 3'|
2248 4875 2761 4941 Eustathianorum,
2793 4890 2826 4928 a
2868 4884 3061 4928 sancto
3108 4869 3384 4924 Eustathio
3431 4862 3736 4920 Antiochiae

320 4960 455 5016 olim
485 4961 734 5032 episcopo
767 4979 785 5015 :
815 4961 908 5017 sed
937 4961 1292 5028 Arianorum,
1321 4963 1522 5036 quibus
1549 4965 1958 5034 infensissimus
2004 4975 2142 5032 erat,
2175 4965 2405 5021 insidiis
2450 4966 2510 5019 in
2556 4965 2816 5019 exsilium
2860 4961 3046 5034 pulso,
3077 4969 3239 5030 atque
3287 4957 3405 5011 illic
3451 4955 3733 5024 defuncto.

320 5050 390 5104 Hi
419 5067 454 5104 a
483 5049 714 5122 reliquis
743 5052 1297 5124 omnibussegregati
1322 5054 1556 5108 Paulini
1581 5054 1888 5125 presbyteri
1915 5055 2266 5110 conventibus
2297 5059 2620 5122 intererant,
2653 5063 2817 5126 atque
2857 5069 2982 5107 cum
3010 5049 3314 5106 Athanasio
3365 5045 3736 5101 communica-

323 5139 474 5194 bant.
509 5140 652 5209 Quos
680 5140 750 5196 ad
790 5157 985 5212 pacem
1037 5142 1361 5198 cohortatur
1406 5142 1759 5211 Athanasius,
1789 5143 2086 5216 suadetque
2122 5153 2182 5199 ut
2223 5161 2347 5199 cum
2395 5145 2466 5199 iis
2515 5145 2921 5200 communicent
2968 5141 3064 5212 qui
3108 5141 3166 5194 in
3223 5137 3397 5193 Veteri
3443 5141 3735 5190 conventus

321 5233 514 5300 agunt,
545 5231 756 5286 scilicet
784 5247 908 5286 cum
945 5231 1266 5287 Meletianis
1283 5249 1304 5294 ;
1335 5249 1445 5303 qua
1475 5234 1536 5288 in
1579 5249 1640 5290 re
1667 5249 2014 5304 nequaquam
2053 5235 2351 5290 Athanasio
2376 5234 2690 5305 synodoque
2735 5230 3132 5287 Alexandrinae
3172 5227 3603 5298 obtemperatum
3632 5226 3732 5290 est,

319 5318 648 5376 diuturnum
672 5320 827 5376 enim
852 5329 1042 5392 postea
1069 5323 1179 5392 fuit
1206 5321 1522 5379 discidium.

393 5437 487 5490 IV.
523 5437 673 5504 Quod
703 5447 888 5493 autem
917 5439 999 5493 ait
1029 5439 1324 5504 Baronius,
1355 5439 1682 5507 Paulinum,
1716 5443 2014 5511 antequam
2044 5438 2419 5494 Alexandrina
2447 5445 2729 5510 cogeretur
2771 5437 3032 5510 synodus,
3065 5435 3381 5505 a-Lucifero
3428 5431 3734 5502 episcOpum

321 5525 644 5581 ordinatum
671 5528 864 5598 fuisse,
898 5529 981 5582 vel
1005 5544 1074 5584 ex
1102 5529 1201 5585 hoc
1227 5533 1391 5596 tomo,
1422 5531 1515 5584 cui
1542 5533 1724 5585 tamen
1753 5530 1860 5586 soli
1885 5531 2003 5600 ipse
2033 5530 2321 5595 innititur,
2353 5530 2559 5584 elevari
2587 5529 2817 5584 videtur.
2851 5529 2988 5583 Nam
3017 5527 3070 5581 si
3111 5526 3388 5595 episcOpus
3433 5529 3598 5575 antea
3625 5519 3737 5589 fuit

323 5614 634 5685 ordinatus,
664 5633 767 5672 cur
794 5618 1036 5688 episcopi
1063 5633 1262 5673 nomen
1293 5617 1347 5672 ei
1373 5633 1642 5688 nusquam
1673 5619 1771 5675 hoc
1795 5622 1937 5674 tomo
1969 5618 2254 5686 tribuitur,
2286 5620 2639 5689 maximeque
2666 5634 2818 5672 num.
2847 5618 2900 5682 9,
2933 5617 3030 5670 ubi
3073 5631 3198 5670 cum
3226 5611 3413 5683 agitur
3443 5610 3508 5665 de
3540 5610 3737 5677 legatis

325 5704 590 5776 Luciferi,
640 5705 876 5761 Paulini
921 5709 973 5761 et
1015 5707 1372 5778 Apollinarii,
1413 5708 1630 5778 primus
1674 5715 1725 5764 et
1760 5711 2072 5779 postremus
2113 5709 2362 5780 episcopi
2403 5708 2694 5776 dicuntur,
2726 5707 2998 5762 Paulinus
3045 5703 3318 5758 minime?
3344 5701 3429 5754 An
3466 5695 3739 5754 credibile

324 5800 405 5850 est
430 5794 482 5849 si
501 5793 626 5865 jam
654 5795 936 5866 episcopus
965 5795 1242 5851 Paulinus
1270 5796 1488 5866 fuisset,
1521 5811 1635 5852 non
1677 5794 1998 5854 hortaturos
2039 5795 2214 5869 fuisse
2241 5796 2438 5869 synodi
2482 5801 2703 5866 Patres,
2735 5803 2794 5852 ut
2820 5810 3005 5852 omnes
3050 5788 3324 5848 Catholici
3361 5787 3604 5861 praesuli
3637 5803 3737 5842 suo
