4082 6364
332 460 449 520 795
872 457 937 519 S.
985 459 1417 520 ATHANASII
1462 460 1636 520 OPP.
1680 458 1882 521 PARS
1927 459 1976 519 Ι.
2008 490 2087 504 -
2117 457 2538 522 HISTORICA
2582 458 2681 520 ET
2724 455 3212 523 DOGMATICA.
3641 459 3757 520 796

334 589 775 661 adjungerentur
796 593 823 643 ?
851 586 955 644 Sed
985 589 1155 644 instat
1184 591 1485 657 Baronius,
1511 592 1823 661 episcopum
1849 592 2023 656 fuisse
2067 592 2169 662 qui
2218 591 2427 662 legatos
2471 590 2689 644 miserit
2737 591 2810 644 ad
2857 588 3143 660 synodum.
3185 587 3251 643 At
3287 591 3499 644 certum
3525 593 3609 644 est
3634 588 3758 644 sede

335 688 567 734 vacante
597 678 818 733 licuisse
855 678 1175 749 presbytero
1227 678 1430 746 legatos
1478 678 1552 735 ad
1595 679 1865 750 synodum
1912 681 2145 735 mittere.
2188 677 2419 735 Vacabat
2462 693 2627 750 porro
2672 685 2799 734 tunc
2846 677 3181 733 Antiochena
3225 675 3397 744 sedes,
3428 678 3516 731 vel
3560 677 3757 732 saltem

332 784 529 823 racare
552 769 854 838 putabatur
882 785 900 820 :
934 768 1166 822 Euz-oius
1222 770 1372 823 enim
1399 770 1639 824 Arianus
1667 770 1739 824 ab
1770 770 1997 824 Arianis
2027 770 2319 824 ordinatus
2347 770 2555 838 fuerat.
2600 768 2840 823 Meletius
2872 769 3000 822 item
3028 766 3098 820 ab
3140 767 3371 821 Arianis
3401 769 3756 822 constitutus,

336 855 465 911 licet
492 855 794 911 catholicus
820 864 980 920 esset,
1010 858 1273 928 plurimis
1302 861 1492 912 tamen
1525 857 1938 913 Catholicorum
1978 867 2276 930 suspectus,
2306 858 2551 913 nondum
2598 858 2825 913 omnino
2855 856 3132 911 Arianicae
3176 857 3538 926 promotionis
3565 872 3754 912 macu-

333 948 447 1001 lam
478 945 736 1000 diluerat.
764 945 858 999 His
887 946 1024 1001 adde
1052 947 1298 1002 Baronio
1328 949 1609 1017 refragari
1634 963 1822 1003 omnes
1858 949 2241 1004 ecclesiasticae
2272 946 2519 1004 historiae
2564 949 2874 1018 scriptores,
2909 947 3004 1017 qui
3031 948 3194 1001 aiunt
3222 960 3282 1001 eo
3330 948 3571 1017 tempore
3599 945 3752 1002 ordi-

332 1043 523 1088 natum
553 1035 731 1101 fuisse
759 1034 1085 1101 Paulinum,
1120 1050 1224 1105 quo
1254 1036 1445 1091 Patres
1472 1036 1843 1091 Alexandrini
1872 1038 1946 1092 de
1974 1037 2133 1092 rebus
2161 1036 2426 1093 Ecclesia:
2452 1044 2707 1104 agerent.

406 1122 465 1177 V.
501 1124 692 1177 Actum
721 1132 992 1191 praeterea
1018 1129 1096 1179 est
1126 1127 1187 1180 in
1215 1126 1319 1180 hac
1345 1125 1551 1196 synodo
1580 1126 1645 1180 de
1673 1126 1882 1181 tabella
1911 1125 2243 1192 Sardicensi,
2274 1140 2441 1197 quam
2470 1123 2828 1183 reficiendam
2856 1127 3190 1179 censuerunt
3218 1123 3431 1179 Patres.
3466 1123 3540 1178 De
3578 1124 3758 1179 tribus

333 1214 501 1269 etiam
530 1212 930 1284 hyposlasibus,
963 1230 1096 1285 quas
1125 1216 1382 1271 nonnulli
1421 1216 1738 1286 repudiatus
1768 1217 2041 1283 volebant,
2073 1216 2436 1271 admittebant
2460 1214 2572 1271 alii
2587 1231 2608 1277 ;
2638 1214 2731 1269 sed
2774 1229 3018 1285 expensa
3046 1217 3412 1285 utrorumque
3457 1215 3752 1283 sententia,

333 1302 504 1356 solius
534 1303 777 1356 nominis
808 1305 1035 1375 quaestio
1064 1305 1185 1359 visa
1215 1313 1310 1359 est.
1345 1305 1538 1359 Actum
1566 1305 1694 1360 item
1733 1306 1797 1361 de
1824 1306 1959 1361 aliis
1990 1305 2195 1361 Christi
2241 1305 2688 1360 lncarnationem
2733 1303 3117 1374 spectantibus,
3146 1304 3394 1358 maxime
3437 1302 3502 1358 de
3550 1303 3755 1371 Apolli-

328 1392 484 1445 nari:
516 1391 715 1445 haeresi
745 1400 861 1445 tum
905 1390 1237 1461 pullulanti,
1268 1394 1365 1462 qui
1388 1409 1487 1464 per
1518 1394 1721 1460 legatos
1749 1409 1874 1449 suos
1918 1396 2075 1449 virus
2103 1411 2217 1449 suae
2247 1394 2508 1449 haereseos
2537 1392 2607 1447 ad
2655 1401 2867 1463 tempus
2896 1391 3203 1462 occultavit,
3234 1399 3293 1446 ut
3343 1392 3496 1461 infra
3523 1390 3750 1446 dicitur.

328 1478 524 1535 Editus
555 1485 736 1535 autem
765 1485 841 1535 est
874 1480 965 1535 hic
993 1490 1168 1537 tomus
1198 1483 1364 1537 initio
1406 1484 1634 1554 imperii
1680 1484 1898 1539 Iuliani
1943 1485 2239 1556 Apostatx,
2267 1500 2387 1539 cum
2427 1484 2546 1555 ejus
2591 1484 2810 1539 decreto
2855 1483 3097 1554 episcopi
3137 1483 3503 1551 remigrarent
3551 1482 3617 1537 ab
3663 1496 3753 1535 ea:-

328 1568 476 1639 silio,
508 1585 661 1625 anno
691 1570 815 1637 362,
851 1572 1078 1642 ipsaque
1104 1587 1276 1626 manu
1304 1571 1597 1627 Athanasii
1641 1574 1903 1644 scriptum
1933 1574 2107 1644 fuisse
2150 1574 2519 1644 conjectumus
2547 1588 2618 1628 ea:
2666 1571 2991 1643 quibusdam
3038 1571 3110 1627 ad
3158 1572 3365 1627 calcem
3408 1571 3623 1643 positis,
3655 1572 3756 1627 ubi

329 1658 553 1714 videsis.

330 1916 480 1974 6l5
518 1917 1670 1993 ΤΟΜυς,ᾼΥῌΑηᾼδιιχιιιςηιεριεεορι
1697 1922 1976 1977 ALEXAN-

2095 1920 2173 1993 (4)
2214 1924 2254 1971 o
2282 1919 2481 1993 ,ιιροε
2520 1918 2713 1993 Τογξί
2761 1916 3427 1993 ΔῌῘΙΟΧΕΙΣ-ΤΟΜΟΣ
3483 1917 3744 1974 ΑθΑΝΑο

729 1990 911 2045 DRINI
948 1991 1035 2045 AD
1073 1991 1572 2050 ANTIOCHENOS.

399 2113 777 2169 Charissimis
826 2118 882 2170 ct
912 2115 1304 2186 optatissimis
1346 2116 1771 2173 eomministris
1803 2117 1983 2172 Euse-

328 2201 445 2269 bio,
498 2202 783 2270 Lucifero,
819 2206 1068 2274 Asterio,
1101 2206 1358 2277 Cymatio
1390 2218 1448 2261 et
1489 2205 1777 2271 Anatolio,
1808 2207 1983 2261 Atha-

329 2294 556 2360 nasius,
629 2292 939 2364 caeterique
1002 2294 1283 2366 episcOpi,
1354 2311 1421 2350 ex
1490 2294 1677 2360 Italia,
1745 2295 1977 2360 Arabia,

326 2379 570 2451 [Egypto
619 2384 675 2435 et
723 2381 920 2454 Libya,
974 2384 1072 2454 qui
1122 2382 1482 2439 Alexandriae
1532 2384 1768 2450 all'uere,
1804 2384 1979 2439 Euse-

329 2468 484 2535 bius,
516 2468 800 2532 Asterius.
850 2469 1051 2537 Gaius,
1091 2472 1374 2542 Agatbus,
1424 2473 1796 2541 Ammonius,
1837 2474 1983 2544 Aga-

327 2557 684 2627 thodzsmon,
719 2557 1086 2630 Dracontius,
1119 2560 1457 2632 Adelphius,
1494 2561 1816 2631 Hermason,
1837 2560 1980 2615 Mar-

327 2662 454 2711 cus,
477 2646 1525 2720 Theodorus.Andreas.Paphnutius,
1553 2650 1707 2705 alius
1727 2653 1977 2714 Marcus,

326 2734 540 2803 Zoilus,
588 2740 806 2802 Menas,
838 2736 1141 2809 Georgius,
1191 2739 1426 2808 Lucius,
1460 2739 1767 2808 Macarius,
1797 2744 1855 2795 et
1898 2754 1979 2794 re-

327 2823 496 2896 liqui,
529 2824 590 2879 in
621 2825 849 2881 Christo
884 2824 1131 2881 salutem
1164 2825 1504 2899 plurimam.

400 3002 449 3056 1.
485 3006 835 3058 Persuasum
885 3002 1124 3076 quidem
1170 3003 1483 3073 habemus,
1513 3022 1617 3061 vos
1664 3021 1795 3061 cum
1845 3004 1977 3061 sitis

328 3089 587 3147 ministri
636 3091 737 3147 Dei
768 3109 832 3147 ac
864 3092 1000 3147 boni
1034 3093 1492 3164 dispensatores,
1525 3095 1594 3149 ad
1648 3095 1847 3150 omnia
1875 3099 1980 3150 Ec-

324 3179 511 3234 clesiae
558 3181 793 3250 negotia
848 3182 1228 3252 temperanda
1286 3183 1527 3239 idoneos
1580 3199 1729 3239 esse.
1763 3183 1977 3239 Verum

325 3266 465 3358 quia
494 3267 562 3321 ad
600 3283 707 3322 nos
757 3267 997 3358 allatum
1047 3274 1157 3339 est,
1192 3269 1499 3341 plurimos,
1540 3271 1639 3342 qui
1688 3271 1915 3343 pridem
1947 3289 1981 3328 s
2010 3293 2057 3358 Β

325 3354 496 3409 nobis
530 3371 633 3425 per
660 3355 1088 3412 contentionem
1109 3358 1841 3431 deseiverant,pacemjam
1873 3376 1978 3415 cu-

326 3458 506 3515 pere:
550 3442 862 3516 plerosque
911 3445 1049 3501 item
1100 3447 1171 3501 ab
1221 3447 1721 3503 Ariomanitarum
1773 3448 1978 3521 hseresi

290 3586 303 3599 ,
326 3530 662 3587 deﬁcientes
694 3535 1170 3590 communionem
1225 3541 1488 3591 nostram
1532 3542 1844 3609 exoptare;
1878 3555 1978 3594 ne-

326 3620 648 3676 cessarium
701 3622 999 3689 duximus,
1031 3638 1119 3690 ea,
1153 3640 1279 3695 qua
1313 3640 1420 3679 nos
1449 3629 1507 3680 et
1555 3624 1748 3680 dilecti
1794 3627 1978 3682 nostri

324 3707 612 3764 Eusebius
643 3714 700 3764 et
748 3712 1012 3766 Asterius
1064 3712 1436 3783 scripsimus,
1490 3718 1697 3770 vestrae
1746 3732 1978 3787 quoque

327 3798 766 3854 mansuetudini
816 3800 1070 3856 scribere
1101 3800 1225 3873 (qui
1256 3806 1312 3856 et
1357 3802 1466 3873 ipsi
1498 3803 1642 3858 estis
1682 3803 1879 3860 dilecti
1911 3821 1978 3860 ao

326 3903 456 3942 vere
486 3888 839 3959 optatissimi
872 3890 1307 3960 comministri),
1341 3891 1412 3946 de
1442 3890 1550 3947 hoc
1581 3892 1817 3963 quidem
1852 3894 1975 3949 fau-

327 3980 418 4032 sto
478 3976 682 4033 nuntio
744 3977 879 4043 laeti,
920 3983 1308 4051 optantesque
1366 3984 1431 4035 ut
1486 3980 1536 4035 si
1594 3981 1727 4052 quis
1785 3980 1979 4038 adhuc

326 4064 529 4136 procul
584 4067 754 4123 nobis
812 4066 1184 4139 relinquitur,
1218 4072 1275 4123 et
1332 4068 1381 4123 si
1441 4069 1573 4140 quis
1631 4068 1976 4127 Arianorum

329 4155 597 4212 coetibus
625 4157 801 4213 etiam
837 4175 994 4214 nunc
1037 4157 1211 4230 jungi
1257 4158 1510 4229 videtur,
1541 4158 1590 4215 is
1620 4160 1692 4216 ab
1740 4160 1975 4217 illorum

397 4339 473 4411 (4)
508 4341 617 4415 Sic
636 4341 850 4415 legitur
876 4342 1086 4399 titulus
1118 4342 1187 4415 in
1208 4341 1486 4399 omnibus
1516 4343 1837 4411 codicibus,
1877 4362 1978 4402 ex-

329 4412 869 4505 gepto‘Fellcrltin:._1.
890 4413 1299 4505 ln‘quo‘tdﬁoc
1335 4415 1815 4505 solu_m,deest;l‘n
1829 4419 1975 4505 edit.

328 4484 532 4560 Comm
565 4490 621 4538 et
644 4486 849 4560 Paris”
874 4484 1017 4560 πρὸς
1040 4484 1503 4560 τοὺςᾌᾌντιοχεζς
1535 4484 1797 4560 ἐπιστολὴ
1829 4488 1980 4545 Ἀθα-

328 4552 533 4619 νασίου,
570 4564 677 4611 etc.
712 4556 819 4612 Sed
851 4552 963 4614 vdx
993 4554 1255 4626 ἐπιστολή
1292 4557 1353 4613 in
1384 4552 1547 4614 iiullo
1597 4552 1848 4616 habetur
1890 4576 1981 4616 co-

328 4626 476 4701 dice.
512 4627 731 4701 Latinae
761 4628 1046 4701 editiones
1074 4628 1367 4697 omnes,in
1398 4631 1616 4701 quibus
1646 4632 1870 4688 scilicet
1891 4649 1980 4688 so-

327 4675 851 4773 HﬁhHﬁi'iVErSi'd
863 4675 1169 4767 ’ὲῖιὲἷῖεέἴξ
1181 4675 1432 4757 Hills}?
1444 4675 1978 4773 ὖὶ-Βῖἷιιῖῑὸζίῖᾶῖιῖῖ-
2012 4675 2055 4744 C

329 4771 624 4848 tiochenses
654 4780 835 4848 tomus
862 4773 1233 4848 duo/iecimus,
1276 4771 1468 4827 errore
1526 4773 1682 4848 hinc
1712 4779 1836 4831 orto
1894 4777 1981 4848 (ut

330 4846 497 4916 notat
524 4842 999 4915 Felckmannus),
1032 4845 1191 4916 quod,
1218 4843 1506 4916 interpres
1539 4844 1815 4916 codicem
1865 4842 1978 4903 Go-

328 4913 659 4993 bl'erianum
695 4927 932 4972 secutus
962 4912 1227 4993 omiserit
1269 4912 1509 4993 vocem,
1539 4912 1733 4993 Myos
1759 4917 1834 4993 ipf
1859 4919 1978 4993 _ubi

332 4980 496 5062 λόγος
531 4985 621 5059 ιβ’,
656 4993 921 5045 tractatus
955 4990 1052 5062 12,
1074 4988 1337 5062 ordinem
1370 4980 1657 5062 duntaxat
1686 4980 1981 5062 signiﬁcat

332 5057 449 5127 quo
478 5057 534 5112 in
557 5057 994 5133 'manuscriptis
1024 5058 1396 5133 describitur,
1430 5059 1514 5115 uti
1542 5076 1722 5133 supra
1742 5057 1982 5119 inonui-

330 5144 501 5194 mus;
536 5145 721 5196 neque
748 5130 1360 5203 vero'intelligendum
1394 5135 1483 5186 est
1529 5130 1835 5189 duodecim
1892 5140 1976 5190 to-

331 5216 461 5279 mos
483 5203 846 5279 Antiochiam
876 5204 967 5260 Vel
998 5203 1110 5259 alio
1142 5203 1358 5258 missos
1390 5203 1593 5261 fuisse.
1627 5210 1692 5260 In
1719 5206 1895 5279 Regio
1922 5214 1979 5263 et

328 5274 459 5341 Beg.
496 5270 623 5333 τούς
658 5275 840 5332 deest.

404 5345 478 5413 (5)
512 5344 823 5403 Existimat
871 5346 1180 5413 Baronius,
1237 5345 1474 5403 Eusebii
1531 5351 1590 5403 et
1619 5350 1827 5405 Asterii
1876 5366 1979 5406 no-

331 5416 495 5496 mina
526 5418 810 5496 mendose
841 5419 957 5475 huc
991 5418 1314 5496 irrepsisse.
1346 5417 1769 5496 No_n_pot_uisse
1821 5422 1980 5496 enim

332 5488 435 5561 ait,
470 5488 541 5542 ad
576 5489 888 5546 Eusebium
920 5496 977 5547 et
1006 5488 1307 5546 Asterium
1341 5488 1856 5561 mitti'epistolam,
1887 5493 1982 5551 cui

330 5556 797 5635 iidem_episc_0pi
831 5562 1423 5635 subscripserintﬁed
1458 5556 1780 5621 reclamant
1807 5556 1984 5623 verba

332 5629 402 5711 ad
440 5629 657 5711 calcem
692 5629 872 5711 hujus
901 5629 1160 5711 epistolis
1191 5632 1402 5711 posita,
1438 5635 1535 5689 ubi
1561 5634 1779 5711 dicitur
1801 5637 1980 5711 Euse-

334 5700 500 5781 bium
537 5707 594 5757 et
622 5700 914 5781 Asterium
937 5700 1508 5781 epistolae-seutomg
1526 5708 1978 5781 subscripsisse,

334 5775 395 5825 et
418 5771 492 5826 ad
522 5775 756 5832 eosdem
789 5793 918 5833 eam
948 5771 1131 5834 fuisse
1162 5771 1786 5838 directam.Enimvero.
1806 5771 1979 5854 syno;

2231 1992 2390 2047 ΣΙΟΥ
2427 1991 3004 2047 ΛΡΧΙΕΙΙΙΣΚΟῙΙΟΥ
3042 1990 3605 2045 ΑΛΕΞΑΝΔΡΕΙΔΣ.

2162 2115 2292 2175 Τοῖς
2342 2114 2641 2189 ἀγαπητοῖς
2699 2115 2790 2167 καὶ
2842 2112 3251 2177 ποθεινοτάτοις
3302 2110 3748 2186 συλλειτουργοῖς

2091 2196 2339 2274 Εύσεϐίῳ
2400 2203 2512 2275 (5),
2576 2200 2910 2276 Λουκίφερι,
2970 2199 3235 2273 Ἀστερίῳ
3273 2243 3286 2267 ,
3344 2197 3604 2272 Κυματίῳ
3657 2198 3747 2252 καὶ

2093 2290 2419 2364 ’Δνατολίῳ,
2479 2292 2797 2355 Ἀθανάσιος
2827 2290 2917 2345 καὶ
2972 2291 3023 2346 οἱ
3075 2288 3481 2366 παρατυχόντες
3510 2287 3563 2344 ἐν
3590 2287 3747 2345 Ἀλε-

2090 2378 2337 2456 ξανδρείᾳ
2366 2380 2651 2435 ἐπίσκοποι
2680 2380 2786 2435 ἀπό
2815 2400 2873 2435 τε
2904 2381 2981 2453 (6)
3019 2385 3121 2448 τῆς
3173 2376 3403 2440 Ἰταλίας
3450 2377 3541 2432 καὶ
3587 2378 3745 2447 Ἀρα-

2090 2467 2230 2539 ϐίας,
2287 2469 2567 2544 Αἰγύπτου
2623 2467 2714 2523 καὶ
2774 2463 3021 2539 Λιϐύης,
3078 2461 3378 2535 Εὐσέϐιος,
3440 2467 3741 2541 Ἀστέριος,

2090 2561 2268 2628 Γάϊος,
2331 2560 2578 2634 Ἀγαθὸς,
2638 2558 2978 2630 Ἀμμώνιος,
3037 2552 3465 2633 Ἀγαθοδαίμων,
3507 2553 3741 2630 Δρακόν-

2087 2666 2222 2717 τιος,
2281 2642 2591 2723 Ἀδὲλφιος,
2651 2646 2949 2719 Ἑρμαίων,
3013 2646 3235 2718 Μάρκος
3287 2646 3386 2716 (7),
3429 2639 3733 2717 Θεόδωρος,

2091 2733 2361 2811 Ἀνδρέας,
2414 2734 2774 2813 ΙΙαφνούτιος,
2826 2733 3000 2795 ἄλλος
3051 2734 3298 2808 Μάρκος,
3355 2730 3586 2802 Ζώϊλος,
3621 2737 3736 2801 Μη-

2088 2830 2204 2897 νᾶς,
2236 2824 2531 2901 Γεώργιος,
2569 2823 2823 2891 Λούκιος,
2874 2823 3176 2898 Μακάριος,
3206 2822 3297 2876 καὶ
3344 2822 3396 2876 οἱ
3442 2819 3654 2887 λοιποὶ,
3684 2820 3737 2874 ἒν

2086 2914 2300 2989 Χριστῷ
2328 2910 2396 2968 π)
2411 2919 2559 2968 εἶστα
2587 2912 2820 2989 χαίρειν.

2158 3003 2212 3059 4.
2248 3002 2588 3075 Πεπείσμεθα
2638 3003 2756 3074 μὶν,
2790 3000 2897 3073 ὅτι,
2950 2999 3257 3075 λειτουργοὶ
3300 3003 3436 3055 Θεοῦ
3465 2996 3557 3053 καὶ
3588 2996 3734 3052 οἶκο-

2087 3091 2250 3165 νόμοι
2305 3092 2467 3148 καλοὶ
2513 3093 2895 3168 τυγχάνοντες,
2956 3089 3131 3145 ἱκανοί
3185 3089 3302 3144 ἕστε
3358 3089 3491 3165 πρὸς
3533 3088 3738 3142 ἅπαντα

2086 3181 2153 3235 τὰ
2202 3186 2305 3250 τῆς
2362 3179 2686 3250 Ἑκκλησίας
2743 3178 3095 3254 ἀρμόζεσθαι’
3158 3174 3346 3246 ἒπειδὴ
3408 3173 3466 3231 δὲ
3520 3175 3609 3231 καὶ
3660 3176 3738 3237 εἱς

2088 3271 2237 3342 ἡμᾶς
2284 3267 2474 3338 ἦλθεν,
2516 3267 2598 3323 ὅτι
2648 3266 2895 3324 πλεῖστοι
2956 3266 3221 3341 πρότερον
3268 3263 3357 3320 διὰ
3402 3263 3735 3344 φιλονεικίαν

2088 3355 2439 3433 διαιρεθέντες
2472 3358 2557 3434 ἀφ’
2590 3360 2751 3430 ἡμῶν
2798 3360 2898 3430 (8),
2928 3361 3015 3411 νῦν
3067 3353 3360 3432 εἷ’ρηνεύειν
3419 3350 3734 3430 βούλονται,

2085 3445 2290 3502 πολλοὶ
2320 3444 2399 3514 δὲ,
2430 3446 2521 3501 καὶ
2556 3453 2651 3517 τῆς
2701 3446 2839 3521 πρὸς
2883 3444 3012 3507 τοὺς
3045 3442 3461 3520 Ἀρειομανίτας
3494 3442 3736 3518 σχέσεως

2088 3537 2434 3605 ἀποστάντες,
2485 3536 2890 3592 ἀντιποιοῦνται
2942 3543 3043 3605 τῆς
3075 3533 3214 3609 πρὸς
3257 3535 3406 3607 ἡμᾶς
3436 3536 3512 3606 (9)
3537 3554 3734 3588 κοινω-

2085 3628 2220 3689 νίας*
2282 3627 2572 3702 ἀναγκαῖον
2631 3628 2959 3703 ἡγησάμεθα
3014 3626 3162 3681 ταῦθ’
3221 3627 3356 3699 ἅπερ
3424 3625 3736 3700 δγράψαμεν

2086 3718 2251 3789 ἡμεῖς
2308 3736 2365 3769 τε
2422 3716 2510 3771 καὶ
2567 3717 2618 3770 οἱ
2677 3715 2946 3792 ἀγαπητοὶ
3003 3717 3163 3788 ἡμῶν
3222 3709 3479 3776 Εὐσέϐιός
3533 3733 3593 3768 τε
3643 3711 3733 3767 καὶ

2086 3805 2380 3879 Ἀστέριος,
2412 3806 2617 3881 γράψαι
2646 3808 2715 3879 τῇ
2749 3805 2898 3877 ὑμῶν
2932 3807 3044 3877 (10)
3075 3802 3437 3880 χρηστότητι,
3459 3802 3547 3857 καὶ
3580 3800 3734 3856 αὐτοὶ

2085 3893 2360 3968 ἀγαπητοὶ
2415 3893 2506 3947 καὶ
2551 3892 2626 3954 ὡς
2681 3890 2903 3962 ἀληθῶς
2959 3891 3332 3955 ποθεινότατοι
3382 3887 3736 3962 συλλειτουρ-

2084 3982 2195 4057 γοὶ,
2229 3980 2511 4057 χαίροντες
2546 3980 2640 4054 μὲν
2673 3980 2760 4036 ἐπὶ
2789 3985 2859 4054 τῇ
2882 3979 3105 4055 τοιαύτῃ
3126 3980 3287 4053 ἀκοῇ,
3311 3978 3601 4055 εὐχόμενοι
3625 3980 3740 4048 (11)

2087 4070 2146 4127 δὲ
2168 4069 2262 4127 ’ίνα
2289 4072 2403 4138 καὶ,
2436 4068 2595 4134 εἷ’τις
2622 4068 2697 4126 ἔτι
2751 4069 3121 4147 περιλείπεται
3149 4070 3381 4146 ιμακρὰν
3431 4069 3523 4144 ἀφ’
3551 4069 3739 4142 ἡμῶν,

2085 4162 2173 4216 καὶ
2210 4157 2369 4222 εἴτις
2398 4156 2476 4215 ἔτι
2516 4165 2633 4221 τοῖς
2677 4161 2980 4237 Ἀρειανοῖς
3024 4158 3424 4236 συνερχόμενος
3473 4157 3740 4235 φαίνεται,

2088 4344 2206 4427 dali
2235 4345 2625 4427 Aleaandrino
2656 4349 2814 4427 torno
2854 4343 3305 4427 subscripserat
3327 4344 3466 4427 quia
3497 4344 3736 4427 _syn_od_o

2087 4419 2418 4490 affuerant;
2454 4423 2628 4490 atque
2658 4419 2728 4473 ad
2760 4418 2921 4490 ipsos
2942 4416 3200 4490 epistola
3251 4416 3557 4490 dirigenda
3604 4417 3732 4490 fuit,

2088 4490 2230 4561 quia
2250 4488 2611 4546 Antiocheno
2643 4488 3101 4558 conventui,’cui
3125 4489 3224 4561 illa
3255 4488 3734 4561 m_ittebatu_r,‘in-

2089 4557 2365 4686 ἕξει-ξυιυτὶ
2395 4566 2581 4618 erant.
2615 4562 2746 4617 Mox
2787 4557 3003 4633 Regius
3062 4560 3244 4629 solus,
3302 4558 3353 4613 ἐν
3383 4562 3451 4631 τῇ
3484 4557 3735 4629 Ἀλεξαν-

2126 4651 2185 4686 οε
2211 4652 2261 4686 α.

2161 4652 2261 4686 εια.

2126 4651 2360 4775 ρῗίὸῗείο
2388 4704 2535 4777 Beg.
2566 4705 2690 4775 Seg.
2723 4701 2901 4777 lissil.
2944 4701 3212 4777 Ineditis
3240 4701 3510 4777 redeest.

2157 4772 2234 4849 (7)
2262 4776 2355 4832 Sic
2386 4772 2603 4849 Regius
2634 4772 2693 4831 et
2722 4774 3063 4849 Basiliensis
3093 4773 3383 4849 atquejta
3410 4772 3727 4844 legendum

2088 4842 2340 4919 ut'p’atet
2368 4863 2437 4919 ex
2465 4842 2599 4903 mox
2628 4846 3039 4919 sequentibus,
3084 4842 3257 4919 ἄλλος
3286 4842 3540 4919 Μάρκος,
3563 4851 3619 4901 et
3665 4861 3737 4900 ex

2086 4916 2624 4991 subscriptionibus
2653 4916 2829 4991 intra:
2857 4918 2984 4986 Seg.
3022 4922 3079 4973 et
3106 4917 3247 4991 editi
3297 4916 3427 4991 hic,
3454 4916 3727 4989 Μάρκιος.

2085 4990 2269 5047 Paulo
2302 4985 2434 5062 p'ost
2461 4990 2521 5046 in
2551 4990 2756 5062 editis,
2778 4985 2953 5050 ἄλλος
2982 4992 3117 5062 ante
3147 4986 3365 5062 Μάρκος
3397 4985 3580 5062 deest.
3607 4992 3741 5062 Mox

2085 5064 2269 5131 Μηνᾶς
2300 5058 2464 5118 deest
2494 5063 2551 5117 in
2588 5062 2708 5119 edit
2735 5061 2981 5125 Comm.,
3015 5061 3114 5116 sed
3147 5058 3397 5131 habetur
3422 5060 3481 5116 in
3532 5058 3733 5131 Regio,

2086 5134 2215 5206 Sag.
2247 5133 2424 5189 Basil.
2457 5131 2621 5206 Gobl.
2652 5137 2711 5206 et
2740 5134 2800 5187 in
2830 5131 2969 5206 edit.
3005 5131 3316 5206 Periissubi
3350 5130 3738 5206 legi_tur_§lﬁ-

2086 5200 2198 5266 ναξ.
2234 5206 2364 5263 Mox
2397 5205 2635 5279 Regius,
2695 5202 2994 5279 Μακάριος.
3053 5202 3207 5261 Editi
3264 5208 3322 5259 et
3376 5200 3497 5275 alii,
3547 5200 3736 5259 Μάκα-

2127 5297 2197 5339 ις.

2090 5296 2234 5421 ριῗές)
2263 5347 2438 5421 Basil.
2474 5347 2645 5421 ὑμῶν.
2672 5346 2819 5421 Ibid.
2849 5348 2942 5400 νῦν
2972 5346 3138 5404 deest
3166 5346 3225 5403 in
3257 5345 3452 5413 editis,
3502 5346 3604 5403 sed
3652 5345 3735 5402 le-

2089 5420 2247 5493 gitur
2275 5420 2335 5493 in
2368 5420 2545 5493 Regio
2562 5424 2634 5493 _et
2656 5420 2787 5493 _Seg.

2160 5493 2239 5560 (9)
2272 5489 2614 5560 Βοεὶ1.“πρὸς
2648 5489 2809 5555 suae,
2837 5489 3019 5547 solus.

2159 5563 2274 5635 (10)
2306 5562 2493 5635 Editjo
2522 5562 2745 5619 Comm.
2777 5564 2959 5634 ἡμῶν,
2993 5562 3291 5635 mendose.

2159 5631 2275 5708 (t1)
2306 5638 2391 5708 Ita
2418 5633 2639 5708 _Regius
2666 5639 2724 5708 et
2749 5631 2881 5708 Sag.
2935 5631 3144 5690 melius
3209 5650 3386 5706 quam
3435 5633 3627 5691 ceteri
3677 5637 3741 5691 et

2089 5703 2265 5777 editi,
2290 5703 2390 5778 qui
2418 5703 2637 5765 habent
2664 5703 2963 5781 εὐχόμεθα.
