4082 6336
244 421 363 481 797

1438 420 1715 482 TOMUS'
1753 419 1859 479 AD
1901 418 2480 482 ANTIOGHENOS.

3543 422 3665 482 798

247 547 408 610 οὗτος
469 549 578 619 (12)
637 544 976 622 ἀποπηδήσῃ
1032 553 1133 617 τῆς
1189 546 1409 602 ἐκείνων
1472 549 1701 620 pavide:
1763 550 1900 604 ὥστε

2036 551 2244 606 nsania
2275 550 2497 607 resiliat
2526 568 2537 604 :
2574 551 2656 607 ita
2685 557 2750 606 ut
2779 568 2985 608 omnes
3015 551 3288 623 deinceps
3322 551 3538 623 ubique
3569 551 3658 606 di-

246 638 452 699 πάντας
483 640 767 712 πανταχοῦ
799 635 991 692 λοιπὸν
1026 635 1223 712 λέγειν’
1256 659 1285 688 ‹‹
1317 638 1408 700 Εἷς
1438 637 1651 713 Κύριος,
1691 638 1787 711 μία
1815 637 1897 693 πί·

248 747 383 789 στις.
409 749 438 780 ››
471 726 541 784 Τί
569 727 671 803 γὰρ
694 723 838 781 οὕτω
858 750 885 777 ‹‹
908 725 1136 799 καλὸν,››
1159 726 1232 788 ὡς
1254 728 1282 781 ὁ
1302 723 1574 800 Ὑμνῳδὸς
1596 728 1738 782 εἶπεν
1760 730 1897 801 (13),

246 816 283 886 ἢ
314 815 368 871 τί
395 840 425 869 «
455 816 682 890 τερπνὸν
718 839 746 868 ››
779 813 905 870 ἀλλ’
929 816 964 885 ἢ
1003 840 1029 868 (ι
1051 816 1113 871 τὸ
1133 820 1402 870 κατοικεῖν
1438 812 1706 891 ἀδελφοὺς
1730 815 1818 870 ἐπὶ
1837 816 1900 870 τὸ

247 899 384 960 αὐτό
406 924 421 975 ;
454 928 485 957 »
512 905 680 968 Οἶκος
714 901 772 959 δὲ
802 905 965 978 ἡμῶν
987 905 1022 975 ἡ
1047 901 1459 975 Ἐκκλησία-καὶ
1487 904 1743 982 φρόνημα
1766 905 1900 960 εἶναι

246 992 439 1069 πρέπει
470 995 534 1049 τὸ
565 994 719 1049 αὐτό·
755 992 900 1048 σῦτω
946 994 1047 1070 γὶρ
1094 992 1421 1066 πιστεύομεν
1451 994 1540 1047 καὶ
1570 994 1663 1049 τὸν
1705 993 1899 1068 Κύριον

252 1084 370 1158 μεθ’
419 1085 580 1157 ἡμῶν
630 1085 973 1154 κατοικήσειν
1023 1081 1271 1158 λέγοντα·
1313 1107 1334 1135 α
1366 1084 1668 1153 Ἐνοικήσω
1726 1082 1782 1137 έν
1812 1082 1903 1138 αύ-

246 1177 366 1227 τοῖς
397 1171 487 1226 καὶ
520 1170 970 1245 ἐμπεριπατήσω,
1004 1197 1030 1223 ››
1063 1173 1173 1239 καὶ,
1214 1195 1236 1224 ι
1270 1168 1397 1226 Ὧδε
1445 1174 1779 1242 κατοικήσω,
1820 1171 1904 1226 ὅτι

249 1260 592 1335 ᾐρετισάμην
626 1264 737 1335 (14)
770 1261 964 1332 αύτήν.
997 1284 1025 1313 ››
1056 1259 1182 1316 Ὧδε
1212 1258 1269 1315 δὲ
1298 1264 1425 1329 ποῦ,
1459 1261 1493 1330 ἢ
1528 1259 1651 1315 ἔνθα
1686 1261 1780 1335 μία
1819 1263 1905 1315 πί-

250 1370 369 1412 στις
397 1350 489 1404 καὶ
519 1344 761 1405 εὐσέϐεια
790 1349 1119 1426 κηρύσσεται
1151 1369 1165 1419 ;
1310 1363 1312 1365 ’

322 1440 380 1496 2.
415 1433 785 1512 Ἐϐουλόμεθα
825 1439 919 1512 μὲν
971 1437 1063 1494 οὖν
1114 1436 1335 1509 ἀληθῶς
1383 1439 1473 1493 καὶ
1503 1442 1667 1512 ἡμεῖς
1723 1441 1774 1494 οἰ
1802 1438 1905 1495 ἀπὸ

247 1534 351 1597 τῆς
404 1526 682 1604 Αἰγύπτου
727 1528 841 1601 ἅμα
893 1533 1012 1590 τοῖς
1060 1527 1367 1603 ἀγαπητοῖς
1424 1530 1585 1602 ἡμῶν
1645 1526 1905 1604 ἀδελφοῖς

249 1609 501 1689 Εὐσεϐίῳ
548 1615 638 1671 καὶ
687 1616 948 1691 Ἀστερίῳ
989 1617 1101 1691 (15)
1155 1614 1244 1671 διὰ
1272 1614 1461 1673 πολλά
1510 1618 1624 1691 μὶν,
1676 1616 1910 1690 μάλιστα

253 1701 314 1760 δὲ
340 1704 540 1760 τούτου
586 1706 747 1782 χάριν
789 1704 989 1774 ἐλθεῖν,
1038 1703 1113 1759 ’ἶν’
1166 1704 1279 1778 ἅμα
1306 1706 1408 1775 τὴν
1455 1706 1715 1782 ὑμετέραν
1751 1727 1909 1783 περι-

250 1793 579 1868 πτυξώμεθα
611 1792 869 1862 διάθεσιν,
903 1795 991 1849 καὶ
1047 1799 1207 1869 κοινῇ
1239 1802 1339 1866 τῆς
1373 1794 1631 1867 τοιαύτης
1663 1795 1910 1851 ἀπολαύ-

258 1902 444 1957 σωμεν
474 1876 724 1960 εἰρήνης
771 1905 831 1939 τε
878 1884 969 1938 καὶ
1018 1883 1297 1957 ὁμονοίας·
1348 1882 1535 1955 ἐπειδὴ
1588 1883 1684 1953 δὲ,
1733 1884 1910 1946 καθὼς

257 1970 351 2026 καὶ
383 1972 497 2045 (16)
528 1970 583 2027 ἐν
631 1978 748 2035 ταῖς
787 1970 983 2035 ἄλλαις
1035 1971 1348 2035 ἐπιστολαῖς
1402 1971 1777 2047 ἐδηλώσαμεν,
1823 1973 1913 2028 καὶ

264 2056 507 2126 δύνασθε
526 2066 713 2135 μαθεῖν
744 2063 891 2139 παρὰ
918 2067 1026 2117 τῶν
1059 2063 1238 2117 αὐτῶν
1273 2060 1710 2139 συλλειτουργῶν
1727 2066 1761 2133 ἡ
1772 2068 1912 2136 μῶν,

262 2151 320 2207 αἱ
351 2149 797 2223 έκκλησιαστικαὶ
850 2157 1036 2227 χρεῖαι
1085 2150 1405 2228 κατέχουσιν
1440 2154 1553 2226 (17)
1581 2155 1753 2226 ἡμᾶς·
1788 2150 1911 2208 ἐλυ-

260 2241 521 2312 πήθημεν
560 2240 678 2315 μὲν,
710 2238 863 2314 ὅμως
893 2237 950 2295 δὲ
981 2241 1289 2314 ἠξιώσαμεν
1319 2240 1446 2303 τοὺς
1474 2240 1671 2303 αὐτοὺς
1690 2238 1911 2299 συλλει-

258 2327 522 2406 τουργοὺς
579 2331 738 2403 ἡμῶν
793 2324 1056 2387 Εὐσέϐιον
1114 2331 1202 2385 καὶ
1253 2329 1526 2406 Ἅστέριον
1584 2329 1759 2395 ἐλθεῖν
1801 2330 1912 2385 ἀνθ’

258 2419 422 2491 ἡμῶν
454 2417 593 2495 πρὸς
626 2418 784 2492 ὑμᾶς’
818 2420 906 2474 καὶ
959 2420 1123 2496 χάρις
1154 2418 1327 2474 αὐτῶν
1378 2423 1446 2494 τῇ
1477 2414 1769 2492 θεοσεϐείᾳ,
1805 2420 1910 2492 ὅτι,

256 2506 452 2584 καίπερ
498 2506 653 2562 αὐτοὶ
700 2505 988 2582 δυνάμενοι
1035 2510 1149 2581 (18)
1182 2505 1429 2563 σπεύδειν
1475 2507 1553 2570 εἰς
1597 2509 1694 2570 τὰς
1723 2528 1913 2583 παροι-

257 2594 381 2659 κίας
411 2596 636 2669 ἑαυτῶν,
682 2595 1005 2672 προέκριναν
1059 2596 1272 2653 πάντων
1320 2598 1418 2667 τήν
1452 2599 1588 2673 πρὸς
1618 2597 1756 2671 ὑμᾶς
1787 2594 1909 2652 ὁδὸν

257 2681 414 2741 ἕνεκα
445 2687 558 2759 (19)
586 2691 686 2756 τῆς
717 2684 1145 2761 κατεπειγούσης
1196 2683 1651 2757 έκκλησιαστικῆς
1697 2686 1909 2763 χρείας·

264 2773 616 2847 Συνθεμένων
662 2774 754 2829 οὗν
806 2774 982 2830 αὐτῶν
1014 2819 1029 2844 ,
1082 2775 1584 2851 παρεμυθησάμεθα
1640 2774 1860 2838 ἑαυτοὺς
1895 2819 1913 2849 ,

265 2862 372 2932 ὅτι,
424 2864 602 2918 αὐτῶν
659 2884 718 2919 τε
762 2863 852 2918 καὶ
907 2865 1056 2937 ὑμῶν
1109 2863 1219 2919 ἐκεῖ
1262 2865 1668 2940 τυγχανόντων,
1721 2865 1915 2927 πάντες

267 2951 489 3013 ἑαυτοὺς
519 2950 801 3026 ἡγούμεθα
830 2958 1059 3007 συνεῖναι
1095 2953 1244 3025 ὑμῖν.

336 3042 391 3097 3.
425 3042 634 3103 Πάντας
664 3040 844 3095 τοίνυν
872 3040 1002 3103 τοὺς
1035 3038 1408 3115 βουλομένους
1440 3041 1734 3118 εἰρηνεύειν
1781 3042 1917 3117 πρὸς

266 3131 443 3202 ἡμᾶς,
471 3130 559 3184 καὶ
594 3127 834 3202 μάλιστα
860 3128 988 3194 τοὺς
1017 3129 1068 3185 έν
1100 3133 1168 3204 τῇ
1204 3129 1414 3202 Παλαιᾷ
1460 3134 1572 3204 (20)
1619 3132 1916 3206 συναγομέ-

266 3238 412 3286 νους,
444 3218 534 3272 καὶ
562 3216 689 3280 τοὺς
718 3218 1122 3293 ἀποτρέχοντας
1171 3217 1228 3274 δὲ
1268 3222 1382 3293 (21)
1411 3220 1516 3275 ἀπὸ
1544 3224 1651 3276 τῶν
1698 3226 1914 3297 Ἀρεια-

2014 643 2147 695 cant
2180 658 2193 695 :
2231 664 2256 691 υ
2308 640 2472 696 Unus
2518 639 2822 707 Dominus,
2856 657 2974 695 una
3012 640 3157 696 fides
3185 642 3226 692 ³.
3264 663 3292 691 ››
3324 641 3473 704 Quid
3502 640 3660 696 enim

2010 732 2132 784 tam
2164 751 2192 779 «
2225 730 2467 797 bonum,
2506 753 2526 779 ν
2583 736 2647 784 ut
2677 730 2758 786 ait
2787 729 3128 798 Psalmista,
3157 736 3216 785 et
3240 734 3360 785 tam
3391 753 3412 779 ι
3441 729 3659 801 jucun-

2012 819 2177 885 dum,
2212 840 2242 868 ››
2272 836 2450 890 quam
2479 841 2508 870 «
2539 818 2804 875 habitare
2834 819 3044 875 fratres
3091 819 3149 874 in
3198 836 3384 876 unum
3404 818 3425 854 ⁴
3445 819 3518 873 ‘I-
3552 819 3661 874 Do-

2013 923 2148 964 mus
2204 913 2399 964 autem
2465 913 2668 965 nostra
2732 912 2821 965 est
2881 907 3171 978 Ecclesia;
3226 908 3501 981 quocirca
3556 924 3664 980 par

2012 1000 2103 1052 est
2139 998 2407 1054 eamdem
2457 997 2627 1054 nobis
2675 1014 2802 1055 esse
2851 1001 3239 1054 sententiam:
3294 997 3377 1054 sic
3417 997 3575 1053 enim
3607 999 3664 1052 et

2015 1083 2330 1139 Dominum
2381 1085 2688 1141 nobiscum
2738 1086 3137 1143 habitatorum
3189 1086 3507 1153 credimus,
3559 1082 3662 1157 qui

2016 1172 2196 1227 dixit:
2240 1194 2266 1223 «
2301 1174 2643 1230 Inhabitabo
2684 1175 2740 1229 in
2777 1174 2895 1231 illis
2927 1180 2983 1231 et
3013 1175 3393 1231 inambulabo
3420 1176 3461 1244 ⁵,
3498 1197 3524 1225 ››
3562 1182 3616 1231 et
3650 1192 3664 1231 :

2020 1283 2047 1311 α
2079 1260 2181 1315 Hic
2216 1262 2512 1333 habitabo,
2558 1265 2835 1334 quoniam
2868 1264 3014 1336 elegi
3050 1281 3177 1321 eam
3210 1266 3252 1331 ⁸,
3290 1287 3309 1313 n
3339 1267 3440 1321 Ηίο
3469 1252 3688 1321 ειυιθω’

2018 1350 2282 1421 ubinam,
2315 1351 2428 1407 nisi
2473 1352 2571 1406 ubi
2605 1370 2722 1408 una
2754 1354 2899 1409 fides
2937 1360 2995 1409 et
3026 1354 3228 1427 religio
3259 1355 3610 1425 praedicatur
3640 1354 3668 1409 ?

2086 1442 2139 1494 2.
2172 1439 2470 1496 Vellemus
2501 1441 2739 1513 quidem
2774 1459 2880 1497 nos
2910 1443 3180 1515 Egyptii,
3214 1460 3331 1499 una
3360 1459 3493 1498 cum
3526 1443 3670 1499 dile-

2018 1527 2128 1583 ctis
2160 1528 2439 1586 fratribus
2486 1529 2702 1586 nostris
2738 1530 2984 1587 Eusebio
3016 1537 3072 1586 et
3108 1532 3334 1588 Asterio
3367 1531 3573 1587 multis
3599 1531 3670 1587 de

2020 1617 2216 1673 causis
2262 1618 2330 1672 ad
2382 1635 2482 1673 vos
2531 1619 2843 1691 proﬁcisci,
2874 1620 2975 1676 sed
3010 1620 3139 1676 ideo
3171 1621 3446 1689 maxime,
3480 1626 3544 1675 ut
3572 1636 3672 1675 ve-

2021 1709 2203 1761 stram
2232 1706 2576 1762 charitatem
2617 1708 3127 1781 amplecteremur,
3160 1715 3219 1764 et
3250 1707 3429 1765 simul
3461 1709 3669 1780 hujus—

2022 1794 2178 1850 modi
2213 1811 2352 1867 pace
2379 1801 2436 1851 et
2465 1798 2777 1853 concordia
2803 1799 3151 1854 frueremur.
3184 1798 3401 1853 Verum
3432 1798 3670 1869 quia,ut

2024 1882 2082 1938 in
2115 1882 2246 1940 aliis
2292 1900 2520 1957 quoque
2550 1886 2816 1958 epistolis
2864 1886 3281 1959 indicavimus,
3315 1892 3373 1942 et
3420 1888 3491 1942 ab
3522 1886 3669 1958 ipsis

2025 1972 2447 2029 comministris
2492 1976 2709 2030 nostris
2748 1976 2971 2031 discere
3003 1976 3267 2048 potestis.
3310 1973 3667 2031 ecclesiasti-

2024 2060 2108 2117 cis
2138 2063 2587 2119 necessitatibus
2636 2065 3003 2120 detinemur:
3039 2064 3147 2120 hac
3194 2065 3266 2120 de
3315 2080 3491 2119 causa
3530 2078 3673 2118 sane

2023 2149 2290 2207 dolemus
2319 2170 2331 2219 ;
2367 2152 2466 2207 sed
2485 2157 2678 2208 tamen
2705 2154 2940 2210 eosdem
2972 2152 3410 2209 comministros
3438 2156 3670 2211 nostros

2024 2240 2311 2296 Asterium
2336 2244 2394 2296 et
2422 2242 2737 2298 Eusebium
2772 2243 3122 2316 rogavimus,
3155 2246 3222 2297 ut
3261 2247 3525 2298 nostrum
3550 2241 3671 2297 vice

2023 2330 2094 2385 ad
2129 2347 2228 2385 vos
2272 2331 2592 2388 accedant:
2641 2332 2978 2405 gratiasque
3030 2332 3263 2388 illorum
3310 2331 3508 2405 pietati
3543 2330 3670 2403 agi.

2023 2435 2180 2484 mus,
2212 2420 2367 2491 quod
2421 2421 2654 2476 tametsi
2694 2421 2906 2479 licebat
2938 2422 3083 2495 ipsis
3114 2423 3185 2478 ad
3218 2438 3357 2478 suas
3390 2421 3668 2476 dimceses

2022 2524 2354 2580 properare,
2403 2509 2681 2566 omnibus
2730 2514 2925 2566 tamen
2966 2511 3340 2583 posthabitis,
3388 2510 3544 2566 610
3595 2512 3666 2565 ob

2023 2601 2327 2669 urgentem
2359 2597 2622 2655 Ecclesiae
2669 2600 3075 2656 necessitatem
3107 2601 3179 2655 ad
3210 2617 3309 2655 vos
3349 2600 3460 2654 iter
3496 2599 3671 2653 insti-

2022 2691 2187 2743 tuere
2236 2687 2588 2744 maluerunt.
2624 2687 2743 2744 Illis
2796 2689 2976 2761 igitur
3025 2694 3223 2745 nostro
3254 2688 3545 2745 desiderio
3577 2705 3672 2744 ac-

2025 2775 2488 2845 quiescentibus,
2524 2778 2920 2849 nosmetipsos
2950 2776 3230 2834 consolati
3265 2794 3507 2845 sumus;
3536 2777 3675 2847 quia

2022 2863 2316 2935 ejusmodi
2350 2864 2489 2920 viris
2517 2864 2816 2921 vobiscum
2848 2866 3003 2922 istuc
3037 2865 3538 2932 convenientibus,
3567 2882 3674 2921 nos

2023 2968 2256 3024 quoque
2279 2969 2485 3008 omnes
2517 2955 2723 3010 adesse
2754 2955 3128 3011 arbitramur.

2095 3041 2149 3096 3.
2183 3043 2478 3113 Quotquot
2507 3042 2688 3114 igitur
2725 3044 3031 3099 nobiscum
3082 3060 3284 3116 pacem
3324 3044 3539 3100 habere
3569 3060 3672 3098 cu-

2026 3129 2217 3203 piunt,
2251 3129 2499 3186 maxime
2555 3136 2750 3187 autem
2818 3132 2917 3204 qui
2975 3132 3034 3187 in
3092 3133 3286 3188 Veteri
3353 3136 3672 3190 conventus

2028 3223 2232 3291 agunt,
2264 3224 2322 3274 et
2353 3218 2452 3290 qui
2484 3218 2556 3273 ab
2586 3220 2936 3276 Arianorum
2970 3221 3241 3293 partibus
3272 3221 3563 3290 resiliunt,
3600 3221 3671 3276 ad

265 3311 373 3362 νῶν
414 3306 853 3380 προσκαλέσασθε
898 3311 1026 3384 παρ’
1073 3308 1306 3376 ἑαυτοῖς,
1355 3310 1442 3363 καὶ
1491 3310 1567 3372 ὡς
1614 3311 1708 3383 μὲν
1753 3310 1914 3365 πατέ-

2036 3324 2129 3362 vos
2159 3312 2489 3375 convocate,
2517 3323 2755 3379 eosque,
2778 3310 3278 3379 quemadmodum
3306 3315 3500 3382 patres
3523 3310 3678 3365 filios

269 3413 355 3469 ρες
384 3393 533 3456 υἱοὺς
581 3390 974 3468 προσλάϐεσθε,
1026 3405 1101 3458 ὡς
1150 3394 1207 3451 δὲ
1262 3394 1578 3453 διδάσκαλοι
1619 3398 1708 3452 καὶ
1752 3395 1915 3469 κηδε-

270 3482 430 3556 μόνες
483 3481 817 3554 ἀποδέξασθε
863 3488 997 3558 (22),
1047 3486 1138 3540 καὶ
1186 3488 1511 3561 σονάψαντες
1558 3486 1752 3550 αὐτοὺς
1796 3492 1914 3549 τοῖς

266 3570 572 3646 ἀγαπητοῖς
603 3574 765 3645 ἡμῶν
794 3578 913 3635 τοῖς
941 3573 1065 3646 περὶ
1092 3574 1381 3644 Παυλῖνον,
1409 3572 1581 3648 μηδὲν
1612 3573 1779 3631 πλέον
1803 3576 1915 3649 (23)

267 3658 610 3732 ἀπαιτήσητε
685 3662 813 3736 παρ’
870 3661 1044 3717 αὐτῶν
1102 3662 1138 3732 ἢ
1197 3664 1602 3737 ἀναθεματίζειν
1665 3664 1761 3737 μὲν
1814 3665 1917 3733 τὴν

2026 3413 2187 3461 suos,
2211 3396 2475 3467 excipite,
2500 3412 2565 3451 ac
2592 3396 2751 3453 velut
2781 3399 3045 3470 magistri
3068 3404 3126 3455 et
3146 3404 3366 3455 tutores
3387 3400 3678 3472 amplexa-

2028 3484 2208 3540 mini:
2265 3484 2612 3556 dilectisque
2662 3488 2879 3543 nostris
2929 3487 3169 3543 Paulino
3218 3493 3273 3543 et
3325 3488 3678 3559 sequacibus

2026 3575 2156 3644 ejus
2187 3574 2514 3646 adjungite,
2546 3574 2808 3646 nihilque
2840 3576 3096 3647 amplius
3143 3578 3214 3633 ab
3259 3577 3376 3633 illis
3407 3577 3674 3650 exigatis,

2030 3679 2207 3735 quam
2240 3667 2307 3718 ut
2349 3662 2622 3719 Arianarn
2656 3664 2926 3721 haeresim
2959 3666 3337 3722 anathemate
3369 3667 3676 3734 damnent,

341 3761 364 3796 ³
389 3761 599 3832 Ephes.
634 3778 709 3833 IV,
739 3763 795 3817 5.
875 3764 897 3799 ‘
924 3762 1076 3819 Psal.
1110 3780 1319 3832 cum,
1356 3765 1402 3820 1.
1482 3765 1504 3800 ⁵
1533 3765 1715 3821 Levit.
1747 3763 2031 3834 xxv1,12;
2064 3765 2115 3816 Il
2147 3760 2275 3816 Cor.
2308 3778 2386 3828 v1,
2422 3762 2509 3817 16.
2585 3763 2608 3797 ⁸
2637 3763 2789 3818 Psal.
2821 3781 3007 3834 CXXXI,
3045 3766 3131 3820 14.

344 3859 458 3933 (12)
486 3860 746 3942 Beg.
781 3860 977 3942 solus,
998 3862 1100 3918 sed
1132 3863 1330 3942 probe.
1372 3863 1524 3942 Edjti
1587 3868 1645 3921 et
1701 3861 1921 3931 σείει-ἱ,

276 3929 471 4006 οῧτῳέ.
498 3932 651 4006 ibid‘
684 3929 920 4006 Regius,
952 3929 1319 4005 ἀποπηδήσει,
1353 3934 1524 3991 male.

347 4005 462 4086 (13)
495 3998 850 4086 ItaRegius,
885 3998 1022 4086 Sag,
1052 3998 1541 4086 et'Basil._l§diti,‘
1572 3998 1705 4086 ἕρκη..
1749 4006 1930 4086 Paulo

275 4082 430 4146 post,
462 4074 605 4130 editi
636 4074 1139 4149 et'manuscripti.
1172 4074 1592 4155 ΕεΙ.,ἀδελφοὺς
1613 4074 1710 4131 ’ἐπὶ
1739 4077 1802 4132 τὸ
1831 4077 1931 4133 αύ-

275 4144 374 4198 τόε
414 4141 556 4198 οὕτω
587 4146 713 4198 γάρ.
765 4153 898 4198 etc-_
950 4150 1172 4198 omissa
1220 4150 1397 4198 (nund
1449 4150 1697 4198 nhrases
1749 4150 1925 4198 simili

274 4150 374 4213 τός
414 4150 556 4199 οὕτω
587 4150 713 4221 γάρ,
765 4153 899 4219 etc.,
950 4150 1172 4205 omissa
1220 4150 1398 4221 (quod
1448 4150 1697 4223 phrases
1749 4150 1929 4207 simili

274 4232 418 4301 voce
446 4218 739 4301 caderent)
772 4220 1039 4277 clausula
1069 4220 1318 4293 integra,
1351 4238 1525 4293 quam
1561 4222 1929 4280 restituimus

277 4291 558 4364 ex‘ﬂegjo
586 4294 643 4345 et
670 4294 801 4364 Seg.

349 4359 826 4439 (1.4)’Ita_B_egius
858 4363 1039 4439 codex
1067 4366 1125 4419 et
1154 4363 1301 4439 8ος.-
1331 4363 1483 4439 Editi
1513 4366 1571 4439 et
1618 4363 1738 4430 alii,
1797 4363 1926 4439 ᾑρε-

277 4428 791 4509 τησᾴμηνκξὶρὄ,
821 4431 1173 4509 κηρύσσεταιἶ
1202 4428 1374 4509 Editi,
1404 4428 1746 4509 κηρύττεται.

352 4501 466 4579 (15)
496 4502 684 4560 Editio
718 4501 1236 4579 Parisiensissola,
1271 4501 1518 4579 'Aaeptip,
1550 4507 1725 4579 male.
1749 4507 1925 4579 Paulo

281 4578 418 4719 post
436 4590 651 4701 ngI‘lBB
702 4577 1104 4651 manuscripti,
1167 4577 1679 4652 ὑμετέρανζΕάίιὶ,
1729 4577 1926 4651 ἡμετέ-

318 4664 405 4712 αν,
498 4663 529 4702 a
556 4663 606 4703 ο.

318 4664 405 4712 αν,
436 4663 606 4703 male.

2042 3876 2192 3926 sam,
2225 3859 2493 3929 alteram,
2541 3858 2779 3937 παλαιάν
2805 3878 2932 3937 _seu
2977 3861 3228 3937 ἀρχαίαν,
3280 3862 3388 3918 hoc
3418 3867 3507 3937 est
3537 3863 3685 3919 anti-

2041 3948 2242 4003 quam,
2274 3948 2404 4002 quae
2435 3935 2762 3988 secundum
2795 3933 3028 3989 Orontis
3050 3933 3218 3990 'ﬂuvii
3251 3951 3412 3989 oram
3447 3934 3682 4005 longum

2039 4005 2560 4086 terra_occupaba_t
2589 4007 2843 4086 spatium
2858 4023 2884 4086 ξ
2919 4006 3162 4062 alteram
3194 4023 3404 4086 no_vam
3436 4008 3494 4060 in
3527 4008 3685 4086 ejus-

2040 4076 2173 4132 dem
2204 4073 2362 4150 ﬂu'vii
2386 4073 2817 4150 insulasitam,
2854 4078 3041 4150 forma
3071 4079 3475 4148 rotunda,quzs
3506 4073 3678 4150 quin-

2039 4163 2154 4221 que
2184 4147 2461 4218 pontibus
2492 4148 2743 4221 antiquae
2780 4149 3163 4221 jungebatur.
3197 4150 3262 4205 In
3303 4147 3547 4221 antiqua
3593 4165 3687 4204 ex-

2038 4217 2231 4275 stabat
2254 4232 2420 4274 vetus
2450 4217 2695 4275 ecclesia
2734 4217 2805 4275 ab
2856 4217 3136 4291 apostolis
3184 4217 3465 4285 fundata;
3499 4236 3680 4291 quam

2037 4291 2167 4346 ideo
2190 4291 2583 4361 Apostolicam
2616 4299 2781 4361 vocat
2808 4291 3226 4357 'l‘beodoretus,
3257 4292 3564 4350 Chronian
3585 4308 3680 4348 ve-

2038 4378 2098 4416 re
2128 4360 2601 4446 Ateiandrz'num,
2662 4360 2903 4446 Παλαιὰν
2955 4363 3231 4446 appellat,
3274 4365 3429 4446 unde
3452 4363 3681 4446 ambigi

2078 4434 2241 4501 ossit,
2274 4439 2606 4490 veteremne
2638 4435 2863 4499 urbem,
2893 4452 2964 4489 an
2991 4441 3238 4492 veterem
3260 4436 3565 4492 ecclesiam
3588 4434 3682 4491 hic

2084 4505 2731 4580 thanast_us_memoret.
2766 4507 3046 4562 Caeterum
3083 4508 3367 4580 quidquid
3420 4508 3514 4573 sit,
3562 4524 3681 4562 cer-

2037 4581 2164 4631 tum
2197 4580 2286 4648 est
2318 4575 2613 4633 Meletium
2647 4580 2703 4633 in
2732 4584 2920 4633 vetere
2952 4575 3442 4637 urbe—conventus
3471 4579 3682 4648 egisse,

2039 4648 2099 4723 in
2130 4647 2393 4723 ecclesia,
2426 4665 2605 4723 quam
2636 4650 3037 4706 Theodoretus
3067 4654 3476 4723 Apostolicam,
3511 4650 3682 4706 Chro—

358 4695 834 4794 (itiTita'Regius
863 4721 1044 4794 codex
1074 4719 1255 4777 solus.
1306 4721 1382 4794 ,In
1440 4720 1572 4794 aliis
1629 4719 1719 4774 καί
1748 4722 1929 4778 deest.
1962 4695 2009 4760 D
2685 4695 3684 4794 vero

288 4787 465 4876 Pau‘lo
480 4793 648 4876 post,
684 4787 899 4876 Eegius
926 4798 982 4848 et
1020 4793 1156 4876 Seg.
1183 4791 1329 4865 παρά
1350 4795 1457 4845 τῶν
1502 4790 1701 4848 αὐτῶν.
1758 4794 1931 4864 Editi,

286 4860 412 4933 περὶ
441 4860 551 4914 τῶν
583 4860 797 4931 αύτῶνξ
814 4863 1014 4919 minus
1041 4860 1216 4920 recte.

359 4931 474 5001 (17)
504 4933 597 5008 Sic
628 4934 847 5008 Regius
878 4936 1055 4991 codex
1084 4934 1269 5008 solus,
1297 4941 1469 5007 atque
1498 4935 1579 4991 ita
1610 4934 1750 5008 legit
1771 4936 1931 4992 Nan-

287 5000 461 5091 nius,"
481 5004 582 5091 qui
612 5000 822 5091 utﬁﬁ‘os
845 5008 1037 5091 vertit,
1067 5000 1398 5091 detineatur,
1418 5012 1623 5079 estque
1651 5000 1932 5080 germana

290 5072 639 5152 haedis—otio,
669 5077 908 5152 Editiget
936 5072 1069 5152 alii,
1089 5072 1516 5152 κατεπείγουσιν.

359 5144 473 5222 (18)
503 5148 727 5222 Begius
748 5150 947 5222 codex,
972 5144 1156 5222 καίτοι
1189 5144 1496 5222 δυνάμενοι.
1528 5149 1675 5206 Editi
1711 5154 1769 5207 et
1816 5166 1929 5207 cae-

282 5215 639 5295 teriitiwttm'p
670 5217 824 5275 αύτοί
856 5215 1165 5295 δυνάμενοι.

356 5289 473 5366 (19)
502 5289 719 5366 _Reg'ius
771 5295 952 5350 codex
993 5289 1193 5366 'solus,
1242 5290 1407 5366 Evocat
1452 5311 1543 5366 fre.
1594 5298 1720 5366 Mox
1749 5293 1927 5366 idem,

285 5358 626 5439 συνθεμένωῦ
676 5366 834 5439 γοῦν,
888 5358 1395 5439 παραμυθησάμεθα
1449 5358 1927 5439 ἑαυτούςηᾷΡξιυὶό

286 5436 441 5558 post,
473 5432 869 5558 Seguerianus
898 5432 1078 5495 codex
1125 5432 1183 5493 et
1233 5432 1413 5520 editio
1466 5435 1929 5520 Commelinian'a

332 5503 509 5558 abent
582 5510 719 5558 ιιῶν.
756 5508 860 5558 Alii
891 5526 1095 5558 omnes
1117 5514 1175 5558 at
1204 5509 1343 5558 editi
1401 5512 1459 5558 et
1514 5512 1922 5558 manuscrinti.

293 5503 509 5627 gallant
535 5503 719 5579 ημῶν.
755 5508 861 5565 Alii
891 5526 1095 5567 omnes
1117 5514 1175 5566 et
1204 5509 1345 5565 editi
1401 5512 1459 5565 et
1514 5508 1922 5581 manuscripti,

331 5595 468 5627 μων.

372 5595 468 5632 ων.

330 5595 479 5718 μὲἴί)
505 5649 592 5724 ita
612 5651 1041 5724 Begiuscodex
1069 5650 1254 5724 solus.
1287 5654 1352 5705 In
1386 5649 1561 5724 editis
1590 5653 1648 5706 et
1673 5650 1806 5724 aliis
1834 5648 1925 5724 καί

292 5717 477 5801 deest.
504 5717 990 5801 Ιδὶᾀθᾳῇτοὺςάν
1019 5726 1089 5801 τῆ
1116 5718 1352 5801 Παλαιᾷ.
1388 5721 1663 5801 Libianus
1707 5722 1768 5778 in
1791 5723 1925 5801 -ρᾳ-

294 5790 523 5863 iochico,
556 5793 641 5852 ait
668 5790 1042 5863 antiochiam
1073 5796 1135 5855 in
1165 5790 1321 5855 am
1346 5793 1524 5858 urbes
1563 5792 1747 5853 fuisse
1774 5792 1923 5852 divi-

2043 4808 2222 4867 unam
2255 4796 2483 4867 tantum
2511 4792 2820 4850 ecclesiam
2851 4792 3169 4867 admodum
3192 4811 3426 4867 parvam
3453 4794 3509 4847 in
3537 4809 3684 4849 nova

2041 4863 2185 4937 urbe
2214 4864 2558 4935 occupabat,
2610 4882 2784 4937 quam
2848 4866 3093 4921 Euzoius
3125 4863 3268 4922 tunc
3329 4866 3679 4937 Arianorum

2038 4935 2351 5007 episcopus
2380 4935 2702 4992 reverentia
2748 4937 2852 4991 viri
2904 4944 3233 4993 commotus
3264 4937 3505 4994 Paulino
3535 4936 3686 4991 suis-

2039 5023 2152 5078 que
2181 5014 2568 5078 concesserat,
2603 5015 2669 5063 ut
2697 5010 2777 5064 ait
2805 5009 3091 5076 Socrates,
3133 5008 3282 5065 libro
3337 5008 3510 5064 tertio
3540 5025 3589 5063 c.
3623 5009 3678 5063 9.

2111 5079 2217 5149 (21)
2250 5079 2336 5135 Ita
2364 5080 2601 5151 Regius.
2640 5080 2698 5135 In
2761 5080 2935 5136 editis
2979 5095 3110 5137 vero
3157 5086 3216 5138 et
3265 5082 3508 5147 caeteris,
3544 5079 3679 5133 ἀπο-

2036 5146 2335 5241 τρέχοντας
2366 5146 2423 5204 δέ
2449 5146 2601 5207 δεδι.
2635 5152 2764 5208 Mox
2793 5152 3026 5223 Regius,
3057 5151 3196 5226 πρὸς
3238 5151 3472 5213 ἑαυτοῖς.
3506 5151 3681 5221 Editi,

2036 5240 2145 5274 παο
2194 5221 2424 5274 ἑαυτοῖς.

2036 5240 2158 5282 παρν
2194 5240 2349 5277 εαυτο
2363 5241 2424 5282 ις.

2127 5294 2219 5365 22)
2250 5295 2334 5351 Ita
2361 5293 2574 5365 Regius
2604 5296 2662 5351 et
2689 5296 2819 5365 Seg,
2868 5294 3042 5365 Editi,
3100 5290 3499 5364 ἀποδείξασθαι.
3553 5298 3682 5350 Mox

2036 5363 2272 5455 Regius,
2302 5363 2640 5438 Seguerian.
2676 5363 2845 5422 Basil.
2879 5363 3093 5427 αὐτούς.
3148 5363 3311 5424 Εόὶιί
3352 5384 3505 5435 vero,
3561 5365 3684 5418 ἑαυ-

2033 5455 2180 5496 τους.

2106 5508 2218 5581 (23)
2255 5510 2340 5564 Ita
2368 5508 2582 5581 Regius
2612 5512 2669 5564 et
2697 5506 3096 5581 Basil.Caeteri
3130 5513 3186 5581 et
3241 5509 3402 5576 editi,
3461 5504 3675 5581 πλεῖον.

2034 5579 2211 5654 Paulo
2243 5585 2373 5652 post
2402 5579 2536 5645 Reg.
2562 5585 2698 5654 ,Seg.
2733 5579 2908 5654 Basil.
2945 5586 3003 5636 et
3031 5580 3363 5654 Goblerian.
3396 5580 3541 5654 παρὰ
3567 5582 3674 5633 τῶν

2034 5649 2430 5725 ἁγίωνςιιθοιο.
2469 5649 2801 5725 Editifmp’
2829 5649 3004 5706 αὐτῶν
3034 5651 3204 5725 ἁγίων
3231 5670 3243 5707 :
3295 5652 3509 5710 erroris
3539 5668 3678 5708 cau-

2032 5723 2161 5783 sam
2191 5723 2321 5781 vide
2350 5723 2411 5781 in
2442 5723 2682 5799 Prologo
2709 5723 2778 5781 ad
2806 5725 3032 5781 Antonii
3064 5723 3256 5785 Vitam.
