4082 6364
333 465 454 526 799

871 466 932 530 S.
980 467 1411 531 ATHANASII
1455 471 1630 532 OPP.
1675 469 1972 532 PARSJ.
2003 501 2083 515 —
2111 467 2536 534 HISTORICA
2581 473 2681 533 ET
2725 471 3205 535 DOGMATIGA.

3623 467 3746 536 800

336 598 631 670 ﬁdemque
662 614 696 654 ει
726 599 945 654 sanctis
991 599 1260 656 Patribus
1301 601 1500 656 Nicaeae
1549 600 1980 674 promulgatam

2111 602 2383 676 ’Δρειανήν
2417 600 2641 677 αἳρεσιν,
2676 601 2968 678 ὁμολογεῖν
3014 600 3072 657 δὲ
3117 603 3218 670 τήν
3257 603 3406 677 παρὰ
3431 605 3538 657 τῶν
3570 603 3741 678 ἁγίων

338 689 745 760 profiteantur.
791 690 1194 746 Condemnent
1233 690 1376 747 item
1423 708 1522 748 eos
1570 693 1669 764 qui
1701 693 1985 765 Spiritum

338 783 609 835 sanctum
636 779 933 834 affirmant
959 783 1289 836 creaturam
1323 797 1452 837 esse
1477 787 1534 837 ct
1556 799 1590 838 a
1617 781 1833 838 Christi
1854 782 1986 838 sub-

339 867 558 922 stantia
589 866 865 923 divisum.
899 867 1048 923 Illud
1094 869 1252 925 enim
1298 887 1428 926 vere
1458 876 1547 926 est
1576 870 1800 926 resilire
1824 889 1857 926 a
1885 872 1984 926 de-

339 956 610 1010 testanda
658 957 1006 1012 Arianorum
1057 958 1285 1028 haeresi,
1335 965 1600 1016 sanctam
1638 960 1983 1016 Trinitatem

338 1060 454 1100 non
481 1044 761 1112 dividere,
796 1061 902 1101 nec
935 1046 1126 1103 dicere
1147 1047 1369 1120 aliquid
1401 1051 1557 1121 quod
1583 1050 1654 1104 ad
1686 1065 1816 1106 eam
1851 1065 1983 1121 per-

338 1133 523 1189 tineat
549 1139 880 1190 creaturam
929 1151 1078 1192 esse.
1112 1136 1257 1192 Nam
1299 1138 1400 1210 qui
1433 1137 1718 1194 simulant
1747 1138 1988 1210 quidem

339 1237 401 1277 se
432 1222 725 1279 Nicenam
777 1223 949 1279 tidem
998 1225 1280 1298 profiteri,
1329 1232 1505 1299 atque
1534 1227 1758 1283 interea
1785 1232 1990 1283 contra

337 1310 623 1382 Spiritum
642 1317 918 1368 sanctum
951 1313 1362 1386 blasphemare
1380 1332 1496 1372 non
1529 1314 1988 1384 dubitant,nihil

337 1399 500 1455 aliud
523 1405 821 1473 prestant,
843 1417 1023 1473 quam
1046 1403 1201 1474 quod
1223 1403 1499 1460 Arianam
1535 1403 1777 1460 haaresin
1798 1404 1988 1460 verbis

339 1489 578 1562 quidem
600 1497 840 1563 negant,
862 1491 1062 1548 animo
1085 1497 1278 1550 autem
1310 1498 1367 1549 et
1392 1495 1685 1550 sententia
1713 1493 1985 1550 retinent.

336 1577 724 1635 Anathemate
755 1596 988 1652 quoque
1017 1581 1089 1636 ab
1121 1581 1396 1638 omnibus
1419 1583 1734 1638 damnetur
1749 1581 1988 1638 Sabellii

337 1672 396 1722 et
424 1667 594 1723 Pauli
635 1670 1069 1726 Samosatensis
1112 1671 1404 1742 impietas,
1437 1670 1732 1728 Valentini
1762 1671 1901 1726 item
1932 1674 1989 1726 et

339 1755 618 1813 Basilidis
647 1757 884 1814 insania
913 1764 970 1814 et
1001 1759 1455 1816 Manichazorum
1495 1760 1756 1816 amentia
1782 1777 1794 1815 :
1829 1760 1985 1832 quod

336 1845 388 1900 si
419 1845 501 1902 ita
523 1846 644 1914 ﬁat,
677 1847 942 1902 futurum
974 1853 1062 1904 est
1093 1853 1157 1902 ut
1203 1850 1398 1905 omnis
1428 1849 1582 1905 mala
1611 1849 1868 1921 suspicio
1900 1846 1986 1904 le—

331 1940 502 1990 vetur
531 1935 768 2007 ubique,
793 1941 852 1993 et
884 1936 1010 1993 sola
1039 1937 1340 1994 catholicae
1372 1938 1642 1996 Ecclesia
1669 1940 1814 1994 ﬁdes
1834 1953 1986 2011 pura

334 2031 850 2082 commonstretur.
1302 2045 1308 2052 ·

411 2203 463 2258 4.
497 2203 658 2268 Quod
693 2208 888 2260 autem
921 2204 1073 2261 hanc
1119 2210 1426 2262 teneamus
1473 2205 1649 2262 fidem
1689 2223 1822 2263 cum
1853 2223 1980 2275 nos,

2093 689 2347 764 Πατὲρων
2394 689 2834 766 ὁμολογηθεῖσαν
2884 689 2935 745 ἐν
2985 690 3184 763 Νικαίᾳ
3229 692 3432 762 πίστιν,
3465 690 3740 764 ἀναθεμα-

2089 778 2260 846 τίζειν
2291 776 2348 833 δὲ
2377 779 2464 834 καὶ
2515 779 2644 843 τοὺς
2690 777 2951 856 λέγοντας
3001 782 3205 855 κτίσμα
3256 782 3388 836 εἶναι
3424 781 3488 836 τὸ
3519 785 3745 855 Πνεῦμα

2091 867 2153 921 τὸ
2186 864 2362 942 ἅγιον,
2394 869 2484 923 καὶ
2532 865 2863 944 διῃρημένον
2907 869 2968 925 ἐκ
3008 877 3111 939 τῆς
3143 867 3326 932 οὐσίας
3354 873 3451 924 τοῦ
3483 873 3740 944 Χριστοῦ.

2093 959 2266 1014 Τοῦτο
2296 956 2400 1034 γάρ
2430 957 2569 1013 ἐστιν
2621 957 2842 1029 ἀληθῶς
2889 956 3174 1030 ἆποπηδᾷν
3203 961 3316 1032 (24)
3367 957 3473 1014 ἀπὸ
3503 961 3605 1028 τὴς
3643 981 3742 1032 μυ-

2093 1050 2258 1121 σαρᾶς
2312 1046 2570 1122 αἱρέσεως
2612 1051 2721 1102 τῶν
2774 1048 3088 1123 ’Λρειανῶν,
3131 1048 3193 1102 τὸ
3243 1048 3322 1120 μή
3363 1044 3590 1122 διαιρεῖν
3641 1047 3742 1116 τήν

2097 1133 2256 1208 ἁγίαν
2287 1131 2518 1208 Τριάδα,
2560 1135 2650 1190 καὶ
2704 1133 2877 1212 λέγειν
2923 1156 2975 1191 τι
3005 1135 3206 1206 ταύτης
3254 1136 3386 1190 εἶναι
3417 1135 3642 1208 κτίσμα.
3675 1136 3744 1194 Οἱ

2095 1222 2196 1298 γὰρ
2219 1222 2688 1297 προσποιούμενοι
2726 1224 2819 1298 μὶν
2859 1223 3144 1298 ὀνομάζειν
3171 1225 3270 1295 τὴν
3304 1223 3744 1301 ὁμολογηθεῖσαν

2097 1309 2148 1366 έν
2207 1313 2406 1385 Νικαίᾳ
2461 1313 2640 1369 πίστιν
2674 1356 2688 1382 ,
2744 1317 3062 1388 τολμῶντες
3120 1311 3178 1368 δὶ
3233 1313 3370 1368 κατᾶ
3427 1317 3524 1368 τοῦ
3580 1312 3743 1388 ἁγίου

2098 1401 2412 1475 Πνεύματος
2468 1401 2814 1482 βλασφημεῖν
2864 1405 2999 1474 (25),
3059 1399 3213 1458 ούδὶν
3265 1401 3434 1458 πλέον
3467 1406 3738 1472 ποιοῦσιν,

2096 1489 2133 1560 ἢ
2162 1491 2264 1560 τήν
2315 1491 2596 1566 Ἀρειανήν
2656 1489 2858 1567 α’ίρεσιν
2911 1496 3031 1554 τοῖς
3087 1492 3181 1566 μὲν
3239 1489 3475 1567 ῥήμασιν
3525 1491 3746 1567 ἀρνοῦν-

2094 1600 2202 1648 ται,
2234 1583 2314 1652 τῷ
2345 1577 2402 1634 δὲ
2459 1582 2770 1658 φρονήματι
2811 1579 3011 1651 ταύτην
3064 1581 3412 1656 κατέχουσιν.
3446 1580 3744 1652 ’Λναθεμα-

2095 1667 2324 1737 τιζέσθω
2355 1667 2413 1722 δὲ
2444 1669 2590 1743 παρᾶ
2617 1670 2832 1724 πάντων
2863 1671 2898 1739 ὴ
2935 1663 3242 1725 Σαϐελλίου
3271 1668 3361 1723 καὶ
3389 1667 3610 1724 Παύλου
3647 1671 3743 1722 τοῦ

2100 1757 2464 1830 Σαμοσατέως
2514 1753 2752 1829 ἀσέϐεια,
2802 1759 2889 1814 καὶ
2943 1757 3304 1816 Οὐαλεντίνου
3352 1758 3441 1813 καὶ
3489 1755 3744 1814 Βασιλεί-

2099 1843 2194 1901 δου
2247 1847 2359 1921 (26)
2397 1849 2433 1916 ἡ
2489 1847 2672 1920 μανία,
2703 1847 2793 1902 καὶ
2842 1852 2950 1902 τῶν
3000 1847 3324 1922 Μανιχαίων
3373 1849 3408 1916 ἡ
3461 1864 3743 1923 παραφρο-

2097 1936 2251 2007 σύνη·
2283 1935 2491 1990 τούτων
2519 1935 2620 2013 γὰρ
2673 1935 2818 1991 οὕτω
2867 1937 3190 2012 γινομένων,
3239 1941 3383 1990 πᾶσα
3431 1935 3580 2011 παρά
3611 1934 3744 1990 πάν-

2087 2047 2196 2080 των
2253 2023 2458 2098 ὑποψία
2515 2024 2696 2101 φαύλη
2744 2027 3239 2100 περιαιρεθήσεται,
3289 2025 3378 2078 καὶ
3442 2022 3584 2097 μόνη
3643 2029 3745 2092 τῆς

2092 2110 2394 2182 καθολικῆς
2445 2111 2774 2182 Ἐκκλησίας
2803 2115 2838 2182 ἡ
2889 2112 3072 2175 πίστις
3117 2111 3326 2183 καθαρὰ
3376 2108 3744 2187 δειχθήσεται.

2166 2205 2216 2258 4.
2247 2203 2371 2258 ’Ότι
2405 2201 2497 2274 μὲν
2523 2199 2615 2255 οὖν
2645 2201 2845 2272 ταύτην
2881 2199 3080 2277 ἔχομεν
3109 2201 3207 2270 τὴν
3255 2201 3446 2255 πίστιν
3500 2201 3664 2273 ἡμεῖς
3689 2221 3750 2255 τε

337 2297 466 2348 tum
524 2309 730 2349 omnes
777 2294 878 2365 qui
941 2293 1246 2350 nobiscum
1295 2311 1530 2366 semper
1575 2296 1986 2351 communione

2111 2292 2180 2346 ιαὶ
2215 2291 2269 2345 οἱ
2298 2289 2377 2345 ἀεὶ
2417 2290 2530 2363 μεθ’
2560 2291 2721 2364 ἡμῶν
2750 2291 2850 2356 τήν
2880 2290 3167 2345 κοινωνίαν
3200 2287 3523 2366 ἐσχηκότες,
3557 2286 3748 2344 οὐδένα

329 2382 524 2452 juncti
578 2383 757 2449 fuere,
807 2383 1026 2438 nemini
1074 2389 1334 2439 vestrum
1383 2401 1573 2456 neque
1602 2384 1699 2440 alii
1730 2385 1986 2458 cuipiam

2111 2376 2219 2434 ὥτε
2249 2379 2402 2452 ὑμῶν
2459 2382 2569 2452 (27)
2621 2376 2732 2442 οὔθ’
2774 2376 2955 2454 1ἕτερόν
3000 2399 3120 2434 τινα
3167 2378 3376 2453 ἀγνοεῖν
3435 2376 3744 2452 ἡγούμεθα.

337 2471 519 2525 latere
569 2471 948 2526 arbitramur.
996 2475 1277 2528 Ceterum
1329 2473 1470 2544 quia
1507 2473 1991 2546 congratulamur

2111 2466 2320 2538 Επειδὴ
2353 2465 2411 2523 δὲ
2440 2467 2802 2544 συγχαίρομεν
2827 2474 2946 2531 τοῖς
2979 2466 3338 2544 βουλομένοις
3367 2465 3746 2538 συνάπτεσθα·,

340 2559 416 2614 iis
447 2559 547 2630 qui
581 2559 887 2616 nobiscum
921 2561 1199 2633 conjungi
1230 2566 1525 2634 emptant,
1555 2563 1833 2618 omnibus
1858 2562 1988 2634 qui-

2111 2564 2226 2613 ιτᾶσι
2279 2557 2397 2631 μὲν,
2447 2555 2732 2631 ἐξαιρέτως
2783 2554 2842 2612 δὲ
2891 2561 3012 2620 τοῖς
3062 2555 3114 2611 έν
3163 2558 3231 2630 τῇ
3270 2554 3484 2626 Παλαιᾷ
3513 2575 3747 2630 συναγο-

345 2648 500 2715 dem,
536 2649 636 2704 sed
659 2648 732 2703 iis
764 2649 1136 2721 potissimum
1169 2653 1271 2723 qui
1300 2651 1358 2706 in
1394 2651 1586 2706 Veteri
1616 2653 1988 2721 conveniunt,

2111 2649 2309 2720 μένοις,
2341 2646 2432 2702 καὶ
2485 2644 2721 2719 μάλιστα
2763 2647 2855 2702 τὸν
2889 2648 2999 2719 (28)
3034 2645 3234 2721 Κύριον
3292 2642 3640 2718 ἐδοξάσαμεν,
3670 2643 3747 2706 ὡς

338 2737 585 2809 jamque
615 2754 891 2809 magnam
942 2739 1185 2795 Domino
1215 2738 1460 2812 gloriam
1487 2740 1821 2808 retulimus,
1857 2757 1990 2797 cum

2111 2735 2187 2791 ἐπὶ
2221 2742 2374 2809 πᾶσι,
2404 2735 2493 2790 καὶ
2525 2734 2612 2790 ἐπὶ
2642 2739 2711 2809 τῇ
2743 2735 2920 2810 ἀγαθῇ
2952 2733 3204 2810 προθέσει
3233 2733 3440 2789 τούτων
3463 2753 3476 2766 ·
3510 2753 3751 2809 παρακα-

347 2828 421 2882 de
449 2825 583 2882 aliis
613 2827 910 2895 omnibus,
945 2832 1070 2884 tum
1111 2830 1181 2884 de
1213 2831 1364 2886 bono
1413 2829 1622 2886 horum
1654 2831 1989 2903 proposito;

2111 2824 2303 2898 λοῦμεν
2338 2825 2476 2898 ὑμᾶς
2495 2823 2580 2879 ἐπὶ
2605 2823 2820 2886 τούτοις
2841 2823 3081 2899 γίνεσθαι
3100 2823 3309 2878 τούτων
3337 2823 3435 2891 τήν
3463 2822 3746 2896 ὁμόνοιαν,

349 2914 658 2971 hortamur
687 2933 787 2972 vos
820 2921 882 2972 ut
913 2916 1005 2972 his
1035 2918 1470 2974 conditionibus
1500 2920 1809 2975 concordia
1841 2920 1998 2974 inea-

2111 2915 2198 2968 καὶ
2231 2911 2400 2987 μηδὲν
2431 2912 2637 2968 τούτων
2665 2911 2858 2982 πλέον,
2889 2912 3031 2967 καθὰ
3059 2911 3413 2986 προείπομεν,
3459 2913 3598 2984 μήτε
3625 2908 3751 2971 τοὺς

347 3011 482 3071 tur;
515 3009 590 3068 et,
644 3005 728 3060 uti
761 3023 941 3078 supra
989 3006 1270 3078 diximus,
1323 3007 1466 3062 nihil
1512 3008 1644 3081 plus
1675 3009 1790 3081 his,
1821 3009 1896 3064 ab
1928 3008 1999 3064 iis

2111 3002 2161 3058 έν
2190 3007 2259 3077 τῇ
2305 3002 2519 3072 Παλαιᾷ
2567 3001 2965 3076 συναγομένους
3014 3000 3354 3056 ἀπαιτεῖσθαι
3401 2999 3528 3076 παρ’
3573 2999 3747 3072 ὑμῶν,

351 3091 452 3163 qui
501 3092 561 3147 in
613 3093 804 3148 Veteri
854 3095 1228 3162 conveniunt,
1259 3096 1547 3168 exigatis:
1599 3114 1786 3170 neque
1829 3096 1999 3170 plura

2111 3094 2250 3165 μήτε
2278 3091 2404 3153 τοὺς
2434 3091 2557 3165 περὶ
2612 3089 2882 3146 Παυλῖνον
2927 3087 3110 3167 ἕτερόν
3145 3111 3197 3144 τι
3259 3091 3398 3162 μήτε
3438 3090 3552 3162 (29)
3582 3087 3748 3143 πλέον

350 3197 527 3251 quam
561 3198 691 3252 quae
732 3183 934 3239 Nicena
985 3185 1220 3240 decreta
1261 3190 1424 3254 sunt,
1466 3185 1693 3243 Paulini
1723 3202 1999 3258 sequaces

2111 3185 2214 3236 τῶν
2241 3179 2294 3236 έν
2328 3179 2521 3252 Νικαίᾳ
2549 3173 2980 3254 προϐάλλεσθαι.

349 3277 699 3341 proponant.

421 3360 475 3413 5.
509 3359 696 3424 Quam
727 3359 908 3432 igitur
941 3362 1206 3418 nonnulli
1240 3364 1469 3434 jactant
1497 3363 1794 3436 tabellam,
1826 3364 1995 3437 quasi

2175 3363 2230 3417 5.
2260 3360 2357 3414 Καὶ
2405 3360 2468 3414 τό
2517 3357 2782 3434 θρυληθὲν
2831 3361 2958 3432 γοῦν
3009 3358 3155 3434 παρά
3209 3377 3368 3412 τινων
3428 3357 3705 3412 πιττάκιον
3734 3403 3750 3428 ,

351 3447 410 3502 in
440 3448 772 3504 Sardicensi
805 3451 1026 3522 synodo
1079 3452 1150 3508 de
1179 3452 1293 3507 ﬁde
1341 3454 1748 3524 compositam,
1780 3471 1854 3510 ne
1882 3453 1996 3526 legi

2111 3452 2180 3512 ὡς
2208 3447 2260 3504 έν
2288 3452 2357 3523 τῇ
2389 3447 2522 3503 κατὰ
2568 3444 2840 3523 Σαρδικὴν
2891 3444 3103 3520 συνόδῳ
3154 3446 3452 3521 συνταχθὲν
3484 3444 3608 3521 περὶ
3655 3444 3747 3500 πί-

355 3537 595 3608 quidem
625 3537 865 3595 omnino
911 3545 1013 3594 aut
1051 3541 1294 3612 proferri
1327 3541 1573 3599 sinatis:
1608 3543 1753 3598 nihil
1781 3544 1998 3615 quippe

355 3625 646 3694 ejusmodi
707 3626 972 3684 definivit
1019 3630 1298 3700 synodus.
1347 3631 1622 3697 Quamvis
1669 3631 1827 3688 enim
1859 3649 2000 3687 non-

355 3713 504 3769 nulli
553 3715 909 3787 postularint
953 3721 1016 3771 ut
1045 3718 1311 3789 quaedam
1344 3719 1414 3774 de
1437 3719 1548 3774 fide
1581 3720 1998 3792 scriberentur,

357 3803 524 3871 quasi
555 3803 775 3874 aliquid
807 3804 1052 3861 Nicmnss
1079 3807 1300 3878 synodo
1329 3806 1578 3875 deesset,
1611 3813 1786 3881 atque
1816 3809 1874 3866 id
1905 3810 2004 3866 ob-

357 3891 544 3948 tinere
573 3896 792 3948 temere
827 3894 1017 3949 conati
1068 3894 1322 3962 fuerint;
1350 3897 1608 3968 synodus
1641 3903 1837 3955 tamen
1867 3899 2002 3954 Sar-

358 3981 499 4036 diczs
530 3987 730 4037 coacta
759 3999 882 4038 rem
913 3983 1155 4056 indigne
1197 3984 1349 4054 tulit,
1382 3985 1748 4058 sancivitque
1777 3992 1842 4043 ut
1871 3986 2004 4042 nul-

357 4070 481 4126 lum
514 4070 668 4126 ultra
696 4071 766 4126 de
796 4072 910 4128 fide
941 4073 1207 4129 ederetur
1237 4065 1606 4146 rescriptum,
1641 4075 1741 4132 sed
1773 4077 2006 4132 suffice-

358 4164 447 4215 ret
502 4159 648 4215 fldes
713 4178 748 4216 a
811 4160 1084 4217 Patribus
1149 4161 1352 4218 Nicaea
1410 4163 1803 4238 promulgata,
1853 4167 2000 4222 σιτ

363 4247 578 4320 quippe
606 4266 730 4319 quae
778 4249 838 4304 in
891 4249 1054 4305 nullo
1095 4250 1387 4318 deficeret,
1416 4251 1514 4308 sed
1564 4251 1738 4325 plena
1776 4253 2009 4326 pietatis

367 4342 558 4392 esset:
619 4336 940 4406 statuitque
984 4355 1055 4394 ne
1113 4338 1294 4395 altera
1333 4339 1602 4396 ederetur
1631 4342 1763 4399 ﬁdei
1795 4343 2012 4416 profes-

365 4423 474 4490 sio,
509 4441 581 4480 ne
610 4441 738 4496 quae
787 4426 990 4482 Niciam
1033 4428 1362 4500 conscripta
1409 4429 1618 4499 fuerat,
1670 4431 2014 4504 imperfecta

365 4519 757 4584 reputaretur,
791 4531 932 4570 neve
962 4516 1190 4573 occasio
1220 4516 1293 4572 iis
1325 4519 1581 4585 daretur,
1614 4521 1716 4592 qui
1745 4537 2012 4593 saepenu-

374 4618 536 4658 mero
567 4602 639 4658 de
684 4603 799 4658 ﬁde
851 4603 1106 4661 scribere
1134 4621 1200 4661 ac
1231 4605 1475 4662 deﬁnire
1502 4607 1724 4664 volunt.
1768 4609 1932 4666 Unde
1961 4610 2010 4667 si

369 4690 502 4764 quis
532 4689 677 4746 illud
710 4690 936 4749 aliudve
982 4698 1293 4766 proponat,
1333 4696 1684 4769 compescite
1719 4696 2011 4769 homines,

366 4871 552 4994 ὃ,(24)
583 4875 672 4927 Ita
700 4872 914 4945 Regius
942 4876 1002 4929 et
1030 4871 1241 4929 caeteri.
1273 4873 1425 4929 Editi
1469 4889 1625 4945 vero,
1671 4874 1736 4929 τὸ
1792 4873 2007 4948 ἀποπη-

401 4961 482 4994 αν.

401 4961 482 5012 qv.

440 5015 553 5084 (25)
586 5014 826 5087 Regius,
856 5012 1182 5141 δυσφημεῖν.

440 5085 552 5168 ίξςῑ)
585 5087 823 5160 Seguer.
855 5084 1024 5141 Βασιλ
1057 5083 1178 5147 δου.
1232 5087 1378 5144 Ibid.
1418 5088 1653 5146 articul.
1682 5091 1718 5159 ἠ
1754 5091 1919 5149 deest
1949 5091 2009 5147 in

367 5155 549 5317 1:852?)
575 5229 664 5284 Sic
694 5229 933 5303 Regius,
972 5236 1100 5304 Seg.
1161 5237 1218 5286 et
1273 5230 1450 5286 Basil.
1498 5192 1654 5288 .Editi
1702 5249 1859 5302 vero,
1890 5229 2016 5287 οὕτε

371 5319 564 5456 υμίέἓ).
583 5371 797 5460 ῌεεὶυο
825 5374 1043 5460 codex,
1058 5371 1150 5426 καὶ
1187 5368 1296 5444 ἤδη
1328 5370 1450 5460 τόνἴ
1474 5378 1603 5432 Mox
1619 5393 1867 5460 “omnes
1887 5393 2014 5460 moa-

368 5443 745 5532 nuscr'iptiet
772 5445 948 5532 editio
1003 5445 1226 5532 comm.
1289 5443 1577 5532 προθέσει...
1619 5449 1772 5532 Egit.
1832 5447 2014 5532 Paris.

365 5516 679 5604 προσθέσεξ,
709 5516 880 5604 Paulo
912 5522 1087 5604 post.
1127 5518 1271 5604 “Seg.
1327 5516 1618 5604 etmeditio
1648 5524 1874 5604 pomm.
1924 5517 2016 5604 γέ-

366 5588 603 5660 γνεσθαι.
637 5588 718 5645 De
747 5589 841 5644 his
869 5588 1004 5646 vide
1031 5588 1332 5656 Rufinum,
1365 5591 1502 5648 Hist.
1554 5593 1765 5663 coclea,
1825 5608 1876 5648 ο.
1923 5588 2016 5660 28,

369 5667 428 5717 et
447 5663 846 5746 Athanasium
872 5663 1044 5746 epist;
1065 5662 1152 5746 ad.
1183 5661 1766 5746 Ruﬁnianuminfra.
1788 5729 1834 5746 Μ
1893 5737 1944 5746 η

443 5732 682 5816 (29)η1ῑιι
712 5729 952 5816 ρθεξυὲ..
1004 5731 1156 5816 Editi
1208 5749 1342 5789 vero
1363 5804 1376 5816 .
1399 5739 1458 5791 et
1516 5733 1638 5816 alii,
1671 5729 1861 5816 μηδὲ.
1887 5737 2022 5816 ys:

377 5803 521 5876 Reg.
541 5802 679 5875 'Seg.
713 5802 878 5860 Gobl.
904 5808 962 5862 et
1001 5802 1258 5861 Felckm.
1288 5804 1540 5878 primus,
1570 5802 1859 5881 θρυχηθεν.
1887 5804 2020 5862 Edi-

2109 3559 2302 3606 στεως,
2351 3534 2590 3592 κωλύετε
2638 3534 2733 3591 κᾶν
2785 3535 2932 3598 ὅλως
2976 3533 3428 3612 ἀναγινώσκεσθαι
3478 3533 3515 3603 ἢ
3545 3532 3752 3609 προφέ-

2107 3628 2309 3703 ρεσθαι·
2345 3622 2501 3681 οὐδὲν
2533 3625 2636 3702 γὰρ
2665 3629 2910 3680 τοιοῦτον
2961 3623 3152 3696 ὥρισεν
3186 3626 3222 3693 ἡ
3252 3620 3509 3686 σύνοδος.
3554 3620 3752 3692 Ἠξίω-

2109 3737 2204 3772 σαν
2239 3714 2463 3791 μὲνγὰρ
2513 3734 2676 3783 τινες,
2726 3713 2800 3775 ὠς
2847 3710 3058 3775 ἐνδεοῦς
3107 3709 3274 3783 οὔσης
3318 3715 3432 3786 (30)
3469 3717 3572 3781 τῆς
3619 3711 3757 3766 κατὰ

2111 3804 2336 3861 Νίκαιαν
2388 3800 2636 3871 συνόδου,
2686 3802 2888 3879 γράψαι
2930 3801 3054 3876 περὶ
3097 3802 3353 3868 πίστεως,
3401 3799 3492 3856 καὶ
3543 3798 3762 3874 ἰπεχεί-

2113 3894 2283 3973 ρησάν
2330 3914 2390 3968 γε
2437 3895 2742 3966 προπετῶς’
2777 3893 2811 3960 ἡ
2845 3888 2903 3946 δὲ
2953 3890 3075 3967 ἁγία
3105 3888 3331 3954 σύνοδος
3360 3891 3394 3959 ἡ
3427 3887 3481 3943 ἐν
3515 3885 3760 3965 Σαρδικῇ

2115 3984 2442 4058 συναχθεῖσα
2483 3981 2842 4057 ἠγανάκτησε,
2903 3980 2992 4034 καὶ
3053 3980 3217 4054 ὥρισε
3277 3973 3446 4052 μηδὲν
3499 3974 3576 4032 ἔτι
3639 3977 3766 4052 περὶ

2113 4073 2344 4132 πίστεως
2414 4071 2757 4145 γράφεσθαι,
2806 4065 2935 4124 ἀλλ’
2993 4067 3269 4142 ἀρκεῖσθαι
3331 4070 3402 4142 τῇ
3459 4065 3512 4121 ὲν
3568 4064 3766 4136 Νικαίᾳ

2113 4161 2260 4236 παρὰ
2312 4163 2418 4214 τῶν
2477 4160 2588 4231 (31)
2646 4157 2897 4232 Πατέρων
2959 4155 3374 4231 ὁμολογηθείσῃ
3425 4153 3624 4226 πίστει,
3673 4151 3764 4208 διὰ

2113 4253 2177 4306 τὸ
2211 4245 2379 4322 μηδὲν
2420 4246 2560 4320 αὐτῇ
2609 4243 2840 4312 λείπειν,
2893 4241 3039 4300 ἀλλὰ
3077 4241 3270 4319 πλήρη
3305 4237 3577 4304 εὐσεϐείας
3607 4253 3766 4310 εῖναι,

2117 4339 2204 4395 καὶ
2238 4336 2322 4393 ὅτι
2351 4337 2427 4409 μή
2461 4333 2570 4390 δεῖν
2625 4331 2870 4410 δευτέραν
2922 4331 3225 4396 ἐκτίθεσθαι
3268 4331 3472 4399 πίστιν,
3499 4329 3592 4386 ἵνα
3622 4332 3696 4406 μὴ
3731 4333 3766 4401 ἡ

2120 4427 2172 4484 έν
2231 4424 2426 4496 Νικαίᾳ
2479 4428 2743 4500 γραφεῖσα
2785 4423 2859 4485 ὡς
2919 4419 3118 4490 ἀτελὴς
3175 4419 3308 4475 οὖσα
3362 4424 3622 4494 νομισθῇ,
3674 4419 3769 4475 καὶ

2119 4516 2387 4594 πρόφασις
2437 4509 2574 4586 δοθῇ
2617 4517 2738 4574 τοῖς
2787 4509 3030 4575 ἐθέλουσι
3073 4508 3345 4571 πολλάκις
3399 4508 3620 4586 γράφειν
3672 4509 3767 4562 καὶ

2123 4605 2322 4682 ὁρίζειν
2370 4601 2495 4678 περὶ
2538 4599 2792 4662 πίστεως.
2845 4601 3001 4658 Ὅθεν
3045 4598 3143 4654 κᾶν
3184 4597 3346 4653 τοῦτό
3375 4619 3483 4669 τις,
3513 4597 3551 4667 ἢ
3581 4594 3768 4674 ἓτερον

2122 4688 2530 4770 προϐάλληται,
2560 4686 2757 4744 παύετε
2782 4686 2912 4750 τοὺς
2956 4685 3274 4758 τοιούτους,
3302 4686 3396 4742 καὶ
3451 4684 3666 4760 μᾶλλον
3694 4684 3771 4740 εί-

2114 4873 2183 4939 ti,
2213 4866 2541 4943 θρυλληθέν.
2576 4867 2721 4924 Ibid.
2742 4882 2954 4943 omnes
2975 4863 3397 4943 ‘manusoripti,
3445 4863 3773 4943 πιττάκιον.

2113 4933 2307 5002 Editio
2335 4933 2561 4998 Comm.
2585 4937 2874 4992 πιπτάκιον
2901 4957 2915 5006 ;
2973 4937 3154 4993 Paris.
3211 4933 3487 4995 πινάκιον.
3553 4937 3634 4992 Ea
3661 4953 3782 4992 au-

2117 5011 2509 5094 tem_t£bella
2557 5011 2629 5094 de
2688 5011 2829 5094 fide,
2867 5026 2971 5066 seu
3003 5008 3138 5094 fidei
3175 5008 3494 5094 confessio,
3524 5007 3777 5091 habetur

2123 5087 2275 5160 apud
2305 5083 2738 5167 Theodoretum
2771 5081 2872 5164 lib.
2898 5099 2963 5147 ιι,
2985 5079 3599 5164 c.8,subjungiturque
3619 5079 3776 5151 epis-

2126 5159 2259 5234 tolm
2289 5154 2592 5234 encyclica
2624 5154 2829 5234 synodi
2853 5153 3214 5234 Sgrdtcensis
3239 5167 3252 5208 :
3279 5151 3573 5234 atquehoc
3596 5154 3775 5234 pacto

2126 5172 2259 5216 tota
2289 5172 2592 5280 encicnca
2624 5172 2829 5227 synoai
2853 5172 3214 5208 aarmcensis
3239 5172 3252 5208 :
3279 5172 3450 5222 atque
3468 5172 3573 5208 noc
3603 5172 3775 5222 pacm

2126 5228 2372 5300 incipit:
2433 5223 2846 5300 ποκηρύττομεν
2879 5219 2938 5277 δὲ
2961 5219 3216 5300 ἐκείνους,
3267 5228 3377 5300 etc.
3427 5222 3510 5280 Ibi
3555 5221 3777 5279 videsis

2125 5321 2184 5377 p.
2336 5290 2671 5377 ¥ox_edi:tio
2703 5290 2951 5364 Cbmm.,
2983 5290 3208 5377 συνόδον
3233 5293 3423 5377 m_ale_..
3495 5367 3504 5377 _

2125 5362 2148 5377 ⁸
2196 5372 2312 5441 (30)
2343 5376 2431 5426 Ita
2458 5370 2674 5442 Regius
2704 5385 2879 5442 quem
2911 5362 3239 5440 sequimur.
3272 5364 3427 5422 Editi
3457 5367 3514 5420 et
3543 5362 3667 5432 alii,
3699 5362 3774 5426 ὡς

2125 5439 2319 5500 ἐνδεῶς
2351 5439 2612 5500 ὲγούσης.

2152 5461 2319 5503 νοεως
2351 5461 2413 5503 εγ
2423 5461 2612 5503 ουσης.

2195 5460 2319 5503 οεως
2351 5460 2612 5525 εχουσης.
2996 5507 3010 5522 ⁹
3529 5507 3539 5518 '
3580 5503 3594 5518 .
3764 5503 3780 5526 ι

2195 5515 2310 5587 (31)
2340 5514 2455 5587 Sis
2495 5513 2654 5587 Reg._
2694 5511 2827 5587 Sgg.
2865 5507 3057 5587 _Basil_.
3117 5511 3176 5587 et
3199 5506 3399 5587 _(_?:obl1
3437 5507 3616 5587 Editi.
3641 5522 3760 5587 παρ

2126 5575 2310 5656 αὐτοῦ,
2345 5583 2516 5642 male.
2558 5575 3056 5660 Infraﬁ'egiusmet
3111 5577 3278 5660 Gobl.
3336 5575 3592 5660 πλήρης..
3640 5575 3779 5660 Mox

2128 5647 2335 5715 omnes
2360 5647 3026 5734 manuscriptiet'editi.
3063 5649 3140 5734 μὴ
3172 5647 3302 5734 δεῖν.
3335 5655 3399 5734 εει
3420 5647 3651 5734 ,ίῆοεὶοι
3683 5654 3780 5734 ta-

2129 5745 2264 5786 men
2293 5748 2320 5783 v
2352 5728 2563 5786 abrasa
2593 5720 2724 5784 iuit.
2757 5723 2933 5782 Paulo
2957 5720 3113 5798 post,
3146 5720 3378 5780 articul.
3409 5721 3446 5790 ἡ
3495 5720 3662 5778 deest
3713 5720 3781 5779 in

2129 5800 2386 5862 editione
2414 5799 2640 5860 Comm.
