4082 6330
308 408 427 471 801

1495 405 1766 468 TOMUS
1811 405 1915 467 AD
1963 404 2544 467 ANTIOCHENOS.

3607 403 3724 464 eos
3745 486 3753 494 _

306 539 566 616 ρηνεύὲιν
600 537 797 601 αὐτοὺς
817 534 1028 601 πείθετε
1054 553 1070 572 ο
1109 536 1202 592 καὶ
1250 538 1353 613 γὰρ
1410 534 1562 592 οὐδὲν
1590 535 1757 594 πλέον
1790 537 1964 592 συνεί-

2095 543 2251 609 itque
2306 539 2381 594 ad
2438 537 2700 594 studium
2758 536 2918 609 pacis
2948 536 3145 608 potius
3175 535 3493 591 hortamini
3530 554 3544 593 :
3578 536 3726 593 nihil

311 626 473 702 δὸμεν
506 627 559 683 ἐν
586 627 801 689 τούτοις
827 628 862 696 ἢ
906 625 1241 705 φιλονεικίαν
1301 625 1494 699 μόνην.
1530 624 1638 690 Οὕς
1663 627 1765 702 γὰρ
1798 625 1966 699 ἐμέμ-

305 718 470 798 φοντό
528 737 669 779 τινες
727 716 801 777 ὡς
861 714 1320 792 τρεῖςλέγοντας
1365 714 1697 787 ύποσνέσεις,
1758 712 1848 769 διὰ
1905 716 1967 769 τὸ

304 808 579 886 ἀγράφους
608 806 699 862 καὶ
748 806 1025 867 ὑπόπτους
1068 804 1287 860 αὐτόθεν
1345 806 1480 860 εἶναι
1506 805 1601 867 τὰς
1630 804 1800 876 λέξεις
1830 807 1965 878 (32),

307 899 618 970 ἠξιώσαμεν
656 896 750 969 μὲν
787 891 957 967 μηδὲν
1005 892 1171 950 πλέον
1223 891 1496 964 ἐπιζητεῖν
1525 892 1671 962 πλὴν
1703 901 1803 963 τῆς
1834 896 1970 951 κατὰ

304 986 530 1044 Νίκαιαν
585 981 911 1057 ὁμολογίας·
957 980 1305 1057 ἆνεκρίναμεν
1355 978 1413 1035 δὲ
1442 976 1594 1053 ὅμως
1621 979 1850 1042 τούτους
1881 978 1970 1035 διὰ

303 1078 405 1145 τὴν
460 1071 823 1139 φιλονεικίαν,
883 1072 958 1144 μή
1020 1070 1103 1147 ἄρ’
1158 1071 1233 1132 ὡς
1294 1071 1346 1124 οἱ
1397 1072 1508 1143 (33)
1560 1071 1969 1145 Ἀρειομανῖται

307 1161 560 1237 λέγουσιν
620 1158 1153 1235 ἀπηλλοτριωμένας
1203 1160 1291 1214 καὶ
1325 1158 1754 1230 ἀπεξενωμένας,
1806 1155 1971 1212 ἀλλο‹

304 1249 649 1329 τριοουσίους
677 1251 788 1324 (34)
814 1269 873 1304 τε
924 1245 1309 1319 ἀλλήλων,καὶ
1359 1248 1586 1318 εκάστην
1632 1248 1749 1302 καθ’
1777 1247 1968 1316 ἑαυτὴν

307 1339 598 1396 ὑπόστασιν
629 1335 993 1413 διῃρημένην,
1050 1338 1125 1400 ὡς
1176 1335 1287 1392 ἔστι
1317 1337 1385 1391 τά
1414 1358 1475 1392 τε
1503 1333 1651 1392 ἄλλα
1677 1334 1968 1409 κτίσματα,

306 1428 396 1483 καὶ
428 1429 482 1482 οἱ
511 1427 561 1498 ἐξ
618 1427 918 1501 ἀνθρώπων
967 1426 1298 1501 γεννώμενοι
1333 1444 1346 1459 ·
1377 1425 1413 1495 ἢ
1460 1424 1640 1500 ὥσπερ
1682 1423 1973 1503 διαφόρους

311 1517 518 1589 οὐσίας,
552 1515 737 1592 ὥσπερ
765 1515 879 1571 έστὶ
908 1517 1138 1593 χρυσὸς,
1161 1517 1196 1585 ἢ
1220 1514 1475 1592 ἄργυρος,
1508 1515 1543 1585 ἢ
1575 1506 1805 1591 χαλκὸς,
1830 1514 1972 1570 οὕτω

311 1605 586 1681 καὶαύτοὶ
619 1604 854 1681 λέγωσιν
881 1607 1015 1679 (35)
1049 1604 1085 1674 ἢ
1117 1606 1191 1667 ὡς
1224 1602 1388 1659 ἄλλοι
1421 1606 1684 1680 αἱρετικοὶ
1708 1609 1852 1679 τρεῖς
1883 1604 1975 1680 ἀρ-

312 1696 418 1772 χὰς
448 1696 537 1751 καὶ
570 1700 716 1772 τρεῖς
747 1693 903 1756 θεοὺς
936 1692 1365 1769 λεγουσιν,οῦτω
1394 1693 1486 1749 καὶ
1517 1695 1666 1748 οὗτοι
1709 1697 1972 1769 φρονοῦν-

313 1805 427 1854 τες,
481 1791 629 1859 τρεῖς
677 1785 993 1845 ὑποστάσειέ
1048 1782 1247 1859 λέγωσι
1302 1785 1458 1856 (36);
1511 1778 1974 1838 Διεϐεϐαιώσαντο

321 1875 462 1947 μήτε
492 1872 696 1950 λέγειν,
731 1875 871 1946 μήτε
899 1873 1292 1948 πεφρονηκέναι
1324 1873 1457 1927 ποτὲ
1487 1871 1975 1945 οὕτως.Ἐρωτών-

309 1983 417 2018 των
447 1958 506 2017 δὲ
543 1963 707 2034 ἡμῶν
729 1959 942 2021 αὐτούς’
978 1964 1101 2022 Πῶς
1133 1959 1223 2015 οὖν
1247 1964 1413 2015 ταῦτα
1439 1958 1645 2035 λέγετε;
1673 1959 1710 2029 ἢ
1738 1957 1828 2015 διὰ
1848 1957 1976 2015 τίδὲ

318 2048 464 2113 ὅλως
493 2049 768 2111 τοιαύταις
794 2055 1035 2124 χρῆσθαι
1070 2051 1180 2122 (37)
1200 2047 1402 2119 λέξεσιν
1440 2067 1453 2118 ;
1488 2047 1864 2120 ἀπεκρίναντο,
1891 2046 1981 2103 διὰ

315 2141 381 2194 τὸ
413 2138 490 2202 εἰς
542 2137 701 2214 ἁγίαν
749 2136 951 2213 Τριάδα
998 2136 1290 2206 πιστεύειν,
1346 2136 1446 2192 οὐκ
1496 2136 1727 2212 ἆνοματι
1780 2135 1980 2213 Τριάδα

320 2230 508 2302 μόνον,
541 2227 666 2284 ἄλλ’
698 2226 921 2299 ἀληθῶς
975 2226 1138 2282 οὖσαν
1182 2227 1270 2282 καὶ
1325 2227 1658 2303 ὑφεστῶσαν,
1684 2228 1894 2302 Πατέρα
1920 2249 1981 2283 τε

318 2317 544 2388 ἀληθῶς
576 2313 703 2371 ὄντα
734 2318 822 2371 καὶ
860 2317 1161 2394 ὑφεστῶτα,
1195 2315 1286 2372 καὶ
1308 2318 1433 2371 Υἱὸν
1453 2319 1565 2389 (38)
1595 2316 1819 2388 ἀληθῶς
1838 2317 1979 2372 ἐνού-

314 2427 430 2462 σιον
462 2401 590 2459 ὄντα
647 2405 737 2460 καὶ
782 2405 1083 2482 ὑφεστῶτα,
1137 2405 1225 2460 καὶ
1275 2409 1491 2480 Πνεῦμα
1544 2406 1693 2481 ἅγιον
1742 2408 1980 2486 ὑφεστὼς

322 2494 412 2550 καὶ
447 2494 687 2571 ὑράρχον
744 2490 991 2565 οἴδαμεν,
1042 2496 1181 2566 μήτε
1230 2491 1287 2549 δὲ
1335 2495 1604 2572 εἰρηκέναι
1648 2501 1795 2572 τρεῖς
1825 2496 1981 2561 θεοὺς

319 2587 355 2655 ἢ
388 2587 501 2660 (39)
529 2589 677 2659 τρεῖς
725 2584 919 2660 ἀρχὰς,
982 2585 1109 2656 μήθ’
1156 2582 1301 2647 ὅλως
1355 2585 1632 2661 ἀνέχεσθαι
1681 2592 1789 2641 τῶν
1819 2592 1980 2642 τοῦτο

320 2673 619 2750 λεγόντων,
684 2671 718 2741 ἢ
779 2671 1161 2749 φρονούντων·
1220 2671 1348 2728 ἀλλ’
1402 2672 1598 2729 εἰδέναι
1658 2675 1814 2751 ἁγίαν
1884 2678 1980 2749 μὲν

321 2759 552 2838 Τριάδα,
592 2760 718 2835 μίαν
767 2758 825 2815 δὲ
876 2761 1125 2831 θεότητα,
1171 2762 1257 2816 καὶ
1314 2764 1426 2835 (40)
1484 2762 1607 2835 μίαν
1653 2764 1858 2839 ἀρχὴν,
1887 2767 1976 2820 καὶ

316 2851 440 2907 Υῑὸν
482 2851 574 2924 μὲν
601 2849 896 2923 ὁμοούσιον
950 2854 1033 2922 τῷ
1080 2850 1275 2925 Πατρὶ,
1328 2851 1404 2913 ὡς
1449 2851 1598 2907 εἶπον
1639 2853 1691 2906 οἱ
1723 2854 1981 2928 Πατέρες,

314 2939 379 2996 τὸ
419 2938 477 2995 δὲ
507 2942 657 3016 ἅγιον
693 2943 936 3011 Πνεῦμα,
967 2938 1030 2993 ού
1059 2940 1283 3012 κτίσμα,
1319 2937 1447 2995 οὐδὲ
1478 2940 1646 3011 ξένον,
1680 2940 1808 2997 ἀλλ’
1842 2939 1980 2998 ἴδιον

316 3030 412 3085 καὶ
443 3026 745 3102 ἀδιαίρετον
768 3035 867 3098 τῆς
899 3027 1085 3090 οὐσίας
1113 3032 1210 3083 τοῦ
1236 3030 1365 3082 Υἱοῦ
1393 3030 1479 3084 καὶ
1513 3033 1611 3085 τοῦ
1642 3032 1886 3103 11mm.-

2076 628 2231 684 enim
2264 629 2322 684 in
2355 627 2485 683 istis
2516 626 2888 696 agnoscimus
2910 643 3089 697 quam
3115 625 3308 680 solum
3338 627 3725 682 contendendi

2078 717 2365 773 studium.
2394 717 2539 773 Nam
2573 732 2721 785 quos
2741 715 2985 787 quidam
3019 714 3389 781 incusabant,
3424 717 3578 786 quod
3612 722 3731 772 tres

2078 805 2424 878 hypostases
2455 805 2736 870 dicerent,
2787 803 2926 874 quia
2981 803 3069 857 hae
3098 819 3267 858 voces
3299 820 3433 858 cum
3466 804 3525 859 in
3575 806 3734 860 Scri-

2078 900 2252 966 ptura
2273 912 2388 950 non
2421 894 2769 959 habeantur,
2808 892 2944 947 hinc
2968 898 3253 964 suspectae
3284 908 3413 948 esse
3445 900 3732 965 possunt;

2078 982 2417 1055 rogavimus
2461 988 2526 1038 ut
2558 982 2704 1037 nihil
2740 986 2950 1053 praeter
2977 982 3271 1036 Niczenam
3307 983 3736 1039 confessionem

2077 1071 2402 1144 inquirant.
2426 1072 2562 1127 Illos
2593 1077 2787 1127 tamen
2809 1069 3200 1126 contentionis
3228 1070 3535 1126 occasione
3556 1072 3737 1127 inter-

2079 1161 2437 1233 rogavimus,
2473 1176 2625 1216 anne
2654 1165 2721 1214 ut
2749 1158 3121 1214 Ariomanitze
3155 1159 3358 1214 dicunt
3391 1159 3737 1232 hypostases

2079 1249 2212 1305 illas
2260 1248 2482 1305 alienas
2524 1249 3000 1321 peregrinaeque,
3032 1264 3098 1303 ac
3130 1247 3370 1302 diversa:
3428 1265 3461 1303 a
3490 1265 3553 1304 se
3584 1249 3738 1305 invi-

2081 1356 2208 1396 cem
2240 1338 2610 1405 substantiae,
2642 1342 2698 1393 et
2732 1353 3209 1408 unamquamque
3270 1337 3608 1409 bypostasin
3639 1356 3735 1396 se-

2082 1429 2343 1484 cundum
2376 1444 2439 1482 se
2468 1427 2539 1481 ab
2563 1426 2745 1482 altera
2790 1426 3063 1491 divisam,
3093 1429 3158 1480 ut
3216 1432 3355 1481 sunt
3398 1426 3524 1481 alia;
3574 1443 3734 1483 crea-

2081 1522 2252 1587 turas,
2309 1533 2414 1572 nec
2467 1533 2583 1572 non
2642 1515 2744 1587 qui
2774 1530 2844 1570 ex
2885 1514 3228 1570 hominibus
3259 1520 3616 1584 nascuntur;
3647 1516 3736 1572 vel

2084 1607 2256 1680 quasi
2286 1607 2549 1662 diversas
2580 1604 2966 1671 substantias,
2991 1604 3164 1674 quale
3185 1610 3274 1659 est
3293 1621 3739 1678 aurum,argen-

2082 1703 2211 1751 tum
2244 1699 2301 1750 ct
2331 1711 2410 1749 aes
2460 1711 2474 1749 :
2533 1694 2615 1749 sic
2647 1696 2704 1749 et
2734 1693 2847 1765 ipsi
2878 1693 3139 1748 dicerent
3164 1709 3179 1749 :
3202 1711 3275 1749 an
3308 1693 3463 1749 sicut
3492 1693 3591 1749 alii
3622 1694 3739 1750 hae-

2040 1811 2051 1817 -
2084 1784 2269 1855 retici,
2297 1783 2410 1839 tria
2441 1781 2752 1856 principia,
2804 1786 2861 1838 et
2892 1786 3008 1838 tres
3045 1783 3190 1838 Deos
3233 1799 3362 1839 esse
3395 1784 3617 1853 dicunt,
3651 1800 3738 1839 ea-

2006 1918 2054 1983 B

2084 1875 2216 1930 dem
2249 1873 2364 1946 ipsi
2395 1872 2686 1928 sententia
2726 1871 3091 1927 affirmarent
3136 1875 3256 1928 tres
3305 1889 3433 1929 esse
3463 1872 3741 1946 hyposta-

2087 1967 2222 2022 ses?
2252 1970 2326 2021 At
2354 1964 2463 2033 illi,
2513 1981 2576 2020 se
2607 1980 2796 2036 neque
2824 1963 2947 2019 haec
2979 1964 3191 2034 dicere,
3226 1980 3331 2019 nec
3363 1981 3625 2037 unquam
3660 1966 3742 2022 ita

2086 2054 2772 2121 sensisse,atiirmabant.
2797 2052 2976 2108 Nobis
3009 2057 3202 2109 autem
3234 2053 3739 2124 percontantibus,

2088 2144 2190 2217 qui
2210 2161 2347 2216 ergo
2368 2144 2488 2199 haec
2510 2143 2746 2198 dicitis?
2763 2146 3057 2214 autquare
3080 2142 3318 2198 tandem
3332 2142 3745 2214 hujuscemodi

2086 2233 2370 2289 vocabula
2417 2231 2721 2304 usurpatis
2743 2231 2771 2285 Ἰ
2802 2231 3236 2304 responderunt
3269 2231 3354 2286 illi
3389 2248 3402 2286 :
3455 2233 3533 2288 Eo
3590 2234 3746 2305 quod

2089 2324 2151 2380 in
2209 2327 2474 2380 sanctam
2532 2322 2881 2379 Trinitatem
2941 2323 3273 2392 credamus,
3334 2339 3450 2378 non
3508 2323 3746 2381 nomine

2087 2418 2263 2470 tenus
2291 2412 2662 2481 Trinitatem,
2695 2413 2796 2467 sed
2852 2428 2980 2483 quze
3030 2428 3162 2468 vere
3192 2412 3271 2468 sit
3325 2417 3382 2467 et
3411 2412 3700 2469 subsistat
3736 2431 3751 2470 :

2089 2503 2371 2558 nimirum
2396 2506 2626 2557 Patrem
2658 2516 2792 2557 vere
2818 2501 3198 2557 exsistentem
3221 2506 3277 2557 et
3295 2501 3744 2570 subsistentem,

2093 2592 2303 2647 Filium
2358 2591 2500 2646 item
2533 2608 2663 2647 vere
2696 2589 3147 2646 substantialem
3179 2607 3245 2646 ac
3294 2590 3745 2659 subsistentem,

2090 2680 2494 2753 Spiritumque
2537 2686 2807 2735 sanctum
2856 2680 3277 2734 subsistentem
3316 2685 3372 2735 et
3402 2681 3743 2737 existentem

2089 2769 2487 2841 agnoscimus.
2511 2769 2628 2824 Nec
2655 2772 2856 2824 tamen
2889 2769 2938 2823 si
2965 2767 3183 2823 dixisse
3212 2768 3446 2824 aiebant
3467 2773 3585 2824 tres
3599 2769 3750 2841 Deos

2089 2862 2192 2913 aut
2222 2858 2333 2912 tria
2357 2856 2667 2929 principia,
2699 2871 2805 2912 nec
2834 2857 3096 2912 ommino
3118 2873 3216 2912 eos
3247 2856 3347 2928 qui
3376 2857 3458 2912 ita
3488 2857 3750 2913 dicerent

2090 2946 2465 3011 sentirentve,
2497 2945 2747 3001 tolerare
2779 2964 2797 3000 :
2831 2947 2930 3001 sed
2964 2962 3026 3001 se
3056 2949 3320 3000 sanctam
3353 2945 3591 3017 quidem
3625 2945 3750 3001 Trio

2089 3035 2335 3091 nitatem
2396 3050 2736 3106 agnoscere,
2788 3051 3088 3106 unamque
3135 3038 3332 3090 tamen
3368 3034 3647 3091 deitatem
3685 3052 3751 3091 ac

316 3136 503 3176 unum
552 3118 934 3192 principium,
968 3135 1034 3174 ac
1088 3118 1297 3175 Filium
1341 3120 1577 3190 quidem
1630 3121 1785 3176 Patri
1836 3122 2426 3189 consubstantialem,
2478 3127 2542 3178 ut
2597 3123 2796 3179 Patres
2852 3123 3244 3179 declararunt.
3308 3127 3579 3180 sanctum
3608 3138 3745 3180 vero

320 3208 625 3281 Spiritum,
649 3225 766 3263 non
799 3211 1147 3272 creaturam,
1182 3224 1370 3280 neque
1401 3207 1684 3276 alienum,
1708 3210 1811 3265 sed
1844 3212 2170 3283 proprium,
2193 3216 2251 3268 et
2275 3228 2309 3268 a
2339 3211 2673 3267 substantia
2696 3211 2826 3267 Filii
2854 3217 2910 3268 et
2939 3212 3128 3268 Patris
3159 3212 3502 3268 indivisum.

396 3299 452 3353 6.
479 3293 903 3369 ’Λποδεξάμενοι
953 3292 1011 3349 δὲ
1049 3294 1257 3350 τούτων
1300 3296 1400 3365 τήν
1432 3296 1721 3372 ἑρμηνείαν
1751 3302 1855 3352 τῶν
1891 3296 1977 3353 λέ-

2163 3302 2217 3357 6.
2244 3303 2575 3374 Approbata
2596 3302 2776 3375 igitur
2805 3301 3098 3372 ejusmodi
3119 3306 3176 3357 et
3205 3317 3413 3357 vocum
3453 3302 3742 3375 interpre-

332 3387 483 3458 ξεων,
516 3384 608 3440 καί
653 3386 753 3455 τὴν
803 3382 1125 3460 ἀπολογίαν,
1178 3383 1529 3460 ἆνεκρίναμεν
1574 3389 1688 3459 (41)
1743 3385 1869 3449 τοὺς
1904 3386 1991 3441 αἱ·

326 3475 611 3537 τιαθέντας
669 3473 815 3551 παρᾶ
862 3473 1178 3543 τούτων,ὡς
1227 3473 1486 3550 λέγοντάς
1516 3473 1641 3548 μίαν
1676 3474 1989 3550 ὑπόστασιν,

336 3564 414 3637 μή
447 3565 549 3637 ἆρα
579 3564 653 3626 ὡς
710 3557 1015 3625 Σαϐέλλιος
1068 3568 1277 3639 φρονεῖ,
1321 3562 1463 3617 οὕτω
1487 3564 1575 3618 καὶ
1611 3564 1759 3618 οὗτοι
1801 3562 1993 3640 λέγου-

339 3674 420 3706 σιν
454 3651 541 3707 ἐπὶ
564 3650 829 3726 ἀναιρέσει
854 3655 950 3706 τοῦ
1003 3653 1131 3705 Υἱοῦ
1174 3651 1263 3707 καὶ
1310 3656 1406 3706 τοῦ
1459 3651 1616 3729 ἁγίου
1657 3653 1989 3728 Πνεύματος,

336 3742 373 3811 ἢ
428 3742 502 3803 ὡς
551 3739 802 3795 ἀνυυσίου
849 3735 1005 3803 ὄντος
1057 3745 1156 3795 τοῦ
1205 3742 1354 3810 Υὶοῦ,
1401 3740 1437 3811 ἢ
1479 3743 1848 3798 ἀνυποστάτου
1894 3749 1991 3798 τοῦ

337 3830 493 3905 ἁγίου
539 3826 899 3902 Πνεύματος;
958 3830 1025 3886 0t
1074 3826 1133 3885 δὲ
1183 3829 1274 3884 καὶ
1327 3831 1482 3885 αὐτοὶ
1536 3826 1990 3888 διεϐεϐαιώσαντο

336 3921 476 3992 μήτε
502 3923 662 3974 τοῦτο
694 3916 895 3994 λέγειν,
928 3921 1068 3992 μήτε
1110 3918 1255 3974 οὕτω
1314 3921 1712 3998 πεφρονηκέναι
1743 3922 1987 3977 πώποτε·

330 4006 458 4063 ἀλλ’
492 4007 783 4062 ὑπόστασιν
837 4007 931 4080 μὶν
989 4005 1241 4084 λέγομεν,
1294 4008 1595 4084 ἡγούμενοι
1633 4008 1826 4065 ταὺτὸν
1859 4010 1988 4065 εἶναι

331 4096 501 4151 εἰπεῖν
566 4094 854 4151 ὑπόστασιν
937 4096 1027 4151 καὶ
1089 4096 1291 4151 οὐσίαν·
1356 4096 1481 4170 μίαν
1541 4095 1605 4151 δᾶ
1658 4104 1989 4175 φρονοῦμεν,

331 4182 424 4240 διὰ
448 4185 509 4240 τὸ
542 4184 601 4240 ἐκ
627 4191 727 4254 τῆς
754 4184 943 4248 οὐσίας
990 4190 1087 4240 τοῦ
1137 4185 1347 4262 Πατρὸς
1404 4185 1538 4241 εἶναι
1596 4186 1687 4241 τὸν
1717 4189 1865 4258 Υἱὸν,
1897 4190 1986 4243 καὶ

331 4273 421 4331 διὰ
468 4278 567 4346 τήν
615 4275 920 4347 ταυτότητα
965 4283 1065 4346 τῆς
1113 4276 1324 4354 φύσεως
1361 4294 1374 4309 ’
1414 4275 1538 4349 μίαν
1573 4277 1677 4354 γὰρ
1710 4279 1940 4349 θεότητα
1972 4321 1986 4346 ,

327 4367 413 4420 καὶ
452 4364 578 4438 μίαν
610 4366 742 4419 εἶναι
778 4367 878 4433 τὴν
904 4364 1107 4433 ταύτης
1156 4364 1310 4442 φύσιν
1365 4366 1715 4439 πιστεύομεν,
1768 4366 1859 4421 καὶ
1890 4367 1989 4421 οὐκ

330 4451 507 4523 ἄλλην
539 4455 632 4527 μὲν
662 4454 762 4523 τήν
789 4458 887 4508 τοῦ
938 4454 1171 4530 Πατρὸς,
1225 4453 1378 4524 ξένην
1434 4451 1495 4509 δὲ
1538 4454 1736 4510 τούτου
1766 4457 1863 4525 τήν
1892 4460 1987 4510 τοῦ

329 4544 477 4610 rio-3,
509 4544 596 4598 καὶ
628 4544 728 4612 τήν
776 4546 874 4598 τοῦ
922 4542 1082 4617 ἀγίου
1120 4543 1451 4617 Ηνεύματος.
1502 4543 1724 4618 ’Λμέλει
1751 4544 1906 4600 κάκεῖ
1935 4546 1987 4599 o't

328 4631 652 4695 αἰτιαθέντες
712 4633 787 4695 ὡς
845 4630 1125 4708 εἰρηκότες
1193 4638 1340 4708 τρεῖς
1402 4634 1720 4695 ὑποστάσεις
1775 4633 1983 4689 συνετί-

329 4731 478 4784 θεντο
525 4723 637 4795 (42)
686 4719 942 4783 τούτοις’
994 4722 1085 4776 καὶ
1115 4720 1260 4777 αὐτεὶ
1314 4719 1371 4776 δὲ
1420 4724 1472 4777 οἱ
1523 4722 1803 4799 εἰρηκότες
1854 4722 1977 4797 μίαν

333 4808 520 4865 οὐσίαν
549 4812 616 4866 τὰ
649 4808 868 4865 ἐκείνων
914 4806 1095 4885 ὥσπερ
1128 4812 1476 4885 ἡσμήνευσαν
1507 4810 1597 4866 καὶ
1629 4810 1979 4889 ὡμολόγουν,

397 5035 508 5107 (32)
546 5034 787 5109 Begium
820 5034 1268 5109 bic_sequimur,
1302 5035 1454 5109 Editi
1498 5042 1557 5109 et
1604 5035 1703 5093 alii
1752 5038 1836 5093 sic
1881 5037 1986 5109 ba-

326 5105 499 5181 δορὶ,
547 5105 820 5181 Ἐντεῦθεν
882 5105 1039 5161 εἶναι’
1088 5105 1448 5181 τᾷςῌλέξεις.
1499 5106 1757 5181 ἠξιοῦμεν
1810 5106 1979 5181 μηδὲν

325 5175 495 5267 πλέον
543 5176 816 5269 έὲπιςξητεῖν
863 5185 964 5248 τῆς
1006 5178 1143 5233 κατὰ
1198 5175 1427 5235 Νίκαιαν
1483 5175 1820 5256 ομοΛογίας,’
1861 5175 1983 5235 ἆνα-

326 5249 524 5326 κρίνειν
558 5248 617 5305 δὲ
647 5250 818 5324 ὅμως.
1520 5248 1529 5252 ’
1678 5248 1688 5256 ’

542 5324 884 5407 SicﬁRegius
901 5322 1111 5407 eodeni.
1146 5324 1208 5407 in
1241 5322 1416 5407 editis
1446 5323 1767 5407 stratoris,
1787 5323 1849 5407 ηοξ.
1883 5323 1982 5379 de-

330 5393 438 5451 est.
473 5393 600 5452 Mox
621 5393 868 5470 Begius,
901 5393 1226 5470 Seg._Gobl.
1260 5400 1318 5451 et
1371 5396 1624 5453 Felckm.
1675 5397 1732 5467 3,
1787 5393 1983 5470 λέγου-

332 5486 382 5519 σι
414 5466 775 5541 recte._Ed_it_i
822 5483 955 5523 vero
1001 5466 1231 5541 λέγωσι.
1274 5470 1345 5541 _In
1396 5466 1737 5541 sequentem
1785 5466 1982 5525 autem

328 5536 1116 5613 vocem,7&un)\)\0tptwptva'c
1146 5539 1363 5613 Regius
1393 5536 1631 5613 desinit.

370 5613 515 5734 ί(34)
552 5612 647 5669 Sic
676 5608 912 5686 Seguer.
946 5608 1100 5668 Editi
1130 5608 1263 5669 vero
1296 5616 1352 5670 et
1400 5612 1614 5685 caeteri,
1656 5608 1983 5685 ἀλλοτριού-

391 5702 506 5734 ODC.

332 5701 506 5744 σιους.

403 5755 517 5828 (35)
545 5760 677 5828 Seg.
712 5750 984 5828 λέγουσιν.

2098 3391 2318 3446 tatione
2347 3395 2404 3446 et
2430 3391 2823 3460 excusatione,
2856 3408 2955 3447 eos
2983 3407 3213 3463 quoque
3255 3390 3743 3461 examinavimus,

2101 3495 2249 3550 quos
2279 3480 2376 3536 isti
2426 3481 2801 3550 accusabant,
2849 3481 3004 3553 quod
3037 3497 3216 3536 unam
3261 3480 3524 3536 dicerent
3574 3480 3753 3553 hypo-

2101 3569 2309 3639 stasin,
2342 3569 2576 3629 numii
2606 3569 2664 3624 in
2724 3568 2963 3625 Sabellii
3011 3586 3184 3625 sensu
3236 3569 3318 3625 ita
3345 3569 3748 3642 loquerentur,

2102 3674 2216 3729 quo
2272 3657 2505 3723 Filium,
2590 3658 2990 3730 Spiritumque
3070 3663 3342 3714 sanctum
3426 3660 3497 3714 dc
3558 3659 3752 3715 medio

2100 3743 2372 3800 tollerent
2432 3763 2445 3800 :
2507 3762 2582 3800 an
2646 3745 2852 3800 Filium
2920 3747 3273 3813 substantia,
3349 3746 3754 3819 Spiritumque

2102 3838 2370 3889 sanctum
2403 3833 2703 3906 hypostasi
2737 3850 2931 3890 carere
2970 3834 3422 3891 existimarent?
3463 3836 3570 3900 Qui
3618 3836 3752 3891 item

2102 3924 2474 3978 affirmarent
2525 3939 2587 3977 se
2662 3939 2850 3995 neque
2909 3923 3019 3978 hoc
3074 3925 3265 3979 dicere
3324 3940 3429 3978 nec
3489 3942 3751 3997 unquam

2099 4012 2184 4067 ita
2239 4011 2589 4079 sensissise;
2624 4013 2725 4068 sed
2783 4012 3146 4085 hypostasin,
3181 4012 3434 4081 aiebant,
3476 4013 3751 4081 dicimus,

2101 4101 2506 4158 existimantes
2538 4102 2774 4174 perinde
2804 4119 2932 4158 esse
2971 4102 3161 4158 dicere
3204 4102 3544 4175 bypostasin
3575 4107 3754 4174 atque
3840 4128 3857 4145 -

2101 4192 2294 4246 dicere
2343 4191 2738 4247 substantiam
2773 4207 2786 4245 :
2816 4207 3115 4262 unamque
3144 4192 3442 4247 credimus
3482 4191 3755 4264 hyposta-

2099 4281 2192 4336 sin
2214 4297 2281 4336 eo
2314 4281 2470 4352 quod
2506 4280 2686 4336 Filius
2717 4280 2794 4335 sit
2815 4296 2882 4336 ex
2913 4281 3249 4336 substantia
3273 4280 3480 4351 Patris,
3513 4285 3570 4337 et
3599 4282 3755 4354 quod

2099 4387 2218 4425 una
2246 4370 2572 4442 eademque
2605 4370 2681 4427 sit
2712 4369 3133 4426 natura.Unam
3154 4370 3370 4443 quippe
3391 4371 3758 4437 deitatem,et

2099 4476 2277 4515 unam
2309 4460 2437 4530 ejus
2471 4464 2740 4514 naturam
2773 4474 2902 4515 esse
2931 4459 3268 4515 credimus:
3304 4476 3407 4517 nec
3426 4460 3599 4517 aliam
3624 4461 3754 4533 qui-

2097 4549 2232 4604 dem
2264 4548 2481 4616 Patris,
2504 4548 2754 4604 alienam
2789 4553 2987 4604 autem
3020 4549 3092 4605 ab
3122 4548 3221 4605 illo
3256 4548 3467 4606 Filiiac
3498 4550 3752 4622 Spiritus

2096 4638 2285 4694 sancti
2320 4638 2716 4693 substantiam
2752 4638 3062 4695 sentimus.
3095 4640 3259 4695 Tunc
3283 4656 3424 4695 sane
3456 4638 3555 4710 qui
3586 4655 3750 4695 accu.

2094 4725 2205 4782 sati
2242 4726 2492 4794 fuerant,
2525 4727 2680 4798 quod
2715 4730 2834 4782 tres
2876 4727 3161 4784 dixissent
3208 4728 3577 4800 bypostases,
3616 4744 3749 4784 cum

2092 4815 2225 4872 istis
2256 4815 2703 4872 consentiebant
2735 4832 2749 4873 :
2780 4815 2821 4871 ii
2853 4822 3051 4873 autem
3103 4817 3204 4889 qui
3239 4834 3415 4874 unam
3449 4833 3579 4872 esse
3609 4817 3750 4872 sub-

2168 5040 2437 5166 (?6)Seg.
2489 5038 2656 5098 Gobi.
2709 5044 2766 5096 et
2817 5040 3071 5096 Felckm.
3147 5040 3199 5110 1,
3251 5037 3500 5114 λέγουσι,
3552 5040 3750 5098 minus

2168 5128 2189 5166 ιι
2220 5130 2269 5166 e.

2094 5128 2269 5168 recte.

2165 5184 2276 5256 (37)
2308 5185 2436 5254 Seg.
2469 5186 2527 5238 et
2557 5181 2721 5257 Gobl.
2757 5200 2829 5257 χρ

2164 5252 2277 5328 (38)
2312 5252 2409 5311 Καῗ
2441 5259 2575 5328 ante
2604 5252 2725 5328 Υἱόν
2758 5252 2924 5328 deest
2971 5255 3032 5310 in
3087 5252 3355 5328 Goblfet
3402 5256 3656 5313 Felckm.
3692 5257 3744 5311 1.

2095 5322 2403 5408 Ῑηέῖέέίδὲὃ·
2426 5322 3157 5408 ,ὑφεστηκόίρνοηὺφεστώα

2186 5400 2274 5469 39)
2306 5398 2374 5453 "H
2410 5398 2573 5453 deest
2602 5398 2661 5452 in
2693 5398 2835 5469 edit,
2868 5398 3093 5454 Co'mm.
3131 5404 3385 5456 tantum.

2190 5468 2277 5541 40)
2307 5470 2400 5525 Sic
2433 5470 2564 5540 Seg.
2599 5475 2656 5523 et
2687 5468 2861 5525 Basil.
2892 5469 2982 5523 καί
3017 5472 3182 5526 deest
3213 5473 3269 5527 in
3300 5472 3493 5527 editis.

2189 5539 2276 5615 41)
2306 5542 2397 5597 sic
2426 5539 2552 5616 Seg.
2587 5541 2761 5616 Basil.
2795 5546 2849 5597 et
2895 5543 3061 5616 Gobl.
3111 5544 3263 5616 Editi
3302 5560 3470 5616 vero,
3526 5539 3743 5616 ἀνεκρί-

2092 5613 2277 5692 νομενζ,
2313 5615 2627 5692 mendose;
2644 5614 2804 5692 intra
2830 5613 3021 5692 Gobii,
3059 5615 3133 5686 μὴ
3169 5615 3251 5692 ἄρ’
3283 5614 3379 5676 ὡς.
3568 5638 3578 5657 ο

2165 5687 2276 5759 (42)
2307 5686 2398 5743 Sic
2425 5691 2555 5759 Seg.
2590 5685 2764 5755 Editi,
2808 5685 3170 5742 συνετίθοντο.

2835 5185 2984 5258 ῑιὶσθεἶ
3018 5183 3192 5249 Editi,
3218 5190 3456 5258 χρῆσθε.
