4082 6344
392 427 510 487 803

928 423 995 484 S.
1039 419 1466 482 ATHANASII
1510 419 1683 480 OPP.
1727 415 1930 478 PARS
1974 416 2021 476 Ι.
2053 445 2134 460 —
2171 413 2583 476 HISTORICA
2632 413 2734 474 ET
2777 413 3261 477 DOGMATICA.

3680 413 3802 477 804

398 557 677 614 stantiam
709 557 992 620 dixerant,
1039 553 1275 609 illorum
1327 551 1676 616 doctrinam,
1709 553 1882 622 prout
1909 564 2037 604 eam

2164 545 2240 600 ιαὶ
2317 544 2724 617 ἀνεθεματίζετο
2818 546 2945 620 παρ’
3029 544 3350 622 ἀμφοτίρων
3432 549 3538 601 τῶν
3620 551 3798 624 μερῶν

398 646 762 718 interpretati
823 644 1076 708 fuerant,
1154 641 1580 712 proﬁtebantur
1629 657 1642 694 :
1701 646 1758 694 et
1816 638 2050 710 utrique

402 738 604 792 Arium
636 740 920 806 tanquam
951 730 1163 786 Christi
1186 730 1437 796 hostem,
1461 727 1778 785 Sabellium
1812 728 1950 783 item
1984 743 2051 783 ac

401 825 646 880 Paulum
695 823 1166 878 Samosatensem
1223 819 1379 874 velut
1409 819 1644 890 impios,
1677 817 2047 873 Valentinum

398 921 454 969 et
485 912 794 968 Basilidem
825 915 890 964 ut
921 909 1143 964 alienos
1172 926 1204 963 a
1234 906 1883 973 veritate,Manichteum
1915 921 2048 960 vero

396 1009 461 1058 ut
490 1001 779 1057 malorum
815 999 1200 1062 inventorem,
1241 996 1610 1052 anathemate
1666 995 2045 1051 damnarunt.

397 1091 614 1146 Omnes
662 1088 938 1158 denique.
969 1086 1067 1142 Dei
1100 1086 1308 1158 gratia,
1333 1089 1464 1156 post
1493 1083 1834 1156 hujusmodi
1867 1083 2048 1138 inter-

396 1178 775 1254 pretationes,
831 1193 950 1232 una
1003 1176 1359 1230 confitentur
1387 1174 1720 1230 istiusmodi
1747 1172 2048 1228 vocabulis

398 1268 860 1342 praestantiorem
907 1263 1449 1334 accuratioremque
1495 1263 1648 1319 018
1707 1278 1836 1318 esse
1868 1263 2044 1317 fidem

396 1377 429 1414 ιι
462 1357 732 1414 Patribus
781 1355 980 1410 Nicme
1039 1351 1510 1426 promulgatam;
1571 1356 1746 1423 atque
1803 1352 2042 1406 demum

392 1448 554 1503 illius
585 1447 758 1502 verba
788 1445 1057 1499 sut‘licere
1086 1443 1319 1508 debere,
1361 1442 1550 1514 iisque
1579 1441 1862 1497 utendum
1891 1455 2041 1495 esse.

463 1538 518 1592 7.
570 1535 680 1591 Sed
724 1550 856 1589 cum
911 1532 1088 1588 etiam
1152 1533 1222 1586 de
1269 1529 1587 1586 Salvatoris
1640 1529 2044 1584 incarnatione

395 1624 661 1682 nonnulli
693 1623 848 1678 inter
905 1638 967 1677 se
1007 1620 1237 1693 litigare
1266 1621 1623 1686 viderentur,
1657 1623 1937 1690 utrosque
1966 1619 2046 1674 in-

393 1713 1006 1788 terrogavimusztum
1032 1710 1185 1782 quod
1219 1709 1316 1765 alii
1365 1709 1817 1774 conﬁtebantur,
1847 1707 1907 1762 in
1939 1707 2049 1763 hoc

397 1804 495 1862 alii
527 1817 760 1875 quoque
789 1799 1255 1865 consentiebant,
1285 1813 1496 1869 nempe
1518 1813 1632 1852 non
1655 1797 1810 1852 sicut
1833 1797 1892 1852 in
1917 1813 2050 1866 pro-

397 1895 606 1966 phetas
656 1913 684 1940 «
719 1891 933 1944 factum
993 1894 1084 1942 est
1129 1887 1386 1942 Verbum
1447 1885 1751 1950 Domini",
1784 1906 1810 1934 ››
1846 1885 2050 1941 eodem

397 1982 570 2038 modo
627 1980 686 2034 in
743 1985 1014 2034 sanctum
1065 1975 1365 2031 hominem
1417 1975 1476 2030 in
1537 1975 2048 2030 consummatione

397 2069 744 2128 saeculorum
777 2067 1083 2122 advenisse
1114 2083 1126 2121 :
1163 2066 1261 2120 sed
1295 2065 1490 2136 ipsum
1522 2063 1776 2118 Verbum
1811 2080 2047 2118 carnem

400 2163 621 2216 factum
678 2173 828 2226 esse,
869 2161 1090 2210 etcum
1120 2153 1177 2208 in
1213 2155 1403 2208 forma
1449 2152 1548 2208 Dei
1587 2158 1764 2221 esset,
1797 2156 2043 2208 t‘ormam

396 2249 546 2305 servi
601 2244 920 2317 accepisse,
961 2259 1026 2298 ac
1077 2259 1145 2297 ex
1193 2242 1371 2297 Maria
1429 2242 1750 2297 secundum
1812 2257 2046 2296 carnem

399 2343 638 2410 pr0pter
668 2351 774 2390 nos
804 2333 1100 2388 hominem
1123 2348 1252 2386 esse
1275 2332 1512 2394 factum,
1537 2336 1594 2385 et
1613 2332 1696 2386 sic
1721 2330 2044 2386 humanum

398 2444 583 2494 genus
607 2428 662 2480 in
678 2426 806 2497 ipso
825 2425 1050 2493 integre
1071 2438 1136 2475 ac
1151 2421 1401 2493 perfecte
1420 2437 1454 2474 a
1473 2426 1710 2490 peccato
1732 2419 2046 2476 liberatum

395 2517 457 2572 in
490 2531 735 2587 regnum
758 2511 1036 2568 crelorum
1058 2510 1376 2565 introduci.
1394 2509 1509 2564 Hoc
1529 2509 1668 2565 item
1693 2510 2046 2580 proﬁteban-

397 2617 513 2668 tur,
537 2621 652 2660 non
683 2618 900 2672 corpus
931 2601 1324 2655 inanimatam
1356 2605 1456 2652 aut
1478 2614 1689 2653 sensus
1709 2603 2048 2669 expers,aut

395 2699 593 2750 mente
640 2706 847 2747 carens
903 2688 1262 2744 Salvatorem
1303 2685 1601 2741 habuisse.
1636 2686 1834 2755 Neque
1863 2686 2042 2753 enim,

397 2783 653 2846 aiebant,
685 2776 964 2852 possibile
991 2779 1135 2842 erat,
1168 2774 1415 2832 Domino
1445 2791 1549 2847 pro
1599 2775 1767 2830 nobis
1807 2774 2046 2831 homine

396 2874 570 2940 facto,
601 2884 816 2939 corpus
845 2867 975 2938 ejus
999 2865 1131 2922 sine
1163 2868 1359 2919 mente
1387 2863 1669 2919 exsistere
1698 2880 1712 2920 :
1747 2880 1861 2919 non
1892 2863 2048 2919 enim

397 2959 656 3032 corporis
688 2957 994 3022 duntaxat,
1025 2953 1127 3008 sed
1161 2952 1336 3008 etiam
1370 2951 1579 3006 animm
1610 2950 1667 3005 in
1700 2951 1833 3022 ipso
1861 2952 2050 3006 Verbo

399 3051 563 3106 salus
597 3047 744 3102 facta
775 3049 901 3100 est:
934 3049 991 3098 et
1021 3057 1153 3096 cum
1212 3055 1348 3096 vere
1391 3039 1574 3096 Filius
1631 3039 1726 3094 Dei
1757 3044 1932 3104 esset,
1965 3042 2050 3094 t'a-

2159 634 2374 710 Ἀρειός
2399 653 2460 688 τε
2489 633 2562 695 ὡς
2612 635 3020 710 Χριστομάχος,
3067 636 3160 690 καὶ
3205 629 3512 698 Σαϐἑλλιος
3541 637 3628 691 καὶ
3663 641 3804 692 Παῦ-

2159 719 2257 784 λος
2289 723 2318 778 ὁ
2363 721 2710 795 Σαμοσατεὺς
2759 721 2836 785 ὡς
2881 719 3113 793 ἀσεϐεῖς,
3162 723 3252 779 καὶ
3301 722 3664 788 Οὒαλεντῖνος
3710 726 3801 782 καὶ

2160 807 2484 881 Βασιλείδης
2516 811 2590 872 ὡς
2624 808 2910 886 ἀλλότριοι
2944 818 3045 880 τῆς
3075 809 3356 882 ἀληθείας,
3407 819 3712 890 Μανιχαῖος
3745 811 3804 870 δὲ

2158 898 2234 961 ὡς
2256 899 2544 974 ὲφευρετής
2575 904 2776 954 κακῶν·
2827 900 3020 962 πάντες
3069 920 3127 955 τε
3167 903 3236 974 τῇ
3286 905 3383 955 τοῦ
3427 907 3562 957 Θεοῦ
3591 902 3800 978 χάριτι,

2155 988 2245 1042 καὶ
2308 989 2442 1062 μετᾶ
2486 989 2583 1050 τὰς
2631 988 2881 1051 τοιαύτας
2939 989 3227 1064 ἑρμηνείας
3283 989 3424 1064 ὁμοῦ
3478 993 3802 1048 συντίθενται

2154 1083 2263 1133 τῶν
2287 1078 2552 1133 τοιούτων
2587 1077 2781 1148 λέξεων
2830 1077 3081 1155 βελτίονα
3131 1080 3222 1136 καὶ
3268 1076 3646 1156 ἀκριϐεστέραν
3671 1084 3803 1138 εἶναι

2152 1173 2255 1239 τήν
2285 1170 2336 1224 ἐν
2366 1169 2562 1242 Νικαίᾳ
2591 1170 2736 1245 παρά
2780 1175 2888 1226 τῶν
2943 1172 3191 1246 Πατέρων
3243 1170 3678 1246 ὁμολογηθεῖσαν
3709 1173 3808 1227 πί-

2155 1280 2292 1328 στιν,
2325 1259 2415 1314 καὶ
2467 1264 2564 1314 τοῦ
2617 1259 2817 1316 λοιποῦ
2863 1265 2980 1323 τοῖς
3027 1259 3229 1332 ταύτης
3277 1266 3552 1338 ἀρκεῖσθαι
3590 1260 3802 1335 μᾶλλον

2153 1351 2242 1404 καὶ
2273 1350 2507 1424 χρᾶσθαι
2541 1352 2654 1423 (43)
2685 1349 2947 1426 ῥήμασιν.

2222 1531 2277 1585 7.
2312 1526 2489 1584 Ἀλλὰ
2517 1529 2603 1584 καὶ
2637 1529 2699 1584 τὸ
2754 1529 2877 1606 περὶ
2924 1537 3024 1600 τῆς
3071 1528 3206 1584 κατὰ
3253 1528 3422 1606 σάρκα
3487 1529 3806 1603 οἰκονομίας

2154 1622 2250 1672 τοῦ
2281 1623 2565 1690 Σωτῆρος,
2608 1615 2796 1688 ἐπειδὴ
2841 1619 2931 1674 καὶ
2983 1619 3103 1692 περὶ
3154 1617 3350 1673 τούτου
3389 1615 3609 1674 ἐδόκουν
3642 1618 3802 1696 φιλο-

2157 1711 2350 1760 νεικεῖν
2377 1726 2517 1768 τινες
2537 1707 2674 1781 πρὸς
2727 1705 3035 1777 ἀλλήλους,
3081 1707 3432 1784 ἀνεκρίναμεν
3459 1709 3546 1763 καὶ
3579 1707 3803 1770 τούτους

2159 1794 2462 1856 κάκείνους.
2523 1794 2612 1849 καὶ
2672 1795 2804 1868 ἅπερ
2861 1794 3185 1870 ὡμολόγουν
3243 1796 3415 1866 οὗτοι,
3475 1795 3805 1860 συνετίθεντο

2083 1926 2129 1992 Β
2160 1883 2420 1950 κάκεῖνοι,
2454 1884 2538 1938 diu
2585 1881 2692 1959 ούχ
2743 1885 2856 1957 (44)
2887 1885 2962 1946 ὡς
3020 1884 3096 1946 εἰς
3137 1883 3266 1949 τοὺς
3318 1888 3602 1963 προφήτας
3633 1910 3662 1938 ‹‹
3694 1884 3807 1961 ἐγὲ-

2156 1993 2274 2027 νετο
2305 1973 2334 2027 6
2365 1973 2544 2046 Λόγος
2575 1973 2792 2050 Κυρίου,
2829 1998 2856 2024 ››
2889 1973 3033 2029 οὕτω
3061 1973 3151 2028 καὶ
3201 1973 3277 2037 εἷς
3334 1976 3488 2050 ἅγιον
3522 1973 3803 2050 ἄνθρωπον

2157 2059 2486 2133 ἔνεδήμησεν
2537 2060 2622 2116 ἐπὶ
2676 2060 2956 2134 συντελείᾳ
2991 2067 3098 2118 τῶν
3150 2062 3388 2137 αἰώνων,
3433 2062 3560 2120 ἀλλ’
3590 2063 3746 2126 αὐτὸς
3779 2065 3807 2118 6

2156 2151 2334 2224 Λόγος
2368 2151 2494 2222 σὰρξ
2547 2149 2754 2227 ἐγένετο
2788 2169 2803 2183 ’
2857 2151 2948 2206 καὶ
2999 2151 3051 2206 ἐν
3102 2156 3286 2230 μορφῇ
3335 2157 3468 2208 Θεοῦ
3523 2153 3806 2230 ὑπάρχων,

2158 2234 2319 2294 ἔλαϐε
2377 2236 2572 2294 δούλον
2629 2239 2869 2318 μορφήν,
2919 2236 2979 2295 ἔκ
3033 2261 3091 2294 τε
3142 2247 3245 2310 τῆς
3298 2239 3506 2316 Μαρίας
3563 2242 3627 2296 τὸ
3674 2241 3811 2296 κατὰ

2158 2328 2326 2403 σάρκα
2378 2329 2661 2404 γεγένηται
2719 2331 2832 2401 (45)
2884 2326 3168 2404 ἄνθρωπος
3217 2326 3290 2384 δι’
3336 2333 3484 2402 ἡμᾶς
3533 2333 3669 2404 (45),
3714 2328 3807 2386 καὶ

2157 2416 2301 2471 οὕτω
2352 2415 2574 2478 τελείως
2622 2417 2713 2472 καὶ
2767 2415 3096 2492 ὁλοκλήρως
3149 2418 3214 2473 τὸ
3270 2419 3604 2493 ἀνθρώπινον
3651 2419 3806 2493 τινος

2155 2504 2606 2580 ἐκευθερούμενον
2639 2506 2746 2561 ἀπὸ
2790 2512 2893 2575 τῆς
2940 2506 3206 2581 ἁμαρτίας
3257 2505 3309 2560 ἐν
3349 2505 3515 2578 αύτῷ,
3545 2506 3636 2561 καὲ
3667 2512 3809 2576 ζωο-

2154 2593 2484 2665 ποιούμενον
2529 2592 2587 2648 ἐκ
2613 2599 2720 2648 τῶν
2765 2599 2992 2668 νεκρῶν,
3048 2594 3310 2672 εἰσάγεται
3364 2595 3440 2656 εἰς
3493 2595 3592 2662 τὴν
3652 2596 3807 2670 βασι-

2155 2681 2305 2737 λείαν
2358 2687 2464 2736 τῶν
2521 2681 2781 2756 οὐρανῶν.
2863 2681 3204 2758 Ὠμολόγουν
3279 2684 3381 2758 γὰρ
3451 2683 3542 2739 καὶ
3621 2688 3804 2757 τοῦτο,

2154 2771 2235 2825 δτι
2267 2773 2379 2844 (46)
2410 2769 2472 2825 ού
2503 2776 2662 2845 σῶμα
2693 2770 2922 2847 ἄψυχον,
2960 2769 3074 2828 οὐδ’
3128 2773 3474 2842 ἀναίσθητον,
3507 2770 3622 2828 οὐδ’
3650 2772 3810 2844 ἇνὸηο

2157 2879 2250 2914 τον
2284 2858 2428 2935 εἶχεν
2453 2860 2482 2914 6
2513 2862 2732 2934 Σωτήρ.
2766 2858 2906 2918 Ούδὶ
2956 2861 3056 2935 γὰρ
3112 2862 3229 2915 οἷόν
3270 2881 3328 2916 τε
3356 2861 3446 2930 ἦν,
3477 2866 3574 2916 τοῦ
3607 2862 3808 2937 Κυρίου

2160 2945 2230 3002 δι’
2259 2951 2408 3020 ἡμᾶς
2433 2949 2718 3025 ἀνθρώπου
2757 2948 3072 3025 γενομίνου,
3122 2950 3356 3020 ἀνόητον
3406 2951 3536 3005 εὖδαι
3559 2951 3622 3005 τὸ
3653 2956 3812 3024 σῶμα

2159 3037 2344 3101 αὐτοῦ,
2378 3035 2503 3092 οὐδὲ
2529 3039 2782 3111 σώματος
2818 3039 3014 3111 μόνου,
3048 3037 3192 3094 ἀλλά
3218 3037 3309 3093 καὶ
3339 3041 3525 3114 ψυχῆς
3576 3039 3628 3094 ἐν
3661 3041 3812 3112 αὐτῷ

396 3145 528 3195 ctus
557 3139 726 3192 estet
757 3133 914 3188 ﬁlius
935 3130 1191 3186 hominis
1213 3146 1232 3183 :
1262 3144 1517 3196 cumque
1534 3126 1875 3199 unigenitus
1894 3132 2051 3183 esset

2164 3130 2234 3198 τῷ
2269 3127 2422 3200 Λόγῳ
2451 3127 2696 3196 σωτηρία
2743 3127 2969 3203 γέγονεν
2999 3146 3013 3160 ·
3069 3129 3192 3190 Υἱὸς
3240 3149 3299 3183 τε
3351 3125 3425 3182 ὢν
3465 3127 3689 3199 ἀληθῶς
3715 3133 3814 3184 τοῦ

399 3226 583 3282 Filius
612 3223 738 3288 Dei,
769 3222 961 3277 factus
991 3223 1081 3276 est
1110 3219 1236 3290 ipse
1292 3217 1721 3290 primogenitae
1750 3216 1811 3271 in
1842 3215 2048 3272 multis

2164 3219 2311 3273 θεοῦ.
2346 3215 2532 3291 γέγονε
2576 3217 2664 3270 καὶ
2712 3216 2828 3276 υἱὸς
2883 3216 3172 3290 ἀνθρώπου
3206 3236 3219 3250 ·
3270 3219 3359 3271 καὶ
3412 3219 3706 3294 μονογενὴς
3738 3217 3814 3272 ὣν

399 3314 699 3371 fratribus.
731 3289 1149 3375 Quamobrem:
1185 3289 1307 3362 non
1333 3304 1486 3361 alius
1541 3309 1668 3360 erat
1706 3309 1840 3361 ante
1871 3305 2044 3360 Abra-

2164 3306 2283 3367 Υἱὸς
2322 3311 2418 3360 τοῦ
2461 3310 2618 3371 Θεοῦ,
2671 3307 2884 3381 γέγονεν
2937 3308 2970 3361 ἀ
3017 3306 3182 3368 αὐτὸς
3232 3307 3322 3360 καὶ
3375 3309 3811 3380 πρωτότοκος’ἐν

398 3405 537 3459 ham
571 3400 754 3456 Filius
783 3398 906 3462 Dei,
939 3397 1090 3452 alius
1121 3400 1251 3468 post
1282 3394 1578 3451 Abraham
1627 3411 1641 3448 :
1675 3409 1866 3466 neque
1897 3394 2048 3451 alius

2164 3392 2392 3455 πολλοῖς
2424 3391 2704 3472 ἀδελφοῖς.
2739 3395 2832 3449 Διὸ
2877 3392 2992 3450 οὔθ’
3037 3399 3152 3469 (4⁵7)
3197 3393 3383 3470 ἕτερος
3418 3397 3512 3469 μὶν
3545 3397 3611 3466 ἦν
3645 3397 3673 3451 6
3705 3398 3811 3472 πρὸ

398 3497 523 3550 erat
552 3489 654 3562 qui
687 3489 969 3544 Lazarum
1008 3484 1336 3550 suscitavit,
1376 3482 1526 3539 alius
1556 3499 1693 3538 vero
1722 3483 1819 3555 qui
1850 3483 1922 3539 de
1951 3483 2051 3539 illo

2164 3487 2254 3538 τοῦ
2287 3484 2548 3558 Ἀβραὰμ
2577 3484 2701 3546 Υἱὸς
2732 3488 2829 3538 τοῦ
2851 3482 3202 3558 Θεοῦ,ἔτερος
3230 3481 3288 3539 δὲ
3319 3486 3346 3539 6
3371 3485 3505 3557 μετὰ
3537 3481 3804 3560 Ἀϐραάμ’

401 3577 784 3650 interrogavit
813 3593 826 3632 :
860 3575 961 3630 sed
984 3575 1138 3630 idem
1169 3572 1296 3646 ipse
1325 3577 1451 3628 erat
1479 3571 1580 3644 qui
1609 3571 1868 3628 humane
1921 3572 2051 3644 qui-

472 3681 493 3717 "
523 3679 642 3736 Jer.
675 3693 716 3744 ι,
746 3677 802 3744 2,
825 3676 878 3746 4,
911 3675 997 3740 11,
1032 3673 1118 3728 13.

477 3781 590 3849 (43)
619 3779 746 3850 Seg.
779 3773 956 3831 Basil.
1011 3771 1343 3829 Gohlerian.
1385 3775 1640 3846 χρᾶσθαι.
1690 3769 1861 3840 Ediii,
1907 3777 2050 3846 χρῆ-

403 3871 547 3907 σθαι.

437 3863 587 3995 θῗὶζ)
615 3919 711 3977 Sio
739 3935 944 3995 omnes
966 3934 1110 3973 mss.
1144 3915 1321 3995 et‘ed.
1357 3913 1535 3995 Paris.
1561 3913 1622 3968 In
1654 3915 1796 3970 edit.
1822 3914 2050 3995 _Com_m.

405 3983 507 4050 οὐκ
527 3983 624 4061 είς,
661 3991 835 4062 male.
868 3987 1318 4062 seguer.‘habet
1348 3983 1472 4059 οὐχ’
1504 4002 1637 4062 cum
1670 3986 2051 4060 apostrOpho,

405 4067 580 4141 quasi
605 4056 676 4141 ab
707 4059 836 4141 ορχί
865 4056 1010 4141 eliso
1033 4066 1088 4116 et
1118 4056 1456 4141 iiasemper'
1479 4056 1646 4141 alias.

475 4137 703 4211 (115)1ta
733 4126 866 4208 εἷς,
898 4137 1072 4190 recte.
1127 4129 1276 4186 Editi
1324 4126 1461 4185 v'ero
1517 4133 1574 4184 et
1621 4130 1834 4197 caeteri,
1874 4126 2054 4204 γεγέν-

401 4229 584 4264 νηταμ

645 4277 800 4332 Edit.
827 4277 1051 4333 Comm.
1087 4275 1240 4350 male
1265 4269 1418 4350 Ott-51L.
1433 4270 1561 4326 Mox
1586 4270 1751 4350 editi,
1772 4269 2052 4339 αἰσθητόν.

401 4341 511 4408 Sed
562 4341 768 4406 omnes
825 4345 1239 4418 manuscripti,
1298 4341 1642 4409 ἀναίσθητον.
1696 4342 1827 4398 Haec
1873 4359 2055 4418 porro

403 4423 580 4478 verba
608 4436 742 4492 esse
769 4415 1711 4492 Apollinarii'legatorumLpatet
1761 4431 1830 4470 ex
1869 4415 2057 4487 ipsius

401 4491 750 4566 Apollinarii
779 4485 1028 4566 epistola
1059 4489 1130 4566 ad
1178 4485 1485 4566 episcopos
1516 4485 2058 4566 Diocaesarem'con-

402 4558 697 4640 gregatos.
719 4558 874 4640 apud
899 4558 1648 4640 beontium‘Byzantinum,
1682 4558 1832 4640 1ih_ro
1861 4558 2059 4614 adver-

403 4629 496 4694 ῑιιε
509 4629 1337 4709 pasees'Apoztinariszqrutﬁ:
1369 4646 1546 4709 quem
1579 4629 1901 4709 ιλίρνθῖεέπθ
1916 4647 2051 4709 ορφ·

2162 3567 2274 3624 οὐδ’
2306 3565 2485 3646 ἔτερος
2521 3571 2616 3643 μὲν
2661 3571 2726 3639 ἦν
2765 3572 2793 3626 6
2842 3572 2934 3626 τὸν
2990 3571 3232 3646 Λάζαρον
3280 3569 3508 3647 ἐγείρας,
3541 3565 3720 3648 ἕτερος
3751 3568 3809 3627 δὲ

2162 3773 2312 3826 nisse
2344 3772 2570 3827 Verbum
2605 3771 2719 3838 Dei,
2753 3771 2893 3844 quod
2931 3773 3046 3826 erat
3078 3787 3136 3826 in
3164 3770 3464 3844 prophetis,
3495 3771 3587 3827 sed
3627 3772 3812 3844 ipsum

2168 3846 2404 3898 Verbum
2432 3860 2654 3900 carnem
2681 3849 2898 3914 factum
2918 3859 3036 3899 esse
3061 3858 3173 3897 non
3203 3847 3486 3914 assumpta
3507 3853 3682 3900 mente
3708 3844 3811 3898 hu-

2162 3932 2351 3981 mana,
2382 3925 2563 3970 mente
2608 3917 2886 3978 mutabili,
2915 3929 3061 3986 quae,
3091 3914 3348 3980 turpibus
3389 3917 3813 3985 cogitationibus

2164 3988 2375 4058 captiva
2403 3987 2647 4056 ducitur,
2668 3987 2760 4042 sed
2789 3988 2978 4042 divina
3007 3997 3212 4050 mente,
3236 3988 3600 4055 immutabili,
3631 3998 3681 4042 et
3711 4006 3812 4042 car-

2165 4060 2303 4114 lcsti.
2357 4059 2716 4126 Quamobrem
2777 4075 2891 4114 non
2941 4073 3136 4128 corpus
3185 4059 3586 4130 inanimatam,
3645 4075 3817 4130 neque

2162 4147 2325 4185 sensu
2375 4134 2425 4184 et
2476 4130 2852 4200 intelligentia
2909 4146 3144 4185 vacuum
3174 4129 3368 4185 habuit
3401 4130 3674 4186 Salvator.
3708 4129 3817 4187 Nec

2162 4203 2314 4256 enim
2343 4203 2468 4271 ﬁeri
2509 4204 2736 4272 poterat,
2768 4211 2829 4256 ut
2857 4217 2982 4257 cum
3014 4202 3275 4256 Dominus
3311 4205 3538 4273 propter
3582 4218 3680 4256 nos
3726 4205 3812 4274 fa-

2162 4283 2280 4329 ctus
2308 4279 2444 4328 esset
2485 4274 2660 4341 homo,
2698 4289 2893 4342 corpus
2920 4274 3038 4343 ejus
3081 4279 3216 4328 esset
3245 4275 3368 4329 sine
3423 4273 3812 4344 intelligentia.

2163 4349 2302 4402 Cum
2333 4352 2468 4399 esset
2493 4360 2612 4400 vere
2639 4346 2815 4400 Filius
2836 4346 2953 4412 Det,
2984 4346 3166 4413 factus
3195 4349 3269 4400 est
3308 4346 3487 4400 Filius
3514 4346 3759 4400 hominis
3793 4363 3813 4400 ,ο

2165 4426 2215 4473 et
2246 4434 2367 4470 cum
2397 4422 2530 4472 esset
2553 4419 2870 4487 unigenitus
2898 4417 3074 4471 Filius
3103 4416 3226 4479 Dei.
3245 4417 3429 4488 factus
3458 4421 3537 4474 est
3556 4418 3670 4488 ipse
3695 4420 3815 4486 pri-

2166 4491 2472 4557 mogenitus
2533 4489 2593 4542 in
2650 4486 2838 4542 inultis
2867 4488 3155 4560 fratribus.
3207 4486 3355 4544 Unde
3379 4504 3490 4542 non
3521 4486 3667 4543 alius
3699 4497 3818 4543 erat

2169 4561 2350 4616 Filius
2402 4561 2496 4614 Dei
2524 4563 2652 4614 ante
2697 4559 2987 4623 Abraham,
3024 4561 3171 4614 alius
3191 4574 3315 4614 vero
3339 4564 3457 4629 post
3485 4559 3765 4614 Abraham
3796 4577 3815 4614 .-

2162 4634 2254 4686 sed
2286 4647 2428 4686 unus
2481 4632 2720 4702 er/ectus
2738 4633 3058 4700 unigenitus
3087 4631 3204 4696 Dei,
3253 4635 3489 4701 ertectus
3517 4637 3707 4686 autem
3725 4633 3812 4686 di-

2163 4706 2296 4759 vina
2323 4649 2678 4774 per/Eclione,
2701 4713 2751 4758 et
2781 4719 2890 4759 non
2912 4703 3173 4758 humana.
3199 4648 3332 4757 gum
3363 4704 3435 4758 iis
3462 4704 3560 4773 qui
3586 4706 3667 4758 sic
3694 4719 3812 4758 sen-

403 4675 495 4767 ii;
514 4675 766 4782 premam
795 4675 988 4774 fixerit,
1021 4704 1176 4778 quod
1208 4702 1281 4758 ad
1312 4675 1435 4757 huic
1464 4700 1850 4774 intelligenda
1896 4675 2051 4758 m‘ul-
2084 4675 2130 4740 Ῑ)
2163 4706 2296 4782 bina
2323 4675 2678 4782 per/actione,
2701 4713 2751 4758 et
2781 4675 2890 4759 noun
2912 4675 3435 4782 humana.’6uni_iis
3462 4704 3560 4773 qui
3586 4706 3667 4782 sic
3694 4719 3818 4782 sen-

401 4779 533 4839 tum
562 4779 842 4838 conferat.

405 4869 650 4912 DOMINIS
675 4869 813 4909 MEIS
851 4860 1327 4907 HONORATISSIMIS
1355 4858 1645 4900 EPIBCOPIS
1677 4853 2057 4902 DIOCJESAREE

905 4938 965 4976 IN
1004 4935 1226 4975 DOMINO
1269 4931 1556 4971 SALUTEM.

477 4993 969 5064 lxspeetabamus,
1020 4992 1225 5047 litteris
1270 4987 1468 5064 nostris
1497 4986 1568 5042 ad
1609 5001 1704 5064 vos
1754 4988 1985 5064 missis,
1995 4995 2059 5042 ut

403 5059 674 5124 similiter
693 5083 724 5120 a
755 5071 934 5122 vestra
955 5059 1235 5120 'charitate
1266 5060 1476 5116 litteras
1533 5061 1923 5130 acciperemus,
1949 5059 2055 5113 Do-

403 5140 554 5194 mini
599 5137 1040 5194 honoratissimi.
1100 5131 1291 5210 quales
1319 5146 1533 5210 semper
1562 5133 1779 5210 a_beat_o
1811 5133 2057 5210 episcopo

407 5210 716 5266 Athanasio
742 5211 1043 5281 accipimus
1071 5202 1226 5281 ε’ᾳαί
1251 5205 1354 5258 scit
1379 5202 1476 5281 nes
1516 5210 1568 5257 et
1597 5203 1662 5258 in
1713 5202 2059 5281 dogmatibus

403 5299 528 5339 cum
557 5283 675 5354 ipso
704 5274 1035 5350 consentire,
1074 5274 1220 5354 etjin
1249 5274 1504 5354 omnibus
1532 5289 1740 5354 morem
1761 5277 1824 5330 τί
1849 5290 2056 5346 gerere.

408 5356 549 5424 Quia
577 5347 702 5410 itero
739 5370 855 5406 non
883 5347 1264 5424 rescripsistis,
1285 5347 1606 5424 existimavi
1659 5348 1898 5418 fortasse
1920 5362 2056 5418 pro-

405 5419 677 5482 lixitatem
718 5425 961 5496 epistolae
993 5419 1100 5480 non
1122 5419 1611 5496 (lectorassepobis
1631 5433 1874 5474 nostram
1902 5435 2058 5496 me-

407 5505 518 5554 tem
575 5513 639 5553 ac
673 5491 1020 5553 sententiam.
1055 5497 1134 5552 En
1167 5494 1316 5550 clare
1342 5491 1642 5548 scribimus
1687 5495 2061 5547 consentanea

407 5572 688 5628 communi
727 5573 987 5640 magistro
1017 5572 1202 5624 nostro
1248 5573 1299 5620 et
1337 5565 1535 5640 oestro.
1571 5563 1710 5640 Dico
1735 5565 1914 5640 igitur
1943 5563 2062 5640 haec

405 5643 472 5699 de
512 5642 700 5697 divina
732 5633 1137 5710 incarnatione,
1168 5633 1604 5710 quandoquidem
1633 5633 1812 5710 dehis
1856 5635 2062 5710 multus

403 5714 678 5770 tumultus
705 5730 816 5768 non
845 5731 878 5768 a
912 5713 1090 5780 nobis,
1124 5709 1219 5766 sed
1251 5709 1319 5765 ab
1347 5709 1504 5780 aliis,
1533 5722 1662 5778 quos
1691 5709 1858 5774 taceo,
1911 5709 2060 5763 exci-

409 5790 554 5842 tatus
584 5789 678 5841 est.
714 5778 1207 5858 Conﬁtemur,'non
1234 5781 1306 5838 ad
1352 5778 1632 5838 hominem
1659 5783 1918 5837 sanctum
1971 5793 2061 5836 ve-

2167 4779 2334 4844 tiunt,
2365 4777 2688 4844 conﬁtemur
2714 4789 2813 4830 nos
2855 4776 3296 4830 communionem
3324 4774 3546 4830 habere.
3581 4775 3712 4830 Cum
3746 4778 3820 4829 iis

2167 4863 2288 4902 vero
2319 4847 2416 4918 qui
2443 4851 2635 4918 contra
2668 4848 2917 4902 sentiunt
2971 4853 3022 4918 et
3048 4846 3327 4918 scribunt,
3349 4915 3360 4918 _
3381 4849 3821 4903 communionem

2163 4915 3160 4991 nonhabe_mus._Ubicasteraquidem
3203 4915 3418 4991 omnia
3449 4922 3514 4972 ut
3558 4918 3822 4991 hicapud

2167 4989 2544 5045 Athanasium
2573 4987 2976 5060 leguntur,sed
3009 4989 3150 5045 dum
3184 4990 3264 5046 ait
3294 4987 3549 5045 Verbum
3581 4987 3821 5046 non'aso

2167 5061 2495 5128 sumpsisse
2535 5067 2789 5116 mentem
2842 5062 3156 5117 humanam
3215 5061 3316 5115 sed
3351 5061 3633 5128 divinam,
3659 5062 3823 5117 virus

2167 5151 2286 5189 sUre
2318 5132 2603 5206 haereseos
2634 5132 2870 5206 dic-tegit,
2903 5133 3059 5206 quod
3081 5132 3191 5206 _his_
3209 5137 3375 5188 antea
3407 5133 3825 5206 verbisomni-

2167 5203 2438 5279 tarat,_06
2472 5207 2629 5279 σῶμα
2661 5200 2894 5279 admiral,
2919 5200 3043 5258 οὐδ’
3071 5203 3418 5273 ἀναίσθητον,
3444 5201 3559 5260 οὐδ’
3587 5203 3824 5274 ἀνόητον

2169 5277 2314 5350 ιτχεν
2347 5276 2374 5330 ὁ
2435 5276 2633 5350 Σωτήρ
2681 5276 2876 5348 corpus
2916 5294 3029 5350 non
3074 5278 3468 5350 inanimatam,
3498 5293 3601 5332 nec
3627 5295 3826 5333 sensus

2169 5346 2383 5420 expers,
2415 5365 2514 5404 nec
2534 5346 2714 5420 mente
2776 5346 2972 5404 carens
3001 5348 3196 5404 habuit
3219 5347 3285 5404 Sa
3297 5346 3482 5404 lvator
3500 5367 3520 5406 :
3541 5352 3638 5405 vat
3639 5367 3699 5404 re
3721 5350 3827 5404 sci-

2170 5419 2307 5492 licet
2337 5438 2403 5476 ac
2435 5419 2682 5476 subdole
2716 5421 3116 5492 intelligendo.
3144 5425 3402 5475 meutem
3435 5419 3692 5476 divinam
3730 5439 3824 5477 so-

2171 5491 2292 5547 lum
2326 5492 2521 5548 inesse
2549 5493 2800 5548 Christo.
2833 5491 2959 5558 Qua
2988 5493 3060 5548 de
3091 5509 3152 5548 re
3179 5491 3390 5547 iterum
3424 5496 3630 5564 agetur
3659 5494 3729 5548 ad
3756 5493 3824 5547 li-

2170 5565 2303 5620 bros
2337 5570 2542 5619 contra
2574 5564 3013 5636 Apollinarium.

2243 5633 2646 5708 (_-’47),Seguer._.
2683 5633 2825 5692 οὔτε.
2858 5640 2984 5692 Mox
3013 5635 3072 5708 in
3105 5633 3310 5708 eodem
3345 5636 3444 5708 τοῦ
3490 5635 3656 5708 deest
3689 5642 3827 5690 ante

2172 5703 2611 5782 ἈϐραάμξΜΟΧ
2642 5708 2796 5766 idem
2827 5713 2883 5766 ct
2907 5706 3110 5775 Basil.,
3141 5703 3324 5778 ’ἐτερος
3359 5704 3452 5778 μὶν
3483 5704 3572 5776 ἦν.
3608 5707 3670 5764 In
3703 5708 3829 5764 edi-

2172 5778 2249 5837 tis
2284 5777 2376 5837 μὲν
2405 5779 2588 5837 deest.

2199 5795 2249 5837 1s
2283 5795 2376 5852 μεν
2405 5795 2588 5837 coeat.
