4082 6364
383 355 504 420 807

928 357 992 419 S.
1039 358 1467 422 ATHANASll
1512 361 1686 424 OPP.
1731 363 1936 426 PARS
1978 363 2026 427 I.
2063 397 2140 412 —
2168 367 2587 433 HISTORICA
2631 372 2734 434 ET
2775 373 3256 438 DOGMATIGA.

3669 381 3794 446 808

385 503 520 546 cum
552 490 758 544 mutuo
799 487 1102 544 conciliari
1147 489 1386 556 fuerint,
1427 491 1764 565 ubicunque
1814 495 2021 570 populo

2145 497 2365 569 εἰρήνης
2423 499 2809 558 συνάπτεσθαι·
2870 503 2962 558 καὶ
3019 503 3216 561 λοιπὸν
3275 507 3646 586 συναφθέντων
3698 514 3794 570 αὐ-

379 576 978 649 placuerit,prmsente
1007 583 1200 633 vestra
1227 578 1594 636 humanitate
1625 581 1742 637 illic
1783 599 2032 639 conven-

379 672 477 722 tus
507 667 962 732 celebrentur,et
995 667 1238 723 Domino
1269 685 1385 724 una
1413 669 1600 742 gloria
1628 671 1923 728 tribuatur
1959 674 2030 730 ab

379 757 676 812 omnibus.
707 755 980 811 Salutant
1025 772 1131 811 vos
1160 756 1367 813 fratres
1418 759 1518 831 qui
1566 777 1796 816 mecum
1868 767 2028 828 sunt,

379 845 524 917 Opto
557 861 659 900 vos
691 845 838 900 bene
870 843 1082 913 valere,
1113 849 1170 900 et
1228 849 1572 904 memoriam
1631 851 1816 906 nostri
1874 851 2029 924 apud

377 933 696 1012 Dominum
731 934 1054 1004 facere,Ego
1089 934 1484 992 Athanasius:
1515 937 1612 993 alii
1635 939 1854 1010 pariter
1905 940 2032 1012 epi-

377 1009 670 1093 scopi,qui
704 1021 882 1077 simul
913 1029 1313 1080 convenerunt
1342 1009 1745 1099 subscripsere
1781 1045 2028 1085 :necnon

379 1111 478 1182 qui
513 1111 679 1167 missi
715 1117 856 1167 sunt
885 1128 918 1167 a
951 1113 1216 1168 Lucifero
1243 1114 1480 1186 quidem
1523 1117 2029 1173 Sardiniaeinsulaa

375 1199 669 1272 episcopo,
697 1199 926 1256 diaconi
979 1202 1118 1268 duo,
1164 1203 1491 1261 Herennius
1537 1209 1594 1260 et
1623 1211 1920 1279 Agapetus
1949 1223 1962 1263 :
1995 1223 2030 1262 a

376 1289 618 1346 Paulino
641 1295 836 1346 autem
863 1291 1149 1347 Maximus
1179 1297 1236 1347 et
1265 1293 1741 1366 Calcmerus,ipsi
1795 1313 2029 1368 quoque

375 1377 629 1434 diaconi.
657 1380 911 1434 Aderant
943 1385 1002 1435 et
1031 1380 1270 1452 quidam
1292 1383 1651 1439 monachiab
1669 1383 2028 1456 Apollinario

373 1465 645 1541 episcopo
676 1468 735 1524 in
769 1468 877 1526 hoc
909 1469 1105 1542 ipsum
1132 1470 1324 1527 missi.

447 1755 536 1808 10.
567 1754 825 1828 Episcopi
861 1759 1053 1811 autem
1089 1756 1346 1828 praedicti
1375 1757 1444 1812 ad
1479 1773 1629 1829 quos
1671 1758 1889 1831 scripta
1938 1765 2029 1817 est

375 1842 650 1915 epistola;
680 1843 738 1898 hi
771 1849 930 1900 sunt:
963 1845 1252 1900 Eusebius
1282 1845 1674 1902 Vercellorum
1709 1847 1911 1904 Gallia:
1935 1866 2028 1903 ur-
2056 1872 2102 1936 B

373 1931 486 2006 bis,
516 1934 740 1990 Lucifer
783 1932 1064 1989 Sardinia:
1121 1932 1348 2002 insulae,
1395 1936 1654 1991 Asterius
1719 1940 2023 1994 Petrarum

371 2029 616 2098 Arabiae,
648 2024 946 2098 Cymatius
989 2021 1135 2078 Palti
1201 2023 1542 2096 leesyrize,
1567 2025 1876 2082 Anatolius
1909 2025 2024 2082 Eu-

373 2118 532 2173 bases.

440 2206 698 2273 Quivero
729 2201 1036 2276 epistolam
1071 2201 1535 2272 scripseruntﬁhi
1568 2207 1726 2270 sunt,
1773 2204 2027 2261 Athana-

371 2295 498 2350 sius
529 2311 680 2367 papa
709 2299 766 2348 et
795 2291 894 2364 qui
925 2308 1057 2346 cum
1091 2307 1158 2346 eo
1185 2290 1561 2361 |Alexandriae
1593 2293 1852 2365 adfuere,
1898 2293 2024 2366 ipse

374 2384 661 2439 Eusebius
693 2385 750 2436 et
781 2379 1064 2436 Asterius:
1099 2378 1301 2450 reliqui
1335 2385 1554 2448 autem,
1577 2381 1756 2437 Gaius
1788 2387 2026 2439 Parato-

374 2474 456 2530 nii
490 2471 751 2544 proxime
782 2471 1046 2543 Libyam,
1079 2469 1341 2540 Agathus
1395 2468 1719 2541 Pbragonis
1749 2476 1807 2526 et
1839 2473 2025 2542 partis

375 2561 685 2634 cujusdam
707 2558 1014 2616 Elearchia:
1029 2557 1281 2630 Egypti,
1300 2559 1649 2614 Ammonius
1665 2560 2025 2618 Pachnemu-

374 2652 490 2721 nis,
523 2655 582 2707 et
634 2649 873 2721 reliqua:
911 2646 1094 2720 partis
1150 2645 1504 2703 Elearcliizn:
1565 2649 2022 2721 Agathodazmon

370 2739 627 2797 Schedia
655 2743 716 2796 et
744 2735 1410 2802 Menelaiti,Dracontius
1431 2753 1618 2808 parva
1637 2739 2021 2812 Hermopolie,

370 2829 699 2902 Adelphius
729 2825 996 2898 Onuphis
1022 2841 1152 2898 quas
1181 2828 1271 2881 est
1319 2824 1712 2898 Lychnorum,
1749 2827 2019 2885 llermion

369 2923 615 2990 Taneos,
638 2917 870 2974 Marcus
890 2916 1206 2988 Zygrorum
1241 2915 1504 2987 proxime
1558 2914 1798 2988 Libyam
1830 2917 2019 2974 Theo-

369 3012 548 3068 dorus
578 3004 998 3075 Athribis,And
1009 3020 1134 3060 reas
1159 3003 1474 3071 Arsenoiti,
1495 3003 1866 3076 Paphnutius
1885 3010 2022 3063 Sae-

369 3115 458 3168 os,
487 3101 716 3155 Marcus
739 3095 1070 3164 Philorum,
1115 3091 1315 3148 Zoilus
1350 3093 1570 3161 Andro,
1601 3093 1802 3151 Menas
1856 3096 2014 3152 Anti-

367 3187 642 3260 phorum.

2139 595 2272 659 τῶν,
2327 589 2452 647 ἔνθα
2501 591 2560 648 ἂν
2611 592 2774 670 ἀρέσῃ
2818 601 2949 651 πᾶσι
2993 601 3111 660 τοῖς
3162 597 3342 669 λαοῖς,
3386 602 3668 679 παρούσης
3693 614 3794 678 τῆς

2142 679 2402 757 ὑμετέρας
2447 682 2848 758 χρηστότητος,
2900 685 3010 742 ἐκεῖ
3059 688 3156 750 τὰς
3211 689 3450 762 συνάξεις
3502 692 3795 753 ἐπιτελεῖ-

2141 781 2284 838 σθαι,
2317 771 2405 826 καὶ
2434 773 2526 826 τὸν
2558 771 2757 849 Κύριον
2811 779 2968 849 κοινῇ
3011 779 3158 852 παρᾶ
3210 779 3424 835 πάντων
3461 779 3794 854 δοξάζεσθαι.

2139 859 2640 935 Προσαγορεύουσιν
2690 862 2831 934 ὑμᾶς
2877 865 2929 919 οἱ
2981 863 3074 918 σὺν
3130 865 3255 938 ἐμοὶ
3301 866 3550 948 ἀδελφοί.
3583 874 3794 950 Ἐῤῥῶ-

2139 948 2260 1001 σθαι
2312 948 2474 1015 ὑμᾶς,
2525 949 2616 1004 καὶ
2669 950 3030 1022 μνημονεύειν
3082 955 3243 1025 ἡμῶν
3291 959 3370 1028 τῷ
3406 959 3594 1035 Κυρίῳ
3623 948 3791 1038 ε-ὕχο⁸

2143 1056 2260 1108 μαι,
2296 1037 2438 1113 Ἐγώ
2465 1058 2525 1092 τε
2553 1038 2888 1104 ἈΟανάσιος’
2941 1041 3152 1114 ὁμοίιος
3182 1063 3242 1098 τε
3280 1043 3330 1098 οἶ
3381 1043 3546 1103 ἄλλοι
3577 1037 3789 1106 ἐπίσκο-

2138 1145 2232 1180 ποι
2291 1127 2343 1180 οἱ
2401 1124 2745 1193 συνελθόντες
2797 1127 3120 1206 ὑπέγραψαν·
3177 1133 3264 1188 καὶ
3326 1135 3378 1189 οἱ
3431 1135 3732 1196 ἀποσταλέν
3759 1174 3788 1185 -

2136 1234 2222 1276 τες
2256 1218 2366 1284 (54)
2399 1212 2456 1270 δὲ
2484 1217 2632 1289 παρά
2665 1217 2760 1290 μὲν
2807 1218 3142 1298 Λουκίφερος
3199 1224 3306 1296 (55)
3350 1229 3446 1280 τοῦ
3486 1223 3786 1285 ἐπισκόπου

2139 1300 2371 1379 Σαρδίας
2397 1306 2588 1378 νήσου,
2639 1303 2876 1362 διάκονοι
2929 1305 3049 1379 δύο,
3079 1311 3373 1388 Ἑρέννιος,
3417 1315 3508 1369 καὶ
3551 1316 3789 1392 Ἀγαπη-

2134 1391 2250 1455 τός·
2299 1395 2444 1462 παρὰ
2492 1391 2550 1449 δὲ
2596 1393 2874 1452 ΙΙαυλίνου
2905 1396 3154 1472 Μάξιμος
3183 1401 3272 1456 καὶ
3318 1391 3664 1480 Καλήμερος,
3689 1410 3779 1463 καὶ

2139 1482 2292 1537 αὐτοὶ
2335 1480 2600 1542 διάκονοι.
2635 1490 2887 1560 Παρῆσαν
2941 1483 2999 1542 δὲ
3047 1488 3137 1543 καί
3182 1510 3324 1554 τινες
3357 1492 3786 1571 Ἀπολλιναρίου

2133 1575 2230 1626 τοῦ
2286 1571 2582 1628 ἐπισκόπου
2645 1574 2974 1645 μονάζοντες
3007 1618 3022 1645 ,
3082 1580 3210 1656 παρ’
3269 1579 3434 1635 αὐτοῦ
3489 1581 3568 1646 εἷς
3620 1588 3783 1642 τοῦτο

2134 1662 2484 1736 πεμφθέντες.

2208 1753 2295 1808 10.
2327 1752 2477 1806 Ἔστι
2537 1748 2594 1808 δὲ
2815 1750 3038 1817 ἕκαστος
3093 1760 3199 1811 τῶν
3241 1759 3617 1834 προκειμένων
3663 1763 3784 1818 ἐπι-

2135 1839 2373 1912 σκόπων,
2408 1841 2542 1915 πρὸς
2573 1841 2664 1904 οὒς
2695 1844 2730 1913 ἡ
2781 1842 3052 1914 ἐπιστολὴ
3102 1845 3340 1926 ἐγράφη,
3383 1845 3648 1914 Εὐσέϐιος
3677 1848 3779 1908 πό-

2135 1927 2276 2017 λεως
2328 1929 2640 2006 Βιργίλλων
2697 1938 2798 2002 τῆς
2853 1931 3090 1996 Γαλλίας
3149 1937 3293 2009 (57),
3353 1938 3620 2017 Λουκίφερ
3676 1949 3776 2013 τῆς

2137 2015 2368 2092 Σαρδίας
2395 2021 2588 2089 νήσου,
2637 2021 2912 2098 Ἀστέριος
2963 2028 3181 2100 Ππρῶν
3210 2032 3311 2094 τῆς
3360 2015 3639 2104 Ἀραϐίας,
3672 2037 3780 2086 Κυ-

2139 2107 2329 2182 μάτιος
2358 2107 2576 2164 Παλτοῢ
2607 2109 2811 2181 Κοίλης
2840 2112 3056 2187 Συρίας,
3092 2113 3406 2178 Ἀνατόλιος
3447 2116 3705 2182 Εὐλοίας.

2206 2199 2274 2255 Oi.
2307 2195 2364 2252 δὲ
2417 2197 2816 2262 έπιστείλαντες
2865 2200 2895 2255 ὅ
2941 2222 3000 2256 τε
3047 2201 3228 2266 πάπας
3278 2205 3635 2277 Ἀθανάσιος,
3688 2211 3779 2264 καί

2136 2289 2188 2341 οὶ
2223 2282 2629 2364 παρατυχόντες
2686 2288 2777 2344 σὺν
2834 2289 2983 2364 αὐτῷ
3039 2291 3092 2347 ἐν
3145 2290 3567 2370 Ἀλεξανδρείᾳ.
3622 2296 3784 2362 αὐτός

2133 2396 2192 2430 τε
2223 2370 2481 2439 Εὐσέϐιος
2531 2375 2620 2432 καί
2667 2377 2970 2454 Ἀστέριοςο
3019 2381 3108 2436 καὶ
3159 2382 3210 2436 οἱ
3257 2381 3442 2438 λοιποὶ
3490 2385 3648 2448 Γάϊος
3679 2393 3790 2442 Πα-

2135 2463 2384 2537 ρατονίου
2438 2472 2538 2535 τῆς
2590 2462 2808 2542 ἔγγιστα
2859 2470 2970 2541 (58)
3017 2464 3246 2540 Λιϐύης,
3278 2471 3511 2547 ’Δγαθὸς
3541 2475 3790 2550 Φραγώ-

2133 2575 2267 2616 νεως
2299 2555 2386 2609 καὶ
2424 2553 2623 2631 μέρους
2682 2555 3008 2634 Ἐλιαρχίας
3053 2562 3153 2624 τῆς
3207 2558 3506 2636 Αἰγύπτου·
3557 2563 3791 2636 Ἀμμώ-

2133 2664 2242 2705 νιος
2274 2645 2700 2719 Παχνεμούνεως
2747 2644 2836 2699 καὶ
2883 2651 2980 2700 τοῦ
3024 2645 3222 2703 λοιποῦ
3273 2650 3471 2725 μέρους
3499 2657 3599 2721 τῆς
3634 2649 3787 2710 Ἐλε-

2132 2730 2351 2807 αρχίας,
2402 2729 2811 2807 Ἀγαθοδαίμων
2862 2732 3093 2810 Σχεδίας
3118 2737 3206 2792 καὶ
3241 2737 3599 2795 Μενελαῒτου·
3640 2747 3780 2815 Δρα-

2129 2820 2344 2884 κόντιος
2401 2817 2826 2898 Ἐρμουπὸλεως
2876 2830 3094 2899 μικρᾶς,
3143 2823 3438 2906 Ἀδέλφιος
3470 2828 3777 2908 Ὀνούφεως

2128 2918 2231 2981 τῆς
2284 2913 2536 2986 Λύχνων,
2579 2911 2820 2987 Ἑρμίων
2862 2914 3100 2986 Τάνεως,
3151 2917 3378 2991 Μάρκος
3424 2917 3636 2994 Ζύγρων
3674 2927 3776 2989 τῆς

2130 2997 2342 3077 ἔγγιστα
2382 2995 2610 3072 Λιϐύης,
2665 2997 2944 3077 Θεόδωρος
2996 2998 3308 3077 ’Λθρίϐεως,
3356 3003 3608 3083 ’Δνδρέας
3658 3011 3773 3083 (59)

2129 3087 2520 3164 Ἀρσενοῖτου,
2583 3091 2914 3168 Παφνούτιος
2973 3089 3197 3163 Σάεως,
3255 3095 3478 3172 Μάρκος
3535 3094 3723 3152 Φίλων
3757 3141 3772 3167 ,

2127 3177 2339 3242 Ζώιλος
2374 3177 2610 3256 ’¹Ανδρω,
2639 3181 2824 3252 Μῇνας
2847 3179 3146 3259 ’Λντίφρων

435 3276 536 3332 Hie
565 3273 853 3330 Eusebius
885 3287 1118 3345 quoque
1148 3269 1352 3325 Latine
1377 3269 2012 3343 subscripsit,quorum

2199 3267 2436 3330 Τούτοις
2483 3244 2570 3323 καὶ
2613 3264 2870 3330 Εὐσέϐιος
2919 3244 3196 3346 ὑπέξραψέ
3243 3244 3564 3346 ’ῥωμαϊστὴ
3614 3276 3688 3329 ὢν
3737 3278 3774 3346 ἡ

364 3365 488 3422 hec
517 3368 610 3421 est
637 3361 1039 3434 interpretatio
1064 3375 1078 3415 :

436 3455 553 3526 Ego
583 3449 1226 3518 Eusebius,secundum
1240 3451 1506 3505 exactam
1523 3451 1779 3506 vestram
1807 3448 2021 3506 utrius-

367 3561 480 3617 que
497 3543 682 3617 partis
705 3538 1286 3609 confessionem,qua
1303 3537 1362 3592 in
1379 3537 1646 3594 eamdem
1669 3537 1822 3593 circa
1843 3537 2020 3611 hypo-

363 3639 553 3693 stases
574 3629 927 3689 sententiam
942 3626 1260 3682 convenisti
1269 3625 1384 3696 s,in
1402 3625 1603 3681 eadem
1630 3643 1864 3698 quoque
1879 3643 2016 3684 con-

360 3722 624 3791 veni,sed
647 3719 824 3776 etiam
849 3716 1000 3774 circa
1026 3715 1182 3772 620
1207 3713 1672 3771 incarnationem
1696 3715 2014 3773 Salvatoris

363 3811 792 3881 nostri,nempe
815 3806 910 3862 Dei
944 3805 1154 3860 Filium
1178 3803 1478 3860 hominem
1505 3803 1724 3860 factum
1774 3820 1924 3877 esse,
1956 3809 2015 3861 et

359 3900 557 3960 omnia
569 3904 777 3974 praeter
794 3893 1873 3968 peccatumpssumpsisse,cujusmodi
1889 3899 2016 3951 erat

360 3993 642 4064 antiquus
673 3990 874 4044 noster
892 3984 1068 4040 homo
1094 3983 1290 4055 :idque
1317 3985 1484 4054 juxta
1514 3987 1858 4038 contextum
1883 3983 2008 4056 epi-

359 4081 522 4139 stolae
555 4095 685 4135 meo
717 4074 996 4147 suffragio
1029 4071 1391 4128 confirmavi.
1427 4072 1494 4127 Et
1529 4072 2008 4144 quandoquidem

355 4171 593 4228 exclusa
622 4167 840 4224 dicitur
868 4161 1229 4219 Sardicenssi
1245 4161 1475 4218 concilii
1509 4160 1838 4228 tabella,ne
1859 4161 2014 4218 ultra

356 4260 650 4317 Nicaenam
681 4255 857 4311 ﬁdem
889 4251 1114 4322 aliquid
1153 4250 1362 4322 exponi
1396 4250 1701 4306 videatur:
1734 4266 1841 4323 ego
1873 4250 2012 4307 huic

359 4363 593 4423 quoque
618 4344 703 4402 rei
734 4340 1138 4400 consentio.ne
1160 4357 1260 4410 per
1289 4338 1450 4395 illam
1481 4339 1714 4395 Nicena
1742 4339 1890 4396 fides
1911 4356 2013 4396 ex-

357 4440 522 4496 clusa
549 4436 1031 4503 videatur,neque
1063 4429 1470 4502 proferendam
1497 4444 1628 4485 eam
1642 4445 1772 4485 esse
1802 4429 2009 4488 sentio.

357 4529 504 4602 Opto
535 4525 596 4581 in
630 4523 870 4581 Domino
897 4535 997 4576 vos
1029 4519 1174 4576 bene
1201 4517 1394 4575 valere
1425 4561 1436 4574 .

427 4873 540 4948 (54)
572 4872 811 4942 Seguer.
846 4858 1056 4934 ὁμοίως
1083 4878 1142 4914 τε
1173 4857 1223 4912 οἱ
1257 4853 1446 4914 ἄλλοι.
1476 4857 1652 4926 Editi,
1689 4853 1898 4931 ὁμοίως
1922 4855 2012 4911 καὶ

363 4949 540 5093 οἱίῦδ)
569 5020 808 5093 (588“??-
840 5005 1034 5093 Ρτίσέα
1064 5019 1267 5093 "9"“3'
1294 4998 1688 5093 ,ᾼοξνὲἕῖειοςε
1735 5000 2016 5093 ⁸993³391

354 5073 696 5163 Λοῖοκιξέρδῖ)
727 5073 1600 5163 Unumndu‘ntaxa-tvd‘iaconum
1629 5090 1702 5163 “at
1757 5073 2018 5163 bucifeno

356 5144 616 5236 Ιὲὲιαξάαὶ
643 5157 891 5236 nam“
911 5148 1165 5236 “"92"?
1185 5147 1348 5236 μεν·
1372 5146 1604 5236 ,εέἒιβδιι
1620 5144 1734 5236 FP:
1750 5161 1817 5236 3:
1843 5145 2018 5236 9;}??-

354 5217 664 5292 etosozom.
701 5227 803 5282 lib.
835 5241 892 5294 ν,
925 5237 975 5277 c.
1007 5219 1342 5294 52..JAitque
1372 5217 1530 5294 idem
1564 5217 1820 5294 Rufinus
1851 5217 2018 5294 simi-

353 5287 604 5380 literque
635 5287 1040 5380 Theodoretus
1210 5287 1458 5380 11—1.‘cap.
1489 5287 2020 5380 5,.‘lfuciferut‘p-ab

355 5360 607 5438 Eusebio
639 5374 912 5447 rogatum
969 5369 1036 5420 ut
1067 5360 1484 5420 Alexandriam
1518 5378 1726 5419 secum
1757 5360 2021 5434 proﬁcis-

357 5463 611 5516 ceretur,
643 5444 1037 5516 id'ab‘nuishse.
1091 5501 1138 5516 Μ
1224 5472 1233 5483 .

452 5501 1418 5588 ἐέιῑιξείεέῑι.οὐκέστιδιμιεηῃςε.Δ
1852 5575 1910 5588 η,

452 5526 523 5580 56
578 5526 753 5576 Basil.
787 5526 904 5570 υῡκ
932 5526 1042 5564 εστι
1087 5526 1166 5574 οε,
1201 5526 1376 5564 male.

431 5526 544 5669 (57%
579 5593 675 5650 Sic
705 5601 914 5669 omnes
944 5579 1334 5669 manuscripti
1369 5582 1426 5636 et
1455 5577 1596 5669 editi

359 5652 450 5726 rid
474 5652 812 5723 Arianorum
837 5657 914 5726 ad
967 5652 1266 5712 monachos
1303 5669 1466 5708 num.
1519 5652 1609 5720 33,
1655 5652 2024 5707 restiluimus

361 5757 431 5798 ex
462 5754 608 5798 mss.
642 5725 982 5808 Βερκέλλων.

2129 3357 2412 3433 ἑρμηνείασ

2201 3447 2342 3522 Ἐγὼ
2412 3441 2669 3508 Εὐσέϐιος
2749 3445 3043 3511 ἐπίσκοπος
3119 3449 3255 3504 κατᾶ
3321 3451 3420 3520 τήν
3497 3448 3776 3528 ἀκρίϐειαν

2129 3535 2282 3608 ὑμῶν
2311 3537 2410 3605 τὴν
2459 3536 2586 3610 παρ’
2637 3535 2901 3612 ἑκατέρων
2948 3541 3056 3592 τῶν
3105 3542 3281 3615 μερῶν
3333 3539 3780 3616 ὁμολογηθεισαν

2127 3622 2404 3695 ἀλλήλοις
2459 3623 2848 3698 συντιθεμένων
2908 3627 3030 3701 περὶ
3089 3631 3198 3681 τῶν
3258 3629 3624 3702 ὑποστάσεων,
3680 3632 3774 3686 καὶ

2127 3712 2290 3775 αὐτὸς
2347 3714 2769 3789 συγκατεθέμην·
2831 3713 2894 3768 οὐ
2958 3714 3064 3787 μὴ)
3120 3713 3266 3770 ἀλλὰ
3325 3719 3436 3789 (61)
3497 3717 3588 3773 καί
3646 3719 3773 3795 περὶ

2121 3809 2224 3873 τῆς
2257 3804 2578 3878 σαρκώσεως
2626 3806 2722 3856 τοῦ
2765 3809 3026 3878 Σωτῆρος
3070 3805 3255 3877 ἡμῶν,
3303 3804 3386 3860 ὅτι
3432 3807 3462 3860 ὁ
3507 3811 3606 3861 τοῦ
3637 3813 3774 3864 Θεοῦ

2121 3892 2269 3960 Υἱὸς,
2331 3890 2421 3946 καὶ
2483 3891 2768 3965 ἄνθρωπος
2817 3891 3056 3966 γέγονεν,
3107 3888 3394 3949 ἀναλαϐὼν
3443 3896 3618 3950 πάντα
3648 3895 3774 3950 ἄνευ

2122 3981 2408 4057 ἁμαρτίας,
2442 3982 2558 4043 οἷος
2583 3981 2612 4036 ὁ
2643 3980 2875 4043 παλαιὸς
2921 3983 3082 4051 ἡμῶν
3130 3979 3414 4058 ἄνθρωπος
3456 3991 3770 4055 συνέστηκε,

2121 4072 2256 4126 κατᾶ
2301 4070 2364 4125 τὸ
2434 4073 2533 4134 τῆς
2602 4067 2901 4135 ἐπιπολῆς
2985 4070 3115 4150 ὕφος
3173 4071 3562 4146 ἐπιστωσάμην
3597 4116 3613 4132 .
3675 4074 3776 4129 Καὶ

2121 4155 2308 4228 ἐπειδή
2366 4155 2561 4228 ἔξωθεν
2622 4155 2840 4231 λέγεται
2894 4157 2958 4212 τὸ
3013 4165 3112 4228 τῆς
3172 4158 3444 4237 Σαρδικῆς
3491 4163 3773 4216 πιττάκιον

2119 4248 2296 4306 ἕνεκεν
2343 4254 2438 4305 τοῦ
2493 4250 2570 4322 μή
2621 4250 2765 4327 παρὰ
2803 4250 2904 4318 τὴν
2935 4247 2989 4304 ἐν
3036 4251 3232 4323 Νικαίᾳ
3261 4253 3440 4308 πίστιν
3475 4250 3654 4308 δοκεῖν
3687 4251 3778 4308 ἐκ·

2119 4339 2378 4409 τίθεσθαι,
2426 4337 2514 4393 καὶ
2567 4337 2676 4412 ἐγὼ
2717 4339 3194 4414 συγκατατίθεμαι,
3238 4338 3331 4396 ’ίνα
3383 4343 3460 4415 μὴ
3508 4344 3544 4412 ἡ
3579 4345 3693 4416 (62)
3725 4341 3778 4396 ἐν

2122 4428 2321 4499 Νικαίᾳ
2374 4427 2554 4489 πίστις
2620 4424 2708 4482 διὰ
2753 4427 2949 4482 τούτου
3011 4425 3348 4484 ἐκκλείεσθαι
3405 4427 3580 4504 δόξῃ,
3639 4432 3784 4500 μήτε

2123 4517 2256 4572 εἶναι
2309 4519 2730 4592 προκομιστέον.
2790 4515 3090 4593 Ἐῥρὧσθαι
3145 4519 3288 4592 ὑμᾶς
3339 4518 3391 4573 ἐν
3450 4519 3632 4594 Κυρίῳ
3692 4515 3781 4574 εὔ-

2123 4626 2324 4684 χομαι.

2198 4856 2361 4912 Multi
2393 4873 2460 4913 ex
2490 4855 2584 4931 his
2615 4856 2908 4931 episcopis
2938 4854 3179 4930 relegati
3213 4875 3319 4931 pro
3349 4857 3637 4916 catholica
3667 4858 3784 4916 ﬁde

2129 4935 2513 5004 recensentur
2549 4928 2612 4984 in
2641 4928 2781 5004 Hist.
2811 4928 3148 5004 Arianordm
3175 4928 3246 4986 ad
3265 4931 3561 5004 mmzachos
3577 4948 3780 5004 supra,

2129 5018 2296 5058 num.
2328 5003 2417 5067 72,
2448 5003 2506 5056 in
2538 5001 2800 5072 Apologia
2825 5001 2892 5054 de
2921 5003 3078 5070 fuga,
3111 5019 3276 5063 num.
3319 5005 3377 5069 7,
3425 5012 3482 5058 el
3529 5003 3591 5059 in
3643 5001 3784 5073 Apo-

2131 5075 2276 5146 logia
2306 5073 2376 5129 ad
2400 5075 3048 5149 Lionslantigumtnum.
3081 5074 3173 5130 27.
3217 5079 3300 5149 De
3337 5075 3786 5149 episcopatibus

2131 5142 2326 5220 autem
2359 5145 2490 5220 vide
2521 5161 2672 5217 supa
2697 5142 2998 5220 Tabellam
3029 5142 3508 5220 geographia-am.

2201 5219 2314 5290 (58)
2343 5219 2435 5272 Sic
2461 5213 2702 5290 Seguer.
2733 5220 2790 5271 et
2817 5213 3172 5273 Goblerian.‘
3187 5213 3318 5276 Alii‘
3353 5224 3412 5276 et
3467 5217 3630 5287 editi,
3692 5213 3787 5290 ἔγ-

2171 5308 2320 5342 υστα.

2131 5309 2320 5436 γυὲξῇ
2353 5358 2542 5414 Dditio
2571 5358 2797 5415 Comm.
2831 5352 3128 5433 Ἀνδρείας.
3185 5362 3314 5419 Mox
3362 5363 3603 5436 Seguer.
3663 5359 3787 5432 ’Δρ-

2135 5434 2415 5486 aevo/3:00.

2187 5474 2536 5582 fatigare.
2567 5501 2804 5582 cgmm.
2844 5496 3236 5582 ’ᾼνδρωμηνᾶς
3291 5509 3568 5582 Αντιφρω.
3635 5503 3788 5560 Edit.

2135 5573 2456 5632 Paris'Sesz.
2491 5573 2662 5630 Basil.
2696 5579 2763 5629 ut
2789 5573 2849 5628 in
2877 5573 3060 5630 textu.

2209 5649 2320 5721 (61)
2350 5643 2542 5721 Editio
2570 5645 2977 5721 Co_mm_._sola,
3009 5643 3072 5721 οὐ
3107 5646 3201 5721 μὲν
3225 5645 3390 5704 ἀλλά;

2209 5649 2294 5721 (61
2354 5649 2542 5703 Editio
2570 5649 2796 5702 Comm.
2829 5649 2977 5718 sola,
3009 5649 3072 5700 οὐ
3107 5649 3201 5721 μὲν
3225 5649 3390 5704 ἀλλά;

2209 5649 2320 5795 (62)
2347 5719 2411 5776 Ἥ
2441 5719 2606 5777 deest
2634 5718 2695 5775 in
2725 5717 2867 5776 edit.
2902 5718 3079 5777 Paris.
3114 5725 3172 5778 et
3201 5721 3260 5778 in
3291 5720 3470 5780 Basil.
3501 5718 3666 5778 solis.
