4082 6386
386 425 499 486 8“
937 425 1000 486 S.
1050 423 1474 487 ATHANASII
1519 423 1692 484 OPP.
1741 420 1942 484 PARS
1985 421 2034 482 Ι.
2065 453 2143 465 -
2171 417 2588 482 HISTORICA
2630 419 2732 481 ET
2773 421 3253 486 DOGMATICA.
3679 427 3801 490 812

1821 820 2374 914 MONITUM

1103 1026 1170 1086 1n
1199 1023 1528 1104 sequentia
1555 1023 1862 1104 opuscula
1889 1022 2140 1086 Ioviani
2167 1021 2568 1104 imperatoris
2597 1027 2883 1106 tempore
2909 1024 3081 1088 edita

469 1406 618 1464 021
653 1405 698 1460 Ι.
716 1406 1029 1476 'Postquam
1056 1401 1322 1458 Iulianus
1349 1401 1610 1473 Apostata
1639 1399 1953 1456 miserrima
1981 1414 2111 1456 nece
2137 1399 2388 1457 sublatus
2413 1403 2490 1456 est
2517 1416 2726 1470 magna
2756 1401 3198 1462 Christianorum
3225 1405 3390 1464 rebus
3419 1407 3520 1465 tua:
3564 1409 3798 1483 effulsit,

384 1513 511 1554 cum
557 1496 820 1553 Iovianus
867 1494 930 1548 in
977 1492 1094 1564 ejus
1133 1492 1245 1562 fuit
1273 1492 1450 1547 locum
1477 1491 1877 1559 inauguratus.
1911 1490 1962 1544 Is
1989 1493 2050 1544 ut
2076 1498 2215 1558 erat,
2245 1493 2380 1546 teste
2409 1488 2678 1563 Gregorio
2707 1492 3084 1562 Nasianzeno,
3113 1495 3263 1552 mira
3285 1497 3491 1569 pietate
3516 1500 3804 1574 animique

385 1587 608 1644 lenitate
623 1583 918 1658 praeditus,
950 1582 1205 1638 exsulum
1232 1582 1609 1652 episcoporum
1637 1579 1981 1636 revocatione
2020 1579 2314 1651 imperium
2343 1583 2424 1635 est
2454 1581 2789 1651 auspicatus.
2823 1587 2972 1639 Ante
2998 1598 3192 1641 omnes
3219 1589 3411 1643 autem
3435 1587 3804 1647 Athanasium

383 1675 630 1732 exsulem
652 1672 1038 1744 restituit,,qui
1067 1669 1320 1726 omnibus
1349 1669 1552 1725 virtute
1577 1668 1904 1741 praestabat,
1934 1676 1986 1724 et
2013 1683 2117 1740 pro
2147 1670 2350 1740 pietate
2379 1670 2500 1724 sine
2525 1668 2659 1725 ulla
2686 1669 3033 1730 dubitatione
3060 1679 3408 1746 oppugnatus
3433 1677 3638 1748 fuerat.
3674 1675 3802 1734 Λῦιι

387 1766 503 1837 μὲν,
531 1766 614 1822 sic
661 1763 970 1836 Gregorius,
999 1763 1114 1821 τοῖς
1171 1756 1489 1819 ἐπισκόποις
1546 1757 1646 1827 τήν
1689 1755 1922 1830 ἐξοριαν,
1952 1761 2068 1818 τοῖς
2107 1777 2166 1811 τε
2212 1753 2408 1818 ἄλλοις
2440 1758 2643 1842 βπασι,
2674 1758 2764 1814 καὶ
2812 1759 2918 1836 πρὸ
2947 1758 3162 1817 πάντων
3186 1767 3266 1842 τῷ
3291 1763 3400 1840 πρὸ
3429 1763 3645 1821 πάντων
3699 1766 3802 1836 τὴν

385 1852 602 1930 ἀρετὴν,
629 1853 716 1907 καὶ
745 1847 1043 1924 προδήλως
1077 1849 1210 1924 ὑπὲρ
1239 1853 1340 1918 τῆς
1372 1840 1621 1908 εὐσεϐίας
1650 1843 1997 1918 πολεμηθὲντ

2186 1863 2213 1903 e
2265 1839 2551 1920 epistolam
2589 1850 2773 1921 primo
2817 1852 2972 1908 misit
3016 1839 3435 1925 imperator’ab
3475 1856 3798 1929 Epiphanio

380 1947 768 2008 memoratam,
801 1945 954 2027 ἔζων.
986 1955 1183 2008 vam,
1208 1955 1268 2010 p.
1299 1937 1427 2004 726,
1459 1953 1629 2010 quam
1658 1952 1754 1992 suo
1785 1937 1898 1992 loco
1935 1937 2279 2007 restiuentes,
2309 1938 2553 2008 priorem
2581 1937 2672 1994 hic
2693 1941 3002 2011 posuimus,
3043 1941 3143 1998 ubi
3187 1943 3550 2001 Athanasium
3595 1947 3804 2018 patriae

380 2033 830 2090 Ecclesiasticum
855 2031 1161 2092 remittens,
1193 2029 1312 2101 ejus
1341 2029 1597 2083 virtutem
1629 2027 1916 2098 animique
1943 2027 2259 2096 ﬁrmitatem
2290 2029 2488 2100 quanti
2514 2029 2688 2094 faciat
2717 2029 3060 2099 testiﬁcatur.
3094 2037 3278 2090 Porro
3305 2035 3532 2091 Joviano
3587 2035 3800 2094 litteras

382 2119 836 2198 εὐχαριστηρίους
877 2120 1221 2190 rescripsisse
1249 2117 1642 2184 Athanasium,
1674 2117 1800 2172 licet
1827 2115 1898 2171 ad
1933 2131 2033 2172 nos
2058 2117 2300 2172 minime
2324 2118 2698 2188 pervenerint,
2745 2117 2891 2174 haud
2935 2120 3300 2178 dubitandum
3341 2123 3578 2182 videtur.
3627 2125 3807 2198 Neque

381 2221 566 2270 tamen
589 2212 808 2284 putavit
841 2209 1178 2265 Athanasius
1205 2206 1628 2280 exspectandam
1659 2205 1773 2262 sibi
1803 2221 1916 2262 esse
1945 2205 2211 2262 redeundi
2234 2207 2594 2276 facultatem;
2623 2208 3018 2265 Aleaandriam
3048 2212 3199 2266 enim
3241 2213 3570 2282 remigrasse
3617 2215 3805 2284 fertur

377 2318 507 2359 cum
531 2303 781 2374 primum
807 2314 992 2356 necem
1013 2297 1233 2354 Iuliani
1251 2296 1492 2364 audivit,
1523 2299 1584 2352 ut
1609 2296 1860 2368 pluribus
1891 2296 1952 2350 in
1982 2295 2116 2350 Vita
2144 2295 2452 2352 Athanasii
2480 2313 2800 2353 narramus.

451 2392 522 2448 II.
554 2391 774 2448 Prater
803 2388 944 2444 hanc
970 2387 1278 2459 epistolam,
1311 2386 1486 2440 aliam
1513 2385 1812 2442 Athanasio
1841 2386 1992 2440 misit
2018 2386 2299 2450 Iovianus,
2330 2401 2440 2456 qua
2469 2386 2721 2455 rogabat,
2770 2390 2830 2442 ut
2870 2387 3002 2458 ﬁdei
3047 2391 3335 2446 veritatem
3383 2391 3442 2446 in
3489 2401 3801 2464 sexcentos,

377 2489 442 2539 ut
471 2482 554 2537 ait
580 2479 788 2536 ibidem
841 2477 1156 2548 Gregorius,
1210 2475 1494 2547 Opiniones
1517 2479 1812 2546 partesque
1865 2474 2212 2540 distractam,
2241 2473 2311 2530 ad
2339 2489 2396 2529 se
2421 2477 2838 2532 transmitteret.
2873 2479 3020 2549 Qua‘
3046 2479 3264 2550 quidem
3301 2479 3529 2552 epistola
3579 2482 3802 2550 injuria

390 2580 694 2644 temporum
720 2567 974 2639 disperiit
1001 2583 1020 2622 :
1047 2569 1400 2638 superestque
1422 2564 1597 2620 solum
1625 2580 1693 2619 ea
1719 2580 1888 2636 quam
1915 2565 2248 2636 imperaturi
2273 2565 2556 2636 rescripsit
2581 2563 2940 2635 Athanasius,
2963 2569 3176 2624 eximia
3219 2583 3351 2625 sane
3396 2572 3448 2624 et
3493 2573 3649 2627 tanto
3697 2572 3798 2628 do-

373 2665 520 2718 ctore
566 2659 893 2729 dignissima
946 2673 960 2712 :
1013 2656 1112 2711 ubi
1144 2653 1366 2710 laudato
1392 2654 1667 2726 principis
1690 2669 1821 2724 erga
1850 2669 1935 2709 res
1963 2653 2195 2709 caelestes
2222 2669 2428 2722 amore,
2459 2656 2621 2724 atque
2648 2653 2894 2711 discendi
2909 2656 3109 2727 studio,
3139 2657 3423 2715 Nicaenam
3449 2659 3792 2718 commendat

374 2749 560 2822 ﬁdem,
592 2750 655 2805 in
679 2748 1016 2818 Arianosque
1045 2746 1254 2800 acriter
1280 2744 1576 2812 invehitur,
1607 2742 1746 2816 quod
1775 2743 1932 2800 illius
1961 2742 2160 2814 synodi
2187 2743 2420 2799 decretis
2449 2750 2592 2799 stare
2619 2746 2906 2802 renuerint
2933 2763 2953 2800 :
2983 2745 3128 2803 unde
3155 2755 3370 2806 exorta
3392 2756 3566 2808 tanta!
3588 2749 3788 2822 turbet,

371 2844 530 2896 tanta
554 2855 652 2912 per
679 2837 978 2894 Ecclesiam
1005 2833 1262 2892 dissidia.
1295 2834 1593 2889 Enumerat
1639 2833 1766 2889 inde
1808 2833 2125 2904 provincias
2170 2841 2222 2889 et
2265 2833 2539 2902 regiones,
2586 2848 2822 2904 quarum
2865 2835 3124 2893 Ecclesiae
3165 2835 3410 2895 Nicena
3454 2837 3792 2896 inhaererent

373 2929 521 3000 ﬁdei,
549 2929 749 3000 paucis
775 2927 1013 2998 exceptis
1040 2924 1286 2994 Arionis,
1313 2924 1409 2996 qui
1437 2923 1698 2979 hactenus
1724 2921 1987 2994 adversus
2016 2938 2140 2978 eam
2167 2929 2563 2978 concertarent.
2596 2923 2737 2978 Hinc
2763 2924 2937 2994 refert
2973 2925 3266 2984 Nicznum
3311 2925 3652 2998 Symbolum,
3699 2930 3792 2985 cui

372 3019 645 3076 nonnulla
682 3015 1104 3090 perspicuitatis
1145 3029 1315 3069 causa
1361 3013 1672 3084 subjungit,
1721 3027 1794 3068 ac
1841 3011 2052 3084 liquido
2104 3010 2346 3083 Spiritus
2393 3021 2569 3068 sancti
2616 3011 2967 3070 divinitatem
2994 3013 3260 3072 declarat.
3287 3016 3572 3090 Acceptam
3607 3021 3790 3076 autem

370 3109 597 3166 Ioviano
617 3108 791 3179 fuisse
816 3106 958 3161 hanc
980 3103 1276 3160 Athanasii
1302 3102 1594 3174 epistolam
1624 3104 1859 3156 testatur
1887 3100 2002 3173 ipse
2045 3101 2349 3173 imperator
2399 3101 2654 3171 inferius,
2704 3103 2767 3156 in
2814 3104 2978 3158 tertia
3023 3103 3230 3162 scilicet
3271 3105 3608 3164 Arianorum
3649 3107 3789 3178 peti-

375 3198 542 3265 tione,
573 3195 670 3252 ubi
695 3197 777 3251 ait
803 3211 864 3251 se
889 3192 1195 3264 diligenter
1221 3191 1558 3248 sciscitatum
1586 3191 1932 3262 comperisse,
1964 3188 2332 3246 Athanasium
2377 3194 2520 3246 recte
2561 3192 2790 3258 sentire,
2837 3197 3002 3262 atque
3049 3191 3416 3251 orthodoxum
3462 3199 3596 3253 esse;
3637 3196 3791 3252 Hane

373 3286 505 3342 item
531 3283 872 3341 commendat
901 3281 1205 3355 Gregorius
1234 3281 1645 3348 Nazianzenus,
1673 3280 1930 3337 Oratione
1956 3280 2047 3347 21,
2079 3281 2269 3352 aitque
2299 3279 2354 3336 S.
2405 3278 2699 3352 doctorem,
2751 3283 2925 3337 trium
2973 3298 3338 3354 personarum
3385 3300 3558 3342 unam
3601 3301 3790 3342 essen-

371 3375 533 3444 tiam,
565 3376 728 3444 atque
756 3371 1007 3444 Spiritus
1029 3371 1208 3425 sancti
1233 3368 1580 3424 divinitatem
1607 3368 1795 3439 palam
1821 3370 1883 3424 in
1911 3383 1976 3424 ea
2004 3365 2261 3440 epistola,
2312 3369 2436 3425 licet
2478 3371 2692 3441 paucis,
2738 3371 3006 3441 confiteri.
3059 3375 3262 3430 Exstat
3306 3373 3422 3431 hac
3459 3375 3578 3447 ipsa
3624 3375 3790 3448 apud

370 3461 774 3531 Theodoretum,
825 3459 920 3515 lib.
977 3475 1054 3524 ιν,
1101 3475 1222 3530 cap.
1273 3459 1331 3524 2,
1378 3457 1749 3514 Athanasium
1795 3459 2066 3530 episcopos
2112 3457 2366 3515 doctrina
2404 3460 2817 3532 prmtantiores
2835 3475 3215 3535 congregasse,
3245 3467 3308 3520 ut
3335 3477 3528 3520 eorum
3553 3463 3785 3521 consilio

370 3567 493 3608 eam
521 3548 905 3616 conscriberet,
935 3549 1288 3618 mitteretque
1313 3545 1384 3602 ad
1410 3547 1721 3603 Iovianum.

441 3640 541 3697 IlI.
572 3639 881 3696 Antiochia
903 3640 1091 3693 autem
1119 3638 1189 3692 ab
1221 3635 1518 3691 Athanasio
1546 3637 1814 3708 sociisque
1837 3637 2201 3708 conscriptam
2228 3636 2398 3706 fuisse
2425 3635 2566 3692 hanc
2591 3637 2878 3709 epistolam
2900 3639 3182 3710 {opinatur
3239 3640 3480 3698 Valesius
3527 3643 3590 3698 in
3633 3644 3780 3700 notis

368 3729 442 3786 ad
485 3745 604 3802 cap.
659 3728 715 3795 3,
762 3727 860 3782 lib.
903 3743 959 3783 ιν
991 3724 1325 3790 Theodoreti,
1355 3723 1450 3780 sed
1481 3725 1758 3782 levissimo
1787 3741 1920 3781 sane
1948 3724 2143 3782 ductus
2169 3729 2516 3798 argumento.
2549 3727 2760 3782 Nititur
2786 3728 2982 3799 quippe
3009 3729 3122 3786 solo
3151 3729 3317 3801 hujus
3345 3732 3584 3803 epistolae
3613 3733 3780 3788 titulo

369 3821 472 3892 qui
498 3821 578 3874 sic
597 3820 747 3890 jacet
774 3815 924 3888 apud
958 3814 1337 3871 Theodoretum
1364 3832 1384 3869 :
1413 3817 1500 3884 Τῷ
1533 3806 1911 3885 εὐλαϐεστάτῳ
1939 3833 1981 3866 κε

2165 3812 2560 3888 ανθρωποτάτῳ
2598 3817 2795 3888 νικητῇ
2836 3813 3138 3890 Αὐγούστῳ
3169 3812 3436 3891 Ἰωϐιανῷ
3462 3817 3777 3883 Ἀθανάσιος

369 3907 460 3962 καὶ
517 3907 570 3961 οἱ
631 3904 817 3960 λοιποὶ
868 3901 1158 3958 ἐπίσκοποι
1218 3902 1270 3956 οἱ
1321 3899 1568 3963 ἐλθόντες
1620 3900 1679 3956 ἐκ
1706 3902 2004 3976 προσώπου
2034 3900 2248 3956 πάντων
2280 3906 2388 3957 τῶν
2422 3902 2528 3957 ἀπὸ
2555 3909 2655 3972 τῆς
2689 3902 2960 3980 Αἰγύπτου
2991 3904 3081 3960 καὶ
3111 3901 3378 3973 Θηϐαΐδος
3407 3907 3496 3963 καὶ
3555 3903 3774 3964 Λιόυῶν

371 3991 704 4054 ἐπισκόπων.
737 4001 1009 4069 Putatque
1039 3995 1128 4050 his
1154 3995 1333 4050 verbis
1361 3993 1601 4049 indicari
1629 3991 1999 4049 Athanasium
2029 4001 2082 4049 et
2106 3994 2246 4049 alios
2275 3992 2543 4065 quosdam
2571 3996 2862 4067 episcopos,
2883 4012 2956 4052 ea:
2983 4012 3225 4066 persona
3254 4000 3502 4054 omnium
3533 4001 3778 4072 Atquti,

363 4087 650 4144 Thebaidis
683 4093 734 4142 et
763 4086 956 4157 Libyae
983 4083 1304 4155 praesulum,
1335 4083 1682 4140 Antiochiam
1710 4084 1940 4150 venisse,
1971 4087 2034 4138 ut
2060 4084 2294 4139 Joviano
2322 4097 2509 4138 coram
2535 4099 2592 4139 se
2638 4085 2912 4153 sisterent,
2959 4089 3123 4158 atque
3171 4087 3255 4143 ibi
3300 4089 3591 4161 epistolam
3634 4092 3779 4146 scri-

350 4179 560 4249 psisse;
589 4175 683 4232 sed
709 4181 944 4248 apparet
971 4189 1041 4229 ea:
1064 4172 1398 4246 praecedenti
1429 4171 1740 4229 Theodoreti
1767 4173 1966 4244 capite,
1995 4173 2091 4228 ubi
2120 4173 2203 4228 ait
2232 4172 2595 4229 Athanasium
2623 4189 2978 4246 congregasse
3004 4178 3279 4248 episcopos
3321 4177 3576 4235 doctrina
3625 4195 3778 4250 prae-

346 4269 664 4332 stantiores,
717 4267 899 4338 ipsum
945 4263 1318 4319 Athanasium
1354 4279 1466 4318 non
1523 4262 1635 4318 loco
1661 4263 1912 4330 movisse,
1943 4263 2039 4318 sed
2065 4261 2416 4318 Alexandria
2445 4263 2545 4318 ubi
2572 4271 2706 4318 tunc
2731 4267 2856 4320 erat
2881 4265 3113 4321 stetisse.
3145 4265 3286 4322 Nam
3314 4266 3478 4332 illud,
3509 4263 3563 4320 οι
3590 4265 3780 4330 ἐλθόν-

346 4375 454 4428 τες,
483 4371 594 4412 non
624 4353 694 4410 ad
722 4354 1088 4411 Athanasium
1115 4356 1373 4422 refertur,
1403 4353 1492 4408 sed
1522 4352 1592 4407 ad
1617 4351 1761 4408 illud
1793 4351 1846 4406 οἱ
1881 4349 1958 4406 λοι

2165 4347 2473 4420 ἐπίσκοποι,
2507 4354 2605 4424 qui
2630 4352 2839 4408 scilicet
2883 4353 3289 4412 Alexandriam
3335 4356 3498 4413 acciti
3541 4373 3598 4414 se
3642 4373 3777 4416 con-

351 4446 615 4503 tulerunt.
647 4442 876 4516 Ecquid,
904 4457 1110 4515 quaeso,
1140 4459 1276 4514 opus
1305 4447 1368 4497 ut
1395 4444 1640 4514 episcopi
1667 4441 1926 4498 audirent
1954 4441 2360 4512 imperatorem,
2393 4442 2447 4498 si
2477 4441 2674 4498 litteris
2701 4458 2825 4497 cum
2854 4458 2915 4499 eo
2939 4445 3123 4500 acturi
3151 4453 3309 4501 erant
3329 4447 3355 4499 .9
3380 4446 3488 4503 Hoc
3513 4455 3663 4504 certe
3713 4449 3778 4504 in

353 4536 467 4591 loco
491 4534 725 4590 Baronii
752 4533 1062 4598 sententiae,
1093 4533 1190 4604 qui
1212 4531 1398 4588 datam
1423 4539 1583 4604 putat
1612 4529 1904 4604 epistolam
1933 4529 2306 4602 Alexandriae,
2337 4547 2502 4602 quam
2531 4530 2754 4599 Valesii,
2785 4532 2884 4604 qui
2909 4533 3173 4605 scriptam
3215 4533 3530 4592 arbitratur
3575 4536 3776 4594 Antio-

352 4624 518 4692 chiae,
549 4628 700 4680 stare
727 4627 1025 4678 malumus.

422 4711 516 4770 IV.
548 4711 808 4784 Epistolas
836 4711 1124 4767 Athanasii
1150 4709 1222 4765 ad
1248 4710 1544 4766 Iovianum
1570 4709 1894 4781 subjicimus
1923 4711 2161 4780 quatuor
2185 4708 2462 4780 supplices
2490 4709 2653 4764 Lucii
2681 4709 3127 4782 Arianorumque
3148 4711 3442 4783 petitiones
3467 4713 3775 4771 Antiochiae

352 4801 423 4860 ad
471 4803 760 4859 Iovianum
816 4803 993 4871 factas
1022 4817 1042 4855 :
1075 4814 1200 4872 quae
1225 4815 1524 4872 perperam
1555 4800 1614 4854 in
1665 4799 1835 4854 editis
1865 4797 2117 4854 omnibus
2145 4796 2446 4868 Colloquia
2499 4799 2902 4854 inscribuntur.
2949 4800 3060 4856 V0.2:
3085 4801 3238 4857 enim
3259 4797 3502 4876 ἐντυχία,
3525 4819 3638 4860 non
3667 4805 3778 4861 col-

355 4893 604 4963 loquium
632 4891 724 4947 hic
750 4889 1051 4960 signiﬁcat,
1073 4887 1168 4945 sed
1196 4889 1496 4961 supplicem
1525 4887 1860 4959 petitionem,
1891 4903 1989 4944 seu
2017 4903 2141 4942 voce
2169 4902 2269 4943 seu
2296 4889 2516 4959 scripto,
2545 4889 2800 4960 principi
2826 4889 2914 4945 vel
2960 4891 3338 4959 magistratui,
3369 4891 3632 4949 adversus
3659 4893 3774 4951 ali--

353 4997 512 5052 quem
557 4979 797 5036 oblatam
843 4995 864 5035 :
911 4995 1028 5052 qua
1071 4979 1346 5034 sententia
1395 4994 1498 5033 usu
1543 4978 1694 5032 venit
1743 4978 1874 5032 item
1920 4993 1965 5032 vt

2161 4975 2463 5050 τυγχάνειν.
2497 4975 2585 5032 Sic
2613 4980 2642 5031 Ι
2669 4975 2910 5034 Μαεὴαό.
2943 4993 3000 5048 x,
3029 4979 3121 5044 63,
3142 4979 3214 5036 de
3237 4980 3480 5038 Ionatha
3516 4981 3727 5052 dicitur
3753 4999 3773 5038 :

352 5067 452 5122 Καὶ
483 5066 724 5131 ἐκάθισεν
755 5065 914 5121 αὐτὸν
939 5066 969 5120 ὁ
1005 5063 1260 5141 βασιλεὺς
1291 5066 1404 5138 μετ’
1432 5063 1619 5133 αὐτοῦ,
1649 5063 1741 5118 καὶ
1771 5065 1887 5118 εἷπε
1912 5069 2029 5125 τοῖς
2062 5063 2326 5138 ἄρχουσιν
2386 5061 2570 5118 αὐτοῦ·
2604 5063 2875 5134 Ἐξὲλθετε
2932 5071 3044 5138 μετ’
3073 5065 3239 5121 αὐτοῦ
3297 5067 3373 5130 εἷς
3428 5067 3589 5142 μέσον
3645 5077 3774 5142 τῆς,

349 5154 591 5226 πόλεως,
642 5155 732 5210 καὶ
787 5155 1054 5227 κηρύξατε
1107 5158 1204 5210 τοῦ
1265 5151 1471 5227 μηδένα
1524 5153 1863 5229 ἐντυγχάνειν
1917 5174 1961 5206 χι

2168 5156 2252 5225 οὗ,
2273 5153 2397 5229 περὶ
2433 5149 2668 5225 μηδενὸς
2697 5152 3037 5229 πράγματος.
3075 5157 3176 5214 Ubi
3201 5159 3281 5213 sic
3308 5157 3468 5215 habet
3500 5159 3730 5229 Vulgata
3755 5179 3776 5216 :

349 5251 420 5303 Et
445 5245 748 5302 collocavit
770 5261 903 5301 eum
935 5261 1035 5302 rex
1065 5245 1268 5301 sedere
1298 5243 1796 5315 secum.l)ixitquc
1826 5242 2193 5316 principibus
2225 5243 2352 5298 suis
2386 5259 2399 5298 :
2435 5243 2598 5298 Exite
2619 5260 2754 5299 cum
2785 5258 2852 5300 eo
2881 5243 2942 5300 in
2973 5245 3235 5324 medium
3265 5246 3606 5315 civitatis,et
3633 5265 3780 5326 prte_

348 5335 562 5408 dicato,
593 5337 660 5390 ut
688 5349 859 5390 nemo
889 5333 1170 5390 adversus
1202 5349 1335 5389 eum
1363 5331 1698 5405 interpellet
1729 5333 1800 5388 de
1830 5331 1949 5388 ullo

2165 5331 2233 5388 io.
2263 5331 2395 5400 Vox,
2429 5328 2792 5406 ἐντυγχάνειν.
2823 5321 3315 5392 εαάεηιέεηωηιία
3340 5337 3427 5392 ibi
3451 5351 3601 5409 saepe
3622 5321 3777 5408 repe:

348 5425 508 5482 titur.
543 5423 796 5480 Similem
821 5439 984 5480 usum
1011 5424 1174 5494 vocis,
1202 5421 1448 5496 ὲντυχία,
1480 5423 1781 5479 observavit
1809 5422 1901 5478 vir
1926 5421 2082 5477 erud.
2117 5421 2357 5476 Valesius
2386 5437 2445 5475 in
2473 5424 2616 5477 notis
2635 5421 2706 5476 ad
2737 5423 3058 5480 Theodoreti
3084 5423 3406 5482 Historiam
3435 5424 3578 5480 eccl.
3621 5441 3683 5496 p.
3712 5427 3773 5482 5.

345 5515 440 5570 Ηω
466 5517 596 5570 sunt
624 5513 796 5586 igitur
822 5513 1094 5584 supplices
1119 5515 1414 5583 petitiones
1465 5511 1622 5566 Lucii
1649 5519 1702 5567 et
1730 5513 2064 5566 Arianorum
2095 5510 2354 5566 adversus
2383 5510 2748 5566 Athanasium
2773 5512 2872 5583 qui
2918 5520 3033 5568 tum
3078 5514 3390 5572 Antiochia:
3435 5513 3660 5584 aderat,
3709 5515 3778 5571 in

345 5604 603 5676 cujusque
631 5603 814 5660 locum
841 5601 1151 5674 episcopum
1175 5601 1358 5658 alium
1382 5602 1707 5674 postulant;
1739 5601 1971 5656 Lucium
1997 5599 2211 5656 scilicet
2238 5599 2504 5654 ordinari
2524 5601 2908 5673 peroptabant,
2940 5619 3104 5674 quem
3134 5602 3396 5674 Georgius
3437 5601 3775 5677 pseudoepi-

343 5706 536 5763 scapus
563 5690 977 5747 Alexandrinus
999 5693 1381 5764 presbyterum
1411 5693 1792 5747 constituerat.
1825 5689 2028 5744 Palam
2057 5689 2208 5744 enim
2234 5685 2384 5743 illud
2411 5690 2492 5744 est
2511 5703 2584 5746 ea:
2611 5690 2684 5745 iis
2727 5705 2854 5762 quae
2899 5691 3002 5748 sub
3049 5693 3216 5764 ﬁnem
3261 5693 3443 5751 tertiae
3482 5695 3776 5766 petitionis

341 5779 619 5836 dicuntur.
652 5781 744 5835 Ex
769 5781 998 5840 Ioviani
1022 5787 1209 5836 autem
1238 5782 1509 5850 responsis
1539 5780 1711 5851 liquet
1739 5786 2009 5849 quantum
2040 5778 2138 5835 ille
2161 5778 2394 5849 pietate,
2421 5783 2694 5849 quantum
2724 5780 2947 5852 ingenis
2975 5783 3292 5840 acrimonia
3318 5782 3526 5840 valeret
3553 5800 3574 5838 :
3605 5785 3779 5840 Aria-
