4082 6336
213 426 336 488 817
1451 428 1832 488 EPISTOLA

1975 435 1986 485 Ι
2030 429 2458 491 JOVIANUM.
3527 429 3646 489 818

212 559 318 628 κὴν
373 559 570 627 πᾶσαν,
627 556 718 611 καὶ
777 553 1096 630 Σαρδανίαν,
1154 556 1246 612 καὶ
1303 557 1542 634 Κύπρον,
1594 558 1684 614 καὶ
1735 560 1860 635 Κρής

1988 561 2106 632 riae,
2155 563 2406 635 IEgypti,
2459 562 2667 636 Libyae,
2721 563 2909 630 Ponti,
2965 561 3359 636 Cappadociae,
3416 561 3640 618 vicinas

205 668 334 719 την,
390 643 720 724 Παμφυλίαν
761 665 840 716 τε,
884 645 974 701 καὶ
1025 645 1242 715 Δύκίαν,
1295 646 1386 702 καὶ
1435 647 1698 724 Ἰσαυρίαν

1979 667 2213 723 quoque
2247 652 2415 708 nobis
2464 667 2569 708 nec
2620 670 2733 708 non
2781 652 3033 709 Orientis
3079 651 3391 720 Ecclesias,
3433 651 3637 724 paucis

208 737 301 792 καὶ
351 734 408 790 αἶ
464 736 584 790 κατ’
638 731 917 811 Αἴγυπτον
972 735 1059 791 καῖ
1113 735 1209 800 τὰς
1261 733 1465 799 Λιϐύας
1520 737 1610 792 καὶ
1666 737 1860 793 Πόντον

1979 742 2234 813 exceptis
2282 741 2380 812 qui
2423 741 2543 796 Arii
2613 741 2860 798 haeresin
2911 757 3232 812 sequunur.
3284 741 3417 805 Quae
3473 741 3629 798 enim

207 826 299 881 καὶ
350 821 764 898 Καππαδοκίαν,
818 823 910 880 καί
949 825 1007 882 αἲ
1061 824 1296 896 πλησίον
1351 829 1514 899 ἡμῶν
1571 828 1706 901 (91),
1776 827 1860 882 καὶ

1979 829 2057 885 sit
2086 830 2348 885 omnium
2379 829 2616 886 illarum
2648 830 3035 886 Ecclesiarum
3066 831 3440 899 sententia,et
3468 846 3634 903 expc-

209 916 267 969 al
300 915 439 969 κατὰ
482 910 752 978 ἀνατολὰς
797 912 1141 985 Ἐκκλησίαι,
1193 915 1358 991 παρὲξ
1409 914 1608 990 ὅλίγων
1665 920 1772 970 τῶν
1802 915 1860 971 τὰ

1979 919 2188 974 rientia
2217 919 2510 984 novimus,
2541 925 2600 976 et
2637 936 2836 976 earum
2885 921 3172 976 habemus
3215 919 3462 976 litteras.
3515 920 3630 978 Nec

203 1002 423 1079 Ἀρείου
473 1002 838 1079 φρονούντων.
913 1003 1190 1058 ’Δπάντων
1264 1003 1364 1080 γὰρ
1437 1009 1544 1058 τῶν
1603 1025 1860 1080 προειρη-

1976 1023 2110 1063 vero
2139 1012 2195 1062 te
2227 1009 2396 1081 fugit,
2430 1009 2694 1081 piissime
2723 1011 3000 1079 Auguste,
3036 1009 3272 1065 tametsi
3304 1009 3475 1081 pauci
3507 1010 3631 1081 qui-

211 1093 389 1166 μίνων
423 1092 512 1147 καὶ
567 1091 729 1167 πείρᾳ
778 1091 1092 1167 ἐγνώκαμεν
1135 1093 1235 1161 τὴν
1275 1093 1524 1167 γνώμηνο
1556 1093 1646 1147 καὶ
1684 1093 1865 1167 γράμ-

211 1201 359 1254 ματα
415 1177 642 1256 ἔχομεν.
700 1180 806 1237 Καὶ
879 1178 1046 1250 οἶδας,
1109 1182 1153 1236 ὦ
1213 1180 1594 1260 θεοφιλέστατε
1650 1180 1865 1257 Αὔγου-

204 1289 296 1325 στι
319 1270 459 1344 (92),
494 1267 599 1338 ὅτι,
650 1269 745 1324 κᾶν
791 1268 975 1346 ἀλίγοι
1021 1270 1164 1332 τινες
1221 1269 1547 1346 ἀντιλέγωσι
1595 1270 1764 1346 ταύτῃ
1794 1275 1862 1345 τῇ

203 1359 408 1427 πίστει,
437 1359 502 1414 οὐ
552 1355 804 1414 δύνανται
859 1357 1144 1436 πρόκριμα
1192 1365 1393 1428 ποιεῖν,
1437 1361 1617 1431 πάσης
1645 1364 1747 1426 ’τῆς
1779 1361 1865 1415 ot-

201 1447 480 1520 κουμὲνης
524 1447 627 1516 τὴν
669 1443 1041 1517 ἀποπολικήν
1088 1448 1266 1504 πίστιν
1315 1449 1640 1525 κρατούσης.
1690 1451 1862 1505 Ἐκεῖ-

201 1556 286 1591 νοι
315 1535 440 1613 γὰρ,
472 1532 674 1608 πολλῷ
697 1535 886 1612 χρόνῳ
942 1531 1230 1612 βλαϐέντες
1273 1537 1379 1593 ἀπὸ
1428 1542 1529 1604 τῆς
1575 1540 1861 1614 Ἀρειανῆς

203 1626 490 1701 αἱρέσεως,
555 1621 993 1704 φιλονεικότερον
1048 1626 1382 1683 ἀνθίστανται
1439 1632 1529 1682 νῦν
1589 1632 1657 1702 τῇ
1710 1627 1859 1683 εὐσε-

203 1709 344 1786 ϐείᾳ.
378 1714 476 1772 Καὶ
503 1712 637 1791 ὐπὶρ
667 1719 764 1770 τοῦ
814 1716 1098 1791 γινώσκειν
1138 1718 1236 1786 τὴν
1286 1719 1398 1790 (93)
1431 1717 1528 1786 σὴν
1563 1712 1858 1790 εὐσέϐειαν,

201 1803 378 1861 κοίτοι
449 1804 844 1880 γινώσκουσαν,
927 1803 1080 1878 ὅμως
1163 1805 1567 1880 ἐσπουδάσαμεν
1651 1808 1749 1875 τὴν
1808 1806 1860 1861 ἐν

1977 1098 2110 1153 dam
2152 1097 2288 1152 huic
2337 1097 2471 1153 ﬁdei
2521 1100 2926 1174 adversantur,
2977 1098 3383 1172 praajudicium
3434 1103 3626 1156 tamen

1976 1186 2165 1242 facere
2225 1203 2340 1241 non
2391 1203 2582 1259 posse,
2634 1187 2852 1260 quippe
2901 1204 3036 1242 cum
3099 1187 3260 1243 orbis
3317 1186 3628 1243 universus

1978 1275 2361 1347 apostolicam
2409 1276 2586 1330 fidem
2638 1277 2904 1332 retineat.
2942 1276 3027 1331 Illi
3076 1276 3231 1331 enim
3263 1276 3478 1332 Ariana
3507 1277 3626 1332 hee-

1977 1363 2089 1419 resi
2124 1364 2328 1436 perdiu
2354 1365 2480 1434 jam
2513 1363 2731 1430 infecti,
2782 1382 2928 1421 veras
2982 1365 3183 1437 pietati
3230 1365 3404 1421 hodie
3451 1366 3626 1438 perti-

1977 1453 2184 1509 nacius
2233 1454 2642 1509 adversantur.
2694 1454 2978 1518 Quocirca
3025 1458 3090 1509 ut
3128 1471 3196 1510 ea
3225 1455 3297 1510 de
3326 1471 3387 1510 re
3419 1454 3630 1511 certior

1973 1541 2159 1613 possit
2186 1558 2314 1597 esse
2340 1545 2441 1597 tua
2469 1541 2676 1614 pietas,
2709 1541 2847 1597 licet
2871 1542 2922 1597 ei
2955 1541 3197 1597 minime
3218 1541 3627 1609 lateat,‘ﬁdem

1974 1646 2154 1703 quam
2184 1630 2442 1703 episcopi
2475 1631 2677 1685 Nicaeae
2711 1631 2960 1686 confessi
2995 1635 3152 1698 sunt,
3184 1630 3474 1701 subjicere
3523 1647 3625 1686 no-

1974 1719 2066 1776 bis
2097 1719 2292 1775 studio
2322 1719 2453 1774 fuit.
2503 1720 2703 1790 Itaque
2749 1720 2894 1777 fides
2945 1735 3121 1790 quam
3176 1720 3374 1775 Patres
3422 1719 3626 1776 Nicaeae

1973 1808 2220 1864 confessi
2252 1811 2412 1878 sunt,
2446 1807 2566 1863 haec
2596 1812 2706 1864 est.

201 1893 404 1964 Νικαίᾳ
458 1891 636 1949 πίστιν
683 1892 1118 1971 ὁμολογηθεῖσαν
1173 1895 1274 1951 ὑπὸ
1329 1900 1438 1951 τῶν
1489 1897 1796 1952 ἐπισκόπων
1859 1894 2134 1966 ὑποτάξαι.
2200 1897 2351 1953 Ἐστι
2415 1896 2512 1968 μὶν
2567 1895 2656 1950 οὖν
2715 1899 2750 1966 ἡ
2809 1899 2956 1973 παρά
3004 1901 3112 1951 τῶν
3175 1899 3430 1972 [Ιατέρων
3485 1899 3620 1970 ὁμο-

204 1983 506 2062 λογηθεῖσα
535 1981 717 2048 πίστις
752 1985 805 2040 ἰν
835 1985 1032 2058 Νικαίᾳ
1061 1985 1195 2056 αὕτη
1225 2007 1237 2020 ·

281 2077 335 2131 3.
370 2072 702 2147 Πιστεύομεν
757 2073 834 2137 εἷς
907 2071 998 2130 ἕνα
1068 2076 1217 2146 Θεὸν,
1295 2075 1506 2153 Ηατέρα
1562 2078 1860 2153 παντοκρά-

2039 2078 2091 2132 3.
2123 2077 2427 2133 Credimus
2472 2078 2531 2133 in
2579 2094 2764 2133 unum
2814 2077 3020 2146 Deum,
3075 2079 3298 2136 Patrem
3350 2079 3622 2148 omnipo-

207 2183 368 2240 τορα,
397 2165 615 2220 πάντων
671 2165 879 2240 ὁρατῶν
928 2185 988 2219 τε
1029 2165 1118 2220 καὶ
1178 2165 1420 2242 ἀοράτων
1452 2168 1688 2236 ποιητήν
1725 2188 1737 2200 ·
1769 2166 1860 2221 καὶ

207 2250 287 2314 εἷς
316 2252 408 2307 τὸν
441 2253 554 2327 (94)
602 2248 699 2308 ἕνα
753 2251 948 2329 Κύριον
1004 2254 1213 2324 Ἰησοῦν
1272 2255 1526 2329 Χριστὸν,
1585 2256 1676 2310 τὸν
1736 2256 1858 2310 Υἱὸν

202 2345 304 2397 τοῦ
333 2345 489 2413 Θεοῦ,
515 2342 838 2419 γεννηθίντα
875 2340 936 2397 ἐκ
980 2346 1076 2398 τοῦ
1125 2344 1336 2420 Πατρὸς
1380 2351 1672 2421 μονογενῆ,
1703 2366 1861 2401 τουτ-

205 2428 352 2486 ἒστιν
382 2429 443 2486 ἐκ
469 2436 568 2501 τῆς
599 2431 787 2493 οὐσίας
838 2434 936 2485 τοῦ
984 2431 1215 2507 Πατρὸς,
1268 2432 1397 2488 Θεὸν
1449 2431 1508 2487 ἐκ
1556 2437 1710 2504 Θεοῦ,
1745 2437 1860 2512 φῶς

202 2519 264 2576 ἐκ
313 2519 510 2597 φωτὸς,
562 2518 690 2575 Θεὸν
733 2519 990 2592 ἀληθινὸν
1039 2520 1097 2575 ἐκ
1146 2525 1280 2576 Θεοῦ
1338 2521 1624 2596 ἀληθινοῦ,
1669 2543 1864 2597 γεννη-

211 2609 390 2679 θέντα,
433 2609 495 2665 οὐ
553 2610 868 2681 ποιηθέντα,
925 2609 1218 2683 ὁμοούσιον
1267 2610 1346 2684 τῷ
1385 2613 1579 2688 Πατρὶ,
1611 2609 1681 2666 δι’
1707 2614 1767 2666 οὗ
1796 2612 1862 2668 τὰ

210 2697 388 2754 πάντα
416 2698 647 2774 ἐγένετο,
679 2699 745 2754 τά
770 2720 830 2754 τε
878 2698 928 2754 ἐν
982 2703 1061 2771 τῷ
1118 2700 1334 2776 οὐρανῷ
1377 2701 1467 2755 καὶ
1517 2702 1584 2756 τὰ
1635 2701 1721 2756 ἐπὶ
1759 2709 1859 2771 τῆς

205 2789 310 2863 γῆς
345 2806 359 2820 ·
391 2787 483 2843 τὸν
519 2784 590 2842 δι’
613 2789 760 2861 ἡμᾶς
809 2787 937 2852 τοὺς
982 2787 1302 2865 ἀνθρώπους
1351 2791 1441 2844 καὶ
1483 2787 1571 2845 διὰ
1597 2791 1696 2860 τὴν
1729 2793 1861 2864 ἡμε-

205 2874 366 2952 τεραν
427 2877 700 2953 σωτηρίαν
767 2876 1120 2948 κατελθόντα,
1174 2881 1262 2934 καὶ
1324 2881 1437 2954 (95)
1495 2879 1857 2956 σαρκωθὲντα,

208 2964 723 3040 ὶνανθρωπήσαντα,
781 2967 1041 3037 παθόντα,
1094 2969 1182 3022 καὶ
1224 2967 1520 3024 ἀναστάντα
1573 2973 1640 3044 τῇ
1697 2971 1856 3046 τρίτῃ

207 3055 412 3131 ἡμέρᾳ,
454 3055 544 3110 καὶ
593 3051 890 3121 ἀνελθόντα
937 3057 1014 3120 εἷς
1058 3057 1186 3119 τοὺς
1235 3059 1521 3133 οὐρανοὺς,
1559 3057 1858 3134 ἐρχόμενον

208 3149 390 3220 κρῖναι
423 3148 626 3214 ζῶντας
673 3145 762 3200 καὶ
819 3146 1040 3223 νεκροὺς
1076 3167 1088 3180 ε
1144 3147 1233 3202 καὶ
1284 3149 1362 3210 εἱς
1405 3149 1466 3202 τὸ
1504 3151 1858 3222 Πνεῦμα

207 3234 272 3288 τὸ
303 3234 472 3308 ἅγιον.
517 3233 656 3298 Τοὺς
701 3233 759 3290 δὲ
816 3234 1090 3311 λέγοντας,
1142 3237 1244 3294 Ἧν
1287 3257 1440 3309 ποτε,
1490 3236 1578 3292 ὅτε
1626 3238 1726 3292 οὐκ
1765 3238 1856 3311 ἦν,

207 3321 324 3391 καὶ,
354 3322 486 3398 Πρὶν
533 3325 849 3400 γενηθῆναι,
897 3325 998 3379 οὐκ
1044 3325 1134 3395 ἦν,
1186 3325 1273 3380 καὶ
1329 3325 1410 3380 ὅτι
1453 3326 1540 3396 Ἐξ
1564 3325 1661 3382 οὐκ
1691 3323 1857 3382 ὄντων

1969 2168 2213 2238 tentem,
2246 2167 2511 2222 omnium
2544 2166 2866 2222 visibilium
2899 2171 2957 2224 et
2981 2167 3369 2223 invisibilium
3401 2170 3627 2224 effecto-

1971 2271 2094 2310 rem
2123 2272 2136 2310 :
2171 2259 2228 2312 et
2257 2256 2317 2310 in
2347 2273 2532 2311 unum
2566 2256 2878 2311 Dominum
2909 2257 3110 2312 Jesum
3163 2257 3482 2324 Christum,
3534 2257 3622 2312 Fi-

1970 2343 2115 2400 lium
2166 2345 2264 2400 Dei
2317 2345 2580 2418 genitum
2632 2360 2701 2400 ex
2726 2349 2898 2400 Patre
2930 2347 3320 2419 unigenitum,
3351 2346 3409 2401 id
3441 2351 3530 2402 est
3557 2365 3626 2403 ex

1971 2433 2306 2490 substantia
2336 2434 2545 2503 Patris,
2570 2434 2753 2490 Deum
2785 2451 2855 2490 ex
2884 2435 3022 2503 Deo,
3051 2435 3246 2492 lumen
3279 2453 3348 2491 ex
3377 2436 3623 2501 lumine,

1969 2523 2155 2578 Deum
2187 2540 2388 2579 verum
2423 2540 2489 2579 ex
2520 2524 2636 2580 Deo
2667 2540 2822 2596 vero,
2870 2525 3160 2596 genitum,
3215 2543 3331 2580 non
3379 2525 3620 2592 factum,

1970 2611 2532 2669 consubstantialem
2595 2614 2770 2681 Palri,
2817 2630 2921 2686 per
2967 2630 3141 2686 quem
3209 2615 3409 2671 omnia
3473 2617 3624 2671 facta

1971 2706 2130 2772 sunt,
2163 2701 2283 2758 sive
2314 2719 2439 2774 quae
2465 2702 2526 2758 in
2560 2703 2727 2769 caelo,
2754 2703 2874 2759 sive
2904 2719 3030 2774 quae
3063 2704 3122 2758 in
3152 2707 3307 2760 terra
3339 2709 3498 2774 sunt;
3520 2705 3622 2777 qui

1973 2795 2208 2863 propter
2237 2808 2344 2846 nos
2375 2790 2646 2848 homines
2677 2795 2732 2846 et
2762 2797 2998 2864 propter
3025 2793 3178 2849 624
3212 2798 3470 2848 nostram
3523 2810 3622 2848 sa-

1971 2878 2153 2935 lutem
2185 2880 2503 2952 descendit,
2535 2885 2591 2937 et
2619 2880 2964 2936 incarnatus
2994 2885 3102 2946 est,
3136 2885 3194 2936 et
3224 2881 3397 2936 homo
3435 2881 3620 2937 factus

1971 2977 2083 3034 est,
2117 2986 2326 3042 passus
2357 2973 2468 3037 est,
2492 2973 2549 3025 et
2579 2969 2896 3025 resurrexit
2923 2971 3096 3025 tertia
3125 2970 3238 3036 die,
3272 2975 3328 3025 et
3357 2970 3622 3026 ascendit

1972 3057 2031 3113 in
2063 3057 2257 3125 ccelos,
2298 3076 2362 3114 ac
2391 3063 2673 3114 venturus
2704 3063 2792 3114 est
2822 3060 2893 3114 ad
2916 3059 3306 3131 judicandum
3357 3059 3517 3115 vivos
3566 3064 3624 3115 et

1973 3152 2256 3204 mortuos.
2292 3149 2360 3203 Et
2386 3149 2447 3202 in
2479 3149 2763 3221 Spiritum
2797 3153 3076 3205 sanctam.
3109 3148 3246 3204 Illos
3277 3153 3472 3204 autem
3521 3149 3623 3220 qui

1972 3237 2199 3306 dicunt,
2232 3237 2362 3292 Fuit
2394 3237 2707 3309 aliquando
2739 3254 2871 3293 cum
2906 3255 3021 3294 non
3073 3242 3248 3304 esset,
3292 3242 3370 3308 et,
3421 3238 3619 3294 Prius-

1973 3343 2149 3399 quam
2197 3328 2361 3382 ﬁeret
2405 3344 2521 3382 non
2565 3331 2707 3395 erat,
2741 3333 2817 3399 et,
2851 3328 2928 3383 Ex
2958 3327 3140 3384 nihilo
3173 3328 3362 3384 factus
3391 3333 3498 3397 est,
3532 3328 3619 3384 vel

209 3410 444 3487 ἰγὲνετο,
482 3411 520 3483 ἢ
569 3411 620 3486 ἐξ
672 3412 853 3487 ἐτέρας
901 3413 1246 3477 ὐποστάσεως
1295 3415 1330 3484 ἢ
1391 3415 1570 3478 οὐσίας
1627 3416 1855 3494 φάσκον-

1975 3416 2071 3487 qui
2118 3433 2186 3471 ex
2229 3416 2342 3472 alia
2388 3416 2689 3489 hypostasi
2748 3422 2850 3472 aut
2915 3418 3246 3473 substantia
3311 3433 3460 3486 esse,
3528 3418 3615 3473 vel

206 3521 304 3563 τας
349 3502 508 3571 εἶναι,
552 3501 589 3571 ἢ
638 3504 875 3571 κτιστὸν,
935 3505 970 3574 ἢ
1027 3504 1278 3580 τρεπτὸν,
1326 3506 1361 3574 ἢ
1422 3505 1728 3561 ἀλλοιωτὸν
1763 3507 1854 3560 τὸν

208 3591 332 3646 Υἰὸν
361 3595 459 3646 τοῦ
489 3595 644 3662 Θεοῦ,
687 3592 913 3655 τούτους
969 3594 1344 3668 ἀναθεματίζει
1391 3598 1425 3665 ἡ
1475 3593 1741 3664 καθολική
1769 3594 1855 3649 καὶ

209 3679 549 3751 ἀποστολική
585 3681 882 3754 Ἐκκλησία
904 3684 1038 3758 (97).

279 3773 334 3828 4.
376 3769 562 3846 Ταύτῃ
610 3774 680 3846 τῇ
737 3772 936 3844 πίστει,
985 3770 1286 3848 Αὐγουστι,
1335 3775 1540 3837 πάντας
1587 3773 1858 3848 ἐπιμένειν

210 3859 524 3937 ἀναγκαῖον,
566 3861 641 3924 ὡς
691 3861 805 3933 θείᾳ
842 3863 930 3917 καὶ
979 3863 1339 3938 ἀποστολικῇ,
1391 3865 1476 3918 καὶ
1526 3861 1729 3936 μηδένα
1763 3885 1856 3937 με-

209 3953 440 4005 τακινεῖν
473 3948 639 4021 αὐτὴν
679 3949 1095 4027 πιθανολογίαις
1148 3953 1237 4007 καὶ
1289 3950 1682 4029 λογομαχίαις,
1726 3955 1856 4029 ὅπερ

210 4040 572 4110 πεποιήκασιν
615 4040 668 4094 οἱ
716 4039 1124 4116 ’Δρειομανῖται
1174 4043 1307 4116 (98),
1356 4041 1405 4115 ε
1439 4043 1539 4097 οὐκ
1569 4041 1738 4097 ὄντων
1764 4044 1854 4097 τὸν

211 4129 333 4184 nev
366 4133 463 4183 τοῦ
494 4133 627 4184 Θεοῦ
658 4128 930 4206 λέγοντες,
981 4131 1068 4185 καὶ
1117 4131 1198 4186 ὅτι
1248 4131 1314 4201 ἦν
1349 4153 1480 4187 ποτε
1520 4134 1608 4186 ὅτε
1641 4132 1738 4187 οὐκ
1767 4134 1857 4201 ἧν,

209 4216 300 4272 καὶ
330 4217 565 4287 κτιστὸς,
592 4219 682 4272 καὶ
713 4218 967 4290 ποιητός,
1011 4219 1100 4273 καὶ
1131 4221 1364 4296 τρεπτός
1404 4221 1536 4276 ἐστι.
1572 4222 1668 4275 Διὰ
1696 4225 1857 4276 τοῦτο

209 4307 336 4382 γὰρ,
393 4306 532 4371 καθὰ
585 4308 960 4384 προείπομεν,
1008 4309 1098 4363 καὶ
1158 4312 1192 4379 ἡ
1268 4309 1318 4364 ἒν
1397 4309 1594 4381 Νικαίᾳ
1636 4308 1858 4372 σύνοδος

206 4395 558 4469 ἀνεθεμάτισε
599 4398 696 4466 τὴν
757 4396 1014 4469 τοιαύτην
1075 4397 1301 4473 αἵρεσιν,
1340 4400 1438 4468 τήν
1492 4397 1548 4454 δὲ
1586 4407 1686 4469 τῆς
1719 4399 1857 4470 ἀλη-

207 4483 350 4546 θείας
382 4485 563 4541 πίστιν
596 4482 975 4562 ὡμολόγησεν.
1011 4489 1091 4544 Οὐ
1117 4488 1216 4562 γὰρ
1249 4487 1438 4550 ἅπλῶς
1478 4489 1668 4560 ὅμοιον
1704 4487 1860 4562 εἰρή-

206 4593 331 4628 κασι
351 4573 442 4629 τὸν
468 4575 588 4630 Υἱὸν
611 4579 692 4648 τῷ
713 4576 907 4652 ΙΙατρὶ,
926 4575 1018 4630 ’ίνα
1042 4577 1118 4649 μὴ
1139 4574 1328 4638 ἁπλῶς
1355 4579 1547 4650 ὅμοιος
1571 4582 1708 4649 Θεῷ,
1733 4575 1858 4631 ἀλλ’

1969 3508 2232 3560 creatum
2281 3522 2406 3561 esse
2454 3509 2557 3560 aut
2602 3505 2816 3561 mutari
2844 3509 2943 3560 aut
2969 3506 3224 3562 converti
3255 3522 3424 3578 posse
3455 3506 3619 3561 aiunt

1966 3593 2177 3648 Filium
2209 3593 2730 3656 Dei,anathemate
2775 3594 2906 3649 ferit
2949 3594 3236 3650 catholica
3283 3598 3339 3648 et
3388 3599 3616 3667 aposto-

1965 3681 2079 3738 lica
2106 3683 2383 3738 Ecclesia.

2037 3773 2088 3826 4.
2125 3774 2183 3828 In
2217 3773 2324 3828 hac
2355 3773 2490 3838 ﬁde,
2521 3774 2802 3844 Auguste,
2834 3775 3118 3844 tanquam
3150 3772 3346 3828 divina
3375 3777 3432 3828 et
3471 3789 3612 3844 apo-

1966 3861 2190 3932 stolica,
2223 3878 2425 3918 omnes
2455 3878 2693 3917 necesse
2737 3866 2824 3916 est
2875 3879 3238 3933 permanere,
3289 3879 3395 3917 nec
3454 3861 3613 3917 ullus

1967 3967 2094 4008 eam
2145 3950 2463 4007 subtilibus
2507 3951 2877 4006 sermonibus
2908 3955 2963 4006 et
2993 3951 3469 4006 contentionibus
3501 3951 3611 4005 im-

1969 4043 2197 4096 mutare
2228 4041 2418 4110 debet,
2453 4041 2537 4095 uti
2570 4041 2751 4096 fecere
2783 4041 3003 4110 Ariani,
3037 4040 3136 4112 qui
3166 4039 3375 4094 Filium
3408 4040 3505 4095 Dei
3530 4041 3616 4111 [ex

1966 4127 2148 4184 nihilo
2180 4145 2309 4184 esse
2340 4129 2838 4200 aiunt,fuisseque
2869 4128 3178 4198 aliquando
3210 4144 3342 4182 cum
3376 4145 3492 4183 non
3523 4144 3614 4184 es-

1967 4223 2076 4287 set,
2110 4222 2488 4289 creatumque
2519 4223 2574 4274 et
2607 4218 2820 4274 factum
2853 4234 2916 4272 ac
2949 4217 3296 4273 mutabilem
3329 4234 3475 4273 esse.
3525 4217 3616 4272 Si-

1969 4307 2203 4380 quidem
2252 4307 2493 4374 idcirco,
2525 4307 2610 4362 uti
2643 4323 2818 4378 supra
2853 4307 3348 4374 commonuimus,
3383 4307 3616 4364 Nicana

1968 4398 2228 4470 synodus
2275 4395 2614 4466 hujusmodi
2665 4395 2912 4450 heresin
2962 4395 3334 4451 anathemate
3401 4395 3614 4452 multa-

1967 4486 2068 4555 vit,
2122 4490 2180 4542 et
2227 4486 2401 4541 {idem
2451 4485 2712 4541 verilatis
2744 4485 3011 4540 confessa
3039 4489 3150 4540 est.
3194 4485 3306 4541 Nec
3338 4486 3496 4540 enim
3528 4485 3614 4540 Fi-

1966 4576 2114 4632 lium
2147 4575 2304 4631 Patri
2347 4591 2475 4630 esse
2523 4573 2777 4631 similem
2829 4575 3235 4630 tantummodo
3283 4574 3497 4642 dixere,
3548 4591 3621 4630 ne

282 4775 397 4852 (90)
427 4773 666 4852 Regius,
701 4772 999 4852 Παμφυλία
1021 4793 1103 4852 τεΔ
1127 4773 1216 4828 καὶ
1266 4774 1463 4852 Λυκία-
1482 4774 1572 4828 καὶ
1606 4774 1859 4852 ’ίσαυρίιι

1975 4773 2132 4844 ιιίιιε,
2164 4776 2339 4852 atque
2368 4773 2450 4828 ita
2480 4773 2681 4842 legend
2693 4789 2789 4852 u_m
2808 4789 2940 4852 esse
2964 4778 3123 4843 patet
3145 4789 3214 4852 ex
3236 4770 3506 4852 sequenti
3528 4787 3621 4852 vo-

213 4846 362 4918 Ibid.
396 4843 539 4917 post,
578 4843 868 4918 ’leauetdv',
913 4847 1220 4914 Theodor.,
1267 4847 1356 4901 καὶ
1416 4847 1469 4900 αἱ
1514 4846 1650 4901 κατά
1694 4843 1864 4902 πᾶσαν

213 4863 362 4903 mla.
396 4863 530 4917 post
579 4863 720 4901 ἰσαυ
765 4863 868 4918 ιαν,

212 4916 488 4992 Αἴγυπτον
519 4915 618 4992 καὶ,
639 4863 875 4992 Λιὲύην.

284 4986 738 5114 (’91)Τι]θράοι“.,
778 4986 866 5044 καὶ
919 4989 985 5043 τὰ
1039 4986 1274 5058 πΑησίον
1312 4989 1473 5074 μέρη,
1507 4991 1663 5046 Idem
1693 4990 1860 5056 ibid.,

287 5083 300 5114 ι
345 5081 378 5114 α
452 5080 589 5114 κατα
631 5060 899 5114 ἀνατολὰς
939 5058 1282 5114 Ἐκκλησίαι.
1333 5065 1545 5114 Remus
1594 5080 1728 5114 ωε.-
1774 5061 1860 5114 καὶ

210 5058 300 5116 καῖ
345 5058 402 5114 αἶ
450 5059 589 5134 κατὰ
631 5058 899 5134 ἀνατολὰς
939 5058 1282 5134 Ἐκκλησίαι.
1313 5058 1545 5134 ’Βεείυε
1594 5080 1729 5134 ms.,
1774 5061 1863 5116 καὶ

209 5135 309 5204 τήν
337 5131 474 5187 κατά
501 5133 599 5204 τὴν
659 5132 932 5203 ἀνατολὴν
983 5132 1330 5204 Ἐκκλησίαν.
1380 5131 1585 5191 ΟῙΒῐθΓί
1617 5139 1671 5190 et
1701 5131 1863 5201 editi,

209 5202 300 5260 καὶ
337 5205 434 5264 τὰς
478 5203 613 5259 κατά
660 5202 930 5275 ἀνατολὴν
982 5202 1330 5276 Ἐκκλησίας.
1384 5207 1516 5262 Mox
1554 5206 1860 5274 Theodor.,

208 5277 590 5361 ΠάντᾼωνΑγάρ,
624 5285 734 5336 etc.

283 5351 397 5421 (92)
428 5346 519 5405 Sic
540 5346 847 5421 'manuscr.
882 5352 941 5406 et
959 5348 1114 5421 edit.
1148 5348 1454 5415 Commel.,
1488 5347 1730 5421 Theod.,
1761 5346 1864 5421 Καὶ

209 5417 462 5494 οἴδαμεν.
494 5420 874 5512 θεοφιλέστατε
907 5417 1198 5512 Αὐγουστε,
1236 5425 1343 5512 etrq.
1363 5421 1510 5512 (Mox
1542 5417 1866 5512 i‘demqtpo-

207 5488 382 5579 γριμά
405 5488 760 5579 ποιεῖν’πάοςῃ
807 5495 878 5577 τῇ
927 5488 1244 5578 οἰκουμένη·
1279 5488 1484 5562 Πολλῷ
1518 5491 1620 5580 γὰρ
1652 5488 1864 5573 χρόνῳ,

212 5567 586 5649 mtermediis
613 5583 874 5649 omissis.
909 5569 1119 5649 Regius
1151 5564 1301 5649 ιὶηι]ἒ
1328 5569 1680 5649 ροεξπασης,
1705 5565 1869 5620 addit

212 5645 312 5708 τῆς
343 5639 419 5709 ab
453 5638 583 5695 aliis
614 5645 670 5696 et
699 5639 872 5696 editis
901 5635 1209 5709 omissum.
1244 5635 1402 5691 Idem
1435 5637 1740 5705 Theodor.,
1765 5654 1868 5709 pro

218 5706 780 5785 dvrthéywciLhubet
809 5706 1173 5785 ἀντιλέγουσι.

295 5779 530 5856 (93)Ἐι
556 5784 868 5856 Theodor.,
901 5781 992 5838 σύν
1009 5779 1318 5854 addimus,
1353 5783 1416 5836 ut
1444 5783 1502 5836 et
1530 5779 1703 5838 vertit
1721 5779 1874 5840 Nan-

1974 4863 2058 4916 ce,
2089 4842 2482 4918 γινώσκουσαν,
2515 4861 2696 4918 quam
2727 4844 2943 4918 habent
2967 4842 3114 4900 mss.
3159 4844 3410 4918 Reg._ac
3439 4842 3616 4918 Basil.

1973 4913 2112 4974 cuni
2140 4917 2426 4974 Theodor.
2453 4913 2635 4972 Edilio
2666 4921 2860 4972 autem
2891 4917 3114 4972 Comm.
3149 4913 3282 4970 cum
3305 4913 3557 4970 Felckm.
3584 4915 3619 4966 7

1974 4990 2150 5046 habet
2179 4989 2560 5062 γινώσκουσιν.
2617 4992 2910 5056 Attamen,
2953 4988 3051 5055 σήν
3102 4987 3265 5062 deest
3290 4989 3350 5062 et
3378 4985 3435 5040 in
3472 5002 3616 5062 mss.

1974 5067 2030 5118 et
2071 5062 2129 5116 in
2162 5055 2566 5133 e'ditisrPaulo
2607 5065 2740 5133 post
2787 5055 2902 5133 τῶν
2935 5063 3070 5133 ante
3117 5055 3426 5133 ἐπισκόπων
3457 5058 3622 5133 deest

1973 5134 2034 5188 in
2066 5134 2261 5204 Regio.
2313 5125 2625 5204 Thoodor:
2657 5131 2830 5187 habet
2878 5129 2980 5184 ὑπὸ
3018 5149 3339 5183 τοιακοσ.ων
3377 5125 3502 5183 δέκα
3529 5129 3618 5183 καὶ

1975 5205 2117 5259 ὀκτὼ
2151 5203 2482 5259 ἐπισκόπων.

2048 5279 2157 5347 (94)
2190 5275 2290 5347 Τόν
2319 5277 2482 5332 abest
2511 5291 2545 5347 a
2573 5273 2742 5347 Segio
2772 5276 2828 5347 et
2852 5273 3138 5330 Theodor.

2048 5345 2158 5420 (95)
2190 5346 2290 5420 Καί
2321 5348 2486 5402 deest
2516 5346 2572 5420 in
2605 5345 2893 5420 TheQdOP-

2071 5415 2160 5490 96)
2192 5419 2503 5483 Theodor.,
2531 5415 2606 5478 εἷς
2634 5415 2882 5490 ’τὸ-ἅγιον
2904 5415 3142 5490 Ηνεῦμα.

2071 5421 2140 5473 96
2192 5421 2503 5483 Theodor.,
2531 5421 2606 5478 εἰς
2634 5421 2695 5470 τὸ
2727 5421 2882 5490 ἅγιον
2905 5421 3142 5486 Ηνεῦμα.

2049 5421 2160 5560 (97)
2193 5491 2502 5561 Theodor..
2544 5490 2578 5556 ἡ
2632 5486 2751 5561 ἀγία
2798 5487 2885 5540 καὶ
2937 5484 3204 5561 καθολική
3255 5485 3366 5561 καί,
3400 5489 3625 5561 etc.,_et

1979 5555 2881 5636 mox,'0m:p:).éctaterAﬁvouc'ce.
2942 5564 3109 5616 Deest
3151 5559 3210 5614 in
3255 5559 3459 5614 eodem
3490 5555 3623 5611 πάν-

1975 5653 2087 5693 τας.

2049 5706 2156 5778 (98)
2190 5706 2370 5772 Idem,
2404 5701 2535 5778 ὅπερ
2565 5701 2820 5772 ἐποίησαν
2855 5700 2905 5772 ἐξ
2936 5701 3114 5777 ἀρχῆς
3149 5700 3223 5772 οἱ,
3256 5704 3364 5757 etc.
