4082 6344
388 412 508 472 819

942 410 1007 469 S.
1055 406 1477 468 ATHANASII
1525 407 1696 468 OPP.
1744 405 1943 465 PARS
1990 403 2038 462 Ι.
2072 437 2149 448 -—
2181 405 2596 469 HISTORICA
2639 409 2740 469 ET
2785 408 3264 470 DOGMATICA.

3698 410 3822 472 820

390 541 660 600 videlicet
704 539 916 596 similis
971 539 1256 594 duntaxat
1303 537 1420 594 Deo
1468 541 1775 610 puteratur
1805 554 1818 592 :
1853 535 1954 592 sed
1983 539 2082 602 ut,

2208 555 2224 589 ι
2253 540 2386 591 Θεοῦ
2407 535 2804 609 Θεὺςάληθινὸς
2831 537 3174 609 πιστεύητοιι⁹
3206 536 3819 617 ἀλλ’ὁμοούσιοςέγρα-

393 649 570 690 verus
617 647 687 687 ex
734 631 850 686 Deo
903 630 1053 684 Deus
1098 643 1228 684 esse
1274 627 1633 693 crederetur,
1683 625 2049 698 scripserunt

2208 645 2284 695 αν,
2317 625 2449 701 ὅπερ
2477 623 2615 682 ἴδιον
2649 629 2714 698 ἦν
2775 627 3002 702 γνησίου
3226 628 3316 683 καὶ
3367 627 3634 699 ἀληθινοῦ
3664 630 3816 701 Ποῦ,

397 717 961 779 consubstantialem
993 733 1144 785 esse,
1175 717 1331 788 quod
1365 715 1602 787 quidem
1633 715 1864 788 proprie
1913 731 2048 770 con-

397 812 556 867 venit
581 825 861 882 germano
889 811 946 863 et
973 823 1105 862 vero
1137 805 1278 862 Filio
1307 805 1423 862 veri
1453 810 1509 861 et
1531 804 1818 861 naturalis
1840 803 2050 860 Patris.

2159 712 2423 784 ἀληθινοῦ
2479 716 2568 771 καὶ
2618 715 2770 794 φύσει
2818 721 2914 772 τοῦ
2967 715 3198 792 Ηατρός.
3251 715 3408 772 Ἀλλ’
3455 715 3581 772 οὐδὲ
3628 717 3814 790 ἀπηλ-

2163 801 2468 879 λοτρίωσοιν
2517 805 2580 860 τὸ
2631 810 2850 879 Πνεῦμα
2896 807 2958 861 τὸ
3008 808 3157 882 ἅγιον
3207 806 3444 862 ἀπὸτοῦ
3475 808 3694 884 Πατρὸς
3723 808 3816 863 καὶ

399 900 598 971 Neque
637 897 816 953 etiam
868 895 1157 969 Spiritum
1197 899 1465 951 sanctum
1517 911 1550 950 a
1595 895 1763 950 Patre
1813 898 1870 949 et
1915 891 2055 948 Filio

2208 895 2258 945 >ὖ
2290 893 2437 963 Υἱοῦ,
2485 891 2629 948 ἀλλά
2685 893 2896 968 μᾶλλον
2948 892 3296 966 συνεδόξασαν
3349 895 3477 950 αὐτὸ
3524 900 3604 969 τῷ
3639 899 3811 973 Πατρὶ

402 989 755 1060 disjunxere,
789 985 888 1040 sed
928 984 1096 1040 illum
1128 983 1324 1057 potius
1356 1001 1474 1040 una
1503 1000 1638 1040 cum
1669 987 1840 1039 Patre
1869 987 1925 1039 et
1967 983 2057 1038 Fi-

401 1077 481 1133 lio
529 1074 945 1148 gloriﬁcavere,
993 1073 1053 1128 in
1103 1090 1223 1129 una
1287 1076 1506 1129 sancta:
1569 1072 1874 1128 Trinitatis
1921 1071 2057 1139 fide,

405 1166 546 1240 quia
576 1181 787 1237 nempe
817 1180 937 1220 una
965 1166 1054 1220 est
1083 1162 1140 1217 in
1174 1162 1386 1219 saecula
1417 1161 1702 1218 Trinitate
1729 1161 2022 1218 divinitas.

407 1311 605 1368 Petilio
668 1307 739 1363 ad
784 1307 1081 1364 Iovianum
1129 1307 1521 1377 imperatorem
1568 1305 1868 1360 Antiochia
1918 1306 2065 1373 facta

477 1400 512 1437 a
561 1382 746 1446 Lucio,
797 1379 1145 1443 Berniciano,
1193 1387 1244 1433 et
1287 1379 1418 1434 aliis
1465 1377 1795 1448 quibusdam
1839 1378 2065 1432 Ariani:

479 1462 682 1511 contra
705 1451 1064 1506 Athanasium
1091 1451 1417 1522 episcopum
1449 1450 1823 1505 Alexandriae.

417 1649 614 1705 Prima
641 1645 842 1719 petitio
873 1662 1051 1718 quam
1085 1645 1369 1719 fecerunt,
1399 1644 1749 1719 imperatore
1798 1645 1855 1719 in
1908 1661 2066 1702 cam-

619 1717 760 1792 pum
791 1717 1165 1788 concedente,
1200 1718 1258 1773 in
1291 1720 1458 1790 porta
1487 1717 1859 1774 Romanensi.

493 1848 791 1918 Rogamus
823 1842 1142 1917 potentiam
1192 1847 1378 1914 tuam,
1428 1842 1744 1915 imperium
1796 1846 1965 1898 tuum
2017 1846 2075 1898 et

2174 1301 2430 1376 ’EvA'toxia
2509 1304 2770 1376 γενομένη

2165 980 2364 1053 καὶτῷ
2395 983 2507 1054 Υἱῷ
2527 983 2579 1037 ἑν
2605 987 2674 1057 τῇ
2715 988 2812 1056 μιᾷ
2858 990 2958 1054 τῆς
3007 983 3160 1060 ἁγίας
3209 981 3441 1060 Τριάδος
3486 987 3688 1058 πίστει,
3722 984 3815 1042 διά

2166 1069 2230 1124 τὸ
2255 1071 2343 1124 καὶ
2378 1071 2503 1143 μίαν
2539 1073 2666 1127 εἶναι
2698 1072 2748 1127 έν
2770 1075 2838 1147 τῇ
2871 1073 3000 1150 ἁγίᾳ
3023 1071 3216 1150 Τριάδι
3247 1070 3496 1146 θεότητα.

2355 1301 2452 1380 [tati
2509 1304 2770 1380 γενομένη
2848 1304 2962 1380 (1),
3015 1303 3068 1358 ἂν
3174 1303 3482 1380 ᾊντιοχείᾳ
3566 1300 3831 1380 Ἰωϐιανῳ

2247 1371 2484 1498 Βασιλεῖ,
2523 1371 2710 1447 ”παρὰ
2761 1371 3028 1430 “Δουκίου
3111 1376 3201 1431 καὶ
3288 1371 3668 1450 Βερνικιανοῦ,
3736 1371 3832 1432 καὶ

2273 1445 2442 1498 τέοων
2494 1451 2656 1498 τινῶν
2718 1447 3011 1498 Ἀοειανῶν
3049 1489 3064 1498 .
3121 1448 3258 1498 κατὰ
3342 1449 3661 1498 Ἀθανασίου
3720 1448 3832 1498 ἐπι-

2273 1445 2442 1521 τέρων
2494 1445 2656 1521 τινῷν
2716 1447 3011 1521 ξΛρειανῶν
3049 1489 3064 1514 ,
3121 1448 3258 1503 κατὰ
3342 1445 3661 1504 ’Ἀθανασίου
3720 1448 3836 1504 ἐπι-

2248 1515 2457 1571 σκόποα
2485 1515 2913 1594 ’Δλεξανδρείας.

2179 1639 2401 1719 Πρώτη
2433 1639 2672 1719 ἔντυχία,
2703 1643 2764 1711 ἣν
2797 1641 3144 1719 ἐποιήσαντοι
3181 1642 3565 1719 ἀπερχομένου
3605 1648 3703 1700 τοῦ
3740 1643 3837 1719 βα-

2288 1711 2482 1775 σιλέως
2512 1711 2595 1776 εἷς
2611 1715 2828 1787 κάμπον
2860 1714 2911 1770 ἐν
2942 1711 3010 1770 τὰ
3039 1711 3568 1790 Ῥωμανησίᾳπύλῃ
3617 1719 3714 1790 (2).

2254 1838 2497 1911 Δεόμεθά
2547 1860 2644 1895 σου
2693 1843 2789 1894 τοῦ
2838 1840 3091 1916 κράτους,
3140 1839 3229 1894 καὶ
3279 1843 3374 1894 τοῦ
3409 1837 3685 1916 βασιλείου
3719 1861 3840 1910 σου,

420 1911 694 2008 pietatem
744 1911 930 2000 tuam,
981 1936 1046 1988 ut
1094 1948 1200 1988 nos
1249 1911 1474 1989 audias.
1515 1911 1850 2004 lmperator
1879 1931 2028 1987 dixit
2068 1932 2081 1970 τ

2208 1925 2281 1980 cui
2332 1933 2432 1996 τῆς
2491 1925 2758 1990 εὐσεϐείας
2814 1911 2932 2000 σου,
2985 1927 3214 1985 ἄκουσον
3261 1911 3442 2003 ἡμῶν.
3476 1931 3532 1984 Ὀ
3580 1927 3839 2006 βασιλεὺς

417 2025 667 2092 Quinam
715 2023 880 2088 estis,
927 2025 984 2078 et
1033 2020 1233 2078 unde?
1284 2021 1736 2093 Responderunt
1801 2021 2004 2077 Ariani
2058 2037 2072 2077 :

419 2113 762 2180 Christiani,
809 2110 1065 2167 domine.
1119 2111 1437 2182 Imperator
1483 2111 1675 2167 dixit:
1710 2110 1874 2166 Unde
1923 2115 1981 2167 et
2009 2127 2077 2167 ex

421 2219 540 2275 qua
585 2199 864 2257 civitate?
912 2199 1111 2254 Ariani
1177 2200 1480 2260 dixerunt:
1535 2201 1615 2255 Ex
1664 2199 2076 2256 Alexandrina.

423 2296 749 2365 Imperator
797 2290 942 2347 dixit
976 2307 988 2345 :
1021 2289 1167 2354 Quid
1218 2289 1443 2346 vultis?
1497 2291 1695 2346 Ariani
1744 2289 2015 2346 dixerunt
2062 2308 2075 2347 :

428 2383 727 2454 Rogamus
751 2380 1071 2452 potentiam
1116 2384 1279 2435 tuam
1331 2383 1387 2436 et
1437 2380 1745 2452 imperium
1793 2384 1959 2436 tuum
2017 2384 2082 2436 ut

427 2471 532 2526 des
563 2469 732 2526 nobis
766 2469 1130 2540 episcopum.
1164 2468 1484 2540 Imperator
1513 2469 1657 2524 dixit
1688 2487 1701 2526 :
1733 2469 1889 2524 Jussi
1921 2469 2078 2542 prio-

429 2573 552 2614 rem
584 2572 759 2629 quem
792 2555 1087 2612 habuistis
1115 2555 1501 2612 Athanasium
1532 2557 1591 2612 in
1640 2556 1851 2613 throno
1903 2558 2080 2615 collo-

431 2646 569 2704 cari.
622 2645 822 2701 Ariani
871 2646 1143 2700 dixerunt
1173 2661 1185 2698 :
1219 2646 1512 2717 Rogamus
1545 2648 1858 2718 potentiam
1893 2652 2077 2716 tuam,

421 2739 550 2809 jam
583 2734 786 2791 multis
819 2734 987 2790 annis
1017 2733 1178 2789 exsul
1211 2739 1268 2790 et
1298 2739 1612 2790 accusatus
1643 2741 1749 2790 est.
1785 2736 1946 2792 Miles
1977 2737 2079 2791 de-

428 2829 664 2897 repente
709 2828 1040 2880 commotus
1090 2824 1391 2895 respondit
1423 2841 1435 2879 :
1467 2824 1718 2881 Obsecro
1769 2825 2080 2898 imperium

428 2919 618 2985 tuum,
650 2917 714 2969 ut
744 2913 868 2985 ipse
909 2911 1176 2984 inquiras
1226 2912 1468 2984 quinam
1513 2918 1569 2968 et
1615 2916 1770 2970 unde
1819 2915 1959 2970 sint.
2014 2915 2081 2969 Hi

431 3005 587 3060 enim
645 3011 780 3059 sunt
831 3003 1062 3073 abjeclaa
1112 3001 1374 3073 reliquiae
1419 3003 1814 3075 Cappadocia,
1847 3004 2083 3060 residua

427 3092 681 3166 improbi
711 3091 872 3147 illius
901 3091 1151 3163 Georgii,
1203 3092 1300 3162 qui
1352 3091 1643 3148 civitatem
1693 3098 1749 3148 et
1797 3095 2081 3148 mundum

429 3183 728 3238 desertum
777 3180 1098 3236 reddidere.
1152 3180 1252 3236 His
1296 3181 1490 3237 audiis
1520 3181 1837 3253 imperator
1866 3199 2080 3256 equum

429 3270 758 3328 calcaribus
789 3269 1118 3339 concitavit,
1147 3274 1204 3325 et
1233 3269 1377 3325 abiit
1406 3269 1466 3325 in
1497 3286 1792 3343 campum.

830 3473 1077 3530 Secunda
1111 3476 1310 3546 petitio
1341 3475 1699 3531 Arianorum.

517 3562 935 3618 Accusationes
981 3567 1038 3619 et
1101 3563 1473 3635 probationes
1538 3565 1825 3622 habemus
1893 3571 2095 3622 contra

443 3652 856 3719 Athanasium,
885 3653 983 3724 qui
1015 3657 1148 3708 ante
1179 3653 1379 3709 decem
1428 3658 1484 3709 et
1533 3654 1735 3727 viginti
1785 3672 1972 3712 annos
2021 3657 2094 3713 ab

445 3745 670 3798 eterna;
702 3741 996 3796 memoria:
1027 3742 1402 3797 Constantino
1435 3746 1492 3798 et
1511 3742 1849 3800 Constantio
1874 3747 1930 3800 in
1952 3746 2095 3801 exsi-

445 3831 592 3886 lium
626 3829 833 3902 pulsus
863 3835 951 3885 est
985 3847 996 3885 :
1034 3832 1100 3886 Et
1120 3832 1230 3886 sub
1263 3832 1369 3888 deo
1401 3832 1804 3903 dilectissimo,
1839 3834 2094 3907 philoso—

445 3920 595 3993 phia:
657 3919 1115 3986 studiosissimo,
1169 3924 1226 3974 et
1273 3920 1608 3977 beatissimo
1673 3922 1908 3979 Juliano
1956 3924 2096 3980 item

445 4007 754 4065 exsulavit.
789 4009 1112 4080 Imperator
1141 4007 1285 4064 dixit
1318 4026 1330 4063 :
1363 4009 1493 4065 Jam
1527 4011 1932 4081 praeterierunt
1970 4031 2097 4086 qua:

447 4101 582 4154 ante
613 4097 932 4167 decimum,
963 4097 1328 4153 vicissimum
1360 4104 1418 4154 et
1463 4099 1826 4156 tricesimum
1875 4119 2097 4158 annum

448 4187 739 4244 institutae
771 4192 909 4243 sunt
935 4188 1356 4244 accusationes.
1389 4189 1472 4245 Ne
1501 4189 1646 4244 mihi
1678 4191 1749 4246 de
1779 4190 2099 4249 Athanasio

447 4277 656 4333 dicatis
690 4293 704 4332 :
734 4277 854 4332 scio
885 4276 1038 4333 enim
1067 4277 1450 4348 quamobrem
1482 4283 1788 4336 accusatus
1817 4285 1875 4336 et
1921 4298 2102 4353 quare

448 4365 810 4438 proscriptus
841 4367 938 4421 sit.

789 4481 939 4538 025
977 4483 1152 4537 Tertia
1179 4484 1371 4553 petitio
1401 4484 1758 4542 Arianorum.

525 4571 595 4626 Et
624 4586 780 4624 nunc
811 4570 1020 4625 iterum
1055 4572 1338 4641 quaedam
1372 4571 1518 4628 alias
1556 4575 1954 4632 accusationes
2003 4577 2103 4632 ha-

2188 2015 2329 2070 εἶπεν
2365 2035 2379 2049 ·
2411 2015 2559 2082 Τίνες
2589 2017 2725 2088 ἐστὶ,
2758 2019 2845 2073 καὶ
2879 2017 3044 2083 πόθεν
3075 2046 3090 2090 ;
3124 2019 3186 2073 Οἱ
3217 2020 3486 2095 Ἀρειανοὶ
3524 2019 3670 2074 εἶπον
3705 2020 3785 2093 (3)
3820 2037 3834 2050 ⁸

2188 2104 2369 2180 Κύριε,
2403 2107 2736 2182 Χριστιανοί.
2785 2109 2842 2162 '0
2895 2107 3149 2184 βασιλεὺς
3199 2107 3314 2164 εἶπε
3347 2127 3360 2142 ·
3410 2110 3585 2165 Πόθεν
3634 2107 3723 2163 καὶ
3775 2106 3838 2163 ἐκ

2188 2194 2350 2257 ποίας
2398 2195 2663 2267 πόλεως;
2727 2199 2795 2255 Οἱ
2837 2197 3101 2274 Ἀρειανοὶ
3167 2198 3316 2253 εἶπον
3352 2217 3364 2230 ·
3416 2195 3839 2273 Ἀλεξανδρείας.

2188 2287 2249 2344 Ὀ
2284 2284 2536 2360 βασιλεὺς
2589 2286 2702 2340 εἶπε
2727 2307 2738 2319 ·
2791 2285 2860 2342 Τί
2909 2281 3169 2341 ϐούλεσθε
3199 2288 3278 2360 (4)
3309 2305 3322 2354 ;
3373 2285 3439 2343 Οἱ
3473 2283 3742 2362 ’Δρειανοὶ
3772 2283 3842 2338 εί-

2189 2396 2287 2431 πον
2324 2393 2338 2408 ο
2386 2374 2626 2447 Δεόμεθοὶ
2674 2395 2770 2430 σου
2821 2378 2918 2429 τοῦ
2974 2373 3202 2451 κράτους
3256 2373 3344 2429 καὶ
3402 2377 3496 2430 τοῦ
3555 2371 3842 2450 βασὶλείου

2191 2486 2308 2534 σου,
2364 2462 2656 2519 ἐπίσκοπον
2715 2465 2849 2536 ἡμῖν
2903 2461 3016 2526 δός.
3069 2465 3128 2521 Ὁ
3173 2461 3425 2539 βασιλεὺς
3455 2462 3598 2518 εἶπεν
3636 2482 3649 2496 ο
3686 2463 3845 2516 Έκὲ-

2191 2553 2355 2610 λευσα
2382 2555 2472 2609 τὸν
2505 2553 2790 2630 πρότερον,
2841 2554 3003 2628 ὅνπερ
3058 2550 3235 2629 εἶ’τχετε
3281 2553 3342 2608 τὸ
3383 2553 3644 2628 πρότερον
3677 2551 3845 2606 Ἀθα-

2190 2644 2393 2713 νάσιον,
2451 2641 2762 2711 καθέζεσθαί
2820 2641 2872 2696 ἐν
2930 2647 3010 2714 τῷ
3063 2643 3263 2716 θρόνῳ.
3321 2641 3385 2695 Οἱ
3451 2638 3721 2715 ’Δρειανοῖ
3774 2639 3846 2694 εἶ-

2190 2753 2292 2786 πον
2322 2735 2398 2804 (5)
2432 2751 2444 2762 ·
2481 2731 2721 2804 Δεόμεθά
2752 2751 2846 2785 σου
2875 2735 2972 2786 τοῦ
3002 2732 3234 2805 κράτους
3269 2772 3282 2785 .
3329 2731 3418 2785 καὶ
3483 2729 3535 2784 έν
3571 2727 3846 2804 ἐξορισμῷ

2191 2820 2279 2876 καὶ
2312 2819 2363 2875 έν
2409 2819 2707 2895 κατηγορίᾳ
2754 2819 2896 2875 ἐστὶν
2949 2817 3040 2892 ἔτη
3092 2818 3300 2877 πολλά.
3356 2820 3708 2894 Στρατιώτης
3758 2817 3847 2889 ἐξ·

2191 2909 2383 2983 αίφνης
2435 2908 2685 2980 ζηλώσας
2735 2909 3058 2985 ἀπεκρίνατο
3092 2928 3104 2940 ·
3163 2909 3366 2982 Δέομαί
3418 2930 3512 2962 σου
3560 2911 3655 2962 τοῦ
3691 2907 3847 2982 βασι-

2194 2998 2364 3072 λείου,
2415 2999 2574 3062 αὐτὸς
2624 2999 2888 3069 ἐξέτασον,
2942 3000 3080 3062 τίνες
3126 2998 3250 3071 εἶσὶ,
3308 2998 3398 3054 καὶ
3445 2998 3627 3053 πόθεν.
3676 2998 3846 3054 Οὗτοι

2190 3089 2290 3165 γάρ
2317 3087 2419 3143 εἰσι
2448 3089 2514 3144 τὰ
2559 3086 2787 3162 λείψανα
2833 3088 2922 3143 καὶ
2979 3091 3012 3159 ὴ
3065 3083 3356 3165 παραϐολὴ
3407 3095 3507 3158 τῆς
3556 3083 3848 3141 Καππαδο-

2193 3180 2334 3245 κίας,
2365 3179 2432 3234 τὰ
2463 3177 2737 3233 ὑπόλοιπα
2765 3183 2862 3233 τοῦ
2892 3178 3107 3234 ἀνοσίου
3139 3177 3342 3234 ἐκείνου
3366 3176 3659 3254 Γεωργίου,
3680 3176 3732 3230 οἱ
3748 3177 3850 3244 τὴν

2110 3282 2153 3348 C
2195 3266 2354 3323 πόλιν
2367 3268 2457 3322 καὶ
2478 3269 2567 3322 τὸν
2585 3267 2793 3341 κόσμον
2813 3267 2907 3344 έρη
2919 3269 3211 3340 μώσαντες.
3248 3268 3513 3329 ’Δκουσας
3531 3267 3559 3321 ὁ
3592 3264 3848 3342 βασιλεὺς

2203 3358 2478 3433 ἰπτέρνισε
2521 3357 2612 3412 τὸν
2645 3355 2840 3430 ἵππον,
2887 3357 2977 3412 καὶ
3031 3355 3272 3428 ἀπῆλθεν
3333 3356 3408 3419 εἷς
3458 3357 3550 3412 τὸν
3606 3354 3850 3429 κάμπον.

2488 3476 2713 3552 Δευτέρα
2743 3473 2964 3551 ἐντυχία
2995 3477 3071 3550 (6)
3102 3479 3208 3531 τῶν
3253 3476 3565 3550 Ἀρειανῶν.

2277 3564 2611 3642 Κατηγορίας
2669 3564 2758 3620 καὶ
2821 3560 3119 3638 ἀποδείξεις
3186 3562 3387 3640 ἔχομεν
3439 3561 3576 3619 κατὰ
3627 3563 3857 3621 Ἀθανα-

2205 3654 2345 3722 σίου,
2380 3655 2526 3717 ὅστις
2557 3655 2662 3729 πρὸ
2703 3651 2829 3709 δέκα
2874 3653 2964 3709 καὶ
3013 3649 3213 3709 εἷ’κοσιν
3260 3653 3394 3709 ἑτῶν
3441 3651 3719 3729 ἐχωρίσθη
3749 3652 3858 3707 ἀπὸ

2203 3748 2313 3799 τῶν
2346 3743 2686 3815 ἀειμνηστων
2749 3742 3154 3798 Κωνσταντίνου
3199 3743 3289 3798 καὶ
3338 3741 3730 3811 Κωνσταντίου,
3762 3741 3856 3795 καὶ

2208 3833 2294 3888 ἐπὶ
2344 3836 2442 3887 τοῦ
2496 3831 2912 3911 θεοφιλεστάτου
2969 3834 3056 3888 καὶ
3112 3833 3189 3906 (7)
3246 3829 3698 3910 φιλοσοφωτάτου
3764 3829 3859 3885 καὶ

2211 3923 2625 3998 μακαριωτάτου
2673 3920 2971 3977 Ἰουλιανοῦ
3021 3916 3149 3998 ἔσχε
3192 3923 3292 3992 τὴν
3344 3921 3596 3996 ἐξόρισιν.
3646 3922 3705 3978 Ὀ
3760 3921 3862 3982 βα-

2209 4010 2390 4074 σιλεὺς
2426 4010 2569 4066 εἶπεν
2605 4028 2616 4041 ·
2651 4011 2748 4116 Αᾶ-
2769 4011 2876 4084 πρὸ
2925 4007 3051 4066 δέκα
3099 4010 3188 4065 καὶ
3236 4012 3303 4079 κ’,
3344 4010 3434 4065 καὶ
3479 4008 3525 4065 λ’
3567 4007 3700 4066 ἒτῶν
3733 4029 3860 4064 κατ-

2361 4101 2371 4116 .
2473 4098 2531 4116 να
2758 4099 2817 4116 κ-
2987 4101 3042 4116 ..η
3127 4101 3142 4116 .
3259 4099 3380 4116 επ.
3650 4097 3788 4116 ι..-

2209 4101 2430 4176 ηγορίαι
2462 4098 2568 4170 ἤδη
2604 4097 2888 4174 παρἣλθον
2920 4119 2932 4133 ο
2987 4101 3144 4174 Ἐμοὶ
3205 4100 3282 4173 μὴ
3327 4099 3513 4173 λέγετε
3543 4097 3667 4174 περὶ
3697 4099 3861 4161 ’Δθα-

2209 4189 2392 4246 νασίου
2426 4198 2440 4221 ⁶
2501 4185 2622 4244 οἶδα
2667 4190 2767 4264 γὰρ
2814 4185 2902 4244 διὰ
2941 4187 2995 4243 τί
3043 4189 3425 4264 κατηγορήθη,
3474 4188 3564 4242 καὶ
3624 4189 3743 4249 πῶς
3784 4184 3864 4256 ἐξ·

2209 4278 2438 4357 ωρίσθη.

2583 4483 2748 4556 Τρίτη
2783 4481 3006 4559 έντυχία
3028 4488 3137 4538 τῶν
3161 4485 3482 4558 Ἀρειανῶν.

2286 4574 2387 4630 Καὶ
2442 4577 2533 4627 νῦν
2583 4570 2747 4627 πάλιν
2814 4571 3148 4648 κατηγορίας
3216 4570 3417 4647 ἔχομεν
3479 4568 3652 4631 ἄλλοις
3709 4570 3865 4631 τινὰς

454 4662 666 4716 bemus
697 4663 902 4714 contra
930 4660 1669 4733 Athanasium.lmperator
1698 4664 2009 4722 dixit:Non
2041 4683 2082 4723 e:

2217 4664 2350 4718 κατὰ
2407 4662 2743 4719 Ἀθανασίου.
2803 4663 2862 4718 ’0
2929 4659 3180 4737 βασιλεὺς
3232 4662 3373 4716 εἶπεν
3410 4680 3422 4694 ·
3482 4659 3596 4718 Οὐκ
3649 4656 3710 4713 ἐκ
3761 4665 3865 4726 τῆς

453 4748 714 4806 tumultu
747 4752 804 4804 et
833 4748 1369 4821 loquacitate,quod
1393 4751 1627 4820 justum
1658 4757 1748 4808 est
1770 4755 2108 4826 apparebit:

454 4840 557 4896 sed
589 4837 784 4910 eligite
817 4837 932 4892 duo
965 4855 1032 4892 ex
1081 4837 1266 4904 vobis,
1312 4844 1368 4894 et
1413 4854 1482 4893 ex
1530 4839 1698 4912 plebe
1748 4843 1893 4898 duos
1942 4843 2110 4900 alios.

2218 4749 2559 4826 πολυεχλίας
2617 4749 2704 4805 καὶ
2755 4749 2815 4805 ἐκ
2861 4754 2968 4805 τῶν
3027 4747 3521 4828 πολυφωνημάτων
3575 4746 3643 4802 τὰ
3682 4743 3867 4802 δίκαια

2221 4843 2509 4919 φανήσεται
2547 4859 2558 4872 ο
2593 4837 2719 4894 ἀλλ’
2773 4841 2807 4909 ἢ
2860 4837 3138 4909 έκκέξασθε
3185 4837 3282 4893 δύο
3331 4838 3382 4910 ἐξ
3431 4839 3656 4904 ἰαυτῶν,
3687 4835 3778 4890 καὶ
3810 4835 3871 4891 ἐκ

454 4929 691 4999 Nequeo
722 4927 878 4982 enim
912 4927 982 4982 ad
1016 4925 1279 4998 singulos
1310 4932 1566 4984 vestrum
1602 4932 1972 5002 respondere.
2002 4935 2082 4998 Qu

2219 4935 2326 4984 τῶν
2358 4933 2455 4984 τοῦ
2498 4927 2742 4998 πλήθους
2799 4927 3018 5000 ἑτέρους
3069 4925 3185 4985 δύο.
3219 4927 3296 4986 Οὐ
3325 4927 3428 5004 γὰρ
3469 4924 3700 4998 δύναμαι
3731 4925 3870 5002 πρὸς

457 5033 524 5071 ex
554 5014 722 5087 plebe
754 5020 922 5072 erant
952 5015 1228 5071 dixerunt
1259 5033 1271 5071 :
1307 5015 1374 5072 Hi
1408 5022 1546 5072 sunt
1577 5018 1836 5090 reliquiae
1860 5020 2082 5092 improb

2223 5017 2313 5075 ἕνα
2339 5015 2560 5073 ἕκαστον
2620 5017 2771 5090 ὑμῶν
2819 5014 3228 5094 ἀποφαίνεσθαι.
3279 5016 3345 5071 Oi‘
3381 5015 3442 5071 ἐκ
3492 5019 3589 5070 τοῦ
3620 5013 3870 5085 πλήθους

455 5105 710 5177 Georgii,
740 5106 839 5178 qui
874 5105 1230 5178 provinciam
1256 5111 1518 5162 nostram
1549 5107 1947 5177 devastarunt;
1967 5115 2024 5166 et
2057 5112 2082 5166 ἰ]

2225 5109 2372 5164 εἶπαν
2409 5126 2421 5140 ’
2456 5105 2620 5164 Οὗτοί
2677 5105 2777 5160 εἰσι
2828 5105 2894 5160 τὰ
2960 5103 3190 5180 λείψανα
3248 5107 3325 5179 (8)
3376 5103 3618 5160 ἀπὸτοῦ
3649 5103 3873 5158 ἀνοσίου

458 5193 798 5250 civitatibus
831 5194 1058 5250 nullum
1087 5195 1403 5268 permisere
1425 5195 1802 5254 consiliarum
1827 5198 2112 5256 habitare.

537 5320 646 5392 (99)
682 5319 862 5398 Idem,
895 5317 1039 5398 me
1066 5319 1154 5373 καὶ
1188 5320 1481 5392 ὁμοούσιον
1514 5316 1769 5398 ἔγραψαν,
1804 5323 1934 5398 ὅπερ
1968 5322 2106 5378 ἴδιόν

463 5389 572 5446 ἐστι
599 5389 853 5466 γνησίου,
879 5395 990 5447 etc.

529 5462 876 5547 (θ’ἓθείιμει
908 5462 1188 5547 mai!!!-

530 5537 609 5608 (2)
629 5536 854 5608 Scripta
883 5553 1036 5608 anno
1066 5536 1188 5590 363.

535 5607 614 5677 (3)
645 5607 876 5680 Regius,
903 5607 1071 5680 εἶπαν.

531 5679 610 5749 (4)
641 5677 855 5754 Regius
884 5679 1082 5754 c_odex.
1324 5678 1388 5735 Τί
1425 5677 1685 5754 βούλεσθε
1718 5681 1819 5754 ;_o't
1846 5679 2106 5752 ’Λρειανοὶ

467 5746 634 5801 εἶπαν.
668 5746 844 5818 Editi,
879 5749 992 5803 εἶπε
1027 5767 1037 5779 ·
1069 5750 1128 5801 Τί
1161 5746 1465 5822 βούλεσθε’;
1495 5751 1690 5824 Αρενοὶ
1719 5746 1888 5806 εἶπον.

2226 5197 2500 5274 Γεωργίου
2543 5201 2641 5252 τοῦ
2683 5181 3074 5272 ’ἐρημώσαντος
3118 5197 3216 5265 τὴν
3271 5194 3534 5271 ἐπαρχίαν
3562 5196 3749 5267 ἡμῶν,
3779 5193 3874 5248 καὶ

2291 5326 2367 5396 (5)
2398 5323 2627 5396 Regius,
2658 5321 2830 5396 εἶπαν.

2311 5391 2371 5467 6)
2394 5391 2608 5465 Regius
2639 5395 2829 5467 prima
2859 5411 3061 5467 manu,
3093 5391 3356 5467 έντυχεία.

2311 5398 2345 5451 6
2394 5397 2608 5465 Regius
2639 5397 2829 5467 prima
2859 5411 3061 5461 manu,
3093 5397 3211 5448 έντυ
3260 5397 3356 5450 εία.

2287 5397 2371 5550 (7.)
2399 5467 2499 5522 Καὶ
2533 5468 2694 5522 deest
2725 5467 2783 5522 in
2817 5466 2986 5525 editis
3019 5471 3074 5523 et
3104 5467 3163 5522 in
3201 5413 3404 5535 litasin
3432 5464 3533 5522 sed
3566 5462 3784 5537 legitur
3813 5463 3877 5520 in

2216 5540 2586 5682 Fe(%l)oi3ditio
2644 5609 2820 5665 Basil.
2873 5614 2930 5664 et
2984 5610 3195 5682 Regius
3244 5611 3437 5682 prima
3484 5624 3687 5682 manu,
3731 5604 3878 5660 οἳτᾶ

2287 5613 2365 5734 (8)
2396 5613 2586 5665 Editio
2644 5613 2820 5694 Basil.
2873 5613 3195 5739 ebRegjus
3244 5613 3437 5682 prima
3484 5624 3687 5691 manu,
3731 5613 3871 5660 οἱτᾶ

2219 5677 2597 5809 satisfied
2631 5682 2682 5734 ot
2715 5699 2774 5737 ιιι
2820 5685 2997 5754 Regio
3043 5699 3076 5740 a
3121 5699 3345 5753 rasum,
3378 5700 3411 5740 a
3441 5681 3612 5738 nobis
3641 5696 3871 5752 expun-

2219 5769 2378 5812 ctum
2403 5769 2512 5812 οι.
