4082 6320
302 387 415 446 821

1529 380 1905 440 EPISTULA
1952 381 2054 438 AD
2097 379 2521 441 JOVIANUM.

3603 383 3720 444 822

302 518 356 574 ἐν
388 520 509 578 ταῖς
540 512 732 570 πόλεσι
796 511 1097 587 βουλευτὴν
1157 513 1234 584 μὴ
1278 513 1352 584 (9)
1410 509 1657 573 ἐάσαντες
1711 509 1950 580 οἰκῆσαι.

2077 512 2269 568 Ariani
2303 512 2575 570 dixerunt
2604 535 2622 569 :
2655 516 2950 587 Rogamus
2979 520 3492 588 te,quemoumque
3520 515 3718 573 volue-

305 607 373 665 Οἳ
429 602 701 681 Ἀρειανοὶ
751 602 922 657 εἶπανο
985 599 1224 674 Δεόμεθά
1281 622 1398 670 σου,
1458 599 1648 656 εἷ’τινα
1706 602 1766 656 ἂν
1797 599 1955 676 θέλῃς

307 695 486 772 χωρὶς
539 691 880 749 ’Δθα-ιασίου.
931 692 993 747 Ὁ
1044 689 1298 767 βασιλεὺς
1359 690 1521 744 εἶπενο
1584 691 1752 746 Εἶπον
1803 691 1952 762 ὑμῖν,

308 785 392 840 ὅτι
421 783 490 838 τὰ
527 783 648 858 περὶ
700 778 1020 845 Ἀθανασίου
1068 778 1176 850 ἤδη
1231 776 1496 848 διοίκησιν
1557 774 1704 853 ἔσχε·
1737 779 1827 833 καὶ
1861 779 1955 842 ὁθ-

307 873 514 950 γισθεὶς
571 873 708 928 εἷπε.
778 869 911 946 Φέρι
967 870 1088 947 φέρι
1140 870 1274 942 (10).
1334 870 1402 924 Οἱ
1461 868 1726 942 Ἀρειανοὶ
1779 869 1952 922 εἶπαν·

310 964 555 1037 Δεόμεθά
585 983 703 1036 σου,
762 959 850 1016 ἐὰν
901 959 1124 1034 πέμψῃς
1171 960 1510 1029 Ἀθανάσιον,
1543 959 1862 1032 λυμαίιεται
1919 961 1953 1028 ἡ

308 1053 472 1114 πόλις
500 1054 685 1124 ἡμῶν,
735 1050 826 1104 καὶ
877 1046 1054 1112 οὐδεὶς
1111 1047 1256 1120 αύτῷ
1314 1049 1650 1123 συνέρχεται.
1699 1050 1756 1105 Ὀ
1805 1049 1957 1124 βασι-

310 1142 438 1204 λεὺς
488 1143 627 1196 εἷπε·
685 1139 873 1194 Καίτοι
932 1138 1420 1214 περιεργασάμενος
1484 1136 1676 1212 ἔγνων,
1734 1135 1814 1190 ὅτι
1869 1157 1958 1190 κα-

308 1232 422 1294 λῶς
452 1234 661 1308 φρονεῖ,
693 1228 782 1283 καὶ
827 1225 1117 1304 ὀρθόδοξός
1167 1226 1411 1295 ἐστι,καὶ
1460 1226 1645 1288 καλῶς
1695 1224 1956 1284 διδάσκει.

307 1321 370 1376 Οἱ
441 1317 714 1394 Ἀρειανοὶ
782 1318 930 1371 εἶπον
994 1318 1125 1390 (11)⁹
1185 1321 1272 1388 Τῷ
1335 1317 1429 1389 μὲν
1486 1317 1712 1388 στόματι
1773 1315 1956 1378 καλῶς

307 1409 618 1488 φθέγγεται,
671 1410 742 1480 τῇ
788 1403 845 1460 δὲ
891 1408 1045 1481 ψυχῆ
1101 1402 1303 1466 δολίως
1353 1411 1560 1483 φρονεῖ.
1611 1407 1670 1463 Ὁ
1705 1404 1955 1480 βασιλεὺς

308 1500 446 1553 εἴπεο
480 1499 654 1556 Τοῦτο
709 1495 932 1571 ἀρκετόν
984 1493 1146 1563 ἐστιν,
1209 1496 1290 1549 ὅτι
1345 1496 1502 1567 ὑμεῖς
1551 1494 1958 1570 ἐμαρτυρήσατε

307 1588 430 1662 περὶ
465 1585 651 1655 αὐτοῦ,
685 1583 768 1640 ὅτι
799 1582 981 1645 καλῶς
1014 1584 1301 1660 φθέγγεται
1333 1585 1422 1638 καὶ
1475 1583 1661 1647 καλῶς
1696 1581 1955 1654 διδάσκει.

307 1676 375 1734 Et
408 1673 560 1749 δὶτῇ
612 1674 838 1748 γλώσσῃ
884 1670 1070 1735 καλῶς
1121 1670 1358 1728 διδάσκει
1407 1674 1499 1728 καὶ
1553 1672 1716 1750 λέγει,
1773 1679 1841 1748 τῇ
1901 1671 1958 1728 δὲ

307 1767 466 1841 ψυχῇ
495 1768 676 1825 κακῶς
707 1768 915 1841 φρονεῖ,
947 1763 1082 1838 πρὸς
1132 1763 1222 1816 τὸν
1268 1763 1394 1817 Θεὸν
1450 1759 1586 1838 ἔχει.
1644 1766 1956 1838 Ἄνθρωποι

309 1854 416 1930 γὰρ
447 1849 599 1916 ὄντες
655 1853 746 1908 τὸν
809 1850 974 1926 λόγον
1031 1851 1320 1924 ἀκούομεν·
1380 1854 1447 1906 τὰ
1504 1849 1562 1906 δὲ
1618 1849 1870 1927 έγκάρδια
1928 1855 1958 1908 δ

311 1942 442 2004 Θεὸς
476 1939 638 1996 οἶδεν.
673 1943 740 1999 Οἱ
793 1941 1062 2017 Ἀρειανοὶ
1117 1943 1286 1995 εἷπον·
1338 1940 1602 1996 Κέλευσον
1648 1944 1795 2014 ἡμᾶς
1829 1964 1949 1996 συν-

311 2033 652 2108 άγεσθαι.Ὀ
711 2029 963 2107 βασιλεὺς
1021 2032 1151 2085 εἶπε.
1211 2031 1304 2093 Τίς
1358 2032 1461 2105 γὰρ
1514 2029 1715 2086 κωλύει
1779 2033 1957 2104 ὑμᾶς;

307 2121 379 2178 Οἱ
437 2119 708 2195 Ἀρειανοὶ
762 2123 914 2175 εἶπον
950 2139 962 2152 ’
1023 2118 1263 2192 Δεόμεθά
1319 2141 1435 2193 σου,
1503 2121 1825 2196 αἰρεσιώτας
1869 2121 1957 2174 καὶ

308 2207 682 2286 δογματιστὰς
730 2212 878 2283 ἡμᾶς
925 2208 1273 2285 ἀπαγγέλλει.
1335 2212 1394 2266 Ὀ
1474 2209 1727 2285 βασιλεὺς
1791 2212 1953 2265 εἶπενο

307 2301 504 2376 Ἒργον
538 2299 703 2355 αὐτοῦ
765 2299 898 2368 ἐστι,
957 2299 1046 2352 καὶ
1093 2304 1201 2354 τῶν
1255 2299 1435 2362 καλῶς
1475 2297 1857 2355 διδασκόντων.
1891 2301 1958 2357 Οἱ

308 2387 584 2463 Ἀρειανοὶ
643 2385 820 2441 εἶπον·
872 2386 1112 2459 Δεόμεθα
1169 2407 1264 2440 σου
1319 2391 1415 2440 τοῦ
1465 2387 1712 2462 κράτους
1767 2391 1956 2441 τοῦτον

315 2477 574 2551 βαστάσαι
625 2475 687 2531 οὐ
739 2474 1046 2548 δυνάμεθα,
1098 2475 1186 2530 καὶ
1234 2475 1299 2530 τὰ
1343 2478 1544 2549 τεμένη
1593 2481 1698 2531 τῶν
1759 2475 1956 2546 ἐκκλη-

313 2570 443 2620 σιῶν
477 2569 756 2642 περιῆρεν.
807 2567 863 2619 Ὀ
919 2564 1171 2640 βασιλεὺς
1223 2566 1365 2620 εἶπεν
1423 2568 1557 2638 (12)·
1609 2567 1819 2622 Οὐκοῦν
1852 2561 1957 2620 ἕνε-

311 2676 402 2710 κεν
431 2675 541 2730 χρη
555 2655 736 2728 μάτων
768 2651 966 2723 ἤλθετε
1000 2651 1128 2722 ώδε,
1180 2656 1270 2708 καὶ
1304 2655 1412 2730 οὐχ
1457 2652 1631 2710 ἕνεκεν
1681 2657 1954 2725 πίστεως;

309 2743 418 2801 Καὶ
472 2741 636 2798 πάλιν
699 2745 885 2798 εἶπεν·
945 2743 1260 2808 ’Δπέλθετε,
1317 2745 1405 2798 καὶ
1466 2743 1788 2818 εἰρηνεύετε.
1841 2747 1956 2800 Ἔτι

311 2832 564 2909 προσθεὶς
623 2833 739 2888 εἷπε
787 2834 924 2907 πρὸς
972 2832 1098 2894 τοὺς
1147 2832 1488 2906 Ἀρειανούςο
1549 2833 1838 2890 Ἀπέλθετε
1885 2834 1959 2895 εἷς

313 2923 413 2991 τὴν
441 2921 753 2991 ἐκκλησίαν,
804 2922 990 2997 αὔριον
1036 2922 1248 2995 σύναξις
1305 2923 1432 2996 ὑμῖν
1478 2923 1608 2977 ἐστι.
1663 2923 1762 2980 Καὶ
1829 2924 1960 2996 μετὰ

309 3033 416 3081 την
476 3009 762 3081 ἀπόλυσιν,
813 3011 943 3066 εἷ’σίν
1004 3009 1109 3067 ὦδε
1159 3011 1468 3081 ἐπίσκοποι,
1517 3013 1604 3067 καὶ
1666 3018 1957 3086 Νεμεσῖνος

312 3097 422 3156 ὧδέ
453 3099 616 3155 ἐστιν·
667 3096 889 3162 ἕκαστος
951 3103 1124 3173 ὑμῶν,
1180 3102 1360 3165 καθὼς
1409 3101 1668 3169 πιστεύει,
1723 3102 1959 3177 ὑπογρά-

2069 602 2173 671 ris,
2202 607 2412 674 praeter
2439 603 3184 679 Athanasium.lmperator
3212 607 3296 662 ait
3325 623 3337 660 :
3373 605 3498 662 Dixi
3529 605 3715 676 vobis,

2067 707 2194 762 quae
2223 692 2613 749 Athanasium
2639 698 3044 769 spoctantjam
3069 698 3388 752 constituta
3417 712 3546 753 esse
3575 697 3718 752 :ira-

2066 785 2282 853 tusque
2312 782 2392 837 ait
2425 800 2436 838 :
2473 783 2620 847 Feri,
2655 784 2775 839 feri.
2824 785 3022 840 Ariani
3074 786 3344 842 dixerunt
3377 802 3389 840 :
3419 785 3717 858 Rogamus

2066 873 2140 939 te,
2176 871 2223 925 si
2253 872 2454 927 mittas
2483 873 2892 944 Athanasium,
2925 875 3074 946 perit
3103 874 3307 931 civitas
3329 879 3548 942 nostra,
3581 873 3717 930 nul-

2067 958 2276 1030 lusque
2299 976 2432 1015 cum
2465 977 2530 1016 eo
2561 963 3370 1035 conventusagit.lmperator
3392 963 3537 1019 dixit
3569 981 3582 1018 :
3617 965 3712 1018 At-

2069 1047 2168 1118 qui
2195 1048 2508 1120 diligenter
2537 1051 2872 1106 sciscitatus
2900 1053 3031 1108 novi
3063 1069 3197 1108 eum
3229 1057 3384 1109 recte
3414 1052 3716 1118 sentire,et

2069 1136 2459 1193 orthodoxum
2489 1155 2638 1209 esse,
2671 1145 2845 1211 atque
2875 1146 3031 1196 recte
3061 1142 3287 1198 docere.
3320 1141 3519 1197 Ariani
3553 1140 3715 1196 dixe-

2069 1231 2206 1279 runt
2225 1243 2236 1280 :
2254 1227 2362 1281 Ore
2375 1227 2614 1298 quidem
2633 1235 2786 1284 recte
2802 1229 3286 1301 loquitur,animo
3303 1235 3498 1286 autem
3517 1229 3718 1286 dolose

2069 1316 2267 1370 sentit.
2303 1319 2624 1389 Imperator
2655 1319 2802 1374 dixit
2833 1337 2846 1374 :
2880 1319 3029 1375 Satis
3059 1320 3168 1376 hoc
3195 1324 3304 1388 est,
3336 1321 3493 1391 quod
3523 1336 3624 1375 vos
3644 1319 3716 1375 de

2070 1402 2170 1462 illo
2206 1407 2492 1462 testiﬁcati
2527 1407 2830 1476 estis,eum
2863 1410 3191 1480 recteloqui
3223 1426 3289 1465 ac
3319 1409 3714 1472 docere.Quod

2069 1498 2119 1553 si
2152 1497 2355 1567 lingua
2387 1497 2627 1569 quidem
2674 1502 2827 1554 recte
2868 1499 3036 1554 docet
3081 1498 3484 1571 loquiturque,
3516 1498 3713 1554 animo

2070 1591 2265 1642 autem
2298 1603 2469 1657 prave
2499 1587 2697 1654 sentit,
2723 1603 2816 1643 res
2848 1587 2931 1642 illi
2963 1605 3098 1644 cum
3129 1589 3246 1644 Deo
3275 1593 3366 1644 est
3399 1606 3412 1643 :
3445 1587 3715 1644 homines

2069 1677 2225 1732 enim
2249 1692 2381 1730 cum
2410 1676 2959 1744 simus,sermonem
2992 1677 3306 1734 audimus:
3332 1694 3460 1749 quis
3491 1692 3624 1732 vero
3653 1676 3712 1730 in

2070 1765 2244 1820 corde
2272 1765 2644 1830 latent,novit
2671 1765 3050 1821 Deus.Ariani
3081 1765 3353 1822 dixerunt
3382 1784 3394 1821 :
3424 1766 3576 1822 Jube
3607 1782 3714 1822 nos

2069 1857 2387 1910 conventus
2418 1869 2606 1924 agere.
2641 1854 2967 1925 Imperator
2994 1855 3139 1910 dixit
3166 1873 3179 1911 :
3213 1856 3356 1922 Quis
3378 1871 3481 1911 vos
3513 1854 3711 1927 prohi-

2070 1943 2212 1998 bet?
2262 1942 2452 1998 Ariani
2503 1942 2817 1998 dixerunt:
2852 1944 3150 2017 Rogamus
3198 1949 3275 2013 te,
3323 1943 3626 2000 hisreticos
3659 1949 3717 2000 et
3787 1975 3790 1979 -

2070 2031 2458 2104 dogmatistas
2490 2049 2596 2088 nos
2624 2032 3230 2106 declarat.Imperator
3251 2033 3422 2089 dixit:
3447 2034 3565 2090 Hoc
3585 2034 3714 2104 ejus

2069 2122 2325 2177 ofﬁcium
2359 2125 2470 2188 est,
2505 2125 2680 2192 atque
2711 2138 2911 2176 eorum
2945 2122 3046 2193 qui
3073 2126 3226 2178 recte
3259 2124 3484 2178 docent.
3520 2121 3713 2178 Ariani

2069 2211 2342 2266 dixerunt
2372 2226 2384 2264 :
2421 2211 2810 2266 Obsecremus
2843 2211 3156 2283 imperium
3178 2213 3535 2279 tuum,hunc
3568 2213 3716 2267 ferre

2068 2318 2183 2356 non
2216 2303 2618 2372 possumus,et
2647 2315 2819 2372 agros
2835 2299 3226 2356 Ecclesiarum
3261 2301 3504 2356 abstulit
3533 2303 3722 2374 Impe-

2071 2395 2225 2446 rator
2257 2389 2403 2444 dixit
2433 2408 2444 2444 :
2479 2389 2866 2444 Pecuniarum
2890 2390 3070 2461 igitur
3098 2390 3284 2462 gratia
3305 2390 3421 2445 huc
3439 2392 3718 2448 accessis-

2071 2480 2232 2550 tis,et
2261 2496 2377 2534 non
2410 2478 2548 2534 fidei
2577 2495 2754 2533 causa
2779 2477 2807 2532 ?
2838 2482 3214 2550 Rursumque
3246 2480 3326 2534 ait
3359 2496 3372 2534 :
3407 2479 3718 2548 Discedite,

2070 2575 2126 2624 et
2155 2567 2456 2640 quiescite.
2490 2571 2777 2623 Praeterea
2797 2569 2868 2623 ad
2901 2567 3148 2624 Arianos
3181 2570 3326 2624 dixit
3361 2587 3373 2624 :
3406 2570 3485 2624 Ite
3515 2571 3586 2625 ad
3617 2586 3712 2625 ec-

2070 2657 2332 2723 clesiam,
2365 2673 2494 2712 cras
2527 2661 2846 2712 conventus
2876 2657 3040 2712 vobis
3089 2661 3214 2725 est;
3248 2663 3306 2713 et
3349 2663 3479 2728 post
3507 2657 3720 2714 dimis-

2070 2745 2295 2802 sionem
2311 2745 2629 2800 adsunthic
2647 2744 2924 2817 episc0pi;
2947 2745 3298 2802 Nemesinus
3323 2746 3460 2800 item
3485 2746 3578 2800 hic
3597 2751 3716 2802 est:

2073 2833 2482 2906 unusquisque
2513 2839 2794 2902 vestrum,
2831 2835 3160 2890 secundum
3195 2835 3250 2889 id
3301 2835 3453 2905 quod
3513 2834 3721 2903 credit,

2073 2923 2418 2981 subscribet.
2454 2923 2805 2979 Athanasius
2835 2924 3008 2978 etiam
3045 2923 3139 2979 hic
3169 2924 3391 2987 est.Qui
3420 2924 3552 2978 ﬁdei
3586 2941 3718 2979 ver-

2072 3015 2211 3069 bum
2245 3012 2648 3078 nescit,discat
2669 3012 2740 3067 ab
2775 3011 3358 3068 Athanasio.Hebctis
3389 3012 3716 3068 crastinum

2074 3107 2128 3158 et
2162 3101 2568 3174 perendinum.
2606 3102 2882 3174 Egredior
2911 3102 3068 3157 enim
3096 3100 3154 3155 in
3188 3117 3484 3173 campum.

308 3193 420 3264 ψει.
454 3189 554 3244 Καὶ
583 3190 903 3254 Ἀθανάσιος
931 3187 1038 3244 ὧδέ
1070 3189 1231 3245 ἐστιν·
1263 3191 1290 3245 ὁ
1325 3192 1400 3264 μὴ
1435 3189 1591 3253 εἰδὼς
1621 3192 1712 3245 τὸν
1744 3193 1839 3260 τῆς
1868 3190 2100 3253 πίστεως
2127 3189 2316 3265 λόγον,
2350 3189 2488 3262 μάθῃ
2518 3191 2661 3262 παρὰ
2692 3189 3028 3247 Ἀθανασίου,
3061 3191 3254 3264 Ἔχετε
3284 3189 3380 3258 τήν
3415 3187 3598 3262 αὔριον
3628 3190 3714 3244 καὶ

308 3281 412 3349 τὴν
447 3277 724 3355 ἐπαύριον.
755 3274 1024 3336 Έκϐαίνιυ
1053 3279 1154 3356 γάρ
1187 3279 1291 3355 ἐγὼ
1322 3279 1400 3342 εἷς
1430 3281 1668 3354 κάμπον.

381 3367 482 3423 Καί
511 3388 596 3430 τις
629 3365 995 3442 σχολαστικὸς
1024 3375 1132 3424 τῶν
1186 3374 1416 3424 κυνικῶν
1469 3370 1688 3445 ἐνέτυχε
1731 3375 1810 3442 τῷ
1873 3372 1956 3444 βα-

2147 3371 2397 3435 Quidam
2425 3371 2601 3425 etiam
2633 3367 3023 3425 scholasticus
3055 3386 3124 3426 ex
3145 3369 3371 3440 Cynicis
3403 3369 3720 3442 imperato-

310 3456 478 3514 σιλιῖ.
532 3456 734 3529 Δέομαί
790 3462 886 3512 τοῦ
947 3457 1226 3533 βασιλείου
1259 3480 1376 3528 σου,
1437 3459 1699 3536 προφάσει
1736 3461 1959 3522 Ἀθανα-

312 3544 434 3602 σίου
467 3545 765 3600 ἱπισκοπου
815 3547 842 3602 ὁ
871 3547 1162 3611 καθολικὸς
1193 3548 1288 3610 τας
1319 3547 1491 3610 οἷ’κίας
1545 3570 1651 3620 μου
1697 3551 1848 3624 ἦρεν.
1902 3555 1960 3606 Ὁ

317 3626 574 3709 βασιλεὺς
605 3637 772 3690 εἶπενο
808 3634 870 3692 Εἰ
903 3638 931 3691 ὁ
955 3635 1252 3701 καθολικὸς
1282 3637 1378 3700 τὰς
1411 3637 1584 3699 οἰκίας
1617 3659 1710 3692 σου
1740 3641 1860 3714 ἦρε,
1907 3639 1959 3692 τί

310 3724 496 3779 κοινὸν
522 3725 828 3798 Ἀθανασίῳ
853 3743 868 3794 ;

384 3814 608 3890 Ἔτερός
646 3835 730 3876 τις
790 3811 1154 3890 σχολαστικὸς
1209 3813 1458 3878 Πατᾶλας
1517 3818 1653 3871 εἴπεο
1711 3823 1956 3890 Κατηγο-

315 3904 435 3979 ρίαν
468 3897 584 3979 ἔχω
614 3903 1110 3962 κατάἈθανασίου.
1142 3906 1203 3963 Ὁ
1241 3905 1495 3981 βασιλεὺς
1527 3908 1661 3961 εἴπεο
1695 3905 1792 3960 Καὶ
1821 3905 1883 3960 σὺ
1903 3905 1954 3960 τί

311 3994 492 4047 κοινὸν
526 3988 675 4068 ἔχεις
705 3993 842 4068 πρὸς
872 3994 1248 4067 Χριστιανοὺς,
1280 3993 1492 4064 Ἕλλην
1525 3993 1597 4048 ὢν
1630 4014 1642 4063 ;

381 4083 540 4144 Τινὲς
591 4081 648 4137 δὲ
697 4086 794 4137 τοῦ
851 4082 1098 4154 πλήθους
1157 4088 1262 4138 τῶν
1323 4083 1648 4160 Ἀντιοχέων
1692 4084 1954 4160 κατέσχον

312 4170 568 4242 Λούκιον,
601 4172 689 4226 καὶ
721 4175 1093 4248 προσήνεγκαν
1123 4178 1202 4246 τῷ
1255 4171 1471 4249 βασιλεῖ
1520 4172 1785 4248 λέγοντες·
1840 4173 1959 4228 Δεό-

318 4262 454 4332 μεθα
481 4262 578 4316 τοῦ
607 4263 835 4338 κράτους
869 4283 964 4316 σου
994 4261 1082 4316 καὶ
1117 4267 1210 4317 τοῦ
1247 4261 1523 4337 βασιλείου
1556 4285 1672 4332 σου,
1711 4261 1789 4317 ἴδε
1841 4262 1958 4318 τίνα

314 4348 592 4418 ἠθέλησαν
621 4356 850 4420 ποιῆσαι
877 4349 1192 4408 ἐπίσκοπον.

310 4492 496 4566 Ἑτέρα
526 4490 748 4568 ἐντυχία
776 4495 889 4567 (13)
916 4494 1055 4572 πρὸς
1082 4497 1166 4572 τῷ
1192 4493 1405 4572 πυλῶνι
1436 4498 1534 4548 τοῦ⁹
1563 4492 1835 4549 παλατιου
1865 4517 1958 4572 γε-

801 4587 860 4620 νο
870 4565 1002 4640 μένη
1035 4567 1180 4642 παρά
1219 4566 1472 4622 Λουκίου.

385 4670 587 4743 Δέομαί
637 4692 733 4727 σου
780 4677 876 4727 τοῦ
929 4672 1183 4747 κράτους,
1237 4672 1462 4728 ἄκουσόν
1513 4695 1637 4746 μου.
1688 4675 1743 4727 Ὁ
1805 4676 1955 4748 βασι-

314 4756 445 4821 λεὺς
476 4757 670 4831 ἐστάθη
721 4762 811 4816 καὶ
861 4763 996 4817 εἶπε·
1050 4763 1146 4818 Σοὶ
1196 4765 1306 4836 (14)
1340 4763 1486 4834 αὐτῷ
1518 4763 1738 4835 Λουκίῳ
1792 4762 1956 4839 λέγω,

313 4851 439 4902 πῶσ
467 4848 634 4916 ἦλθες
664 4847 791 4920 ὧδε,
843 4850 980 4906 πλοῖ
1024 4852 1058 4921 ἢ
1107 4855 1274 4922 πεζής
1325 4855 1480 4921 (15);
1534 4852 1763 4914 Λούκιος
1805 4854 1953 4908 εἶπε·

313 4935 521 5010 Λεόμαί
553 4959 669 5009 σου,
702 4937 858 5010 πλοὶ,
891 4942 951 4998 Ὀ
994 4940 1248 5016 βασιλεὺς
1293 4943 1428 4996 εἶπε·
1481 4943 1624 5015 Πρὸς
1681 4943 1739 4996 σε
1788 4942 1955 5017 λέγω,

385 5151 473 5230 (9).
498 5155 585 5207 Ita
614 5153 850 5230 Regius.
885 5155 1126 5230 Edttiet
1160 5155 1358 5212 Basil..
1397 5155 1511 5230 μέν.
1547 5158 1718 5225 Ibid.,
1772 5154 1963 5211 ἐάσαν-

313 5242 430 5299 τες,
459 5222 772 5299 Ιβςϐηᾴιῖω
807 5228 974 5299 forte,
1008 5225 1284 5289 ἐάσαντος.

527 5297 766 5376 Iiegius,
803 5295 1122 5376 φερι,’φερι,
1155 5302 1379 5376 absque
1409 5305 1673 5356 accentu.

389 5368 499 5438 (11)
527 5368 740 5445 Regius
771 5368 1183 5443 codex,'efmv,
1219 5368 1391 5429 ctiita
1422 5390 1654 5445 semper
1683 5375 1748 5428 ad
1785 5375 1960 5428 tinem

318 5455 524 5512 usque.
558 5442 730 5512 Editi,
764 5445 934 5498 εἷπον.

385 5511 498 5590 (1ξ3)
538 5511 761 5590 Haech
795 5512 1046 5590 βασιλεὸς
1099 5517 1268 5584 εἶπεν,
1326 5517 1540 5590 desunt
1574 5517 1796 5590 ianeg.
1822 5515 1962 5590 Mox

317 5580 549 5657 Regius,
582 5580 803 5657 ἤλθετεξ
853 5589 1039 5644 Editio
1088 5580 1366 5644 Commel.
1420 5597 1471 5642 et
1505 5589 1701 5657 Basil.,
1733 5585 1956 5656 ἤλθατε.

317 5654 466 5729 ﬁdit.
504 5656 709 5729 Parim,
742 5655 966 5728 ἤλθετο,
997 5661 1296 5717 mendose.
1348 5660 1479 5715 Mox
1508 5659 1596 5713 καί
1629 5654 1764 5717 ante
1793 5657 1956 5713 πάλιν

315 5725 481 5784 deest
509 5727 570 5786 in
600 5725 798 5806 editis,
828 5735 930 5791 sed
954 5725 1210 5790 habetur
1240 5733 1299 5790 in
1329 5729 1958 5806 Reg.Ibid.Reg.,&-:rél-

2069 3477 2190 3516 rem
2223 3460 2466 3532 rogavit.
2502 3464 2658 3531 Rogo
2690 3459 3004 3531 imperium
3049 3463 3240 3514 tuum.
3268 3459 3566 3515 Athanasii
3599 3459 3719 3531 epi-

2069 3550 2228 3623 scopi
2253 3566 2430 3605 causa
2451 3549 2776 3604 catholicus
2799 3547 2944 3603 mihi
2965 3549 3117 3603 aedes
3139 3549 3376 3621 eripuit.
3396 3553 3722 3620 Imperator

2074 3639 2218 3694 dixit
2251 3657 2263 3692 :
2296 3638 2355 3694 Si
2387 3637 2711 3693 catholicus
2744 3642 2875 3693 tuas
2906 3637 3057 3692 ades
3087 3637 3480 3708 eripuit,quid
3513 3637 3621 3693 hoo
3645 3638 3716 3693 ad

2069 3728 2459 3784 Athanasium
2481 3727 2508 3781 ‘?

2136 3817 2299 3872 Alius
2331 3817 2570 3888 quidam
2605 3815 2833 3871 Patalas
2865 3814 3255 3870 scholasticus
3307 3813 3452 3869 dixit
3486 3831 3498 3869 :
3534 3819 3715 3870 Accu-

2067 3906 2352 3962 sationem
2368 3905 2553 3960 habeo
2577 3904 3528 3974 contraAthanasium.Imperator
3541 3903 3712 3959 dixit:

2067 3995 2286 4066 Ecquid
2321 3995 2426 4049 tibi
2459 4011 2595 4049 cum
2625 3993 2995 4062 Christianis,
3029 4009 3163 4047 cum
3195 3992 3276 4048 sis
3307 3991 3590 4063 gentilis?

2137 4085 2383 4149 Quidam
2419 4087 2615 4139 autem
2647 4101 2677 4139 e
2709 4083 2874 4154 plebe
2925 4081 3416 4136 Antiochenorum
3469 4080 3714 4136 Lucium

2067 4173 2643 4247 comprehenderunt
2673 4177 2728 4227 et
2761 4170 3099 4243 imperatori
3131 4169 3490 4240 obtulerunt,
3516 4169 3716 4226 dicen-

2066 4268 2191 4332 tes;
2225 4264 2522 4334 Rogamus
2554 4261 2874 4333 potentiam
2911 4265 3068 4315 tuam
3101 4264 3159 4314 ct
3199 4258 3512 4331 imperium
3545 4263 3714 4315 tuum

2063 4353 2192 4409 vide
2224 4369 2398 4424 quem
2428 4351 2739 4407 voluerunt
2767 4350 3108 4422 episcopum
3142 4349 3520 4405 constituere.

2219 4497 2342 4551 Atia.
2369 4495 2564 4566 petitio
2591 4495 2670 4551 ad
2697 4496 2908 4549 atrium
2939 4494 3140 4548 votatii
3178 4486 3211 4548 ιι
3241 4494 3406 4550 Lucio
3433 4496 3606 4564 facta.

2142 4674 2390 4730 Obsecro
2414 4673 2729 4744 potentiam
2749 4671 3078 4740 tuam,audi
3111 4673 3554 4742 me.Imperator
3573 4670 3712 4725 sub-

2071 4765 2226 4820 stitit
2258 4770 2314 4820 et
2345 4765 2425 4819 ait
2458 4789 2471 4831 ;
2504 4763 2633 4818 Tibi
2676 4761 2790 4834 ipsi
2838 4762 3014 4817 Lucio
3046 4761 3175 4817 dico
3209 4779 3220 4816 :
3257 4759 3551 4831 quomodo
3600 4759 3714 4814 huc

2069 4854 2302 4923 venisti,
2337 4853 2467 4909 navi
2500 4870 2570 4907 ne
2599 4869 2674 4907 an
2707 4851 2883 4923 pedes
2913 4855 2938 4904 γ
2968 4850 3177 4906 Lucius
3227 4848 3373 4904 dixit
3404 4865 3416 4904 :
3453 4849 3606 4919 Rogo
3636 4851 3714 4917 te,

2069 4945 2223 5000 navi.
2258 4944 2579 5016 Imperator
2597 4943 2679 4998 ait
2711 4959 2723 4996 :
2762 4943 2909 4997 Deus
2942 4939 3147 4996 mundi
3176 4944 3234 4994 et
3262 4941 3516 4995 cometes
3547 4937 3720 5007 sol,et

2074 5157 2427 5282 913;.0Paulo
2482 5160 2613 5229 post
2671 5156 2850 5220 idem,
2905 5149 2994 5214 δὸς
3044 5153 3172 5225 (sic)
3221 5149 3350 5216 τοὺς
3381 5149 3718 5226 Ἀρειανούςο

2074 5250 2207 5282 απΞι
2252 5250 2358 5282 ατε.

2072 5230 2358 5284 ἀπέλθατε.

2145 5304 2251 5370 (13)
2288 5301 2498 5371 Regius
2531 5301 2727 5364 codex,
2764 5297 3033 5371 ἐντυχεια.
3067 5300 3200 5371 ΜοιιΔ
3242 5300 3382 5371 Reg.
3411 5297 3613 5371 __B_asiL
3664 5299 3722 5351 et

2071 5366 2247 5428 editio
2288 5366 2768 5437 Coihmeliniana,
2829 5366 3289 5442 metuentes.
3331 5366 3533 5423 ’Editio
3586 5385 3720 5442 vero

2073 5447 2271 5511 Paris;
2308 5445 2451 5517 ποιρά
2483 5443 2734 5509 Λούκιον,
2770 5440 2942 5498 male.
2978 5441 3106 5496 Heac
3139 5440 3338 5497 confer
3395 5456 3530 5495 cum
3589 5440 3715 5495 Soz.

2070 5517 2171 5570 lib.
2208 5535 2280 5581 γι,
2316 5535 2441 5585 cap.
2484 5518 2538 5570 5.

2140 5590 2250 5658 (ii)
2285 5584 2494 5657 Regius
2529 5588 2730 5654 codex,
2765 5584 2827 5638 σύ
2860 5599 3186 5658 perperam.

2141 5653 2254 5732 (15)
2289 5653 2638 5732 ιιιιίὶοείυε.
2673 5653 3194 5724 Εᾶὶιίο’(]οὶῐιω61.,
3235 5653 3376 5724 πεζί.
3399 5653 3717 5724 Ed.Paris.,

2068 5735 2226 5804 πεζῇ.
