4082 6348
338 443 459 505 823
891 439 953 500 S.
1004 438 1433 500 ATHANASII
1475 437 1649 500 OPP.
1700 434 1902 497 PARS
1942 436 1994 496 l.
2025 469 2103 479 —
2131 430 2545 494 HISTORIGA
2593 433 2691 493 ET
2734 430 3214 494 DOGMATICA.
3641 437 3760 501 824

336 575 484 632 luna
505 575 579 632 iis
599 573 746 647 ipsis
760 575 1105 629 succenseat
1121 570 1221 644 qui
1239 575 1436 627 tecum
1466 569 1948 642 navigarunt,quc

2145 563 2330 633 ιούκιι,
2359 563 2542 625 ὁΘιὸς
2570 566 2667 619 τοῦ
2714 562 2947 637 κόσμου,
2990 562 3081 619 καὶ
3127 567 3385 639 κομήτης
3431 569 3546 640 (16)
3594 568 3757 639 ἥλιος

342 682 459 721 non
493 669 549 721 te
578 664 637 719 in
670 662 824 719 626
847 677 1008 717 mare
1028 659 1370 730 abjecerunt
1398 675 1413 714 :
1439 662 1494 714 et
1515 658 1682 715 navis
1707 656 1809 713 illa
1837 674 1954 713 nun

2145 653 2191 709 ιὶ
2225 650 2456 724 σελήνη,
2489 652 2772 728 ὀργισθείη
2824 652 3011 716 αὐτοῖς
3052 652 3280 717 ἐκείνοις
3319 659 3439 719 τοῖς
3485 657 3757 731 ἔμπλεοι».

337 770 515 825 quam
546 752 606 807 in
661 756 963 823 posterum
1018 746 1296 805 secundis
1348 747 1580 804 fruatur
1614 748 1805 804 ventis
1839 763 1853 801 :
1888 763 1949 803 ne

2146 765 2186 799 ιν
2220 744 2335 816 ἅμα
2365 762 2474 811 σοι,
2506 740 2589 797 ὅτι
2620 741 2721 796 οὐκ
2744 735 2968 817 ἕρῥιψάν
3001 762 3060 797 σε
3089 741 3168 806 εἷς
3196 748 3296 812 τὴν
3340 742 3633 810 θάλασσαν’
3668 750 3758 804 καὶ

340 859 476 899 cum
517 842 744 912 jactata
786 837 1062 895 ﬂuctibus
1106 837 1237 910 erit,
1281 854 1417 893 cum
1467 836 1879 910 navigantibus
1918 852 1952 892 a

2200 836 2332 894 ναῦς
2364 828 2421 886 δὲ
2451 830 2625 903 ἐκείνη
2663 833 2739 905 μή
2774 827 2904 906 ἵσχῃ
2934 831 3009 893 εἰς
3036 833 3127 887 τὸν
3179 830 3389 890 ἅπαντα
3419 835 3620 911 χρόνον
3672 838 3757 894 εὗ-

343 934 577 1004 portum
609 927 888 1001 appellat.

2144 921 2343 997 ρόμους
2372 920 2565 994 πνοὰς,
2601 922 2741 994 μήτε
2770 922 3145 996 χειμαζομένη
3182 924 3317 997 μετὰ
3345 929 3455 980 τῶν
3481 924 3756 1000 ἐμπλεόν-

2099 1032 2209 1065 των
2241 1007 2464 1083 λιμένος
2495 1010 2606 1081 (17)
2657 1007 2842 1085 τύχοι.
3460 1070 3463 1071 ν

411 1109 488 1164 Ac
518 1122 622 1179 per
648 1104 931 1162 Euzoium
965 1104 1341 1179 postularunt
1361 1122 1395 1161 a
1412 1102 1683 1160 Probatio
1713 1106 1772 1159 et
1794 1102 1992 1174 sociis,

2173 1099 2273 1153 Καὶ
2328 1094 2399 1153 δι’
2454 1096 2708 1168 Εὐζωΐου
2769 1096 3003 1169 ἠξίωσαν
3059 1098 3187 1162 τοὺς
3245 1103 3371 1177 περὶ
3423 1099 3749 1180 Προϐάτιον,

343 1196 446 1269 qui
477 1195 714 1252 Eusebii
743 1198 802 1251 et
831 1194 1141 1251 Bardionis
1172 1209 1542 1250 successores
1585 1196 1770 1260 erant,
1802 1208 1955 1247 eunu

2144 1186 2228 1251 οὺς
2262 1185 2554 1264 διαδόχους
2602 1181 2861 1244 Εὐσεείου
2908 1188 2994 1243 καὶ
3048 1186 3381 1266 Βαρδίωνος,
3411 1192 3541 1258 τοὺς
3572 1193 3756 1251 εὐνού-

338 1284 561 1354 chis,nt
583 1282 1155 1340 commendationem
1178 1282 1464 1338 haberent
1482 1280 1748 1338 inﬁdeles
1769 1281 1946 1337 Arian

2143 1299 2260 1352 ους,
2292 1279 2366 1340 ὡς
2391 1274 2484 1331 ἵνα
2514 1274 2823 1331 συστάσεωσ
2874 1276 3117 1353 τύχωσιν
3175 1279 3227 1334 οἱ
3278 1279 3496 1338 ἄπιστοι
3543 1288 3755 1360 ’Δριια-

335 1377 418 1431 Re
442 1372 694 1446 cognita,
745 1371 1067 1445 imperator
1110 1372 1417 1428 eunuchos
1456 1370 1770 1426 tormentis
1807 1369 1943 1442 appl

2142 1365 2208 1422 οι.
2270 1365 2367 1421 Καὶ
2414 1364 2570 1442 γνοὺς
2609 1368 2772 1420 τοῦτο
2820 1364 3095 1440 βασιλεὺς,
3151 1368 3244 1422 καὶ
3290 1368 3420 1433 τοὺς
3452 1371 3754 1448 εὐνούχους

336 1479 480 1519 cans
511 1460 655 1518 divit
678 1478 692 1518 :
727 1461 857 1518 Haec
879 1461 1137 1533 patiatur
1157 1459 1430 1533 quisquis
1452 1458 1696 1515 voluerit
1715 1457 1948 1516 Christi!

2146 1453 2419 1522 ασανίσας,
2473 1455 2620 1509 εἶπεν
2647 1472 2659 1486 ·
2721 1451 2789 1508 E’t’
2837 1474 2921 1515 τις
2988 1453 3233 1532 ἐντυχεῖν
3306 1456 3562 1533 βούλεται
3620 1461 3758 1516 κατᾶ

337 1567 445 1609 nos
474 1552 719 1608 deferre.
754 1551 822 1607 Et
851 1549 936 1607 sic
964 1548 1193 1607 dimisit
1220 1564 1321 1607 eos
1351 1549 1692 1622 imperator.

2144 1547 2468 1619 ἰριστιανῶν,
2495 1545 2720 1599 τοιαῦτα
2749 1540 2933 1607 πάθοι.
2967 1545 3065 1600 Καὶ
3091 1543 3266 1609 οὕτως
3293 1545 3500 1626 ἀφῆκεν
3539 1550 3570 1606 ὁ
3604 1550 3756 1627 βασι.

2146 1632 2252 1688 εύς.

2146 1653 2232 1696 ευς
2239 1676 2252 1689 .

409 1875 524 1946 (16)
552 1873 816 1946 SicReg.
865 1869 1039 1946 Basil.
1093 1869 1357 1946 eteditio
1386 1873 1636 1946 gomm.,
1667 1869 1820 1946 Edit.
1854 1885 1986 1946 vero

982 1869 1039 1927 il.
1093 1869 1357 1946 eteditio
1386 1873 1636 1946 90mm,
1667 1869 1820 1946 Edit.
1854 1885 1986 1946 vero
2097 1885 2330 1946 omnes,
2359 1868 2590 1946 ashiﬁvn.

342 1938 526 2003 Paris.
559 1944 733 2018 male,
759 1938 1070 2016 ἷιοσμήτης.
1125 1941 1352 1999 Ibidem
1391 1938 1632 2015 Regius,
1666 1942 1839 2014 μήνη.
1874 1940 1954 1997 Ali

1348 1988 1352 1999 .
1391 1938 1632 2015 Regius,
1666 1942 1839 2014 μήνη.
1874 1940 1986 1997 Alii
2167 1942 2281 2015 (17)
2313 1940 2531 2015 Regius
2560 1939 2762 2013 codex,
2789 1938 2960 2014 τύχῃ.

1132 2364 1261 2460 ΙΝ
1327 2361 1840 2458 ΑΝΤΟΝΙΙ
1908 2363 2285 2458 VITAM
2353 2362 2958 2460 MONITUM.

414 2752 456 2806 Ι.
488 2752 723 2809 Antonii
754 2752 952 2823 Vitam,
979 2753 1254 2808 eximium
1282 2750 1580 2807 Athanasii
1600 2768 1759 2823 opus,
1790 2751 1939 2807 haud
1967 2751 2065 2807 diu
2080 2760 2201 2825 post
2228 2754 2449 2809 Ioviani
2472 2760 2717 2823 tempora
2744 2752 2951 2809 editam
3000 2754 3316 2826 opinamur,
3345 2769 3492 2811 anno
3523 2755 3763 2811 circiter

334 2841 460 2911 365,
492 2857 595 2913 quo
622 2841 815 2898 sedata
840 2841 1227 2913 persecutione,
1260 2842 1498 2897 invictus
1526 2841 1659 2912 ﬁdei
1681 2840 1957 2912 defensor,
1990 2842 2047 2897 in
2069 2858 2203 2914 pace
2229 2841 2449 2898 demum
2480 2842 2835 2899 Alexandria:
2874 2842 3222 2901 morabatur.
3260 2844 3603 2915 Rogantibus
3652 2861 3757 2900 au-

333 2935 441 2986 tem
464 2932 869 2987 transmarinis
901 2929 1202 2999 monachis,
1232 2933 1303 2997 et,
1338 2934 1396 2986 ut
1425 2945 1548 2987 vere
1576 2930 1794 3001 quidem
1821 2932 2058 2999 videtur,
2090 2931 2547 2998 Occidentalibus,
2576 2946 2699 2988 eam
2737 2932 3081 3004 conscripsit,
3129 2936 3189 2988 ut
3224 2935 3462 2989 testatur
3501 2935 3618 3006 ipse
3645 2934 3750 2989 sub

337 3018 587 3075 initium.
622 3020 802 3092 Neque
825 3034 990 3090 porro
1021 3019 1355 3075 assentimur
1385 3020 1460 3074 iis
1491 3020 1607 3090 qui,
1640 3018 1800 3090 quod,
1834 3017 1945 3093 Πρὸ

2163 3016 2214 3073 ἐν
2241 3022 2311 3092 τῇ
2344 3018 2462 3093 ξένῃ
2517 3018 2816 3094 μοναχούς,
2862 3025 3235 3094 nuncupetur,
3284 3022 3512 3078 missam
3555 3010 3757 3094 putant

337 3107 411 3164 ad
439 3108 731 3165 monachos
759 3108 1087 3164 monasterii
1115 3107 1430 3177 cuiusdam,
1461 3109 1553 3163 cui
1573 3123 1773 3163 nomen
1802 3109 1943 3164 Xene
1969 3109 2162 3179 fuerit,
2208 3113 2305 3165 aut
2350 3111 2600 3178 regionis
2646 3111 2765 3176 eius
2792 3111 3034 3166 nominis
3079 3111 3231 3168 circa
3279 3109 3510 3168 Scethen
3541 3126 3557 3166 :
3589 3127 3757 3184 quam

347 3210 455 3267 quo
476 3201 637 3268 pacto
666 3198 1102 3253 transmarinam
1132 3197 1449 3252 existiment
1477 3197 1768 3252 nescimus.
1800 3196 1940 3252 Nam
1967 3212 2028 3253 eo
2051 3213 2283 3269 prorsus
2310 3198 2464 3254 modo
2492 3199 2582 3253 hic
2638 3198 3065 3270 intelligendum
3121 3198 3339 3255 videtur
3367 3195 3418 3252 ἐν
3472 3198 3596 3272 ξὲνῃ
3652 3215 3758 3271 quo

349 3301 544 3357 supra,
572 3302 627 3357 ρ.
657 3287 750 3355 99,
786 3283 920 3358 μετᾶ
947 3285 1050 3352 τὴν
1081 3283 1169 3339 ἐπὶ
1203 3283 1378 3355 ξένης,
1410 3283 1528 3338 ἀντὶ
1557 3290 1657 3354 τῆς
1711 3282 1934 3356 οἱκείας,

2151 3284 2431 3361 οῤῥοτάτω
2482 3281 2787 3363 διατριϐήν.
2839 3291 2981 3345 Post
3037 3287 3239 3360 vitam,
3283 3290 3512 3357 scilicet,
3560 3288 3761 3345 relicta

346 3376 561 3447 patria,
592 3375 653 3431 in
682 3380 960 3431 extranea
989 3375 1226 3448 regione
1257 3376 1337 3445 (in
1367 3374 1574 3447 Gallis)
1606 3390 1845 3449 peregre
1877 3380 1958 3432 acl

2141 3378 2186 3433 Et
2211 3394 2268 3449 ρ.
2304 3375 2428 3446 136,
2461 3377 2563 3433 Καὶ
2611 3375 2715 3452 γὰρ
2766 3382 2864 3447 τῆς
2912 3375 2999 3431 ἰπὶ
3050 3376 3203 3447 ξὲνης
3252 3375 3417 3432 αὐτοῦ
3466 3371 3753 3449 διατριϐῆς

335 3460 493 3536 ὖμιῖς
529 3461 849 3538 παραμυθία
878 3461 1155 3538 γεγόνατε.
1186 3464 1303 3520 Vos
1333 3463 1487 3519 enim
1521 3462 1602 3519 illi
1636 3464 1696 3520 in
1726 3468 1947 3521 extrant

2145 3471 2263 3523 ioue
2314 3465 2400 3538 (in
2429 3465 2617 3538 Italia)
2664 3466 3052 3523 commoranti
3106 3466 3495 3523 consolationi
3543 3466 3757 3524 fuistis.

337 3553 511 3625 Atque
537 3569 608 3609 ex
636 3553 726 3609 his
752 3555 982 3625 fortasse
1013 3554 1146 3610 locis
1175 3554 1455 3625 suspicari
1482 3554 1665 3625 liceat,
1694 3555 1919 3610 nomine
1948 3552 2119 3623 ξένης,
2150 3555 2392 3612 indicari
2419 3572 2814 3628 nonnunquam
2841 3555 3061 3629 proprie
3087 3555 3447 3613 occidentales
3470 3557 3751 3627 regiones,

332 3649 455 3697 tum
481 3642 627 3715 quod
650 3643 843 3715 procul
874 3646 1105 3700 remota
1132 3648 1183 3699 et
1213 3644 1611 3701 transmarina
1637 3652 1835 3712 essent,
1867 3648 1987 3699 tum
2005 3646 2175 3699 etiam
2205 3643 2347 3716 quod
2374 3644 2591 3700 diversa
2620 3644 2706 3700 ibi
2732 3644 2935 3714 lingua
2964 3645 3418 3702 ebtineret.Certe
3436 3646 3497 3701 in
3519 3642 3752 3701 Italiam

334 3730 517 3788 (ἔνευε
546 3732 927 3788 transmissum
958 3734 1221 3805 oportuit,
1251 3748 1377 3789 cum
1407 3733 1487 3789 ibi
1513 3749 1635 3788 eam
1669 3732 1939 3804 Evagrius
1970 3734 2161 3790 Latine
2187 3731 2561 3801 transtulerit,
2594 3738 2655 3788 ut
2680 3734 2834 3804 infra
2860 3733 3097 3789 dicimus
3125 3752 3146 3791 :
3173 3749 3277 3789 nec
3309 3734 3522 3788 mirum
3571 3734 3757 3791 Graece

330 3822 593 3893 scriptam
620 3822 771 3877 mitti
798 3822 873 3877 ad
918 3822 1166 3892 Latinos,
1214 3822 1313 3876 ubi
1354 3822 1427 3877 iis
1470 3822 1801 3893 temporibus
1846 3825 2038 3879 Graece
2083 3822 2470 3894 intelligebant
2510 3822 2768 3892 plurimi.
2822 3822 2978 3878 Certe
3027 3821 3400 3879 Occidentales
3446 3821 3757 3893 intelligere

329 3912 557 3967 omnino
590 3910 809 3967 videtur
839 3911 1196 3981 Athanasius,
1244 3926 1369 3966 cum
1396 3913 1713 3981 gratulatur
1750 3912 1817 3966 de
1845 3914 2241 3983 propagatione
2284 3912 2755 3967 monasteriorum
2800 3917 2859 3968 et
2902 3912 3300 3968 monachorum
3332 3926 3346 3966 :
3381 3908 3480 3964 Καὶ
3527 3910 3628 3985 γὰρ
3658 3908 3749 3964 καὶ

326 3999 455 4072 παρ’
486 3997 614 4072 ὑμῖν
648 3997 847 4054 λοιπὸν
885 4001 1246 4074 μοναστήρια,
1272 3998 1362 4053 καὶ
1390 3999 1453 4053 τὸ
1481 4002 1588 4053 τῶν
1625 4003 1884 4075 μοναχῶν
1917 3997 1938 4053 ὃ

2131 3997 2482 4055 πολιτεύεται.
2530 4003 2679 4056 Nam
2729 4000 2885 4073 apud
2931 4016 3034 4057 vos
3064 4016 3296 4072 quoque
3339 4000 3464 4073 jam
3505 3999 3743 4056 demum

326 4091 467 4145 sunt
496 4088 878 4156 monasteria,
909 4093 967 4145 et
996 4088 1421 4145 monachorum
1453 4105 1667 4145 nomen
1697 4088 2044 4146 celebratur.
2072 4089 2225 4159 Quod
2254 4089 2351 4145 vix
2395 4088 2467 4144 ad
2519 4088 2707 4163 Syros,
2754 4089 2979 4157 Cilicas,
3026 4090 3110 4146 vel
3153 4089 3291 4146 alios
3339 4089 3749 4145 transmarinos

326 4194 495 4251 quam
520 4178 891 4235 Occidentales
919 4178 1127 4234 dictum
1154 4179 1427 4234 credatur.
1461 4179 1718 4235 Nostram
1743 4183 1928 4235 tamen
1954 4177 2324 4249 conjecturam
2352 4178 2649 4251 prudentis
2678 4179 2899 4236 lectoris
2917 4178 3134 4251 judicio
3149 4179 3551 4251 permittimus.

395 4267 467 4323 II.
502 4272 637 4325 Haec
666 4266 861 4326 Graece
886 4269 1133 4339 primum
1162 4268 1381 4338 vulgata
1411 4269 1521 4338 fuit
1568 4283 1715 4324 anno
1766 4268 1927 4335 1611,
1974 4275 2203 4323 curante
2248 4266 2454 4323 Davide
2503 4266 2819 4337 stchelio,
2864 4267 3201 4338 Augustano,
3250 4268 3362 4340 qui
3402 4282 3526 4323 eam
3570 4265 3771 4322 Latine

340 4356 580 4413 reddidit
605 4361 656 4412 et
683 4359 830 4413 notis
861 4358 1182 4424 illustravit,
1215 4357 1365 4413 unde
1391 4372 1514 4414 eam
1538 4358 1784 4413 mutuati
1804 4364 1933 4413 sunt
1968 4357 2310 4413 Parisienses
2339 4358 2610 4413 editores.
2642 4357 2711 4413 At
2739 4373 2863 4414 cum
2889 4356 3098 4415 codices
3126 4355 3328 4430 quibus
3372 4358 3451 4412 est
3482 4372 3610 4412 usus
3635 4356 3767 4413 Hae-

326 4442 575 4502 schelius
607 4444 820 4502 mendis
848 4462 985 4517 pene
1014 4446 1250 4516 inﬁnitis
1278 4448 1597 4516 respersi,et
1622 4462 2023 4518 nonnunquam
2048 4445 2238 4501 mutili
2263 4446 2879 4518 fuerint,imper/eetam
2909 4448 3138 4502 omnino
3167 4444 3340 4502 edidit
3371 4463 3390 4501 :
3421 4445 3522 4518 qui
3548 4444 3602 4501 si
3618 4446 3763 4500 Eva-

325 4533 441 4605 grii
483 4534 797 4589 versionem
824 4533 1216 4602 consuluisset,
1244 4535 1423 4590 multa
1452 4536 1568 4591 loca
1600 4536 1887 4591 restituere
1912 4536 2194 4605 potuisset,
2225 4534 2405 4591 multa
2433 4550 2794 4607 perpurgare,
2818 4536 3000 4590 Licuit
3026 4542 3176 4591 certe
3202 4535 3365 4590 nobis
3406 4549 3511 4607 per
3554 4548 3764 4589 manu-

324 4624 661 4694 scriptorum
693 4622 911 4693 capiam
939 4631 990 4678 et
1013 4626 1422 4694 prastantiam,
1461 4624 1836 4680 emaculatum
1866 4624 2112 4694 vulgare.
2146 4624 2317 4694 Atque
2349 4625 2579 4692 Evagrii
2614 4625 2922 4679 versionem
2949 4639 3067 4678 una
3115 4622 3423 4679 cadendum
3477 4622 3763 4689 duximus;

326 4727 447 4785 quae
474 4712 684 4767 scilicet
711 4714 891 4781 utpote
923 4710 1125 4768 Graecis
1155 4713 1444 4768 Athanasii
1478 4715 1638 4768 aetate
1686 4728 1917 4783 suppar,
1957 4715 2255 4783 permagni
2302 4721 2382 4768 est
2422 4713 2498 4768 ad
2547 4712 2746 4770 Graeca
2795 4712 3166 4769 restaurando
3213 4710 3617 4783 asserendaque
3641 4727 3763 4768 mo-

325 4803 515 4858 menti.
546 4804 685 4858 Eam
715 4800 906 4856 itidem
934 4817 1059 4856 cum
1089 4803 1597 4871 manuscriptorum
1625 4806 1675 4857 et
1705 4802 1924 4873 quidem
1953 4803 2609 4873 antiquissimorum,tum
2642 4811 2880 4858 veterum
2906 4801 3186 4858 editorum
3217 4816 3315 4872 ope
3341 4800 3474 4872 ﬁdei
3497 4802 3764 4873 pristinae

327 4890 617 4947 restituere
643 4890 830 4945 conati
855 4905 1061 4945 sumus.
1094 4889 1263 4945 Edita
1296 4890 1397 4944 illa
1425 4891 1537 4959 fuit
1564 4890 1662 4945 sub
1694 4892 1828 4962 ipsis
1856 4891 2239 4963 typographiae
2272 4890 2625 4947 incunabulis
2650 4907 2685 4947 a
2734 4891 3074 4960 Mombritio,
3127 4905 3194 4946 ac
3253 4888 3461 4946 deinde
3508 4888 3765 4946 omnibus

320 4996 460 5053 pene
488 4980 634 5035 cusis
660 4978 804 5033 Vitae
836 4985 1183 5035 sanctorum
1218 4978 1630 5036 collectionibus
1660 4981 1891 5047 inserta,
1921 4981 2236 5036 accuratius
2274 4980 2494 5036 demum
2546 4996 2582 5036 a
2626 4978 2929 5048 Rosweido,
2961 4987 3014 5035 et
3038 4982 3231 5052 postea
3279 4994 3317 5034 a
3356 4977 3633 5035 Bollando
3654 4993 3761 5051 pu-

330 5070 530 5125 blicata
559 5077 659 5124 est.

346 5198 359 5207 κ
399 5158 501 5215 ΙΙΙ.
542 5159 663 5213 Esse
690 5166 876 5214 autem
902 5174 1224 5230 germanum
1256 5159 1549 5215 Athanasii
1572 5161 1748 5231 fetum
1776 5158 1943 5215 nulla
1971 5164 2052 5216 est
2080 5158 2406 5215 dubitandi
2433 5176 2621 5231 causa,
2642 5174 2743 5217 nec
2771 5162 2904 5215 esset
2932 5156 3083 5229 quod
3133 5157 3196 5211 in
3224 5171 3287 5212 eo
3328 5155 3614 5228 probando
3643 5156 3767 5213 diu—

326 5249 437 5304 tius
466 5248 923 5318 immoraremur,
955 5250 1073 5305 nisi
1098 5257 1424 5305 necatorum
1453 5250 1736 5305 conatibus
1765 5248 2136 5305 obsistendum
2162 5254 2327 5320 foret,
2351 5251 2451 5321 qui
2490 5248 2547 5304 id
2575 5247 2936 5315 contendunt,
2971 5246 3030 5302 id
3074 5252 3343 5318 pugnant,
3389 5253 3452 5300 ut
3495 5261 3631 5317 opus
3660 5246 3762 5304 hoc

326 5338 611 5407 egregium
636 5336 932 5392 Athanasio
957 5337 1271 5407 abiudiccnt
1304 5354 1317 5393 :
1352 5339 1461 5393 imo
1493 5337 1553 5392 in
1583 5338 1708 5408 ejus
1736 5341 2013 5393 auctorem
2040 5339 2249 5410 gravia
2278 5338 2576 5408 proferunt
2605 5334 3213 5407 maledicta,insulsum
3230 5333 3443 5390 scilicet
3470 5333 3763 5390 hominem

327 5433 599 5492 vocantes,
629 5426 867 5497 insignis
896 5426 1194 5498 mendacii,
1229 5427 1469 5496 insignis
1493 5428 1665 5483 scorti
1690 5434 1986 5483 auctorem.
2019 5426 2325 5492 Nimirum,
2359 5426 2586 5496 facilius
2618 5428 2792 5482 multo
2823 5426 2963 5496 ipsis
2994 5426 3072 5482 est
3121 5423 3385 5479 conviciis
3435 5439 3761 5496 oppugnare

330 5531 496 5586 quam
528 5516 893 5586 argumentis.
930 5516 1146 5572 Futilia
1171 5532 1399 5588 prorsus
1430 5521 1560 5571 sunt
1589 5532 1709 5587 qum
1738 5522 2000 5572 hactenus
2020 5516 2301 5570 immisere
2332 5515 2463 5580 tela,
2495 5531 2558 5570 ac
2588 5516 2717 5572 licet
2745 5515 2967 5588 jamdiu
3012 5516 3215 5585 fracta,
3238 5511 3462 5584 jamdiu
3488 5522 3759 5584 quassata

328 5605 559 5672 fuerint,
588 5619 700 5658 non
728 5608 937 5660 cessant
964 5605 1027 5660 in
1052 5605 1173 5662 dies
1200 5621 1265 5661 ea
1292 5607 1414 5678 ipsa
1443 5613 1817 5678 contorquere.
1854 5606 1991 5675 Quae
2017 5604 2195 5661 denuo
2224 5603 2492 5675 depellere
2519 5621 2627 5661 non
2656 5605 2887 5677 pigebit,
2907 5618 3035 5660 cum
3065 5607 3311 5659 veterum
3339 5601 3574 5658 Patrum
3592 5603 3727 5659 testi
3736 5632 3752 5643 -

330 5693 518 5749 monia
546 5690 930 5749 atlulerimus.

402 5785 446 5836 l.
477 5780 651 5852 Atque
680 5784 742 5837 ut
772 5781 999 5838 initium
1020 5783 1093 5838 nb
1126 5785 1243 5857 ipso
1271 5784 1575 5842 Athanasio
1600 5783 1858 5854 ducatur,
1908 5784 1990 5839 ait
2035 5787 2257 5840 sanctus
2301 5781 2485 5841 doctor
2531 5783 2702 5855 infra,
2753 5780 2841 5838 ὅτε
2876 5778 2933 5837 δὲ
2982 5775 3275 5853 ἀπεδήμει,
3322 5774 3411 5832 καὶ
3461 5778 3753 5853 «poeniu-
