4082 6320
235 391 357 451 ses
683 373 692 381 ’
1341 395 1528 456 VlTA
1573 397 1635 454 s.
1687 396 2036 456 ANTONlI.
2067 431 2145 441 —
2179 397 2571 459 MONI'I‘UM.
3537 395 3656 454 8‘26

235 544 414 597 πομεν
449 522 635 593 αὐτὸν,
670 522 744 586 ὡς
777 521 1082 598 ἐφθάσαμεν
1113 525 1191 589 εἷς
1213 528 1311 596 τὴν
1343 526 1545 599 πύλην,
1577 524 1796 593 ὄπισθέν
1827 550 1908 591 τις
1938 523 2066 584 ἐϐόα
2094 531 2251 604 γυνή’
2288 553 2315 582 ‹‹
2345 531 2571 599 Μεῖνον,
2606 528 2853 606 ἄνθρωπε
2880 532 2978 584 τοῦ
3009 533 3162 596 Θεοῦ,
3196 530 3229 599 ή
3265 527 3501 605 θυγάτηρ
3550 548 3655 601 μου

235 611 429 676 δεινῶς
495 612 599 668 ὑπὸ
649 617 747 668 τοῦ
782 611 1065 687 ,δαίμονος
1125 615 1449 692 ἐνοχλεῖται·
1489 623 1695 691 μεῖνον,
1745 617 2066 693 παρακαλῶ,
2102 620 2178 690 μή
2235 619 2388 694 καγὼ
2435 616 2764 674 κινδυνεύσω
2794 617 3086 694 τρίχουσα,
3122 640 3150 668 ››
3181 618 3314 675 Εἶτα
3343 615 3574 678 ἀκούσας
3629 617 3656 670 ὁ

235 702 436 778 γέρων,
469 703 556 756 καὶ
593 703 841 775 ἀξιωθεὶς
869 705 996 780 παρ’
1026 707 1211 779 ἡμῶν,
1245 705 1416 770 θέλων
1451 705 1679 781 ἔμεινεν,
1714 715 1817 764 etc.

2045 714 2223 765 Illth
2264 710 2592 766 discederet
2639 709 3031 781 (Alexandria)
3067 725 3288 780 nosque
3335 708 3500 762 illum
3551 708 3657 764 ho-

238 793 404 850 noris
433 809 614 848 causa
628 794 1133 867 commitaremur,
1157 797 1256 852 ubi
1288 798 1357 853 ad
1391 802 1622 870 portam
1653 799 2049 870 pervenimus,
2083 805 2236 856 retro
2268 799 2480 854 mulier
2505 799 2832 854 clamabat:
2861 819 2888 849 «
2910 799 3161 865 Maneto,
3187 797 3359 853 homo
3395 798 3512 862 Dei,
3538 797 3654 852 ﬁlia

235 899 373 938 mea
403 883 660 955 graviter
679 900 713 938 a
739 884 1004 940 dmmone
1032 888 1274 941 vexatur
1298 903 1310 941 :
1347 891 1603 955 maneto,
1628 903 1935 959 quaeso,ne
1957 888 2104 943 mihi
2127 905 2360 960 quoque
2375 889 2631 944 currenti
2653 888 2730 944 sit
2751 887 3149 960 periculum.»
3172 887 3321 942 Tum
3354 886 3446 943 his
3468 903 3654 942 senex

236 972 485 1040 auditis,
513 971 798 1044 nobisque
831 975 1172 1046 rogantibus
1199 975 1391 1032 libens
1416 976 1702 1043 substitit,
1739 978 1839 1034 Ubi
1864 977 2097 1049 planum
2125 985 2203 1033 est
2234 979 2414 1048 ipsum
2435 977 2799 1032 Athanasium
2821 975 2988 1047 hujus
3033 974 3178 1030 Vita;
3225 976 3543 1047 scriptorem
3591 975 3657 1032 de

228 1078 291 1117 se
312 1062 478 1132 loqui.
510 1065 693 1132 Neque
721 1079 846 1119 vero
876 1071 952 1119 est
981 1064 1121 1135 quod
1140 1064 1378 1131 dicatur,
1410 1066 1588 1121 alium
1615 1082 1726 1122 esse
1755 1066 1851 1138 qui
1872 1066 2070 1136 fraude
2100 1065 2359 1137 quadam,
2379 1065 2671 1121 Athanasii
2697 1081 2991 1137 personam
3029 1079 3154 1136 pra
3191 1081 3248 1120 se
3282 1067 3454 1136 forat.
3509 1068 3653 1121 Nam

239 1150 360 1206 haec
377 1151 503 1222 ipsa
531 1150 695 1207 verba
724 1152 783 1208 in
813 1155 1056 1221 Evagrii
1082 1155 1331 1210 versione
1360 1157 1737 1226 reperiuntur,
1767 1172 1886 1226 quae
1911 1155 1995 1210 vel
2024 1157 2137 1226 ipso
2158 1154 2449 1211 Athanasii
2476 1164 2738 1226 tempore,
2769 1155 2974 1209 vetuon
3003 1153 3195 1209 multis
3216 1158 3334 1224 post
3363 1153 3481 1224 ejus
3533 1154 3652 1208 obi-

232 1247 356 1293 tum
373 1239 540 1293 annis
567 1240 900 1294 concinnata
919 1242 1053 1310 fuit.
1084 1243 1266 1314 Neque
1285 1258 1413 1300 vero
1437 1248 1567 1315 puto
1595 1259 1849 1314 ausuros,
1879 1247 2182 1312 novatores,
2204 1244 2550 1316 quantalibet
2581 1259 2716 1298 cura
2771 1244 2898 1298 huic
2920 1245 3074 1314 operi
3111 1240 3321 1302 νοθείας
3380 1244 3656 1298 maculam

232 1342 527 1397 aspergere
556 1332 840 1394 conentur,
871 1328 1054 1385 dicere
1067 1329 1202 1401 ipsis
1230 1331 1524 1387 Athanasii
1540 1333 1898 1404 temporibus,
1929 1333 2017 1387 vel
2047 1332 2217 1387 hauld
2229 1332 2326 1387 diu
2346 1336 2461 1402 post
2491 1332 2609 1402 ejus
2638 1332 2872 1397 obitum,
2893 1329 3104 1400 falsum
3125 1330 3497 1386 Athanasium
3523 1332 3650 1386 Vita

233 1415 470 1471 Antonii
495 1417 814 1488 scriptorem
835 1433 956 1474 exc)
972 1422 1090 1473 tum
1117 1435 1277 1486 esse;
1305 1421 1463 1492 cujus
1487 1435 1641 1492 opus,
1679 1421 1919 1476 Vitama
1948 1435 2070 1476 vero
2093 1421 2394 1476 Athanasio
2419 1421 2682 1492 scriptam
2710 1421 2801 1475 ita
2825 1419 3160 1486 obscuravit,
3195 1426 3254 1474 ut
3299 1421 3520 1475 nemine
3555 1420 3655 1476 ab-

229 1506 463 1562 sistente
492 1506 612 1563 haec
625 1505 862 1562 admissa
893 1508 967 1562 sit
1001 1508 1071 1562 ab
1091 1509 1364 1577 omnibus,
1389 1510 1770 1566 Athanasiana
1797 1525 1924 1565 vero
1953 1510 2201 1579 neglecta
2233 1509 2384 1565 haud
2415 1509 2510 1565 diu
2535 1517 2724 1580 postea
2745 1509 3045 1564 interierit.

303 1654 359 1710 2.
393 1651 688 1722 Gregorius
715 1654 1132 1725 Nazianzenus,
1164 1660 1304 1712 oret.
1337 1657 1427 1721 21,
1459 1655 1609 1713 haud
1640 1657 1800 1726 longe
1827 1656 1895 1712 ab

2044 1658 2090 1713 io
2119 1673 2138 1712 ,ο
2165 1653 2344 1709 Πάντα
2396 1653 2580 1726 μέντοι
2636 1653 2702 1708 τά
2753 1651 2959 1708 ἐκείνου
3018 1655 3136 1726 (τοῦ
3184 1651 3528 1727 Ἀθανασίου)
3561 1653 3656 1711 λὲ-

229 1761 345 1816 γειν
376 1761 436 1796 τε
469 1739 560 1795 καὶ
592 1742 903 1813 θαυμάζειν,
939 1743 1272 1818 μακρότερον
1303 1743 1364 1797 ἂν
1394 1741 1477 1814 εἷή
1510 1745 1704 1820 τυχὸν,
1733 1743 1767 1812 ἢ
1802 1743 1939 1798 κατᾶ
1965 1744 2067 1813 τήν
2101 1748 2372 1818 παροῦσαν
2426 1744 2603 1817 ὁρμὴν
2660 1746 2758 1798 τοῦ
2819 1742 3008 1817 λόγου,
3038 1741 3126 1797 καὶ
3182 1742 3424 1818 ἱστορίας
3483 1738 3658 1819 ἔργον,

238 1830 341 1887 οὐκ
389 1829 684 1908 εὐφημίας·
721 1829 754 1885 ἃ
782 1832 868 1886 καὶ
920 1828 1033 1902 ἰδίᾳ
1070 1829 1404 1907 παραδοῦναι
1453 1836 1634 1908 γραφῇ
1683 1829 1959 1906 παίδευμα
2005 1853 2065 1888 τε
2111 1832 2200 1888 καὶ
2249 1829 2468 1906 ἥδυσμα
2497 1838 2614 1895 τοῖς
2647 1831 2722 1895 εἷς
2752 1829 2970 1907 ὕστερον
3005 1830 3174 1908 εὐχῆς
3203 1827 3356 1906 ἔργον
3388 1830 3510 1904 ἆμοὶ
3549 1831 3656 1887 ὥσ-

239 1939 344 1996 περ
395 1919 455 1974 ὃν
514 1918 717 1982 ἐκεῖνος
751 1921 1047 1976 Ἀντωνίου
1103 1925 1200 1976 τοῦ
1255 1920 1402 1976 θείου
1451 1919 1568 1997 βίον
1615 1921 1932 1997 συνέγραψε,
1953 1926 2051 1977 τοῦ
2102 1919 2397 1995 μοναδιχοῢ
2431 1921 2548 1996 βίου
2579 1920 2902 1995 νομοθεσίαν
2935 1921 2986 1975 ἐν
3017 1919 3298 1994 πλάσματι
3329 1917 3654 1994 διηγήσεως.

235 2013 430 2082 Atque
460 2013 644 2066 totam
676 2011 915 2083 quidem
937 2010 1286 2084 (Athanasii)
1314 2011 1494 2069 vitam
1529 2028 1800 2070 sermone
1839 2017 1898 2068 et
1918 2013 2303 2069 admiratione
2336 2013 2611 2085 prosequi
2649 2012 2886 2086 longius
2926 2013 3175 2068 fortasse
3224 2010 3420 2078 fuerit,
3473 2025 3652 2082 quam

246 2098 532 2156 orationis
563 2099 811 2171 hujusce
829 2099 1170 2157 institutum
1214 2101 1396 2170 ferat;
1431 2108 1604 2174 atque
1634 2101 1890 2158 historiae
1923 2119 2071 2175 opus
2104 2102 2299 2171 fuerit,
2335 2119 2449 2158 non
2473 2102 2754 2170 encomii;
2781 2119 2959 2175 quam
2982 2102 3130 2158 627
3166 2100 3446 2168 etiam,ut
3465 2103 3658 2172 poste-

243 2187 328 2244 ris
359 2189 713 2245 documento
736 2193 910 2263 atque
940 2189 1315 2247 oblectationi
1346 2191 1628 2262 futuram,
1652 2191 1886 2264 proprio
1917 2191 2132 2264 scripto
2157 2191 2436 2248 mandare
2466 2207 2598 2248 cum
2618 2190 2823 2264 primis
2837 2194 3100 2263 optarem
3122 2188 3653 2261 :quemadmodum

238 2277 370 2349 ipse
399 2276 538 2332 dicti
570 2277 802 2334 Antonii
834 2279 1028 2334 Vitam
1057 2279 1430 2352 conscripsit,
1462 2286 1520 2336 et
1549 2281 1676 2338 vitas
1710 2280 2048 2336 monasticis
2085 2280 2244 2354 leges
2274 2281 2629 2338 narrationis
2683 2280 2876 2354 specie
2934 2279 3191 2336 tradidit.
3238 2278 3432 2334 Vitam
3477 2278 3655 2348 igitur

239 2365 476 2421 Antonii
506 2368 726 2439 scripsit
755 2367 1106 2438 Athanasius,
1138 2384 1267 2440 qua
1289 2371 1415 2426 vitae
1442 2369 1759 2428 monasticae
1785 2386 1985 2428 norma
2012 2378 2132 2426 erat
2149 2388 2168 2425 :
2189 2371 2331 2443 quod
2359 2372 2489 2426 huic
2517 2372 2770 2443 apprime
2784 2371 3054 2426 convenit.

310 2508 364 2563 3.
387 2509 764 2581 Hieronimus,
795 2509 876 2566 De
906 2511 1290 2583 scriptoribus
1319 2511 1752 2583 ecclesiasticis,
1787 2529 1908 2584 cap.
1934 2513 2036 2568 125
2061 2531 2074 2582 ;
2100 2513 2378 2586 Evagrius
2409 2512 2732 2569 Antiochia
2763 2512 3098 2586 episcopus,
3131 2511 3284 2567 acris
3323 2527 3388 2566 ac
3437 2509 3657 2564 ferven-

237 2597 316 2652 tis
348 2596 590 2670 ingenii,
623 2615 760 2655 cum
791 2599 985 2656 adhuc
1007 2605 1164 2658 esset
1184 2602 1508 2674 presbyter,
1542 2602 1909 2659 diversarum
1929 2601 2282 2676 hypoteseon
2314 2609 2600 2661 tractatus
2631 2603 2775 2660 mihi
2806 2603 2968 2676 legit,
2993 2619 3141 2675 quos
3167 2602 3418 2658 necdum
3451 2599 3654 2658 edidit.

242 2686 419 2742 Vitam
449 2704 682 2760 quoque
707 2690 853 2746 beati
874 2690 1104 2746 Antonii
1130 2691 1201 2748 de
1225 2694 1421 2747 Graeco
1448 2691 1830 2748 Athanasiiin
1870 2709 2202 2749 sermonem
2226 2698 2494 2750 nostrum
2524 2691 2846 2750 transtulit.
2882 2694 3051 2765 Hujus
3079 2692 3306 2763 Evagrii
3333 2691 3508 2746 versio
3546 2704 3652 2746 sae-

238 2777 617 2845 pissimecusa
643 2779 777 2847 fuit.
809 2780 1160 2851 Habeturque
1186 2782 1413 2852 Evagrii
1439 2782 1662 2836 nomine
1706 2783 1767 2836 in
1804 2781 2087 2838 codicibus
2143 2783 2415 2839 omnibus.
2474 2785 2691 2855 Ipseque
2745 2784 3112 2854 Hieronymus
3175 2781 3463 2852 prologum
3513 2779 3651 2848 ejus,

243 2867 413 2923 tacito
443 2868 677 2941 Evagrii
703 2870 947 2937 nomine,
977 2871 1228 2942 epistola?
1256 2871 1325 2926 ad
1343 2871 1762 2927 Pammachium
1791 2873 2040 2929 inseruit.
2077 2872 2211 2928 Cum
2239 2877 2423 2928 autem
2457 2875 2729 2942 Evagrius
2760 2874 2818 2928 in
2875 2871 3150 2928 codicibus
3205 2869 3472 2940 editisque
3522 2884 3650 2940 pre-

242 2955 429 3028 sbyter
455 2956 696 3026 dicatur,
730 2975 947 3014 necesse
974 2964 1051 3015 est
1067 2960 1211 3015 hanc
1231 2962 1511 3034 scripserit
1540 2969 1838 3033 antequam
1866 2966 2157 3018 crearetur
2185 2964 2486 3034 episcopus,
2519 2963 2585 3019 id
2613 2972 2692 3018 est
2721 2971 2851 3018 ante
2897 2977 3108 3017 annum
3131 2960 3273 3028 368;
3326 2974 3453 3013 nam
3503 2973 3648 3012 anno

243 3045 349 3100 368
379 3049 439 3101 in
471 3051 849 3120 episcopatum
880 3050 1272 3106 Antiochenam
1297 3055 1580 3122 promotus
1609 3053 1735 3123 fuit.
1771 3052 1925 3120 Quod
1951 3055 2002 3108 si
2029 3055 2402 3120 Innocentius,
2427 3053 2495 3108 ad
2525 3069 2687 3125 quem
2729 3053 3024 3124 prologum
3051 3066 3216 3105 suum
3252 3050 3555 3118 nuncupat,
3601 3049 3646 3102 is

246 3137 362 3206 ipse
388 3137 460 3190 sit
490 3138 588 3207 qui
615 3153 761 3194 anno
788 3140 1011 3194 circiter
1032 3140 1137 3194 369
1166 3141 1318 3206 obiit,
1350 3141 1491 3213 quod
1519 3157 1646 3197 rere
1667 3142 1855 3196 simile
1881 3143 2038 3198 nobis
2060 3143 2298 3213 videtur,
2332 3145 2545 3215 aliquot
2575 3145 2702 3197 ante
2731 3142 2940 3198 obitum
2987 3139 3278 3195 Athanasii
3331 3138 3497 3191 annis
3535 3140 3651 3192 ha’c

244 3225 631 3296 interpretatio
667 3228 866 3283 Latina
892 3229 959 3284 ab
992 3231 1228 3302 Evagrio
1258 3229 1415 3286 edita
1429 3231 1619 3301 fuerit.
1653 3231 2017 3299 Quamobrem
2045 3249 2168 3289 cum
2190 3233 2274 3288 vel
2311 3234 2526 3289 vivente
2582 3232 2900 3298 Athanasio,
2957 3229 3040 3285 vel
3091 3228 3341 3300 pauculis
3398 3228 3466 3281 ab
3523 3243 3638 3300 ejus

239 3318 419 3370 morte
447 3317 612 3371 annis
633 3333 800 3373 suam
829 3321 1143 3375 versionem
1171 3322 1520 3376 concinnarit
1548 3323 1835 3393 Euagrius,
1868 3323 1991 3394 ipsa
2017 3338 2151 3378 sane
2180 3323 2300 3378 luce
2331 3321 2574 3377 lucidius
2589 3322 2863 3391 fuerit,ut
2889 3334 3208 3391 germanam
3230 3317 3301 3372 ha
3313 3317 3496 3371 bemus
3516 3318 3652 3372 Eva-

238 3405 360 3473 grii
388 3407 690 3461 versionem
717 3423 792 3462 ea:
823 3406 1004 3463 Graeco
1028 3409 1319 3465 Athanasii
1347 3409 1698 3478 adornatam,
1731 3411 1816 3466 ita
1844 3409 2043 3468 habere
2068 3413 2257 3484 ipsam
2296 3413 2596 3468 Athanasii
2618 3411 2887 3479 Graecam,
2932 3423 3054 3480 qua:
3089 3407 3219 3463 huic
3267 3408 3346 3462 ita
3375 3407 3648 3470 convenit,

238 3501 300 3549 ut
327 3511 400 3548 ne
427 3495 820 3565 interpolatum
848 3497 1072 3567 quidem
1099 3497 1428 3554 utramlibet
1455 3501 1727 3570 suspicari
1757 3500 1937 3555 liceat.
1971 3503 2107 3556 Huic
2126 3504 2450 3571 argumento
2479 3517 2588 3572 qua
2627 3502 2846 3555 ratione
2883 3512 3167 3554 occurrere
3215 3496 3426 3568 possint
3464 3504 3650 3550 neote-

240 3583 370 3646 rici,
397 3585 711 3654 intelligere
741 3587 1037 3659 nequimus
1059 3604 1079 3643 :
1107 3590 1220 3644 nisi
1244 3589 1385 3659 forte
1413 3588 1598 3644 dicant
1627 3592 1879 3644 Gracum
1903 3590 2209 3660 falsificum
2239 3607 2364 3647 cum
2394 3591 2588 3646 Latino
2635 3590 2995 3660 conspirasse,
3055 3594 3151 3641 aut
3205 3584 3410 3640 saltem
3466 3584 3651 3640 eodem

240 3672 425 3728 animo
441 3673 498 3729 id
525 3676 802 3745 facinoris
832 3676 1124 3732 admisisse
1151 3693 1172 3740 ,·
1200 3680 1261 3732 ut
1289 3678 1386 3733 ille
1413 3679 1640 3734 nomine
1669 3679 1976 3734 Athanasii
2004 3679 2065 3734 in
2101 3681 2334 3737 Oriente
2359 3679 2553 3734 Vitam
2588 3677 2826 3734 Antonii
2875 3677 3257 3742 conscriberet,
3299 3675 3390 3729 hic
3445 3674 3504 3728 in
3545 3676 3652 3728 0c-

240 3762 456 3818 cidente
484 3765 708 3834 Evagrii
736 3768 963 3822 nomine
991 3768 1115 3832 eius
1145 3768 1449 3823 versionem
1469 3767 1808 3824 adornaret:
1839 3769 2035 3840 quibus
2066 3770 2148 3824 ita
2176 3785 2259 3825 res
2287 3785 2358 3824 ex
2376 3776 2495 3824 voto
2520 3769 2764 3833 cesserit,
2799 3770 2861 3821 ut
2887 3767 3053 3836 falsis
3099 3764 3326 3835 scriptis
3384 3777 3506 3816 vero
3554 3761 3652 3816 ob-

243 3855 488 3920 ruerint,
519 3860 570 3908 et
593 3853 990 3911 obtitterarint.
1018 3858 1145 3914 Haec
1170 3859 1527 3929 quantumvis
1557 3857 1797 3914 absurda
1824 3858 2084 3928 fortassis
2112 3859 2479 3930 usurpabant,
2511 3859 2608 3928 qui
2633 3855 2811 3912 multo
2839 3856 3094 3928 futiliora
3140 3853 3401 3925 objecere.

313 3999 368 4053 4.
401 3997 599 4053 Eodem
628 3999 725 4054 ille
754 3999 916 4068 libro,
947 4015 1067 4072 cap.
1102 4000 1203 4055 87:
1228 4003 1451 4071 Fertur,
1485 4001 1584 4063 ait,
1612 4000 1918 4058 Athanasii
1950 4001 2214 4070 historia,
2244 4000 2470 4057 Antonii
2513 4001 2772 4057 monachi
2817 3999 3002 4054 Vitam
3031 3996 3359 4052 continens.
3410 3995 3474 4048 Et
3529 4011 3648 4066 cap.

239 4088 310 4142 88
334 4103 348 4155 ;
385 4088 677 4144 Antonius
708 4089 1056 4160 monachus,
1089 4090 1261 4161 cujus
1289 4091 1463 4147 Vitam
1476 4089 1836 4147 Athanasius
1853 4089 2263 4147 Alexandrinae
2280 4090 2444 4146 urbis
2465 4089 2798 4162 episcopus,
2822 4085 3038 4160 insigni
3061 4082 3361 4140 volumine
3383 4098 3655 4154 prosecu-

239 4181 338 4233 tus
368 4180 478 4234 est.

307 4315 362 4368 5.
396 4312 876 4384 Sancti-Ephremi
903 4313 1138 4382 insignis
1167 4318 1348 4369 exstat
1380 4314 1546 4382 locus,
1579 4315 1640 4371 in
1671 4313 1834 4385 illud,
1866 4315 2118 4371 Attende
2146 4314 2253 4370 tibi
2286 4313 2434 4385 ipsi:
2470 4329 2629 4386 quem
2661 4310 3073 4381 longiusculum
3111 4309 3239 4364 licet
3294 4309 3396 4364 huc
3445 4308 3657 4379 referre

235 4403 418 4458 visum
435 4406 537 4458 est.
572 4401 916 4472 Cujusmodi
940 4407 1182 4458 sanctus
1212 4403 1497 4460 Antonius
1527 4403 1770 4474 exstitit,
1795 4395 2292 4474 quemadmodum
2319 4406 2376 4459 et
2406 4408 2646 4459 sanctus
2659 4399 3013 4456 Athanasius
3043 4399 3356 4470 episcopus
3380 4396 3654 4452 meminit

237 4507 298 4564 in
336 4493 454 4548 Vita
483 4507 661 4562 quam
693 4491 764 4547 de
783 4507 850 4546 eo
872 4489 1242 4562 conscripsit.
1279 4491 1424 4548 Nam
1454 4491 1643 4548 multa
1664 4491 2094 4557 exercitatione,
2128 4508 2311 4564 eaque
2350 4491 2680 4546 incitatiore
2729 4507 2796 4545 ac
2849 4488 3286 4545 vehementiore
3341 4492 3430 4543 est
3480 4503 3643 4542 usus.

235 4581 550 4651 Jejunabat
577 4580 738 4636 enim
764 4597 1016 4653 semper,
1050 4580 1578 4652 indumentumque
1608 4581 2127 4654 gerebat,interius
2149 4581 2387 4652 quidem
2415 4580 2697 4649 cilicium,
2717 4579 2970 4634 exterius
2987 4582 3180 4633 autem
3206 4576 3536 4649 pelliceum,
3565 4577 3651 4630 id-

237 4687 354 4743 que
382 4671 455 4726 ad
486 4674 736 4726 mortem
769 4687 957 4741 usque
985 4669 1234 4726 servavit
1266 4688 1280 4740 ;
1308 4669 1390 4725 ita
1422 4675 1484 4725 ut
1512 4686 1701 4743 neque
1731 4687 1946 4742 corpus
1975 4669 2238 4726 sordium
2269 4687 2447 4726 causa
2479 4669 2653 4740 aquis
2682 4668 2968 4737 ablueret,
3002 4683 3193 4740 neque
3226 4666 3458 4737 penitus
3515 4681 3654 4719 suos

239 4760 420 4832 pedes
452 4759 692 4826 lavaret,
726 4775 916 4830 neque
947 4757 1080 4815 illos
1098 4775 1360 4829 unquam
1384 4759 1646 4829 omnino,
1678 4759 1766 4816 vel
1797 4776 1953 4832 aqua
1986 4759 2385 4831 tingeret,nisi
2418 4759 2769 4814 necessitate
2817 4761 3077 4830 cogente.
3133 4756 3242 4811 Sed
3289 4771 3479 4825 neque
3526 4753 3657 4822 quis

239 4865 376 4905 eum
399 4849 760 4905 denudatum
793 4865 1058 4921 unquam
1091 4849 1528 4920 conspexit,nec
1559 4865 1802 4919 prorsus
1822 4848 2062 4905 Antonii
2094 4849 2506 4920 corpusculum
2533 4849 3177 4920 undum,prseterquam
3199 4860 3335 4899 cum
3358 4847 3656 4913 postmer-

237 4943 359 4995 tem
392 4938 760 5012 sepeliretur,
791 4939 1071 5011 cuiquam
1106 4940 1313 5011 patuit.
1355 4945 1670 5012 Rursusque
1699 4941 1816 4996 ait:
1848 4938 1970 4996 Etsi
2000 4940 2118 4996 ista
2139 4941 2212 4996 ad
2237 4939 2398 4996 illius
2431 4940 2703 4995 virtutem
2739 4955 2935 5010 parva,
2967 4954 3037 4993 ex
3083 4936 3156 4990 iis
3212 4939 3410 4990 tamen
3458 4932 3654 5004 qualis

237 5028 340 5084 Dei
369 5045 573 5085 servus
604 5028 780 5086 fuerit
806 5029 1117 5096 Antonius,
1145 5029 1516 5085 considerare
1545 5033 1602 5085 et
1630 5028 1920 5085 aestimare
1940 5029 2335 5101 licet;quippe
2357 5028 2458 5100 qui
2481 5029 2836 5098 ajuventute
2867 5027 2939 5081 ad
2963 5029 3184 5081 tantam
3210 5039 3400 5094 usque
3425 5027 3654 5078 aetatem

235 5117 525 5189 aqualem
557 5135 792 5191 semper
813 5118 1080 5175 servabat
1101 5119 1160 5172 in
1192 5117 1602 5175 exercitatione
1634 5118 1996 5179 alacritatem
2019 5135 2032 5174 :
2057 5122 2114 5174 et
2139 5135 2326 5189 neque
2345 5121 2644 5174 senectute
2684 5116 2926 5181 fractus,
2979 5112 3417 5169 delicatioribus
3451 5112 3654 5167 uteba-

236 5210 337 5263 tur
359 5207 508 5263 eibis
535 5225 548 5275 ;
582 5223 768 5279 neque
799 5211 1036 5279 propter
1064 5207 1428 5264 debilitatem
1459 5207 1724 5279 corporis
1753 5207 2112 5263 immutabat
2125 5207 2214 5264 sui
2230 5206 2563 5262 indumenti
2591 5204 2881 5259 habitum.
2907 5204 3024 5258 Aut
3046 5202 3284 5257 sitforte
3307 5202 3484 5271 pedes
3507 5217 3660 5272 aqua

234 5297 510 5369 tingeret,
532 5301 592 5352 et.
623 5303 818 5352 tamen
838 5297 896 5352 in
919 5298 1197 5353 omnibus
1229 5297 1449 5354 illaesus
1481 5297 1894 5368 permanebat:
1930 5312 2067 5351 nam
2098 5296 2275 5351 etiam
2322 5293 2522 5350 oculos
2553 5293 2763 5348 illaesos
2799 5291 3178 5364 integrosque
3224 5290 3516 5359 servabat,
3569 5305 3655 5345 re-

235 5391 442 5458 cteque
473 5391 798 5442 cernentes.
827 5387 893 5442 Et
923 5403 994 5441 ne
1025 5386 1258 5458 singula
1289 5391 1729 5455 consectemur;
1760 5385 1989 5441 cunctis
2020 5385 2122 5456 qui
2147 5384 2292 5440 cibis
2311 5383 2507 5452 variis,
2539 5386 2595 5438 et
2626 5381 2873 5437 lavacris
2895 5379 3262 5450 diversisque
3291 5377 3659 5434 vestimentis

237 5481 514 5547 utuntur,
549 5477 672 5546 ipse
706 5474 892 5531 multo
923 5474 1213 5532 illustrior
1242 5477 1582 5548 apparebat,
1616 5491 1682 5532 ac
1716 5473 1928 5530 clarior
1944 5478 1999 5530 et
2029 5475 2102 5530 ad
2134 5472 2535 5530 fortitudinem
2556 5470 2822 5526 alacrior.
2849 5470 3045 5527 HaecS.
3080 5469 3336 5541 Ephremi
3357 5467 3654 5522 Athanasio

232 5567 466 5637 aequalis
497 5567 659 5622 verba
686 5581 746 5622 eo
775 5567 1070 5622 retulimus
1095 5583 1164 5621 ea:
1185 5568 1417 5636 integro,
1452 5565 1595 5637 quod
1623 5567 1737 5620 sint
1761 5564 1904 5620 Vitae
1935 5564 2169 5620 Antonii
2198 5563 2617 5631 Athanasium,
2650 5564 2712 5615 ut
2726 5561 2849 5631 jam
2867 5567 3167 5631 comparet,
3197 5558 3369 5613 veluti
3395 5572 3637 5628 compen-

239 5655 425 5722 dium;
455 5660 516 5712 ut
544 5671 702 5712 nemo
730 5671 899 5712 sanus
927 5671 1036 5712 non
1062 5650 1244 5712 videat
1272 5656 1442 5726 fuisse
1461 5655 1564 5711 illa
1596 5671 1666 5711 ea:
1694 5655 1764 5711 iis
1793 5670 2076 5727 expressa.
2122 5654 2272 5723 Quod
2327 5655 2475 5709 enim
2529 5651 2690 5707 habet
2718 5651 2956 5722 Ephrem
3004 5649 3070 5704 de
3100 5650 3254 5704 victu
3292 5647 3345 5703 S.
3403 5646 3650 5717 Antonii,

244 5745 310 5802 de
334 5749 578 5819 corporis
597 5747 847 5815 neglectu
867 5750 918 5801 et
947 5747 1365 5814 maceratione;
1401 5747 1490 5802 hic
1520 5747 1709 5802 omnia
1730 5745 2038 5816 habentur,
2061 5753 2111 5802 et
2136 5759 2260 5818 qua:
2280 5743 2444 5802 initio
2460 5741 2774 5810 attulimus,
2807 5740 3000 5798 iisdem
3023 5739 3199 5797 verbis
3229 5753 3389 5796 num.
3425 5737 3513 5794 47.
