4082 6342
400 401 512 460 821
947 397 1011 457 S.
1060 397 1486 458 A'l‘HANASll
1531 397 1704 457 OPP.
1751 398 1952 458 PARS
2000 399 2045 456 l.
2081 431 2156 444 —
2187 399 2608 461 HISTORICA
2651 402 2751 463 ET
2795 404 3278 466 DOGMATICA.
3697 405 3818 464 828

474 533 530 585 6.
565 530 994 602 Chrysostomus,
1025 530 1257 584 humilia
1285 530 1319 583 8
1343 529 1403 582 in
1434 528 1662 597 Matth,
1692 529 1791 584 sub
1821 530 1987 599 ﬁuem
2015 548 2035 584 :
2067 533 2086 582 Ξ

2203 527 2220 582 ἐ
2247 549 2331 591 τις
2364 526 2624 586 οὐδέποτε
2655 526 2819 603 ἐπέϐη
2869 537 2977 588 τῶν
3026 539 3241 605 σκηνῶν
3292 533 3530 607 ἐκείνων,
3562 532 3815 590 ἐννοείτω

404 619 496 673 τὸν
531 620 697 695 μέχρι
725 624 817 673 νῦν
849 619 900 672 ἐν
923 623 1038 678 τοῖς
1070 617 1316 670 ἀπάντων
1346 617 1604 689 στόμασιν
1639 614 1785 689 ὄντα,
1819 618 1876 671 ’ὀν
1914 617 2048 689 μετᾶ
2075 617 2203 680 τοὺς
2233 619 2571 682 ἀποστόλους
2621 623 2655 690 ἡ
2707 621 2981 698 Αἴγυπτος
3025 622 3242 699 ἤνεγκε,
3274 624 3366 678 τὸν
3417 624 3681 700 μακάριον
3725 625 3817 678 καὶ

410 710 571 784 μέγαν
603 709 912 763 Ἀντώνιον·
943 707 1030 761 καὶ
1064 703 1385 780 λογιζέσθω,
1420 707 1502 760 ὅτι
1533 707 1618 760 καὶ
1655 707 1810 768 οὗτος
1842 705 1892 761 ἐν
1927 705 2099 781 ἐκείνῃ
2128 711 2195 780 τῇ
2228 706 2388 784 χώρᾳ
2424 709 2660 783 γέγονεν,
2695 710 2747 764 ἐν
2877 713 2966 766 καὶ
3022 715 3246 787 Φαραώ·
3284 712 3409 769 ἀλλ’
3455 714 3608 786 ὅμως
3658 711 3814 769 οὐδὲν

403 794 749 872 παρεϐλάϐη,
783 796 928 852 ἀλλὰ
956 797 1043 850 καὶ
1077 795 1223 859 θείας
1254 792 1428 870 ὅψεως
1459 797 1793 867 κατηξιώθη·
1821 796 1909 851 καὶ
1931 803 2180 853 τοιοῦτον
2204 796 2508 869 ἐπεδείξατο
2543 799 2681 876 βίον,
2715 803 2834 856 οἷον
2867 804 2916 857 οἱ
2967 807 3064 858 τοῦ
3113 805 3350 878 Χριστοῦ
3399 804 3560 876 νόμοι
3621 807 3816 874 ζητοῦ-

404 909 508 944 σιν.
539 889 638 941 Καὶ
694 891 854 940 τοῦτο
915 885 1109 940 εἴσεταί
1152 907 1236 948 τις
1295 887 1429 958 μετά
1486 880 1786 961 ἀκριϐείας,
1819 886 2058 962 ἐντυχὼν
2117 892 2194 960 τῷ
2245 883 2445 964 βιϐλίῳ
2475 895 2551 961 τῷ
2579 891 2678 958 τήν
2711 891 2948 966 ἱστορίαν
2982 888 3165 967 ἔχοντι
3195 900 3296 962 τῆς
3327 891 3532 948 ἐκείνου
3565 899 3731 963 ζωῆς,
3766 892 3819 948 ἐν

405 979 451 1049 ᾦ
504 977 592 1030 καὶ
650 973 873 1044 πολλὴν
933 971 1122 1048 ὄψεται
1174 977 1269 1043 τήν
1326 976 1684 1052 προφητείαν,
1716 974 1804 1030 καί
1861 977 1960 1051 γὰρ
2008 999 2017 1029 τ

2207 982 2266 1031 Iw
2298 979 2365 1032 τὰ
2395 979 2611 1054 Ἀρείου
2642 979 2965 1037 νοσούντων.
3006 983 3066 1038 Si
3097 983 3231 1055 quis
3259 999 3392 1039 vero
3423 983 3682 1038 nondum
3716 981 3819 1038 illa

406 1066 552 1123 adiit
575 1065 978 1135 tabernacula,
1007 1066 1058 1121 is
1089 1066 1279 1120 virum
1315 1066 1527 1137 cogitet
1549 1067 1950 1138 quibactenus
1994 1069 2054 1122 in
2105 1069 2370 1124 omnium
2429 1085 2527 1125 ore
2568 1077 2854 1140 versatur,
2913 1089 3087 1144 quem
3147 1077 3280 1144 post
3335 1071 3632 1145 apostolos
3681 1072 3820 1128 tulit

407 1157 707 1228 Egyptus,
741 1157 978 1210 beatum
1013 1155 1237 1211 scilicet
1267 1160 1322 1211 et
1352 1172 1633 1228 magnum
1666 1156 1986 1212 Antonium
2013 1159 2499 1230 :memineritque
2528 1159 2585 1214 in
2611 1161 2997 1217 eademillum
3021 1179 3138 1234 qua
3161 1162 3629 1233 Pbaraoregione
3656 1161 3822 1218 exsti°

407 1246 548 1303 tisse
575 1263 588 1314 ;
624 1244 889 1316 nihilque
925 1252 1116 1300 tamen
1151 1245 1288 1299 hinc
1310 1245 1534 1317 accepit
1558 1246 1917 1316 detrimenti,
1943 1247 2061 1301 imo
2093 1245 2290 1301 divina
2321 1247 2570 1303 donatus
2593 1253 2682 1304 est
2710 1248 2956 1306 visione.
2990 1254 3181 1322 Atque
3206 1249 3323 1306 tale
3352 1251 3480 1304 vitae
3501 1266 3687 1322 genus
3716 1265 3821 1306 co-

403 1334 514 1391 luit
543 1334 776 1405 qualem
814 1333 1117 1406 postulant
1148 1335 1360 1390 Christi
1397 1333 1574 1405 leges.
1599 1335 1818 1407 Cuique
1841 1340 2033 1390 autem
2067 1336 2124 1390 id
2156 1341 2426 1393 accurate
2455 1338 2712 1394 ediscere
2742 1338 2802 1393 in
2857 1346 3135 1411 promptu
3166 1344 3274 1408 est,
3306 1339 3551 1411 legendo
3599 1339 3826 1396 scilicet

405 1424 621 1480 librum
653 1425 711 1479 in
735 1441 848 1494 quo
880 1424 1010 1478 vita:
1045 1423 1204 1478 illius
1239 1423 1487 1479 historia
1519 1425 1878 1479 continetur.
1911 1424 2090 1480 Multa
2111 1425 2328 1496 quippe
2361 1426 2702 1497 prophetico
2740 1428 2889 1483 vidit
2931 1429 3166 1500 spiritu,
3208 1428 3267 1483 in
3309 1428 3526 1499 quibus
3569 1444 3638 1484 ea
3680 1432 3821 1484 sunt

407 1537 534 1593 quas
566 1522 636 1576 de
657 1521 910 1586 Arianis,
943 1525 1051 1577 etc.
1084 1523 1219 1588 Quae
1235 1521 1422 1592 fusius
1453 1522 1535 1576 ibi
1564 1522 1661 1576 ille
1689 1523 2044 1594 prosequitur
2065 1539 2084 1583 ;
2115 1524 2297 1593 aitque
2326 1523 2548 1578 nullum
2579 1541 2825 1596 unquam
2844 1524 3118 1581 exstitisse
3142 1525 3286 1596 apud
3317 1525 3596 1582 haereticos
3626 1524 3818 1594 huius-

403 1610 555 1666 modi
575 1611 782 1665 virum.
817 1611 986 1678 Quem
1011 1614 1195 1665 autem
1229 1610 1320 1666 hic
1342 1615 1609 1666 memorat
1633 1613 1861 1677 librum,
1887 1627 1997 1667 esse
2019 1611 2312 1667 Athanasii
2330 1629 2438 1668 non
2468 1617 2552 1668 est
2581 1614 2816 1670 dubium
2830 1631 2851 1676 ;
2905 1631 3034 1670 nam
3074 1619 3319 1687 fatentur
3373 1616 3613 1684 sectarii,
3653 1615 3822 1670 etiam

405 1701 732 1756 Damasceni
759 1705 997 1770 tempore
1019 1700 1292 1755 exstitisse
1316 1716 1504 1755 verum
1534 1701 1824 1756 Athanasii
1853 1701 1932 1756 De
1964 1700 2197 1756 Antonii
2231 1700 2362 1757 Vita
2393 1701 2615 1774 librum,
2648 1720 2749 1760 nec
2769 1704 2856 1760 vel
2878 1705 3022 1777 ipsos
3051 1706 3187 1776 puto
3233 1704 3496 1770 dicturos,
3534 1705 3660 1778 jam
3701 1701 3819 1773 fal-

406 1791 628 1861 siﬁcum
658 1791 836 1845 alium
858 1789 1088 1845 edidisse
1108 1806 1129 1851 ,·
1150 1791 1248 1860 qui
1265 1791 1414 1844 enim
1438 1795 1552 1844 tam
1584 1789 1793 1845 modico
1810 1790 2313 1862 postAlhanasium
2334 1800 2583 1864 tempore
2610 1794 2713 1849 hoc
2739 1795 2958 1864 facinus
3006 1810 3296 1865 aggressus
3342 1793 3440 1849 ille
3477 1795 3570 1860 sit,
3623 1794 3706 1848 ita
3752 1799 3818 1846 ut

407 1896 542 1952 opus
572 1880 689 1951 ejus
707 1879 877 1934 etiam
908 1895 1145 1952 magnos
1180 1878 1686 1950 eruditissimosque
1716 1881 1881 1946 viros,
1918 1881 2202 1952 ipsumque
2233 1880 2671 1953 Chrysostomum
2710 1884 2770 1938 in
2810 1899 3053 1940 errorem
3094 1883 3401 1941 deduceret.
3447 1883 3620 1938 Porro
3678 1882 3819 1937 visio

404 1969 505 2024 illa
534 1969 598 2024 de
627 1969 854 2023 Arionis
879 1985 1045 2039 quam
1074 1972 1362 2038 meruerat,
1397 1969 1499 2024 hoc
1534 1971 1593 2023 in
1615 1985 1776 2041 apere
1817 1976 2106 2037 narratur,
2141 1986 2266 2025 cum
2309 1971 2443 2026 aliis
2473 1987 2600 2044 quae
2645 1971 2710 2028 de
2764 1972 3082 2046 prophetico
3132 1972 3360 2028 Antonii
3411 1970 3620 2042 spiritu
3661 1970 3820 2025 habet

411 2050 820 2129 Chrysostomus
840 2078 856 2125 ;
878 2073 1004 2132 qua:
1023 2067 1204 2115 tamen
1237 2061 1545 2114 adversarii
1574 2061 1632 2113 in
1661 2058 1957 2114 Athanasio
1979 2073 2144 2131 opere
2173 2076 2283 2116 non
2312 2059 2631 2116 admittunt.

478 2176 534 2241 7,
558 2176 805 2246 Ruﬁnus.
844 2174 884 2231 ι.
917 2193 935 2230 ι
968 2175 1116 2232 Hist.
1148 2174 1287 2232 sccl.
1309 2191 1426 2246 cap.
1461 2176 1531 2231 8:
1564 2175 1645 2231 De
1676 2175 2001 2232 virtutibus
2033 2177 2296 2248 Antonii,
2328 2180 2430 2248 ait,
2459 2182 2637 2250 atque
2664 2177 2953 2234 institutis
3012 2181 3071 2234 et
3114 2177 3430 2234 sobrietate
3484 2175 3720 2244 mentis,
3757 2180 3826 2232 ut

413 2265 475 2320 in
507 2265 835 2321 solitudine
855 2264 1032 2320 vitam
1067 2266 1308 2337 degens,
1343 2282 1488 2320 usus
1516 2264 1887 2321 solummodo
1917 2265 1996 2321 sit
2027 2267 2322 2322 consortio
2354 2267 2700 2339 bestiarum,
2732 2271 2790 2324 et
2817 2269 2890 2323 de
2948 2266 3317 2324 daemonibus
3349 2265 3584 2324 crebros
3640 2279 3824 2337 agens

412 2353 774 2426 triumphos,
809 2353 1094 2425 placuerit
1124 2353 1240 2409 Deo
1271 2371 1450 2426 supra
1475 2357 1719 2410 cunctos
1742 2353 2042 2423 mortales,
2077 2359 2258 2427 utque
2291 2355 2684 2414 institutionis
2713 2373 2832 2412 sua:
2854 2356 3131 2428 praeclara
3162 2372 3352 2428 usque
3379 2356 3439 2411 in
3468 2355 3823 2411 hodiernum

415 2442 567 2498 diem
605 2443 908 2498 monachis
941 2442 1204 2514 exempla
1233 2443 1554 2514 reliquerit,
1587 2444 1878 2499 volentem
1912 2460 2003 2499 me
2037 2443 2233 2516 aliqua
2257 2461 2562 2516 exponere,
2590 2445 2687 2501 ille
2713 2445 2948 2501 libellus
2980 2446 3248 2517 exclusit,
3271 2445 3459 2516 quiab
3499 2443 3825 2499 Athanasio

414 2533 697 2605 scriptus,
729 2531 906 2587 etiam
943 2533 1142 2587 Latino
1176 2548 1446 2588 sermone
1467 2531 1661 2588 editus
1692 2537 1799 2588 est.
1835 2535 1942 2601 Qui
1987 2549 2098 2590 non
2127 2534 2272 2589 videt
2314 2550 2621 2591 memorare
2661 2536 2922 2606 Ruﬁnum
2949 2534 3144 2591 Vitam
3195 2551 3359 2606 quam
3388 2549 3538 2588 nunc
3554 2531 3827 2588 habemus

413 2638 540 2678 cum
575 2623 775 2678 Latina
805 2623 1033 2693 Evagrii
1049 2624 1333 2678 versione?

486 2739 925 2812 8.Augustinus,
951 2737 1212 2794 Confess.
1250 2739 1342 2793 lib.
1369 2755 1492 2808 vm,
1527 2755 1650 2810 cap.
1678 2739 1764 2809 13,
1796 2739 2066 2809 praeclara
2091 2739 2251 2795 habet
2281 2740 2344 2795 de
2377 2739 2632 2807 Antonio,
2683 2740 2936 2812 longiora
2985 2745 3180 2796 autem
3228 2755 3391 2812 quam
3431 2737 3583 2794 628
3634 2739 3696 2792 ut
3736 2738 3828 2792 hic

417 2828 758 2900 oﬂerantur:
785 2843 968 2900 pauca
997 2828 1810 2900 excerpamus:8tupebamus
1841 2831 2056 2895 autem,
2102 2830 2204 2899 ait,
2246 2829 2550 2885 audientes
2601 2833 2719 2884 tam
2758 2829 2974 2886 recenti
3016 2827 3318 2896 memoria,
3371 2843 3551 2900 prOpe
3595 2826 3819 2883 nostris

413 2918 782 2989 temporibus
812 2919 1201 2973 testatissima
1230 2909 1523 2973 mirabilia
1552 2922 1657 2973 tua
1686 2917 1745 2972 in
1771 2919 1882 2973 {ide
1915 2923 2072 2973 recta
2101 2922 2159 2974 et
2187 2917 2477 2974 catholica
2507 2918 2781 2975 Ecclesia.
2806 2920 3023 2974 Omnes
3055 2918 3440 2987 mirabamur,
3467 2921 3524 2973 et
3546 2932 3654 2972 nos
3677 2914 3826 2988 quia

413 3011 532 3063 tam
565 3023 780 3079 magna
807 3010 976 3062 erant
997 3012 1053 3062 et
1074 3005 1170 3063 ille
1192 3007 1607 3078 (Pontitianus)
1641 3007 1778 3078 quia
1809 3007 2076 3062 inaudita
2106 3007 2276 3062 nobis
2314 3011 2500 3076 erant,
2527 3012 2637 3063 etc.
2669 3009 2735 3062 Et
2755 3024 2874 3076 cap.
2909 3009 3012 3075 19;
3045 3008 3311 3079 Surgunt
3338 3005 3557 3062 indocti
3577 3005 3663 3076 (de
3704 3006 3814 3060 An-

414 3098 563 3152 tonio
593 3097 906 3168 loquens)et
936 3097 1145 3152 cmlum
1179 3098 1435 3168 rapiunt,
1468 3101 1524 3152 et
1556 3113 1661 3152 nos
1693 3112 1827 3152 cum
1859 3095 2141 3152 doctrinis
2172 3097 2390 3153 nostris
2423 3097 2548 3152 sine
2579 3098 2770 3165 corde,
2804 3113 2935 3153 ecce
2966 3097 3063 3152 ubi
3096 3095 3430 3152 volutamur
3461 3096 3521 3151 in
3553 3110 3726 3151 carne
3757 3099 3819 3150 et

417 3187 725 3258 sanguine.
755 3187 889 3255 Quae
920 3186 1136 3242 ibivide
1166 3187 1304 3242 lectu
1335 3203 1466 3242 sane
1486 3186 1835 3257 dignissima.
1866 3190 1941 3241 Et
1962 3202 2082 3257 cap.
2114 3186 2223 3241 28:
2255 3185 2572 3242 Audieram
2605 3186 2763 3242 enim
2794 3187 2866 3242 de
2895 3185 3170 3253 Antonio,
3202 3185 3359 3257 quod
3391 3200 3458 3240 ex
3488 3172 3831 3255 evangelica

416 3275 667 3331 lectione
701 3275 793 3330 cui
825 3276 971 3330 forte
1000 3280 1436 3347 supervenerat,
1469 3275 1811 3331 admonitus
1843 3275 2037 3345 fuerit,
2069 3278 2353 3346 tanquam
2377 3275 2486 3331 sibi
2511 3275 2822 3343 diceretur,
2846 3275 3000 3347 quod
3032 3273 3368 3348 legebatur:
3403 3271 3831 3339 «Vade,vende

416 3363 616 3420 omnia
647 3380 772 3435 qua
795 3364 996 3432 babes,
1029 3369 1087 3420 et
1113 3366 1188 3420 da
1212 3363 1593 3437 pauperibus,
1617 3369 1673 3420 et
1706 3364 1950 3420 habebis
1974 3363 2318 3420 thesaurum
2351 3364 2410 3419 in
2433 3365 2616 3432 ccelis,
2647 3369 2705 3422 et
2729 3365 2882 3435 veni,
2904 3379 3151 3436 sequere
3180 3380 3292 3431 me,
3321 3386 3347 3413 ››
3379 3366 3437 3420 et
3466 3361 3570 3418 tali
3593 3360 3831 3418 oraculo

417 3452 727 3510 confestim
760 3454 830 3509 ad
863 3457 919 3510 te
950 3469 1080 3510 esse
1111 3470 1478 3510 conversum.
1512 3457 1651 3524 Quae
1679 3455 1957 3526 ipsissima
1985 3462 2114 3509 sunt
2137 3467 2262 3525 quae
2290 3457 2601 3509 narrantur
2627 3471 2782 3508 num.
2804 3454 2858 3508 2.

486 3581 540 3632 9.
574 3579 726 3634 Idem
753 3581 1089 3650 Augustinus
1118 3582 1179 3636 in
1205 3581 1426 3652 prolego
1459 3581 1540 3637 De
1568 3581 1836 3636 doctrina
1866 3580 2200 3638 Christiana
2224 3598 2237 3640 :
2262 3581 2792 3652 Recordentur,ait,
2811 3595 2873 3636 se
2888 3583 3085 3636 tamen
3109 3595 3211 3652 per
3240 3579 3508 3635 homines
3529 3577 3830 3644 didicisse,

415 3667 504 3724 vel
535 3667 780 3738 litteras,
808 3685 912 3724 nec
941 3674 1248 3742 propterea
1278 3670 1389 3727 sibi
1422 3671 1492 3726 ad
1523 3670 1776 3726 Antonio
1796 3675 1999 3726 sancto
2019 3674 2077 3726 et
2106 3670 2358 3742 perfecto
2385 3669 2507 3725 viro
2528 3669 2793 3742 (Egyptio
2824 3667 3396 3726 monachoinsultari
3436 3667 3667 3734 debere,
3727 3667 3832 3737 qui

419 3757 548 3814 sine
565 3757 686 3813 ulla
715 3758 965 3814 scientia
1003 3759 1334 3816 litterarum
1367 3760 1700 3832 Scripturas
1730 3759 1978 3826 divinas,
2011 3763 2069 3815 et
2093 3760 2428 3816 memoriter
2443 3759 2734 3816 audiendo
2749 3758 3032 3829 tenuisse,
3064 3763 3122 3814 et
3153 3758 3473 3830 prudenter
3513 3756 3832 3829 cogitando

419 3847 778 3904 intellexisse
805 3847 1174 3920 praedicatur.
1204 3852 1278 3906 De
1308 3866 1410 3922 quo
1435 3850 1734 3919 Augustini
1761 3848 1879 3906 loco
1911 3851 2147 3920 inferius
2176 3850 2411 3919 agimus.

491 3966 578 4020 10.
613 3967 905 4033 Paulinus,
927 3968 1148 4038 prologo
1177 3967 1256 4024 ad
1285 3967 1473 4022 Vitam
1510 3966 1696 4022 sancti
1726 3965 2019 4022 Ambrosii
2043 3966 2474 4037 :Hortaris,ait,
2498 3964 2850 4022 venerabilis
2869 3966 3036 4021 Pater
3049 3963 3473 4038 Augustine,ut
3491 3961 3644 4018 sicut
3675 3961 3833 4018 beati

423 4053 924 4126 viri,Athanasius
961 4055 1275 4128 episcopus
1305 4062 1363 4114 et
1395 4058 1782 4127 Hieronymus
1813 4057 2136 4129 presbyter,
2170 4055 2317 4128 stylo
2341 4055 2633 4126 prosecuti
2666 4058 2804 4110 sunt
2839 4056 3015 4110 Vitam
3048 4059 3391 4110 sanctorum
3429 4050 3591 4108 Pauli
3624 4054 3680 4106 et
3715 4053 3837 4106 An-

420 4144 565 4202 tonii
596 4145 655 4202 in
688 4162 883 4202 eremo
915 4146 1262 4218 positorum.

493 4271 580 4325 11.
618 4271 911 4328 Palladius
941 4274 1000 4328 in
1031 4271 1287 4327 Historia
1316 4270 1614 4342 Lausiaca,
1644 4288 1692 4328 c.
1740 4273 1794 4339 8,
1841 4271 1906 4327 de
1942 4271 2105 4326 Amm:

2236 4267 2488 4325 εΤούτου
2545 4270 2724 4341 θαῦμα
2782 4265 3082 4344 διηγήσατο
3143 4267 3172 4321 6
3206 4268 3470 4341 μακάριος
3518 4267 3836 4328 Ἀθανάσιος

422 4360 450 4414 6
487 4357 799 4431 ἐπίσκοπος,
833 4358 1043 4435 γράψας
1100 4357 1178 4421 εἷς
1233 4361 1325 4414 τὸν
1384 4359 1507 4434 περὶ
1539 4358 1834 4414 Ἀντωνίου
1886 4359 2026 4434 βίον,
2059 4356 2560 4434 ὅτι,παρέρχεσθαί
2610 4377 2742 4412 ποτε
2793 4354 3013 4430 μέλλων
3061 4356 3152 4410 τὸν
3206 4355 3382 4410 Λύκον
3416 4355 3660 4429 ποταμὸν
3723 4354 3840 4427 ἅμα

423 4443 691 4524 Θεοδώρῳ
743 4451 959 4522 μαθητῇ
1011 4447 1196 4517 αὐτοῦ,
1229 4443 1514 4504 εὐλαϐεῖτο
1566 4447 1954 4517 ἀποδύσασθαι,
1981 4445 2074 4501 ’ίνα
2125 4447 2200 4521 μή
2250 4447 2454 4522 γυμνὸν
2501 4447 2678 4501 ἕαυιὸν
2713 4443 2801 4521 ἴδῃ
2834 4446 2989 4500 ποτέ·
3023 4444 3110 4500 καὶ
3144 4445 3195 4500 ἐν
3227 4449 3306 4516 τῷ
3335 4442 3613 4517 διαπορεῖν
3673 4443 3837 4498 αὐτὸν

425 4535 500 4598 εἰς
556 4538 620 4591 τὸ
681 4540 849 4613 πέραν
905 4537 1097 4613 εὑρέθη
1155 4542 1252 4592 τοῦ
1311 4541 1586 4610 ποταμοῦ,
1619 4539 1694 4600 ὡς
1753 4537 1804 4592 ἐν
1866 4536 2104 4592 ἐκστάσει
2144 4536 2376 4612 περάσας
2408 4534 2541 4612 δίχα
2565 4538 2841 4613 πορθμοῦ,
2878 4536 2980 4590 ὑπὸ
3011 4532 3254 4612 ἀγγέλων
3293 4533 3657 4610 μετενεχθείς.
3692 4535 3837 4590 Rem

427 4627 636 4682 miram
661 4628 732 4684 de
762 4627 859 4684 illo
885 4628 1143 4683 narravit
1171 4627 1531 4683 Athanasius
1579 4629 1914 4700 episcopus,
1969 4629 2145 4683 Vitam
2193 4627 2572 4683 conscribens
2615 4627 2864 4695 Antonii,
2889 4627 3044 4697 quod
3091 4642 3229 4680 cum
3273 4625 3634 4680 transiturus
3683 4627 3842 4680 esset

422 4717 637 4791 Lycum
671 4717 914 4773 fluvium
939 4733 1072 4773 cum
1105 4717 1408 4773 Theodoro
1442 4716 1732 4789 discipulo
1755 4733 1882 4786 suo,
1907 4722 2320 4788 verereturque
2346 4716 2700 4772 vestimenta
2722 4731 2952 4784 exuere,
2989 4731 3061 4770 ne
3102 4731 3229 4771 sese
3258 4715 3481 4770 nudum
3540 4713 3840 4786 conspice-

424 4811 516 4862 ret
539 4825 551 4864 :
577 4822 710 4863 cum
742 4808 952 4863 anxius
979 4811 1153 4873 esset,
1187 4822 1316 4862 sese
1348 4811 1510 4862 trans
1544 4808 1786 4863 ﬂuvium
1820 4808 2128 4879 reperisse,
2159 4807 2326 4878 quasi
2347 4806 2407 4861 in
2437 4805 2654 4862 exstasi
2687 4805 2910 4877 absque
2941 4804 3162 4877 scapha
3196 4803 3548 4875 trajecisset,
3584 4803 3839 4860 transla-

424 4899 522 4953 tus
553 4897 626 4952 ab
658 4896 903 4970 angelis.
937 4898 1108 4966 Quam
1130 4896 1427 4952 historiam
1457 4897 1620 4952 habes
1650 4898 1709 4952 in
1739 4897 1840 4952 hoc
1869 4912 2046 4968 apere.

496 5021 586 5076 42.
620 5022 886 5090 Socrates,
919 5025 1059 5080 libro
1086 5042 1124 5091 ι,
1157 5039 1276 5094 cap.
1299 5022 1359 5078 21
1404 5039 1416 5078 :
1447 5023 1667 5084 Ὀποῖος
1701 5020 1758 5077 Bt
1787 5022 1853 5090 ἧν
1885 5020 1970 5076 ἐπὶ
2001 5025 2108 5075 τῶν

2228 5026 2313 5074 τῶν
2346 5019 2562 5096 χρόνων
2594 5018 2682 5074 καὶ
2731 5021 2758 5074 ὁ
2806 5018 3050 5093 μοναχὸς
3083 5018 3368 5080 ’Δντώνιος
3426 5017 3478 5072 ἐν
3523 5019 3593 5090 τῇ
3643 5015 3840 5092 ἐρήμῳ

424 5116 524 5178 τῆς
573 5109 878 5186 Αἰγύπτου,
910 5112 986 5174 ὡς
1045 5115 1285 5187 φανερῶς
1316 5115 1432 5173 τοῖς
1493 5109 1743 5183 δαίμοσιν
1793 5109 2168 5178 ἀντεπάλαιεν,
2220 5110 2548 5188 ἐφευρίσκων
2607 5130 2663 5164 τε
2720 5107 2906 5170 ἁπλῶς
2961 5107 3054 5170 τὰς
3110 5109 3305 5182 τέχνας
3353 5106 3527 5162 αὐτῶν
3588 5107 3677 5161 καὶ
3709 5105 3840 5169 τοὺς

427 5195 644 5271 ἄθλους,
677 5199 764 5255 καὶ
824 5201 972 5263 ὅπως
1031 5199 1216 5256 πολλὰ
1273 5199 1439 5255 ἐποίει
1499 5202 1771 5273 τεράστια,
1804 5200 2055 5275 περιττὸν
2113 5199 2291 5274 λέγειν
2351 5202 2517 5272 ἡμᾶς·
2579 5195 2772 5276 ἔφθασε
2822 5198 2924 5272 γὰρ
2982 5199 3295 5261 Ἀθανάσιος
3351 5199 3378 5252 6
3435 5193 3840 5270 Ἀλεξανδρείας

427 5287 739 5357 ἐπίσκοπος,
779 5285 1112 5362 μονόϐιϐλον
1148 5290 1221 5351 εἷς
1252 5288 1343 5343 τὸν
1367 5289 1530 5344 αὐτοῦ
1566 5289 1682 5364 βίον
1717 5289 2020 5363 ἐκθέμενος.

2229 5291 2342 5346 sin
2375 5290 2691 5346 solitudine
2733 5289 2955 5362 Egypti
2996 5289 3170 5346 fuerit
3215 5289 3425 5344 iisdem
3473 5288 3841 5361 temporibus

426 5381 712 5437 Antonius
736 5382 1085 5452 monachus,
1119 5382 1217 5452 qui
1245 5398 1377 5436 cum
1403 5381 1770 5437 daemonibus
1807 5382 1994 5454 palam
2027 5379 2351 5448 dimicavit,
2382 5383 2545 5436 astus
2573 5397 2775 5436 eorum
2808 5385 2982 5452 atque
3013 5379 3259 5435 insidias
3281 5395 3484 5434 omnes
3519 5377 3842 5449 deprehen-

430 5471 612 5538 dens;
647 5475 703 5526 et
733 5474 795 5526 ut
827 5469 1014 5526 multa
1045 5471 1313 5543 prodigia
1345 5488 1409 5526 ac
1442 5470 1725 5528 miracula
1754 5471 2022 5539 ediderit,
2055 5472 2420 5542 superfluum
2466 5468 2609 5524 mihi
2660 5469 2890 5526 videtur
2945 5484 3426 5526 commemorare.
3484 5467 3842 5524 Athanasius

427 5559 643 5632 quippe
673 5559 1035 5616 Alexandriae
1091 5560 1401 5633 episcopus
1425 5561 1656 5632 jamdiu
1689 5561 1904 5616 librum
1965 5576 2149 5615 unum
2183 5559 2254 5614 de
2309 5558 2426 5613 vita
2454 5557 2610 5614 illius
2641 5558 3010 5631 conscripsit.
3043 5557 3195 5614 Idem
3221 5558 3290 5614 de
3314 5559 3587 5614 Ammune
3615 5559 3844 5630 loquens

429 5651 718 5715 monacho,
750 5652 853 5715 ait,
887 5647 1098 5705 Τούτου
1151 5653 1249 5703 τοῦ
1307 5653 1554 5722 ’Δμμοῦν
1614 5650 1712 5716 τήν
1763 5650 1947 5724 ψυχὴν
2003 5649 2134 5721 μετὰ
2187 5648 2410 5711 θάνατον
2470 5643 2993 5722 ἀναλαμϐανομένην
3045 5647 3148 5702 ὑπὸ
3197 5645 3438 5723 ἀγγέλων
3471 5646 3500 5700 6
3531 5647 3647 5700 κατ’
3677 5645 3839 5701 αὐτὸν

433 5738 635 5812 βιώσας
665 5740 953 5801 Ἀντώνιος
1007 5739 1281 5810 ἐθεάσατο,
1314 5741 1387 5804 ὥς
1445 5761 1606 5815 φησιν
1669 5739 1719 5794 ἐν
1777 5746 1854 5812 τῷ
1913 5742 2022 5813 Βίῳ
2052 5738 2215 5795 αὐτοῦ
2274 5739 2303 5794 6
2359 5746 2458 5810 τῆς
2491 5738 2892 5818 Ἀλεξανδρείας
2953 5738 3252 5802 ἐπίσκοπος
3284 5740 3617 5801 Ἀθανάσιος.
3653 5739 3845 5811 Hujus
