4082 6324
300 362 421 424 829
1410 355 1598 416 VITA
1644 356 1708 416 S.
1758 357 2101 418 ANTONll.
2139 391 2213 401 —
2245 357 2637 422 MONITUM.
3604 360 3731 421 830

298 490 617 549 Ammonis
648 489 909 546 animam
942 489 1166 546 obitum
1217 489 1290 544 ab
1346 487 1570 561 angelis
1617 486 1831 556 efferri,
1879 488 2191 558 Antonius,
2241 489 2343 561 qui
2381 489 2591 549 iisdem
2641 494 2868 552 vivebat
2918 493 3307 568 temporibus,
3359 491 3544 560 vidit;
3578 489 3734 548 sicut

301 581 363 637 in
393 581 523 652 ejus
555 579 679 636 Vita
705 577 1066 636 Athanasius
1096 577 1530 634 Alexandrinus
1561 576 1895 649 episcopus.

372 697 706 753 Sonomenus
739 695 883 752 libro
932 713 972 762 ι,
1003 711 1122 767 cap.
1177 695 1265 765 13,
1323 695 1454 751 Vita
1500 694 1728 751 Antonii
1769 695 2151 766 compendium
2201 698 2433 754 adornat
2463 715 2532 754 ea
2583 699 2682 756 hoc
2729 702 2882 758 haud
2909 702 3076 758 dubie
3105 700 3248 756 libro
3266 702 3608 768 excerptum,
3639 693 3736 751 ubi

299 801 412 844 non
443 784 602 842 modo
629 801 736 853 res,
767 784 862 842 sed
890 785 1056 841 etiam
1085 785 1318 856 integra
1347 784 1630 840 sententia
1672 783 1803 840 hinc
1847 784 2270 858 depromuntur,
2323 796 2383 843 ut
2414 790 2643 862 quisque
2690 791 2940 847 videbat:
2971 790 3111 863 quod
3156 799 3342 846 autem
3374 788 3630 861 quadam
3658 786 3737 841 ibi

300 879 644 933 enarrantur
670 890 790 947 qua
817 891 1092 946 nusquam
1111 879 1430 947 comparent
1451 873 1598 945 apud
1625 874 2017 942 Athanasium,
2049 877 2185 946 quid
2213 879 2440 946 mirum,
2472 895 2594 933 cum
2628 884 2880 948 testatur,
2908 883 3022 952 ipse
3049 896 3106 936 se
3133 881 3432 935 minimam
3457 885 3735 947 gestorum

308 967 540 1023 Antonii
565 969 784 1038 partem
829 973 1232 1020 narraturum:
1280 964 1634 1035 horteturque
1682 963 1972 1020 monachos
2001 967 2062 1020 ut
2105 965 2456 1023 sciscitentur
2501 985 2535 1022 a
2573 967 2794 1038 multis,
2827 987 2892 1026 ac
2945 975 3096 1026 certo
3143 971 3322 1025 sciant
3350 984 3406 1023 se
3446 981 3732 1038 nunquam

307 1057 499 1112 omnia
527 1055 688 1111 illius
717 1054 1080 1110 memoranda
1105 1057 1258 1126 gesta
1289 1053 1582 1110 audituros
1605 1055 1633 1106 7

380 1175 468 1229 14.
502 1173 703 1230 Auctor
730 1171 872 1228 Vita
933 1171 1120 1228 sancti
1178 1171 1475 1228 Pachomii
1530 1173 1628 1227 sub
1670 1173 1898 1228 initium
1929 1177 1992 1228 ε’]

2141 1173 2241 1248 γὰρ
2303 1171 2747 1245 ἆσκητικωτάτου
2804 1175 2894 1231 καὶ
2953 1173 3178 1246 ἀληθῶς
3209 1175 3460 1246 ἐναρέτου
3513 1172 3725 1248 Πατρὸς

307 1265 471 1335 ἡμῶν
505 1260 800 1318 Ἀντωνίου
830 1263 1081 1323 τοιοῦτος
1117 1260 1184 1330 ἦν
1218 1261 1245 1315 6
1281 1258 1420 1336 βίος,
1456 1260 1530 1322 ὡς
1564 1261 1591 1314 6
1619 1264 1714 1314 τοῦ
1749 1259 1994 1335 μεγάλου
2025 1260 2241 1332 Ἠλίου,
2291 1265 2380 1318 καὶ
2441 1263 2770 1338 Ἐλισσαίου,
2802 1266 2890 1321 καὶ
2948 1267 3203 1323 Ἰωάννου
3256 1269 3352 1319 τοῦ
3409 1264 3726 1340 βαπτιστοῦ,

305 1350 484 1414 καθὼς
539 1349 630 1405 καὶ
689 1348 976 1428 ἐγγράφως
1037 1354 1300 1426 μαρτυρεῖ
1358 1348 1481 1422 περὶ
1530 1348 1695 1404 αὐτοῦ
1747 1349 1880 1423 μετὰ
1935 1351 2033 1420 τήν
2092 1349 2348 1421 τελευτὴν
2403 1354 2431 1407 ὁ
2475 1354 2776 1428 άγιώτατος
2809 1354 3242 1430 ἀρχιεπίσκοπος
3275 1353 3727 1420 ’Λθανάσιος,καὶ

302 1439 404 1507 τὴν
465 1437 638 1507 αὐτὴν
689 1435 967 1514 διαγωγὴν
1020 1438 1161 1510 ὁμοῦ
1212 1435 1469 1508 δηλώσας
1511 1441 1608 1492 τοῦ
1654 1437 1812 1513 ἁγίου
1841 1438 2051 1512 Πατρὸς
2077 1440 2307 1512 Ἀμοῦν,
2339 1440 2808 1516 ἀρχιμονάζοντος
2843 1441 2894 1496 ἐν
2925 1442 3006 1515 τῷ
3031 1438 3144 1519 ὄρει
3170 1444 3269 1506 τῆς
3300 1439 3520 1516 Νιτρίας
3569 1435 3730 1522 citis}:

306 1531 445 1606 φῶν,
477 1529 567 1583 καὶ
603 1526 696 1583 σὺν
725 1526 872 1600 αὖτῷ
903 1524 1212 1602 Θεοδώρου.
1248 1529 1514 1584 Praeclari
1545 1528 1761 1585 etenim
1794 1545 1918 1585 asce

2141 1546 2274 1586 vere
2301 1530 2619 1588 virtutibus
2651 1532 2849 1588 eximii
2882 1533 3065 1590 Patris
3097 1531 3279 1588 nostri
3310 1529 3573 1598 Antonii,
3597 1529 3732 1586 talis

302 1619 424 1675 vita
454 1618 565 1674 fuit
593 1618 789 1691 qualis
819 1619 1015 1691 magni
1045 1618 1203 1689 Elia,
1236 1617 1426 1674 Elisai
1455 1621 1512 1675 et
1539 1619 1782 1675 Joannis
1815 1621 2112 1691 Baptista,
2146 1624 2211 1676 ut
2247 1620 2306 1676 in
2339 1621 2468 1692 ejus
2498 1621 2631 1678 Vita
2661 1626 2796 1694 post
2824 1627 3072 1679 mortem
3094 1622 3285 1695 ipsius
3314 1619 3535 1692 scripta
3560 1622 3732 1676 testa-

303 1710 404 1764 tur
431 1706 848 1764 sanctissimus
873 1707 1350 1780 archiepiscopus
1378 1706 1774 1766 Athanasius:
1811 1709 1912 1765 ubi
1963 1709 2033 1765 de
2063 1709 2184 1766 vita
2231 1712 2367 1766 item
2419 1712 2734 1769 Ammunis
2766 1713 2887 1785 agit
2933 1711 3355 1769 monachorum
3387 1708 3639 1782 praefecti
3669 1708 3729 1764 in

310 1802 510 1854 monte
537 1797 755 1866 Nitria,
789 1812 895 1852 nec
925 1813 1042 1852 non
1074 1798 1144 1853 de
1171 1796 1494 1852 Theodoro.

386 1915 474 1970 15.
504 1917 747 1973 Joannes
778 1913 1163 1980 Damascenus,
1215 1917 1358 1969 orat.
1408 1915 1433 1968 1
1475 1917 1554 1970 De
1601 1913 2002 1986 imaginibus:
2056 1916 2577 1988 quemadmodum,
2633 1919 2734 1986 ait,
2786 1919 3008 1974 scimus
3050 1918 3286 1973 beatum
3336 1913 3728 1972 Athanasium

314 2007 657 2061 sanctorum
689 2003 971 2076 reliquias
1004 2020 1119 2060 non
1151 2003 1210 2059 in
1245 2003 1410 2059 urnis
1441 2003 1834 2074 collocandae,
1868 2004 1970 2060 sed
2002 2005 2168 2060 humi
2200 2007 2557 2077 condendas,
2590 2025 2655 2064 eo
2686 2007 2930 2064 consilio
2959 2006 3281 2072 censuisse,
3313 2010 3378 2061 ut
3405 2003 3729 2061 absurdum

313 2093 720 2167 Egyptiorum
752 2109 972 2150 morem
1004 2094 1333 2166 abrogaret,
1367 2093 1467 2166 qui
1498 2097 1763 2151 mortuos
1793 2112 1932 2153 suos
1957 2111 2073 2151 non
2105 2096 2215 2151 sub
2245 2100 2403 2152 terra
2432 2097 2781 2163 condebant,
2815 2097 2917 2152 sed
2951 2096 3013 2151 in
3042 2095 3273 2152 lectulis
3303 2099 3361 2152 et
3390 2093 3733 2165 scimpodiis

315 2181 699 2240 collocabant.
732 2184 796 2238 Et
826 2185 886 2238 in
914 2182 1170 2239 Historia
1200 2182 1490 2239 Barlaami
1519 2186 1577 2240 et
1615 2183 1940 2258 Josaphati,
1970 2201 2020 2242 c.
2053 2186 2159 2241 37:
2190 2189 2270 2241 Ac
2317 2185 2568 2258 denique
2618 2186 2914 2259 ingentem
2947 2185 3007 2242 in
3053 2184 3244 2258 ipsius
3275 2183 3493 2251 animo,
3527 2198 3733 2254 quem-

315 2272 636 2329 admodum
669 2273 922 2342 quodam
956 2271 1081 2328 loco
1111 2273 1180 2329 de
1210 2287 1424 2345 magno
1453 2273 1705 2330 Antonio
1737 2275 2035 2347 proditum
2066 2278 2176 2341 est,
2207 2274 2628 2348 cogitationum
2661 2275 2958 2348 pulverem
2991 2273 3415 2331 commovebat.
3447 2272 3613 2328 Prior
3653 2272 3730 2327 lo-

312 2377 410 2418 cus
439 2363 647 2432 legitur
674 2363 773 2418 sub
797 2361 990 2432 ﬁnem.
1027 2363 1178 2418 Alter
1205 2363 1339 2435 ipsis
1367 2363 1547 2419 verbis
1575 2379 1733 2418 num.
1764 2365 1820 2418 5.

389 2479 482 2535 IV.
511 2481 687 2535 Plura
732 2483 978 2552 proferri
1021 2484 1235 2552 possent
1290 2485 1528 2537 Patrum
1559 2481 1677 2537 loca
1732 2482 1825 2538 sed
1852 2481 2154 2556 plusquam
2180 2483 2323 2538 satis
2381 2482 2499 2542 hac
2524 2486 2674 2538 sunt.
2725 2483 3072 2554 Ecquodnam
3118 2480 3405 2536 Athanasii
3451 2494 3580 2551 opus
3607 2493 3734 2550 ger-

314 2585 543 2624 manum
569 2570 760 2640 fuerit,
809 2571 859 2625 si
901 2571 1155 2641 spurium
1195 2569 1341 2626 istud
1387 2571 1744 2627 concedatur:
1775 2571 1936 2643 cujus
1982 2574 2279 2629 auctoritas
2327 2576 2406 2629 tot
2453 2575 2708 2641 Patrum,
2737 2577 2788 2629 et
2830 2572 3050 2645 quidem
3103 2572 3400 2626 multorum
3429 2568 3736 2625 Athanasio

316 2659 624 2730 aequalium
650 2660 961 2715 testimonio
991 2661 1251 2730 ﬁrmatur
1270 2659 1298 2716 ?
1326 2662 1393 2715 Et
1421 2659 1562 2732 quod
1591 2675 1808 2716 omnem
1856 2662 2125 2718 dimoveat
2153 2664 2522 2735 suspicionem
2551 2663 2704 2718 adest
2745 2663 2975 2734 Evagrii
3001 2663 3196 2731 versio,
3228 2676 3394 2733 quam
3431 2659 3515 2714 vel
3543 2673 3735 2729 super-

315 2751 468 2816 stite,
500 2749 584 2804 vel
615 2748 764 2804 haud
793 2748 893 2805 diu
923 2753 1138 2806 mortuo
1168 2750 1490 2819 Athanasio,
1520 2755 1734 2807 constat
1763 2767 1872 2807 esse
1899 2753 2179 2823 scriptam.
2211 2752 2673 2809 Adversariorum
2719 2751 3064 2824 argumentis
3087 2751 3254 2824 plane
3303 2747 3597 2805 levissimis
3611 2748 3734 2819 jam

317 2854 694 2895 occurramus.

389 2954 559 3010 Aiunt
587 2968 699 3010 esse
725 2963 1091 3011 commentum
1120 2955 1324 3012 insulsi
1368 2943 1605 3012 hominis
1649 2957 1748 3027 qui
1797 2956 2013 3028 insigne
2040 2955 2408 3026 mendacium,
2459 2958 2678 3028 insigne
2705 2965 2946 3014 scortum
2981 2956 3271 3013 ediderit:
3312 2955 3382 3011 ad
3428 2969 3551 3028 qua
3579 2957 3631 3009 et
3656 2953 3733 3008 si-

316 3043 481 3100 milia
511 3043 738 3100 Sculteti
763 3048 926 3118 atque
957 3045 1127 3101 Riveti
1148 3045 1440 3102 maledicta
1471 3045 1572 3102 hoc
1600 3062 1777 3101 unum
1805 3061 2149 3115 reponemus.
2182 3049 2362 3116 Longe
2389 3045 2562 3104 aliter
2589 3048 2824 3103 sensisse
2854 3062 3035 3104 omnes
3057 3048 3155 3118 qui
3183 3047 3248 3101 ab
3279 3044 3576 3101 Athanasii
3593 3046 3733 3098 tem-

314 3147 450 3202 pore
476 3134 738 3190 exstitere
764 3135 981 3200 Patres,
1011 3142 1178 3206 atque
1205 3150 1268 3191 ea
1298 3135 1389 3192 hic
1419 3135 1530 3205 legi
1554 3134 1890 3192 Christiana
1917 3140 1967 3192 et
2011 3137 2322 3193 monastica
2350 3136 2478 3193 vita
2527 3138 2884 3204 documenta,
2929 3152 3050 3210 qua
3094 3136 3337 3209 prudens
3367 3133 3732 3198 Christianus,

319 3222 538 3278 nedum
569 3225 914 3296 aspernetur,
947 3229 1012 3280 ut
1037 3225 1318 3297 praetura
1344 3227 1476 3282 vita
1503 3225 1864 3285 instituenda
1889 3232 2170 3299 praecepta
2197 3227 2454 3298 amplecti
2479 3225 2688 3283 debeat.

388 3339 508 3394 Non
535 3337 726 3395 haberi
754 3340 883 3396 item
913 3339 1106 3398 dicunt
1133 3343 1456 3399 monastica
1502 3343 1633 3400 vita
1662 3343 1819 3414 leges,
1849 3359 1985 3416 quas
2028 3342 2413 3399 Nazianzenus
2447 3343 2640 3400 scribit
2683 3344 3046 3400 Athanasium
3072 3342 3171 3398 sub
3219 3340 3561 3398 narrationis
3590 3352 3737 3410 pra-

317 3431 474 3490 teaztu
503 3429 741 3485 voluisse
760 3430 1141 3502 promulgare.
1192 3430 1300 3487 Sed
1347 3433 1737 3489 Nazianzenus
1778 3433 1890 3490 loco
1935 3434 2192 3500 superius
2239 3449 2273 3488 a
2313 3433 2471 3489 nobis
2512 3434 2683 3490 allato
2714 3433 2776 3490 id
2819 3434 2998 3490 solum
3027 3432 3237 3503 innuit,
3275 3429 3513 3486 Antonii
3541 3427 3737 3483 Vitam

322 3519 398 3577 ab
425 3519 726 3576 Athanasio
752 3519 1014 3593 scriptam
1064 3522 1385 3579 monasticae
1413 3522 1543 3579 vita
1584 3537 1834 3578 normam
1877 3537 2015 3591 esse,
2054 3521 2196 3594 quod
2249 3539 2383 3579 sane
2429 3522 2558 3579 huic
2599 3525 2799 3596 optime
2846 3525 3136 3579 convenire
3178 3521 3325 3577 nulli
3370 3535 3478 3576 non
3523 3517 3736 3584 conspi-

319 3624 486 3664 cuum
512 3616 612 3666 est.

392 3724 644 3781 Narrant
672 3725 852 3781 etiam
883 3724 1003 3796 alii,
1038 3727 1118 3783 ait
1145 3727 1389 3796 Rivetus,
1422 3727 1738 3784 Antonium
1770 3727 2132 3786 causidicum
2177 3727 2360 3785 fuisse
2389 3732 2447 3784 et
2492 3727 2658 3785 valde
2697 3729 2957 3784 doctum.
2989 3731 3065 3783 At
3109 3724 3551 3784 commentitius
3581 3723 3735 3780 629

322 3818 528 3871 auctor
555 3814 665 3871 iste
694 3815 837 3871 dicit
865 3831 1001 3873 eum
1032 3815 1340 3873 indoctum
1370 3816 1553 3874 fuisse
1582 3824 1638 3874 et
1667 3817 1999 3874 litterarum
2031 3818 2393 3890 imperitum.
2427 3818 2490 3874 Id
2523 3817 2762 3889 quidem
2797 3833 2993 3873 verum
3013 3820 3102 3874 est
3130 3814 3442 3888 Augustini
3471 3817 3738 3884 tempore

318 3904 609 3976 jactatum
642 3904 844 3962 fuisse.
875 3906 1197 3963 Antonium
1228 3906 1398 3962 illum
1430 3906 1558 3964 sine
1583 3906 1701 3964 ulla
1731 3906 1977 3965 scientia
2005 3907 2336 3964 litterarum
2367 3907 2702 3980 Scripturas
2733 3907 2960 3963 divinas
2990 3910 3048 3962 et
3078 3905 3420 3962 memoriter
3448 3900 3738 3958 audiendo

322 3993 587 4051 tenuisse
615 3998 673 4050 et
702 3996 1025 4067 prudenter
1053 3996 1368 4069 cogitando
1389 3996 1766 4054 intellexisse.
1797 3997 1997 4054 Simile
2017 3997 2194 4054 etiam
2226 3997 2366 4068 quid
2401 3997 2781 4069 praedicatum
2804 3996 2988 4052 fuisse
3014 3996 3084 4052 de
3113 4011 3278 4051 servo
3308 3993 3555 4049 barbaro
3577 3990 3739 4046 Chri-

325 4082 516 4141 stiano
541 4102 556 4154 ;
588 4085 691 4142 sed
722 4089 1011 4156 quantum
1045 4086 1137 4143 his
1165 4085 1608 4143 narrationibus
1637 4086 1752 4144 fide
1782 4086 2057 4144 tribuerit
2083 4086 2472 4160 Augustinus,
2504 4103 2574 4143 ex
2615 4103 2681 4144 eo
2721 4090 2882 4160 patet
2911 4086 3066 4158 quod
3098 4083 3339 4156 subjicit
3366 4084 3440 4139 De
3487 4081 3740 4138 doctrina

325 4172 660 4240 Christiana,
705 4173 744 4230 l.
777 4192 817 4245 ι,
849 4174 910 4230 in
936 4174 1216 4248 prologo:
1249 4198 1278 4226 «
1309 4177 1382 4231 At
1422 4176 1470 4232 si
1507 4176 1626 4233 hac
1677 4176 1916 4248 quidem
1948 4177 2093 4233 falsa
2153 4177 2490 4245 arbitretur,
2543 4193 2657 4232 non
2690 4192 2796 4250 ago
2830 4173 3194 4248 pugnaciter.
3253 4173 3416 4237 Quod
3449 4186 3589 4228 sane
3618 4187 3734 4226 non

323 4262 572 4319 dixisset
600 4263 650 4320 si
677 4263 1067 4321 Athanasium
1097 4265 1226 4338 ejus
1247 4265 1601 4322 narrationis
1631 4283 1748 4323 non
1770 4265 2075 4323 habuisset
2103 4271 2419 4322 auctorem.
2443 4268 2573 4324 Hac
2604 4267 3012 4338 Rivetus,quam
3035 4266 3174 4320 bona
3201 4263 3334 4336 ﬁde,
3366 4264 3496 4318 hinc
3511 4259 3734 4316 ediscas.

321 4357 618 4425 Postquam
647 4353 716 4409 de
742 4354 983 4411 Antonio
1014 4369 1140 4426 qua
1185 4372 1359 4428 supra
1386 4356 1680 4413 attulimus
1723 4360 1775 4412 et
1802 4360 1958 4414 notat
2013 4356 2103 4412 hic
2129 4356 2365 4425 Rivetus,
2424 4359 2677 4413 narravit
2707 4357 3061 4427 Augustinus,
3122 4353 3315 4410 subdit
3341 4370 3359 4408 :
3392 4354 3502 4408 Aut
3531 4351 3603 4407 ab
3635 4349 3736 4405 illo

323 4458 487 4498 servo
518 4441 770 4499 barbaro
800 4441 1151 4514 Christiano,
1185 4445 1254 4500 de
1281 4460 1397 4516 quo
1429 4463 1463 4501 a
1491 4445 1858 4519 gravissimis
1888 4445 2122 4517 fideque
2150 4445 2520 4518 dignissimis
2561 4446 2706 4502 viris
2740 4461 2930 4518 nuper
2976 4443 3310 4516 accepimus
3329 4463 3350 4499 :
3382 4441 3481 4514 qui
3512 4440 3737 4496 litteras

308 4547 554 4603 .quoque
583 4531 747 4605 ipsas
779 4531 941 4589 nullo
973 4533 1216 4590 docente
1244 4533 1502 4604 homine,
1535 4539 1645 4592 etc.
1689 4536 1753 4590 Et
1779 4539 1899 4608 post
1929 4541 2069 4592 hanc
2096 4535 2384 4592 historiam
2406 4537 2670 4609 subjicit:
2703 4537 2769 4591 At
2815 4535 2864 4591 si
2906 4534 3030 4590 hac
3081 4532 3376 4607 quispiam
3407 4530 3554 4588 falsa
3583 4529 3738 4586 arbi-

322 4624 527 4689 tretur,
562 4638 678 4678 non
708 4638 816 4696 ago
842 4623 1207 4696 pugnaciter.
1241 4623 1377 4680 Cum
1405 4625 1545 4681 dicit
1571 4641 1627 4681 se
1677 4626 1818 4680 hanc
1842 4634 2181 4697 postremam
2235 4626 2525 4681 historiam
2562 4643 2596 4681 a
2624 4626 2963 4698 gravissimis
2985 4624 3196 4696 ﬁdeque
3243 4622 3579 4695 dignissimis
3602 4620 3740 4674 viris

323 4715 613 4785 accepisse,
644 4721 817 4770 totum
837 4713 1017 4770 Riveti
1044 4716 1238 4770 evertit
1263 4715 1663 4777 ratiocinium;
1694 4715 1835 4787 qnod
1857 4731 1980 4771 cum
2005 4714 2174 4786 probe
2219 4717 2482 4771 averterit
2511 4716 2749 4783 Rivetus,
2791 4715 2895 4770 illa
2937 4714 3101 4771 verba
3127 4712 3328 4768 callide
3360 4707 3733 4781 pratermisit.

321 4805 465 4860 Nam
492 4805 565 4870 si,
595 4810 656 4860 ut
684 4819 973 4875 perperam
996 4807 1214 4876 pugnat
1241 4806 1484 4872 Rivetus,
1517 4803 1640 4861 ideo
1667 4806 1751 4859 ait
1797 4804 2131 4876 Augustinus
2152 4823 2171 4860 :
2201 4805 2274 4860 At
2321 4804 2371 4860 si
2401 4804 2719 4876 quisquam
2751 4804 2898 4860 falsa
2953 4803 3285 4871 arbitretur,
3318 4815 3430 4855 non
3481 4812 3589 4869 ago
3621 4813 3736 4868 pu-

321 4891 610 4964 gnaciter,
640 4892 782 4966 quod
797 4909 1004 4965 parum
1033 4893 1167 4964 ﬁdei
1194 4893 1280 4950 his
1307 4895 1726 4950 narrationibus
1783 4894 2069 4963 tribueret,
2101 4894 2252 4950 nihil
2304 4902 2583 4966 repugnat
2624 4894 3019 4950 Athanasiana
3067 4891 3315 4947 historia
3347 4904 3457 4943 non
3478 4887 3737 4942 habuisse

325 4982 506 5050 ﬁdem,
539 4984 636 5055 qui
662 4983 803 5040 item
833 4983 1078 5040 historia
1108 5000 1142 5039 a
1171 4984 1520 5054 gravissimis
1548 4984 1760 5057 ﬁdeque
1787 4984 2130 5055 dignissimis
2157 4985 2298 5040 viris
2328 4984 2546 5040 tradita
2573 5001 2772 5057 parum
2802 4983 2932 5053 ﬁdei
2969 4981 3247 5037 tribuerit.
3282 4977 3384 5034 Sed
3412 4992 3609 5033 revera
3637 4974 3737 5030 nec

322 5072 623 5128 Athanasio
651 5088 750 5128 nec
779 5073 910 5128 aliis
952 5073 1068 5128 illis
1097 5072 1202 5144 ﬁde
1230 5073 1576 5144 dignissimis
1607 5076 1749 5131 viris
1793 5075 1956 5145 ﬁdem
1986 5078 2048 5130 ut
2093 5075 2310 5145 deroget
2347 5076 2685 5145 Augustinus
2734 5073 2835 5129 illa
2864 5072 3032 5128 dicit:
3078 5069 3190 5139 sed,
3222 5073 3285 5125 ut
3311 5075 3479 5142 patet,
3509 5072 3738 5123 conten-

322 5163 484 5218 tionis
513 5162 753 5220 vitenda
778 5161 978 5219 studio.
1013 5162 1282 5236 Alioquin
1311 5180 1410 5219 cur
1436 5164 1542 5236 ﬁde
1571 5164 1923 5237 dignissimos
1951 5173 2211 5233 vocasset,
2242 5181 2316 5221 an
2344 5174 2406 5220 ut
2431 5168 2619 5236 postea
2647 5180 2706 5219 se
2735 5177 2924 5220 eorum
2954 5161 3117 5217 dictis
3140 5176 3341 5232 parum
3370 5156 3503 5229 ﬁdei
3531 5157 3739 5213 habere

321 5252 755 5324 testiﬁcaretur?
785 5254 851 5308 At
900 5268 1026 5309 vero
1053 5269 1165 5309 non
1203 5254 1302 5310 hoc
1355 5255 1538 5311 solum
1566 5256 1626 5310 in
1658 5256 1770 5311 loco
1799 5254 1857 5310 id
1902 5255 2237 5326 Augustinus
2283 5257 2404 5313 ait:
2454 5254 2547 5310 sed
2575 5255 2744 5310 etiam
2799 5249 3245 5308 Confessionum
3279 5249 3374 5304 lib.
3417 5264 3540 5318 vm,
3567 5263 3613 5302 c.
3648 5247 3744 5312 19,

319 5342 417 5398 ubi
443 5341 510 5397 de
533 5343 767 5399 Antonio
799 5343 1023 5414 loquens
1052 5345 1176 5400 ait:
1209 5342 1470 5416 Surgunt
1501 5344 1746 5415 indocti,
1775 5348 1910 5412 etc.,
1943 5361 2063 5416 qua
2090 5345 2218 5400 vide
2243 5346 2518 5417 superius.

393 5457 544 5526 Quod
571 5474 698 5514 vero
727 5459 890 5514 aiunt
932 5459 1304 5531 Hospinianus
1350 5460 1560 5532 aliique
1599 5461 1899 5517 Antonium
1943 5460 2282 5516 causidicum
2326 5461 2499 5531 fuisse
2541 5463 2594 5516 et
2620 5457 2779 5514 valde
2829 5457 3087 5514 doctum:
3118 5457 3238 5524 hoc,
3269 5459 3330 5512 ut
3358 5453 3600 5510 advertit
3629 5453 3732 5508 Ro-

319 5548 578 5619 sweidus,
610 5564 680 5604 ea:
710 5548 892 5604 Suida
940 5551 1250 5620 expiscatus
1298 5549 1395 5604 ille
1425 5554 1522 5606 est.
1555 5550 1636 5606 Ad
1681 5552 1862 5623 ipsum
1890 5549 2138 5618 Suidam,
2190 5551 2470 5606 brevitatis
2515 5565 2702 5615 causa,
2760 5547 3019 5603 lectorem
3066 5547 3438 5602 remittimus:
3476 5543 3556 5600 ibi
3584 5543 3733 5600 enim

318 5639 571 5708 protinus
621 5639 801 5709 quivis
837 5640 1126 5712 perspiciet
1170 5646 1376 5710 quanta
1404 5641 1474 5696 sit
1501 5642 1651 5696 inter
1690 5641 1992 5697 Antonium
2019 5641 2184 5696 illum
2230 5645 2285 5694 et
2314 5647 2561 5696 nostrum
2608 5639 3005 5710 discrepantia.
3045 5637 3260 5693 Mirum
3287 5650 3421 5690 sane
3447 5641 3736 5706 postquam

322 5727 652 5800 Hospiniani
677 5734 1050 5785 commentum
1069 5729 1337 5785 delectum
1363 5731 1564 5801 fuerat,
1590 5731 1660 5786 ab
1693 5730 1948 5787 omnibus
1970 5736 2162 5788 tamen
2181 5731 2278 5804 qui
2303 5731 2462 5787 illius
2481 5728 2644 5802 fuere
2672 5729 2968 5786 sententia
2986 5735 3323 5800 usurpatum
3339 5728 3526 5799 postea
3552 5723 3731 5799 fuisse
