4082 6344
312 399 426 461 831
856 408 921 467 8.
970 407 1392 473 ATHANASII
1438 415 1610 475 OPP.
1660 415 1861 476 PARS
1906 414 1953 475 Ι.
1987 447 2045 458 ·-
2094 416 2511 478 HISTOBICA
2557 419 2660 478 ET
2704 416 3180 480 DOGMATICA.
3612 419 3733 480 832

313 548 441 625 cum
465 537 717 625 maxime
742 540 1017 609 falsorum
1043 541 1267 598 deorum
1296 545 1477 601 cultor
1520 547 1740 620 feratur
1768 550 1829 604 in
1856 547 2027 604 Suida
2048 549 2338 605 Antonius.
2370 548 2493 618 Sed,
2524 551 2629 607 etsi
2660 549 3007 608 Christianus
3035 559 3191 619 esset,
3225 568 3300 607 an
3325 550 3516 608 liceret
3535 568 3729 625 quem-

315 623 397 679 vis
424 624 652 681 obvium
679 627 1000 696 Antonium,
1032 632 1199 687 istum
1226 649 1343 690 esse
1369 636 1700 707 afﬁrmare?

384 741 541 812 Piget
568 758 700 799 sane
728 744 878 801 tricis
908 745 1238 818 hajusmodi
1265 756 1479 823 tempus
1510 762 1736 821 terrere,
1786 761 1952 827 utque
1998 755 2147 811 brevi
2172 757 2602 827 complectamur
2653 757 2892 813 dicimus
2932 757 3116 814 multa
3165 758 3447 814 levissima
3473 775 3510 815 a
3541 760 3729 817 Riveto

314 828 498 901 objici,
533 835 593 886 ut
622 833 773 904 quod
789 835 874 890 ait
901 836 971 891 de
998 853 1255 908 responso
1277 840 1348 896 ad
1377 842 1731 914 Philosophos
1751 844 2051 900 Antonium
2076 845 2399 916 irridentes,
2420 845 2597 916 digno
2625 862 2757 903 sane
2786 848 2981 917 magni
3006 847 3277 909 Antonii;
3299 848 3461 920 quod,
3492 858 3554 905 ut
3586 849 3730 905 ridi-

318 919 503 974 culum
532 921 812 994 exhibeat,
846 924 1135 983 detruncat
1164 930 1404 997 Rivelus,
1434 934 1519 988 uti
1546 935 1749 1007 cuique
1776 934 1970 989 videre
1999 934 2145 989 licet.

387 1035 555 1090 Aliud
582 1037 743 1109 aﬁ‘ert
774 1039 917 1095 idem
946 1042 1011 1098 de
1036 1045 1232 1116 pallio,
1279 1047 1418 1117 quod
1446 1049 1720 1104 Antonius
1749 1052 1809 1105 in
1855 1050 2119 1105 extremis
2168 1066 2335 1121 agens
2389 1051 2716 1119 Athanasio,
2760 1068 2797 1106 a
2823 1067 2930 1123 quo
2975 1055 3259 1123 acceperat
3295 1053 3465 1109 dedit.
3499 1054 3641 1109 Nam
3666 1060 3731 1110 ut

309 1123 427 1178 vult
456 1126 668 1181 Rivetus
734 1144 859 1183 cum
887 1131 1122 1200 pallium
1150 1135 1218 1189 ab
1248 1134 1546 1193 Athanasio
1574 1138 1686 1193 sibi
1712 1141 1908 1194 datum
1935 1154 2037 1207 pro
2068 1140 2237 1195 Pauli
2282 1155 2507 1211 corpore
2536 1139 2819 1195 humando
2870 1140 3192 1208 tradiderit,
3223 1157 3339 1195 non
3361 1144 3552 1212 potuit
3582 1143 3732 1199 illud

315 1212 498 1283 ipsum
527 1215 834 1274 Athanasio
864 1221 1169 1278 restituere.
1224 1225 1379 1292 Quod
1423 1243 1591 1297 quam
1613 1228 1783 1298 futile
1827 1230 1902 1282 sit
1930 1232 1993 1282 ut
2034 1228 2250 1296 videas,
2280 1232 2411 1284 nota
2441 1230 2739 1284 Antonium
2783 1228 3099 1300 quindecim
3139 1237 3266 1285 ante
3294 1237 3524 1286 mortem
3551 1246 3731 1288 annos

316 1302 503 1358 Paulo
528 1305 772 1375 pallium
799 1310 1050 1365 attulisse
1079 1310 1153 1366 ab
1182 1314 1480 1371 Athanasio
1512 1316 1624 1371 sibi
1650 1317 1859 1371 datum.
1895 1320 2008 1386 Qui
2033 1321 2220 1374 autem
2260 1321 2414 1374 vetat
2440 1326 2502 1373 ut
2542 1322 2667 1389 post
2694 1317 2808 1374 haec
2850 1317 3014 1375 aliud
3040 1319 3108 1374 ab
3157 1319 3454 1375 Athanasio
3482 1318 3729 1391 pallium

317 1394 591 1463 acceperit
611 1394 640 1446 Ἰ

385 1508 475 1563 Ait
502 1512 685 1564 autem
716 1511 920 1568 ibidem
951 1515 1099 1570 nihil
1128 1516 1217 1573 hic
1244 1517 1435 1575 haberi
1464 1520 1530 1576 de
1560 1522 1735 1577 Paulo
1763 1523 1990 1594 quicum
2022 1521 2292 1578 Antonius
2318 1522 2619 1580 collocutus
2645 1525 2766 1578 est:
2797 1522 2937 1594 quod
2960 1537 3248 1594 nunquam
3263 1525 3422 1595 putat
3450 1525 3520 1580 ab
3551 1525 3731 1580 Atha-

313 1598 473 1652 nasio
504 1599 869 1656 omittendum
893 1604 1090 1674 fuisse.
1118 1605 1223 1662 Sed
1248 1623 1373 1663 cum
1399 1610 1787 1681 Hieronymus,
1811 1612 1909 1683 qui
1934 1612 2077 1667 hanc
2100 1615 2297 1667 narrat
2324 1611 2793 1683 historiam,dicat
2821 1612 2988 1668 illam
3004 1627 3066 1668 se
3092 1612 3334 1669 scribere
3360 1613 3494 1684 quia
3519 1615 3729 1672 omissa

311 1685 515 1759 fuerit,
547 1687 615 1743 ab
664 1689 966 1748 Athanasio
1010 1698 1154 1751 certe
1173 1696 1290 1767 fuit
1335 1698 1558 1764 omissa,
1589 1701 1745 1772 cujus
1792 1700 1942 1756 haud
1977 1700 2143 1757 dubie
2187 1700 2397 1773 scripta
2427 1701 2635 1772 legerat
2685 1701 3074 1772 Hieronymus.
3135 1700 3198 1756 Et
3240 1701 3457 1774 alioqui
3482 1700 3728 1758 Athana-

312 1774 449 1842 sius,
479 1784 541 1830 ut
568 1776 776 1833 dictum
803 1784 901 1842 est.
932 1798 991 1836 se
1037 1788 1274 1840 testatur
1317 1789 1613 1843 minimam
1648 1792 1873 1861 partem
1921 1791 2149 1846 Antonii
2189 1794 2467 1860 gestorum
2486 1805 2768 1847 narrasse.
2803 1793 2964 1863 Quod
3006 1791 3145 1845 satis
3171 1791 3242 1846 sit
3269 1790 3342 1846 ad
3366 1792 3568 1847 omnia
3613 1792 3730 1848 alia

312 1878 384 1919 ea:
409 1866 623 1920 omissis
648 1869 842 1937 petita,
873 1870 1207 1942 depellenda
1235 1885 1585 1946 argumenta.
1620 1880 1851 1934 Exstant
1879 1895 2013 1935 sane
2038 1878 2328 1951 permulta
2356 1879 2473 1934 alia
2518 1878 2744 1935 Antonii
2770 1880 2945 1935 vitam
2988 1880 3312 1951 spectantia,
3344 1893 3472 1950 quae
3500 1880 3592 1935 hic
3615 1882 3726 1937 mi-

308 1953 462 2008 nime
494 1952 776 2025 teguntur,
809 1974 1042 2031 quaeque
1068 1963 1365 2021 Bollandus
1393 1982 1466 2020 ea:
1493 1968 1667 2022 variis
1695 1968 1927 2024 collecta
1954 1968 2336 2042 scriptoribus,
2369 1969 2439 2023 ad
2466 1968 2670 2025 calcem
2697 1967 2839 2023 Vitas
2872 1967 3111 2024 Antonii
3143 1969 3419 2041 apposuit.

383 2070 533 2139 Quod
560 2088 856 2143 corporeos
882 2079 1053 2146 faciat
1080 2080 1348 2139 daemones
1394 2084 1682 2155 Antonius,
1733 2096 1794 2143 ut
1824 2087 1944 2144 vult
1970 2087 2216 2158 Rivetus,
2263 2087 2501 2142 minime
2547 2093 2804 2143 constat:
2829 2088 2911 2142 ait
2936 2086 3120 2143 solum
3165 2085 3262 2143 ille
3287 2085 3559 2144 daemones
3587 2086 3724 2144 levi-

312 2158 409 2215 bus
439 2161 526 2217 uti
550 2164 886 2236 corporibus.
920 2168 1154 2226 Etiamsi
1179 2187 1468 2244 corporeos
1496 2177 1724 2246 faceret,
1760 2175 1891 2247 quid
1919 2175 2049 2232 hinc
2074 2176 2422 2248 colligatur?
2446 2175 2615 2231 multi
2640 2191 2879 2246 namque
2907 2176 3099 2231 Patres
3125 2178 3253 2232 ante
3280 2174 3566 2247 deﬁnitam
3610 2190 3731 2232 rem

310 2251 391 2306 ita
418 2251 727 2311 tradidere.
762 2255 826 2310 Et
853 2257 1067 2329 alioqui
1098 2276 1173 2316 an
1210 2263 1262 2317 si
1287 2279 1398 2334 qua
1422 2266 1481 2320 in
1513 2266 1777 2321 Patribus
1804 2264 1871 2322 de
1900 2265 2153 2323 doctrina
2180 2265 2492 2337 difﬁcultas
2520 2269 2798 2335 occurrat,
2828 2266 3019 2322 statim
3046 2260 3259 2326 νοδειας
3277 2266 3519 2338 suscipio
3539 2269 3566 2321 .9
3595 2267 3734 2335 Quot

316 2343 535 2396 exstant
564 2342 745 2398 talia?

388 2456 489 2511 Res
517 2472 630 2514 non
658 2466 734 2515 est
762 2458 1010 2533 difﬁcilis
1038 2481 1323 2525 remanere
1352 2470 1411 2525 in
1440 2477 1593 2526 statu
1621 2472 1954 2529 innocentiae
1982 2488 2093 2543 qua
2120 2470 2334 2528 conditi
2360 2486 2568 2540 sumus,
2599 2474 2660 2527 ut
2687 2472 2769 2527 ait
2797 2470 3082 2537 Antonius,
3115 2470 3250 2526 dum
3278 2468 3423 2526 adsit
3454 2471 3562 2527 Dei
3604 2486 3734 2541 gra-

316 2544 424 2613 tia,
453 2561 622 2617 quam
647 2564 941 2622 perperam
971 2554 1188 2612 Rivetus
1217 2558 1336 2613 vult
1366 2559 1593 2616 excludi
1619 2561 1688 2616 ab
1712 2561 1987 2624 Antonio;
2020 2578 2146 2617 cum
2174 2577 2243 2617 ne
2270 2560 2497 2618 verbum
2527 2559 2747 2633 quidem
2787 2559 3058 2632 ejusmodi
3087 2574 3320 2631 usquam
3347 2560 3409 2615 in
3461 2559 3566 2616 hoc
3594 2558 3739 2616 libro

317 2644 646 2706 compareat.
679 2640 946 2709 Quinimo
995 2659 1144 2717 saepe
1187 2664 1251 2702 ac
1300 2648 1664 2720 liquidissime
1709 2652 1897 2707 innuit
1951 2650 2252 2719 Antonius,
2281 2665 2469 2706 omnia
2512 2649 2664 2706 vobis
2714 2650 2880 2717 bona,
2931 2648 3247 2706 daemwum
3294 2648 3531 2720 lapsum,
3562 2648 3732 2705 victo-

317 2722 463 2779 riam
491 2724 557 2782 de
584 2730 978 2786 tentaticnibus
1005 2744 1344 2807 reportatam
1372 2754 1401 2794 e
1433 2739 1662 2796 Domino
1688 2741 2006 2812 provenire.

393 2840 564 2929 Deum
591 2846 672 2898 ait
702 2846 920 2903 Rivetus
940 2865 959 2903 :
990 2852 1178 2907 Verus
1208 2853 1602 2912 Athanasius:
1638 2855 1696 2911 in
1750 2854 1998 2929 Epistola
2027 2855 2098 2911 ad
2145 2855 2455 2927 solitarios,
2488 2856 2707 2925 narrat,
2758 2852 2937 2910 Blacii
2971 2852 3164 2909 femur
3210 2851 3637 2925 proﬁciscentis
3665 2854 3739 2910 ad

324 2927 574 3001 primam
611 2933 1002 3009 mansionem,
1034 2955 1252 3012 equum
1284 2944 1379 3000 cui
1410 2944 1706 3002 insidebat
1735 2927 2060 3002 cervicibus
2090 2944 2348 3015 retortis,
2372 2944 2455 3000 ita
2482 2943 2894 3015 momordisse,
2921 2946 3099 3016 atque
3127 2959 3198 2999 ex
3221 2943 3396 3000 dorso
3425 2958 3740 3000 excussum

324 3016 492 3108 humi
524 3020 802 3096 afﬂxisse,
827 3029 892 3081 ut
912 3026 1066 3085 intra
1081 3030 1344 3088 triduum
1367 3034 1696 3106 proximum
1732 3033 1986 3108 perierit.
2013 3036 2229 3090 Auctor
2246 3049 2379 3091 vero
2414 3033 2544 3091 Vitae
2557 3032 2790 3089 Antonii
2809 3047 3030 3104 equum
3053 3047 3170 3104 quo
3199 3031 3504 3089 Nestorius
3526 3047 3743 3104 praeses

322 3106 649 3165 vehebatur
675 3128 873 3169 morsu
905 3118 1211 3189 repentino
1243 3121 1498 3179 Blacium
1530 3106 1862 3180 decussisse
1893 3123 1952 3179 in
1974 3128 2214 3193 terram,
2243 3138 2311 3179 ac
2332 3122 2417 3179 sic
2440 3121 2500 3177 in
2521 3138 2657 3179 eum
2688 3121 3016 3178 inhiantem
3046 3121 3271 3178 femora
3292 3122 3423 3193 ejus
3452 3120 3745 3179 lacerasse

328 3199 388 3251 et
416 3198 757 3268 corrosisse,
792 3207 857 3259 ut
886 3207 1084 3263 statim
1118 3208 1340 3267 relatus
1368 3211 1428 3268 in
1461 3212 1754 3269 civitatem
1787 3218 1919 3285 post
1945 3212 2208 3268 triduum
2239 3215 2511 3267 mortuus
2540 3211 2637 3267 sit.
2670 3210 2803 3267 Haec
2829 3209 3081 3267 varietas
3108 3224 3313 3267 verum
3351 3209 3742 3267 Athanasium

326 3285 595 3375 ayfictitio
626 3290 925 3349 evidenter
953 3294 1283 3372 distinguit.
1317 3302 1452 3358 Leve
1486 3302 1628 3358 illud
1652 3323 1672 3370 ,-
1701 3318 1831 3357 nam
1856 3304 2047 3375 primo
2077 3317 2246 3373 equus
2276 3302 2377 3375 qui
2414 3300 2704 3357 Balacium
2744 3300 2898 3357 male
2924 3300 3154 3372 accepit,
3204 3299 3496 3373 utrobique
3523 3300 3745 3358 Balacii

326 3373 558 3447 dicitur,
584 3378 794 3435 scilicet
821 3397 990 3455 supra
1016 3402 1143 3457 pag.
1176 3389 1281 3443 278
1312 3394 1361 3445 et
1390 3392 1550 3464 infra
1580 3394 1639 3446 in
1671 3392 1769 3449 hoc
1817 3373 1995 3464 opere.
2028 3373 2298 3465 Superius
2341 3399 2531 3447 autem
2565 3390 2787 3462 legitur,
2837 3386 3181 3463 ἐπιστραφείς
3210 3390 3238 3443 ὁ
3280 3385 3474 3460 ἵππος,
3506 3406 3745 3447 conver-

326 3479 432 3519 sus
461 3479 671 3538 equus,
706 3471 839 3540 quin
870 3471 1111 3545 dicatur,
1141 3479 1385 3548 fueritne
1416 3479 1521 3537 ille
1547 3498 1715 3553 equus
1746 3498 1850 3553 quo
1900 3479 2171 3537 insidebat
2207 3481 2490 3550 Balacius,
2523 3497 2597 3536 an
2645 3480 2792 3536 alius
2821 3481 2920 3553 qui
2965 3480 3097 3535 item
3126 3496 3259 3535 suus
3304 3486 3456 3537 esset.
3494 3480 3557 3537 Ut
3585 3479 3748 3537 detur

325 3560 509 3609 tamen
540 3572 657 3611 esse
684 3559 928 3631 aliquam
959 3563 1401 3638 discrepantiam.
1437 3572 1647 3642 quoties
1674 3572 1738 3642 ﬁt
1768 3574 1828 3627 ut
1860 3571 2123 3626 historias
2153 3586 2285 3641 quas
2314 3570 2522 3625 dudum
2550 3570 2927 3637 narravimus,
2960 3570 3281 3625 accuratius
3308 3576 3501 3639 postea
3528 3569 3743 3625 edisca-

324 3657 469 3697 mus.
503 3642 565 3699 Si
594 3644 692 3701 hoc
718 3656 1111 3720 argumentum
1138 3658 1422 3727 atiquanti
1444 3662 1614 3730 pretii
1640 3668 1789 3728 esset,
1821 3658 2141 3731 Epistolam
2173 3660 2242 3715 ad
2278 3659 2597 3715 monachos
2626 3660 2806 3730 potius
2823 3666 3033 3730 peteret
3062 3674 3230 3729 quam
3262 3657 3453 3714 Vitam
3485 3658 3746 3726 Antonii,

329 3731 467 3786 Nam
495 3737 871 3793 certissimum
901 3741 1028 3797 licet
1074 3746 1151 3800 sit
1178 3748 1421 3816 priorem
1472 3748 1767 3805 Athanasii
1811 3765 1944 3819 esse,
1976 3764 2324 3821 nequaquam
2370 3749 2472 3803 illa
2498 3751 2577 3804 tot
2605 3755 2855 3803 veterum
2901 3746 3251 3815 testimoniis,
3302 3751 3377 3802 tot
3406 3749 3753 3816 argumentis

326 3821 551 3877 nititur.
584 3824 692 3880 Nec
719 3830 950 3899 defuere
978 3834 1090 3888 viri
1114 3834 1371 3892 doctrina
1400 3840 1703 3909 conspicui,
1736 3841 1833 3910 qui
1868 3840 2125 3911 putarint
2151 3853 2264 3894 non
2305 3837 2373 3892 ab
2426 3839 2545 3909 ipso
2592 3836 2920 3908 Athanasio,
2951 3835 3046 3893 sed
3074 3836 3194 3909 ejus
3226 3837 3389 3908 jussu
3436 3835 3503 3892 ab
3559 3837 3749 3908 aliquo

324 3910 604 4000 scriptam
633 3915 793 3972 illam
819 3921 1001 3990 fuisse
1021 3939 1042 3977 :
1084 3926 1218 3996 quia
1244 3927 1454 3983 scilicet
1495 3944 1783 4000 nunquam
1824 3910 2024 4000 putant
2072 3930 2133 3984 in
2173 3928 2360 3999 prima
2401 3942 2641 3999 persona
2668 3926 2948 3996 singulari
2976 3926 3220 3982 locutum
3250 3925 3331 3981 ibi
3356 3924 3744 3993 Athanasium,

328 3999 472 4071 quod
504 4004 687 4059 tamen
715 4007 901 4064 minus
928 4027 1116 4069 verum
1148 4023 1244 4070 est.
1274 4020 1418 4073 Nam
1446 3999 1738 4089 aliquoties
1768 3999 1834 4073 in?
1863 4033 2107 4088 persona
2135 4017 2426 4072 Athanasii
2468 4015 2712 4087 loquitur
2738 4015 2960 4071 ibidem.
2994 4014 3104 4071 Nec
3150 4015 3452 4070 minimum
3481 4014 3641 4070 dubii
3668 4018 3753 4071 est

329 4103 445 4190 esse
474 4091 649 4162 ipsius
677 4095 986 4169 Athanasii,
1020 4104 1119 4173 qui
1144 4105 1314 4160 etiam
1340 4121 1396 4162 se
1422 4111 1655 4163 testatur
1700 4109 1761 4163 in
1791 4105 2048 4179 Epistola
2077 4106 2150 4162 ad
2198 4104 2596 4178 Serapionem,
2645 4103 2918 4177 ejusmodi
2947 4104 3166 4161 litteras
3212 4103 3284 4159 ad
3321 4105 3612 4162 monachos
3639 4106 3753 4160 mi-

333 4192 361 4233 ,ς
368 4193 497 4235 ωδε.

411 4294 482 4351 ν.
514 4300 763 4372 Scriptor
790 4321 1055 4377 nuperus,
1087 4312 1460 4381 superioribus
1490 4316 1673 4370 denuo
1699 4313 1889 4370 allatis
1915 4310 2281 4383 argumentis,
2311 4326 2513 4369 novum
2542 4311 2641 4367 hoc
2675 4311 2909 4383 profert,
2939 4308 3211 4366 Socratem
3243 4309 3450 4365 scilicet
3495 4316 3554 4366 et
3578 4308 3754 4365 Som-

334 4408 561 4449 menum
587 4391 787 4461 dicere,
817 4396 963 4465 quod
989 4396 1221 4456 historia
1256 4404 1476 4473 feratur
1501 4404 1566 4460 de
1594 4405 1854 4460 Ammone
1883 4405 1944 4459 in
1972 4400 2178 4457 caelum
2204 4403 2371 4468 elato,
2402 4403 2537 4473 quin
2563 4408 2867 4457 memorent
2894 4416 3018 4456 eam
3062 4400 3131 4456 ab
3174 4399 3471 4456 Athanasio
3500 4401 3755 4455 narrari,

335 4481 485 4538 unde
513 4483 761 4552 sequitur
788 4484 931 4540 hanc
958 4489 1197 4544 Antonii
1227 4490 1421 4547 Vitam
1456 4495 1513 4548 in
1537 4510 1646 4565 qua
1673 4501 1948 4549 narratur
1975 4494 2089 4549 hac
2126 4493 2383 4565 historia,
2409 4508 2532 4548 eam
2559 4507 2671 4547 non
2698 4506 2815 4547 esse
2840 4505 2964 4563 quae
2992 4490 3062 4545 ab
3089 4489 3391 4546 Athanasio
3419 4490 3636 4557 scripta
3653 4491 3753 4546 est-

340 4574 466 4628 Haec
493 4587 658 4643 quam
686 4583 1077 4644 consequenter
1085 4579 1350 4649 judicent
1376 4583 1603 4654 eruditi,
1644 4582 1739 4639 sed
1769 4585 2064 4639 oscitanter
2090 4581 2382 4638 admodum
2432 4581 2667 4652 scriptor
2693 4582 2797 4637 iste
2825 4582 2928 4648 ait,
2958 4596 3075 4634 non
3120 4579 3301 4636 dicere
3331 4577 3607 4635 Socratem
3635 4592 3759 4634 eam

339 4664 521 4734 ipsam
568 4659 764 4717 haberi
809 4664 956 4734 apud
1008 4666 1396 4727 Athanasium.
1449 4672 1587 4727 Nam
1624 4679 1744 4745 post
1792 4673 2026 4727 allatam
2073 4688 2193 4728 eam
2241 4672 2529 4727 historiam
2576 4672 2657 4726 ait
2675 4688 2694 4724 :
2724 4668 3234 4735 Quemadmodum
3291 4668 3351 4723 in
3386 4667 3503 4725 Vita
3531 4667 3760 4723 Antonii

340 4751 404 4808 S.
430 4749 790 4807 Athanasius
822 4754 1298 4831 archiepiscopus
1320 4760 1771 4829 Alexandrinus,
1801 4766 1910 4818 etc.
1939 4779 1953 4830 ;
1985 4761 2141 4818 630
2161 4764 2290 4817 ante
2310 4762 2595 4817 Socratem
2619 4774 2746 4817 vero
2773 4757 3074 4815 Palladius
3095 4756 3335 4830 idipsum
3354 4774 3429 4813 ea:
3452 4755 3756 4814 Athanasio

340 4843 527 4913 refert.
563 4842 856 4914 Utriusque
886 4843 1068 4900 locum
1096 4848 1221 4903 vide
1249 4865 1439 4921 supra.

410 4957 507 5014 Vl.
540 4959 725 5015 Restat
754 4967 815 5015 ut
844 4976 1020 5018 unum
1047 4963 1286 5021 levemus
1314 4968 1679 5037 quorumdam
1708 4966 2061 5040 scrupulum,
2083 4966 2182 5039 qui
2208 4980 2359 5035 egre
2387 4966 2460 5022 tot
2488 4965 2642 5033 visis,
2673 4971 2748 5020 tot
2781 4962 3071 5036 prodigiis,
3105 4963 3181 5019 tot
3227 4963 3547 5020 daemonum
3570 4960 3757 5033 phan-

338 5048 497 5112 tasiis
526 5054 579 5104 et
603 5052 890 5120 portentis,
924 5056 1052 5123 quot
1082 5054 1143 5109 in
1172 5054 1274 5109 hac
1308 5057 1422 5112 Vita
1475 5058 1755 5127 leguntur,
1789 5058 1999 5113 habent
2026 5056 2206 5129 ﬁdem.
2256 5055 2360 5112 Sed
2388 5056 2490 5111 hac
2525 5057 2587 5110 in
2620 5070 2678 5111 re
2727 5056 2840 5111 tria
2867 5070 2995 5109 cum
3033 5053 3231 5126 primis
3272 5050 3566 5124 cogitanda
3588 5054 3759 5108 sunt:

343 5138 401 5194 1ο
428 5136 704 5208 Quidquid
730 5139 805 5194 sit
836 5138 902 5196 de
930 5141 1063 5197 visis
1112 5144 1227 5199 illis
1256 5152 1306 5201 et
1344 5145 1651 5202 daemonum
1694 5148 2024 5220 phantasiis,
2079 5163 2153 5201 an
2182 5160 2313 5200 vera
2350 5145 2557 5201 scilicet
2584 5146 2716 5211 sint,
2764 5159 2972 5206 necne;
3002 5157 3072 5198 ex
3108 5140 3506 5214 Chrysostomi,
3555 5139 3762 5211 Ruﬁni,

344 5225 641 5298 Augustini
666 5234 717 5283 et
749 5227 986 5286 Socratis
1029 5234 1361 5290 testimoniis
1404 5238 1663 5309 superius
1708 5237 1919 5307 allatis,
1962 5238 2295 5308 compertum
2342 5239 2446 5299 est,
2478 5250 2568 5291 res
2611 5232 2879 5306 ejusmodi
2922 5230 3128 5288 multas
3158 5232 3219 5287 in
3265 5229 3398 5286 Vita
3427 5227 3669 5285 Antonii
3696 5227 3766 5284 ab

342 5315 645 5373 Athanasio
674 5319 880 5389 scripta
900 5320 1070 5390 fuisse
1103 5326 1411 5396 recensitos,
1462 5342 1634 5398 quare
1661 5328 1874 5383 nullius
1922 5324 1980 5381 id
2025 5325 2290 5381 momenti
2317 5327 2396 5379 est
2422 5323 2494 5379 ad
2539 5338 2660 5379 eam
2687 5322 2989 5379 Athanasio
3037 5319 3493 5393 adjudicandam.
3527 5320 3588 5373 2°
3621 5319 3770 5374 Licet

342 5420 453 5460 non
484 5413 685 5461 temere
713 5408 911 5479 cuique
938 5410 1054 5465 visa
1084 5415 1135 5466 et
1155 5410 1468 5469 daemonum
1495 5424 1709 5488 spectra
1739 5417 1983 5488 loquenti
2008 5412 2339 5470 credendum
2367 5414 2460 5481 sit,
2490 5429 2616 5468 cum
2643 5413 2897 5468 maxime
2926 5411 3086 5467 multi
3123 5410 3335 5484 fabulis
3374 5408 3649 5481 ejusmodi
3676 5423 3766 5462 re-

343 5494 625 5551 censendis
654 5497 949 5567 gaudeant,
983 5504 1339 5558 temerarium
1358 5522 1582 5576 prorsus
1601 5510 1742 5576 foret
1768 5508 1886 5563 sine
1905 5505 2117 5562 delectu
2147 5502 2335 5559 omnia
2354 5502 2662 5574 explodere,
2693 5518 2817 5558 cum
2834 5501 3193 5575 potissimum
3222 5498 3500 5571 ejusmodi
3518 5498 3772 5568 plurima

347 5586 410 5639 in
437 5585 731 5656 Evangelia
761 5588 1026 5658 legamus,
1058 5590 1371 5649 daemonum
1399 5597 1607 5651 scilicet
1639 5598 1881 5666 legiones
1909 5596 2136 5651 unicum
2163 5592 2468 5662 aliquando
2498 5591 2799 5661 hominem,
2830 5590 3132 5664 aliquando
3158 5604 3458 5661 porcorum
3489 5588 3625 5645 bina
3644 5587 3774 5643 mil-

348 5674 429 5739 (ia
459 5673 793 5745 invadentes,
826 5677 1211 5754 diabolumque
1242 5683 1518 5739 videamus
1542 5686 1610 5741 ad
1631 5688 1811 5742 Jesum
1843 5684 2181 5742 accedentem
2207 5683 2391 5754 forma
2421 5681 2504 5755 (ut
2527 5686 2727 5755 putant
2770 5684 2887 5755 fere
2910 5680 3116 5752 omnes)
3147 5683 3396 5737 humana
3416 5697 3435 5734 :
3464 5694 3588 5735 cum
3616 5690 3771 5748 pra:-

351 5762 631 5821 nuntiavit
660 5766 793 5822 item
820 5769 1084 5827 Dominus
1109 5774 1228 5843 [ore
1255 5781 1315 5830 ut
1344 5776 1440 5846 qui
1467 5774 1747 5833 crederent
1792 5777 1849 5832 in
1883 5791 2027 5844 eum,
2081 5774 2142 5831 in
2172 5773 2393 5832 nomine
2420 5773 2546 5844 eius
2585 5772 2863 5833 daemonia
2908 5771 3190 5844 ejicerent,
3242 5770 3461 5843 aliaque
3483 5766 3769 5843 prodigia,
