4082 6354
283 402 406 464 833
1396 400 1585 463 VITA
1629 400 1695 461 S.
1741 400 1895 461 ANT

2122 434 2199 444 —
2231 400 2627 464 MONITUM.
2673 450 2685 460 .
2814 453 2822 459 .
3590 411 3710 470 834

284 537 457 591 etiam
483 535 720 603 majora,
744 550 910 604 quam
942 533 1073 605 ipse,
1105 532 1331 590 ederent
1362 553 1380 588 :
1412 550 1536 590 cum
1564 532 1709 605 apud
1742 548 1929 588 omnes
1958 533 2136 603 ferme
2176 534 2373 588 Patres
2419 534 2587 589 etiam
2627 536 2984 602 gravissimos
3029 536 3509 611 eruditissimaque
3547 541 3711 611 paria

285 631 641 681 cnarrentur.
678 622 829 680 Unde
858 639 967 679 non
995 622 1285 695 prudentis
1314 632 1448 679 esset
1476 638 1563 679 res
1592 621 1887 694 ejusmodi,
1909 622 2089 677 solum
2123 639 2255 694 quia
2282 626 2412 678 sunt
2437 631 2643 694 praeter
2671 624 3135 695 consuetudinem,
3166 629 3325 682 nulla
3353 628 3538 685 habita
3577 647 3710 685 nar—

292 714 544 768 rantium
573 712 816 779 ratione,
849 712 1001 768 inter
1029 711 1205 768 aniles
1235 711 1457 784 fabulas
1482 715 1817 783 computare.
1850 710 1911 765 3°
1944 711 2078 779 Qum
2108 709 2197 765 hic
2225 709 2290 766 de
2316 710 2630 768 dxmonum
2654 710 2972 783 phantasiis
3019 712 3301 784 leguntur,
3351 717 3544 774 eadem
3593 720 3715 791 ipsa

288 802 489 858 iisdem
513 803 631 874 fere
661 801 847 857 verbis
873 816 1133 874 expressa
1163 801 1433 858 habentur
1461 802 1523 857 in
1555 799 1815 874 Epistola
1848 800 1919 856 ad
1950 800 2260 873 episcopos
2290 799 2517 872 Egypti
2554 799 2736 873 Libyae
2764 802 2865 857 sub
2896 802 3126 858 initium
3156 823 3174 859 :
3226 805 3327 861 ubi
3373 808 3507 863 bene
3534 808 3715 865 multa

291 892 533 964 reperies
562 891 683 946 istis
709 889 845 946 adeo
873 891 1107 959 similia,
1139 897 1203 945 ut
1229 890 1475 947 eamdem
1502 889 1667 962 facile
1695 889 1988 944 Athanasii
2021 904 2250 944 manum
2278 904 2564 960 agnoscas.

362 1003 484 1060 VII.
519 1002 751 1073 Evagrii
778 1004 1083 1059 versionem
1112 1004 1257 1075 quod
1284 1006 1510 1075 spectat,
1542 1018 1712 1074 usque
1734 1003 1869 1058 adeo
1900 1001 2077 1056 libera
2101 1011 2197 1070 est,
2230 1010 2293 1058 ut
2327 1018 2697 1072 saepenumero
2727 1004 3019 1059 verborum
3047 1005 3331 1063 Athanasii
3370 1008 3515 1065 nihil
3559 1026 3714 1081 pensi

292 1091 551 1149 habuisse
597 1091 869 1158 videatur,
917 1092 1028 1148 imo
1074 1092 1142 1147 ab
1183 1092 1299 1163 ejus
1327 1107 1484 1162 scapo
1511 1090 1963 1163 frequentissime
1986 1090 2229 1156 aberrat,
2264 1091 2503 1162 soletque
2534 1093 2751 1147 brevius
2775 1094 3151 1151 Athanasiana
3179 1099 3514 1167 exprimere,
3546 1117 3712 1172 quam

301 1183 364 1237 in
397 1183 608 1239 Graecis
641 1190 991 1237 enarrantur.
1026 1182 1155 1250 Qum
1183 1196 1358 1237 causa
1383 1180 1539 1236 nobis
1570 1181 1685 1252 fuit
1713 1183 1773 1234 ut
1803 1181 2108 1235 versionem
2135 1195 2163 1235 e
2209 1181 2430 1250 regione
2459 1179 2637 1237 Graeci
2681 1185 2856 1237 textus
2901 1199 3018 1254 quae
3066 1185 3179 1255 ipsi
3224 1188 3446 1242 omnino
3493 1204 3718 1260 respon-

296 1272 452 1327 deret
482 1270 902 1341 adornaremus,
932 1271 1160 1340 Evagrii
1184 1271 1438 1326 versione
1461 1268 1532 1324 ad
1562 1270 1737 1325 imum
1762 1269 1984 1340 pagina
2010 1272 2211 1340 posita.
2236 1269 2617 1324 Innocentium
2645 1284 2811 1337 porro
2833 1269 2906 1325 ad
2933 1286 3090 1341 quem
3118 1281 3402 1346 nuncupat
3426 1277 3719 1349 prologum

303 1376 469 1415 suum
499 1360 795 1432 Euagrius,
828 1360 1124 1432 opinamur
1150 1375 1275 1414 cum
1305 1358 1580 1416 Rosweida
1608 1374 1733 1414 eum
1762 1373 1899 1428 esse,
1930 1357 1996 1412 de
2023 1372 2128 1429 quo
2158 1358 2522 1429 Hieronymus
2540 1359 2700 1429 epist.
2734 1359 2794 1412 41
2845 1359 2915 1414 ad
2936 1360 3196 1429 Ruﬁnum
3245 1379 3258 1416 :
3312 1364 3717 1422 Innocentium

301 1448 485 1516 enim,
533 1452 759 1520 partem
816 1448 1026 1504 animm
1053 1465 1216 1518 mea,
1249 1449 1592 1521 repentinus
1630 1446 1879 1503 febrium
1910 1446 2084 1502 ardor
2112 1447 2422 1502 abstruxit.
2455 1447 2620 1502 Nunc
2655 1464 2768 1503 uno
2800 1465 2867 1503 ex
2898 1454 3018 1504 toto
3048 1451 3190 1505 mihi
3221 1450 3447 1509 lumine
3476 1455 3720 1528 Evagrio

297 1545 498 1594 nostro
530 1537 716 1605 fruor;
740 1536 836 1593 cui
866 1553 969 1609 ego
1000 1553 1235 1610 semper
1262 1537 1538 1595 infirmus
1565 1536 1638 1592 ad
1668 1535 1930 1592 laborem
1962 1534 2238 1591 cumulus
2270 1535 2688 1605 accessi.Cuius
2714 1553 2859 1593 mors
2885 1554 3012 1593 cum
3040 1555 3193 1594 anno
3220 1541 3326 1596 369
3356 1542 3439 1598 vel
3465 1544 3570 1598 370
3599 1561 3725 1602 con-

296 1626 512 1698 tigerit,
543 1627 795 1699 sequitur
840 1625 989 1682 haud
1034 1625 1133 1683 diu
1180 1634 1300 1699 post
1346 1627 1612 1698 scriptam
1681 1624 1861 1682 Graece
1925 1622 2165 1680 Antonii
2230 1624 2441 1692 Vitam,
2508 1626 2713 1681 Latine
2774 1641 2987 1682 versam
3055 1629 3368 1687 Athanasio
3428 1636 3726 1705 superstite

299 1716 498 1787 fuisse.

377 1830 524 1888 VIII.
559 1832 693 1888 Cum
725 1831 1003 1888 Bollando
1041 1837 1226 1888 autem
1253 1833 1644 1888 existimamus
1670 1832 1786 1905 ejus
1816 1831 2334 1902 interpretationem
2361 1829 2660 1886 adornasse
2693 1834 2997 1903 Evagrium
3038 1847 3163 1888 cum
3214 1835 3273 1890 in
3319 1837 3496 1894 Italia
3540 1843 3721 1897 esset:

302 1922 586 1977 nimirum
632 1922 852 1977 Italiam
897 1922 1168 1993 Euagrius
1208 1938 1332 1977 cum
1373 1922 1600 1978 Eusebio
1634 1920 1963 1977 l’ercetlenci
1988 1921 2220 1991 petierat
2249 1922 2398 1975 circa
2426 1936 2636 1975 annum
2665 1921 2791 1989 362,
2824 1922 3028 1977 isthinc
3054 1938 3303 1981 reversus
3331 1934 3411 1982 est
3435 1942 3561 1984 cum
3592 1930 3727 1986 Hie-

302 2025 538 2083 ronymo
564 2018 620 2066 et
653 2012 968 2067 Innocentio
990 2019 1111 2082 post
1139 2011 1361 2067 Eusebii
1394 2012 1738 2067 Vercetlensts
1767 2011 1998 2076 abitum,
2029 2024 2179 2064 anno
2208 2010 2437 2064 circiter
2464 2009 2569 2064 369
2614 2010 2699 2063 vel
2743 2010 2866 2064 370.
2922 2013 3274 2068 Innocentius
3319 2032 3449 2070 vero
3497 2019 3725 2075 itineris

303 2101 510 2167 socius,
540 2101 635 2155 cui
662 2101 971 2156 versionem
998 2117 1160 2155 suam
1189 2105 1493 2172 nuncupat,
1525 2103 1586 2156 in
1614 2115 1731 2172 ipsa
1760 2099 1830 2154 ad
1857 2100 2083 2169 Syriam
2125 2098 2359 2153 adventu
2405 2098 2563 2168 obiit,
2607 2102 2669 2153 ut
2719 2100 3079 2172 Hieronymus
3122 2102 3331 2158 indicat
3377 2106 3607 2175 epistola
3652 2106 3715 2162 41

305 2188 378 2244 ad
405 2189 684 2258 Ruﬁnum.
719 2189 901 2257 Quare
926 2204 1037 2245 non
1061 2191 1238 2260 potuit
1261 2194 1383 2261 post
1412 2189 1652 2244 reditum
1684 2204 1803 2243 eam
1832 2189 2140 2243 versionem
2170 2187 2463 2256 adamare,
2495 2192 2663 2257 atque
2690 2188 2760 2242 ad
2791 2191 3174 2244 Innocentium
3203 2194 3520 2250 inscribere.
3573 2195 3726 2264 Quod

308 2280 494 2332 autem
519 2278 834 2348 suspicatur
862 2278 1187 2347 Bollandus,
1222 2278 1529 2348 Evagrium
1554 2279 1697 2349 forte
1731 2276 2152 2331 Alexandriam
2179 2293 2304 2331 cum
2332 2278 2562 2332 Eusebio
2600 2277 2921 2332 Vercellensi
2949 2282 3354 2349 commigrasse,
3397 2287 3559 2356 atque
3605 2286 3727 2341 illic

308 2366 549 2422 Antonii
602 2365 799 2422 Vitam
856 2366 926 2421 ab
979 2366 1276 2422 Athanasio
1335 2365 1520 2424 Graece
1570 2368 1874 2436 accepisse;
1928 2365 1989 2420 id
2038 2381 2174 2420 sane
2200 2366 2334 2436 ﬁeri
2362 2366 2583 2421 omnino
2612 2381 2724 2421 non
2753 2369 2993 2435 potuisse
3022 2368 3380 2425 arbitramur.
3414 2373 3553 2428 Nam
3576 2390 3722 2445 prae-

304 2463 562 2527 terquam
589 2457 735 2527 quod
761 2471 874 2512 non
900 2464 985 2512 sat
1011 2458 1114 2513 otii
1140 2456 1444 2512 Athanasio
1470 2457 1638 2525 fuisse
1667 2461 1798 2511 tunc
1826 2456 2052 2511 videtur
2079 2454 2150 2509 ad
2180 2470 2309 2509 eam
2340 2455 2807 2522 conscribendam,
2839 2457 3042 2526 quippe
3101 2460 3198 2529 qui
3242 2464 3605 2531 nupperrime
3657 2463 3726 2520 ab

309 2545 505 2601 exsilia
536 2546 904 2614 remigrasset,
934 2550 986 2601 et
1014 2547 1360 2615 gravissimis
1390 2549 1520 2601 tunc
1547 2545 1808 2602 Ecclesiae
1834 2546 2255 2601 necessitatibus
2282 2544 2641 2614 detineretur,
2675 2546 2754 2599 ait
2783 2546 2900 2615 ipse
2927 2548 2984 2600 in
3014 2547 3233 2618 prologo
3263 2549 3333 2604 ad
3362 2551 3555 2607 Vitam
3606 2558 3727 2609 An-

313 2633 481 2701 tonii,
504 2633 834 2704 rogantibus
862 2634 1152 2691 monachis
1172 2635 1241 2690 id
1269 2636 1451 2706 operis
1480 2649 1810 2707 aggressum
1831 2649 1892 2689 se
1919 2634 2109 2705 urgeri
2135 2649 2167 2687 a
2201 2630 2527 2700 tabellario,
2561 2634 2658 2703 qui
2696 2632 2994 2689 Athanasii
3014 2638 3337 2705 opusculum
3368 2640 3543 2709 (iussu
3578 2641 3730 2698 haud

315 2724 486 2779 dubie
515 2724 936 2796 monachorum)
965 2724 1252 2780 delaturus
1278 2732 1417 2795 erat,
1440 2723 1583 2795 quod
1600 2723 1811 2779 scilicet
1837 2722 1909 2778 ad
1937 2723 2105 2793 ﬁnem
2132 2729 2375 2792 vergeret
2401 2721 2722 2790 navigandi
2751 2725 3132 2794 tempestas.At
3157 2740 3281 2780 cum
3308 2727 3570 2784 Eusebius
3604 2731 3728 2786 Ver-

315 2812 585 2869 nellencis
611 2812 953 2870 Alexandria
970 2820 1043 2869 sit
1067 2815 1339 2885 profectus
1359 2813 1511 2868 circa
1533 2812 1838 2882 Augustum
1864 2826 2128 2878 mensem,
2160 2810 2403 2865 nondum
2432 2809 2767 2865 Athanasius
2794 2826 2926 2882 opus
2944 2827 3109 2867 suum
3126 2817 3584 2887 conscripsisse;et
3599 2828 3732 2875 tunc

316 2903 555 2973 Evagrio
583 2901 873 2958 tradidisse
900 2903 1101 2974 potuit.
1133 2903 1314 2971 Quare
1336 2906 1604 2974 putamus
1632 2901 1759 2957 data
1778 2901 2028 2957 Ecclesia
2088 2899 2503 2971 Athanasioque
2548 2914 2765 2955 summa
2814 2914 2949 2971 pace
3003 2917 3147 2956 anno
3202 2904 3431 2960 circiter
3478 2905 3585 2960 365
3632 2907 3732 2963 hoc

319 2992 647 3064 opusculum
703 2991 771 3048 ab
825 2993 1126 3048 Athanasio
1182 2991 1393 3048 editum
1441 2992 1503 3047 in
1559 2991 1781 3048 Italiam
1824 2993 2212 3047 transmissum
2266 2992 2427 3060 atque
2481 2989 2603 3044 illic
2655 2991 2838 3060 postea
2887 2990 2956 3044 ab
3002 2992 3234 3064 Evagrio
3288 2993 3483 3050 Latine
3507 3012 3734 3054 versum

317 3083 513 3154 fuisse.

391 3199 482 3255 IX.
514 3200 666 3255 Hanc
693 3205 877 3256 autem
904 3198 1211 3255 versionem
1238 3215 1303 3254 ac
1332 3200 1672 3271 Hieronymo
1701 3198 1878 3273 fuisse
1923 3197 2248 3253 adornatam
2296 3198 2511 3266 putavit
2560 3205 2684 3267 post
2733 3197 2872 3254 alios
2919 3198 3179 3271 quosdam
3237 3202 3548 3267 Baronius;
3607 3204 3740 3262 hinc

320 3288 572 3361 deceptus
627 3288 770 3361 quod
825 3304 888 3344 tn
943 3288 1181 3360 epistola
1229 3289 1327 3344 101
1360 3288 1432 3344 ad
1460 3288 1881 3344 Pammachium
1909 3289 2288 3358 Hieronymus
2312 3287 2604 3358 prologum
2634 3288 2856 3358 Evagrii
2884 3289 3146 3359 referens,
3181 3293 3353 3347 tacito
3385 3295 3611 3366 Evagrii
3636 3311 3737 3353 no-

322 3380 500 3450 mine,
531 3379 651 3435 hsec
679 3378 831 3434 dicat
865 3377 1102 3445 :Qualis
1132 3393 1312 3450 super
1340 3376 1449 3433 hoc
1478 3392 1687 3448 genere
1718 3375 2162 3449 prmiatiuncula
2190 3376 2290 3442 sit,
2320 3375 2382 3431 in
2411 3374 2563 3433 libro
2592 3393 2707 3448 quo
2748 3378 2896 3432 beati
2946 3378 3178 3436 Antonii
3223 3381 3339 3437 Vita
3386 3382 3742 3440 describitur

326 3469 518 3541 ipsius
547 3468 798 3524 lectione
828 3484 1109 3539 cognosse
1142 3485 1156 3525 :
1197 3489 1225 3522 α
1254 3472 1331 3522 Ex
1361 3466 1476 3523 alia
1505 3467 1565 3523 in
1596 3466 1794 3534 aliam,
1828 3487 1857 3516 »
1891 3471 2025 3534 etc.,
2055 3472 2115 3521 ut
2137 3467 2312 3537 infra,
2342 3465 2440 3520 sub
2469 3466 2636 3537 ﬁnem
2683 3467 2889 3538 legitur
2921 3484 2933 3522 :
2968 3469 3067 3541 qui
3089 3470 3321 3526 beatum
3348 3472 3657 3528 Antonium
3684 3475 3742 3529 te

332 3562 563 3630 petente
591 3557 949 3630 transposui.
987 3557 1136 3626 Quod
1165 3558 1231 3613 de
1258 3573 1316 3613 se
1344 3558 1553 3614 dixisse
1581 3556 1971 3629 Hieronymum
2002 3556 2155 3611 male
2183 3556 2396 3627 putavit
2425 3556 2700 3612 Barontus
2727 3573 2746 3609 :
2771 3557 2929 3627 cujus
2983 3557 3165 3629 lapsus
3201 3560 3323 3631 jam
3371 3562 3588 3617 nemini
3630 3576 3743 3617 non

334 3646 505 3719 liquet
536 3664 555 3701 :
586 3662 758 3718 quare
782 3663 895 3703 non
922 3652 1005 3703 est
1033 3648 1180 3720 quod
1207 3649 1268 3703 in
1296 3648 1383 3704 his
1410 3647 1624 3703 diutius
1654 3647 2032 3703 immoremur.

398 3762 464 3821 X.
500 3762 776 3821 Cancrum
801 3763 1055 3820 ordinem
1082 3765 1343 3837 temporis
1381 3763 1567 3820 sertula
1594 3766 1770 3819 servat
1791 3762 1889 3820 hoc
1921 3764 1981 3818 in
2029 3762 2168 3817 libro
2220 3762 2545 3817 Athanasius
2591 3763 2734 3833 quod
2787 3780 2822 3819 a
2875 3764 3013 3818 viris
3067 3763 3375 3821 eruditione
3427 3769 3742 3837 conspicuis

325 3853 545 3909 minine
566 3853 1013 3909 animadversum
1035 3855 1241 3909 erroris
1270 3853 1385 3909 illis
1413 3869 1576 3908 causa
1603 3854 1734 3923 fuit.
1769 3852 2098 3909 Curavimus
2126 3867 2227 3906 nos
2251 3851 2475 3919 singula
2504 3860 2657 3922 gesta
2685 3853 2803 3908 suis
2842 3854 3175 3924 temporibus
3225 3855 3527 3924 ascribere,
3575 3858 3744 3912 annis

324 3958 495 4012 quam
523 3943 836 3999 accuratius
861 3943 1144 4014 potuimus
1164 3943 1235 3998 ad
1264 3945 1587 4011 marginem
1613 3942 1838 3998 notatis.

981 4350 1460 4416 PROLOGIUS
1499 4349 1863 4415 EVAGRII
1903 4349 2001 4412 IN
2054 4350 2310 4414 VITAM
2351 4349 2671 4414 SANCTI
2709 4350 3088 4414 ANTONII.

396 4549 705 4623 Presbyter
734 4544 1016 4618 Evagrius
1050 4540 1391 4599 Innocentio
1421 4539 1771 4597 charissima
1802 4538 1924 4597 ﬁlio
1955 4538 2014 4594 in
2047 4538 2296 4596 Domino
2320 4538 2568 4596 salutem
2599 4539 2732 4612 (l8).

397 4647 475 4703 Ex
504 4646 620 4704 alia
647 4646 707 4702 in
740 4644 917 4701 aliam
947 4642 1213 4715 linguam
1243 4641 1315 4697 ad
1345 4640 1591 4696 verbum
1621 4655 1898 4711 expressa
1924 4637 2233 4694 translatio
2265 4655 2478 4695 sensus
2508 4638 2697 4711 operit
2725 4639 2921 4712 (19),et
2947 4640 3125 4697 veluti
3156 4642 3288 4699 laeto
3317 4643 3580 4715 gramine
3610 4648 3739 4701 sata

325 4735 676 4808 strangulat.
712 4734 862 4790 Dum
894 4731 1051 4789 enim
1084 4730 1321 4787 casibus
1351 4732 1409 4785 et
1438 4728 1644 4802 ﬁguris
1674 4728 1853 4784 servit
1881 4728 2086 4796 oratio,
2121 4727 2273 4799 quod
2305 4727 2416 4801 (28)
2451 4729 2604 4784 brevi
2647 4732 2873 4801 poterat
2920 4730 3181 4787 indicare
3230 4749 3520 4803 sermone,
3570 4731 3746 4806 longo

326 4825 553 4882 ambitu
583 4825 941 4881 circumacta
971 4820 1065 4877 vix
1091 4817 1345 4891 explicat
1373 4818 1507 4891 (21).
1542 4817 1660 4874 Hoc
1686 4816 1871 4890 igitur
1898 4833 2005 4889 ego
2035 4820 2249 4881 vitans,
2282 4816 2475 4873 Vitam
2506 4817 2661 4874 beati
2693 4819 2955 4887 Antonii,
2988 4823 3046 4876 te
3076 4825 3331 4893 petente,
3364 4821 3447 4877 ita
3472 4825 3747 4894 transpo-

327 4913 445 4980 sui,
479 4918 545 4969 ut
574 4911 722 4970 nihil
753 4912 906 4968 desit
935 4926 1001 4967 ex
1032 4925 1233 4980 sensu,
1266 4924 1403 4964 cum
1436 4906 1660 4979 aliquid
1691 4906 1845 4963 desit
1874 4921 1944 4962 ex
1969 4905 2184 4965 verbis.
2216 4906 2328 4961 Alii
2361 4906 2618 4980 syllabas
2649 4912 3019 4980 aucupentur
3046 4914 3104 4965 et
3151 4909 3398 4980 litteras,
3447 4911 3507 4967 in
3555 4928 3750 4983 quaere

331 5002 709 5059 sententiam.

407 5178 934 5253 (l8)gcolbertinus,
968 5176 1166 5253 sancti
1186 5174 1477 5253 Germani
1510 5174 1709 5253 codex,
1729 5173 1993 5253 Gemme-
2097 5174 2154 5245 2,
2179 5173 2630 5253 etUHieronymw
2662 5175 2948 5253 indicare,
2976 5174 3074 5253 alii
3106 5193 3330 5253 omnes,
3364 5178 3622 5235 indicari.

332 5246 573 5329 ticensis
601 5253 969 5329 2,_Presbyter
994 5250 1260 5329 Euagrius
1287 5249 1478 5305 carina
1503 5248 1795 5329 (German.
1829 5246 1993 5329 addit
2106 5320 2116 5329 ι
2172 5246 2284 5329 (21)
2316 5246 2702 5329 Hieronymus
2736 5251 2900 5329 :Hoc
2927 5249 3103 5329 igitur
3128 5252 3439 5329 egovitgns
3469 5253 3575 5329 qui
3607 5252 3749 5329 bea-

333 5322 677 5403 charissima)
710 5319 872 5403 filio;
888 5319 1179 5403 Nimirum
1211 5337 1345 5376 cum
1388 5319 1876 5403 esset.scriptum
1931 5319 1989 5372 in
2098 5320 2215 5403 thum
2246 5319 2541 5403 Antonium
2581 5328 2635 5403 te
2679 5327 2891 5403 petente
2934 5324 3267 5403 transposui.
3320 5322 3387 5376 Et
3434 5319 3519 5377 sic
3566 5323 3744 5403 etiam

336 5389 718 5470 quibusdam
747 5395 1088 5470 codicibus,
1116 5409 1347 5470 carmo_
1368 5408 1472 5470 pro
1519 5389 1892 5461 charissima,
1925 5404 1993 5445 ex
2100 5389 2255 5470 polb.
2277 5459 2289 5470 .
2310 5389 2537 5470 Gemm.
2586 5392 2621 5443 2
2667 5389 2725 5470 et
2755 5391 2975 5470 Germ.,
2996 5389 3103 5470 _qu_i
3133 5397 3328 5470 tamen
3360 5394 3751 5470 pro_qui,_ba-_

337 5459 537 5547 car-mo
554 5469 808 5547 domum
841 5459 1288 5547 carinq'factum
1913 5532 1925 5544 .
1949 5532 1965 5547 ‘
2102 5459 2240 5547 bent
2269 5459 2367 5544 ita,
2393 5462 2952 5547 {nmina-Geminei.
2985 5459 3037 5531 1,
3070 5459 3377 5547 Igiturfga'
3406 5459 3756 5547 [itam'beati

408 5540 523 5667 ΨΩ)
554 5540 945 5613 Hieronymus
976 5539 1047 5595 ad
1078 5534 1550 5599 Pammachium,
1583 5548 1816 5616 sensum.
1844 5532 1991 5615 Ibid.
2103 5533 2345 5614 Antonii,
2382 5534 2459 5587 ita
2488 5536 2540 5616 te
2562 5537 2794 5603 petente,
2813 5536 3159 5618 transposui.
3194 5532 3344 5592 Editi
3376 5552 3390 5592 :
3422 5537 3530 5591 Hoc
3568 5537 3752 5604 igitur

337 5610 413 5669 Co
440 5612 498 5668 b.
533 5611 717 5677 solus,
749 5613 945 5677 aperit.
970 5610 1101 5668 Mox
1131 5624 1335 5666 omnes
1366 5609 1753 5677 manuscript:
1785 5609 1841 5661 et
1868 5608 1997 5660 Hie-
2103 5620 2199 5672 ego
2228 5609 2431 5677 vitans,
2472 5606 2649 5677 [’ttam
2680 5606 2820 5661 beati
2851 5606 3095 5677 Antonii,
3127 5616 3181 5662 te
3207 5614 3441 5677 petente,
3476 5610 3554 5664 ita
3580 5611 3754 5666 trans-

338 5624 498 5669 UOID.
533 5624 717 5682 salus,
749 5624 945 5685 aperit.
971 5624 1101 5668 mox
1131 5624 1335 5666 omnes
1366 5624 1753 5677 manuscrlpu
1785 5624 1841 5661 et
1868 5624 1997 5660 ule-
2103 5624 2199 5672 ego
2228 5624 2431 5671 ouans,
2474 5624 2649 5660 ruam
2680 5624 2820 5661 aeatt
2851 5624 3095 5676 antangi,
3127 5624 3181 5662 te
3207 5624 3441 5679 petente,
3476 5624 3554 5664 tta
3580 5624 3754 5666 trans-

338 5701 596 5759 ιιοιι-γῳ⁸2
627 5684 746 5740 laeto
773 5685 1049 5759 gramine.
1082 5680 1260 5759 Editi,
1291 5680 1481 5759 laetum
1505 5693 1781 5759 gramen.’
1871 5748 1882 5759 ⁸
1979 5748 1988 5759 _
2098 5676 2278 5759 posui.
2312 5675 2758 5759 Mox'gemmet.
2788 5678 2813 5731 1
2848 5682 2905 5759 et
2933 5676 3118 5759 golb.,
3146 5680 3384 5759 syllabis
3425 5692 3756 5759 occupentur

412 5746 524 5829 (2'0)
556 5746 854 5827 German,
885 5756 1143 5813 breviter.
1177 5746 1307 5812 Mox
1337 5748 1819 5808 Gemmeticensis
1863 5748 1889 5803 1
1939 5748 1999 5802 et
2102 5746 2158 5804 et
2188 5746 2417 5805 litteris.
2450 5748 2595 5805 Ibid.
2629 5748 2825 5806 Germ.
2853 5753 2911 5807 et
2940 5746 3228 5810 Gemmet.
3256 5752 3313 5821 2,
3344 5746 3569 5825 auaris;
