4074 6334
309 431 427 492 841
1698 423 1885 486 VITA
1928 423 1995 485 S.
2041 423 2390 487 ANTONII.
3612 418 3729 480 842

307 563 650 641 Χριστιανῶν
703 560 877 617 αὐτῶν
928 556 1119 630 ὅντων,
1168 562 1568 634 Χριστιανικῶς
1617 558 1846 634 ἀνήγετο
1876 579 1916 613 κη

2130 560 2241 615 bus
2263 557 3065 625 oritundus,Christianorum
3090 563 3147 614 e‘.
3174 558 3300 631 ipse
3329 574 3490 617 more
3516 559 3738 616 educa-

305 653 496 717 αὐτός.
535 652 633 707 Καὶ
680 648 896 706 παιδίον
952 650 1046 721 μὶν
1097 647 1195 720 ὢν,
1228 648 1479 727 έτόέφετο
1531 649 1679 724 παρά
1724 652 1843 709 τοῖς
1880 668 1913 722 γ

2127 667 2181 705 ιε
2209 653 2316 705 est.
2347 651 2427 704 Ac
2458 649 2652 704 infans
2698 647 2893 703 adhuc
2940 663 3075 704 cum
3108 651 3373 718 esset,ita
3428 650 3583 723 apud
3635 666 3736 722 pa-

304 747 480 811 νεῦσι,
512 739 681 797 πλέον
715 738 891 795 αὐτῶν
937 737 1028 793 καὶ
1074 742 1173 793 τοῦ
1205 737 1357 793 οἷ’κου
1406 736 1572 811 μηδὲν
1601 732 1779 812 ἕτερον
1806 757 1913 813 γινι

2125 744 2282 796 antes
2311 738 2770 806 nutriebatur,ut
2798 737 3157 808 prazterillcs
3182 743 3239 795 et
3269 741 3508 795 domum
3533 742 3734 795 nosset

307 853 476 888 σκων·
514 826 796 900 ἐπειδὴδὲ
843 829 931 883 καὶ
980 828 1220 899 αὐξήσας
1266 827 1473 904 ἐγένετο
1520 832 1671 895 παῖς,
1704 827 1790 881 καὶ
1836 847 1916 901 πρ‹

2128 827 2253 883 ibil.
2285 827 2493 883 Postea
2523 844 2653 882 vero
2688 842 2863 897 quam
2896 828 3213 884 crescendo
3244 846 3389 901 puer
3410 830 3601 885 factus
3621 832 3730 900 est,

309 922 506 978 έκοπτε
532 923 601 994 τῇ
633 915 853 990 ἡλικίᾳ,
883 916 1182 993 γράμματα
1216 916 1310 989 μὲν
1351 920 1536 989 μαθεῖν
1571 915 1669 971 οὐκ
1684 916 1914 990 ἠνέσχετ

2127 923 2258 989 tque
2290 921 2457 972 aetate
2510 919 2814 990 processit,
2868 916 3083 973 litteris
3124 919 3357 974 institui
3408 918 3623 984 renuit,
3671 922 3736 973 ut

318 1010 662 1089 βουλόμενος
694 1007 849 1071 ἐκτὸς
878 1007 1011 1061 εἶναι
1040 1005 1130 1061 καὶ
1154 1012 1255 1076 τῆς
1286 1005 1421 1079 πρὸς
1447 1004 1575 1067 τοὺς
1627 1002 1823 1066 παῖδας
1854 1025 1927 1059 συε

2127 1022 2400 1063 uerorum
2432 1011 2789 1067 consortium
2822 1009 3494 1084 atqueconsuetudinem
3518 1008 3734 1064 devita-

312 1100 525 1171 ηθείας·
557 1099 658 1168 τήν
693 1094 751 1152 δὲ
774 1094 1061 1168 ἐπιθυμίαν
1090 1100 1264 1150 πᾶσαν
1298 1094 1435 1171 εἶχε,
1468 1094 1604 1149 κατὰ
1629 1094 1692 1149 τὸ
1729 1113 1921 1171 γεγρα(

2124 1099 2173 1150 et
2199 1111 2213 1161 ;
2244 1099 2552 1168 totumque
2579 1098 2732 1154 033
2766 1098 3125 1155 desiderium
3156 1098 3216 1153 in
3246 1115 3312 1154 eo
3345 1096 3605 1169 positum
3631 1094 3733 1149 ha-

316 1190 486 1261 μένον
520 1187 644 1263 περὶ
694 1190 792 1241 τοῦ
843 1178 1038 1243 Ἰακὼϐ
1091 1187 1225 1257 (24),
1277 1184 1351 1246 ὡς
1403 1182 1678 1247 ἄπλαστος
1726 1182 1925 1239 οἶκεῖνὲ

2126 1185 2354 1251 ebat,ut
2382 1186 2665 1257 scriptum
2699 1193 2788 1243 est
2817 1189 2887 1243 de
2917 1188 3231 1256 Jacobo;ut
3277 1186 3531 1257 simplex
3569 1182 3729 1239 domi

306 1283 383 1343 τῇ
430 1276 581 1349 οῗκίᾳ
628 1277 821 1333 αὐτοῦ.
875 1275 1154 1348 Συνήγετο
1206 1273 1391 1348 μέντοι
1446 1273 1581 1347 μετά
1620 1278 1727 1328 τῶν
1768 1274 1915 1349 γονέα

2120 1280 2413 1330 emanaret
2444 1276 2653 1331 ".Cum
2676 1278 3017 1348 parentibus
3037 1293 3168 1333 vero
3185 1277 3243 1331 in
3265 1276 3568 1331 Dominico
3592 1290 3729 1329 con-

308 1367 366 1423 ἒν
420 1371 501 1439 τῗξ)
551 1369 835 1442 Κυριακῷχ
878 1364 969 1419 καὶ
1022 1360 1144 1418 οὔτε
1193 1363 1268 1426 ὡς
1316 1368 1444 1426 παῖς
1494 1362 1802 1440 ἐρῥᾳθόμει,
1849 1360 1917 1417 οῦκ

2127 1364 2353 1419 antibus
2385 1365 2799 1437 aderatzneque
2830 1382 2961 1423 cum
2995 1383 3141 1439 puer
3169 1370 3324 1422 esset
3345 1365 3464 1420 otio
3503 1362 3736 1419 difﬂue-

307 1458 389 1519 ὡς
417 1460 487 1529 τῇ
519 1452 717 1525 ἡλικίᾳ
764 1452 1093 1529 προκόπτων
1145 1453 1481 1528 κατεφρόνει·
1532 1450 1679 1508 ἀλλά
1724 1451 1810 1507 καὶ
1855 1473 1915 1507 το

2126 1457 2399 1526 at,neque
2428 1460 2595 1511 actate
2629 1472 2978 1529 progressus
3009 1460 3379 1527 contemptor
3421 1458 3576 1515 erat;
3615 1453 3733 1507 imo

303 1549 556 1621 γονεῦσιν
614 1544 985 1609 ὑπετάσσετο,
1041 1540 1132 1596 καὶ
1188 1546 1307 1604 τοῖς
1368 1542 1748 1618 ἀναγνώσμασι
1801 1562 1907 1617 προ

2129 1559 2218 1598 ero
2250 1544 2594 1615 parentibus
2616 1547 3172 1617 eratobsequens,et
3185 1542 3535 1601 lectionibus
3555 1546 3738 1597 atten-

307 1636 485 1711 έχων,
518 1634 620 1712 τὴν
648 1632 699 1703 ἐξ
731 1632 905 1686 αὐτῶν
954 1628 1221 1709 ὠφέλειαν
1269 1631 1320 1686 έν
1507 1632 1681 1704 ἑαυτῷ
1712 1628 1916 1706 διετήρε

2124 1648 2412 1699 us,earum
2444 1632 2501 1687 in
2534 1650 2596 1688 se
2627 1633 2885 1689 fructum
2925 1633 3332 1690 conservabat.
3358 1633 3556 1703 Neque
3599 1647 3733 1685 rur-

307 1721 456 1782 Οῦτε
488 1720 546 1778 δὲ
575 1719 742 1777 πάλιν
776 1722 853 1783 ὡς
882 1726 1013 1783 παῖς
1057 1717 1109 1774 ἐν
1147 1722 1341 1797 μετρίᾳ
1386 1720 1669 1796 περιουσίᾳ
1692 1722 1916 1797 τυγχάνι

2122 1735 2219 1774 um
2242 1719 2374 1775 licet
2407 1721 2469 1775 in
2503 1725 2594 1776 sat
2641 1722 2842 1793 pingui
2874 1722 3132 1791 fortune,
3165 1737 3333 1794 puer,
3384 1719 3731 1793 parentibus

306 1811 565 1889 ἠνώχλει
605 1816 724 1873 τοῖς
755 1814 971 1887 γονεῦσι
1004 1809 1266 1881 ποικίλης
1297 1812 1387 1865 καὶ
1434 1808 1775 1872 πολυτελοῦς
1822 1807 1915 1864 Eva:

2119 1809 2230 1864 auti
2261 1814 2436 1879 atque
2466 1810 2606 1865 varii
2641 1811 2754 1866 cibi
2804 1827 3002 1879 causa,
3038 1816 3162 1867 erat
3194 1812 3591 1881 importunus,
3623 1824 3728 1863 nec

303 1905 545 1981 τροφῆς,
580 1897 704 1956 οὔτε
729 1899 824 1963 τὰς
858 1899 919 1955 ἐκ
963 1901 1169 1972 ταύτης
1219 1896 1419 1970 ἡδονὰς
1450 1899 1652 1971 ἐζήτει·
1694 1898 1883 1973 μόνοις

2124 1896 2201 1953 110
2232 1899 2404 1954 modo
2433 1900 2723 1971 ejusmodi
2756 1899 3039 1972 voluptati
3090 1900 3322 1957 deditus
3348 1916 3360 1953 :
3398 1898 3499 1955 sed
3530 1898 3728 1953 inven-

307 1992 397 2053 οἷς
428 1989 686 2065 ηὕρισκεν
712 1990 964 2064 ἠρκεῖτο,
998 1990 1089 2045 καὶ
1124 1987 1289 2045 πλέον
1318 1985 1470 2044 οὐδὲν
1504 1987 1700 2059 ἐζήτει.

1649 2009 1700 2045 ει.
2080 1987 2157 2042 tis
2190 1992 2519 2055 contentus,
2552 1988 2698 2044 nihil
2722 1989 2878 2045 ultra
2901 1990 3258 2061 requirebat.

384 2086 442 2136 2.
473 2079 622 2135 Μετᾶ
671 2074 730 2133 δὲ
776 2078 869 2132 τὸν
920 2077 1148 2132 θάνατον
1195 2081 1303 2132 τῶν
1352 2078 1582 2153 γονέων,
1608 2077 1768 2140 αὐτὸς
1801 2078 1967 2151 μόνης

2148 2077 2205 2131 2.
2238 2077 2375 2133 Post
2394 2083 2701 2149 parentum
2729 2083 2927 2135 autem
2952 2079 3200 2146 obitum,
3248 2077 3409 2134 solus
3442 2092 3573 2132 cum
3608 2075 3732 2133 sola

302 2167 643 2246 κατελείφθη
700 2167 833 2239 μετὰ
887 2167 1013 2239 μιάς
1066 2167 1413 2243 βραχυτάτης
1463 2164 1724 2237 ἀδελφῆςθ
1757 2167 1846 2222 καὶ
1898 2169 1911 2220 i

2120 2183 2277 2223 orore
2299 2167 2622 2222 admodum
2654 2183 2831 2239 parva
2865 2167 3267 2237 relictus,cum
3296 2168 3493 2222 decem
3526 2168 3584 2221 et
3600 2169 3729 2219 octo

308 2259 449 2313 ἐτῶν
478 2256 641 2331 ἐγγὺς
674 2254 800 2311 δέκα
830 2256 918 2310 καὶ
952 2256 1118 2324 ὀκτὼ,
1150 2257 1185 2326 ἢ
1221 2256 1308 2311 καὶ
1360 2254 1528 2311 εἷ’κοσι
1576 2258 1835 2332 γεγονὼς»
1869 2260 1917 2311 αῖ

2116 2255 2165 2311 el
2189 2255 2391 2328 viginti
2424 2272 2711 2311 annorum
2744 2258 3136 2326 esset,domus
3166 2256 3502 2327 sororisque
3524 2270 3725 2309 curam

304 2349 406 2409 τός
437 2367 498 2402 τε
526 2352 626 2416 τῆς
658 2344 830 2406 οἶκέας
878 2345 966 2399 καὶ
1014 2352 1114 2415 τῆς
1148 2342 1388 2423 ἀδελφῆς
1433 2344 1760 2423 ἐφρόντιζεν.
1796 2346 1913 2403 Οῦπ

2116 2345 2396 2401 essit.Sex
2426 2351 2622 2401 autem
2653 2347 2917 2402 nondum
2950 2346 3168 2403 exactis
3209 2344 3515 2401 mensibus
3546 2360 3579 2398 a
3618 2358 3723 2414 pa-

306 2435 370 2493 δὶ
404 2438 572 2510 μῆνες
621 2434 675 2505 ’ἐξ
722 2434 1006 2510 παρῆλθον
1055 2437 1151 2488 τοῦ
1195 2434 1422 2489 θανάτου
1475 2440 1583 2490 τῶν
1628 2436 1828 2510 γονέων
1870 2434 1915 2489 αἱ

2113 2440 2310 2490 cntum
2332 2434 2513 2504 exitu,
2543 2452 2675 2490 cum
2708 2436 2779 2491 de
2812 2452 2969 2492 more
3000 2436 3071 2491 ad
3099 2434 3472 2491 Dominicum
3524 2447 3722 2504 proce-

300 2532 405 2582 τοῦ
456 2527 593 2598 (26),
648 2521 738 2577 καὶ
784 2524 920 2577 κατὰ
964 2523 1026 2577 τὸ
1076 2522 1269 2585 εἰωθὸς
1315 2525 1727 2599 προερχόμενος
1776 2523 1852 2586 εἷς
1898 2546 1909 2559 ·

2112 2528 2255 2593 eret,
2286 2528 2461 2597 atque
2492 2541 2691 2581 secum
2734 2526 2930 2581 animo
2962 2525 3260 2597 cogitaret,
3320 2540 3437 2595 qua
3494 2521 3715 2577 ratione

298 2613 601 2688 Κυριπικὸν,
649 2611 739 2667 καὶ
791 2613 1037 2688 συνάγων
1088 2612 1277 2667 ἑαυτοῦ
1322 2613 1419 2682 τὴν
1480 2610 1740 2682 διάνοιαν,
1774 2611 1904 2689 ἐλιογ

2107 2612 2322 2684 postoli
2351 2613 2568 2670 relictis
2592 2615 2868 2670 omnibus
2899 2615 3083 2670 secuti
3106 2619 3245 2670 sunt
3268 2612 3623 2669 Salvatorem
3649 2612 3716 2680 1³,

304 2711 432 2775 ζετο
464 2705 800 2779 περιπατῶν,
834 2705 952 2765 πῶς
1002 2701 1055 2755 oi
1106 2701 1201 2775 μὲν
1250 2699 1549 2756 ἀπόστολοι
1589 2703 1762 2757 πάντα
1797 2723 1913 2757 κατε

2111 2701 2246 2773 tqui
2280 2702 2339 2757 in
2370 2703 2611 2759 Actibus
2643 2704 3063 2774 apostolorum,
3112 2703 3362 2759 venditis
3395 2701 3720 2773 possessio-

300 2790 567 2854 λιπόντες
597 2787 979 2860 ἠκολούθησαν
1012 2794 1090 2862 τῷ
1121 2792 1363 2864 Σωτῆρι·
1397 2791 1448 2845 οἱ
1481 2788 1539 2845 δὲ
1570 2789 1621 2845 ἐν
1653 2796 1773 2854 ταῖς
1812 2793 1909 2867 ΙΙρε

2115 2791 2266 2861 ibus,
2301 2792 2489 2863 pretia
2517 2792 2836 2847 efferebant
2865 2792 2936 2847 ad
2997 2793 3172 2864 pedes
3203 2790 3625 2863 apostolorum,
3660 2792 3723 2844 ut

301 2886 417 2956 ξεσι
450 2878 770 2941 πωλοῦντες
822 2878 890 2933 τὰ
939 2879 1140 2933 ἑαυτῶν
1192 2873 1379 2957 ἔφερον
1428 2879 1516 2934 καὶ
1563 2879 1770 2944 ἐτίθουν
1820 2902 1910 2956 ita,

2115 2880 2272 2952 genis
2303 2880 2797 2936 distribuerentur
2827 2882 3003 2937 “:nec
3034 2898 3148 2936 non
3174 2896 3438 2951 quamam
3474 2883 3724 2952 quanta~

307 2969 445 3032 τοὺς
475 2965 645 3030 πόδας
693 2972 800 3022 τῶν
848 2965 1193 3040 ἀποστόλων,
1229 2967 1305 3030 εἷς
1356 2965 1594 3024 διάδοσιν
1643 2974 1748 3026 τῶν
1779 2970 1916 3045 χρείε

2119 2986 2190 3025 ue
2218 2968 2350 3025 istis
2379 2985 2513 3040 spes
2535 2969 2595 3024 in
2626 2968 2787 3025 ccelis
2810 2969 3064 3041 reposita
3086 2968 3308 3024 sitzhaac
3332 2983 3532 3023 secum
3549 2983 3726 3039 repu-

319 3059 591 3136 ἒχόντων,
622 3056 702 3118 τίς
731 3078 789 3111 τε
818 3055 908 3112 καὶ
962 3056 1105 3127 πόση
1153 3056 1370 3120 τούτοις
1424 3057 1579 3121 ἐλπῖς
1630 3056 1682 3113 ἐν
1724 3058 1928 3135 οὐρανο

2118 3059 2298 3127 ins,in
2328 3058 2636 3115 ecclesiam
2668 3059 3015 3131 ingreditur,
3056 3058 3422 3131 contigitque
3488 3061 3552 3111 ut
3598 3061 3727 3112 tum

264 3206 277 3214 _
319 3150 634 3205 ἀπόκειται.
679 3151 853 3201 Ταῦτα
902 3142 969 3215 δὴ
1022 3146 1445 3220 ἐνθυμούμενος,
1489 3148 1732 3218 εἰσῆλθεν
1765 3149 1873 3212 εἶςι

2127 3147 2459 3220 vangelium
2490 3147 3099 3219 legeretur,etaudivit
3120 3147 3439 3203 Dominum
3465 3145 3631 3202 diviti
3652 3143 3734 3201 illi

313 3235 657 3307 ἐκκλησίαν,
710 3234 798 3289 καὶ
846 3228 1042 3305 συνέϐη
1101 3230 1225 3290 τότε
1279 3237 1341 3291 τὸ
1400 3236 1738 3313 Εὐαγγέλιον
1797 3238 1922 3313 ἀναγ

2127 3239 2335 3294 ixisse:
2369 3239 2429 3294 Si
2474 3240 2555 3294 vis
2599 3240 2876 3310 perfectus
2943 3253 3077 3306 esse,
3112 3238 3266 3309 vade,
3326 3236 3493 3293 vende
3547 3238 3735 3292 omnia

323 3328 652 3394 νώσκεσθαι,
684 3322 774 3378 καὶ
803 3319 1005 3391 ἤκουσε
1045 3328 1143 3379 τοῦ
1174 3325 1377 3400 Κυρίου
1420 3323 1675 3401 λέγοντος
1694 3331 1772 3399 τῷ
1800 3326 1932 3382 πλοι

2125 3342 2202 3381 uae
2233 3327 2415 3393 habes,
2447 3330 2504 3381 et
2530 3325 2608 3381 da
2624 3327 2983 3399 pauperibus,
3060 3330 3113 3382 et
3144 3328 3287 3393 veni,
3337 3341 3560 3397 sequere
3614 3341 3734 3381 me:

325 3415 436 3489 σίῳ
470 3436 482 3448 ·
543 3413 610 3472 Εἰ
668 3410 844 3474 Θέλεις
917 3411 1127 3475 τέλειος
1204 3415 1333 3469 εἶναι
1368 3458 1383 3486 ,
1441 3414 1661 3491 ὕπαγε,
1716 3415 1934 3487 πώλησι

2127 3418 2379 3474 thabebis
2410 3421 2738 3473 thesaurum
2769 3419 2827 3471 in
2876 3418 3026 3472 caelis
3078 3418 3143 3470 ‘5.
3212 3416 3504 3472 Antonius
3565 3430 3736 3487 porro

327 3505 505 3560 πάντα
558 3502 627 3557 τά
686 3500 998 3578 ὑπάρχοντά
1054 3522 1139 3556 σοι
1196 3506 1333 3577 (27),
1389 3504 1479 3559 καὶ
1538 3503 1629 3568 δὸς
1682 3511 1931 3583 πτωχοῖς

2132 3508 2259 3562 uasi
2293 3505 2571 3562 divinitus
2596 3505 2867 3562 immissa
2898 3506 3012 3561 sibi
3043 3510 3200 3562 esset
3229 3509 3568 3561 sanctorum
3619 3520 3738 3559 me-

327 3594 422 3649 καὶ
479 3589 638 3666 δεῦρο
695 3588 985 3646 ἀκολούθει
1048 3611 1191 3664 μοι,
1249 3591 1339 3647 καὶ
1394 3590 1529 3667 ἕξεις
1597 3596 1866 3670 θησαυρὸν
1929 3593 1936 3647 i

2134 3596 2299 3665 toria,
2330 3600 2388 3652 et
2418 3596 2586 3667 quasi
2617 3595 2710 3651 sui
2743 3611 2922 3651 causa
2952 3594 3103 3650 lecta
3130 3593 3234 3651 illa
3258 3593 3529 3664 fuissent,
3553 3608 3743 3664 egres-

328 3683 607 3759 οὐρανοῖς.
666 3681 725 3738 Ὀ
771 3676 830 3733 δὲ
885 3679 1202 3748 ’Δντώνιος,
1255 3680 1435 3755 ὥσπερ
1496 3684 1675 3747 θεόθεν
1730 3682 1937 3759 ἐσχηκὰ

2137 3703 2197 3741 us
2230 3685 2670 3757 quamprimum
2705 3700 2775 3741 ex
2809 3684 3130 3754 Dominioo,
3155 3700 3304 3755 quas
3335 3700 3368 3738 a
3426 3681 3746 3754 majoribus

324 3773 432 3842 τὴν
460 3774 571 3827 τῶν
605 3768 772 3846 ἁγίων
824 3770 1071 3843 μνήμην,
1117 3769 1207 3825 καὶ
1261 3770 1335 3833 ὡς
1385 3769 1455 3826 δι’
1497 3772 1658 3828 αὐτὸν
1692 3772 1933 3849 γενομένι

2141 3774 2304 3830 abuit
2330 3774 2733 3846 possessiones
2780 3775 2969 3844 (erant
2992 3772 3278 3829 autemilli
3306 3788 3492 3828 arui-aa
3522 3775 3749 3827 trecen-

330 3948 423 4001 est
452 3941 528 3998 de
558 3939 1137 4016 Jacob,._inuocenter
1192 3942 1495 3999 habitabat
1523 3945 1678 4001 domi
1705 3963 1718 4002 :
1752 3947 1822 4001 ad
1842 3945 2149 4002 ecclesiam
2169 3960 2400 4016 quoque
2429 3959 2563 3999 cum
2590 3943 2929 4016 parentibus
2962 3959 3115 4016 saepe
3145 3943 3630 4016 conveniens,nec
3661 3941 3751 3996 in-

332 4019 568 4073 fantum
602 4012 895 4079 lascivias,
921 4030 1024 4068 nec
1056 4031 1370 4088 puerorum
1403 4016 1817 4088 negligentiam
1851 4022 1964 4087 (28)
1993 4012 2364 4081 sectabatur;
2392 4016 2491 4071 sed
2523 4012 2753 4088 tantum
2788 4032 2855 4070 ea
2879 4033 3006 4087 qua:
3029 4012 3369 4087 legebantur
3384 4013 3750 4088 auscultans,

336 4088 658 4145 utilitatem
687 4090 1111 4159 praeceptorum
1142 4087 1267 4142 vitae
1292 4085 1661 4144 institutione
1692 4085 1957 4144 servabat
1983 4108 1996 4158 ;
2033 4106 2147 4144 non
2180 4090 2325 4157 suis,
2351 4094 2414 4143 ut
2450 4087 2599 4143 solet
2631 4085 3200 4159 illuiietas,provariis
3222 4096 3279 4142 et
3309 4085 3576 4142 delicatis
3607 4085 3754 4139 cibis

336 4173 606 4242 unquam
637 4156 805 4238 taedio
837 4156 1147 4239 fuit.;.n.on
1171 4175 1315 4214 escae
1338 4158 1623 4216 mollioris
1654 4156 2057 4217 blandimenta
2088 4156 2348 4219 sectatus
2393 4163 2501 4225 est,
2536 4158 2629 4215 his
2663 4158 2854 4215 solum
2888 4156 3014 4231 qua:
3061 4160 3357 4214 dabantur
3411 4160 3750 4221 contentus,

338 4230 489 4285 nihil
520 4226 779 4285 amplius
810 4233 1132 4285 rcauismt.

338 4244 489 4288 niuu
520 4244 779 4298 amplius
810 4244 1132 4298 requismt.

412 4245 616 4285 uuam
666 4245 779 4283 nus
810 4245 869 4283 re
918 4245 1132 4283 uismc.

412 4303 467 4356 2.
502 4245 658 4356 Post?
673 4245 917 4355 mortar?)
948 4306 1144 4355 autem
1177 4306 1507 4372 parentum,
1542 4318 1829 4358 annorum
1863 4303 2095 4358 circiter
2124 4304 2322 4358 decem
2355 4305 2412 4357 et
2441 4305 2570 4356 octo
2598 4314 2699 4356 seu
2729 4301 2955 4373 viginti,
2994 4318 3129 4357 cum
3178 4317 3376 4357 sorore
3432 4300 3752 4356 admodum

342 4372 590 4448 parvula
619 4372 1019 4448 d_erelictu_s,et
1046 4373 1257 4448 domus
1288 4379 1344 4428 et
1373 4376 1591 4429 sororis
1621 4374 1924 4430 honestam
1958 4377 2068 4442 (29)
2099 4392 2299 4430 curam
2332 4372 3012 4448 gerebatznecdumnvero
3044 4389 3144 4448 sex
3176 4374 3468 4448 ﬂuxerunt
3497 4389 3753 4448 menses,

345 4443 569 4517 quibus
599 4444 670 4498 ad
703 4443 1030 4518 ecclesiam,
1057 4451 1120 4498 ut
1149 4444 1376 4518 solebat
1405 4462 1735 4518 accurrens,
1770 4448 2185 4518 recordabatur
2214 4446 2505 4518 quomodo
2537 4451 2594 4500 et
2638 4444 2909 4515 apostoli,
2956 4446 3235 4518 omnibus
3292 4445 3528 4516 spretis,
3570 4443 3755 4499 secuti

343 4514 601 4589 fuissent
627 4514 982 4589 Salvatorem
1010 4532 1022 4569 :
1056 4523 1112 4571 et
1143 4516 1332 4584 multi,
1364 4516 1422 4571 in
1452 4517 1693 4573 Actibus
1725 4517 2145 4588 apostolorum,
2170 4514 2546 4573 facultatibus
2593 4518 2718 4571 suis
2753 4517 3024 4585 venditis,
3047 4518 3233 4589 pretia
3261 4514 3343 4572 ad
3367 4519 3542 4588 pedes
3564 4532 3756 4589 eorum

342 4587 699 4660 detulissent
726 4587 1033 4660 egentibus
1066 4589 1591 4659 partienda,quaave
1607 4594 1708 4643 aut
1730 4587 1953 4659 quanta
1970 4606 2105 4660 spes
2138 4591 2344 4645 iisdem
2379 4589 2631 4659 reposita
2658 4594 2813 4643 esset
2842 4590 2899 4643 in
2924 4587 3755 4652 cmli‘s.Taliasecumvolvens,

342 4660 590 4716 intravit
614 4658 674 4714 in
705 4657 1013 4732 ecclesiam
1045 4657 1181 4730 (30),
1214 4666 1270 4713 et
1301 4657 1511 4715 accidit
1537 4667 1599 4714 ut
1633 4657 1772 4715 tunc
1805 4657 2178 4732 Evangelium
2211 4657 2584 4729 legeretur,in
2608 4676 2724 4730 quo
2761 4662 3041 4716 Dominus
3063 4661 3205 4717 dicit
3228 4662 3296 4716 ad
3329 4660 3658 4732 divitem:Si
3677 4661 3759 4732 vis

340 4732 622 4806 perfeleus
668 4747 805 4806 esse,
839 4730 1007 4806 vade,
1022 4740 1073 4785 et
1105 4729 1271 4806 vende
1290 4732 1477 4786 omnia
1506 4739 1620 4806 tua~
1642 4729 1990 4806 quacunque
2013 4733 2199 4797 habes,
2230 4738 2281 4788 et
2303 4732 2372 4787 da
2400 4729 2756 4806 pauperibus,
2778 4738 2828 4788 et
2854 4735 3000 4798 veni,
3031 4748 3251 4806 sequere
3277 4749 3404 4806 me,_
3433 4740 3496 4806 et_
3539 4729 3762 4785 habebis

342 4802 667 4861 thesaurum
701 4803 761 4856 in
781 4802 950 4858 caelis.
980 4804 1101 4868 Quo
1134 4803 1355 4873 audito,
1390 4805 1561 4872 quasi
1591 4802 2244 4873 divinitushujusmodi
2278 4809 2412 4859 ante
2436 4804 2782 4860 memoriam
2813 4802 3199 4876 concepisset,
3231 4807 3289 4859 et
3322 4802 3498 4858 veluti
3526 4806 3765 4873 propter

424 4905 469 4940 ¹²
497 4902 640 4959 Gen.
672 4919 801 4968 xxv,
832 4904 922 4957 27.
960 4903 1004 4938 ¹³
1038 4903 1235 4959 Matth.
1261 4921 1317 4958 1v
1344 4904 1435 4959 20.
1460 4904 1506 4939 ¹⁴
1536 4908 1664 4959 Act.
1698 4921 1772 4971 1v,
1805 4905 1894 4958 35.
1930 4905 1971 4939 “
1996 4905 2203 4961 Matth.
2234 4922 2351 4971 xxx,
2382 4905 2471 4959 21.

428 5001 539 5088 (2-4)
568 5004 700 5057 Post
730 5001 1133 5124 ἔεγραμμένον,
1166 5002 1304 5058 editi
1337 5006 1393 5058 et
1423 5002 1667 5075 quidam
1714 5020 1857 5060 mss.
1916 5023 2004 5057 πε-

440 5093 537 5124 του
567 5070 725 5124 Ἰακώ
794 5073 1034 5124 habent.
1066 5074 1166 5124 sed
1198 5074 1320 5124 hinc
1350 5075 1564 5124 desunt
1605 5075 1661 5124 in
1712 5076 1888 5124 Rauin
1946 5077 1997 5124 ‘2-

2186 5004 2295 5075 (‘28)
2330 5002 2510 5073 Colb.,
2542 5004 2928 5074 negligentias.
2964 5003 3122 5059 Infra
3156 5002 3382 5068 Gemm,
3413 5003 3468 5069 2,
3487 5016 3598 5058 non
3648 5000 3764 5055 suis

2155 5079 2223 5124 lin
2251 5077 2382 5124 Imm
2412 5076 2514 5124 illa
2541 5085 2701 5124 mlas-
2739 5076 2863 5124 Mox
2906 5080 3036 5124 nost
3064 5074 3228 5124 tmdio
3277 5076 3410 5124 fuit.
3447 5075 3672 5124 Gemm.
3707 5072 3763 5124 3.

352 5075 406 5151 ρὶ
434 5070 765 5151 τοῦξῐοςοιώό
794 5070 1034 5151 essent,
1066 5070 1166 5151 sed
1198 5074 1320 5151 bjec
1350 5070 1564 5131 desunt
1605 5075 1661 5130 in
1712 5076 1997 5148 Regiov,2,
2037 5070 2074 5078 ”
2114 5070 2223 5132 otio
2251 5070 2514 5151 lictoilld
2541 5070 2865 5151 mtasiltiox
2905 5080 3036 5151 post
3064 5074 3228 5132 taedio
3275 5076 3410 5145 fuit,
3447 5075 3672 5151 Gemm.
3707 5072 3763 5141 3,

351 5144 513 5205 Colh.
546 5148 600 5200 2.
632 5148 762 5198 Mox
790 5144 948 5200 Colb.
980 5147 1037 5213 2,
1069 5144 1280 5201 ἑαυτοῦ.
1594 5192 1598 5197 .
1797 5144 1824 5148 ⁷
2114 5166 2227 5206 non
2258 5149 2444 5204 vestiti
2471 5148 2742 5202 mollioris
2768 5144 3145 5202 blandimenta
3174 5144 3410 5203 sectatus
3440 5150 3536 5201 est.

432 5219 543 5286 (25)
576 5216 666 5291 :Ev
697 5217 861 5291 deest
892 5217 950 5272 in
985 5219 1117 5291 Beg.
1160 5224 1177 5272 ι
1212 5225 1269 5275 et
1296 5219 1350 5291 2.
1488 5290 1499 5291 7
2187 5220 2302 5291 (29)
2331 5219 2512 5286 Colb.,
2544 5222 2681 5273 satis
2712 5218 3184 5274 honestadeem
3218 5218 3761 5291 mox,efﬂuxerunt.

431 5291 542 5360 (26)
574 5288 636 5344 In
664 5291 799 5356 Reg.
833 5290 868 5341 2
897 5297 954 5362 et
983 5289 1145 5359 Colb,
1176 5291 1231 5358 2,
1263 5287 1426 5362 αυτοῦ
1471 5290 1652 5345 deest.
1683 5293 1829 5362 rlilox
1882 5305 2007 5362 om_—
2125 5287 2270 5349 Ibid.
2304 5292 2531 5353 Gemm.
2561 5292 2611 5354 1,
2660 5293 2857 5362 quibus
2913 5295 3026 5357 post
3055 5301 3289 5346 mortem
3342 5287 3658 5362 parentum
3692 5287 3767 5341 ad

360 5357 467 5417 nes
499 5362 619 5435 fere
650 5361 1060 5435 manuscripti,
1083 5357 1515 5435 προερχόμενος.
1544 5361 1718 5435 Editi,
1740 5379 1969 5433 παρερχι

2163 5364 2436 5427 ot'lesium,
2472 5367 2582 5415 etc.
2615 5357 2714 5435 Qui
2746 5362 2959 5435 accinit
2986 5367 3219 5417 Griecus
3263 5357 3477 5435 imitus.
3540 5359 3762 5435 Ibidem

361 5430 921 5507 psvo:.Albid..Col‘b.
954 5436 1009 5502 :3,
1043 5430 1375 5507 συναγάγὶὸν.
1426 5437 1555 5488 Mox
1609 5430 1824 5499 ltegius
1866 5436 1900 5487 2
1944 5430 2013 5487 et
2121 5436 2609 5503 Colb.,ocourens.
2649 5433 2823 5488 Paulo
2865 5433 3013 5488 infra
3034 5436 3197 5499 editi,
3228 5444 3283 5489 et
3310 5434 3479 5488 multi
3511 5442 3571 5488 ut
3626 5431 3767 5499 legi-

360 5500 620 5583 ColAbL‘ZA
642 5500 766 5583 περὶ
798 5500 1010 5583 πάντων
1044 5522 1146 5578 pro
1177 5500 1513 5576 περιπατῶν.
1694 5575 1745 5583 __

1976 5575 1988 5583 .
2123 5500 2307 5583 turpia
2339 5509 2503 5583 dctis,
2541 5520 2698 5583 mss;
2716 5522 2939 5570 omnes,
2975 5510 3138 5583 inuiti
3169 5507 3498 5583 itt_rlcltb_tt.v:

435 5575 549 5646 (27)
583 5574 800 5645 Regius
830 5574 1062 5646 primus
1090 5584 1147 5633 et
1190 5574 1474 5647 vatican.,
1525 5594 1641 5629 σου.
1694 5575 1823 5629 Mox
1890 5575 2016 5647 qui-
2198 5580 2311 5646 (30)
2345 5576 2437 5631 Sic
2467 5574 2624 5629 Coll).
2658 5574 2886 5631 Gemm.
2918 5580 2954 5631 2
2982 5583 3038 5632 et
3065 5579 3116 5633 3.
3145 5577 3250 5631 Alii
3274 5584 3331 5633 et
3358 5576 3520 5642 editi,
3584 5575 3765 5628 intra-

322 5668 325 5671 δ
362 5647 496 5701 dam
534 5662 677 5701 mss.
709 5661 842 5701 cum
870 5648 1063 5715 editis,
1098 5647 1148 5701 ἐν
1182 5653 1296 5709 τοῖς
1328 5646 1599 5718 οὐρανοῖς.
1653 5648 1760 5701 Sed
1796 5646 2017 5703 artocu-
2126 5651 2205 5705 vit
2234 5648 2695 5703 ea:tesmm.lnfra
2724 5666 2929 5704 omnes
2959 5666 3127 5716 mss.,
3159 5652 3498 5716 thesaurum,
3554 5648 3626 5702 in'
3662 5661 3772 5700 coe-

365 5719 603 5799 (ιη’-τοῖς
633 5717 809 5799 deest
836 5718 891 5799 in
924 5720 1057 5799 Reg.
1094 5722 1144 5799 1,
1176 5723 1232 5793 2,
1265 5727 1321 5778 et
1349 5717 1509 5777 Gelb.
1555 5721 1610 5789 2,
1646 5734 1753 5775 nec
1804 5718 1974 5792 legitu

1096 5722 1144 5799 1,
1176 5723 1232 5793 2,
1265 5727 1321 5778 et
1349 5717 1509 5777 Gelb.
1555 5721 1610 5789 2,
1646 5734 1753 5775 nec
1804 5718 2019 5792 legitur
2133 5722 2221 5778 lis.
2257 5722 2431 5792 Editi,
2465 5723 2524 5776 in
2548 5720 2705 5776 aceto.

367 5790 429 5848 in
460 5791 657 5850 Graeco
686 5788 1213 5861 Scripturzel'textu.

692 5915 959 5980 Panos.
1007 5921 1119 5981 Gs.
1168 5919 1388 5985 XXVI.
3425 5919 3505 5981 9⁷
