4074 6358
233 379 356 442 845

1616 369 1806 433 VITA
1850 368 1914 430 S.
1961 366 2310 429 ANTONII.

3533 372 3653 433 846

235 512 315 574 εἰς
344 510 441 567 τὸν
495 506 686 586 ἄρτον,
732 508 796 561 τὸ
857 502 916 562 δὲ
972 506 1049 568 εἱς
1094 504 1220 570 τοὺς
1272 504 1561 580 δεομένους
1612 499 1890 573 ἀνήλισκε.

2011 501 2194 557 deret.
2231 501 2561 557 Laborabat
2588 500 2786 573 itaque
2843 502 3120 559 manibus
3176 502 3327 560 suis:
3389 505 3654 563 audierat

240 597 599 674 Προσηόχετο
650 592 708 651 δὲ
759 598 1025 670 συνεχῶς,
1060 595 1266 669 μαθὼν,
1320 592 1403 649 ὅτι
1454 591 1536 648 δεῖ
1581 592 1698 646 κατ’
1752 587 1891 644 ἰδίαν

216 674 636 765 προσεύχεσθαι
688 681 1079 746 ἀδιαλείπτως.
1108 683 1209 740 Καὶ
1257 684 1360 761 γὰρ
1400 688 1689 761 προσεῖχεν
1723 680 1895 744 οὕτως

236 782 307 853 τῇ
341 776 658 854 ἀναγνώσει,
691 775 768 838 ὡς
803 771 972 849 μηδὲν
1022 778 1127 830 τῶν
1178 774 1569 851 γεγραμμένων
1611 771 1700 827 ἄπ’
1729 771 1893 826 αὐτοῦ

236 866 456 922 πίπτειν
487 862 688 941 χαμαὶ,
719 862 895 919 πάντα
942 861 1000 919 δὶ
1049 862 1323 940 κατέχειν,
1369 862 1459 918 καὶ
1509 861 1704 918 λοιπὸν
1744 859 1891 933 αὐτῷ

235 956 336 1026 τήν
372 955 595 1029 μνήμην
634 955 743 1028 (43)
779 952 897 1010 ἀντὶ
931 947 1162 1030 βιϐλίων
1188 952 1449 1029 γίνεσθαι.

310 1134 364 1188 4.
421 1127 580 1188 Οὕτω
641 1129 736 1202 μὶν
798 1126 889 1184 οὖν
949 1128 1135 1184 ἑαυτὸν
1196 1128 1379 1203 ἄγων,
1438 1128 1690 1202 ἠγαπᾶτο
1746 1124 1893 1202 παρὰ

239 1220 454 1275 πάντων
487 1220 516 1274 ὁ
549 1218 859 1280 Ἀντώνιος’
906 1215 1066 1280 αὐτὸς
1120 1215 1177 1273 δὲ
1203 1221 1320 1278 τοῖς
1368 1212 1706 1285 σπουδαίοις,
1752 1213 1889 1291 πρὸς

237 1309 327 1372 οὓς
360 1309 669 1385 ἀπήρχετο,
700 1306 940 1383 γνησίως
993 1304 1337 1375 ὑπετάσσετο,
1389 1304 1480 1361 καὶ
1530 1305 1647 1359 καθ’
1702 1304 1885 1358 ἑαυτὸν

237 1398 463 1455 ἑκάστου
490 1397 554 1453 τὸ
577 1396 964 1468 πλεονέκτημα
991 1403 1092 1467 τῆς
1139 1393 1382 1466 σπουδῆς
1427 1394 1518 1450 καὶ
1573 1401 1669 1463 τῆς
1719 1392 1889 1463 ἀσκή-

237 1510 373 1551 σεως
404 1486 786 1562 κατεμάνθανε·
818 1486 909 1541 καὶ
967 1489 1064 1541 τοῦ
1111 1487 1207 1559 μὲν
1253 1485 1317 1541 τὸ
1363 1485 1552 1561 χαρίεν
1598 1487 1697 1539 τοῦ
1741 1480 1886 1537 δὲτὸ

234 1579 376 1652 πρὸς
409 1577 505 1640 τὰς
539 1576 707 1652 εὐχὰς
751 1575 1004 1632 σύντονον
1054 1575 1293 1652 ἐθεώρεν
1348 1574 1436 1628 καὶ
1481 1571 1655 1628 ἄλλου
1699 1572 1792 1645 μὲν
1823 1572 1887 1627 τὸ

233 1666 536 1742 ἀόργητον,
571 1663 748 1720 ἄλλου
779 1660 837 1719 δὶ
864 1664 927 1719 τὸ
957 1661 1342 1741 φιλάνθρωπον
1372 1661 1631 1716 κατενόει’
1667 1660 1756 1716 καὶ
1807 1665 1886 1732 τῷ

238 1755 333 1829 μὶν
392 1753 772 1830 ἀγρυπνοῦντι,
803 1758 885 1826 τῷ
942 1749 1000 1806 δὲ
1049 1749 1437 1831 φιλολογοῦντι
1483 1755 1764 1826 προσεῖχε’
1796 1749 1886 1804 καὶ

232 1844 325 1900 τὸν
365 1844 460 1917 μὲν
517 1843 568 1898 ἐν
625 1840 885 1919 καρτερίᾳ
929 1842 1072 1948 (liii),
1094 1840 1188 1896 τὸν
1249 1837 1409 1951 δὲχέν
1465 1839 1741 1951 νηστείαιΙς
1795 1838 1885 1894 καὶ
1918 1885 1965 1951 Β

133 1976 139 1981 .
235 1931 562 2009 χαμευνίαις
618 1929 922 2003 ἐθαύμαζεσ
984 1929 1075 1984 καὶ
1125 1933 1223 1984 τοῖ’)
1279 1929 1374 2002 μὲν
1426 1928 1525 1999 τὴν
1582 1927 1884 2003 πραότητα,

235 2026 333 2077 τοῦ
385 2019 443 2077 δὲ
487 2022 588 2090 τὴν
649 2018 1025 2095 μακροθυμίαν
1074 2023 1435 2093 παρετηρεῖτο
1484 2018 1619 2091 (45)’
1671 2016 1883 2073 πάντων

241 2107 299 2166 δὲ
329 2112 471 2185 ὁμοῦ
499 2110 597 2179 τήν
633 2108 709 2171 εἰς
734 2108 826 2163 τὸν
880 2107 1112 2185 Χριστὸν
1159 2101 1451 2174 εὐσέϐειαν,
1482 2105 1573 2161 καὶ
1622 2107 1720 2176 τὴν
1752 2106 1887 2183 πρὸς

236 2197 526 2270 ἀλλήλους
557 2198 771 2274 ἀγάπην
802 2196 1154 2271 ἐημειοῦτοσ
1181 2194 1272 2250 καὶ
1323 2195 1466 2249 οὕτω
1514 2192 1887 2272 πεπληρωμὲ-

233 2310 349 2362 νος,
384 2288 705 2366 ὑπέστρεφεν
740 2286 815 2349 εἷς
845 2286 935 2341 τὸν
983 2281 1121 2341 ἴδιον
1166 2289 1263 2340 τοῦ
1311 2284 1648 2359 ἀσκητηρίου
1694 2284 1884 2339 τόπον·

236 2376 430 2434 λοιπὸν
462 2375 622 2438 αὐτὸς
651 2377 760 2449 (46)
811 2374 879 2430 τὰ
925 2376 1052 2449 παρ’
1100 2373 1327 2430 ἑκάστου
1376 2372 1617 2450 συνάγων
1668 2373 1744 2438 εἷς
1774 2374 1891 2429 εαυ-

231 2467 350 2537 τὸν,
401 2466 492 2521 καὶ
540 2461 857 2534 σπουδάζων
898 2462 950 2518 ἐν
1004 2465 1179 2536 ἑαυτῷ
1225 2464 1294 2519 τὰ
1339 2462 1553 2517 πάντων
1600 2460 1885 2518 δεικνύων

233 2555 456 2632 καὶγὰρ
488 2555 625 2632 πρὸς
672 2552 801 2616 τοὺς
848 2554 965 2608 καθ’
1011 2550 1233 2623 ⁵ἡλικίαν
1287 2548 1436 2614 ἴσους
1485 2550 1583 2607 οὐκ
1628 2553 1695 2622 ἦν
1729 2551 1890 2631 φιλό-

235 2665 436 2713 νεικος,
497 2644 532 2713 ἢ
596 2642 760 2718 μόνον
809 2640 903 2698 ’ίνα
963 2644 1039 2716 μὴ
1103 2638 1350 2716 δεύτερος
1408 2641 1625 2697 ἐκείνων
1684 2641 1735 2696 ἐν
1776 2647 1890 2704 τοῖς

236 2732 480 2812 βελτίοσι
530 2733 808 2812 φαίνηται*
845 2731 936 2787 καὶ
986 2735 1149 2786 τοῦτο
1199 2725 1452 2807 ἔπραττεν
1495 2731 1634 2787 ὥστε
1689 2729 1893 2805 μηδένα

236 2823 452 2892 λυπεῖν,
511 2821 659 2878 ἀλλὰ
714 2821 996 2884 κάκείνους
1056 2818 1139 2876 ἐπ’
1196 2819 1345 2893 αὐτῷ
1392 2819 1627 2896 χαίρειν.
1690 2822 1890 2883 Πάντες

237 2913 333 2986 μὲν
384 2909 475 2967 οὖν
531 2911 582 2966 οἱ
632 2909 739 2966 ἀπὸ
789 2916 889 2980 τῆς
938 2910 1137 2982 κώμης
1187 2908 1277 2964 καὶ
1319 2909 1370 2963 οἱ
1422 2910 1531 2983 (47)
1569 2906 1890 2987 φιλόκαλοι,

231 3000 371 3077 πρὸς
404 2998 494 3062 οὒς
542 2999 660 3076 εἶχε
689 3000 790 3068 τὴν
842 3000 1149 3071 συνήθειαν,
1201 2996 1373 3061 οὕτως
1421 2997 1578 3053 αὐτὸν
1631 2999 1883 3073 ὁρῶντες,

2004 605 2249 662 nempe:
2281 587 2391 653 Qui
2421 588 2646 644 otiosus
2676 588 2851 644 fuerit
2879 606 2952 645 ne
3000 590 3318 648 manducet
3339 592 3380 627 ιτ
3406 609 3419 647 :
3474 594 3652 664 atque

2004 677 2141 734 hinc
2172 677 2387 750 partim
2412 693 2624 750 panem
2647 677 2787 733 sibit
2802 679 3051 748 emebat,
3077 680 3291 752 partim
3314 681 3514 754 egenis
3540 681 3652 737 lar-

2003 765 2290 838 giebatur.
2325 764 2617 835 Frequens
2648 765 2871 830 orabat,
2907 766 3061 836 quod
3118 765 3423 823 didicisset
3473 785 3651 841 opor-

2001 857 2124 910 tere
2155 854 2401 910 seorsim
2433 852 2559 910 sine
2606 853 3042 911 intermissione
3089 871 3255 911 orare
3287 857 3329 892 1⁸
3358 874 3370 912 :
3429 858 3649 915 etenim

2002 941 2085 998 ita
2115 946 2376 999 attentus
2406 946 2532 999 erat
2561 942 2820 1012 lectioni,
2853 947 2919 999 ut
2948 943 3096 999 nihil
3139 944 3252 1021 sibi
3292 945 3647 1019 scriptorum

2001 1033 2309 1101 excideret;
2344 1033 2445 1089 sed
2478 1033 2755 1090 retineret
2796 1034 3028 1104 omnia;
3060 1034 3145 1091 ita
3172 1038 3238 1091 ut
3267 1036 3379 1108 ipsi
3438 1037 3649 1094 deinde

2000 1121 2285 1178 memoria
2313 1122 2599 1179 librorum
2630 1124 2755 1179 loco
2786 1128 2962 1181 esset.
3438 1132 3441 1133 ⁷

2072 1212 2221 1269 635
2245 1213 2297 1269 4.
2322 1213 2465 1268 Cum
2490 1212 2570 1267 ita
2588 1213 2768 1268 vitam
2791 1230 2963 1269 suam
2985 1212 3318 1272 institueret
3333 1216 3643 1286 Antonius,

2001 1300 2356 1373 diligebatur
2384 1301 2455 1356 ab
2488 1301 2796 1358 omnibus:
2849 1302 2978 1374 ipse
3032 1319 3164 1358 vero
3225 1304 3447 1360 sedulis
3501 1322 3647 1378 quos

1999 1390 2195 1445 adibat
2217 1389 2515 1456 fratribus,
2535 1388 2786 1446 libenter
2814 1390 3266 1464 obsequebatur,
3281 1393 3647 1450 addiscebat-

1998 1494 2111 1552 qua
2131 1478 2191 1534 in
2224 1495 2338 1551 quo
2359 1478 2606 1550 quisque
2636 1495 2839 1535 eorum
2868 1478 3104 1536 virtutis
3129 1485 3187 1537 et
3207 1482 3643 1540 exercitationis

1998 1583 2208 1640 genere
2238 1565 2578 1623 excelleret:
2607 1572 2781 1639 atque
2803 1567 2983 1639 hujus
3014 1568 3364 1626 suavitatem
3383 1576 3646 1627 contem-

1997 1656 2291 1729 plabatur,
2322 1655 2486 1711 illius
2517 1657 2725 1712 orandi
2756 1657 3167 1713 assiduitatem
3194 1675 3207 1713 :
3245 1658 3404 1716 illius
3437 1659 3647 1717 lenita-

1996 1751 2136 1817 tem,
2170 1746 2330 1802 illius
2380 1746 2807 1803 humanitatem
2862 1748 3191 1821 cogitabat:
3226 1749 3365 1807 huic
3420 1751 3648 1824 vigilias

1996 1835 2211 1909 agenti,
2238 1834 2327 1891 illi
2352 1835 2621 1893 lectionis
2645 1836 2910 1893 studioso
2961 1837 3280 1895 adhibebat
3334 1840 3637 1897 animum:

1995 1924 2174 1996 hujus
2200 1925 2716 1997 perseverantiam,
2748 1925 2901 1982 alius
2925 1924 3155 1998 jejunia
3179 1932 3236 1984 et
3260 1927 3424 1983 humi
3463 1929 3644 1986 cuba-

1995 2014 2217 2070 tionem
2248 2014 2601 2070 mirabatur:
2630 2014 2811 2086 hujus
2831 2017 3348 2073 mansuetudinem
3371 2017 3644 2075 observa-

1996 2106 2118 2178 bat,
2148 2104 2310 2161 illius
2344 2104 2884 2178 longanimitatem:
2935 2124 3169 2180 unaque
3208 2108 3471 2165 omnium
3521 2109 3643 2182 pie-

1998 2198 2173 2251 tatem
2200 2210 2337 2267 erga
2361 2194 2677 2264 Christum,
2705 2212 2772 2252 ac
2815 2200 3082 2253 mutuam
3124 2196 3499 2254 dilectionem
3553 2216 3642 2254 re-

1996 2283 2244 2357 putabat
2265 2300 2488 2340 secum.
2521 2288 2712 2356 Atque
2742 2284 2824 2341 ita
2854 2284 3064 2358 plenus
3099 2287 3171 2342 ad
3221 2287 3486 2343 aseeterii
3553 2286 3646 2343 sui

1997 2373 2191 2430 locum
2226 2374 2541 2440 remeabat,
2584 2380 2759 2446 atque
2812 2374 3180 2445 singulorum
3236 2377 3400 2432 dotes
3452 2375 3646 2433 animo

1999 2462 2301 2536 colligens,
2348 2462 2592 2518 curabat
2632 2463 2691 2517 in
2748 2480 2812 2519 se
2866 2464 2993 2536 ipse
3051 2464 3249 2521 omnia
3301 2465 3645 2537 exprimere.

1999 2551 2226 2607 Etenim
2251 2551 2483 2607 nullum
2519 2551 2634 2624 ipsi
2664 2568 2796 2608 cum
2828 2552 3155 2625 mqualibus
3183 2553 3295 2610 fuit
3324 2554 3648 2610 contentio-

2000 2642 2093 2697 nis
2123 2641 2410 2709 studium,
2445 2646 2653 2714 printer
2682 2641 2791 2698 hoc
2814 2642 3026 2711 solum,
3058 2647 3124 2698 ut
3174 2659 3249 2701 ne
3288 2642 3502 2699 virtute
3559 2660 3651 2699 se-

1997 2728 2229 2786 cundus
2260 2727 2475 2785 abillis
2505 2734 2681 2786 esset.
2712 2732 2896 2801 Atque
2945 2730 3089 2786 illud
3135 2732 3218 2787 ita
3265 2732 3495 2804 agebat,
3543 2747 3652 2788 ne-

2000 2818 2146 2873 mini
2181 2822 2245 2873 ut
2273 2817 2602 2885 offensioni,
2636 2818 2755 2874 imo
2785 2820 2979 2891 potius
3011 2820 3172 2876 illius
3204 2820 3349 2892 ipsis
3378 2821 3647 2893 hocgau-

2001 2907 2096 2963 dio
2126 2910 2299 2963 esset.
2334 2907 2553 2963 Omnes
2583 2907 2782 2981 itaque
2811 2909 2918 2964 vici
2978 2909 3200 2977 incolae,
3260 2914 3433 2982 atque
3480 2910 3651 2982 probi

1999 2997 2131 3069 viri,
2192 3014 2441 3070 quorum
2501 2999 2925 3055 consuetudine
2984 3000 3281 3068 utebatur,
3357 3000 3650 3071 ejusmodi

231 3051 1182 3163 ὲῖάῖοᾷςῗθεᾉξζλῆἶ’καὲὴδίξιέᾲεὲς
1213 3051 1433 3159 ωειδνξοι
1465 3051 1522 3142 δὲ
1552 3051 1885 3166 aiam;

2115 3051 2131 3069 ι
2210 3051 2252 3070 .V
2992 3051 3281 3068 γαπ-η.
3364 3051 3649 3071 τυ-ηη--η

2006 3086 2296 3143 hominem
2339 3092 2666 3157 cernentes,
2708 3089 2805 3145 Dei
2833 3089 3085 3145 amicum
3118 3090 3431 3147 vocabant:
3464 3094 3521 3146 et
3548 3089 3650 3147 alii

231 3178 567 3248 ἠσπάζοντο.

299 3269 355 3323 5.
387 3268 444 3321 Ὁ
476 3263 533 3321 δὲ
566 3264 866 3340 μισόκαλος
895 3263 985 3320 καὶ
1017 3264 1273 3344 φθονερὸς
1307 3261 1569 3328 διάϐολος
1601 3265 1700 3320 οὐκ
1725 3262 1887 3342 ἤνεγ-

1998 3180 2065 3233 ut
2094 3175 2282 3231 filium
2314 3175 2655 3250 diligebant,
2688 3176 2787 3232 alii
2821 3182 2886 3233 ut
2911 3180 3172 3235 fratrem.

2063 3267 2117 3321 5.
2144 3268 2216 3322 At
2247 3266 2409 3321 omni
2440 3265 2887 3323 bonoinimieus
2919 3271 3093 3339 atque
3154 3267 3385 3325 invidus
3442 3267 3646 3325 diabo-

226 3377 312 3412 κεν
364 3355 506 3432 ὁρῶν
555 3355 607 3411 ἐν
658 3356 904 3432 νεωτέρῳ
949 3353 1206 3426 τοιαύτην
1257 3353 1538 3429 πρόθεσιν.
1590 3351 1748 3411 Ἀλλ’
1797 3357 1887 3410 οἷα

2006 3355 2111 3422 lus,
2138 3354 2477 3426 hujusmodi
2514 3355 2572 3411 in
2604 3355 2971 3413 adolescente
3000 3357 3369 3431 propositum
3410 3373 3649 3415 eernere

231 3444 573 3520 μεμελέτηκε
625 3449 825 3515 ποιεῖν,
875 3443 1149 3522 ἐπιχειρεῖ
1194 3444 1452 3499 καὶκατὰ
1486 3443 1681 3499 τούτου
1711 3442 1886 3518 πράτ-

2006 3462 2113 3502 non
2140 3444 2290 3502 tulit.
2322 3446 2431 3503 Sed
2460 3463 2586 3520 quas
2609 3446 2737 3519 jam
2757 3446 3002 3505 antehac
3033 3448 3335 3522 adversus,
3361 3464 3498 3506 eum
3523 3464 3647 3504 me-

1627 3562 1879 3619 VEBSIO
1920 3562 2230 3622 EVAGRII.

230 3662 427 3720 mellis
461 3666 720 3736 accepto,
752 3662 952 3719 abibat
981 3662 1053 3717 ad
1085 3678 1212 3718 sua.
1246 3661 1371 3717 Tali
1391 3661 1608 3718 ibidem
1631 3662 1942 3736 institutus
1971 3663 2225 3736 exordio,
2259 3679 2389 3719 eum
2426 3680 2529 3736 per
2558 3665 2683 3720 dies
2714 3663 2982 3736 singulos
3003 3664 3087 3721 ita
3117 3665 3383 3722 animum
3414 3666 3649 3723 robora-

199 3741 339 3806 ‘ret,
371 3740 435 3791 ut
456 3751 562 3792 nec
591 3734 771 3807 opum
795 3739 1194 3807 paternarum,
1228 3749 1333 3789 nec
1363 3750 1609 3790 suorum
1640 3734 2008 3807 meminisset
2035 3735 2326 3803 afﬁnium,
2361 3734 2535 3792 omne
2556 3736 2733 3792 etiam
2767 3734 3125 3793 desiderium
3175 3742 3231 3794 et
3290 3737 3646 3795 sollicitudi-

229 3825 363 3865 nem
396 3806 809 3881 ergoid’quod
837 3810 1091 3881 coeperat
1117 3810 1426 3876 exerceret,
1459 3806 1812 3881 operabatur
1833 3807 2117 3881 manibus
2139 3806 2287 3873 suis,
2319 3809 2511 3864 sciens
2543 3809 2832 3881 scriptum
2864 3824 3029 3865 esse:
3065 3808 3171 3874 Qui
3203 3826 3318 3865 non
3349 3817 3644 3881 operatur,

234 3896 353 3936 non
382 3877 725 3954 manducet,
754 3877 1074 3954 Mercedem
1105 3881 1302 3954 tamen
1335 3877 1528 3954 operis
1550 3879 1664 3954 sui,
1695 3879 1882 3954 pretio
1912 3880 2082 3954 panis
2111 3877 2697 3954 excepto_,egentibus
2725 3879 3113 3954 largiebatur.
3135 3881 3350 3954 Orabat
3368 3877 3649 3954 frequen?

235 3958 342 4017 ter,
378 3951 595 4024 quippe
626 3951 730 4022 qui
756 3950 1068 4026 didicerat,
1102 3950 1258 4026 quod
1288 3953 1579 4026 oporteret
1598 3950 2508 4026 sineintermissioneDouiiniim
2538 3968 2741 4026 rogare
2762 3950 2894 4026 (48),
2918 3952 3227 4026 ,ιλιιιιῇίουὶΔ
3252 3954 3430 4026 etiam
3460 3950 3646 4026 Scrip-

228 4021 500 4098 turarum
528 4021 611 4078 ita
638 4021 903 4098 studium
922 4021 1360 4098 commodabat,
1398 4026 1464 4098 ut
1496 4021 1645 4078 nihil
1678 4038 1746 4078 ex
1774 4022 1902 4094 ejus
1950 4024 2147 4080 animo
2178 4022 2517 4094 laberetur;
2574 4021 2676 4081 sed
2735 4021 3009 4081 universa
3063 4024 3297 4081 Domini
3355 4021 3645 4098 praecepta

224 4095 586 4164 custodiens,
622 4094 969 4152 memoriam
1001 4109 1105 4164 pro
1137 4092 1304 4148 libris
1334 4092 1599 4148 haberet.

307 4165 1262 4241 4.‘_Sic__suam_vitaminstituens,
1288 4164 1361 4219 ab
1386 4164 1674 4241 universis
1712 4164 1992 4241 fratribus
2018 4182 2163 4237 puro
2213 4164 2579 4241 diligebatur
2620 4164 2864 4241 affectu:
2897 4170 2954 4223 et
3005 4166 3302 4241 omnibus,
3362 4169 3435 4222 ad
3493 4185 3643 4241 quos

234 4238 435 4294 studio
465 4237 730 4294 discendi
761 4238 1064 4310 pergebat;
1096 4236 1396 4319 obediens,
1432 4236 1700 4319 proprias
1728 4236 2114 4363 singulorum.
2149 4236 2371 4320 gratias
2417 4237 2754 4322 hauriebat:
2815 4238 2994 4321 hujus
3051 4236 3527 4323 continentiam,-
3547 4242 3644 4312 ju-

235 4309 597 4363 eunditatem
628 4308 788 4363 illius
817 4309 1191 4363 sectabatur:
1231 4312 1406 4363 istius
1446 4308 1764 4363 lenitatem.
1814 4308 1973 4363 ilius
2002 4309 2235 4363 Vigilias
2265 4310 2399 4363 (49).
2457 4310 2702 4363 alterius
2732 4310 2965 4363 legendi
3023 4310 3414 4363 aemulabatur
3468 4315 3643 4363 indu-

235 4309 597 4366 eunditatem
628 4307 788 4366 illius
817 4307 1197 4382 sectabatur_;_
1231 4307 1406 4382 istius
1446 4307 1764 4382 lenitatem,
1814 4307 1973 4364 illius
2002 4307 2235 4382 vigilias
2265 4310 2407 4382 (49),
2457 4310 2702 4367 alterius
2732 4307 2965 4382 legendi
3023 4310 3414 4368 aemulabatur
3468 4307 3643 4369 indu-

234 4382 477 4455 striam;
510 4382 1107 4455 ist_um_jejunantem,
1140 4378 1308 4434 illum
1341 4378 1502 4455 humi
1533 4380 1930 4455 quiescentem
1962 4378 2326 4455 mirabatur;
2359 4378 2603 4455 alterius
2621 4378 2986 4455 patientiam,
3032 4384 3273 4440 alterius
3307 4392 3643 4442 mansuetu-

225 4454 423 4509 dinem
448 4452 819 4526 praedicabat,
852 4453 1115 4526 omnium
1153 4467 1387 4526 quoque
1415 4452 1866 4526 vieariamierga
1909 4469 1973 4508 se
2022 4453 2282 4509 retinens
2338 4452 2709 4523 eharitatem,
2770 4459 2946 4526 atque
3004 4457 3298 4512 universis
3354 4457 3643 4515 virtutum

267 4523 491 4598 artibus
512 4524 817 4598 irrigatus,
847 4525 922 4598 ad
954 4525 1153 4598 sedem
1185 4524 1480 4595 propriam
1506 4523 1989 4598 iregrediebatur:
2024 4526 2103 4598 ibi
2136 4542 2336 4580 secum
2369 4527 2643 4582 universa
2692 4523 3076 4598 pertractans,
3137 4528 3406 4585 omnium
3464 4530 3525 4585 in
3583 4547 3646 4586 se

267 4542 491 4580 ariinus
512 4542 817 4597 irrigatus,
847 4542 922 4579 aa
954 4542 1153 4579 seoem
1185 4542 1480 4595 propriam
1516 4542 1989 4595 regredieoaiur:
2024 4542 2103 4580 ιυι
2136 4542 2336 4580 secum
2369 4543 2643 4582 universa
2692 4542 3076 4598 pertractans,
3137 4544 3406 4585 omnium
3464 4547 3525 4585 in
3583 4547 3646 4586 se

224 4542 381 4653 goria
401 4596 696 4669 nitebatur
715 4596 1058 4669 exprimere.
1079 4594 1276 4667 Neque
1296 4612 1428 4650 vero
1450 4597 1763 4669 adversum
1779 4612 1999 4669 coaevos
2022 4596 2336 4669 aliquando
2369 4599 2733 4669 movebatur,
2750 4599 2851 4654 sed
2876 4616 2943 4653 ea
2964 4602 3374 4656 tantummodo
3407 4602 3647 4658 ﬂamma

229 4667 466 4750 egregio
495 4668 618 4750 viro
648 4666 946 4724 crescebat
976 4666 1036 4750 in
1068 4672 1423 4750 p‘eetoretne
1455 4668 1751 4750 secundus
1781 4668 2059 4750 cuiquam
2092 4666 2149 4723 in
2170 4669 2467 4750 praedictis
2478 4666 2766 4750 “operibus
2797 4672 3174 4750 inveniretur.
3209 4672 3526 4750 E‘t_hoc_ita
3559 4674 3647 4728 fa-

237 4738 450 4807 ciebat,
485 4744 547 4816 ut
574 4756 709 4816 cum
743 4756 946 4816 omnes
967 4738 1448 4816 gloriaanteiret,
1481 4739 1758 4816 omnibus
1783 4738 1977 4795 tamen
2000 4738 2416 4816 charu'sesset.
2448 4738 2593 4797 Nam
2623 4746 2681 4797 et
2709 4742 2882 4797 vieini
2930 4751 2984 4797 et
3034 4744 3327 4816 monachi,
3374 4745 3445 4799 ad
3501 4761 3646 4816 quos

233 4826 388 4887 saepe
416 4811 1370 4887 veniebatLAntpniuinvidentes,
1405 4810 1693 4867 Deicolam
1725 4812 2573 4884 nuncupabant;indultisque
2620 4817 2842 4869 naturae
2899 4815 3220 4884 vocabulis,
3280 4810 3535 4887 quidam~
3582 4820 3648 4873 ut

231 4878 445 4953 ﬁlium,
477 4882 577 4939 alii
608 4887 674 4939 ut
689 4878 941 4939 'fratr'em
971 4881 1312 4953 diligebant.

301 4955 357 5028 5_.
385 4958 531 5028 Dum
556 4955 684 5028 hinc
715 4959 941 5028 gereret
967 4953 1282 5028 Antonius,
1316 4954 1533 5028 quibus
1554 4953 1830 5028 omnium
1858 4954 1918 5010 in
1941 4971 2009 5028 se
2031 4958 2369 5026 provocaret
2409 4956 2704 5024 affectum,
2737 4956 3017 5013 inimicus
3048 4957 3305 5013 nominis
3334 4957 3645 5015 Christiani

227 5024 518 5099 diabolus,
551 5024 928 5100 impatienter
956 5025 1151 5083 ferens
1181 5024 1375 5083 tantas
1407 5026 1467 5083 in
1499 5025 1871 5083 adolescente
1898 5024 2165 5097 virtutes,
2189 5028 2484 5085 veteranis
2531 5044 2667 5085 eum
2699 5044 3015 5102 aggressus
3063 5035 3149 5086 est
3199 5030 3530 5103 fraudibus,
3588 5037 3645 5089 et

297 5124 340 5160 ‘7
372 5125 422 5181 II
451 5125 658 5182 Thess.
691 5141 776 5197 iii,
814 5126 900 5181 10.
978 5125 1019 5160 ¹⁸
1052 5124 1258 5182 Matth.
1297 5142 1378 5195 v1,
1408 5126 1475 5194 6;
1514 5124 1761 5181 lThess.
1792 5142 1847 5194 ν,
1881 5126 1967 5183 17.

230 5226 364 5297 μοι
378 5238 584 5297 omnes
605 5224 1012 5297 manuscripti,
1029 5224 1175 5281 haud
1190 5224 1401 5296 procul.
1415 5222 1567 5280 Editi
1578 5223 1886 5297 ,nonlonge.

232 5295 393 5368 Infra
446 5295 589 5351 editi
648 5303 781 5368 post
811 5295 957 5367 hzee,
991 5297 1134 5353 hunc
1158 5295 1446 5364 Antonius,
1507 5296 1733 5352 addunt
1760 5312 1888 5368 cum

228 5366 603 5441 vidisset,quis
620 5366 915 5441 postrema
932 5369 1214 5426 desuntin
1229 5369 1505 5426 omnibus
1523 5367 1887 5441 manuscrip-

234 5439 480 5514 ιῒὶε-,ιψοΔ
495 5439 744 5514 excepto
770 5440 993 5498 Gemm.
1031 5443 1089 5509 1,
1113 5442 1215 5498 sed
1248 5440 1630 5514 habenturiin
1662 5439 1879 5514 Graeco.

305 5512 418 5583 (43)
447 5512 542 5569 Sic
572 5512 778 5587 omnes
808 5531 955 5571 mss.
996 5518 1234 5586 excepto
1264 5514 1379 5587 Jes.
1408 5514 1514 5587 qui
1546 5513 1722 5587 habet
1744 5512 1884 5587 γνώτ

234 5601 359 5660 δέη).
379 5599 515 5660 eum
543 5585 742 5660 editis.
772 5590 901 5660 Mox
931 5582 1214 5660 Regius?
1238 5589 1295 5641 et
1325 5582 1486 5660 Qolb.
1530 5587 1589 5660 2_
1615 5583 1725 5641 soli
1757 5582 1887 5660 ’ἀντὶ

238 5647 488 5786 afﬁgi).
517 5660 646 5717 Mox
674 5658 892 5732 Regius
921 5661 957 5715 2
982 5647 1052 5717 ef
1067 5657 1317 5716 Colbert.
1344 5657 1399 5724 2,
1434 5654 1658 5714 ἑαυτόν.
1697 5698 1709 5712 .
1749 5701 1760 5712 .
1795 5656 1890 5712 ὑπ-

2212 5226 2434 5306 Begiiis
2462 5228 2520 5306 2,
2543 5224 2940 5306 §v__éyxparsia;.
2968 5227 3128 5306 Cplb.
3155 5231 3210 5302 2,
3234 5226 3532 5306 ἐγκρατείᾳ.

2212 5298 2353 5375 Reg
2382 5301 2505 5375 2_et
2534 5298 2782 5375 Colbl_2,
2816 5303 3131 5375 παρετήρει.

2070 5369 2177 5445 (46)
2213 5369 2386 5445 Αὐτός
2418 5372 2581 5428 deest
2610 5372 2668 5427 in
2704 5372 2846 5445 Reg.
2877 5369 2912 5427 2
2939 5369 3181 5430 et‘Colb.
3213 5377 3266 5429 2.

2032 5443 2181 5569 t(417.)
2212 5444 2302 5500 Sic
2335 5444 2475 5519 Reg.
2507 5445 2543 5499 2
2574 5448 2632 5499 et
2659 5443 2819 5501 Colbl
2849 5449 2904 5517 2,
2937 5446 3022 5500 καὶ
3055 5447 3107 5500 οἱ
3147 5447 3311 5502 deest
3360 5445 3420 5500 in
3469 5446 3645 5503 editis

2083 5532 2115 5569 ιι
2145 5533 2237 5569 IIS.

1996 5530 2053 5570 Βῑ
2083 5530 2237 5575 (IIIIS.

2066 5588 2180 5659 (48)
2211 5587 2304 5646 Sic
2336 5604 2540 5644 omnes
2572 5589 2985 5659 manuscripti.
3018 5589 3165 5645 Editi
3195 5605 3350 5657 vero,
3382 5605 3574 5645 orare.

2067 5662 2182 5732 (49)
2213 5660 2307 5722 Sic
2338 5676 2543 5718 omnes
2575 5662 2985 5736 manuscripti.
3029 5663 3201 5736 Editi,
3233 5662 3607 5734 vigilantiam.
