4074 6342
408 459 523 519 851

954 462 1019 520 S.
1066 460 1493 522 ATHANASII
1537 461 1710 522 OPP.
1758 463 1959 524 PARS
2003 464 2053 523 Ι.
2086 497 2165 508 -
2193 467 2612 531 HISTORICA
2655 474 2753 533 ET
2794 473 3277 535 DOGMATICA.

3703 475 3838 536 852

413 594 597 651 minus
641 592 791 649 enim
837 593 980 649 mihi
1009 592 1246 665 adjutor,
1277 599 1328 650 et
1354 610 1454 665 ego
1510 593 1812 667 despiciam
1861 596 2056 652 iuimi-

2188 602 2317 669 νοῦν,
2348 600 2437 654 καὶ
2464 601 2540 664 ὡς
2579 607 2708 665 παῖς
2735 603 2986 674 ἀσθενής·
3022 600 3150 660 οὐδὲ
3185 603 3283 679 μία
3330 626 3425 679 μοι
3467 604 3661 662 λοιπόν
3713 605 3837 662 ἐστι

414 700 503 741 cos
543 699 691 740 meos
717 684 782 739 ι’.
817 683 923 739 His
953 686 1076 739 ater
1127 680 1223 739 ille
1278 683 1496 740 auditis
1549 685 1748 740 statim
1807 686 2059 758 aufugit,

414 772 562 829 tales
593 774 1013 845 pertimescens
1037 788 1227 844 voces,
1252 776 1426 846 atque
1451 774 1840 831 reformidans
1872 774 1957 832 vel
1986 775 2059 831 ad

414 862 609 918 virum
643 862 933 920 accedere.

484 1039 540 1095 7.
595 1039 725 1098 Haec
782 1040 975 1113 prima
1022 1040 1133 1097 fuit
1206 1041 1444 1099 Antonii
1502 1045 1706 1099 contra
1761 1042 2065 1101 diabolum

415 1129 701 1196 victoria;
723 1130 842 1188 imo
892 1132 1093 1204 potius
1129 1132 1191 1187 in
1223 1133 1474 1189 Antonio
1505 1133 1808 1205 egregium
1841 1133 2067 1190 facinus

415 1220 756 1292 Salvatoris,
816 1223 914 1294 qui
960 1222 1247 1278 damnavit
1292 1231 1581 1295 peccatum
1636 1224 1701 1279 in
1754 1238 1950 1293 carne,
2007 1230 2071 1279 ut

416 1311 739 1382 iustiﬁcatio
796 1311 928 1383 tegi:
980 1312 1303 1383 impleretur
1348 1314 1406 1368 in
1466 1312 1643 1381 nobis,
1675 1315 1776 1385 qui
1822 1329 1933 1370 non
1979 1329 2066 1369 se-

418 1399 663 1455 cundum
707 1416 934 1457 carnem
988 1402 1365 1469 ambulamus,
1412 1402 1508 1458 sed
1559 1402 1858 1458 secundum
1903 1403 2070 1473 spiri-

422 1492 540 1544 tum
557 1489 622 1543 ²⁴.
678 1489 795 1546 Nec
826 1494 1026 1547 tamen
1082 1490 1375 1547 Antonius
1403 1491 1572 1562 quasi
1630 1495 1925 1563 prostrato
1956 1491 2070 1547 dse-

422 1593 617 1646 mone,
652 1577 955 1652 negligens
987 1584 1189 1652 postea
1223 1579 1353 1647 fuit,
1384 1585 1486 1636 aut
1516 1581 1802 1637 minorem
1848 1580 1940 1637 sui
1970 1597 2071 1637 cu-

422 1683 547 1722 ram
573 1668 759 1740 gessit
791 1685 804 1723 :
837 1685 1027 1742 neque
1072 1668 1369 1740 inimicus,
1399 1670 1591 1726 victus
1633 1669 1788 1738 licet,
1824 1670 2073 1728 insidia-

423 1772 556 1812 rum
600 1757 777 1813 finem
807 1758 963 1815 fecit.
995 1758 1292 1815 Circuibat
1331 1759 1487 1815 enim
1520 1777 1757 1816 rursum
1787 1760 1955 1831 quasi
1984 1758 2075 1816 leo

427 1850 669 1918 captans
699 1845 962 1920 aliquam
977 1849 1258 1905 adversus
1287 1866 1421 1906 eum
1454 1850 1843 1907 occasionem.
1868 1851 1937 1906 At
1955 1855 2077 1906 An-

2170 690 2390 764 φροντὶς
2448 691 2574 767 περί
2632 696 2749 747 σοῦ·
2809 693 3007 768 Κύριος
3060 695 3165 768 γὰρ
3215 694 3338 767 ἐμοὶ
3405 696 3630 772 βοηθὸς,
3670 696 3838 771 κάγὼ

2171 775 2447 852 ἐπόψομαι
2477 779 2604 843 τοὺς
2634 780 2867 859 ἐχθρούς
2904 803 3031 855 μου.
3063 785 3248 841 Ταῦτα
3289 784 3519 848 ἀκούσας
3567 787 3595 840 ὁ
3652 786 3837 859 μέλας
3876 804 3971 857 1/

2172 865 2398 941 ἐκεῖνος,
2431 868 2586 932 εὐθὺς
2614 866 2775 949 ἔφυγε
2802 872 3146 945 καταπτήξας
3170 873 3266 936 τὰς
3300 876 3500 952 φωνὰς,
3531 873 3623 930 καί
3651 871 3841 953 φοϐη-

2175 955 2287 1021 θεὶς
2318 954 2395 1013 ἔτι
2426 956 2520 1013 κᾶν
2556 958 2765 1036 ἐγγίσαι
2795 966 2877 1034 τῷ
2907 959 3082 1039 ἀνδρί.

2244 1050 2298 1104 7.
2354 1052 2522 1103 Τοῦτο
2580 1055 2796 1125 πρῶτον
2853 1051 3016 1107 ἆθλον
3080 1052 3371 1109 Ἀντωνίου
3446 1055 3641 1131 γέγονε
3693 1056 3845 1111 κατᾶ

2174 1140 2272 1192 τοῦ
2305 1132 2588 1193 διαϐόλου·
2627 1139 2839 1213 μᾶλλον
2896 1138 2954 1197 δὶ
2996 1146 3092 1197 τοῦ
3124 1149 3384 1219 Σωτῆρος
3412 1146 3501 1200 καὶ
3537 1149 3698 1201 τοῦτο
3741 1147 3843 1222 γέ-

2176 1246 2329 1303 γονεν
2375 1225 2429 1282 ἐν
2469 1232 2548 1301 τῷ
2594 1228 2872 1303 Ἀντωνίῳ
2923 1234 3035 1304 (65)
3080 1232 3143 1288 τὸ
3192 1234 3541 1308 κατόρθωμα,
3585 1239 3681 1289 τοῦ
3728 1235 3841 1304 τὴν

2178 1313 2441 1389 ἁμαρτίαν
2507 1319 2925 1394 κατακρίναντος
3003 1318 3055 1374 ἐν
3131 1324 3199 1396 τῇ
3258 1324 3435 1398 σαρκὶ,
3496 1321 3584 1377 ἵνα
3636 1323 3699 1378 τὸ
3758 1320 3849 1377 δι-

2178 1403 2399 1478 καίωμα
2465 1411 2561 1461 τοῦ
2639 1406 2811 1482 νόμου
2886 1407 3159 1485 πληρωθῇ
3219 1410 3271 1465 ἐν
3327 1414 3507 1486 ἡμῖν,
3569 1417 3687 1475 τοῖς
3753 1412 3843 1484 μὴ

2177 1492 2315 1548 κατὰ
2394 1494 2563 1569 σάρκα
2646 1502 3061 1571 περιπατοῦσιν,
3151 1497 3297 1555 ἀλλὰ
3376 1503 3514 1556 κατὰ
3595 1504 3842 1574 πνεῦμα.

2183 1580 2343 1638 Ἀλλ’
2373 1580 2496 1638 οὔτε
2528 1585 2836 1655 Ἀντώνιος,
2871 1587 2946 1651 ὡς
2997 1583 3361 1651 ὑποπεσὸντος
3403 1593 3500 1645 τοῦ
3550 1586 3845 1663 δαίμονος,

2182 1669 2382 1745 ἡμέλει
2418 1671 2612 1729 λοιπὸν
2643 1674 2735 1729 καὶ
2766 1675 3083 1753 κατεφρόνει
3117 1678 3327 1733 ἑαυτοῦ·
3361 1674 3485 1734 οὔτε
3530 1680 3559 1733 ὁ
3608 1678 3845 1755 ἐχθρὸς,

2184 1761 2261 1823 ὡς
2312 1762 2588 1832 ἡττηθεὶς,
2646 1763 2876 1821 ’ἐπαύετο
2930 1770 3028 1821 τοῦ
3096 1763 3408 1840 ἐνεδρεύειν.
3487 1770 3843 1844 Περιήρχετο

2186 1852 2289 1925 γὰρ
2321 1848 2486 1905 πάλιν
2542 1852 2616 1915 ὡς
2666 1852 2829 1924 λέων,
2884 1859 3060 1925 ζητῶν
3106 1876 3231 1911 τινα
3276 1858 3545 1933 πρόφασιν
3594 1858 3711 1912 κατ’
3744 1856 3848 1912 αὐ-

424 1935 625 2035 tonius
640 1939 810 2036 .quod
845 1953 916 1994 ex
965 1938 1283 2011 Scripturis
1341 1938 1667 2011 didicisset,
1702 1938 1920 1997 multas
1949 1956 2074 1996 esse

2188 1944 2303 1998 τοῦ.
2336 1943 2395 1998 Ὁ
2425 1938 2483 1995 δὲ
2541 1942 2856 2015 Ἀντώνιος,
2911 1944 3094 2017 μαθὼν
3141 1943 3203 2001 ἐκ
3223 1950 3333 2001 τῶν
3365 1951 3593 2023 Γραφῶν
3620 1944 3847 2010 πολλὰς

428 2022 655 2081 inimici
711 2025 981 2096 insidias,
1037 2028 1300 2084 asceticaa
1329 2028 1460 2084 vita
1510 2045 1646 2085 cum
1705 2030 2080 2086 contentione

435 2128 675 2186 operam
697 2115 875 2172 dabat
892 2117 956 2185 ³⁸,
981 2120 1165 2185 ratus,
1198 2122 1255 2174 et
1280 2118 1329 2175 si
1357 2134 1471 2175 non
1498 2119 1789 2192 potuisset
1808 2118 2080 2176 diabolus

432 2202 731 2276 voluptate
787 2206 1050 2279 corporis
1104 2223 1203 2263 cor
1261 2207 1545 2279 decipere,
1586 2207 1701 2264 alia
1759 2223 1901 2264 sane
1959 2212 2082 2264 arte

434 2308 571 2349 eum
603 2292 854 2350 insidias
880 2300 1224 2368 paraturum
1252 2313 1265 2353 :
1299 2297 1524 2353 daemon
1576 2297 1795 2370 quippe
1826 2297 2082 2370 peccatis

427 2380 773 2439 delectatur.
804 2385 989 2456 Magis
1021 2385 1203 2457 igitur
1233 2385 1546 2458 magisque
1570 2401 1783 2458 corpus
1830 2402 2083 2443 macera-

428 2470 552 2543 bat,
586 2475 643 2528 et
700 2472 761 2528 in
793 2473 1132 2531 servitutem
1165 2475 1489 2547 redigebat,
1523 2491 1595 2531 ne
1624 2476 1770 2532 forte
1829 2476 1890 2531 in
1947 2476 2080 2533 aliis

424 2559 628 2627 victor,
662 2561 720 2617 in
746 2562 877 2619 aliis
937 2564 1366 2620 succumberet.
1399 2564 1694 2637 Asperiori
1724 2563 1904 2638 igitur
1947 2565 2078 2621 vita;

422 2665 636 2723 genere
666 2667 1005 2709 assuescere
1033 2652 1094 2708 in
1116 2653 1382 2709 animum
1407 2653 1638 2709 induxit
1662 2670 1674 2709 :
1698 2654 1850 2726 quod
1875 2653 2078 2711 multis

425 2739 802 2797 admirationi
835 2741 967 2811 fuit,
1000 2742 1128 2815 ipse
1154 2747 1350 2800 tamen
1383 2742 1677 2814 ejusmodi
1707 2742 1967 2801 laborem
1991 2742 2077 2799 fa-

424 2828 535 2885 cile
564 2828 851 2887 tolerabat
882 2848 894 2887 :
928 2831 1112 2887 animi
1142 2832 1299 2888 enim
1341 2832 1634 2903 alacritas,
1667 2833 1820 2889 638
1843 2832 2078 2889 diutur-

426 2918 612 2975 nitate
642 2919 948 2993 temporis,
980 2920 1249 2977 habitum
1273 2921 1361 2976 illi
1392 2923 1612 2978 bonum
1635 2923 1916 2978 ati‘erebat
1947 2939 1961 2990 ;
1996 2922 2078 2977 ita

424 3012 491 3063 ut
520 3007 1161 3066 velminimaoblataab
1192 3009 1326 3068 aliis
1353 3012 2075 3085 occasione,permagnum

422 3096 552 3169 ipse
581 3097 691 3155 bac
720 3099 782 3155 in
832 3116 891 3156 re
921 3100 1184 3176 studium
1215 3100 1535 3159 exhiberet.
1570 3103 1655 3158 Ita
1683 3100 1979 3174 vigilabat,
2014 3104 2079 3155 ut

2192 2029 2322 2083 εἶναι
2352 2030 2446 2091 τὰς
2499 2029 2783 2104 μεθοδείας
2829 2037 2927 2088 τοῦ
2974 2032 3197 2110 ἐχθροῦ,
3247 2036 3520 2099 συντόνως
3569 2034 3844 2112 ἐκέχρητο

2186 2121 2255 2192 τῇ
2286 2117 2531 2192 ἀσκήσει,
2566 2117 2947 2195 λογιζόμενος,
2979 2120 3085 2191 ὅτι,
3117 2122 3165 2177 εἱ
3216 2122 3307 2179 καί
3358 2125 3435 2197 μή
3494 2123 3687 2200 ἴσχυσε
3733 2126 3841 2194 τὴν

2187 2205 2409 2283 καρδίαν
2442 2207 2494 2264 ἐν
2527 2206 2698 2283 ἡδονῇ
2747 2210 3002 2283 σώματος
3045 2211 3342 2286 ἀπατῆσαι,
3373 2215 3644 2289 πειράσειν
3697 2217 3842 2269 πάν-

2186 2317 2294 2358 τως
2350 2293 2421 2352 δι’
2478 2295 2662 2373 ὲτέρας
2719 2296 3023 2372 ἐνεδρεῦσαι
3083 2299 3335 2374 μεθόδου·
3398 2297 3509 2358 ἔστι
3560 2302 3664 2379 γὰρ
3713 2300 3847 2379 φιλ-

2187 2386 2531 2460 αμαρτήμων
2589 2386 2618 2440 ὁ
2668 2382 2903 2460 δαίμων.
2960 2385 3185 2444 Μᾶλλον
3236 2389 3327 2443 οὗν
3360 2387 3707 2463 καὶμᾶλλον
3742 2392 3847 2445 ὑπ-

2189 2473 2373 2543 επίαζε
2400 2476 2462 2530 τὸ
2493 2479 2653 2548 σῶμα
2681 2475 2771 2531 καὶ
2821 2473 3207 2553 ἐδουλαγώγει,
3261 2479 3482 2550 μήπως,
3532 2476 3584 2533 ἐν
3636 2475 3843 2541 ἄλλοις

2185 2565 2429 2634 νικήσας,
2463 2563 2514 2618 ἐν
2549 2560 2744 2627 ἄλλοις
2793 2565 3036 2641 ὑποσυρῇ
3086 2568 3220 2640 (65).
3280 2566 3605 2623 Βουλεύεται
3653 2566 3839 2622 τοίνυν

2185 2651 2576 2729 σκληροτέραις
2633 2654 2869 2731 ἀγωγαῖς
2924 2655 3111 2710 ἑαυτὸν
3167 2654 3399 2726 ἐθίζειν.
3456 2655 3555 2711 Καὶ
3622 2655 3842 2713 πολλοὶ

2189 2743 2285 2816 μὶν
2318 2742 2643 2816 ἐθαύμαζον,
2692 2743 2852 2805 αὐτὸς
2903 2740 2962 2800 δὲ
3011 2743 3141 2821 ῥᾷον
3188 2746 3279 2800 τὸν
3331 2745 3496 2801 πόνον
3548 2742 3751 2824 ἔφερεν.
3805 2746 3843 2815 ἡ

2184 2832 2283 2908 γὰρ
2317 2832 2597 2907 προθυμία
2643 2839 2745 2902 τῆς
2792 2836 3004 2909 ψυχῆς,
3050 2830 3227 2889 πολὺν
3275 2834 3474 2910 χρόνον
3513 2832 3841 2908 ἐμμείνασα,

2186 2919 2292 2995 ἕξιν
2324 2921 2530 2997 ἀγαθὴν
2578 2921 2911 2999 ἐνειργάζετο
2968 2921 3022 2978 ἐν
3078 2922 3246 2995 αὐτῷ·
3307 2922 3445 2979 ὥστε
3501 2923 3592 2978 καὶ
3648 2922 3847 2999 μικρὰν

2184 3010 2450 3087 πρόφασιν
2485 3006 2843 3084 λαμϐάνοντα
2889 3014 3003 3086 (67)
3049 3015 3181 3089 παρ’
3227 3011 3445 3087 ἐτέρων,
3499 3009 3717 3080 πολλὴν
3764 3010 3843 3074 είς

2182 3105 2344 3155 τοῦτο
2391 3101 2491 3169 τὴν
2544 3097 2782 3170 σπουδὴν
2836 3098 3221 3158 ἐνδείκνυσθαι·
3277 3101 3544 3178 ἠγρύπνει
3592 3100 3697 3176 γὰρ
3743 3120 3845 3155 το-

425 3190 611 3243 totam
650 3205 911 3263 persmpe
956 3195 1185 3248 noctem
1229 3192 1560 3248 insomnem
1592 3192 1869 3247 duceret:
1904 3191 2074 3262 idque

2188 3194 2402 3261 ςοῦτον,
2452 3190 2527 3252 ὡς
2574 3189 2845 3254 πολλάκις
2892 3191 2982 3247 καὶ
3032 3190 3170 3263 ὅλην
3217 3192 3317 3262 τὴν
3362 3190 3529 3248 νύκτα
3571 3187 3844 3246 διατελεῖν

426 3292 543 3333 non
573 3278 776 3346 semel,
807 3279 910 3336 sed
970 3281 1297 3354 saepissime
1331 3281 1697 3350 observabat,
1732 3281 1889 3337 haud
1948 3280 2074 3337 sine

2188 3278 2344 3335 αὐτὸν
2404 3281 2600 3335 ἄυπνον
2632 3301 2645 3314 ·
2698 3279 2789 3335 καὶ
2830 3284 2992 3335 τοῦτο
3044 3277 3102 3336 δὶ
3151 3280 3260 3356 οὐχ
3320 3280 3498 3354 ἅπαξ,
3555 3276 3703 3336 ἀλλά
3744 3277 3840 3334 καὶ

426 3365 679 3423 aliorum
711 3368 1118 3427 admiratione.
1152 3371 1359 3427 Cibum
1391 3369 1571 3427 semel
1596 3370 1654 3425 in
1682 3369 1774 3426 die
1803 3370 2074 3427 sumebat

2188 3367 2499 3430 πλειστάκις
2545 3372 2717 3423 ποιῶν
2762 3367 3113 3443 ἐθαυμάζετο.
3167 3343 3358 3434 ’Ἱίῦθιέ
3416 3343 3498 3425 τε,
3544 3367 3681 3441 ἅπαξ
3737 3374 3840 3438 τῆς

426 3459 562 3528 post
594 3456 737 3515 solis
786 3473 1064 3516 occasum
1097 3474 1111 3514 :
1146 3475 1594 3531 nonnumquam
1644 3464 1776 3531 post
1804 3459 2074 3528 biduum,

2188 3457 2397 3533 ήμὲρας
2434 3458 2569 3531 μετὰ
2600 3454 2748 3513 δύσιν
2778 3457 2964 3529 ἡλίου·
2993 3458 3059 3528 ἦν
3093 3456 3138 3514 δ’
3167 3458 3257 3514 ὅτε
3284 3459 3375 3514 καὶ
3407 3456 3496 3514 διὰ
3526 3454 3645 3528 δύο,
3693 3455 3842 3513 πολ-

427 3545 547 3604 imo
578 3563 732 3621 saepe
761 3553 895 3622 post
924 3548 1305 3621 quatriduum
1328 3549 1554 3606 edebat.
1589 3550 1768 3607 Cibus
1798 3549 1883 3605 illi
1909 3550 2074 3622 panis

2190 3544 2346 3608 λάκις
2406 3543 2464 3601 δὲ
2682 3548 2771 3603 καὶ
2827 3544 2916 3603 διὰ
2958 3545 3230 3625 τεσσάρων
3284 3540 3682 3622 μετελὰμεανε.
3736 3545 3842 3603 Καὶ

1836 3647 2099 3704 VERSIO
2137 3646 2429 3704 EVAGRII

430 3722 752 3845 δικαίῳ
782 3719 1082 3778 exsultabo
1126 3735 1291 3793 super
1320 3720 1575 3777 inimicos
1628 3736 1793 3792 meos,
1827 3726 1885 3778 et
1913 3721 2113 3777 statim
2171 3721 2243 3776 ad
2276 3734 2473 3776 vocem
2532 3719 2847 3790 cantantis,
2879 3718 3239 3793 phantasma
3294 3719 3452 3793 quod
3508 3718 3840 3786 videbatur,

430 3806 612 3845 evanu
673 3832 685 3845 .
1916 3828 1919 3831 ι

429 3805 685 3849 ονειηυιι.

501 3863 555 3918 7.
586 3862 718 3947 ῌεεο
772 3866 969 3947 autem
1029 3863 1260 3947 Antonii
1312 3868 1516 3947 contra
1572 3862 2039 3947 diabolum-fuit
2089 3861 2281 3947 prima
2303 3862 2565 3947 victoria,
2599 3862 2735 3947 i_mo_
2762 3862 2947 3920 virtus
2973 3863 3036 3947 in
3065 3862 3316 3920 Antonio
3337 3861 3709 3947 _Salvatoris:
3743 3861 3851 3931 Qui

428 3939 713 4009 peccatum
759 3936 827 4009 in;
868 3952 1057 4009 carne,
1091 3936 1487 4006 condemnavit,
1545 3945 1606 3992 ut
1624 3938 1956 4009 justificatio
1982 3935 2126 4009 tegis
2172 3936 2232 3990 in
2262 3936 2418 4009 nobis
2446 3935 2851 4009 complentur:
2885 3938 2982 4009 qui
3000 3951 3109 3993 non
3147 3937 3447 4009 secundum
3468 3951 3695 4009 carnem
3722 3950 3842 4009 om:

438 4007 709 4081 bulamus,
734 4007 828 4063 sed
855 4008 1158 4064 secundum
1186 4005 1477 4079 spiritum.
1500 4005 1650 4081 Sedi
1665 4024 1856 4081 neque
1884 4005 2145 4081 Antonio
2167 4008 2541 4081 securitatem
2563 4005 2735 4081 dedit
2765 4005 2858 4063 bic
2893 4005 3072 4063 'unus
3101 4007 3461 4081 triumphus,
3493 4023 3599 4065 nec
3629 4005 3845 4062 diaboli

432 4078 616 4152 semel
649 4079 845 4152 fractae
871 4081 1130 4137 defecere
1158 4078 1311 4137 vires
1337 4104 1353 4148 ;
1384 4097 1522 4137 nam
1553 4086 1610 4137 et
1638 4078 1776 4152 iste,
1808 4086 1871 4135 ut
1900 4079 1988 4136 leo
2020 4078 2257 4151 rugiens
2289 4079 2582 4152 querebat
2610 4079 2837 4152 aditum
2870 4095 2973 4151 per
3002 4096 3176 4152 quem
3208 4078 3409 4152 posset
3436 4079 3844 4152 irrumperezet

432 4150 532 4208 ille
560 4151 993 4225 scripturarum
1029 4153 1239 4209 doctus
1269 4151 1773 4225 eloquio,pmultas
1804 4168 1933 4225 esse
1964 4148 2650 4225 dmmﬁonum’captiones,
2684 4148 2888 4207 solerti
2925 4148 3293 4225 propositum
3315 4152 3513 4208 labore
3556 4148 3847 4225 servabat,

437 4221 844 4293 considerans,
875 4224 1018 4295 quia
1042 4225 1230 4295 possit
1259 4221 1506 4280 Satanas
1526 4223 1585 4281 in
1609 4225 1802 4280 carnis
1824 4223 2233 4280 colluctatione
2254 4221 2585 4295 superatus,
2613 4239 2895 4278 novarum
2919 4221 3197 4280 adversus
3229 4241 3292 4280 se
3308 4225 3527 4281 artium
3551 4221 3855 4280 machinas

438 4310 803 4369 commovere
828 4294 970 4369 (69).
1004 4294 1448 4369 Ιᾶοίτοοᾼωοεὶε
1478 4313 1545 4353 ac
1575 4297 1763 4369 magis
1794 4296 2151 4369 subjugabat
2192 4294 2403 4367 corpus
2431 4311 2585 4361 sum,
2612 4294 3202 4369 gnegvictoraliorum‘,
3232 4296 3291 4352 in
3326 4296 3459 4353 aliis
3502 4295 3850 4369 vinceretur.

438 4313 803 4353 commovere
838 4313 970 4367 (ου).
1004 4313 1227 4351 iccirco
1258 4313 1351 4352 ma
1399 4313 1448 4353 Is
1478 4313 1545 4353 ac
1575 4313 1763 4369 magis
1794 4313 2151 4368 sumuganat
2192 4313 2403 4367 corpus
2431 4313 2585 4361 sum,
2618 4313 2690 4351 ne
2720 4313 2904 4351 νιοιοι·
2926 4313 3202 4362 auorum,
3232 4313 3291 4352 1n
3326 4313 3459 4353 ams
3502 4313 3850 4351 vmceretur.

434 4367 766 4449 pisponens
824 4368 1005 4449 igitur
1033 4367 1255 4449 duriori
1286 4313 1508 4449 seﬁege
1561 4367 2157 4449 v_itas.constringere,
2189 4382 2325 4449 cum
2363 4383 2590 4449 omnes
2610 4366 3032 4449 infatigabilem
3057 4366 3446 4449 adgles_ce_ntis
3503 4367 3857 4449 mirarentur

436 4437 807 4514 instantiam,
836 4437 1105 4514 sanctum
1129 4437 1691 4514 toleranter'ferebat
1712 4437 2162 4514 laborequuia
2178 4438 2521 4514 voluntaria;
2549 4437 2845 4495 servitutis
2874 4438 3116 4514 longum
3142 4439 3203 4496 in
3233 4441 3335 4497 Dei
3365 4455 3535 4514 opere
3563 4437 3852 4514 studium,

435 4508 863 4583 consuetudine
891 4510 950 4566 in
983 4518 1253 4568 naturam
1288 4518 1561 4568 verterat.
1598 4512 1809 4568 Inediae
1840 4508 2128 4568 autem'et
2154 4511 2483 4582 vigiliarum
2508 4511 2567 4583 in
2598 4514 2828 4566 tantum
2860 4508 3090 4583 patiéns
3119 4516 3263 4582 erat,
3290 4516 3357 4569 ut
3385 4508 3850 4568 incredulitatem

433 4582 659 4656 viribus
690 4583 966 4656 vinceret.
1001 4586 1388 4641 Pernoctabat
1410 4585 1468 4639 in
1492 4586 1754 4640 oratione
1776 4584 2119 4656 saepissime,
2144 4584 2359 4656 edebat,
2373 4582 2552 4639 semel
2576 4583 2635 4639 in
2659 4583 2752 4639 die
2774 4582 2905 4656 post
2936 4583 3077 4640 solis
3100 4600 3395 4656 occasum,
3426 4596 3850 4656 nonnunquam

434 4655 617 4712 biduo
648 4654 962 4727 triduoque
994 4657 1078 4738 sic
1107 4672 1482 4738 permanens.
1516 4662 1728 4738 quarta
1740 4654 1999 4738 demum
2028 4655 2525 4738 diereﬁciebatur
2556 4672 2570 4711 :
2602 4654 2874 4738 sumebat
2902 4671 3272 4738 vero-panem
3305 4654 3498 4738 et_’_sal,
3532 4660 3850 4738 potumque

438 4743 598 4799 aqua:
630 4726 1005 4801 perparvum.
1038 4726 1126 4784 De
1150 4729 1428 4801 carnibus
1453 4726 1609 4783 enim
1641 4730 1753 4799 (70)
1785 4733 1842 4801 et
1871 4729 2005 4783 vino
2038 4728 2281 4801 reticere
2314 4726 2525 4801 melius
2555 4731 2719 4801 puto,
2751 4743 2928 4801 quam
2948 4726 3287 4801 quidquam
3346 4726 3583 4801 dicere:
3619 4726 3846 4801 quando

437 4814 545 4873 nec
573 4798 1051 4873 apud—plurimos
1082 4800 1320 4873 quidem
1344 4798 1787 4873 monachorum,
1812 4799 2146 4873 istiusmodi
2171 4798 2391 4873 aliquid
2424 4799 2959 4873 reperiatur:qu_ieti
2982 4798 3185 4857 autem
3217 4800 3484 4873 membra
3504 4798 3843 4866 concedens,

432 4870 628 4945 junco'
645 4870 914 4929 contexto
946 4870 1121 4945 atque
1151 4870 1339 4927 cilicio
1370 4872 1663 4945 utebatur.
1698 4871 2023 4944 Aliquoties
2050 4873 2226 4945 etiam
2248 4872 2362 4944 (71)
2391 4870 2577 4945 super
2599 4870 2818 4945 nudam
2849 4871 3101 4927 humum
3133 4872 3722 4945 jacebat,‘unguent_a
3753 4884 3843 4945 pe:

437 4941 602 5000 nitus
635 4944 953 5018 repudians
987 4941 1266 5018 :idpicebat
1297 4945 1451 4999 enim
1514 4943 1756 4999 minime
1787 4941 1958 5018 posse
2006 4941 2381 5018 utentiumet
2410 4941 2697 5018 praecipue
2746 4943 3029 5013 juvenum
3064 4941 3307 5018 corpora
3336 4941 3620 5018 roborari,
3652 4942 3703 4997 si
3729 4941 3838 5018 elei

437 5013 903 5096 essentlenitate
918 5015 1171 5096 mollita;
1207 5021 1529 5096 oportere‘e
1559 5013 1848 5096 contrario
1872 5031 2110 5096 asperos
2132 5016 2291 5096 carni
2309 5013 2539 5072 labores
2569 5013 2857 5096 imperare
2873 5013 3197 5072 secundum
3214 5013 3475 5096 apostoli
3496 5017 3842 5096 praceptum

437 5087 711 5160 dicentis.
746 5089 971 5156 Quando
1002 5089 1275 5159 inﬁrmor,
1310 5096 1440 5144 tunc
1469 5089 1667 5158 fortior
1695 5105 1836 5143 sum.
1869 5087 2298 5160 As'serebatque
2327 5104 2567 5144 sensum
2589 5087 2774 5144 animi
2804 5090 2889 5160 sic
2919 5103 3090 5159 posse
3118 5087 3555 5156 reviviscere,si
3588 5087 3839 5160 corporis

436 5159 646 5217 fuisset
675 5160 931 5233 impetus
989 5156 1269 5233 fatigatus
1304 5177 1317 5217 :
1355 5156 1512 5217 unde
1561 5176 1667 5217 nec
1699 5164 2029 5233 temporum
2085 5156 2516 5233 longitudinem
2548 5161 2681 5234 (72).
2713 5175 2820 5216 nec
2878 5156 3148 5220 laborum
3180 5161 3389 5219 merita
3410 5156 3713 5234 pensabat,
3744 5156 3840 5214 sed

505 5260 552 5294 ³³
584 5258 740 5315 Psal.
774 5276 942 5329 cxvu,
970 5259 1030 5317 7.
1063 5259 1109 5294 ³⁸
1140 5260 1307 5315 Rom.
1333 5277 1461 5327 vm,
1483 5260 1538 5327 3,
1571 5261 1623 5315 4.
1656 5260 1701 5294 ’⁸
1757 5258 1968 5331 Ephes.
2001 5276 2080 5326 vr,
2109 5259 2196 5316 11.

506 5349 621 5422 (65)
650 5349 743 5423 Sic
763 5348 934 5423 iColb.
966 5349 1001 5403 2
1032 5349 1129 5423 cui
1158 5349 1371 5423 accinit
1419 5350 1719 5423 Evagrius.
1751 5349 1892 5423 Reg.
1922 5350 1976 5417 2,
2008 5352 2085 5421 τῷ
2114 5352 2161 5418 D
2192 5365 2554 5423 commoucre.

761 5421 917 5505 ἷξᾶὶῒί
947 5425 1005 5504 et
1035 5420 1155 5491 alii,
1186 5420 1396 5515 γέγονεν
1426 5418 1597 5513 αὐτῷ.
1838 5418 1866 5423 ν
2060 5418 2067 5421 ’

2196 5496 2220 5515 τ
2265 5422 2380 5515 (70)
2409 5422 2636 5478 Gemm.
2660 5420 2687 5476 1
2723 5435 2859 5477 cum
2879 5418 3075 5515 editis,
3099 5436 3245 5515 vero.
3267 5421 3637 5515 Ninnius},
3667 5418 3814 5476 enim

653 5494 870 5576 ﬁegius
901 5494 1148 5576 primus,
1175 5492 1601 5576 ,ξπ-οσυρείῃ-..ξη
1673 5569 1682 5576 ⁸
1868 5559 1887 5576 ς
1990 5556 2052 5576 ο,
2196 5492 2592 5576 Ιιιξεᾳςοέζωεε
2641 5493 3535 5576 manuscripti,'reticeresl'lditi,
3568 5500 3769 5548 tacere.

530 5556 622 5638 67)
652 5556 989 5638 SicvRegius
1018 5568 1059 5639 2
1083 5556 1144 5621 et
1169 5566 1330 5623 Colb.
1358 5556 1413 5621 2.
1446 5556 1603 5622 Editi
1624 5564 1832 5639 etalii,
1868 5556 2085 5639 λαμϐά-
2269 5566 2379 5638 (71)
2410 5566 2505 5639 Sic
2534 5581 2739 5622 omnes
2787 5556 3194 5639 manuscripti.
3217 5565 3405 5639 AEditi,
3443 5556 3835 5637 nonnunquam

434 5634 613 5694 νοντι.’
641 5639 774 5696 Mox
801 5634 1006 5694 omnes
1038 5638 1218 5695 ferme
1252 5637 1660 5712 manuscripti,
1691 5634 2074 5695 ἐνδείκνυσθαι.

435 5710 589 5766 Editi
619 5727 776 5766 vero.
810 5704 1219 5765 ἐνδεικνύεσθαι.

2196 5634 2385 5695 etiam.
2415 5638 2575 5695 Infra
2605 5653 2810 5695 omnes
2840 5634 3251 5711 manuscripti,
3301 5647 3598 5712 oporteres
3620 5634 3834 5693 contra-

2193 5712 2302 5766 rio.
2336 5710 2512 5766 Editi.
2542 5718 2788 5766 oportere
2815 5725 2963 5766 vero.

435 5710 589 5766 Editi
619 5727 776 5779 vero,
810 5704 1219 5765 ἐνδεικνύεσθαι.

512 5781 627 5928 (68)
656 5779 722 5835 At
750 5783 914 5839 deest
945 5782 1005 5838 in
1036 5786 1175 5855 Reg.
1207 5783 1243 5837 2
1272 5786 1329 5838 et
1356 5781 1516 5839 Colb.
1547 5784 1601 5837 2.

537 5854 627 5927 69)
656 5853 748 5911 Sic
796 5870 1002 5911 omnes
1046 5853 1455 5928 manuscripti.
1500 5854 1601 5912 Edi

537 5854 627 5927 69)
656 5853 748 5911 Sic
796 5870 1002 5911 omnes
1046 5853 1455 5928 manuscripti.
1500 5853 1656 5913 Editi
1707 5869 1840 5912 vero
1897 5855 2084 5911 acrius

2193 5712 2302 5778 rio,
2336 5710 2512 5782 Editi,
2542 5718 2788 5782 oportere
2815 5725 2963 5767 vero.

2265 5783 2378 5855 (72)
2408 5780 2506 5840 Sio’
2532 5780 2778 5855 Gemm.
2808 5782 2860 5850 1,
2889 5782 2935 5855 2,
2968 5782 3059 5855 _et_
3090 5781 3363 5840 German.
3392 5783 3450 5851 2,
3490 5780 3710 5855 rectius
3735 5794 3831 5853 pro

2194 5852 2372 5929 quam
2403 5854 2546 5914 editi
2575 5859 2632 5913 et
2659 5854 2817 5913 Colb.
2839 5853 2941 5928 qui
2965 5852 3188 5914 habent
3218 5855 3565 5928 longitudine
3593 5852 3830 5911 laborum
