4074 6324
262 405 386 467 853

1635 402 1818 463 VlTA
1865 402 1929 462 S.
1977 403 2325 464 ΑΝΤΟΝΙῙ.

3570 404 3687 465 854

267 537 335 606 ἦν
399 534 547 608 αὗτῷ
603 536 637 604 ἡ
696 534 872 611 τροφὴ
935 531 1095 610 ἄρτος
1152 534 1243 588 καὶ
1302 530 1456 596 ἅλας·
1509 530 1598 588 καὶ
1654 532 1717 586 τὸ
1764 532 1924 586 ποτὸν

2042 551 2177 592 cum
2210 535 2368 593 sale:
2400 539 2458 593 et
2507 552 2658 610 aqua
2706 535 2853 608 sola,
2900 539 3097 608 potus.
3137 535 3412 592 Carnium
3443 533 3599 592 enim
3631 538 3692 592 et

269 623 416 699 ὕδωρ
453 623 638 697 μόνον.
691 623 821 698 Περῖ
880 621 981 700 γὰρ
1029 627 1202 699 κρεῶν
1233 623 1321 677 καὶ
1353 620 1503 677 ο⁹ίνου
1532 621 1779 698 περιττόν
1814 620 1923 676 ἐστι

267 715 357 770 καὶ
392 708 591 788 λέγειν·
625 711 762 767 ὅπου
787 733 848 788 γε
878 709 1002 767 οὐδὲ
1046 715 1160 786 (73)
1190 712 1335 789 παρὰ
1379 718 1502 775 τοῖς
1533 710 1726 774 ἄλλοις
1759 733 1926 766 σπου-

271 801 447 866 δαίοις
478 801 768 878 ηὑρίσκετό
803 823 854 856 τι
883 805 1154 858 τοιοῦτον.
1177 801 1274 866 Εἲς
1304 799 1361 857 δὲ
1389 803 1480 857 τὸν
1513 801 1678 856 ὕπνον
1701 802 1924 877 ἠρκεῖτο

270 892 496 967 ψιαθίῳ·
529 891 591 946 τὸ
641 889 698 946 δὲ
740 890 994 946 πλεῖστον
1023 891 1114 946 καὶ
1163 890 1249 946 ἐπὶ
1280 895 1380 967 γῆς
1417 890 1588 965 μόνης
1625 889 1921 947 κατέκειτο.

269 981 617 1060 Ἀλείφεσθαι
667 977 724 1034 δὲ
773 978 940 1053 ἐλαίῳ
988 986 1300 1055 παρῃτεῖτο,
1337 978 1511 1056 λέγων
1554 978 1766 1054 μᾶλλον
1799 977 1926 1053 πρέο

268 1093 388 1127 πειν
419 1070 547 1135 τοὺς
588 1061 890 1145 νεωτέρους
943 1068 1002 1124 ἐκ
1058 1068 1364 1144 προθυμίας
1411 1067 1558 1145 ἔχειν
1602 1069 1700 1140 τὴν
1753 1069 1924 1138 ἄσκη-

271 1182 377 1230 σιν,
407 1159 497 1216 καὶ
533 1160 608 1234 μὴ
643 1164 822 1230 ζητεῖν
875 1159 944 1214 τὰ
991 1164 1298 1236 χαυνοῦνται
1337 1159 1400 1215 τὸ
1446 1145 1808 1234 σῶμαείάλλὰ
1831 1155 1921 1212 καὶ

271 1250 468 1320 ἐθίζειν
502 1249 631 1305 αὐτὸ
660 1254 777 1312 τοῖς
824 1249 1036 1319 πόνοις,
1083 1248 1476 1325 λογιζομένους
1521 1249 1583 1303 τὸ
1626 1252 1723 1303 τοῦ
1756 1249 1921 1306 Ἀπο-

270 1339 472 1396 στόλου
533 1339 719 1417 ῥητόν⁹
779 1341 946 1398 ’Ὁταν
1005 1339 1213 1395 ἀσθενῶ
1249 1382 1262 1408 ,
1320 1339 1442 1395 τότε
1499 1336 1724 1400 δυνατός
1784 1337 1918 1410 εἶμι.

270 1430 411 1489 Τότε
440 1430 544 1506 γὰρ
576 1425 760 1505 ἔλεγεν
805 1429 1017 1505 ἰσχύειν
1061 1436 1162 1499 τῆς
1207 1433 1392 1506 ψυχῆς
1436 1430 1526 1484 τὸν
1574 1423 1754 1500 τὸνον,
1797 1425 1920 1481 ὅταν

269 1521 325 1575 αἱ
353 1523 450 1574 τοῦ
497 1517 748 1592 σώματος
797 1519 1084 1574 ἀσθενῶσιν
1124 1516 1337 1588 ἡδοναί.
1393 1518 1490 1573 Καὶ
1522 1521 1587 1588 ἦν
1641 1517 1787 1589 αύτῷ
1817 1537 1918 1570 πα-

269 1605 496 1682 ράδοξος
549 1604 720 1670 ὅντως
765 1607 857 1663 καὶ
907 1607 1062 1670 οὗτος
1115 1609 1142 1662 ὁ
1195 1607 1482 1684 λογισμός·
1518 1607 1578 1662 ού
1629 1607 1731 1682 γὰρ
1764 1605 1919 1676 ἠξιοῦ

266 1699 456 1774 χρόνῳ
491 1703 703 1774 μετρεῖν
731 1698 831 1766 τὴν
861 1703 962 1766 τῆς
995 1699 1188 1770 ἀρετῆς
1221 1694 1367 1764 ὁδὸν,
1423 1694 1547 1752 οὐδὲ
1582 1699 1682 1766 τὴν
1717 1695 1788 1750 δι’
1817 1695 1917 1750 αύ-

265 1787 365 1855 τὴν
394 1789 507 1860 (74)
537 1787 915 1862 ἀναχώρησιν,
965 1784 1113 1842 ἀλλᾶ
1150 1785 1305 1859 πόθῳ
1355 1788 1441 1841 καὶ
1482 1790 1550 1860 τῇ
1581 1786 1912 1862 προαιρέσει.

267 1874 436 1937 Αὐτὸς
469 1879 601 1951 γοῦν
635 1875 734 1930 οὐκ
763 1873 1098 1949 ἐμνημόνευε
1143 1880 1241 1930 τοῦ
1290 1875 1655 1948 παρελθόντος
1687 1876 1914 1951 χρόνου·
1945 1920 1993 1986 Β

279 1962 408 1986 9\\\
543 1965 589 1986 ..ν
655 1966 669 1986 ι
740 1963 780 1986 l,
952 1965 966 1986 ι
1070 1964 1201 1986 ἠπ
1289 1960 1348 1986 νη
1520 1968 1546 1980 ~
1620 1965 1802 1986 9,1,

269 1962 416 2020 ἀλλὰ
469 1965 589 2028 καθ’
645 1963 876 2040 ἡμέραν,
936 1965 1010 2027 ὡς
1059 1964 1238 2040 ἀρχὴν
1289 1960 1432 2040 ἔχων
1483 1968 1582 2030 τῆς
1611 1965 1912 2034 ἀσκήσεως,

271 2054 441 2128 μείζω
471 2055 562 2109 τὸν
594 2055 758 2109 πόνον
793 2055 936 2130 εἶχεν
972 2053 1047 2116 εἷς
1079 2056 1389 2128 προκοπὴν,
1439 2053 1704 2129 ἐπιλέγων
1741 2055 1914 2126 ἑαυτῷ

263 2144 328 2199 τὸ
386 2147 484 2197 τοῦ
545 2141 765 2199 Παύλου
816 2144 927 2218 (75)
990 2143 1153 2219 ῥητὸν
1208 2148 1472 2219 συνεχῶς·
1523 2148 1638 2198 Τῶν
1695 2138 1910 2198 ὄπισθεν

266 2230 758 2306 ἐπιλανθανόμενος
807 2275 820 2300 ,
874 2237 992 2295 τοῖς
1064 2229 1122 2286 δὲ
1208 2231 1508 2309 ἔμπροσθεν
1590 2231 1858 2287 έπεκτεινό
1892 2265 1915 2274 -

270 2341 450 2395 μενοςο
507 2320 866 2396 μνημονεύων
919 2342 978 2377 τε
1033 2320 1124 2376 καὶ
1153 2327 1251 2390 τῆς
1285 2328 1468 2399 φωνῆς
1505 2325 1600 2376 τοῦ
1630 2323 1916 2399 προφήτου

267 2409 460 2468 Ἠλίου
506 2409 762 2485 λέγοντος
795 2429 809 2445 ο
861 2414 935 2484 Ζῇ
986 2409 1208 2485 Κύριος,
1266 2411 1311 2482 ᾧ
1369 2409 1638 2485 παρέστην
1685 2409 1913 2464 ἐνώπιον

266 2500 435 2555 αὐτοῦ
507 2501 746 2574 σήμερον
783 2543 796 2556 .
857 2501 1224 2575 ΙΙαρετηρεῖτο
1281 2501 1384 2576 γὰρ
1417 2547 1432 2572 ,
1492 2498 1618 2568 ὅτι,
1681 2501 1917 2573 σήμερον

268 2588 468 2663 λέγων,
513 2589 612 2644 οὐκ
660 2588 871 2664 ἐμέτρει
921 2589 1013 2643 τὸν
1054 2587 1395 2665 παρελθόντα
1424 2590 1647 2664 χρόνον·
1689 2587 1815 2644 ἀλλ’
1845 2589 1920 2652 ὡς

267 2677 450 2753 ἀρχὴν
478 2677 560 2732 ἀεὶ
592 2681 702 2751 (76)
735 2673 1241 2751 καταϐαλλόμενος,
1271 2679 1387 2732 καθ’
1419 2678 1627 2752 ἡμέραν
1663 2675 1921 2732 ἐσπούδα-

273 2773 358 2837 ζεν
393 2767 580 2822 ἑαυτὸν
608 2765 971 2843 ,παριστάνειν
1023 2771 1292 2836 τοιοῦτον,
1349 2769 1462 2821 οἷον
1495 2768 1606 2843 χρὴ
1640 2767 1916 2844 φαίνεσθαι

269 2861 349 2927 τῷ
381 2861 517 2928 Θεῷ,
563 2857 796 2930 καθαρὸν
845 2859 914 2930 τῇ
958 2853 1176 2932 καρδίᾳ,
1226 2856 1316 2910 καὶ
1354 2852 1578 2930 ἕτοιμον
1628 2855 1917 2910 ὑπακούειν

267 2951 349 3018 τῷ
387 2944 700 3021 βουλήματι
731 2943 918 3016 αὐτοῦ,
949 2945 1040 3000 καὶ
1093 2942 1286 3018 μηδενὶ
1341 2942 1518 3017 ἄλλῳ.
1552 2944 1748 3020 Ἔλεγε
1779 2942 1835 3000 δὲ
1865 2945 1920 3000 έν

273 3035 469 3107 ἑαυτῷ,
518 3031 626 3088 δεῖν
677 3036 788 3107 (77)
835 3034 926 3089 τὸν
977 3033 1222 3105 άσκητὴν
1271 3033 1331 3096 ἐκ
1367 3040 1464 3104 τῆς
1511 3033 1794 3097 πολιτείας
1823 3038 1920 3088 τοῦ

277 3123 518 3201 μεγάλου
568 3121 762 3180 Ἠλίου
810 3125 1262 3199 καταμανθάνειν,
1317 3124 1390 3186 ὡς
1441 3121 1492 3179 ἐν
1543 3121 1790 3200 ἐσόπτρῳ
1831 3125 1922 3180 τὸν

272 3213 464 3268 ἑαυτοῦ
499 3212 614 3289 βίον
647 3211 747 3268 ἀεί.

2031 625 2150 682 vini
2185 627 2529 684 meminisse
2587 642 3088 699 supervacaneum
3149 626 3341 694 fuerit,
3391 642 3526 697 cum
3580 639 3689 680 nec

2034 716 2191 788 apud
2223 717 2369 774 alios
2419 721 2691 774 strenuos
2748 720 2978 772 ascetas
3035 716 3328 786 ejusmodi
3381 713 3687 786 quidpiam

2033 807 2340 877 reperitur.
2370 807 2456 862 Ad
2513 823 2788 863 somnum
2847 822 2981 862 vero
3021 805 3372 878 capiendum
3431 803 3690 859 sufficie-

2032 895 2135 951 bat
2164 896 2216 952 ei
2248 901 2458 965 stores,
2493 914 2558 953 ac
2589 901 2653 953 ut
2683 896 3006 969 plurimum
3037 895 3202 951 humi
3241 894 3516 950 cubabat.
3549 891 3685 948 Oleo

2032 986 2238 1059 inungi
2269 987 2526 1056 nolebat,
2560 987 2722 1043 aiens
2752 991 3027 1058 praestare
3048 986 3296 1057 juvenes
3328 999 3541 1055 magna
3567 981 3686 1036 ala-

2031 1076 2238 1132 critate
2294 1077 2605 1133 asceticam
2653 1093 2937 1144 exercere,
2997 1091 3102 1131 nec
3149 1091 3218 1130 ea
3269 1088 3526 1144 qumrere
3557 1087 3684 1142 quas

2031 1182 2244 1237 corpus
2273 1165 2625 1235 emollirent,
2659 1166 2801 1237 quin
2847 1164 3044 1237 potius
3087 1161 3389 1220 laboribus
3419 1159 3686 1216 assuefa-

2035 1271 2184 1321 cere,
2215 1271 2507 1311 memores
2566 1252 2868 1327 apostolici
2921 1252 3100 1322 hujus
3147 1251 3326 1307 dicti:
3360 1253 3496 1308 Cum
3519 1248 3686 1319 inﬁr-

2031 1361 2175 1413 mor,
2208 1349 2344 1400 tunc
2394 1351 2586 1417 potens
2640 1360 2760 1399 sum
2779 1344 2845 1397 ’5.
2876 1343 3042 1398 Tunc
3097 1340 3249 1397 enim
3282 1339 3476 1396 aiebat
3504 1329 3686 1393 animi

2029 1434 2285 1506 vigorem
2319 1433 2601 1502 roborari,
2638 1449 2772 1489 cum
2807 1431 3068 1504 corporis
3096 1429 3423 1502 voluptates
3458 1427 3687 1482 minue-

2031 1527 2254 1579 rentur.
2291 1524 2536 1594 Eratque
2583 1522 2704 1578 haec
2757 1520 2917 1576 illius
2975 1519 3323 1576 admiranda
3365 1515 3684 1589 cogitatio:

2029 1630 2147 1669 non
2179 1617 2446 1684 oportere
2465 1611 2701 1667 virtutis
2725 1609 2996 1677 viam,vel
3024 1623 3324 1665 secessum
3357 1607 3486 1677 ejus
3509 1621 3688 1659 causa

2029 1706 2394 1774 susceptum,
2429 1706 2692 1774 tempore
2740 1699 2956 1770 metiri,
2989 1700 3091 1755 sed
3146 1695 3434 1753 desiderio
3465 1699 3523 1750 et
3551 1708 3685 1766 pro-

2027 1792 2378 1864 posito.Ipse
2407 1807 2542 1847 vero
2573 1805 2950 1862 nequaquam
2973 1787 3393 1843 recordabatur
3422 1781 3682 1856 praeteri-

2025 1881 2069 1936 ti
2099 1881 2420 1952 temporis;
2453 1881 2553 1936 sed
2599 1897 2664 1936 ac
2704 1880 2753 1936 si
2809 1876 3071 1950 quotidie
3100 1872 3531 1932 exercitationis
3559 1871 3678 1926 ini-

2023 1971 2171 2025 tium
2203 1970 2456 2037 fecisset,
2489 1968 2699 2040 msjori
2731 1969 2802 2024 ad
2847 1968 3175 2038 profectum
3204 1964 3402 2020 labore
3433 1965 3673 2018 conten-

2024 2059 2218 2126 debat,
2243 2057 2504 2130 Apostoli
2535 2059 2757 2113 dictum
2816 2056 2964 2112 illud
3015 2057 3349 2126 frequenter
3391 2051 3504 2108 sibi
3535 2067 3676 2124 pro-

2025 2149 2342 2204 nuntians:
2379 2150 2505 2217 Quae
2563 2155 2709 2203 retro
2763 2150 2891 2202 sunt
2948 2146 3296 2214 obliviscens,
3328 2141 3406 2200 ad
3432 2158 3499 2197 ea
3546 2154 3677 2196 vero

2025 2254 2144 2309 quae
2173 2243 2306 2293 ante
2333 2246 2459 2293 sunt
2508 2237 2813 2292 extendens
2867 2237 3139 2306 meipsum
3159 2235 3202 2268 ²¹¹
3231 2251 3243 2288 :
3276 2247 3501 2287 memor
3531 2245 3677 2302 quo-

2027 2343 2142 2399 que
2197 2326 2356 2383 illius
2413 2325 2548 2382 Elizs
2606 2325 2899 2398 propheta:
2958 2323 3152 2380 dicti:
3220 2323 3357 2380 Vivit
3417 2321 3682 2376 Dominus

2025 2421 2154 2472 ante
2208 2418 2364 2487 cuius
2420 2419 2767 2488 conspectum
2838 2414 2998 2470 hodie
3050 2421 3128 2470 sto
3185 2412 3229 2447 ²⁸
3254 2454 3267 2467 .
3329 2409 3685 2466 Observabat

2028 2506 2247 2578 quippe
2276 2505 2444 2561 illum
2480 2521 2616 2561 cum
2647 2504 2818 2572 dixit,
2850 2503 3029 2569 hodie,
3058 2500 3420 2574 praeteritum
3449 2504 3686 2570 tempus

2029 2610 2143 2649 non
2178 2610 2451 2650 mensum
2505 2609 2673 2650 esse:
2706 2593 2809 2649 sed
2867 2591 3148 2664 quotidie,
3181 2589 3352 2662 quasi
3409 2591 3535 2644 tum
3568 2586 3688 2659 pri-

2029 2700 2194 2738 mum
2228 2683 2590 2755 incmpisset,
2621 2698 2880 2753 curasse,
2915 2685 2979 2737 ut
3008 2697 3136 2736 sese
3167 2677 3339 2736 talem
3365 2677 3686 2744 exhiberet,

2030 2772 2262 2845 qualem
2296 2773 2368 2827 ad
2402 2777 2782 2844 conspectum
2811 2771 3086 2828 accedere
3106 2767 3206 2824 Dei
3235 2785 3341 2840 par
3360 2769 3516 2823 esset
3542 2790 3556 2834 ;
3579 2781 3688 2836 pu-

2029 2878 2160 2918 rum
2192 2861 2416 2917 scilicet
2445 2862 2639 2929 corde,
2671 2867 2729 2917 et
2753 2861 2826 2916 ad
2857 2858 3299 2931 obsequendum
3328 2857 3456 2928 ejus
3486 2852 3690 2909 volun-

2028 2950 2156 3018 tati,
2189 2954 2247 3006 et
2303 2950 2453 3006 nulli
2484 2949 2603 3018 alii,
2665 2953 2957 3022 paratum.
3005 2947 3248 3003 Dicebat
3299 2949 3496 3002 autem
3528 2942 3687 3014 apud

2031 3040 2440 3111 semetipsum,
2469 3043 2735 3112 oportere
2795 3041 3050 3094 ascetam
3082 3052 3152 3092 ex
3197 3033 3396 3106 magni
3426 3031 3587 3087 illius
3619 3031 3687 3086 E-

2031 3127 2121 3184 lia:
2149 3127 2280 3184 vitae
2312 3127 2582 3184 instituto
2617 3144 2786 3184 suam
2845 3125 3034 3199 ipsius
3063 3125 3242 3182 vitam
3295 3121 3466 3196 quasi
3496 3121 3554 3176 in
3585 3135 3688 3192 spe
3771 3177 3789 3193 ο

2033 3216 2164 3274 culo
2197 3216 2457 3290 quotidie
2486 3216 2767 3274 ediscere.

344 3306 397 3360 8.
451 3302 604 3358 Οὕτω
664 3300 731 3372 δὴ
791 3300 882 3357 οὗν
937 3302 1225 3382 συσφίγξας
1283 3303 1467 3359 ἑαυτὸν
1523 3303 1551 3358 ὁ
1609 3304 1920 3372 Ἀντώνιος,

2109 3308 2262 3364 689
2293 3308 2346 3362 8.
2379 3305 2475 3364 Sic
2514 3305 2714 3377 itaque
2769 3321 2898 3361 sese
2940 3308 3244 3360 coarctans
3274 3299 3585 3370 Antoniu,
3619 3296 3692 3354 ad

273 3393 560 3470 ἀπήρχετο
595 3391 669 3455 εἷς
699 3393 766 3448 τὰ
797 3393 1004 3470 μακρὰν
1052 3395 1164 3467 (78)
1210 3396 1309 3463 τῆς
1355 3394 1551 3466 κώμης
1589 3395 1926 3470 τυγχάνοντα

277 3485 582 3558 μνήματα,
640 3481 730 3537 καὶ
788 3482 1154 3559 παραγγείλας
1210 3483 1288 3536 ἑνὶ
1341 3487 1450 3538 τῶν
1509 3483 1801 3558 γνωρίμων
1858 3481 1928 3538 δι’

274 3575 500 3647 ἡμερῶν
524 3569 751 3626 πολλῶν
798 3571 946 3644 αὐτῷ
990 3571 1235 3644 ›ομίζειν
1283 3572 1373 3626 τὸν
1406 3571 1588 3647 ἄρτον,
1628 3572 1786 3634 αὐτὸς
1818 3573 1925 3628 εἶσ-

273 3660 446 3727 ελθὼν
499 3660 573 3724 εἰς
617 3660 672 3718 ’ἐν
721 3663 830 3716 τῶν
873 3659 1196 3735 μνημάτων,
1242 3662 1332 3716 καὶ
1375 3657 1689 3724 κλείσαντος
1719 3660 1926 3718 ἐκείνου

2035 3395 2307 3468 sepulcra
2335 3395 2538 3467 procul
2568 3395 2713 3468 vico,
2736 3395 2853 3452 sita
2891 3410 2954 3451 se
3000 3391 3270 3460 contulit,
3303 3395 3362 3447 st
3390 3391 3592 3462 rogato
3624 3403 3696 3442 ex

2037 3485 2430 3542 familiaribus
2459 3485 2739 3556 quodam,
2764 3488 2828 3539 ut
2850 3487 3063 3555 panem
3087 3481 3200 3539 sibi
3223 3479 3548 3537 multorum
3571 3476 3694 3532 die-

2036 3591 2168 3630 rum
2199 3572 2506 3630 intervallo
2537 3573 2786 3637 afferret,
2820 3571 3127 3644 ingressus
3167 3569 3465 3642 quoddam
3495 3563 3695 3638 sepul-

2037 3681 2227 3732 crum,
2259 3667 2316 3721 et
2347 3663 2548 3722 clausa
2578 3663 2651 3720 ab
2670 3661 2772 3720 illo
2796 3662 3003 3735 janua,
3037 3659 3199 3718 solus
3227 3657 3571 3717 remanebat
3599 3655 3688 3711 in-

1677 3858 1936 3916 VEBSIO
1974 3857 2283 3917 EVAGRII.

278 4056 478 4098 amore
509 4043 566 4097 et
599 4038 888 4113 famulatu
922 4043 1246 4112 spontaneo
1278 4054 1528 4111 semper,
1560 4043 1846 4112 tanquam
1878 4041 1938 4096 in
1970 4040 2280 4113 principiis
2306 4039 2762 4113 constitutus,ad
2794 4039 3124 4113 profectum
3155 4035 3334 4093 divini
3367 4037 3563 4113 metus
3590 4033 3689 4113 de-

279 4113 564 4170 siderium
595 4107 1271 4185 concitabatCNovisque
1301 4107 1545 4184 cupiens
1574 4107 1785 4185 augere
1819 4107 2130 4184 praeterita,
2154 4107 2336 4185 supra
2367 4112 2673 4185 memorati
2697 4107 2951 4168 doctoris
2979 4107 3692 4185 sermonumrecordaba-

279 4191 400 4254 tur,
431 4185 531 4256 qui
562 4185 643 4240 ait
668 4201 680 4240 :
712 4186 1006 4241 Praeterito
1035 4179 1459 4250 obliviscemfet
1491 4187 1547 4240 in
1576 4179 1836 4255 [ulvarum-
1889 4179 2286 4242 conualescens.
2319 4184 2662 4242 Meminerat
2719 4199 2952 4255 quoque
2977 4182 3112 4238 Elia;
3171 4179 3467 4256 pArOphetaa
3494 4179 3691 4256 dicen-

282 4251 396 4313 tis:
435 4251 575 4328 Vivit
629 4257 914 4328 Dominus,
945 4258 1037 4312 cui
1089 4256 1246 4310 adsto
1276 4256 1439 4312 hodie
1494 4251 1622 4314 ante
1653 4260 1876 4328 ipsum:
1927 4262 1986 4314 et
2043 4258 2368 4313 disserebat
2405 4273 2528 4326 cur,
2575 4251 2770 4322 hodie,
2804 4251 2961 4312 esset
3009 4251 3375 4328 appositum,
3408 4251 3548 4324 quia
3577 4264 3694 4304 non

279 4327 662 4400 computabat
693 4327 847 4384 Elias
878 4328 1238 4399 praeteritum
1293 4333 1568 4400 tempus:
1629 4323 1731 4385 sed
1762 4334 2042 4399 tanquam
2075 4329 2334 4400 quotidie
2365 4327 2425 4384 in
2485 4323 2806 4384 certamine
2835 4323 3212 4393 constitutus,
3239 4323 3514 4400 talem’se
3542 4337 3693 4400 pras-

281 4393 433 4474 bers'
447 4400 741 4474 cupiebat,
773 4393 1008 4470 qualem
1037 4400 1260 4457 sciebat
1310 4393 1556 4473 dignum
1585 4401 1688 4458 Dei
1738 4417 1868 4459 esse
1885 4393 2330 4474 'conspéctibus,
2361 4417 2576 4472 purum
2606 4401 2800 4471 corde,
2833 4404 2890 4456 et
2920 4402 3189 4472 paratum
3221 4397 3458 4453 obedire
3485 4393 3695 4452 volun-

283 4473 388 4528 tati
422 4472 570 4543 ejus.

353 4536 626 4618 8._lgitur
653 4558 856 4618 secum
885 4543 999 4615 (79)
1032 4547 1311 4618 reputans
1341 4547 1608 4618 oportere
1638 4544 1740 4601 Dei
1775 4544 2066 4602 famulum
2097 4561 2166 4618 ex
2194 4543 2478 4618 instituto,
2517 4544 2717 4617 magni
2747 4543 2886 4618 Elius
2915 4541 3248 4618 exemplum
3279 4555 3505 4618 capere,
3536 4540 3594 4594 et
3621 4536 3696 4618 ad

287 4609 774 4690 illudspeculum
805 4609 990 4673 vitam
1016 4609 1427 4690 suamdebere
1457 4634 1846 4690 componere:
1881 4617 1952 4674 ad
1985 4617 2256 4690 sepulcra
2276 4617 2438 4690 haud
2467 4609 2648 4690 longe
2669 4634 2702 4671 a
2728 4616 2869 4672 villa
2895 4609 3220 4690 constituta
3251 4609 3636 4690 secessit,_un_i
3667 4625 3699 4662 e

285 4682 536 4761 cognitis
569 4689 882 4760 mandans,
915 4692 981 4745 ut
1008 4688 1246 4746 statutis
1276 4690 1485 4747 diebus
1515 4682 1629 4746 sibi
1660 4690 1942 4748 alimenta
1970 4682 2240 4748 deferret.
2273 4689 2340 4746 Et
2369 4706 2503 4746 cum
2542 4682 2605 4746 in
2635 4706 2754 4748 una
2785 4689 3069 4748 memoria
3098 4685 3474 4759 supradictus
3522 4682 3700 4737 frater

359 4865 405 4904 ²⁶
434 4867 484 4923 II
514 4871 639 4926 Cor.
672 4885 774 4940 xu,
810 4869 896 4926 10.
975 4869 1019 4904 ²⁷
1050 4868 1306 4943 Philipp.
1337 4885 1424 4940 ιιι,
1460 4869 1546 4926 14.
1625 4870 1670 4905 ³⁸
1701 4870 1777 4927 III
1807 4869 1924 4943 Reg

2037 4887 2133 4944 un,
2165 4870 2252 4926 15.

287 5050 513 5136 merita.
547 5050 706 5108 Infra
738 5067 940 5110 omnes
971 5053 1384 5127 manuscripti,
1415 5069 1633 5127 augere.
1659 5054 1940 5124 Editi,au-

502 5193 715 5269 Regius
745 5197 781 5250 2
809 5199 868 5254 et
891 5196 1052 5254 Colb.
1082 5199 1142 5269 2,
1177 5194 1343 5252 ὁπότε
1368 5193 1512 5256 οὔτε.
1557 5199 1715 5259 Infra
1741 5198 1942 5267 iidem,

293 5261 345 5318 τί
371 5261 478 5318 των
500 5261 786 5324 τοιούτων.

366 5337 492 5417 (⁸74).
509 5337 668 5417 Colb.
700 5343 758 5417 2_,
791 5335 868 5417 8c’_
909 5338 1078 5417 αὐτῆς
1129 5341 1347 5417 Regius
1396 5347 1453 5417 2,

295 5407 673 5494 Mo§_lte_gius
707 5407 759 5480 1,
791 5411 970 5494 Αὐτὸς
999 5407 1100 5486 μὲν
1135 5407 1249 5468 οὗν-ί

369 5481 481 5556 (Ἱῦ)
515 5481 606 5538 Sic
635 5499 840 5542 omnes
871 5481 1054 5542 ferme
1083 5502 1384 5542 manuscr.
1417 5487 1570 5544 Editi
1598 5487 1752 5556 vero,
1785 5485 1951 5540 Ἀπο-

299 5549 522 5632 στόλού.
557 5557 687 5632 Mox
716 5556 934 5632 Regius
957 5559 993 5632 _2
1022 5562 1093 5632 et_
1117 5558 1295 5632 C01b._
1331 5559 1402 5632 2,Δ
1439 5549 1951 5632 ἰπιλανθανόμενος,

1505 5344 1670 5414 αὐτῆς
1730 5341 1945 5401 solum.

298 5622 768 5700 ἰπεκτεινόμενος.
801 5622 1016 5701 “Editi,
1075 5622 1585 5704 ἐπιλανθανόμενοι·
1647 5622 1954 5704 ἐκτεινόμεέ

302 5714 412 5750 νοι.

376 5767 492 5841 (76)
527 5769 621 5828 Sic
650 5787 856 5832 omnes
886 5772 1276 5847 manuscripti
1304 5777 1543 5850 excepto
1573 5773 1784 5834 Jesuit.
1808 5772 1962 5831 Editi

2051 5069 2170 5111 non
2200 5052 2420 5110 habent
2449 5051 2551 5112 ἀεί.
2589 5054 2722 5110 Mox
2752 5068 2956 5110 omnes
2989 5048 3375 5123 manuscripti
3407 5042 3704 5123 tantbvaip
3782 5054 3784 5056 ·

2054 5128 2170 5196 Θεῷ
2201 5123 2568 5200 παριστάνειν,
2603 5131 2839 5199 excepto
2869 5124 3083 5182 Jesuit.
3117 5124 3178 5180 in
3211 5118 3325 5196 quo
3357 5125 3422 5179 ut
3445 5122 3507 5177 in
3533 5118 3708 5177 editis

2054 5201 2133 5252 τῶ
2163 5201 2279 5252 Θεῶ
2311 5198 2493 5252 deest.

2053 5201 2133 5254 τῶ
2163 5201 2279 5254 Θεῷ
2311 5201 2493 5254 deest.

2088 5219 2569 5341 (9(7u';)q)_age:::ii§,
2603 5269 2686 5322 δτι
2719 5263 2819 5323 δεῖ.
2843 5268 2942 5341 δίο
2981 5267 3207 5341 ΡιιεείιιιιΔ
3241 5270 3277 5341 2
3325 5265 3454 5341 (qui
3511 5267 3713 5341 tamen

2056 5333 2236 5412 habet
2265 5339 2318 5394 έν
2352 5346 2484 5397 ante
2515 5333 2712 5412 ἑαυτῷ)
2738 5345 2796 5396 et
2830 5340 2990 5396 Colb.
3020 5333 3280 5412 ZTEdlti,
3324 5333 3391 5412 Δ’δέ
3436 5335 3489 5390 ἐν
3542 5333 3717 5402 ἑαυτῷ

2061 5409 2192 5467 δεῖν.
2227 5414 2359 5469 Hac
2391 5413 2502 5468 alio
2535 5409 2705 5468 modo
2738 5411 3104 5484 interpunxit
3134 5410 3434 5482 Evagrius.

2135 5486 2247 5628 E78;
2280 5484 2564 5558 Evagrius
2595 5484 2755 5557 legit,
2775 5482 2852 5567 ,οὐ
2889 5482 3120 5566 μακράν.

2157 5557 2227 5610 79
2281 5557 2371 5612 Sic
2403 5556 2812 5628 manuscripti.
2846 5556 2999 5611 Editi
3023 5571 3120 5628 ver

2157 5546 2247 5628 79)
2281 5557 2371 5612 Sic
2401 5546 2817 5630 manuscripti.
2846 5546 3180 5630 Editi'vero,
3213 5555 3395 5626 Igitur
3438 5550 3496 5607 S.
3538 5546 3712 5630 Anto-

2063 5620 2424 5687 niisséecum.
2467 5630 2625 5688 Infra
2681 5620 2845 5700 editi,
2897 5643 3008 5685 non
3061 5620 3262 5698 longe;
3299 5620 3712 5694 manuscripti,

2066 5701 2218 5760 haud
2247 5701 2425 5774 longe.
