4074 6336
282 491 397 550 861

1650 499 1835 557 νΙτΑ
1883 498 1948 556 S.
1995 493 2342 554 ANTONlI.

3579 481 3697 540 862

285 621 389 678 λου
419 621 662 695 γέγονεν.
697 622 813 678 Οὐκ
844 619 1159 695 ἐμποδίσεις
1189 623 1241 680 ἐν
1280 627 1458 700 τούτῳ
1509 648 1613 701 μου
1659 630 1758 698 τήν
1798 647 1937 701 προ-

2056 640 2207 698 bole.
2241 640 2361 695 Hoc
2385 641 2577 694 tecum
2611 639 2700 693 eat
2723 638 2782 692 in
2827 635 3194 708 perditionem
3223 634 3289 688 εί.
3342 632 3472 687 Ηωο
3525 632 3700 686 Anto-

283 709 507 784 θυμίαν,
539 705 787 766 διάϐολε.
820 716 990 768 Τοῦτο
1036 715 1136 790 γὰρ
1186 713 1276 770 σὺν
1330 717 1414 771 σοὶ
1463 713 1547 788 εἷή
1594 720 1670 791 (5)
1702 717 1779 779 εἷς
1827 716 1934 771 ἀπ·-

287 798 513 856 ώλειαν.
548 799 646 854 Καὶ
694 803 855 855 τοῦτο
903 804 1000 855 τοῦ
1041 801 1328 858 Ἀντωνίου
1379 800 1658 879 λὲγοντος,
1693 803 1931 876 ἐξέλιπεν

283 888 512 959 ἐκεῖνος,
544 888 674 943 ὡσεὶ
704 890 907 952 καπνὸς
937 891 1042 945 ἀπὸ
1073 891 1373 968 προσώπου
1404 892 1597 970 πυρός.

358 981 446 1034 12.
482 978 614 1035 Εἶτα
669 976 836 1034 πάλιν
905 979 1000 1035 οὐκ
1056 977 1132 1036 ἔτι
1193 983 1508 1060 φαντασίαν,
1568 980 1826 1053 ἀληθινὸν
1878 978 1934 1036 δὲ

285 1068 494 1143 χρυσὸν
526 1066 854 1143 ἐῤῥιμμὲνον
887 1067 939 1123 ἐν
976 1075 1095 1132 ταῖς
1142 1069 1292 1134 ὁδοῖς
1343 1073 1575 1148 ἑώρακεν
1621 1069 1932 1146 ἀπερχόμε-

285 1177 401 1220 νος.
433 1155 559 1214 Εἴτε
589 1154 647 1211 δὶ
687 1161 785 1212 τοῦ
835 1157 1036 1235 ἐχθροῦ
1086 1157 1373 1233 δείξαντος,
1401 1159 1507 1216 εἴτε
1553 1161 1698 1223 τινὸς
1755 1160 1931 1236 κρείτ-

283 1265 444 1308 τονος
488 1243 770 1319 δυνάμεως
817 1249 1197 1322 γυμναζούσης
1244 1251 1334 1305 τὸν
1384 1249 1650 1322 ἀθλητὴν,
1680 1250 1769 1304 καὶ
1820 1247 1931 1303 δει-

285 1335 559 1408 κνυούσης
588 1341 669 1409 τῷ
700 1332 968 1412 διαϐόλῳ,
1001 1338 1082 1394 ὅτι
1119 1337 1259 1414 μηδὲ
1286 1345 1396 1396 τῶν
1442 1340 1667 1411 ἀληθῶς
1718 1339 1933 1416 φροντί-

290 1431 368 1495 ζει
417 1427 748 1502 χρημάτων·
795 1425 918 1483 οὔτε
977 1428 1135 1491 αὐτὸς
1191 1430 1541 1508 ἀπήγγειλεν,
1590 1427 1712 1485 οὕτε
1767 1432 1934 1502 ἡμεῖς

287 1509 552 1588 ἔγνωμεν,
583 1514 732 1586 πλὴν
783 1518 864 1572 ὅτι
919 1518 1126 1593 χρυσὸς
1180 1519 1249 1589 ἦν
1305 1521 1333 1574 ὁ
1392 1521 1734 1597 φαινόμενος.
1771 1519 1826 1571 '0
1879 1514 1935 1572 δὲ

285 1605 582 1667 Ἀντώνιος
633 1607 697 1660 τὸ
759 1606 854 1679 μὲν
910 1605 1124 1677 πλῆθος
1207 1607 1522 1682 ἐθαύμασεν,
1582 1610 1655 1671 ὡς
1713 1605 1770 1663 δὲ
1826 1611 1934 1682 πῦρ

291 1689 551 1769 ὑπερϐὰς,
585 1694 756 1758 οὕτως
801 1695 962 1750 αὐτὸν
1008 1700 1083 1771 (6)
1114 1697 1390 1773 παρῆλθεν
1452 1699 1526 1761 ὡς
1585 1696 1726 1772 μηδὲ
1782 1718 1938 1773 στρα-

288 1786 475 1861 φῆναι’
531 1780 678 1839 ἀλλὰ
730 1783 819 1839 καὶ
877 1781 1070 1861 δρόμῳ
1126 1785 1421 1842 σπουδάσαι
1467 1793 1748 1859 τοσοῦτον,
1801 1785 1936 1842 ὥστε

288 1873 492 1947 κρύψαι
523 1872 613 1928 καὶ
645 1873 829 1938 λαθεῖν
869 1874 960 1930 τὸν
1009 1874 1199 1933 τόπον.
1233 1876 1464 1934 Μᾶλλον
1516 1877 1611 1932 οὖν
1655 1878 1745 1932 καὶ
1795 1876 1936 1949 μᾶλ-

291 1961 389 2017 λον
446 1961 707 2025 ἐπιτείνας
761 1964 860 2033 τὴν
918 1964 1193 2041 πρόθεσιν,
1226 1965 1480 2044 ὥρμησεν
1542 1968 1618 2031 εἰς
1663 1969 1726 2022 τὸ
1784 1964 1932 2042 ὅρος.

289 2051 395 2107 Καὶ
427 2047 790 2126 παρεμϐολὴν
822 2037 1049 2129 ἔρημον,
1083 2055 1172 2110 καὶ
1206 2037 1293 2132 ’διῄ
1315 2037 1423 2111 ⁷τὸν
1479 2055 1678 2134 χρόνον
1735 2037 1934 2130 μεστὴν
1966 2037 2013 2104 Β

291 2139 531 2213 ἑρπετῶν
563 2141 732 2216 εὑρὼν
768 2140 843 2205 εἷς
883 2144 946 2198 τὸ
996 2142 1159 2220 πέραν
1205 2150 1301 2200 τοῦ
1341 2145 1612 2221 ποταμοῦ,
1647 2147 1756 2202 ἐκεῖ
1808 2166 1935 2220 μετ-

291 2229 481 2297 έθηκεν
542 2231 751 2301 ὶαυτὸν,
801 2231 891 2286 καὶ
949 2230 1159 2304 ᾤκησεν
1222 2234 1272 2289 ἂν
1336 2235 1493 2310 αὐτῇ.
1546 2236 1619 2291 Τὰ
1679 2237 1772 2310 μὲν
1841 2233 1932 2289 οὖν

292 2317 507 2392 ἑρπετὰ,
559 2317 740 2395 ὥσπερ
789 2321 936 2383 τινὸς
993 2319 1311 2396 διώκοντος,
1352 2325 1505 2389 εὐθὺς
1554 2327 1930 2401 ἀνεχώρησαν·

292 2405 450 2469 αὐτὸς
482 2405 558 2478 δὲ,
590 2410 690 2478 τὴν
721 2407 929 2465 εἷ’σοδον
962 2411 1284 2490 ἀναφράξνας,
1315 2414 1404 2470 καὶ
1445 2412 1638 2490 ἄρτους
1697 2414 1775 2476 εἷς
1829 2421 1936 2488 μῆ-

290 2516 385 2586 νας
409 2495 482 2586 ,ἓξ
540 2497 877 2571 ἀποθέμενος
934 2489 1205 2586 (ποιοῖ)σῇ
1240 2500 1297 2557 δὲ
1347 2489 1506 2559 τοῦτο
1566 2499 1820 2574 Θηϐαῖοι,
1845 2503 1935 2558 καὶ

292 2584 563 2648 πολλάκις
601 2586 819 2660 μὲνουσι
849 2590 939 2644 καὶ
995 2589 1122 2646 ὅλον
1161 2584 1405 2648 ἒνιαυτὸν
1452 2589 1755 2664 ἀϐλαϐεῖς),
1790 2587 1932 2668 ἔχων

291 2671 442 2730 ἔνδον
501 2673 670 2751 ὕδωρ,
705 2676 883 2754 ὥσπερ
947 2678 997 2734 ἰν
1061 2679 1277 2744 ἀδύτοις
1339 2680 1799 2758 ἐγκαταδυόμενος
1857 2684 1933 2754 (7)

295 2763 462 2835 μόνος
518 2761 697 2837 ἔμενεν
749 2765 922 2839 ἔνδον,
960 2771 1097 2843 μήτε
1146 2770 1302 2832 αὐτὸς
1348 2773 1576 2848 προϊὼν,
1633 2774 1770 2846 μήτε
1817 2769 1938 2825 τινὰ

290 2857 402 2907 τῶν
431 2851 746 2930 ἐρχομένων
781 2855 1022 2934 βλέπων.
1055 2857 1228 2923 Αὐτὸς
1263 2861 1355 2932 μὲν
1389 2859 1479 2916 οὖν
1513 2860 1686 2917 πολὺν
1733 2864 1934 2940 χρόνον

293 2941 436 2997 οὕτω
480 2947 712 3019 συνῆψεν
764 2947 1119 3021 ἀσκούμενος
1149 2952 1264 3005 κατ’
1295 2949 1532 3006 ἐνιαυτὸν
1583 2953 1745 3026 μόνον
1797 2955 1938 3009 ἅνω-

295 3032 381 3086 θεν
421 3032 528 3088 ἀπὸ
577 3038 675 3090 τοῦ
729 3033 981 3110 δώματος
1027 3035 1272 3115 δεύτερον
1326 3037 1624 3116 δεχόμενος
1664 3041 1794 3106 τοὺς
1841 3042 1935 3121 ἄρ-

290 3142 442 3184 τους.

370 3213 454 3268 13.
486 3210 554 3270 Οἵ
584 3210 643 3268 δὶ
697 3215 833 3291 πρὸς
891 3215 1050 3272 αὐτὸν
1111 3216 1406 3293 ἐρχόμενοι
1462 3224 1572 3276 τῶν
1619 3223 1938 3299 γνωρίμων,

2044 731 2140 788 nio
2171 731 2417 802 dicente,
2463 727 2700 785 evanuit
2739 725 2957 797 discus,
3010 724 3181 798 quasi
3231 725 3431 780 fumus
3486 739 3520 778 a
3553 718 3698 775 facie

2047 835 2224 894 igms.

2113 999 2213 1056 i2-
2239 1000 2614 1070 Rursumque
2646 1013 2779 1054 cum
2811 996 3280 1068 progrederetur,
3325 1011 3441 1050 non
3484 1012 3693 1053 vanam

2045 1089 2325 1162 speciem,
2356 1089 2456 1144 sed
2486 1105 2690 1143 verum
2724 1102 2936 1142 aurum
2968 1086 3028 1140 in
3060 1085 3154 1140 via
3183 1085 3506 1156 projectum
3558 1103 3696 1142 con-

2045 1177 2262 1250 spexit:
2281 1177 2638 1232 inimicusne
2660 1180 2854 1230 autem
2887 1174 3185 1229 exhiberet
3205 1172 3376 1244 illud,
3401 1191 3474 1228 an
3497 1173 3695 1246 aliqua

2040 1267 2228 1322 virtus
2259 1265 2545 1338 superior,
2578 1282 2704 1338 quae
2735 1263 3015 1319 athletam
3048 1265 3364 1333 exerceret,
3389 1263 3543 1319 642
3577 1264 3697 1319 dia-

2042 1353 2291 1426 boloque
2315 1353 2689 1424 signiﬁcaret,
2722 1368 2855 1407 eum
2884 1368 2957 1407 ne
2986 1367 3156 1407 veras
3216 1351 3455 1422 quidem
3514 1368 3693 1422 pecu~

2045 1443 2172 1499 nias
2201 1459 2431 1512 curare;
2467 1441 2523 1497 id
2555 1458 2696 1498 sane
2727 1457 2831 1496 nec
2861 1440 3137 1495 indicavit
3168 1440 3314 1512 ipse,
3365 1457 3470 1496 nec
3523 1440 3694 1496 nobis

2045 1537 2404 1604 compertum
2436 1536 2524 1589 est
2549 1550 2560 1588 :
2589 1534 2820 1587 constat
2849 1528 3221 1585 solummodo
3253 1543 3457 1583 verum
3511 1529 3694 1585 fuisse

2046 1640 2255 1680 aurum
2289 1624 2441 1695 quod
2471 1620 2761 1694 apparuit.
2790 1619 3030 1691 Copiam
3064 1617 3256 1673 solum
3299 1618 3545 1673 miratus
3575 1626 3697 1673 An-

2042 1713 2555 1783 tonius,tanquam
2589 1711 2777 1781 ignem
2811 1707 3266 1779 prosiliit,atque
3297 1707 3381 1762 sic
3409 1713 3697 1779 pertrans-

2042 1801 2167 1868 ivit,
2200 1805 2356 1857 utne
2388 1801 2626 1872 quidem
2658 1798 2886 1854 vultum
2931 1800 3330 1852 converteret:
3391 1796 3509 1852 imo
3564 1813 3696 1852 cur-

2046 1906 2178 1946 sum
2209 1889 2292 1944 ita
2321 1887 2655 1956 concitavit,
2691 1891 2754 1940 ut
2785 1889 2946 1940 extra
2975 1888 3353 1954 conspectum
3378 1887 3532 1938 esset
3554 1883 3696 1938 late-

2049 1983 2246 2050 retque
2269 1977 2380 2034 sibi
2403 1977 2584 2034 locus.
2634 1975 2819 2047 Magis
2868 1973 3052 2046 igitur
3091 1972 3397 2044 magisque
3431 1972 3696 2044 proposi-

2045 2073 2170 2123 tum
2205 2068 2445 2122 firmans
2493 2081 2688 2135 suum,
2721 2065 2794 2119 ad
2845 2066 3104 2118 montem
3154 2077 3217 2117 se
3263 2059 3531 2130 contulit,
3595 2060 3695 2116 ubi

2046 2156 2354 2213 castellum
2373 2161 2537 2212 trans
2560 2155 2777 2210 ﬂumen
2810 2152 3025 2225 reperit
3062 2151 3264 2206 tandiu
3289 2150 3609 2220 desertum,
3632 2153 3698 2205 ut

2046 2251 2201 2303 esset
2229 2246 2468 2318 plenum
2525 2243 2871 2316 reptilibus:
2929 2257 3186 2312 cumque
3246 2243 3690 2307 transmeasset,

2045 2334 2124 2390 ibi
2156 2335 2459 2391 habitavit.
2493 2332 2744 2405 Reptilia
2790 2347 2948 2400 vero,
3005 2331 3175 2402 quasi
3226 2329 3481 2401 quodam
3540 2326 3698 2384 inse-

2047 2428 2284 2495 quente,
2316 2422 2509 2479 subito
2541 2424 2927 2477 recesserunt.
2961 2418 3061 2474 Ille
3089 2419 3359 2474 obturato
3400 2417 3698 2490 ingressu,

2046 2513 2410 2585 panibusque
2439 2512 2511 2566 ad
2534 2527 2634 2567 sex
2655 2526 2888 2565 menses
2920 2508 3040 2563 illic
3071 2506 3344 2579 repositis
3392 2506 3516 2578 (qui
3568 2523 3696 2562 mos

2045 2606 2136 2657 est
2164 2601 2568 2669 Thebaeorum,
2616 2601 2943 2670 durantque
2993 2614 3177 2669 panes
3228 2612 3330 2668 per
3394 2595 3693 2667 integrum

2047 2707 2268 2747 annum
2298 2689 2834 2761 incorrupti),aqua
2851 2704 2984 2743 vero
3003 2690 3165 2742 intus
3187 2686 3618 2758 reperta,quasi
3637 2685 3695 2738 in

2047 2782 2221 2854 adyta
2258 2780 2639 2849 descendens,
2673 2779 2751 2834 ibi
2812 2777 2972 2833 solus
3031 2776 3528 2843 commorabatur,
3591 2791 3696 2829 nec

2048 2871 2182 2926 inde
2212 2885 2486 2942 egressus
2517 2884 2800 2940 unquam,
2835 2883 2941 2922 nec
2993 2866 3439 2922 adventantium
3496 2879 3698 2934 quem-

2048 2961 2206 3033 piam
2237 2960 2464 3015 videns.
2499 2959 2788 3014 Diuturno
2819 2956 3016 3029 itaque
3047 2961 3311 3033 tempore
3367 2953 3477 3008 hoc
3535 2968 3695 3008 asce-

2015 3075 2020 3080 -
2048 3050 2177 3105 ticm
2201 3049 2335 3106 vitae
2366 3065 2551 3121 genus
2584 3047 2800 3103 coluit:
2835 3047 2926 3102 bis
2984 3046 3178 3101 solum
3236 3042 3552 3115 quotannis
3598 3058 3700 3112 per

2049 3153 2388 3210 supremam
2420 3138 2632 3192 domus
2662 3139 2888 3207 partem
2911 3138 3142 3206 accepto
3173 3149 3341 3204 pane.

2123 3229 2208 3282 13.
2247 3226 2584 3282 Familiares
2615 3229 2810 3281 autem
2847 3241 2914 3280 eo
2969 3223 3332 3292 accedentes,
3391 3237 3524 3277 cum
3584 3237 3699 3276 non

293 3297 408 3389 ἐπεὶ
444 3303 521 3374 μή
573 3305 870 3380 συνεχώρει
916 3303 1141 3369 τούτους
1201 3307 1479 3379 εἰσελθεῖν,
1515 3297 1641 3383 ἔξω.
1670 3297 1937 3376 πολλάκις

2056 3317 2269 3373 sineret
2297 3315 2546 3389 ingredi,
2579 3319 2741 3370 extra
2768 3313 3012 3368 domum
3046 3315 3245 3367 noctes
3277 3310 3699 3383 persznpedies-

295 3388 509 3464 ἡμέρας
538 3391 631 3446 καὶ
671 3391 867 3456 νύκτας
913 3395 1446 3467 ποιοῦντες,ἤκουον
1489 3399 1564 3462 ὡς
1622 3395 1810 3477 ὄχλων
1856 3397 1937 3458 ἔν-

2056 3424 2167 3479 que
2197 3388 2521 3478 transigere
2551 3403 2756 3474 coacti,
2805 3402 3121 3458 audiebant
3151 3399 3319 3474 quasi
3374 3401 3580 3456 turbas
3609 3403 3702 3454 tu-

295 3476 388 3534 δον
451 3475 848 3556 θορυϐούντων,
881 3485 1252 3556 κτυπούντων,
1295 3489 1478 3565 φωνὰς
1535 3475 1797 3567 ἀφιέντων
1858 3494 1937 3547 οἱ-

2056 3495 2356 3564 multuari,
2389 3495 2700 3567 strepitum
2734 3493 2922 3563 edere,
2955 3508 3125 3548 voces
3163 3490 3432 3546 emittere
3478 3489 3700 3544 lamen-

292 3569 501 3678 κτριὶις,κ
683 3573 1022 3678 κρριζόντων.
1070 3575 1312 3632 Ἀπόστα
1366 3582 1474 3632 τῶν
1525 3581 1830 3658 ἡμετέρων·
1887 3583 1937 3637 τί

2056 3584 2284 3657 tabiles,
2317 3585 2602 3640 clamare:
2635 3584 2677 3639 E
2709 3582 2930 3639 nostris
2961 3580 3163 3637 recede
3219 3579 3494 3636 sedibus:
3558 3577 3701 3649 quid

299 3659 383 3713 σοὶ
413 3659 502 3713 καὶ
540 3662 614 3734 (8)
643 3665 711 3736 τῇ
743 3660 979 3746 ἐρήμῳρ
1011 3663 1072 3719 οὐ
1128 3666 1306 3743 φάρεις
1348 3668 1511 3740 ἡμῶν
1567 3669 1665 3737 τήν
1720 3665 1937 3725 ἐπιϐου-

2056 3675 2159 3731 tibi
2191 3691 2324 3731 cum
2357 3672 2598 3730 eremo?
2630 3676 2862 3729 nostras
2893 3686 3199 3742 nunquam
3234 3670 3384 3724 feres
3426 3667 3698 3722 insidias.

302 3749 431 3821 λήν.
465 3752 579 3821 Τὴν
612 3752 706 3826 μὲν
740 3751 831 3808 οὗν
865 3754 1042 3830 ἀρχὴν
1073 3754 1202 3810 εἶναί
1245 3777 1390 3818 τινας
1434 3756 1524 3812 σὺν
1570 3759 1720 3832 αὖτῷ
1773 3780 1937 3836 μαχο-

2056 3766 2124 3819 Ει
2151 3763 2318 3819 initio
2342 3764 2578 3835 quidem
2612 3763 2712 3834 qui
2736 3763 2975 3817 stabant
3006 3760 3166 3829 foris,
3193 3758 3482 3829 putabant
3512 3756 3702 3811 homi-

305 3838 498 3913 μὲνους
556 3841 898 3920 ἀνθρώπους,
951 3845 1041 3898 καὶ
1088 3845 1314 3908 τούτους
1359 3843 1449 3900 διὰ
1495 3848 1779 3921 κλιμάκων
1832 3850 1937 3905 εἷ’σ-

2056 3870 2160 3910 nes
2187 3853 2349 3908 intus
2379 3869 2507 3908 esse
2526 3850 2626 3924 qui
2657 3868 2790 3906 cum
2810 3850 2906 3906 illo
2928 3851 3352 3916 concertarent,
3372 3861 3438 3900 ac
3451 3861 3553 3916 per
3578 3860 3704 3899 sca-

303 3927 628 4000 εληλυθὲναι
658 3933 795 4006 πρὸς
826 3933 986 3988 αὐτὸν
1020 3933 1268 4008 ἐνόμιζον
1304 3937 1354 3990 οἱ
1382 3930 1594 4009 ἔξωθεν·
1628 3939 1702 4001 ὡς
1755 3936 1813 3994 δὲ
1859 3938 1937 3994 διά

2056 3941 2143 3998 las
2173 3943 2325 3998 intro
2356 3939 2834 4008 dcscendissent;
2869 3945 3223 4012 poteaquam
3273 3951 3406 3990 vero
3460 3949 3564 4004 per
3620 3933 3704 3987 fo-

299 4039 444 4082 τινος
490 4027 797 4095 τρυμαλιᾶς
842 4022 1270 4100 παρακύψαντες,
1303 4022 1490 4081 οὐδένα
1539 4021 1795 4099 ἔϐλεπον,
1823 4029 1937 4085 τότε

2056 4047 2256 4087 ramen
2287 4030 2930 4102 introspexerunt,tum
2955 4028 3078 4084 viso
3102 4024 3358 4094 nemine,
3374 4021 3705 4077 intellexere

376 4173 466 4229 12.
497 4173 716 4260 Dehinc
748 4192 862 4260 non
896 4181 962 4232 ut
980 4182 1116 4260 anie
1143 4178 1517 4260 phantasiam
1553 4181 1650 4260 (9),
1685 4184 1786 4238 sed
1828 4184 2123 4260 ingentem
2172 4181 2298 4238 auri
2347 4198 2616 4260 massam
2652 4182 2945 4260 jacentem
3004 4179 3064 4233 in
3123 4177 3350 4260 itinere.
3379 4171 3700 4254 conspexit.

376 4195 466 4229 ιι.
497 4195 716 4231 ueninc
748 4195 862 4231 non
896 4195 962 4232 ut
983 4195 1116 4260 ante
1142 4195 1517 4305 pnantasiam
1553 4195 1650 4252 (υ),
1685 4195 1786 4238 sed
1828 4195 2123 4252 ingentem
2172 4199 2298 4238 auri
2347 4198 2606 4238 massam
2652 4195 2945 4253 Jacentem
3004 4196 3064 4233 1n
3123 4195 3331 4233 itinere
3379 4195 3700 4245 conspexu.

297 4244 516 4334 verum
548 4247 697 4334 hanc
729 4250 1136 4334 utrumdiabo
1165 4268 1234 4334 u_s
1265 4251 1649 4334 simulaverit,
1681 4256 1849 4334 an_ad
1879 4256 2196 4334 Antonium
2221 4254 2749 4334 comprobandum,
2769 4253 2908 4334 quia
2931 4267 3034 4333 nec
3057 4250 3212 4334 veris
3238 4247 3446 4320 opibus
3478 4245 3705 4334 inesca-

300 4322 485 4405 ιξεῖῑξξζ,
515 4319 982 4405 Virtusfm‘lestis
1012 4323 1354 4405 ostenderit,
1384 4317 1725 4405 ignoratur:
1759 4326 2128 4405 hoc__tantum
2161 4317 2526 4398 agnovimus,
2562 4325 2701 4405 quia
2732 4317 2884 4405 quod
2911 4325 3101 4405 visum
3133 4325 3242 4405 est,
3276 4317 3509 4405 ὀυκ-μω
3568 4317 3700 4405 fuit;

296 4393 373 4478 λι
399 4389 494 4478 ilie
527 4391 990 4464 magnitudinem
1009 4389 1356 4478 admiratus
1373 4389 1658 4478 radiant-is
1690 4399 1933 4478 metaili,
1966 4400 2170 4478 rapido
2198 4389 2403 4478 cursu,
2437 4389 2936 4478 quasique-(idem
2969 4396 3176 4478 vitaret
3215 4391 3572 4478 inpendium,
3632 4390 3701 4478 ad

298 4467 557 4550 montem
590 4481 776 4550 usque
799 4465 1070 4550 perrexit,
1103 4467 1302 4550 ibique
1322 4467 1564 4550 ﬂumine
1592 4472 1990 4550 transvadato,
2019 4465 2242 4550 invenit
2271 4465 2578 4550 castellum
2610 4469 2916 4550 desertum
2945 4467 3182 4550 plenum
3216 4465 3310 4550 (ob
3359 4469 3592 4550 tempus
3649 4466 3706 4550 ei

297 4532 700 4620 solitudinem)
732 4532 1155 4620 venenatorum
1185 4532 1553 4620 animalium,
1587 4542 1647 4596 in
1679 4558 1795 4614 quo
1819 4559 1887 4620 se
1919 4532 2280 4600 constituens
2298 4559 2484 4597 novus
2516 4541 2730 4620 hospes
2755 4532 3050 4620 habitavit
3077 4557 3088 4593 :
3115 4532 3445 4620 statimque
3626 4535 3699 4586 ad

302 4607 431 4692 ejus
462 4606 776 4692 adventum
808 4610 1016 4692 ingens
1042 4612 1215 4666 turba
1245 4606 1629 4692 serpentium,
1663 4606 1832 4685 q'uasi
1853 4621 2283 4686 persecutorem
2303 4630 2504 4692 passa,
2537 4606 2921 4692 pro-fugitet
2952 4611 3046 4666 ille
3077 4606 3383 4689 obstructo.
3409 4606 3703 4692 lapidibus

301 4677 565 4764 iptroitu,
591 4696 774 4764 panes
804 4677 1100 4738 mensium
1131 4677 1631 4764 sex,.ut'Thebzs_is
1661 4677 1790 4742 mos
1821 4677 1932 4751 est.
1963 4703 2162 4764 secum
2196 4677 2696 4764 recondensifnam
2711 4677 2931 4764 fcrebro
2963 4700 3067 4756 per
3107 4698 3329 4764 annum
3370 4677 3692 4764 incorrupti

303 4750 516 4807 durare
546 4748 778 4830 solent),
812 4769 917 4809 nec
949 4762 1153 4830 nonet
1182 4748 1456 4830 exiguum
1489 4757 1713 4813 habens
1745 4748 2237 4830 aquae-solitarius
2267 4748 2622 4829 perdurabat
2653 4757 2792 4830 (ti):
2844 4748 3138 4826 nusquam
3184 4755 3317 4830 inde
3358 4748 3698 4830 procedens,

301 4837 606 4907 nunquam
640 4819 896 4907 aliquem
925 4819 1370 4907 suscipiensfin
1401 4832 1634 4885 tantum
1666 4833 1731 4885 ut
1750 4819 1883 4887 cum
1909 4831 1998 4886 bis
2027 4832 2085 4886 in
2117 4819 2394 4903 annoper
2413 4835 2634 4886 tectum
2657 4819 2908 4900 desuper
2936 4819 3116 4900 panes
3137 4819 3440 4896 acciperet,
3471 4819 3703 4874 nullum

298 4909 432 4971 cum
465 4896 863 4971 deferentibus
884 4896 1125 4971 haberet
1146 4898 1492 4971 alloquium.

373 4967 457 5052 13.
492 4967 694 5052 Multis
709 4967 903 5052 igitur
922 4969 1156 5052 videndi
1186 4961 1643 5052 eumdesiderio
1675 4978 1731 5052 et
1760 4974 1956 5052 studio
1988 4973 2344 5052 requirendi,
2371 4976 2503 5028 ante
2519 4971 2747 5052 ‘ostium
2782 4970 2909 5052 ejus
2944 4966 3465 5052 pernocianti‘bu‘s,‘
3501 4961 3700 5052 antiis;

295 5036 611 5124 baﬂu‘lj‘qt
631 5033 787 5124 vulgi
810 5057 980 5124 Voces
1003 5042 1284 5124 adversus
1312 5045 1656 5124 anipnium,
1686 5033 2098 5124 tumultusque
2120 5033 2440 5124 dicentium
2464 5062 2475 5099 :
2504 5045 2662 5124 _Quid_
2689 5033 2990 5124 teOnbstris
3021 5033 3702 5124 ingerishhabitaculis?

299 5111 442 5192 quid
461 5111 580 5192 tibi
611 5117 669 5168 et
699 5107 960 5192 deserto?
980 5116 1228 5173 abscede
1259 5133 1292 5172 a
1319 5117 1534 5173 ﬁnibus
1564 5107 1792 5190 alienis,
1815 5136 1930 5175 non
1957 5107 2123 5192 potes
2155 5118 2366 5192 (12-13)
2388 5107 2620 5173 nostras
2648 5113 2893 5170 insidias
2925 5107 3236 5173 sustinere.
3257 5111 3327 5167 Et
3347 5109 3537 5183 primo
3571 5107 3700 5180 qui-

369 5183 411 5218 “
441 5187 568 5240 Act.
600 5201 725 5252 vm,
749 5185 841 5242 20.

366 5263 452 5348 (5)_
481 5265 575 5320 Sic
621 5266 761 5338 Reg.
795 5267 847 5337 1,
877 5266 935 5334 2,
976 5271 1034 5323 et
1077 5267 1326 5325 Colbert.
1360 5270 1416 5339 2,
1449 5269 1500 5326 3.
1536 5273 1602 5326 In
1636 5270 1828 5342 editis,
1859 5267 1942 5342 εἷή
1977 5281 2024 5348 D

298 5335 480 5391 deest.

365 5408 446 5488 (θ)
480 5406 727 5488 Colberi.
755 5412 810 5488 ἓ,
830 5407 1364 5488 _a61:d._i_nfra_Reg.
1396 5413 1452 5488 2_,
1501 5417 1562 5488 ei
1603 5413 1853 5472 Colbert.
1885 5418 1940 5488 2,

296 5475 658 5562 initiavoiv.
694 5482 843 5562 Editi
877 5487 947 5562 et_
961 5481 1084 5551 alii,
1119 5475 1467 5562 μᾶλλονῃμὶν
1493 5483 1616 5562 οὖν.

363 5553 441 5625 (7)
595 5553 810 5636 ῌεεὶυε
860 5557 1092 5636 primus
1121 5553 1200 5612 'et
1258 5553 1571 5636 Cglbertin.
1610 5558 1939 5636 secundus,

291 5626 469 5702 atque
499 5626 581 5681 ita
607 5626 916 5702 legendum
945 5627 1176 5702 videtur
1199 5643 1267 5684 ex
1296 5628 1558 5702 Evagrio.
1590 5630 1703 5702 Alii
1744 5635 1939 5702 autem

2129 5270 2203 5342 (9)
2235 5268 2328 5342 Sic
2360 5284 2562 5342 omnes
2607 5283 2750 5322 mss.
2813 5264 3070 5322 Bolland.
3109 5281 3288 5342 ivero,
3346 5266 3409 5342 in
3461 5261 3703 5342 phania-

2052 5332 2247 5398 smaie.
2283 5341 2462 5396 Paulo
2493 5346 2626 5412 post
2653 5354 2858 5395 omnes
2879 5356 3046 5409 mss.,
3103 5337 3201 5395 hoc
3240 5341 3481 5406 tantum,
3537 5332 3696 5401 editi,

2053 5415 2152 5470 hoc
2179 5419 2385 5470 tamen.

2149 5486 2236 5557 -t0)
2267 5485 2359 5540 Sic
2398 5498 2601 5557 omnes
2631 5498 2776 5557 mss.
2809 5481 2960 5557 Editi
2992 5498 3143 5557 vero,
3174 5482 3383 5537 statim.

2149 5488 2236 5557 -l0)
2267 5488 2359 5540 Sic
2398 5498 2601 5539 omnes
2631 5498 2776 5538 mss.
2809 5488 2960 5537 Editi
2992 5498 3143 5549 vero,
3174 5488 3342 5537 statin

2150 5559 2236 5626 14)
2259 5558 2455 5614 Graeca
2471 5555 2565 5610 hic
2595 5553 2820 5610 variant
2849 5559 2905 5610 et
2934 5554 3153 5609 fusiora
3183 5558 3342 5609 sunt.

2151 5629 2328 5701 12-13)
2355 5628 2445 5684 Sic
2468 5642 2670 5682 omnes
2700 5643 2868 5693 mss.,
2902 5642 3154 5699 quorum
3201 5631 3342 5682 tam!

2122 5748 2124 5755 ,
2167 5705 2285 5758 ent.
2321 5717 2428 5756 non
2457 5699 2684 5758 poteris.
2718 5698 2897 5758 Editi.
2929 5715 3041 5756 non
3075 5700 3223 5758 potes
3266 5697 3342 5753 hii

2151 5619 2328 5701 ί2ἒ13)
2355 5628 2445 5684 Sic
2468 5642 2670 5701 omnes
2700 5643 2871 5701 mss.,
2902 5642 3159 5701 quorum,
3201 5631 3398 5701 tamen
3420 5619 3692 5701 _quidam

294 5693 525 5774 codices
553 5693 890 5774 cumeditis
919 5703 1052 5771 post
1100 5693 1568 5774 ἐγκαταδυύεῖἱενος
1613 5701 1851 5773 habent,
1884 5699 1937 5757 ἐν
2045 5693 2285 5768 habent,
2311 5693 2428 5756 ἠοη
2454 5699 2684 5774 poieris.
2718 5693 3041 5771 Editi,'non
3068 5700 3223 5771 potes
3266 5697 3357 5753 hic
3412 5693 3690 5761 habitare,

293 5768 921 5914 Tqu‘iogiacnm‘gstnlditi
948 5859 1105 5918 vero,
1135 5843 1256 5901 κᾶν.

2044 5790 2155 5832 non
2176 5777 2401 5832 nostra:
2431 5771 2690 5844 insidias,
2723 5775 2832 5828 etc.
