4074 6358
298 407 418 466 865

1660 402 1847 464 VITA
1889 401 1958 462 S.
2004 401 2353 463 ANTONII.

3589 403 3708 465 866

295 558 408 614 χης
440 533 714 609 δαιμόνων
764 535 1014 596 τοιοῦτος
1077 534 1179 610 γὰρ
1238 534 1331 605 ἦν⁹
1379 531 1491 587 οἷον
1540 531 1632 586 καὶ
1681 532 1787 607 πρὸ
1838 536 1938 601 τῆς

2077 531 2272 606 ιυίρρε
2301 536 2445 605 erat,
2478 534 2710 606 qualem
2746 538 2878 591 ante
2910 549 3208 593 secessum
3239 534 3368 605 ejus
3396 550 3715 607 conspexe.

295 626 700 702 ἀναχωρήσεως
732 619 952 698 ᾔδεισαν
988 622 1169 678 αὐτόν’
1202 629 1304 692 τῆς
1337 619 1405 677 δὲ’
1443 624 1630 697 ψυχῆς
1657 618 1822 675 πάλιν
1853 641 1950 675 κα-

299 717 462 792 θαρὸν
490 714 553 770 τὸ
582 715 731 783 ἦθος
793 710 919 768 οὔτε
969 713 1072 788 γὰρ
1124 712 1199 774 ὡς
1252 712 1354 767 ὑπὸ
1385 711 1531 773 ἀνίας
1583 707 1951 783 συνεσταλμέ-

297 826 387 861 νον
419 807 533 874 (25)
564 805 653 873 ἦν,
687 798 811 857 οὕτε
866 802 951 879 ὑφ’
997 800 1203 871 ἡδονῆς
1243 798 1659 875 διακεχυμένον,
1694 798 1816 854 οὕτε
1847 798 1949 853 ὑπὸ

297 894 541 972 γέλωτος
574 892 610 961 ἢ
641 891 935 969 κατηφείας
968 890 1357 967 συνεχόμενονο
1413 886 1537 944 οὔτε
1564 889 1664 963 γὰρ
1696 888 1951 964 ἑωρακὼς

297 984 393 1039 τόν
425 978 599 1058 ὄχλον
629 979 929 1055 ἐταράχθη,
959 977 1083 1035 οὕτε
1114 978 1188 1041 ὠς
1219 979 1323 1034 ὑπὸ
1350 976 1623 1033 τοσούτων
1677 996 1949 1032 κατασπα-

302 1073 528 1146 ζόμενος
560 1069 821 1145 ἐγεγήθειο
849 1066 975 1124 ἀλλ’
1008 1066 1137 1131 ὅλος
1172 1070 1282 1142 (26)
1313 1067 1379 1136 ἦν
1407 1064 1551 1134 ’ίσος,
1586 1065 1662 1127 ὡς
1704 1066 1807 1119 ὑπὸ
1853 1069 1950 1119 :06

301 1161 467 1236 λόγου
510 1153 966 1232 κυϐερνώμενος,
1010 1156 1100 1212 καὶ
1152 1155 1203 1211 ἐν
1251 1160 1331 1229 τῷ
1379 1154 1514 1210 κατά
1558 1154 1712 1231 φύσιν
1760 1154 1948 1215 ἑστώς.

300 1247 555 1311 Πολλοὺς
603 1251 735 1323 γοῦν
784 1250 890 1301 τῶν
940 1246 1224 1321 παρόντων
1273 1246 1342 1298 τὰ
1385 1244 1611 1315 σώματα
1639 1243 1950 1317 πάσχοντας

298 1338 644 1414 ἐθεράπευσεν
680 1337 708 1390 6
739 1334 937 1410 Κόριος
969 1332 1038 1388 δι’
1070 1334 1254 1389 «6:06'
1288 1332 1379 1387 καὶ
1420 1331 1624 1393 ἄλλους
1672 1330 1779 1385 ἀπὸ
1833 1327 1953 1385 δαι-

302 1428 481 1502 μόνων
517 1425 822 1501 έκαθάρισε.
873 1423 1039 1501 Χάριν
1091 1444 1148 1478 τε
1197 1421 1251 1477 ἐν
1299 1422 1379 1494 τῷ
1426 1418 1616 1476 λαλεῖν
1649 1417 1828 1474 ἐδίδου
1875 1423 1953 1495 τῷ

297 1515 595 1588 Ἀντωνίῳο
642 1514 734 1569 καὶ
784 1508 927 1567 οὕτω
971 1510 1222 1573 πολλοὺς
1277 1510 1370 1584 μὶν
1414 1508 1789 1584 λυπουμένους
1816 1528 1953 1585 παρ-

268 1606 576 1678 ⁹εμυθεῖτο,
612 1599 817 1663 ἄλλους
850 1598 907 1656 δὲ
958 1599 1308 1676 μαχομένους
1358 1596 1684 1669 διήλλαττεν
1744 1595 1819 1659 ε’ίς
1866 1619 1955 1674 φι-

298 1692 441 1749 λίαν·
495 1696 653 1748 πᾶσιν
704 1688 972 1765 ἐπιλέγων
1029 1687 1198 1763 μηδὲν
1248 1693 1354 1743 τῶν
1398 1687 1448 1742 ἐν
1496 1691 1574 1759 τῷ
1604 1688 1797 1760 κόσμῳ
1825 1706 1957 1762 προ-

299 1782 498 1860 κρίνειν
530 1788 632 1851 τῆς
664 1779 739 1842 εἷς
774 1779 1012 1854 Χριστὸν
1044 1778 1285 1853 ἀγάπης.
1320 1775 1713 1851 Διαλεγόμενος
1764 1773 1822 1829 δὲ
1861 1775 1953 1829 καὶ

2060 626 2208 678 rant.
2252 623 2449 678 Animi
2508 624 2649 679 item
2710 624 2841 697 puri
2902 640 3094 680 mores
3149 628 3354 689 erant;
3411 640 3547 680 nam
3602 640 3711 680 nec

2060 727 2306 767 maerore
2338 712 2753 791 coarctari,neo
2783 712 3184 784 voluptatibus
3203 712 3490 779 difﬂuere,
3523 730 3714 785 neque

2057 799 2147 854 vel
2177 800 2386 871 risum,
2417 801 2507 859 vel
2537 801 2839 857 tristitiam
2863 802 3153 874 praeferre,
3186 817 3375 872 neque
3405 808 3716 876 conspecta

2023 886 2032 894 ’
2060 888 2438 945 multitudine
2467 890 2716 954 turbari,
2748 907 2938 961 neque
2977 895 3141 945 tanta
3184 888 3569 945 salutantium
3603 892 3716 946 fre-

2059 978 2300 1049 quentia
2329 978 2513 1033 laatari
2542 979 2701 1034 visus
2728 980 2951 1035 est.Sed
2977 978 3281 1050 aequabilis
3303 981 3544 1036 omnino
3567 985 3714 1048 erat,

2061 1072 2263 1140 utpote
2291 1068 2392 1139 qui
2426 1068 2649 1124 ratione
2678 1074 3055 1139 regeretur,el
3086 1085 3318 1138 equum
3354 1074 3572 1124 natura
3604 1074 3717 1124 sta-

2059 1161 2186 1211 tum
2216 1156 2714 1213 servaret.Multos
2746 1159 2942 1229 itaque
2970 1173 3209 1229 corpore
3232 1174 3334 1229 per
3355 1174 3486 1213 eum
3525 1159 3717 1213 Domi-

2062 1262 2175 1300 nus
2190 1246 2417 1301 sanavit
2433 1264 2445 1301 :
2461 1245 2607 1302 alios
2626 1246 2992 1301 daemonibus
3011 1245 3560 1303 liberavitGratiam
3577 1247 3717 1304 item

2062 1335 2316 1390 Antonio
2376 1334 2629 1405 loquenti
2691 1335 2930 1390 dederat
2980 1334 3302 1403 Dominus;
3364 1341 3427 1391 ut
3486 1342 3719 1392 mmstos

2064 1422 2351 1493 plurimos
2379 1420 2819 1477 consolaretur:
2855 1426 3261 1478 concertantes
3306 1422 3449 1478 alios
3480 1424 3718 1479 reduce-

2064 1510 2238 1565 retin
2271 1509 2616 1576 amicitiam,
2650 1510 2895 1565 hortans
2938 1526 3144 1565 omnes
3174 1518 3238 1565 ut
3291 1511 3435 1565 nihil
3469 1512 3718 1566 munda-

2065 1616 2275 1655 narum
2308 1616 2503 1655 rerum
2561 1599 2918 1655 anteferrent
2971 1598 3242 1654 charitati
3294 1598 3529 1655 Christi.
3576 1604 3721 1655 Cum

2063 1694 2258 1745 autem
2291 1689 2444 1744 inter
2497 1687 2858 1760 loquendum
2910 1688 3102 1743 futura
3166 1693 3519 1745 memoraret
3548 1690 3721 1755 bona,

2065 1793 2171 1832 nec
2200 1793 2314 1832 non
2352 1778 2446 1833 Dei
2499 1794 2637 1849 erga
2680 1794 2785 1832 nos
2848 1793 3131 1848 amorem,
3166 1779 3259 1848 qui
3307 1779 3536 1849 proprio
3567 1781 3725 1835 644

301 1875 580 1944 παραινῶν
652 1867 1015 1942 μνημονεύειν
1075 1870 1190 1940 (27)
1266 1865 1389 1941 περὶ
1459 1870 1562 1919 τῶν
1645 1864 1955 1938 μελλόντων

2077 1867 2204 1921 Filio
2232 1881 2343 1921 non
2394 1868 2655 1951 pepercit,
2686 1865 2779 1920 sed
2834 1881 2933 1936 pro
2989 1865 3149 1921 nobis
3206 1866 3458 1921 omnibus
3493 1867 3727 1924 tradidit

305 1963 514 2036 ἀγαθῶν
546 1959 639 2015 καὶ
688 1965 788 2028 τῆς
839 1956 918 2019 είς
967 1958 1116 2029 ἡμᾶς
1147 1956 1447 2032 γενομένης
1474 1958 1570 2009 :06
1597 1958 1729 2009 Θεοῦ
1761 1952 1955 2031 φιλαν-

305 2049 573 2124 θρωπίας,
647 2048 706 2108 ὃς
775 2045 875 2101 οὐκ
956 2044 1199 2124 ἐφείσατο
1265 2049 1363 2099 :06
1424 2041 1564 2099 ἰδίου
1614 2043 1762 2115 Γὶοῦ,
1830 2042 1958 2097 ἅλμ’

306 2139 441 2213 ὑπὲρ
500 2140 660 2210 ἡμῶν
716 2133 931 2190 πάντων
990 2130 1304 2210 παρέδωκεν
1349 2131 1539 2187 αὐτόν’
1592 2125 1771 2186 ἔπεισε
1818 2138 1956 2185 πολ-

305 2226 437 2288 λοὺς
469 2227 794 2300 αἱρήσασθαι
839 2223 928 2278 τὸν
986 2223 1203 2298 μονήρη
1259 2220 1391 2296 βίον·
1441 2220 1532 2275 καὶ
1562 2218 1705 2274 οὕτω
1759 2218 1951 2274 λοιπὸν

301 2314 486 2392 γέγονε
531 2313 621 2369 καὶ
666 2312 718 2368 ἐν
766 2317 883 2373 τοῖς
933 2307 1081 2387 ὄρεσι
1134 2312 1491 2383 μοναστήρια,
1536 2309 1627 2363 καὶ
1676 2311 1711 2379 ἠ
1746 2304 1953 2383 ἔρημος

2069 1955 2231 2010 illum
2249 1956 2331 2021 3‘;
2367 1954 2573 2009 multis
2606 1954 2900 2026 persuasit
2930 1954 3316 2010 monasticam
3349 1959 3414 2009 ut
3443 1954 3727 2028 eligerent

2065 2044 2247 2098 vitam
2274 2061 2287 2098 :
2321 2046 2497 2114 atque
2521 2044 2599 2098 ita
2622 2043 2860 2097 demum
2885 2042 2943 2096 in
2969 2042 3271 2098 montibus
3302 2059 3536 2115 quoque
3568 2047 3726 2100 exci-

2064 2137 2187 2188 tata
2217 2137 2358 2187 sunt
2401 2131 2782 2202 monasteria,
2815 2148 2969 2187 erem
2983 2147 3169 2202 usque
3200 2148 3234 2186 a
3281 2132 3586 2189 monachis
3615 2134 3726 2189 ha-

2065 2222 2251 2277 bitata
2280 2224 2388 2291 est,
2422 2221 2521 2292 qui
2558 2220 2782 2276 relictis
2814 2220 2941 2275 suis
2976 2220 3274 2291 omnibus,
3306 2221 3525 2276 caelesti
3554 2222 3730 2279 insti-

2067 2315 2196 2366 tuto
2228 2326 2441 2366 nomen
2474 2309 2714 2365 dabant.

304 2402 568 2475 ἐπολίσθη
644 2401 749 2457 ὑπὸ
802 2402 918 2474 (28)
971 2404 1254 2475 μοναχῶν,
1301 2397 1626 2472 ἐξελθόντων
1687 2398 1793 2452 ἀπὸ
1850 2402 1955 2452 τῶν
2017 2394 2193 2466 ἰδίων,
2223 2397 2315 2452 καὶ
2348 2398 2815 2473 ἀπογραψαμένων
2870 2398 2970 2467 τὴν
3032 2395 3083 2450 ἐν
3144 2402 3261 2458 τοῖς
3316 2396 3568 2474 οὐρανοῖς
3625 2420 3728 2454 1:0-

309 2491 717 2654 λιίἓῗνλζρείας
769 2574 827 2632 δὲ
870 2577 1168 2651 γενομένης
1227 2572 1459 2630 διελθεῖν
1511 2574 1669 2629 αὐτὸν
1718 2575 1817 2644 τήν
1865 2579 1963 2631 :06

306 2666 658 2744 Ἀρσινοΐτου
726 2663 974 2741 διώρυγα
1029 2663 1214 2740 (χρεία
1259 2660 1316 2718 δὲ
1359 2663 1426 2732 ἦν
1475 2665 1510 2733 ἡ
1557 2667 1667 2718 τῶν
1713 2661 1960 2742 ἀδελφῶν

310 2758 637 2829 ἐπίσκεψις),
680 2753 904 2829 πλήρης
956 2753 1022 2824 ἦν
1073 2756 1108 2823 ἡ
1160 2750 1359 2825 διώρυξ
1406 2748 1804 2826 κροκοδείλων.
1864 2751 1962 2806 Καὶ

319 2847 484 2921 μόνον
538 2844 851 2916 εὐξάμενος,
912 2837 1066 2912 ἐνέϐη
1117 2841 1277 2902 αὐτός
1318 2861 1378 2895 τε
1425 2840 1514 2895 καὶ
1550 2839 1754 2908 ,πάντες
1785 2842 1836 2895 οἱ
1869 2841 1960 2896 σὺν

311 2936 482 3008 αὐτῷ,
522 2934 615 2990 καὶ
659 2930 887 3003 διῆλθον
938 2925 1219 2992 ἀϐλαϐεῖς.
1269 2931 1633 3005 Ὑποστρέψας
1684 2927 1741 2984 δὲ
1788 2930 1863 2991 εἰς
1901 2934 1963 2984 τὸ

2146 2577 2234 2631 15.
2266 2576 2515 2632 Necesse
2570 2591 2704 2631 cum
2760 2580 2915 2632 esset
2973 2581 3039 2632 ut
3064 2576 3494 2634 Arsenoiticum
3553 2595 3725 2634 cana-

2073 2664 2187 2720 lem
2220 2669 2610 2721 transmearet
2652 2666 2743 2737 (ex
2795 2682 2907 2721 usu
2968 2666 3185 2738 quippe
3238 2667 3481 2722 fratrum
3511 2672 3634 2724 erat
3666 2673 3730 2724 ut

2073 2754 2352 2809 inviseret
2410 2753 2585 2825 illos),
2646 2754 2987 2826 canalisque
3042 2754 3479 2829 crocodilorum
3517 2756 3727 2827 plenus

2072 2847 2247 2913 esset,
2280 2847 2512 2898 tantum
2545 2847 2818 2914 precatus
2862 2828 3222 2908 conscendit,
3256 2847 3429 2915 atque
3459 2828 3593 2900 cum
3626 2863 3727 2902 so-

2074 2931 2178 2988 ciis
2211 2932 2486 2987 omnibus
2519 2932 2894 3003 pertransivit
2915 2932 3154 2988 illaesus.
3189 2933 3476 2987 Reversus
3505 2934 3575 2989 ad
3600 2951 3724 2989 mo-

312 3025 699 3100 μοναστήριον,
730 3026 841 3076 τῶν
874 3019 1051 3075 αὐτῶν
1085 3017 1268 3095 εἴχετο
1300 3023 1511 3093 σεμνῶν
1557 3018 1649 3074 καὶ
1698 3023 1956 3074 νεανικῶν

2077 3023 2397 3078 nasterium
2430 3022 2711 3094 pristinos
2730 3021 2961 3078 labores
2991 3027 3226 3079 strenue
3256 3023 3599 3096 fortiterque
3629 3026 3727 3080 ad-

312 3113 520 3169 πόνων.
568 3108 971 3184 Διαλεγόμενός
1014 3129 1075 3164 τε
1126 3112 1391 3184 συνεχῶς,
1437 3112 1545 3162 τῶν
1583 3107 1679 3181 μὶν
1708 3105 1815 3177 ἤδη
1856 3129 1961 3181 μο-

307 3207 493 3277 ναχῶν
541 3202 640 3270 τὴν
692 3198 999 3275 προθυμίαν
1049 3194 1284 3268 ηὔξανε,
1330 3201 1441 3251 τῶν
1493 3192 1551 3250 δὲ
1602 3194 1788 3252 ἄλλων
1832 3197 1961 3260 τοὺς

309 3290 600 3352 πλείστους
628 3287 704 3351 εἷς
736 3283 915 3364 ἔρωτα
939 3290 1041 3353 τῆς
1072 3286 1349 3357 ἀσκήσεως
1376 3285 1559 3357 ἐκίνει,
1588 3285 1678 3340 καὶ
1720 3287 1959 3364 ταχέως,

310 3378 575 3441 ἕλκοντος
603 3382 700 3433 :06
734 3376 926 3452 λόγου,
957 3374 1187 3431 πλεῖστα
1222 3373 1408 3451 γέγονε
1463 3376 1820 3451 μοναστήρια,
1871 3376 1961 3431 καὶ

311 3467 529 3524 πάντων
557 3466 734 3522 αὐτῶν
769 3466 844 3527 ὡς
867 3465 1048 3540 πατὴρ
1079 3469 1392 3539 καθηγεῖτο.

389 3559 618 3626 16.Μιᾷ
665 3558 794 3630 γοῦν
853 3552 1037 3628 ἡμέρᾳ
1086 3551 1391 3630 φροελθὼν,
1442 3550 1532 3606 καὶ
1586 3550 1800 3607 πάντων
1853 3558 1962 3608 τῶν

321 3646 578 3718 μοναχῶν
642 3635 909 3696 ἐλθόντων
958 3638 1096 3717 πρὸς
1157 3638 1339 3712 αὐτὸν,
1388 3638 1681 3712 ἀξιούντωθ
1731 3661 1791 3695 τε
1838 3642 1965 3716 παρ’

2071 3112 2157 3166 iit.
2194 3112 2624 3183 Frequentibus
2653 3117 2848 3166 autem
2885 3110 3214 3183 colloquiis,
3240 3128 3439 3167 eorum
3475 3113 3574 3183 qui
3603 3114 3725 3182 jam

2073 3200 2345 3256 monachi
2402 3204 2568 3255 erant
2628 3202 2791 3255 auxit
2844 3200 3227 3270 alacritatem,
3289 3200 3535 3257 aliorum
3593 3218 3728 3258 vero

2073 3288 2361 3361 plurimos
2391 3290 2463 3344 ad
2513 3290 2773 3345 asceticze
2820 3289 2953 3345 vitae
3010 3306 3271 3345 amorem
3302 3289 3729 3359 inflammavit;

2073 3379 2155 3434 ita
2184 3382 2249 3433 ut
2279 3379 2407 3450 ejus
2437 3396 2619 3435 suasu
2648 3378 2806 3434 brevi
2840 3377 3093 3450 plurima
3118 3379 3325 3434 ﬁerent
3353 3382 3730 3450 monasteria,

2074 3468 2292 3539 quibus
2320 3467 2597 3523 omnibus
2630 3467 2799 3539 quasi
2834 3472 2998 3539 pater
3031 3468 3155 3540 ipse
3185 3474 3447 3540 praeerat.

2153 3558 2232 3610 16.
2267 3555 2486 3627 Aliqua
2541 3556 2635 3611 die
2692 3572 3061 3629 progressus,
3119 3556 3426 3613 monachis
3456 3557 3734 3615 omnibus

2075 3645 2146 3699 ad
2181 3660 2316 3700 eum
2348 3644 2783 3713 accedentibus,
2813 3645 3298 3717 rogantibusque,
3350 3650 3414 3701 ut
3442 3662 3579 3703 eum
3610 3663 3734 3705 ser-

1735 3740 1827 3795 VE
1837 3740 1993 3797 RSIO
2033 3741 2328 3797 EVAGRII

321 3839 543 3896 caelesti
574 3838 741 3915 aditur
764 3840 1139 3915 consecratus
1168 3836 1461 3915 apparuit.
1488 3835 1949 3915 _Ob_stupuerunt
1979 3839 2237 3894 universi
2269 3843 2325 3894 et
2356 3838 2474 3915 oris
2504 3838 2754 3915 gratiam
2804 3843 2863 3915 et
2890 3840 3149 3915 corporis
3181 3839 3548 3915 dignitatem,
3580 3844 3736 3915 quod

321 3929 430 3968 nec
461 3928 563 3984 per
592 3912 850 3982 quietem
879 3908 1266 3984 intumuerat,
1294 3924 1399 3964 nec
1419 3908 1666 3984 jejuniis
1698 3908 2166 3984 'dzemonumque
2203 3908 2532 3966 certamine
2578 3910 2780 3966 faciem
2815 3913 2943 3980 ejus
2975 3908 3163 3982 pallor
3191 3908 3539 3984 obsederat;
3570 3908 3669 3970 sed
3705 3931 3736 3971 e

318 3982 612 4039 contrario
643 3984 814 4054 quasi
844 3982 989 4054 nihil
1024 3983 1304 4054 temporis
1335 3982 1960 4054 exegissenantiquus
1993 3983 2394 4037 membrorum
2423 3984 2597 4038 decor
2629 3985 3050 4054 perseverabat.
3086 3982 3272 4038 Proh!
3307 3991 3529 4054 quanta
3560 3987 3736 4042 mira-

316 4056 451 4111 cula
480 4054 627 4128 (29)!
660 4051 789 4125 qua
819 4054 878 4108 in
911 4053 1011 4128 illo
1044 4051 1226 4128 animi
1259 4051 1483 4123 paritas
1518 4052 1671 4128 fuit:P
1718 4051 2032 4124 Nunquam
2067 4054 2360 4128 hilaritate
2413 4055 2602 4128 nimia
2630 4051 2926 4128 resolutus
2957 4056 3033 4128 in_
3068 4055 3251 4128 risum
3283 4051 3391 4123 θέε,
3427 4073 3733 4128 nunquam

314 4123 717 4183 recordatione
749 4125 969 4195 peccati
1000 4124 1241 4179 tristitia
1273 4141 1374 4179 ora
1406 4123 1716 4196 contraxit,
1749 4123 2131 4195 non’magnis
2163 4126 2530 4196 stupentium
2563 4142 2624 4180 se
2655 4125 2843 4181 elatus
2902 4134 2992 4181 est
3021 4126 3296 4181 laudibus
3326 4144 3338 4181 :
3375 4127 3517 4182 nihil
3550 4123 3606 4182 in
3635 4129 3736 4185 illo

312 4198 594 4255 indecens
620 4194 899 4270 solitudo,
933 4196 1078 4251 nihil
1110 4212 1383 4270 asperum
1418 4194 1760 4270 quotidiana
1782 4213 1918 4251 cum
1945 4194 2223 4270 hestibus
2244 4194 2395 4251 bella
2426 4197 2834 4262 contulerant;
2860 4198 2957 4251 sed
2983 4204 3308 4270 temperata
3328 4215 3492 4254 mens
3523 4200 3733 4270 aequali

310 4271 385 4325 ad
419 4273 630 4325 cuncta
653 4269 955 4342 ferebatur
981 4266 1270 4342 eaamine.
1306 4266 1605 4342 Plurimos
1628 4266 1808 4338 igitur
1832 4269 1910 4342 ab
1941 4268 2267 4342 immundis
2301 4270 2610 4340 spiritibus
2640 4275 2697 4323 et
2729 4266 3176 4342 inﬁrmitatibus
3205 4269 3382 4342 variis
3416 4271 3512 4324 Dei
3544 4266 3733 4342 grati-1

310 4359 417 4426 per
449 4341 771 4426 Antonium
804 4339 1089 4426 liberavit.
1122 4340 1325 4426 Sermo
1356 4341 1486 4407 ejus
1510 4337 1680 4426 sale:
1700 4340 1973 4426 conditus
2006 4337 2421 4426 consolabatur
2475 4346 2735 4426 mmstos,
2768 4342 3014 4426 docebat
3069 4340 3312 4426 inscios,
3345 4337 3737 4399 concor'dabat

309 4408 530 4469 iratos:
565 4413 842 4468 omnibus
872 4413 1129 4467 suadens
1160 4410 1307 4466 nihil
1338 4409 1524 4482 amori
1551 4408 1764 4466 Christi
1820 4413 2321 4482 anteponendum.
2355 4408 2839 4482 Pr0ponebat’que
2896 4418 3031 4467 ante
3056 4412 3257 4467 oculos
3290 4414 3577 4470 honorum
3612 4431 3734 4471 ma-

307 4484 684 4556 gnitudinem
709 4484 1064 4556 futurorum,
1097 4485 1152 4536 et
1183 4482 1284 4537 Dei
1342 4481 1752 4556 clementiam,_
1770 4488 1827 4537 et
1855 4481 2139 4538 beneﬁcia
2184 4483 2503 4556 retexe-bat
2524 4481 2772 4549 indulta,
2836 4485 2990 4556 quod
3037 4484 3272 4555 proprio
3306 4484 3445 4542 Filio
3478 4504 3584 4543 suo
3615 4504 3732 4542 non

316 4553 639 4628 pepercerit
666 4555 842 4619 Deus,
874 4555 974 4609 sed
1009 4570 1110 4625 pro
1142 4560 1344 4609 nostra
1372 4554 1638 4628 omnium
1671 4553 2022 4628 saluteeum
2069 4553 2406 4628 tradiderit._
2460 4554 2574 4628 Nec
2610 4553 2995 4628 mora,hp‘lura
3041 4553 3421 4611 audientium
3454 4560 3631 4613 corda
3661 4560 3732 4613 ad

308 4624 704 4701 humanarum
739 4642 948 4701 rerum
973 4624 1373 4701 centemptum
1406 4624 1528 4680 haec
1560 4624 1690 4701 ejus
1719 4624 1904 4680 suasit
1932 4627 2155 4701 oratio:
2186 4630 2244 4681 et
2273 4625 2604 4701 habitandas
2635 4626 2812 4701 eremi
2845 4628 3003 4683 istud
3039 4629 3343 4701 exordium
3379 4629 3487 4684 fuit
3515 4631 3651 4701 (3U).

384 4700 469 4754 15.
502 4698 648 4762 Quid
682 4714 823 4753 sane
849 4703 906 4752 et
935 4698 993 4751 in
1030 4697 1468 4751 Arsenoitarum
1517 4695 1731 4766 oppido
1763 4702 1996 4767 gestum
2029 4696 2105 4752 sit
2153 4714 2266 4752 non
2300 4696 2564 4752 transibo
2621 4697 2853 4753 silentio
2885 4716 2897 4754 :
2934 4715 3092 4766 nam,
3147 4717 3280 4754 cum
3313 4695 3728 4756 fratres‘ve'llet

309 4770 580 4837 invisere,
614 4775 673 4825 et
705 4769 958 4824 rivulum
993 4768 1106 4823 Nili
1136 4768 1271 4839 (3|),
1295 4769 1391 4841 qui
1425 4766 1823 4841 crocodilisuet
1848 4768 2056 4824 multis
2082 4769 2211 4837 ejus
2242 4768 2506 4841 ﬂuminis
2532 4769 2734 4825 bestiis
2759 4769 2969 4841 plenus
3000 4775 3145 4835 erat,
3176 4771 3555 4826 transvadare
3576 4775 3732 4826 esset

310 4857 574 4905 necesse,
607 4846 727 4896 tam
759 4857 895 4896 cum
925 4838 1244 4913 comitibus
1274 4838 1402 4894 suis
1434 4839 1703 4913 transivit
1730 4838 1969 4913 illaesus,
2003 4857 2181 4911 quam
2240 4840 2376 4895 inde
2407 4840 2579 4895 rediit
2610 4838 2948 4897 incolumis.
3005 4843 3351 4913 Rursusque
3380 4843 3438 4895 in
3471 4842 3734 4913 pristinis

306 4913 610 4969 laboribus
642 4928 1042 4983 perseverans.
1078 4912 1296 4966 multos
1332 4911 1668 4983 magisterio
1700 4927 1803 4966 suo
1838 4912 2046 4967 fratres
2101 4912 2491 4978 confirmavit,
2523 4912 2604 4967 ita
2648 4921 2711 4969 ut
2739 4914 2900 4968 brevi
2946 4920 3208 4983 tempore
3241 4911 3495 4983 plurima
3526 4915 3737 4970 fierent

311 4982 687 5053 monasteria,
722 5000 901 5039 novos
932 4983 1323 5055 antiquosque
1355 4982 1676 5038 menachos
1709 5000 1809 5054 pro
1841 4989 2007 5038 aetate
2038 4984 2124 5039 vel
2157 4989 2441 5053 tempore,
2474 4989 2716 5055 paterno
2750 4982 3165 5040 moderabatur
3194 4982 3426 5040 affectu.

383 5058 469 5112 16.
503 5057 767 5123 Quadam
800 5059 998 5111 autem
1028 5053 1122 5110 die
1151 5053 1286 5111 cum
1317 5055 1430 5127 (3'2)
1462 5072 1496 5111 a
1524 5053 1892 5127 congregatis
1926 5056 2207 5111 fratribus
2238 5053 2562 5128 rogaretur,
2600 5062 2664 5111 ut
2710 5057 2795 5112 eis
2827 5056 3189 5112 institutoria
3238 5056 3553 5129 largiretur
3583 5072 3733 5128 prae-

385 5154 432 5189 "
461 5154 632 5210 Rom.
665 5169 791 5222 vm,
823 5153 914 5208 32.

387 5251 500 5323 (25)
530 5249 751 5323 Regius
779 5250 1077 5307 secundus
1106 5253 1164 5323 et
1193 5248 1445 5307 Colbert.
1491 5250 1547 5322 2,
1600 5246 1966 5322 συνεσταλμέ-

308 5343 376 5392 νη
388 5318 401 5355 λ
436 5318 661 5397 διακεχῖυ
672 5321 805 5394 μένη
817 5340 829 5352 ·
860 5342 951 5375 συν
962 5339 1060 5449 allo
1069 5321 1199 5394 μένῃ
1212 5362 1224 5374 .

387 5394 498 5449 (26)
529 5394 742 5449 Reaius
776 5396 826 5449 1.
860 5398 915 5449 et
945 5398 1018 5449 Co
1045 5395 1194 5449 bert.

407 5395 498 5462 26)
529 5390 742 5465 Regius
776 5390 826 5462 1⁷,
860 5398 915 5450 et
945 5390 1197 5450 Colbert.
1227 5395 1281 5463 2,
1310 5390 1478 5454 ὅλως.

409 5467 498 5535 27)
533 5462 744 5539 Regius
772 5468 827 5531 2,
862 5471 920 5539 et
944 5465 1191 5539 Colbert.
1218 5462 1283 5539 _2,
1306 5462 1963 5539 Δμνηιωνεόων,Οῑῐξὶεόειρ

313 5534 805 5612 παραινῶνῖῐῃΐζδθ.
834 5538 1035 5612 iidem,
1068 5537 1143 5612 ᾡς
1175 5535 1275 5612 06x.
1303 5534 1572 5611 ἐφείσατο,
1605 5542 1663 5594 et
1716 5537 1799 5592 ita
1828 5535 1967 5609 legit

314 5604 488 5679 Ev'ag.
526 5610 588 5665 In
619 5608 793 5664 editis
823 5615 881 5665 et
910 5604 1063 5675 aliis,
1096 5607 1154 5668 ὅς
1186 5604 1304 5663 οὒκ.

386 5678 500 5753 (28‘
529 5680 660 5734 Ὑπό
693 5682 857 5737 deest
887 5680 945 5736 in
977 5680 1241 5753 Regio},
1273 5683 1330 5753 et
1353 5678 1605 5736 Colbert.
1637 5681 1690 5734 2.

390 5752 504 5824 (29)
537 5753 627 5809 Sic
652 5768 857 5811 omnes
891 5769 1035 5809 mss.
1069 5750 1349 5809 'Bolland.
1408 5756 1548 5825 pro!
1606 5755 1812 5823 quanto
1860 5752 1968 5806 mi-

2075 5250 2270 5306 raculo
2289 5255 2308 5304 !

2149 5321 2270 5397 (30)
2288 5322 2373 5378 Ita
2408 5338 2635 5397 omnes
2684 5338 2829 5378 mss.
2888 5321 3152 5380 Bolland.
3214 5339 3374 5396 vero,
3423 5323 3572 5381 istud
3614 5324 3733 5397 ejus

2073 5393 2365 5449 exordium
2388 5395 2516 5463 fuit.

2149 5465 2260 5538 (31)
2292 5465 2550 5521 Bolland.
2582 5466 2833 5534 ﬂuminis
2873 5467 3004 5537 Nili,
3041 5483 3182 5523 mss.
3219 5466 3542 5538 sequimur.
3577 5466 3734 5522 Infra

2078 5535 2350 5610 Bolland._
2372 5539 2529 5593 amvi:
2558 5538 2851 5610 ﬂaminia,
2884 5535 3043 5606 Mss.,
3077 5539 3195 5610 ejus
3222 5535 3496 5609 ﬂuminis.

2076 5608 2263 5733 “(32)
2295 5608 2389 5664 Sic
2420 5608 2828 5683 manuscripti.
2858 5608 3174 5668 Bollandus
3194 5608 3352 5679 vero,
3374 5627 3497 5668 cum
3528 5609 3584 5667 S.
3621 5613 3761 5667 .ln-‘

2136 5696 2290 5733 mus.

2099 5694 2290 5736 οηιιιε.
