4074 6342
308 408 429 480 869

1676 415 1863 476 VITA
1913 415 1975 475 S.
2023 413 2370 474 ANTONlI.

3606 419 3740 480 870'

307 547 529 626 χαλκῆς
561 546 839 624 δραχμῆς,
872 545 962 601 ἵνα
1007 544 1243 622 κερδήσῃ
1290 551 1496 623 χρυσᾶς
1545 544 1797 621 δραχμὰς
1839 547 1950 601 ἔκα-

2078 550 2144 602 ut
2174 552 2410 604 centum
2437 563 2644 604 aureas
2674 547 3004 605 lucraretur
3033 565 3046 616 ;
3079 547 3161 604 ita
3188 549 3237 606 si
3279 550 3410 622 quis
3443 551 3723 608 universa)

309 640 426 708 τὸν,
461 637 634 701 οὕτως
658 638 686 692 ὁ
714 638 893 707 πάσης
936 643 1036 706 τῆς
1081 643 1186 711 γῆς
1234 635 1421 710 κύριος
1476 635 1570 704 ὢν,
1603 636 1692 690 καὶ
1725 636 1961 691 ἀποτασ-

2075 639 2240 692 terrae
2291 637 2570 694 dominus
2626 638 2990 694 renuntiaret
3028 637 3136 708 illi,
3169 639 3220 695 is
3281 657 3489 711 parum
3548 641 3721 698 relin-

314 723 543 801 σόμενος
590 726 749 800 αὐτῇ,
804 724 990 801 ὀλίγον
1046 726 1258 804 ἀφίησι,
1299 725 1388 780 καὶ
1434 722 1950 780 ἑκατονταπλασίονα

2071 731 2292 797 queret,
2327 744 2392 782 ac
2437 726 2777 800 centuplum
2836 728 3134 798 reciperet.
3169 730 3330 794 Quod
3393 730 3442 785 si
3501 747 3573 786 ne
3602 736 3725 787 tota

312 811 601 890 λαμϐάνει.
654 815 718 872 Et
766 813 822 871 δὲ
868 813 993 870 οὐδὲ
1039 822 1183 870 πᾶσα
1228 817 1262 884 ἡ
1308 821 1376 890 γῆ
1409 815 1528 886 ἀξίά
1573 820 1680 870 τῶν
1714 815 1956 891 οὐρανῶν

312 906 472 974 ἐστιν,
509 907 536 960 6
585 902 690 981 ἄρα
733 905 885 982 ἀφεὶς
941 904 1131 980 ὀλίγας
1176 903 1430 981 ἀρούρας,
1478 905 1553 966 ὡς
1603 901 1754 960 οὐδὲν
1800 925 1961 959 κατα-

310 993 627 1068 λιμπάνων,
677 993 772 1050 κᾶν
828 994 1001 1050 οἰκίαν
1057 994 1093 1062 ἢ
1142 995 1371 1070 χρυσίον
1427 994 1606 1049 ἱκανὸν
1668 995 1800 1070 ἀφῇ,
1861 993 1959 1048 οὐκ

310 1086 519 1164 ὀιρείλει
551 1089 857 1162 καυχᾶσθαι
906 1089 942 1157 ἢ
995 1083 1243 1158 ἀκηδιᾷν.
1294 1084 1517 1148 ’Ἄλλως
1565 1107 1624 1141 τι
1665 1085 1954 1164 ὀφείλομεν

309 1173 645 1250 λογίζεσθαι,
707 1175 812 1244 ὅτι,
867 1173 963 1230 κᾶν
1027 1176 1102 1248 μὴ
1161 1175 1384 1251 ἀφῶμεν
1443 1173 1513 1230 δι’
1562 1175 1782 1252 ἀρετὴν,
1831 1173 1957 1230 ἀλλ’

307 1263 528 1340 ὕστερον
579 1266 1016 1335 ἀποθνήσκοντες
1083 1265 1570 1338 καταλιμπάνομεν
1626 1264 1759 1320 αὐτὰ
1815 1263 1954 1320 πολ-

306 1351 466 1417 λάκις
493 1355 585 1409 καὶ
617 1357 700 1417 οἷς
733 1354 795 1409 οὗ
829 1353 1083 1428 θέλομεν,
1118 1355 1193 1416 ὡς
1225 1350 1621 1428 ἐμνημόνευσεν
1651 1355 1679 1409 6
1721 1352 1956 1424 Ἐκκλη-

307 1447 554 1514 σιαστής.
589 1446 685 1499 Διά
712 1444 763 1499 τί
790 1444 880 1499 οὖν
918 1446 993 1517 μή
1047 1441 1116 1498 δι’
1168 1443 1361 1520 ἀρετὴν
1412 1446 1577 1517 ἡμεῖς
1609 1443 1954 1517 καταλιμπά-

305 1553 491 1605 νομεν,
515 1531 607 1588 *ίνα
635 1533 724 1587 καὶ
761 1531 1037 1608 βασιλείαν
1061 1533 1573 1607 κληρονομήσωμεν
1608 1553 1621 1603 ;
1656 1536 1754 1588 Διὰ
1793 1538 1954 1588 τοῦτο

313 1620 452 1697 μηδὲ
481 1627 578 1678 τοῦ
607 1622 829 1686 κτᾶσθαί
853 1644 936 1685 τις
986 1625 1145 1696 ἡμῶν
1198 1621 1482 1696 ἐπιθυμίαν
1516 1618 1862 1696 λαμϐανέτω.
1894 1623 1955 1677 Τί

307 1714 412 1786 γὰρ
443 1708 634 1786 κέρδος
663 1716 830 1766 ταῦτα
873 1714 1118 1779 κτᾶσθαι,
1150 1711 1183 1766 ἃ
1231 1709 1371 1784 μηδὲ
1417 1710 1640 1788 α’ίρομεν
1684 1714 1798 1786 μεθ’
1831 1714 1954 1768 έαυ-

303 1805 414 1856 τῶν
452 1821 465 1870 ;
499 1800 551 1855 τί
582 1801 644 1855 οὐ
691 1802 801 1874 (38)
853 1799 1064 1873 μᾶλλον
1115 1799 1292 1855 ἐκεῖνα
1333 1802 1607 1874 κτώμεθα,
1642 1800 1675 1855 ἃ
1704 1803 1794 1856 καὶ
1842 1803 1955 1875 μεθ’

2069 815 2306 884 quidem
2339 821 2490 872 terra
2539 817 2716 888 digna
2748 816 2825 872 sit
2860 831 3037 888 regno
3095 815 3398 884 caelorum,
3433 818 3535 892 qui
3585 836 3719 891 ergo

2069 919 2275 960 aruras
2307 922 2522 974 paucas
2581 904 2878 976 relinquit,
2913 904 3080 976 quasi
3131 905 3280 960 nihil
3339 907 3558 963 amittit
3588 927 3600 964 :
3634 908 3722 965 vel

2067 995 2243 1052 etiam
2276 995 2325 1050 si
2360 992 3007 1064 domum,multumque
3039 993 3165 1049 auri
3189 993 3467 1066 dimittat,
3500 1014 3717 1068 nequa-

2067 1103 2245 1159 quam
2279 1084 2512 1156 gioriari
2543 1085 2736 1155 debet,
2770 1089 2870 1140 aut
2899 1083 3206 1140 remissius
3253 1102 3436 1156 agere.
3474 1089 3540 1142 Et
3570 1088 3717 1144 alio-

2067 1176 2165 1248 qui
2197 1174 2572 1246 cogitandum
2607 1173 2775 1230 nobis
2806 1178 2915 1242 est,
2949 1173 2999 1230 si
3027 1190 3094 1229 ea
3132 1173 3366 1230 virtutis
3399 1192 3576 1232 causa
3598 1193 3715 1232 non

2065 1265 2492 1337 relinquamus,
2527 1267 2713 1320 morte
2755 1263 3079 1320 amissuros
3133 1266 3370 1320 tandem
3404 1283 3509 1322 nos
3567 1285 3717 1344 esse,

2064 1371 2128 1411 ac
2151 1370 2408 1426 persaepe
2445 1353 2664 1426 quibus
2697 1352 2942 1408 minime
2970 1352 3276 1422 vellemus,
3310 1359 3374 1409 ut
3423 1356 3500 1410 ait
3530 1357 3718 1412 Eccle-

2065 1444 2275 1500 siastes
2308 1446 2372 1498 ³⁷.
2407 1446 2524 1500 Cur
2553 1459 2688 1515 ergo
2712 1459 2780 1498 ea
2811 1442 3045 1498 virtutis
3070 1459 3249 1498 causa
3281 1462 3395 1499 non
3430 1445 3720 1518 relinqua-

2065 1537 2292 1602 mus,ut
2325 1531 2485 1606 regni
2510 1531 2871 1604 accipiamus
2895 1531 3714 1606 haereditatemmuapropter,

2066 1641 2137 1679 ne
2167 1639 2338 1694 quem
2373 1627 2640 1678 nostrum
2672 1623 2909 1676 invadat
2939 1621 3277 1693 possidendi
3310 1623 3542 1694 cupido.
3567 1624 3715 1691 Quid

2064 1711 2212 1767 lucri
2242 1728 2310 1768 ea
2338 1711 2583 1783 adipisci
2609 1729 2734 1782 quae
2766 1711 3073 1766 nobiscum
3106 1727 3219 1765 non
3248 1712 3718 1769 auferemus?aut

2067 1817 2170 1856 cur
2187 1818 2298 1856 non
2317 1800 2510 1871 potius
2533 1816 2601 1855 ea
2613 1799 2990 1872 acquiramus
3008 1815 3136 1870 quae
3161 1800 3468 1856 nobiscum
3489 1803 3716 1859 aufere-

307 1890 508 1945 ἒαυτῶν
547 1891 667 1966 ἆραι
720 1885 1012 1962 δυνάμεθα,
1066 1888 1218 1945 ἅτινά
1265 1889 1378 1944 ἐστι
1427 1891 1706 1968 φρόνησις,
1742 1887 1950 1944 δικαιο-

2065 1907 2200 1946 mus
2224 1889 2594 1962 prudentiam
2620 1888 2861 1956 scilicet,
2889 1888 3206 1959 justitiam,
3239 1891 3715 1961 temperantiam,

307 1979 464 2050 σύνη,
519 1977 865 2054 σωφροσύνη,
927 1975 1167 2056 ἀνδρεία,
1226 1979 1453 2049 σύνεσις,
1513 1979 1724 2055 ἀγάπῃ,
1787 1978 1950 2057 φιλο-

304 2067 550 2142 πτωχία,
584 2067 768 2130 πίστις
798 2069 832 2137 ἡ
875 2066 949 2130 εἷς
996 2068 1248 2142 Χριστὸν,
1291 2068 1572 2144 ἀοργησία,
1626 2067 1900 2146 φιλοξενία
1935 2088 1946 2138 ;

306 2161 482 2211 Ταῦτα
532 2155 833 2230 κτώμενοι,
894 2158 1196 2234 εὑρήσομεν
1259 2156 1390 2212 αὐτά
1443 2159 1549 2232 πρὸ
1593 2158 1791 2212 ἑαυτῶν
1841 2157 1951 2213 ἐκεῖ

303 2251 564 2300 ποιοῦντα
592 2248 728 2318 ἡμῖν
763 2245 930 2316 ξενίαν
964 2244 1015 2300 ἐν
1045 2251 1113 2319 τῇ
1142 2251 1212 2320 γῇ
1243 2251 1348 2302 τῶν
1381 2245 1618 2320 πραέων.

379 2337 656 2391 18.”Ωστε
724 2334 812 2388 καὶ
874 2332 932 2388 ἐκ
997 2334 1261 2390 τοιούτων
1336 2336 1564 2390 πειθέτω
1619 2356 1701 2397 τις
1762 2335 1944 2390 ἑαυτὸν

308 2427 384 2496 μὴ
435 2421 746 2498 ὀλιγωρεῖν·
800 2423 890 2478 καὶ
942 2423 1198 2496 μάλιστα,
1249 2425 1338 2479 ἐὰν
1391 2424 1700 2501 λογίσηται,
1754 2423 1948 2481 δοῦλον

309 2514 494 2568 ἑαυτὸν
544 2514 676 2568 εἶναι
718 2517 813 2567 τοῦ
862 2514 1084 2588 Κυρίου,
1114 2514 1203 2568 καὶ
1255 2511 1544 2590 ὀφείλοντα
1589 2519 1668 2586 τῷ
1711 2511 1943 2589 δεσπότῃ

305 2599 602 2657 δουλεύειν.
633 2603 836 2676 ’Ὠσπερ
881 2599 972 2656 οὖν
1019 2603 1046 2656 ὁ
1087 2600 1282 2663 δοῦλος
1335 2601 1433 2656 οὐκ
1461 2601 1521 2656 ’ἀν
1565 2601 1823 2678 τολμήσῃ
1858 2601 1946 2658 λέ-

301 2711 412 2766 γειν
446 2692 580 2762 (39)’
625 2689 846 2758 Ἐπειδή
901 2691 1033 2766 χθὶς
1087 2690 1453 2766 εἰργασάμην,
1503 2691 1600 2746 οὐκ
1647 2691 1944 2768 ἐργάζομαι

304 2781 567 2853 σήμεροψ
603 2776 728 2834 οὐδὲ
756 2778 848 2835 τὸν
898 2777 1238 2856 παρελθόντα
1284 2781 1482 2856 χρόνον
1537 2787 1766 2858 μετρῶν,
1813 2782 1947 2836 παῦ-

300 2889 444 2922 σεται
473 2871 581 2923 τῶν
615 2867 737 2938 ἑξῆς
762 2871 1008 2943 ἡμερῶν,
1043 2868 1188 2925 ἀλλά
1232 2871 1348 2924 καθ’
1399 2870 1631 2947 ἡμέραν,
1665 2873 1740 2934 ὡς
1784 2870 1835 2926 ἐν
1865 2877 1945 2944 τῷ

297 2955 628 3033 Εὐαγγελίῳ
674 2956 996 3033 γέγραπται,
1050 2960 1148 3028 τὴν
1179 2959 1348 3028 αὐτὴν
1399 2962 1707 3037 προθυμίαν
1741 2958 1946 3016 δείκνυ-

297 3067 400 3113 σιν,
426 3043 517 3100 τῖνα
543 3051 625 3118 τῷ
651 3045 826 3121 κυρίῳ
858 3047 1024 3101 αὐτοῦ
1073 3047 1269 3122 ἀρέσκῃ
1316 3050 1449 3122 (40),
1501 3050 1592 3104 καὶ
1645 3051 1720 3122 μὴ
1759 3047 1942 3104 κινδυ-

294 3134 474 3207 νεύσῃ·
511 3133 654 3189 οὕτω
705 3135 794 3189 καὶ
846 3137 1012 3208 ἡμεῖς
1067 3137 1182 3190 καθ’
1241 3137 1449 3214 ἡμέραν
1503 3136 1846 3212 ἐπιμένωμεν
1875 3142 1945 3212 τῇ

295 3224 541 3294 ἀσκήσει,
570 3220 794 3292 εἰδότες,
843 3222 948 3292 ὅτι,
999 3222 1086 3280 ἐὰν
1125 3225 1248 3298 μίαν
1295 3228 1506 3302 ἡμέραν
1550 3226 1940 3302 ἀμελήσωμεν,

2062 1978 2487 2046 fortitudinem,
2502 1978 2977 2050 intelligentiam,
2998 1977 3367 2044 charitatem,
3389 1995 3712 2052 pauperum

2059 2085 2342 2136 amorem,
2367 2068 2538 2123 ﬁdem
2564 2067 3715 2142 inChristum,mansuetudinem,hospi-

2057 2157 2344 2212 talitatem
2374 2157 2401 2211 ?
2430 2156 2560 2211 Haec
2591 2156 2642 2212 sl
2689 2155 3108 2227 adipiscamur,
3143 2155 3263 2210 illic
3321 2157 3709 2229 reperiemus,

2059 2263 2185 2319 qua:
2244 2263 2349 2302 nos
2405 2246 2466 2302 in
2520 2251 2961 2302 mansuetorum
3028 2251 3184 2301 terra
3242 2245 3498 2318 hospitio
3559 2247 3710 2303 exci-

2058 2336 2246 2408 piant.

2130 2426 2216 2480 18.
2248 2424 2349 2479 His
2380 2424 2576 2496 itaque
2605 2423 2969 2496 argumentis
3001 2423 3189 2495 quivis
3223 2423 3283 2478 in
3316 2422 3579 2481 animum
3615 2425 3705 2480 in-

2058 2513 2233 2568 ducat
2291 2518 2353 2568 ut
2381 2530 2496 2568 non
2529 2513 2725 2568 animo
2782 2513 3072 2582 concidat,
3106 2512 3432 2584 praesertim
3467 2513 3517 2569 si
3551 2513 3707 2586 cogi-

2056 2605 2139 2657 tet
2186 2618 2249 2657 se
2277 2601 2509 2657 Domini
2568 2617 2803 2657 servum
2863 2605 3130 2673 oportere
3190 2601 3436 2658 Domino
3472 2603 3708 2659 servire.

2053 2691 2560 2754 Quemadmodum
2592 2691 2792 2762 itaque
2851 2707 3054 2746 servus
3088 2704 3202 2744 non
3263 2689 3419 2744 ausit
3462 2690 3584 2746 haec
3616 2692 3708 2746 di-

2054 2790 2183 2836 cere
2217 2797 2230 2835 :
2266 2780 2418 2835 646
2453 2779 2598 2835 Cum
2655 2780 2780 2835 heri
2833 2777 3172 2844 laborarim,
3197 2779 3426 2834 otiabor
3484 2779 3661 2836 hodie
3695 2799 3707 2836 :

2053 2885 2243 2941 neque
2263 2869 2621 2942 praeteritum
2645 2875 2878 2940 tempus
2897 2867 3438 2935 dimensus,diebus
3463 2883 3713 2941 sequen-

2051 2960 2210 3017 tibus
2263 2961 2546 3027 cessabit;
2582 2961 2683 3017 sed
2741 2960 3024 3032 quotidie,
3049 2963 3114 3014 ut
3172 2959 3456 3030 scriptum
3506 2965 3595 3015 est
3646 2960 3707 3016 in

2049 3049 2382 3122 Evangelio,
2413 3050 2570 3106 idem
2629 3049 2860 3122 prmfert
2911 3047 3095 3104 animi
3153 3047 3441 3117 studium,
3475 3054 3540 3104 ut
3597 3065 3704 3106 suo

2053 3140 2278 3214 placeat
2327 3141 2596 3209 Domino,
2647 3145 2704 3195 et
2760 3156 2876 3195 non
2933 3137 3302 3211 periclitetur
3335 3154 3350 3193 :
3381 3138 3466 3194 ita
3493 3145 3549 3195 et
3599 3156 3704 3196 nos

2055 3233 2316 3304 quotidie
2346 3233 2405 3288 in
2431 3232 2685 3288 ascetica
2719 3246 3176 3304 perseveremus,
3211 3229 3481 3300 scientes,
3514 3230 3565 3286 si
3600 3247 3716 3285 una

296 3313 362 3367 οὐ
395 3310 484 3367 διὰ
512 3314 604 3368 τὸν
637 3311 977 3389 παρελθόντα
1006 3314 1204 3390 χρόνον
1238 3319 1374 3389 ἡμῖν
1395 3299 1765 3394 συγχωρήσει,
1798 3299 1947 3375 ἀλλά

2063 3323 2152 3378 die
2195 3323 2571 3395 indiligenter
2628 3339 2898 3393 agamus,
2936 3321 3252 3376 Dominum
3311 3337 3426 3375 non
3484 3319 3714 3375 veniam

298 3398 388 3455 διὰ.
414 3402 512 3470 τήν
569 3400 826 3474 ἀμέλειαν
878 3403 1238 3478 ἀγανακτήσει
1272 3407 1389 3460 καθ’
1419 3408 1453 3475 ἡ
1466 3411 1604 3479 μῶν.
1645 3407 1829 3472 Οὕτως
1855 3407 1945 3463 καὶ

2063 3415 2247 3485 nobis,
2270 3415 2548 3488 praeteriti
2569 3414 2851 3487 temporis
2865 3414 3074 3487 gratia,
3109 3429 3238 3469 esse
3269 3428 3715 3480 concessurum;

296 3489 348 3544 ἐν
381 3489 460 3562 τῷ
505 3491 776 3566 Ἰεζεχιὴλ
820 3491 1148 3566 ἠκούσαμενο
1202 3493 1373 3557 οὕτως
1425 3496 1576 3550 καὶὸ
1607 3494 1813 3562 Ἰούδας
1860 3495 1950 3552 διὰ

2063 3506 2160 3561 sed
2193 3521 2618 3561 succensurum
2654 3503 2825 3558 nobis
2888 3507 3126 3575 propter
3156 3501 3594 3573 negligentiam.
3631 3503 3718 3557 lta

303 3577 469 3634 νύκτα
503 3579 625 3653 μίαν
676 3578 926 3637 ἀπώλεσε
971 3581 1059 3637 καὶ
1098 3588 1193 3637 τοῦ
1224 3582 1588 3661 παρελθόντος
1618 3586 1826 3662 χρόνου
1855 3590 1946 3643 τὸν

2063 3598 2117 3648 et
2146 3594 2205 3648 in
2239 3592 2534 3649 Ezechiele
2567 3592 2858 3663 scriptum
2891 3591 2934 3625 ³⁸
2970 3607 2982 3647 :
3013 3592 3093 3645 ita
3121 3595 3179 3646 et
3224 3591 3409 3646 Judas
3439 3591 3510 3646 ob
3541 3606 3719 3647 unam

305 3668 572 3743 κάματον.
2061 3686 2312 3750 noctem,
2346 3681 2619 3754 praeteriti
2649 3682 2934 3753 temporis
2964 3680 3223 3736 laborem
3256 3679 3534 3752 perdidit.

1717 3803 1977 3862 VERSIO
2017 3807 2309 3862 EVAGRII

295 3946 652 4030 caelestibus,
687 3961 749 4030 se
779 3949 1188 4030 unusquisque
1245 3951 1594 4030 consideret,
1630 3958 1687 4010 et
1715 3955 1914 4030 statim
1944 3956 2251 4029 intelliget,
2288 3955 2480 4029 parvis
2512 3955 2704 4012 aruris
2736 3960 2796 4030 et
2830 3955 3175 4030 parietibus,
3209 3953 3296 4008 vel
3329 3952 3558 4030 modica
3588 3952 3716 4009 auri

296 4022 566 4102 portione
596 4025 953 4102 contempta,
987 4039 1092 4102 nec
1119 4022 1354 4102 gloriari
1388 4041 1450 4080 se
1481 4026 1713 4095 debere,
1741 4029 1909 4098 quasi
1942 4022 2168 4102 magna
2190 4022 2502 4102 dimiserit,
2530 4045 2633 4084 nec
2665 4022 2894 4095 taedere,
2918 4027 3086 4099 quasi
3118 4043 3295 4098 parva
3327 4026 3402 4102 sit
3447 4031 3713 4102 receptu-

297 4108 421 4168 rus.
458 4091 527 4147 Ut
558 4091 714 4168 enim
749 4091 1316 4168 contemnite—liquis
1348 4113 1526 4152 unam
1560 4091 1775 4154 aream
1801 4091 2161 4157 drachmann
2187 4103 2257 4157 ad
2293 4091 2606 4155 drachmas
2638 4091 3612 4168 centum'aureas-conquirendae:
3634 4098 3716 4152 ita

297 4164 497 4244 etiam,
533 4165 633 4234 qui
666 4164 847 4244 totius
878 4165 1036 4244 orbis
1066 4164 1391 4244 dominium
1424 4169 1764 4244 dereliquit,
1789 4174 2130 4244 centuplum
2164 4174 2234 4229 de
2266 4171 2606 4228 melioribus
2630 4171 2976 4244 praemiisin
3011 4169 3251 4244 sublimi
3277 4164 3421 4244 sede
3452 4167 3715 4244 recipiet.

419 4252 742 4316 summum,
763 4235 906 4316 illin
940 4240 1596 4316 perspicere_debemus,
1619 4234 1772 4313 quod
1803 4245 1911 4299 etsi
1944 4234 2176 4301 nostras
2211 4245 2456 4300 velimus
2482 4234 2771 4300 retentare
2795 4243 3049 4316 divitias,
3073 4241 3434 4316 legemortis
3466 4241 3537 4295 ab
3569 4234 3714 4316 ipsis

300 4307 654 4387 divellamur
680 4307 869 4387 inviti,
904 4307 966 4387 ut
995 4309 1054 4364 in
1078 4307 1234 4365 libro
1267 4307 1948 4387 Ecclesiastee'scriptum
1999 4323 2106 4372 est.
2144 4323 2255 4372 Cur
2285 4333 2419 4387 ergo
2453 4333 2565 4371 non
2601 4316 2849 4370 facimus
2881 4315 2950 4369 de
3006 4307 3656 4387 necessitatevirtute'm
3694 4315 3716 4366 Ρ

301 4395 408 4432 cur
438 4396 556 4460 non
583 4381 653 4434 ad
687 4380 976 4460 lucranda
998 4398 1178 4460 regna
1196 4382 1454 4439 ccelestia
1477 4384 1629 4460 ultro
1653 4380 2066 4459 relinquimus,
2091 4390 2244 4460 quod
2271 4380 2419 4442 lucis
2442 4390 2615 4444 istius
2640 4388 2752 4442 line
2777 4386 3140 4458 perdendum
3168 4390 3256 4439 est
3288 4389 3309 4440 Ρ
3337 4383 3490 4460 Nihil
3510 4401 3713 4460 eorum

301 4466 454 4531 curae
479 4452 565 4531 _sit
593 4452 899 4531 monachis
931 4452 1223 4531 (ant—quae
1247 4472 1445 4531 secum
1481 4458 1709 4531 auferre
1738 4452 1854 4514 non
1896 4452 2142 4531 possunt
2175 4478 2188 4515 :
2218 4460 2360 4515 illud
2397 4461 2590 4531 potius
2622 4452 2908 4515 debemus
2956 4463 3242 4531 expetere,
3277 4457 3432 4526 quod
3467 4473 3572 4511 nos
3603 4457 3712 4511 du-

301 4527 395 4577 cat
425 4523 516 4606 adn
546 4524 759 4606 ccelum
786 4525 1182 4606 asapientiam
1216 4527 1461 4606 scilicet,
1495 4528 1844 4606 castitatem,
1870 4523 2195 4606 jhstitiam,
2220 4523 2519 4606 virtutem,
2552 4547 2793 4606 sensum
2855 4523 3217 4601 pervigilem,
3252 4523 3578 4606 pauperum
3611 4545 3717 4583 cu-

299 4610 450 4676 ram,
485 4595 658 4676 fidem
691 4596 748 4649 in
809 4595 1036 4676 Christo
1069 4599 1392 4676 robustam,
1426 4595 1690 4676 animum
1725 4595 2151 4676 iraa'victorem,
2177 4595 2643 4675 hospitalitatem
2681 4604 2812 4674 (42).
2843 4595 2974 4658 Haec
3004 4595 3313 4667 sectantes,
3347 4595 3714 4656 mansionem

309 4666 574 4750 no‘b‘ishin
602 4670 757 4750 terra
789 4667 1478 4750 quietorumsecundum
1511 4673 1891 4750 Evangelium
1919 4666 2397 4750 praeparabimus.

371 4738 456 4792 18.
490 4738 943 4816 consideremus
976 4742 1203 4816 Domini
1235 4758 1362 4798 esse
1395 4761 1500 4799 nos
1533 4738 1806 4812 famlilos,
1837 4752 1894 4802 et
1920 4738 2264 4803 servitutem
2299 4749 2508 4802 debere
2539 4745 2590 4800 ei
2623 4763 2656 4800 a
2688 4761 2801 4816 quo
2825 4745 3003 4800 creati
3037 4761 3265 4799 sumus.
3303 4747 3373 4797 Ut
3404 4741 3559 4796 enim
3593 4757 3715 4816 ser:

299 4825 412 4889 vus
436 4810 709 4889 praeteriti
758 4812 1316 4889 gratia_l'amulatus,
1347 4833 1602 4889 praesens
1632 4824 1732 4872 aut
1763 4810 2025 4874 futurum
2059 4837 2172 4874 non
2205 4819 2525 4875 contemnit
2556 4810 2890 4889 imperium,
2926 4833 3029 4871 nec
3061 4817 3237 4872 audet
3269 4814 3713 4889 asserere_,quod

299 4880 920 4960 ex‘labore‘transacto
951 4883 1226 4960 instantis
1258 4880 1448 4958 operis
1472 4887 1686 4944 habere
1717 4891 1923 4946 debeat
1956 4893 2309 4957 libertatem,
2343 4891 2443 4945 sed
2489 4890 2615 4960 jugi
2643 4880 2963 4956 studio,'ut
2995 4890 3053 4960 in
3084 4885 3394 4956 Evangelio
3427 4880 3714 4960 scriptum

298 4957 408 5020 est,
440 4954 708 5036 eamdem
740 4971 973 5036 semper
1003 4957 1236 5036 exhibet
1265 4954 1628 5028 servitutem,
1665 4967 1728 5036 ut
1758 4970 1811 5018 et
1843 4963 2080 5036 domino
2113 4954 2338 5036 placere
2369 4954 2660 5036 pose-iga
2685 4954 3020 5036 nemetum
3045 4954 3308 5014 lucretur
3335 4960 3391 5010 et
3423 4956 3664 5036 verbera
3699 4974 3712 5023 ;

299 5041 384 5080 sc
413 5030 472 5119 et
504 5043 608 5109 nos
641 5027 856 5119 divinis
889 5030 1158 5119 congruit
1189 5047 1389 5119 parere
1422 5033 1728 5119 praeceptis
1759 5053 1770 5089 :
1810 5027 2244 5119 scientesqupd
2278 5027 2476 5104 aequus
2509 5034 2604 5089 ille
2637 5034 2971 5096 retributor,
3008 5031 3066 5112 in
3101 5046 3217 5119 qno
3245 5043 3536 5119 quemque
3561 5027 3718 5119 inve-

300 5097 474 5180 nerit,
508 5097 568 5152 in
603 5115 669 5182 eo
700 5097 1206 5182 sitjudicaturus;
1231 5104 1385 5182 quod
1421 5097 1760 5182 prophetica
1789 5124 1892 5182 per
1920 5097 2277 5182 Ezechielcm
2310 5097 2445 5163 voce
2477 5111 2760 5162 testatur:
2788 5122 2924 5160 nam
2958 5109 3012 5158 et
3034 5097 3236 5158 infelix
3265 5097 3453 5156 Judas,
3481 5105 3717 5172 propter

299 5176 476 5224 unius
503 5176 691 5226 noctis
720 5176 1101 5244 impietatem,
1135 5177 1296 5230 omni
1329 5178 1602 5249 praeteriti
1633 5176 1914 5251 temporis
1945 5179 2144 5238 labore
2174 5180 2435 5254 privatus
2468 5183 2576 5235 est.

373 5322 416 5357 ⁸⁷
448 5322 634 5381 Eocle.
668 5340 744 5396 1v,
775 5325 829 5382 8.
861 5326 904 5361 ³⁸
935 5326 1138 5383 Ezech.
1171 5343 1329 5395 xvm,

374 5476 608 5586 £388)nlta
632 5493 778 5536 mss.
813 5479 1076 5551 quidam.
1109 5481 1221 5536 Alii
1253 5496 1408 5548 vero,
1456 5483 1555 5555 μή.
1612 5483 1781 5554 Editi,
1836 5483 1950 5554 οὖν,

2063 5485 2311 5573 ῼΟΙὺθιιῐ.
2350 5485 2400 5572 1,
2435 5481 2814 5586 ἐῖτιμεινωμεν.
2854 5475 3034 5535 Paulo
3092 5481 3222 5548 post
3279 5473 3593 5531 Colbertin.
3657 5475 3713 5540 2,

303 5550 606 5604 mendose.
831 5550 845 5551 ί
1457 5550 1466 5555 ’
1520 5550 1527 5553 ἡ
1768 5550 1776 5554 ⁷
1941 5550 1946 5554 ’
1985 5550 2020 5554 —
2063 5553 2203 5611 ὤσαν
2243 5574 2342 5630 pro
2373 5550 2605 5627 ἡμέραν.
2710 5550 2717 5553 Ὗ

371 5619 484 5699 (βο)
516 5619 616 5699 Sic
643 5639 782 5699 mss.
817 5623 967 5699 Edit;
998 5641 1154 5699 vero,
1190 5621 1384 5699 λέγων.
1419 5625 1582 5682 Ini‘ra
1609 5627 1857 5685 Colbert.
1895 5631 1952 5697 2,
2135 5632 2250 5699 (41)
2273 5630 2363 5685 Sic
2394 5627 2650 5684 maxime
2682 5639 2816 5696 pars
2867 5620 3427 5694 manuscriptorum.
3482 5615 3713 5677 Bollan-

299 5690 568 5781 méssrea
592 5694 804 5768 ἡμέραν
839 5693 891 5764 ἐξ
922 5690 1166 5781 teipse
1559 5769 1573 5781 .
1627 5769 1637 5781 .
1872 5774 1892 5781 _
1937 5690 1950 5697 ’

2065 5690 2182 5781 (1υρ
2207 5690 2362 5781 vero,
2399 5690 2749 5781 Christianis.
2865 5770 2874 5779 η

372 5765 485 5838 (40)
516 5765 607 5824 Sic
655 5765 1065 5841 manuscripti.
1126 5767 1278 5826 Editi
1337 5784 1490 5840 vero,
1549 5769 1734 5845 ἀρέσῃ.
1794 5774 1950 5831 Infra

2137 5775 2247 5849 (42)
2283 5765 2686 5845 Manuscripti,
2718 5766 3065 5842 hospitalem.
