4074 6374
441 409 554 468 871

977 405 1040 465 S.
1089 403 1512 465 ATHANASll
1557 405 1730 466 OPP.
1775 403 1976 466 PARS
2021 402 2071 464 Ι.
2103 436 2182 449 -
2210 403 2628 469 HISTORICA
2667 405 2771 468 ET
2813 405 3296 470 DOGMATICA.

3735 415 3865 516 872

517 538 604 594 19.
637 536 920 604 Quocirca
945 534 1070 606 ﬁlii,
1102 534 1367 594 asceticaa
1413 533 1544 591 vitae
1572 551 1809 608 operam
1856 535 2076 603 demus1

2275 535 2361 592 19.
2394 536 2686 612 Ἐχὼμεθα
2731 534 2850 608 οὖν,
2895 535 3076 608 τέκνα,
3121 543 3224 608 τῆς
3271 538 3550 612 ἀσκήσεως
3576 587 3591 615 ,
3629 541 3722 599 καὶ
3777 545 3860 617 μή

441 645 548 685 nec
576 627 954 700 indiligenter
983 641 1245 696 agamus.
1280 624 1340 680 In
1372 623 1483 680 hoc
1538 625 1696 681 enim
1727 624 1945 696 ipsum,
1979 629 2088 680 Do-

441 718 672 774 minum
723 716 1058 787 adjutorem
1112 713 1420 782 habemus,
1471 716 1536 769 ut
1566 713 1851 786 scriptum
1882 718 1972 770 est
2001 715 2084 768 ηε

437 805 1031 878 Quicunque-bonurn
1065 802 1323 876 elegerit,
1355 803 1408 859 ei
1452 803 1608 859 Deus
1651 807 1996 876 cooperatur
2026 803 2086 859 in

437 897 682 953 bonum.
715 894 787 951 Ut
835 898 1028 949 autem
1080 909 1194 948 non
1227 891 1588 966 negligenter
1644 909 1908 964 agamus,
1941 894 2085 964 Apo-

435 984 572 1042 etoli
603 985 826 1040 dictum
861 981 1126 1038 meditari
1159 982 1430 1038 convenit
1461 999 1474 1037 :
1509 981 1764 1051 Quotidie
1791 983 1999 1038 morior
2020 983 2082 1016 ⁸ο·

432 1075 486 1130 Si
521 1073 678 1129 enim
736 1071 1054 1128 vixerimus
1106 1071 1274 1142 quasi
1333 1070 1596 1142 quotidie
1647 1071 1935 1146 morituri,
1969 1087 2084 1127 non

435 1162 840 1236 peccahimus.
874 1160 1038 1227 Quod
1085 1160 1166 1216 ita
1199 1150 1686 1232 intelligendum,
1719 1163 1782 1216 ut
1825 1160 2086 1232 quotidie

433 1269 607 1308 mane
635 1255 1088 1322 surgentes,non
1111 1247 1518 1305 existimemus
1541 1265 1645 1304 nos
1676 1249 1747 1306 ad
1780 1265 2084 1320 vesperam

435 1357 624 1414 usque
654 1355 782 1396 esse
813 1339 1090 1405 victuros,
1113 1341 1171 1395 et
1198 1353 1334 1393 cum
1381 1335 1814 1408 decumbimus,
1850 1353 1922 1393 ne
1954 1353 2083 1392 sur-

435 1435 698 1486 recturos
758 1427 1113 1483 arbitremur
1144 1442 1156 1482 :
1193 1442 1327 1482 cum
1359 1426 1480 1480 vita
1511 1432 1709 1481 nostra
1751 1429 1962 1481 natura
1991 1426 2084 1482 in-

433 1523 594 1574 certa
623 1517 721 1584 sit,
754 1521 812 1572 et
853 1517 1113 1587 quotidie
1169 1531 1272 1588 per
1302 1515 1736 1571 Providentiam
1793 1515 2080 1572 dimensa.

433 1608 529 1664 Sic
559 1606 770 1675 allecti,
799 1611 854 1662 et
886 1607 936 1662 si
967 1606 1025 1660 in
1059 1604 1181 1660 dies
1213 1604 1294 1660 ita
1350 1602 1695 1675 vixerimus,
1726 1619 1915 1676 neque
1947 1621 2080 1677 pec-

434 1697 726 1764 cahimus,
759 1711 946 1768 neque
975 1692 1229 1764 alicujus
1279 1693 1358 1749 rei
1389 1693 1708 1764 cupiditate
1735 1694 2081 1763 tenebimur,

435 1785 582 1841 nulli
617 1783 1120 1849 succensebimus,
1155 1781 1384 1838 nullum
1419 1781 1806 1838 recondemus
1845 1781 2082 1838 thesau-

436 1891 567 1931 rum
617 1873 678 1930 in
709 1877 862 1930 terra
895 1891 907 1928 :
942 1873 1040 1928 sed
1075 1871 1246 1944 quasi
1289 1869 1554 1944 quotidie
1603 1876 1850 1926 mortem
1882 1887 2085 1944 exspe-

433 1962 907 2034 ctantes,nullam
932 1978 1052 2018 rem
1078 1961 1514 2035 possidebimus
1543 1979 1556 2016 :
1591 1961 1790 2016 omnia
1810 1961 2088 2017 omnibus

438 2053 653 2110 delicta
677 2051 1146 2109 condonabimus
1179 2067 1192 2107 :
1230 2067 1334 2107 nec
1368 2049 1634 2106 mulieris
1663 2049 2088 2123 concupiscen-

437 2143 539 2210 tia,
573 2159 678 2198 nec
709 2142 964 2198 obscena
1003 2139 1123 2196 ulla
1175 2139 1472 2212 voluptate
1503 2139 1856 2209 tenebimur,
1889 2139 1989 2195 sed
2024 2145 2088 2195 ut

437 2231 716 2287 caducam
750 2229 1154 2286 aversabimur
1175 2244 1188 2282 :
1213 2245 1446 2300 semper
1475 2230 1881 2284 concertantss
1911 2232 2087 2299 atque

429 2318 638 2391 judicii
671 2316 825 2374 diem
885 2317 1323 2390 prospicientes.
1370 2316 1614 2389 Semper
1669 2317 1825 2372 enim
1856 2316 2087 2389 gravior

437 2407 685 2464 formido
709 2413 764 2462 et
779 2405 1145 2463 cruciatuum
1170 2405 1519 2478 periculum,
1544 2403 1861 2476 voluptatis
1890 2405 2085 2462 suavi-

433 2500 614 2552 tatem
645 2494 931 2563 dissolvit,
966 2497 1393 2565 nutantemque
1423 2494 1600 2566 erigit
1629 2493 1912 2552 animam.

501 2673 593 2730 20.
655 2673 876 2730 Idcirco
927 2672 1046 2744 jam
1107 2671 1317 2740 exorsi,
1371 2670 1498 2743 jam
1551 2670 1802 2744 ingressi
1851 2671 2082 2729 virtutis

431 2762 608 2832 vium,
643 2761 834 2833 magis
860 2760 1285 2817 contendamus
1319 2766 1386 2815 ut
1415 2759 1486 2816 ad
1545 2760 1744 2816 futura
1776 2761 2078 2832 pervenia-

434 2869 567 2909 mus
597 2853 664 2888 “-
698 2851 877 2907 Nemo
935 2854 1258 2906 retrorsum
1313 2853 1706 2915 convertatur,
1742 2855 1806 2904 ut
1855 2849 1978 2904 Loti
2013 2866 2079 2904 u-

429 2959 534 2997 xor
563 2941 770 3007 ",cum
805 2939 1178 3013 potissimum
1215 2937 1495 2994 Dominus
1523 2937 1922 2994 dixeritchmo
1945 2941 2076 2995 mit-

426 3037 546 3086 tens
576 3031 724 3086 647
763 3045 994 3084 manum
1040 3044 1195 3084 suam
1241 3027 1311 3082 ad
1367 3037 1624 3082 aratrum
1675 3031 1726 3082 et
1782 3029 2079 3099 respiciens

426 3130 596 3187 retro,
653 3122 814 3191 aptus
868 3122 946 3174 est
989 3133 1156 3188 regno
1213 3117 1476 3174 caelorum
1531 3118 1598 3170 ⁸³.
1649 3115 1820 3172 Retro
1879 3121 2074 3173 autem

425 3211 710 3284 respicere
740 3209 884 3266 nihil
916 3209 1074 3266 aliud
1098 3214 1187 3266 est
1216 3225 1392 3281 quam
1421 3207 1722 3281 pmnitere,
1745 3225 1810 3264 ac
1837 3225 2071 3265 rursum

2119 1924 2165 1986 Β

2197 621 2534 698 ἀκηδιῶμεν.
2568 627 2813 703 Ἐχομεν
2862 627 2963 704 γὰρ
3017 625 3068 682 ἐν
3130 625 3310 702 τούτῳ
3360 629 3452 685 καὶ
3499 631 3592 686 τὸν
3652 631 3861 708 Κύριον

2197 713 2454 790 συνεργὼ
2490 760 2504 787 ,
2565 716 2640 778 ὡς
2691 715 3006 792 γέγραπται,’
3069 717 3235 772 Παντὶ
3293 722 3371 791 τῷ
3426 722 3863 798 προαιρουμένῳ

2193 803 2258 858 τὸ
2285 803 2479 880 ἀγαθὸν
2531 811 2771 882 συνεργεῖ
2818 806 2846 860 ὁ
2877 805 3007 872 Θεὸς
3055 805 3130 869 εἷς
3180 808 3242 862 τὸ
3292 809 3512 884 ἀγαθόν.
3569 810 3662 874 Εἷς
3705 809 3767 867 δὲ
3793 813 3865 868 τὸ

2200 891 2277 964 μὴ
2311 890 2598 969 ὀλιγωρεῖν
2653 897 2804 967 ἡμᾶς
2847 892 3018 950 καλὸν
3065 896 3129 951 τὸ
3167 901 3264 952 τοῦ
3310 898 3648 956 ’Δποστόλου
3681 899 3856 977 ῥητὸν

2199 981 2451 1054 μελετᾷν,
2499 983 2586 1052 τὸ,
2632 985 2762 1048 Καθ’
2805 983 3014 1060 ἡμέραν
3069 984 3421 1058 ἀποθνήσκω.
3471 994 3566 1044 “Av
3614 989 3715 1065 γὰρ
3765 991 3863 1046 καὶ

2193 1072 2378 1144 ἡμεῖς,
2411 1072 2484 1134 ὡς
2514 1073 2946 1144 ἀποθνήσκοντες
2995 1075 3115 1138 καθ’
3167 1076 3400 1150 ἡμέραν,
3439 1076 3614 1140 οὕτως
3648 1083 3858 1152 ζῶμεν,

2195 1158 2304 1235 οὐχ
2350 1161 2759 1236 ἁμαρτήσομεν.
2795 1161 2946 1216 ’Ἐστι
3002 1159 3060 1217 δὲ
3105 1162 3168 1217 τὸ
3223 1161 3516 1240 λεγόμενον
3574 1171 3856 1234 τοιοῦτον,

2189 1245 2302 1320 ἵνα,
2336 1247 2669 1324 ἐγειρόμενοι
2717 1251 2834 1305 καθ’
2879 1251 3114 1326 ἡμέραν,
3163 1252 3479 1326 νομίζωμεν
3536 1255 3611 1328 μὴ
3671 1255 3856 1328 μένειν

2193 1331 2296 1398 ἕως
2343 1336 2590 1414 ἑσπέρας,
2623 1337 2712 1393 καὶ
2757 1337 2925 1394 πάλιν
2975 1337 3276 1412 μέλλοντες
3323 1343 3642 1415 κοιμᾶσθαι,
3694 1342 3862 1416 νομί-

2197 1431 2373 1500 ζωμεν
2432 1428 2510 1500 μὴ
2568 1426 2882 1504 ἐγείρεσθαι.
2943 1425 3155 1500 ἀδήλου
3215 1429 3369 1508 φύσει
3417 1431 3510 1486 καὶ
3557 1439 3656 1502 τῆς
3702 1437 3858 1502 ζωῆς

2193 1518 2354 1588 ἡμῶν
2415 1514 2621 1588 οὔσης,
2679 1517 2768 1573 καὶ
2829 1519 3206 1594 μετρουμένης
3263 1521 3379 1575 καθ’
3434 1521 3644 1597 ἡμέραν
3706 1523 3861 1598 παρᾶ

2191 1609 2292 1672 τῆς
2324 1605 2614 1679 Προνοίας.
2649 1602 2808 1663 Οὕτω
2855 1602 2913 1660 δὲ
2963 1603 3318 1680 διακείμενοι,
3346 1608 3438 1664 καὶ
3489 1610 3610 1674 καθ’
3639 1609 3858 1688 ἡμέραν

2194 1692 2337 1748 οὕτω
2399 1698 2612 1764 ζῶντες,
2655 1690 2778 1750 οὔτε
2821 1696 3230 1770 ἀμαρτήσομεν,
3287 1693 3410 1752 οὔτε
3459 1698 3610 1760 τινὸς
3667 1697 3861 1754 ἐπιθυ-

2198 1781 2324 1855 μίαν
2352 1779 2566 1855 ἕξομεν,
2601 1781 2723 1838 οὔτε
2769 1785 3074 1858 μηκιιοῦμὲν
3116 1806 3248 1853 τινι,
3300 1783 3422 1842 οὔτε
3453 1787 3862 1866 θησαυρίσομεν

2196 1869 2282 1926 ἰπὶ
2331 1874 2429 1936 τῆς
2487 1878 2610 1948 γῆς’
2672 1871 2797 1928 ἀλλ’
2855 1873 2929 1936 ὡς
2986 1875 3106 1929 κεθ⁹
3161 1875 3374 1950 ἡμέραν
3435 1873 3854 1953 προσδοκῶντες

2199 1961 2550 2031 ἀποθνήσκειν
2587 2003 2602 2030 ,
2661 1961 2969 2035 ἀκτήμονες
3026 1961 3280 2037 ἐσόμεθα,
3338 1964 3429 2020 καὶ
3486 1971 3615 2021 πᾶσι
3672 1966 3858 2023 πάντα

2197 2052 2647 2124 συγχωρήσομεν⁸
2700 2049 2992 2124 ἐπιθυμίας
3041 2049 3100 2108 δὲ
3146 2054 3422 2129 γυναικὸς,
3455 2053 3490 2124 ἢ
3520 2052 3699 2126 ἄλλης
3753 2055 3854 2132 ῥυο

2195 2145 2368 2213 παρᾶς
2397 2137 2624 2210 ἡδονῆς,
2659 2137 2772 2194 οὐδ’
2825 2140 2973 2203 ὅλως
3018 2144 3385 2218 κρατήσομεν,
3417 2141 3546 2198 ἀλλ’
3595 2144 3672 2208 ὡς
3710 2166 3855 2220 παρ⁹

2196 2229 2504 2304 ερχομὲνην
2576 2229 3110 2308 ἀποστραφησόμεθα
3146 2250 3158 2264 ·
3217 2231 3553 2307 ἀγωνιῶντες
3612 2233 3695 2288 ἀεὶ
3754 2235 3852 2290 καὶ

2195 2312 2600 2392 προὸλὲποντες
2629 2319 2726 2388 τήν
2785 2318 2992 2392 ἡμέραν
3047 2327 3145 2390 τῆς
3201 2321 3451 2394 κρίσεως.
3505 2319 3620 2378 Ἀεί
3671 2323 3777 2400 γὰρ
3819 2325 3853 2378 ὁ

2199 2406 2396 2479 μείζων
2438 2402 2608 2484 φόϐος
2659 2407 2749 2463 καὶ
2803 2409 2831 2463 ὁ
2871 2409 3012 2486 ἀγὼν
3062 2413 3170 2464 τῶν
3228 2409 3472 2486 βασάνων
3525 2408 3736 2467 διαλύει
3785 2413 3856 2468 τὸ

2195 2493 2342 2551 λεῖον
2377 2498 2490 2571 (43)
2516 2503 2616 2568 τῆς
2646 2494 2870 2568 ἡδονῆς,
2918 2497 3008 2552 καὶ
3056 2497 3156 2567 τήν
3206 2500 3393 2574 ψυχὴν
3423 2497 3710 2556 κλίνουσαν
3746 2501 3850 2556 ἀν-

2195 2584 2428 2654 ίστησιν.

2261 2676 2350 2731 20.
2385 2673 2600 2731 Οὐκοῦν
2644 2673 2933 2750 ἀρξαμενοι
2982 2673 3072 2729 καὶ
3133 2669 3413 2738 ἐπιϐάντες
3459 2673 3570 2747 ἤδη
3618 2682 3688 2752 τῇ
3731 2677 3850 2753 ὀδῷ

2187 2769 2288 2832 τῆς
2348 2763 2544 2836 ἀρετῆς
2571 2808 2585 2834 ,
2645 2761 3077 2836 ἐπεκτεινώμεθα
3135 2763 3344 2837 μᾶλκον
3397 2763 3490 2820 ’ἱνα
3547 2767 3843 2844 φθάσωμεν

2190 2851 2278 2906 ἐπὶ
2333 2852 2401 2906 τὰ
2457 2851 2759 2929 ἔμπροσθεν
2819 2855 2954 2925 (44).
3013 2851 3119 2908 Καὶ
3179 2850 3372 2926 μηδεὶς
3424 2853 3499 2917 είς
3545 2855 3614 2912 τὰ
3659 2855 3843 2912 ὀπίσω

2186 2942 2516 3018 πρεφὲσθω,
2550 2942 2627 3003 ὡς
2655 2943 2690 3012 ἡ
2723 2942 2858 3018 γυνή
2909 2945 3005 2996 τοῦ
3037 2942 3180 2997 Λώτ·
3219 2942 3457 3016 μάλιστα
3512 2942 3594 2999 ὅτι
3627 2944 3836 3022 Κύριος

2187 3027 2421 3107 εἷ’ρηκεν·
2470 3027 2664 3092 Οὐδεὶς
2719 3025 2997 3087 ἐπιϐαλὼν
3053 3031 3152 3100 τήν
3212 3036 3372 3107 χεῖρα
3431 3031 3514 3088 ἐπ’
3575 3031 3839 3109 ἄροτρον,

2183 3119 2271 3173 καὶ
2331 3119 2580 3197 στραφεὶς
2638 3118 2714 3183 εἷς
2763 3120 2829 3174 τὰ
2886 3118 3058 3174 ὀπίσω
3093 3163 3108 3188 ,

2187 3207 2437 3284 βασιλείᾳ
2503 3213 2609 3264 τῶν
2669 3208 2911 3284 οὐρανῶν
2947 3251 2960 3267 .
3012 3210 3084 3264 Τὸ
3159 3207 3218 3266 δὲ
3297 3218 3592 3290 στραφῆναι
3675 3209 3833 3268 οὐδὲν

3168 3118 3378 3186 εὔθετός
3436 3120 3577 3178 ἐστιν
3647 3121 3700 3178 ἐν
3758 3127 3834 3198 τῇ

428 3303 728 3358 mundana
757 3319 980 3374 sapere.
1014 3303 1096 3357 Ne
1152 3301 1355 3357 timete
1385 3301 1455 3356 de
1505 3301 1715 3356 virtute
1744 3301 2070 3371 audientes,

2198 3295 2364 3372 ἕτερόν
2418 3297 2556 3352 ἐστιν
2707 3295 3176 3371 μεταμεληθῆναι,
3236 3301 3324 3354 καὶ
3383 3299 3547 3356 πάλιν
3596 3303 3842 3375 κοσμικὰ

425 3408 568 3448 neve
597 3394 668 3448 de
700 3391 934 3446 nomine
965 3390 1270 3462 stupentis.
1303 3389 1428 3445 Non
1461 3390 1617 3444 enim
1662 3389 1862 3461 procul
1904 3389 2072 3446 nobis

419 3487 530 3547 est,
563 3497 756 3553 neque
785 3483 948 3535 extra
977 3495 1082 3536 nos
1119 3477 1391 3534 consistit
1421 3493 1434 3532 ε
1461 3476 1520 3532 in
1553 3477 1718 3534 nobis
1775 3477 1920 3550 ipsis
1978 3495 2071 3534 res

415 3574 507 3626 est
534 3575 591 3626 et
620 3567 914 3642 perfacilis
973 3584 1140 3635 sane,
1169 3567 1220 3624 si
1251 3567 1424 3624 modo
1479 3565 1854 3623 voluerimus.
1890 3567 2070 3623 (ἔτωοί

2182 3392 2395 3465 φρονεῖν
2431 3431 2444 3444 ,
2501 3389 2591 3457 Μὴ
2647 3382 2903 3465 φοϐεῖσθε
2950 3385 3008 3442 δὲ
3063 3387 3354 3454 ἀκούοντες
3404 3391 3528 3466 περὶ
3588 3391 3784 3466 ἀρετῆς
3823 3438 3840 3460 .

2184 3473 2324 3549 μηδὲ
2353 3475 2615 3548 ξενίζεσθε
2671 3478 2791 3553 περὶ
2853 3481 2949 3531 τοῦ
3007 3476 3300 3551 ὀνόματος·
3364 3478 3426 3534 οὐ
3473 3479 3575 3554 γὰρ
3627 3481 3837 3556 μακρὰν

2179 3566 2268 3644 ἀφ’
2326 3568 2486 3638 ἡμῶν
2529 3564 2670 3621 ἐστιν
2731 3563 2845 3620 οὐδ’
2901 3565 3096 3638 ἔξωθεν
3150 3569 3311 3640 ἡμῶν
3371 3568 3721 3640 συνίσταται,
3777 3568 3834 3623 ἐν

1835 3719 2078 3776 VEBSIO
2117 3720 2407 3778 EVAGRII

488 3847 575 3922 19.
609 3846 831 3922 Idcirco
863 3844 1157 3922 tenendus
1183 3853 1273 3902 est
1299 3844 1616 3922 continuus
1647 3843 1900 3900 instituti
1930 3844 2104 3922 rigor,
2134 3845 2488 3922 habentibus
2513 3845 2697 3922 Deum
2727 3845 3154 3922 auxiliatorem,
3188 3846 3343 3922 sicut
3389 3847 3824 3922 scriptumgest,

414 3919 552 3990 quia
583 3919 744 4003 omni
771 3919 1114 4000 proponenti
1145 3918 1364 4003 bonum
1396 3917 1549 4003 Deus
1567 3922 1929 4003 coeperatur.
2075 3917 2342 4003 inertiam
2362 3923 2571 4003 ‘autem
2603 3917 2943 4003 calcan‘dam
2969 3919 3232 4003 .Apostoii
3259 3917 3546 4003 precepts.
3575 3917 3826 4003 replico;

419 3987 573 4059 mus,
606 3987 824 4062 quibus
852 3987 915 4046 se
946 3991 1092 4064 mori
1125 3991 1386 4060 quotidie
1440 3991 1768 4064 testabatur
1800 4004 1812 4043 :
1846 3987 2116 4064 similiter
2145 3999 2202 4045 et
2227 4007 2332 4064 nos
2362 3988 2634 4044 humana:
2665 3987 3040 4064 conditionisj
3074 3987 3593 4064 vitam—ancipitem
3628 3987 3822 4048 retra-

411 4060 657 4128 ctantes,
693 4079 807 4120 non
839 4060 1263 4136 peccabimus:
1296 4077 1429 4136 eum
1463 4061 1616 4116 enim
1650 4060 1879 4136 excitati
1906 4078 1939 4114 a
1970 4077 2198 4136 somno,
2229 4063 2302 4117 ad
2336 4077 2635 4136 vesperam
2670 4079 2774 4117 nos
2806 4061 3108 4136 pervenire
3151 4060 3512 4130 dubitemus,
3544 4068 3604 4119 et
3633 4065 3821 4136 quieti

410 4151 654 4206 corpora
683 4131 1086 4202 concedentes,
1120 4135 1190 4188 de
1223 4133 1372 4188 lucis
1403 4149 1518 4206 non
1549 4131 1914 4206 conﬁdamus
1945 4133 2218 4206 adventu,
2253 4139 2310 4188 et
2342 4131 2558 4206 ubique
2589 4131 2906 4190 naturaa'ac
2939 4134 3065 4188 vita:
3099 4135 3326 4190 incertae
3371 4131 3682 4202 memores,
3719 4137 3819 4192 Dei

411 4204 527 4262 nos
550 4205 950 4280 intelligamus
980 4205 1342 4280 providentia
1396 4205 1707 4280 gubernari
1737 4219 1898 4280 ;_nou
1934 4205 2104 4280 modo
2134 4205 2248 4274 (45)
2273 4220 2386 4259 non
2443 4204 2876 4275 delinquemus,
2907 4214 3010 4261 aut
3039 4206 3238 4280 aliqua
3270 4205 3461 4280 fragili
3492 4207 3822 4280 cupiditate

411 4275 777 4347 raptabiuiur
802 4297 816 4345 ;
849 4279 950 4333 sed
982 4275 1427 4334 neciruscemur
1455 4276 1690 4346 quidem
1717 4275 1997 4330 adversus
2031 4275 2306 4346 aliquem,
2329 4293 2431 4331 nec
2455 4283 2714 4330 terrenos
2745 4293 3094 4348 congregare
3113 4275 3423 4333 thesauros
3451 4275 3819 4336 ambiemus:

407 4351 548 4420 quin
575 4349 766 4420 potius
800 4356 956 4404 metu
991 4349 1324 4420 quotidiani
1365 4353 1718 4420 recessumet
1747 4349 2091 4420 sejungendi
2124 4348 2526 4420 corporisjugi
2555 4349 3130 4420 exspectationeMG).
3154 4352 3353 4405 omnia
3380 4351 3601 4405 caduca
3628 4351 3825 4406 calca-

412 4418 528 4475 bim
541 4418 1228 4476 us.Cessabitmulierum
1254 4437 1440 4482 an.or,
1466 4418 1727 4474 libidinis
1748 4418 2155 4488 exstinguetur
2186 4419 2799 4484 incendium,invicem
2825 4418 3220 4476 nobis'debita
3241 4427 3442 4477 nostra
3463 4423 3825 4479 donabimus

408 4498 542 4565 ante
571 4491 776 4565 oculos
807 4509 1040 4565 semper
1067 4492 1350 4548 habentes
1381 4489 1601 4565 ultima».
1633 4489 2035 4565 retributionis
2064 4491 2376 4565 adventum
2404 4491 2576 4561 :quia
2607 4496 2797 4565 major
2827 4493 3076 4547 lormido
3097 4493 3284 4565 (t7)et
3315 4508 3609 4565 pinnarum
3642 4495 3829 4550 timor

409 4563 706 4630 horridus,
740 4565 919 4619 simul
941 4562 998 4620 et
1032 4563 1262 4619 lubrica:
1296 4563 1491 4620 carnis
1515 4563 1806 4635 incentiva
1838 4562 2204 4635 dissolvit,et
2234 4567 2498 4617 ruentem
2531 4563 2788 4619 animum
2813 4565 2978 4634 quasi
3010 4581 3078 4618 ex
3098 4562 3296 4635 aliqua
3315 4562 3470 4635 'rupe
3499 4572 3819 4620 sustentat.

479 4635 568 4708 20.
604 4635 854 4706 Ideoque
886 4653 1090 4708 precor
1145 4644 1207 4689 ut
1233 4636 1303 4690 ad
1348 4636 1522 4690 tinem
1560 4633 1853 4708 propositi
1897 4633 2285 4708 omnilabore
2312 4635 2648 4699 tendamus,
2682 4633 2852 4690 nemo
2910 4640 3039 4706 post
3096 4633 3322 4706 tergum
3357 4633 3676 4707 respiciens
3711 4642 3820 4694 Lot

409 4705 677 4762 imitetur
706 4703 1292 4778 uiorein,pr&esertim
1321 4723 1454 4762 cum
1487 4703 1770 4780 Dominus
1802 4703 2273 4780 dixerit,Nullum
2301 4715 2604 4776 ponentem
2640 4723 2879 4760 manum
2904 4703 3084 4780 super
3113 4703 3375 4780 aratrum
3407 4703 3468 4764 et
3494 4708 3781 4780 respicien
3801 4740 3821 4752 -

405 4781 524 4834 tem
585 4786 926 4847 retrorsum,
952 4775 1201 4849 dignum
1273 4794 1397 4832 esse
1429 4792 1606 4846 regno
1661 4775 1936 4830 caelorum
1974 4795 1986 4832 :
2022 4775 2309 4849 respicere
2361 4785 2553 4832 autem
2590 4784 2907 4833 retrorsum
2942 4775 3088 4834 nihil
3118 4779 3278 4834 aliud
3309 4784 3418 4844 est,
3448 4775 3626 4849 quam
3658 4779 3716 4834 in
3751 4798 3822 4837 eo

405 4851 694 4976 paenitere
726 4853 879 4922 quod
911 4848 1176 4923 repperis,
1202 4855 1261 4905 at
1291 4849 1605 4904 mundanis
1639 4865 1844 4902 rursus
1866 4849 2172 4904 desideriis
2203 4848 2469 4918 obligari.
2503 4849 2712 4916 Nolite,
2744 4849 3220 4920 quaeso,virtutis
3242 4848 3824 4923 tanquamimpossi-

455 4921 527 4976 ile
559 4940 767 4976 nomen
820 4941 1042 4976 havere.
1078 4939 1182 4976 nec
1215 4921 1583 4976 peregrinum
1611 4919 1794 4976 vobis.
1827 4924 1929 4974 aut
1991 4923 2191 4976 procul
2225 4921 2480 4976 positum
2516 4922 2780 4976 videatur
2841 4923 2947 4976 hoc
3005 4921 3290 4976 studium.
3327 4924 3482 4976 quod
3515 4939 3583 4976 ex
3615 4931 3822 4976 nostro

455 4919 767 5003 ile-nomen
820 4919 1182 5003 pavere,_nec
1214 4921 1583 5003 peregrinum
1611 4919 1794 5002 vobis,
1825 4924 1929 5003 aut
1991 4923 2191 5003 procul
2225 4921 2480 5003 positu-in
2516 4919 2780 5003 videatur
2841 4923 2947 4977 hoc
3005 4921 3290 4988 studium,
3327 4919 3482 4994 quod
3513 4939 3583 5003 ex
3615 4919 3822 5003 nostro

400 4993 615 5062 pendet
643 4989 882 5051 arbitrio
919 5014 930 5050 :
965 4995 1145 5065 hujus
1177 4989 1378 5064 operis
1404 4990 1624 5065 homini
1659 4989 2121 5065 insertagnatura
2151 4989 2260 5057 est,
2293 4998 2349 5047 et
2378 4993 2669 5065 ejusmodi
2701 5009 2791 5047 res
2823 4999 2912 5048 est
2953 5009 3083 5064 quae
3116 4989 3375 5049 nostram
3407 4996 3824 5065 tantummodo

398 5071 697 5135 exspectat
725 5063 1105 5123 voluntatem.
1140 5063 1320 5122 Graeci
1349 5063 1550 5121 studia
1579 5063 1980 5118 transmarina
2009 5069 2391 5134 sectentur,et
2421 5063 2479 5119 in
2511 5064 2701 5120 alieno
2732 5066 2872 5121 orbe
2902 5063 3274 5135 constitutos,
3298 5064 3565 5122 inanium
3598 5063 3827 5124 littera-

469 5187 515 5223 ”
544 5189 708 5246 Rom.
737 5206 862 5256 vui,
891 5192 980 5246 28.
1015 5192 1061 5226 ‘0
1093 5192 1114 5247 Ι
1145 5193 1270 5246 Cor.
1302 5206 1396 5257 xv,
1427 5189 1516 5245 31.
1553 5189 1598 5223 ⁴²
1629 5185 1879 5259 Philipp.
1913 5203 2000 5254 ιιι,
2034 5188 2119 5244 14.
2152 5188 2410 5244 “Genes.
2437 5205 2553 5260 xu,
2575 5189 2664 5244 26.
2698 5188 2742 5224 ‘3
2772 5192 2906 5245 Luc.
2937 5206 3015 5260 ix,
3043 5189 3136 5244 62.

473 5342 583 5413 (43)
617 5342 710 5399 Sic
739 5347 878 5417 Reg.
914 5346 937 5400 1
973 5349 1030 5400 et
1059 5345 1113 5400 2.
1144 5343 1258 5400 Alii
1289 5346 1348 5399 et
1375 5341 1537 5408 editi,
1587 5336 1802 5410 πλεῖον,
1851 5339 2049 5395 minus

2198 5339 2247 5417 ἱςΔ
2263 5339 2364 5417 τῆν
2380 5339 2702 5417 ’βασιλείαψ

399 5421 574 5470 recte.

469 5486 584 5557 (44)
612 5485 763 5554 Haec,
799 5485 884 5540 ἐπὶ
916 5486 981 5540 τὰ
1012 5482 1342 5559 ἔμπροσθεν,
1374 5486 1588 5559 desunt
1620 5483 1678 5538 in
1731 5481 1932 5559 Regio“
1955 5498 2043 5536 se-

401 5553 594 5614 cundo
624 5564 680 5614 et
705 5559 952 5614 Colbert.
985 5553 1205 5628 2.1ntra
1236 5559 1450 5627 Regius
1478 5556 1704 5628 primus
1729 5553 2048 5628 etCoIber-

399 5629 562 5701 tinus
591 5634 905 5699 secundus,
941 5623 1243 5701 ἐπιϐαλών,
1299 5622 1438 5685 editi
1469 5622 1601 5684 vero
1658 5622 1864 5701 βαλών.
1915 5624 2046 5701 Mox

400 5696 565 5774 αὐτοῦ
614 5696 913 5772 legebatur
954 5704 1014 5758 in
1059 5696 1238 5774 peditis.
1269 5704 1608 5774 postleipa,
1645 5696 1960 5774 sed__desst
1983 5697 2044 5774 i_n

399 5771 577 5843 Regio
603 5768 860 5831 secundo
891 5780 949 5832 et
978 5768 1287 5831 Colbertinl
1319 5775 1374 5828 2.
1409 5768 1631 5830 Ibidem
1675 5768 1926 5826 Colbert.
1985 5769 2040 5841 2,

2231 5414 2345 5488 (ᾧ)
2375 5412 2468 5488 _Sic
2499 5413 2905 5488 manuscripii.
2939 5412 3466 5488 Bollandus__vero,
3504 5413 3608 5470 hoc
3637 5414 3825 5488 mede.

2230 5485 2340 5553 (46)
2376 5485 2458 5538 Ita
2489 5502 2696 5542 omnes
2724 5485 3137 5557 manuscripti.
3173 5485 3515 5556 Bollandus,
3574 5485 3823 5544 medita-

2155 5555 2331 5618 tione,
2365 5557 2565 5612 minus
2597 5563 2770 5615 recte.

2228 5627 2341 5696 (47)
2376 5627 2710 5697 Bollandus,
2746 5631 2985 5701 formido
3015 5627 3239 5700 iudicii,
3301 5628 3691 5703 manuscripti
3753 5635 3826 5688 ut

2157 5695 2218 5752 in
2249 5695 2426 5756 teXtu.
