4074 6344
192 440 310 500 877

1553 435 1734 498 νιτΑ
1780 439 1842 497 S.
1890 445 1926 496 Α
1945 439 2231 498 NfI‘ONH.

3488 442 3606 500 878

189 570 460 639 στιανοὺς,
517 567 752 642 μάλιστα
812 562 868 622 δὶ
919 565 1221 642 μοναχοὺς,
1275 566 1704 641 φιλοπονοῦντας
1753 569 1843 623 καὶ

1982 571 2331 644 anxiumque
2391 572 2711 628 monachos
2767 573 3032 628 laborare
3083 577 3258 643 atque
3307 572 3604 643 proﬁcere,

190 659 626 737 προκόπτοντας,
677 661 894 731 πρῶτον
955 655 1046 728 μὲν
1107 654 1443 732 ἐπιχειροῦσι
1502 659 1587 712 καὶ
1648 657 1835 731 πειρά-

190 755 396 819 ζουσιν,
431 746 669 824 ἐχόμενα
713 739 905 818 τρίϐου
951 743 1181 806 τιθέντες
1239 743 1530 801 σκάνδαλα·
1566 744 1838 802 σκάνδαλα

193 835 268 894 δὲ
301 837 476 892 αὐτῶν
523 835 654 890 εἰσιν
688 835 738 889 oi
783 833 1014 910 πονηροὶ
1062 833 1324 910 λογισμοί
1356 838 1488 908 (62).
1523 837 1602 894 Οὐ
1653 833 1735 890 δεῖ
1781 833 1839 890 δὲ

193 930 344 1000 ἡμᾶς
377 921 658 1004 φοϐεῖσθαι
688 924 783 987 τὰς
818 917 1093 984 ὑποϐολὰς
1123 924 1322 978 αὐτῶνθ
1358 923 1547 999 εὐχαῖς
1590 925 1690 1000 γὰρ
1748 923 1838 979 καὶ

194 1015 470 1086 νηστείαις
527 1013 716 1086 καῖτῇ
777 1012 854 1073 εἷς
909 1012 999 1066 τὸν
1061 1010 1254 1086 Κύριον
1315 1011 1490 1067 πίστει
1549 1011 1836 1068 πίπτουσιν

193 1104 350 1166 εὐθὺς
403 1102 620 1160 ἐκεῖνοι.
654 1099 831 1156 Ἀλλὰ
881 1101 968 1155 καὶ
1028 1102 1277 1163 πεσόντες
1337 1102 1397 1156 ού
1436 1100 1721 1173 παύονται,
1755 1099 1842 1156 αὖ·

188 1195 272 1256 θις
327 1191 383 1248 δὲ
440 1191 606 1259 πάλιν
656 1190 1057 1266 προσέρχονται
1105 1189 1424 1265 πανούργως
1476 1191 1565 1244 καὶ
1618 1188 1841 1252 δολίως.

189 1278 438 1352 Ἐπειδᾲν
497 1281 600 1356 γὰρ
655 1279 714 1334 in
771 1276 1004 1357 φανεροῧ
1059 1278 1150 1332 καὶ
1213 1277 1455 1354 ῥυπαρᾶς
1499 1277 1703 1349 ἡδονῆς
1734 1282 1844 1352 (63)

196 1373 274 1444 μή
334 1367 636 1440 δυνηθῶσιν
691 1367 960 1436 ἀπατῆσαί
1004 1368 1102 1437 τὴν
1154 1365 1402 1443 καρδίαν,
1435 1367 1621 1430 ἄλλως
1678 1367 1844 1423 πάλιν

190 1454 566 1515 ἐπιϐαίνουσι·
629 1455 718 1511 καὶ
796 1456 988 1510 λὀιπὸν
1069 1455 1362 1530 φαντασίας
1418 1456 1846 1520 ἀναπλάττοντες

193 1542 445 1626 ἐκφοϐεῖν
519 1549 972 1622 προσποιοῦνται,
1053 1545 1692 1620 μετασχηματιζόμενοι,
1760 1546 1849 1602 καὶ

202 1635 539 1711 μιμούμενοι
599 1639 894 1710 γυναῖκας,
956 1633 1148 1710 θηρία,
1210 1634 1427 1710 ἑρπετὰ,
1476 1635 1565 1690 καὶ
1647 1637 1848 1710 μεγέθη

198 1726 494 1798 σωμάτων,
517 1723 606 1778 καὶ
639 1723 854 1792 πλῆθος
910 1726 1277 1796 στρατιωτῶν.
1313 1720 1472 1777 Ἀλλ’
1503 1721 1627 1778 οὐδέ
1683 1722 1854 1787 οὕτῶς

199 1813 284 1870 δεῖ
328 1814 424 1875 τὰς
479 1811 687 1867 τούτων
729 1809 1019 1888 φαντασίας
1080 1808 1287 1881 δειλιᾷν
1344 1813 1476 1883 (64)’
1540 1809 1696 1866 οὐδὲν
1744 1811 1853 1888 γάρ

199 1902 356 1970 εἰσιν,
388 1899 535 1956 ἀλλά
564 1899 652 1955 καὶ
695 1899 909 1973 ταχέως
958 1898 1327 1976 ἀφανίζονται·
1362 1899 1446 1954 ἐὰν
1500 1900 1737 1973 μάλιστα
1783 1905 1852 1975 τῇ

208 1991 390 2047 πίστει
421 1990 618 2062 καὶτῷ
649 1988 866 2061 σημείῳ
912 1992 1010 2042 τοῦ
1061 1993 1292 2064 σταυροῦ
1350 1989 1535 2044 ἑαυτόν
1585 2011 1668 2052 τις
1709 2011 1860 2064 περι-

209 2080 421 2160 φράττῃ
616 2075 906 2153 Τολμηροὶ
940 2075 997 2131 δὲ
1022 2077 1127 2132 εἰσι
1156 2078 1244 2133 καὶ
1279 2077 1401 2132 λίαν
1447 2076 1704 2141 ἀναιδεῖς.
1741 2081 1860 2134 Ἐὰν

208 2169 315 2246 γὰρ
363 2169 455 2223 καὶ
509 2167 685 2228 οὕτως
727 2167 1066 2236 ἡττηθῶσιν,
1099 2165 1258 2238 ἄλλῳ
1305 2167 1495 2240 τρόπῳ
1553 2166 1716 2222 πάλιν
1751 2167 1864 2222 ἐπι-

211 2254 480 2312 ϐαίνουσι.
540 2255 637 2310 Καὶ
687 2259 1112 2331 προσποιοῦνται
1167 2256 1536 2328 μαντεύεσθαι,
1587 2257 1674 2312 καὶ
1725 2277 1867 2333 προ-

216 2346 401 2422 λέγειν
450 2345 516 2400 τὰ
569 2345 682 2418 μεθ’
713 2344 928 2420 ἡμέρας
989 2343 1282 2420 ἐρχόμενα,
1314 2342 1572 2400 δεικνύειν
1629 2367 1686 2401 τε
1743 2347 1865 2401 ἔαυ-

220 2436 348 2497 τοὺς
382 2433 626 2508 ὑψηλοὺς
656 2430 786 2509 ἄχρι
816 2440 915 2502 τῆς
949 2432 1144 2506 στέγης
1175 2433 1491 2510 φθάνοντας,
1523 2435 1611 2489 καὶ
1642 2432 1870 2498 πλατεῖς

223 2524 306 2598 τῷ
360 2522 590 2599 μεγέθειο
618 2520 711 2576 ’ίνα
757 2520 851 2583 οὓς
901 2520 1000 2576 οὐκ
1045 2518 1389 2592 ἠδυνήθησαν
1437 2522 1704 2593 ἀπατῆσαι
1753 2530 1868 2586 τοῖς

220 2611 538 2688 λογισμοῖς,
595 2609 689 2666 κᾶν
746 2615 866 2672 ταῖς
919 2609 1192 2672 τοιαύταις
1249 2614 1566 2688 φαντασίαις
1629 2613 1869 2689 ὑφαρπά-

1958 661 2112 716 049
2146 662 2406 732 primum
2439 661 2698 733 aggressi
2731 667 2977 726 tentant,
3011 667 3070 717 et
3115 661 3464 717 offendicula
3513 679 3608 733 po-

1959 755 2108 804 nunt
2138 748 2197 804 in
2231 749 2361 805 via:
2399 768 2526 820 quae
2559 750 2787 806 scilicet
2834 749 3207 816 offendicula,
3256 755 3394 806 sunt
3443 751 3607 806 malae

1955 837 2361 909 cogitationes.
2397 838 2521 894 Non
2553 845 2641 894 est
2660 842 2859 895 autem
2883 839 3037 910 quod
3061 855 3265 894 eorum
3287 840 3608 911 suggestio-

1956 924 2129 982 nibus
2163 930 2522 982 terreamur:
2559 944 2695 982 nam
2731 927 3024 998 precibus,
3055 926 3300 998 jejuniis
3328 933 3386 982 et
3415 927 3528 983 (ide
3550 927 3609 983 in

1949 1014 2265 1071 Dominum
2297 1015 2498 1072 statim
2530 1015 2612 1070 illi
2659 1015 2962 1071 labuntur.
3017 1016 3125 1070 Sed
3169 1015 3320 1086 lapsi
3367 1015 3610 1081 minime

1953 1103 2284 1176 quiescunt,
2315 1105 2473 1160 vafre
2517 1105 2734 1177 quippe
2790 1111 2848 1160 et
2895 1103 3106 1159 callide
3157 1121 3392 1161 rursum
3443 1121 3609 1160 acce-

1955 1193 2124 1248 dunt.
2163 1192 2270 1248 Ubi
2301 1194 2458 1249 enim
2491 1193 2685 1265 palam
2717 1211 2820 1265 per
2849 1194 3132 1249 obscenas
3165 1192 3489 1264 voluptates
3511 1210 3610 1250 cor

1959 1280 2225 1354 decipere
2249 1287 2568 1353 nequeunt,
2593 1280 2707 1337 alia
2728 1281 3152 1354 aggrediuntur
3178 1282 3291 1348 via,
3327 1283 3610 1352 vanisque

1959 1370 2265 1442 speciebus
2291 1376 2614 1442 perterrere
2636 1371 2926 1437 nituntur,
2951 1371 3125 1426 variis
3144 1371 3468 1442 assumptis
3491 1373 3578 1426 for
3595 1403 3608 1413 -

1959 1459 2072 1515 mis
2105 1459 2754 1529 mulierum,.ferarum,
2800 1459 3122 1531 reptilium,
3179 1460 3608 1531 praegrandium

1959 1565 2294 1620 corporum,
2330 1549 2674 1604 militarium
2707 1554 3062 1604 turmarum.
3124 1550 3232 1603 Sed
3287 1564 3477 1618 neque
3525 1547 3611 1602 hae

1961 1637 2196 1694 illorum
2229 1637 2550 1710 phantasia:
2577 1637 2748 1694 nobis
2770 1644 2912 1692 sunt
2933 1637 3446 1709 pertimescenda;
3466 1635 3611 1693 nihil

1967 1725 2122 1782 enim
2156 1741 2292 1782 cum
2324 1725 2460 1794 sint,
2495 1726 2688 1782 subito
2717 1729 3096 1794 evanescunt,
3123 1726 3172 1781 si
3216 1724 3468 1780 maxime
3501 1725 3614 1780 fido

1967 1819 2026 1870 et
2055 1813 2223 1886 signo
2253 1813 2446 1871 crucis
2486 1831 2548 1870 se
2597 1814 2730 1886 quis
2783 1813 3086 1870 munierit.
3134 1814 3398 1869 Audaces
3448 1829 3618 1884 porro

1972 1910 2110 1959 sunt
2139 1903 2580 1974 admodumque
2610 1903 2983 1975 impudentes
3011 1918 3024 1956 ;
3061 1918 3198 1958 nam
3227 1902 3276 1957 si
3310 1900 3419 1957 hoc
3447 1903 3619 1956 modo

1973 1997 2346 2064 superentur,
2377 1991 2490 2048 alio
2512 1992 2957 2063 aggrediuntur.
2987 1989 3356 2046 Vaticinandi
3382 1992 3535 2046 enim
3559 2006 3621 2046 se

1975 2080 2192 2153 peritos
2223 2079 2524 2146 simulant,
2559 2084 2737 2151 atque
2766 2096 2835 2136 ea
2865 2079 3213 2151 praedicendi
3246 2095 3372 2150 quae
3423 2084 3622 2151 postea

1977 2169 2175 2224 futura
2197 2173 2367 2224 sunt:
2393 2169 2785 2240 affectantque
2821 2185 2884 2224 se
2922 2169 3000 2224 ita
3029 2184 3300 2240 proceros
3328 2168 3618 2235 exhibere,

1976 2267 2038 2313 ut
2068 2263 2284 2313 tectum
2317 2257 2631 2328 attingant,
2664 2273 2992 2328 magnaque
3021 2257 3142 2311 sint
3171 2255 3480 2311 latitudine
3511 2273 3524 2320 ;
3560 2259 3622 2310 ut

1976 2363 2124 2418 quos
2155 2346 2610 2418 cogitationibus
2641 2346 2907 2417 decipere
2936 2345 3348 2416 nequiverunt,
3410 2344 3620 2414 hujus-

1978 2436 2136 2492 modi
2168 2435 2455 2508 portentis
2485 2435 2807 2490 subornare
2837 2434 3081 2506 possint.
3115 2435 3276 2497 Quod
3295 2433 3455 2488 sihic
3479 2449 3620 2504 quo-

1977 2542 2091 2596 que
2121 2527 2380 2580 animam
2413 2523 2710 2580 inveniant
2769 2523 2879 2578 [ide
2925 2527 3098 2592 atque
3153 2538 3256 2593 spe
3303 2522 3622 2589 ﬁrmatam,

1979 2614 2303 2687 principem
2333 2613 2586 2685 denique
2614 2629 2788 2668 suum
2821 2627 3020 2668 secum
3053 2611 3373 2667 adducunt.

221 2723 409 2757 σωσιν.
447 2702 566 2757 Ἐὰν
626 2696 684 2754 δὲ
737 2699 824 2754 καὶ
885 2698 1057 2763 οὕτως
1114 2699 1308 2775 εὕρωσι
1365 2701 1465 2770 τήν
1525 2701 1707 2776 ψυχὴν
1759 2700 2172 2780 ἠσφαλισμένην
2223 2705 2289 2774 τῇ
2345 2699 2544 2770 πίστει,
2573 2699 2662 2754 καὶ
2717 2701 2786 2773 τῇ
2834 2695 3014 2754 ἐλπίδι
3069 2705 3171 2768 τῆς
3223 2695 3461 2760 διανοίας
3491 2701 3625 2772 (66),

220 2790 416 2845 λοιπὸν
451 2787 734 2864 ὖπάγονται
763 2789 853 2842 τὸν
889 2785 1128 2862 ἄρχοντα
1160 2788 1380 2843 ἑαυτῶν.

290 2882 382 2936 24.
418 2877 514 2932 Καὶ
575 2877 846 2952 φαίνεσθαι
904 2876 1100 2940 αὐτοὺς
1151 2875 1425 2940 πολλάκις
1484 2876 1640 2952 ἔλεγε
1681 2879 1872 2934 τοιού-

219 2987 372 3036 τους,
405 2969 520 3021 οἷον
552 2965 643 3021 τὸν
679 2961 936 3019 διάϐολον
967 2969 1046 3036 τῷ
1079 2961 1204 3020 Ἰὼϐ
1236 2967 1264 3021 ὁ
1298 2967 1492 3041 Κύριος
1536 2966 1868 3042 ἀπεκάλυψε,

226 3058 424 3132 Λάγων·
487 3055 553 3113 Oi
619 3052 896 3133 ὀφθαλμοὶ
954 3053 1118 3108 αὐτοῦ
1196 3054 1272 3118 ὡς
1355 3053 1495 3114 εἶδος
1571 3057 1871 3134 ὲωσφόρου.

225 3148 322 3200 Ἐκ
377 3143 647 3217 στόματος
703 3141 868 3197 αὐτοῦ
947 3141 1325 3218 ἐκπορεύονται
1399 3141 1680 3217 λαμπάδες
1749 3167 1872 3200 και-

225 3234 436 3307 όμεναι,
505 3232 595 3287 καὶ
673 3229 1112 3308 διαρῥιπτοῦνται
1191 3231 1416 3309 ἐσχάραι
1491 3237 1605 3306 (67)
1655 3233 1870 3309 πυρός’

2049 2881 2142 2936 24.
2175 2879 2496 2952 Aiebatque
2539 2878 2684 2936 tales
2741 2895 2896 2950 saepe
2945 2879 3150 2945 videri,
3202 2877 3436 2950 qualem
3483 2877 3628 2934 Jobo

1981 2968 2281 3026 diabolum
2315 2967 2588 3024 revelavit
2615 2968 2901 3024 Dominus
2934 2967 3024 3022 his
3057 2969 3247 3024 verbis
3275 2985 3288 3023 ε
3324 2966 3480 3023 Oculi
3509 2970 3629 3039 ejus

1982 3063 2042 3114 ut
2069 3060 2277 3130 species
2305 3058 2564 3114 diluculi.
2601 3059 2684 3112 Ex
2713 3073 2807 3113 ore
2834 3059 2954 3129 ejus
3003 3057 3299 3125 procedunt
3347 3057 3629 3128 lampades

1982 3147 2252 3214 ardentes,
2275 3150 2326 3204 et
2349 3148 2726 3219 projiciuntur
2754 3148 2914 3218 quasi
2967 3148 3081 3218 foci
3127 3147 3293 3216 ignis.
3335 3150 3420 3202 Ex
3467 3148 3627 3201 nari-

1985 3238 2083 3293 bus
2108 3238 2226 3308 ejus
2245 3236 2490 3308 procedit
2519 3239 2707 3307 fumus
2737 3236 2943 3292 camini
2985 3235 3230 3291 ardentis
3279 3237 3404 3304 igne
3444 3236 3630 3290 carbo-

225 3324 287 3378 ἒκ
347 3324 638 3398 μυκτήρων
698 3322 865 3376 αὐτοῦ
941 3320 1286 3398 ἐκπορεύεται
1364 3324 1568 3386 καπνὸς
1639 3323 1864 3397 καμίνου

1984 3343 2114 3382 num
2138 3345 2159 3380 .·
2189 3329 2377 3381 anima
2403 3325 2521 3396 eius
2544 3327 2802 3381 carbones
2822 3343 2840 3379 :
2861 3327 3086 3394 ﬂamma
3112 3325 3177 3380 de
3205 3341 3299 3380 ore
3325 3325 3445 3395 ejus
3474 3340 3627 3392 egre-

225 3413 528 3485 καιομὲνης
603 3410 734 3484 πυρὶ
806 3410 1100 3487 ἀνθράκων.
1164 3413 1224 3467 Ἡ
1301 3412 1455 3488 ψυχὴ
1541 3413 1708 3468 αὐτοῦ
1780 3411 1871 3468 ἄν-

228 3513 423 3576 θρακις
458 3520 470 3534 ·
533 3498 668 3577 φλὸξ
745 3497 802 3554 δὲ
871 3498 931 3555 ἐκ
1003 3499 1272 3574 στόματος
1358 3501 1521 3556 αὐτοῦ
1595 3501 1874 3575 ἐκπορεύε-

224 3611 336 3649 ται.
365 3592 621 3650 Τοιοῦτος
651 3586 705 3642 δὶ
732 3588 1056 3666 φαινόμενος
1087 3590 1115 3644 6
1156 3595 1261 3644 τῶν
1314 3587 1612 3663 δαιμονίων
1661 3592 1874 3666 ἅρχων,

227 3674 469 3758 ἐκφοϐεῖ,
495 3677 633 3742 καθὰ
662 3683 945 3754 προεῖπον,
988 3677 1196 3755 μεγάλα
1245 3678 1430 3735 λαλῶν
1475 3681 1502 3734 6
1548 3684 1873 3756 πανοῦργος,

229 3768 304 3829 ὡς
363 3764 530 3821 πάλιν
583 3764 862 3842 ἐξήλεγξεν
921 3766 1080 3821 αὐτὸν
1141 3768 1168 3820 6
1227 3767 1445 3842 Κύριος,
1473 3772 1553 3839 τῷ
1604 3769 1696 3841 μὲν
1748 3761 1873 3822 Ἰὼϐ

1980 3416 2132 3471 ditur
2159 3415 2227 3469 ⁸⁸.
2251 3415 2410 3471 Talis
2440 3431 2575 3470 cum
2598 3420 2876 3486 appareat
2892 3413 3311 3470 daemoniorum
3338 3413 3627 3484 princeps,

1984 3511 2285 3574 terrorem,
2320 3504 2404 3559 uti
2437 3503 2574 3570 dixi,
2626 3509 2914 3559 veterator
2962 3502 3059 3559 ille
3107 3509 3165 3558 et
3211 3502 3628 3574 magniloquus

1984 3592 2211 3662 incutit,
2248 3596 2311 3647 ut
2366 3591 2629 3664 coarguit
2685 3609 2819 3647 eum
2869 3593 3181 3659 Dominus,
3210 3590 3354 3646 Jobo
3387 3590 3624 3662 quidem

1985 3681 2219 3736 dicens:
2267 3681 2586 3736 Arbitrutur
2625 3686 2838 3750 ferrum
2895 3682 3057 3750 quasi
3102 3679 3310 3749 paleas,
3358 3695 3432 3734 es
3501 3695 3632 3734 vero

1984 3771 2150 3841 quasi
2180 3770 2400 3839 lignum
2439 3769 2744 3840 putridum,
2775 3785 2932 3825 "iure
2960 3773 3174 3840 reputat
3203 3769 3362 3839 quasi
3389 3782 3485 3822 vas
3525 3784 3634 3822 un-

1628 3869 1885 3926 VERSIO
1915 3868 2236 3924 EVAGRII.

301 3949 392 4021 23.
421 3946 648 4021 _Hostile
677 3945 794 4002 illis
824 3951 1025 4021 contra
1055 3963 1259 4004 omnes
1289 3949 1669 4019 Christianos,
1703 3948 1951 4005 maxime
1981 3966 2112 4005 vero
2144 3952 2350 4021 contra
2380 3947 2699 4021 monachos
2730 3949 2864 4021 (68),
2897 3948 3099 4005 odium
3141 3951 3249 4014 est,
3301 3963 3504 4006 eorum
3553 3965 3645 4006 se-

232 4019 394 4094 mitis
420 4019 664 4094 laqueos
691 4019 1080 4094 praetendunt,
1111 4035 1315 4094 eorum
1353 4021 1834 4094 mentesgimpiis
1877 4026 2052 4094 atque
2101 4019 2336 4094 obroenis
2385 4019 2868 4094 cogitationibus,
2897 4021 3170 4094 nituntur
3217 4024 3490 4094 evertere.
3536 4021 3643 4076 Sed

233 4090 382 4148 nihil
411 4091 577 4146 vobis
607 4092 665 4146 in

741 4107 806 4145 oc
836 4092 1076 4146 terroris
1108 4091 1413 4162 incutiant,
1449 4091 1722 4148 ﬁdelium,
1745 4093 1901 4148 enim
1933 4091 2300 4148 orationibus
2331 4091 2504 4162 atque
2526 4091 2774 4162 jejuniis
2803 4092 2873 4146 ad
2912 4092 3219 4146 Dominum
3261 4093 3457 4147 statim
3517 4108 3642 4146 cor-

234 4169 439 4236 ruunt.
467 4162 581 4217 Nec
611 4167 808 4218 tamen
840 4162 889 4218 si
925 4161 1230 4234 paululum
1263 4165 1637 4227 cessaverint,
1673 4181 1910 4234 prorsus
1943 4165 2174 4236 plenam
2207 4161 2424 4236 putetis
2450 4179 2580 4236 esse
2611 4164 2908 4236 victoriam
2936 4180 2949 4218 :
2984 4165 3172 4218 solent
3229 4164 3404 4217 etiam
3458 4164 3642 4219 saucii

236 4235 476 4316 gravius
508 4250 835 4316 assurgere,
867 4239 922 4289 et
954 4238 1177 4290 mutata
1206 4241 1328 4316 a-rte
1361 4237 1680 4316 pugnandi,
1713 4252 1846 4290 cum
1877 4234 2316 4316 in‘cogitatione
2345 4235 2489 4289 nihil
2537 4234 2780 4306 egerint,
2815 4244 3136 4315 pavoribus
3187 4239 3421 4316 terrent,
3473 4251 3642 4290 assu-

239 4305 466 4362 fnentes
496 4323 650 4360 nunc
683 4305 1016 4378 mulierum,
1044 4323 1200 4361 nunc
1234 4305 1572 4374 bestiarum,
1607 4323 1764 4361 nunc
1794 4305 2156 4378 serpentium
2188 4307 2427 4378 formas,
2463 4305 2712 4361 necnon
2735 4307 3069 4376 etingentia
3091 4306 3356 4378 quedam
3373 4323 3638 4378 corpora,

237 4382 297 4434 et
325 4393 509 4447 usque
540 4378 610 4432 ad
644 4383 860 4432 tectum
891 4377 1103 4433 domus
1135 4384 1462 4448 porrectum
1485 4382 1680 4448 caput,
1715 4377 1977 4433 inﬁnitas
2000 4379 2228 4448 species
2245 4383 2302 4432 et
2326 4377 2578 4433 militum
2601 4384 2882 4433 catervas.
2909 4380 3042 4442 Quaa
3067 4377 3265 4432 omnia
3286 4378 3357 4433 ad
3383 4377 3640 4448 primum

238 4449 524 4532 quodque
545 4448 732 4505 crucis
761 4449 998 4532 signum
1032 4455 1404 4532 evanescunt.
1438 4449 1540 4506 His
1571 4466 1804 4520 quoque
1834 4449 2065 4532 agnitis
2085 4449 2688 4532 fallaciarumnnnodis,
2718 4450 3014 4532 incipiunt
3045 4450 3461 4532 praesagireLet
3486 4451 3644 4506 futu-

237 4537 438 4576 rorum

472 4519 700 4576 dierum
731 4519 972 4593 eventus
1001 4521 1144 4593 velle
1176 4521 1506 4592 praedicere,
1535 4519 1795 4593 cumque
1821 4519 1965 4575 et'in
2011 4520 2102 4593 his
2152 4521 2469 4593 contempti
2522 4521 2756 4584 fuerint,
2806 4519 3000 4592 ipsum
3043 4524 3168 4591 jam
3211 4519 3483 4593 nequitiae
3527 4539 3644 4578 suis

237 4592 586 4666 principem,
623 4592 899 4666 ac_totius
929 4591 1065 4648 mali
1097 4591 1498 4666 summitatem
1530 4593 1600 4648 ad
1635 4591 1970 4666 subsidium
2003 4591 2090 4666 sui
2121 4591 2460 4666 certaminis
2494 4597 2721 4666 vocant.

308 4664 398 4717 24.

479 4662 644 4719 rebro
674 4664 926 4733 denique
957 4663 1245 4720 Antonius
1270 4665 1446 4720 talem
1479 4681 1511 4719 a
1543 4680 1605 4718 se
1635 4663 1826 4718 visum
1857 4663 2152 4718 diabolum
2185 4664 2506 4725 asserabat,
2539 4664 2770 4732 qualem
2801 4669 2858 4718 et
2885 4663 3090 4719 beatus
3117 4664 3251 4730 Job,
3280 4664 3526 4718 Domino
3557 4679 3649 4717 re-

235 4733 488 4818 velante,
522 4741 888 4818 cognoverat.
925 4734 1082 4791 Oculi
1095 4736 1214 4818 ejus
1243 4752 1308 4790 ac
1408 4737 1610 4818 species
1642 4735 1881 4818 luci/eri,
1913 4751 1982 4789 ea:
2013 4751 2109 4818 ore
2136 4735 2255 4804 ejus
2311 4734 2606 4818 procedunt
2657 4735 2935 4818 lampades
2986 4737 3244 4818 incensa,
3293 4737 3472 4818 crines
3515 4749 3648 4803 quo-

234 4821 342 4878 que
371 4805 639 4862 incendiis
669 4815 1026 4878 sparguntur,
1058 4805 1206 4863 εἴη
1234 4809 1466 4863 naribus
1495 4807 1614 4878 ejus
1643 4811 1830 4879 fumus
1887 4806 2195 4877 egreditur,
2251 4808 2410 4876 quasi
2465 4809 2716 4877 fornacis
2759 4805 3044 4864 minantis
3091 4807 3288 4863 ardore
3314 4805 3648 4863 carbonum:

311 4904 353 4940 ⁸⁸
386 4902 496 4959 Job
527 4921 641 4971 xm,
671 4904 824 4960 9-11.

314 5000 894 5076 (62)‘ln_Colbertino_
915 5005 968 5068 2,
1004 4999 1054 5054 οἱ
1104 4999 1334 5076 πονηροὶ
1388 4999 1649 5076 λογισμοί
1704 5002 1864 5076 deest

1999 5003 2130 5076 dus.
2167 5001 2406 5076 Editiet
2449 5001 2567 5068 alii,
2608 5001 2913 5073 μετανοίας.
2949 5003 3105 5076 Infra
3139 4998 3425 5076 Δπολλάκις
3487 5001 3650 5076 deest

242 5073 392 5148 Reg,
416 5073 474 5138 2,
501 5071 552 5124 oi
602 5070 833 5148 pompoi
880 5071 1166 5148 λογισμοί,
1203 5070 1333 5148 Mos
1380 5070 1518 5148 editi
1556 5070 1703 5148 cum
1753 5071 1893 5148 qui-

242 5145 498 5216 busdam
533 5143 972 5216 manuscriptis,
1008 5145 1104 5206 τὰς
1142 5143 1390 5216 ἀπειλάς.
1426 5146 1633 5216 Regi,
1667 5145 1898 5216 Colber-

242 5215 532 5289 tin.‘_i,_2,_
557 5219 612 5270 et
667 5209 1080 5286 Vaticanqitdc
1138 5209 1454 5277 ἐπιϐουλάς.
1506 5209 1638 5289 ἧος.
1694 5221 1750 5285 2,
1799 5214 1894 5276 τὰς

245 5278 589 5346 ὑποϐουλάς,

469 5357 714 5435 Quidam
750 5375 918 5435 mss,
947 5358 1037 5435 καὶ
1071 5358 1325 5435 ῥυπαρῶς
1359 5354 1431 5412 δι’
1461 5353 1689 5435 ἡδονῆς.

322 5424 434 5499 (64)
468 5428 715 5485 Colbert.
743 5433 797 5502 2,
830 5427 921 5485 διὰ
950 5432 1043 5493 τὰς
1071 5424 1296 5485 ’τούτων
1344 5424 1636 5507 φαντασίας
1688 5424 1897 5498 δειλιᾷν

247 5496 571 5552 ὀφείλομεν.

329 5519 571 5556 ειΑομεν.

609 5573 811 5700 RegiZ
860 5578 919 5629 et
964 5573 1214 5630 Colbert.
1269 5576 1322 5628 2.
1358 5571 1510 5627 Editi
1558 5588 1713 5636 vero,
1746 5588 1898 5644 περι-

283 5641 463 5699 mittat.
501 5644 659 5699 Infra
759 5646 925 5700 etzius
971 5648 1006 5700 2
1053 5651 1108 5700 et
1150 5644 1460 5700 Colbertin.
1511 5643 1565 5700 2.
1623 5639 1898 5700 μεθ’ἡμέ-

253 5639 659 5719 φάττὲηίοΐη
691 5639 1006 5719 Regius?
1053 5651 1108 5719 et
1150 5644 1460 5701 Colbertin.
1511 5643 1565 5708 2,
1623 5639 1899 5714 μεθ’-ἠμὲ-

257 5715 378 5792 ραιςΣ
393 5715 556 5792 ΔῘῼάίίὶ
589 5721 648 5792 et
675 5715 948 5792 αίὶὶίμεσ
977 5717 1206 5792 ἡμὲραν.

328 5787 442 5862 (66)
471 5787 562 5844 Sic
593 5785 804 5861 Regius
833 5785 1134 5847 secundus
1180 5791 1239 5846 et
1283 5785 1650 5845 Colbertinus
1691 5800 1901 5843 secun-

2005 5073 2063 5127 in
2095 5072 2424 5144 Colbertino
2457 5069 2734 5130 secundo.
2762 5076 2890 5130 Mox
2923 5076 2980 5129 in
3012 5073 3184 5128 editis
3212 5078 3344 5144 post
3369 5069 3650 5132 τοιούτους

2003 5144 2310 5215 legebatur
2353 5143 2508 5208 εἶναι,
2543 5163 2668 5216 quae
2727 5163 2836 5200 vox
2881 5161 3013 5200 cum
3067 5143 3236 5216 ἀθεὶιί
3260 5145 3319 5200 in
3349 5145 3526 5216 Regio
3559 5161 3648 5200 se-

2004 5222 2197 5270 cundo
2229 5222 2284 5270 et
2301 5215 2627 5288 Colbertino
2649 5217 2928 5286 secundo,
2948 5222 3006 5271 et
3032 5215 3333 5288 superﬂua
3354 5215 3645 5282 videatur,

2007 5291 2298 5342 exouncta
2327 5305 2356 5340 a
2389 5287 2556 5342 nobis
2589 5293 2696 5341 est.

2121 5303 2298 5342 uncta
2327 5305 2356 5340 a
2389 5303 2556 5342 nonis
2589 5303 2696 5341 est.

2077 5303 2188 5483 ξπ)
2221 5359 2310 5412 Sic
2346 5359 2727 5429 manuscripti
2785 5357 2934 5412 Editi
2968 5373 3100 5412 vero
3149 5355 3222 5418 ὡς
3270 5363 3405 5412 ante
3454 5354 3647 5430 ἐχάραι

2077 5455 2082 5482 ι
2127 5435 2241 5483 ent.
2271 5428 2425 5483 Infra
2456 5429 2647 5483 haedi
2682 5428 2834 5483 ψυγῆ
2868 5427 3031 5482 αὐτοῦ
3062 5425 3568 5483 ἄνθοακεςΛεευηι
3591 5429 3647 5483 in

2007 5425 2241 5502 habent.
2271 5428 2425 5502 Infra
2456 5425 2835 5502 ὴωο,ἡ’ψυχή
2868 5427 3031 5482 αὐτοῦ
3062 5425 3569 5502 summatim
3591 5429 3650 5483 in

2007 5499 2178 5572 editis
2235 5505 2292 5554 et
2351 5501 2406 5554 in
2462 5499 2819 5571 quibusdam
2874 5517 3016 5556 mss.
3051 5499 3233 5556 Paulo
3264 5504 3396 5572 post
3424 5503 3563 5572 Reg.
3599 5502 3650 5566 1,

2013 5569 2347 5646 μαινᾷμενος
2371 5569 2843 5646 [)ι·ο’‹,ῖ›αινόρ.ενι›ςτ

2082 5644 2188 5711 (68)
2222 5641 2381 5710 Post,
2407 5641 2722 5714 monachos,
2757 5642 3071 5699 Bollandus
3102 5643 3298 5714 habet,
3320 5646 3378 5714 et
3413 5641 3654 5714 virgines

2013 5714 2243 5788 Christi,
2270 5730 2396 5788 quas
2423 5715 2638 5771 desunt
2670 5713 2730 5772 in
2762 5714 3038 5772 omnibus
3063 5731 3205 5772 mss.
3235 5713 3393 5771 Infra
3414 5713 3654 5788 quidam

2013 5801 2180 5860 mss.,
2209 5785 2468 5859 ﬁdelibus
2497 5789 2665 5846 enim.
