4074 6372
489 433 608 494 8ῖ9

1031 431 1095 489 S.
1144 425 1567 488 ATHANASII
1612 425 1786 486 OPP.
1831 424 2030 483 PARS
2073 423 2122 482 Ι.
2156 455 2232 465 -
2265 420 2676 483 HISTORICA
2726 420 2823 480 ET
2866 418 3345 481 DOGMATICA.

3785 419 3909 480 880

490 567 865 638 gusntarium,
919 565 972 620 et
1019 566 1293 618 tartarum
1347 559 1534 631 abyssi
1590 559 1752 630 quasi
1821 558 2127 628 captivum,

2249 550 2442 626 λέγων’
2500 554 2733 628 ⁶Ηγηται
2813 552 2909 624 μὶν
2974 551 3074 626 γὰρ
3135 548 3358 628 σίδηρον
3425 547 3628 638 ἄχυρα,
3686 550 3904 627 χαλκὸν

491 656 749 728 abyssum
777 652 1076 712 zstimavit
1104 650 1264 722 quasi
1307 648 1693 704 ambulacrum
1736 647 1823 714 ⁵²;
1870 661 1974 717 per
2017 660 2146 716 pro-

492 745 730 819 phetam
760 746 958 799 autem
984 757 997 796 :
1029 740 1183 796 Dixit
1209 740 1488 794 inimicus.
1520 739 1850 806 :Persequar
1891 738 1941 790 et
1995 749 2143 789 cam-

493 832 834 907 prehendam
862 831 938 898 ";
985 833 1047 886 et
1111 844 1214 900 per
1271 828 1446 883 aliam
1505 826 1757 881 iterum:
1822 825 2144 881 Universum

492 933 700 980 terram
727 917 1180 992 comprehendam
1226 933 1397 973 manu
1437 931 1563 971 mea
1612 917 1771 987 quasi
1820 913 2041 980 nidum,
2089 921 2143 968 et

492 1013 660 1086 quasi
687 1009 952 1067 derelicta
981 1024 1082 1065 ova
1111 1007 1306 1063 tollam
1335 1006 1403 1060 “.
1436 1005 1590 1062 650
1621 1002 1784 1059 Talia
1839 1001 1925 1056 illi
1966 1000 2141 1072 jacti-

495 1105 644 1174 tant,
674 1105 733 1157 et
760 1116 824 1157 se
851 1099 1109 1154 facturos
1139 1097 1512 1169 promittunt,
1565 1097 1632 1148 ut
1659 1092 1790 1164 pios
1817 1091 2141 1147 circumve-

493 1189 683 1247 niant.
713 1188 823 1245 Sed
854 1203 927 1243 ne
959 1186 1064 1243 has
1093 1184 1330 1257 quidem
1362 1185 1491 1254 ejus
1538 1181 1878 1253 pbantasias
1917 1183 2144 1252 oportet

495 1296 606 1336 nos
636 1278 734 1351 qui
766 1275 969 1332 ﬁdeles
999 1291 1210 1331 sumus
1243 1271 1642 1339 reformidare,
1678 1285 1782 1325 nec
1813 1268 1939 1341 eius
1961 1274 2143 1325 atten-

495 1369 633 1425 dere
658 1366 925 1424 vocibus.
973 1364 1252 1419 Mentitur
1300 1361 1540 1432 quippe,
1592 1357 1855 1428 nihilque
1902 1374 2143 1430 prorsus

494 1456 618 1514 veri
646 1454 929 1527 loquitur.
950 1457 1090 1509 Nam
1121 1451 1257 1506 licet
1283 1448 1425 1506 talia
1441 1455 1495 1504 et
1517 1454 1636 1503 tam
1661 1449 1848 1503 multa
1867 1447 2144 1503 audacter

497 1545 732 1602 locutus
761 1543 859 1608 sit,
893 1540 1064 1614 quasi
1097 1540 1271 1596 draco
1302 1555 1335 1594 a
1364 1537 1664 1594 Salvatoro
1695 1538 1870 1592 hamo
1920 1540 2142 1592 tractus

494 1639 607 1703 est,
637 1640 697 1690 et
716 1631 883 1704 quasi
894 1631 1257 1701 jumentum,
1286 1627 1609 1700 eapistrum
1629 1627 1873 1682 naribus
1898 1625 2138 1697 accepit,

497 1739 565 1781 ao
587 1721 746 1778 velut
775 1719 1056 1793 fugitivus
1086 1733 1260 1773 nares
1289 1715 1507 1772 annulo
1558 1715 1784 1771 vinctas
1834 1715 2030 1782 habet,
2085 1719 2143 1770 et

494 1812 651 1868 labia
678 1809 910 1867 armilla
938 1808 1248 1881 perforata.
1309 1806 1666 1878 Ligatusque
1713 1808 1804 1860 est
1833 1821 1867 1859 a
1898 1803 2140 1859 Domino

494 1905 780 1972 tanquam
812 1913 1036 1971 passer,
1069 1900 1135 1952 ut
1160 1895 1444 1950 illudatur
1473 1894 1704 1994 apobis
1733 1894 1798 1947 ".
1833 1893 2010 1949 Positi
2042 1909 2140 1994 au:
2171 1919 2218 1984 Β

495 1996 616 2047 tem
663 1993 804 2044 sunt
852 2003 988 2043 cum
1047 1986 1191 2056 ipse,
1240 1989 1368 2039 tum
1417 1983 1557 2039 socii
1606 1983 1920 2050 daemones,
1970 1983 2142 2054 quasi

494 2078 835 2150 scorpiones
867 2082 926 2132 et
982 2077 1305 2146 serpentes,
1353 2077 1418 2128 ut
1465 2071 1879 2128 eonculcentur
1905 2088 1940 2126 a
1970 2071 2140 2127 nobis

498 2165 846 2223 Christianis
875 2166 938 2220 “.
998 2163 1203 2234 Cujus‘
1236 2162 1318 2218 rei
1375 2166 1784 2232 argumentum
1835 2159 1977 2214 illud
2028 2164 2138 2229 est,

496 2257 652 2328 quod
678 2256 922 2325 nosjam
952 2253 1081 2308 vita:
1103 2251 1373 2306 instituto
1396 2250 1506 2321 ipsi
1525 2248 1856 2304 adversario
1881 2255 2135 2304 utamur.

495 2344 642 2400 Nam
674 2343 776 2416 qui
809 2341 1069 2397 minatus
1099 2340 1289 2395 fuerat
1313 2354 1376 2394 se
1399 2338 1824 2393 exsiccaturum
1855 2353 2040 2403 mare,
2083 2342 2140 2392 st

495 2431 697 2487 orbem
727 2433 1016 2485 terrarum
1047 2425 1634 2499 comprehensurum,
1669 2425 1719 2479 is
1745 2427 1868 2494 jam
1903 2441 2016 2479 non
2049 2441 2139 2479 va-

490 2519 574 2576 let
600 2517 1071 2575 exercitationem
1101 2519 1356 2572 vestram
1386 2514 1692 2586 impedire,
1716 2514 1816 2568 sed
1840 2529 2028 2584 neque
2051 2530 2140 2570 me

492 2612 696 2665 contra
725 2623 788 2664 se
845 2607 1180 2678 loquentem
1231 2603 1522 2660 cohibere.
1583 2603 1663 2659 Ne
1697 2602 1890 2658 verbis
1939 2604 2138 2673 itaque

489 2699 619 2770 ejus
648 2695 1038 2753 adhibeamus
1093 2694 1379 2758 animum,
1437 2691 1723 2748 mentitur
1769 2691 1962 2748 enim:
1998 2707 2138 2748 neve

487 2785 831 2860 phantasias
863 2784 1013 2856 ejus,
1045 2781 1400 2838 vanissimas
1429 2797 1593 2848 sane,
1626 2780 2133 2852 pertimescamus.

484 2875 610 2934 Non
631 2889 836 2932 verum
867 2872 1085 2944 quippe
1114 2870 1311 2926 lumen
1343 2870 1400 2924 in
1423 2868 1540 2924 illis
1563 2873 1839 2940 apparet;
1864 2870 1966 2924 sed
1988 2886 2134 2940 pras-

486 2963 650 3021 ludia
679 2962 876 3036 potius
905 2965 966 3016 et
989 2959 1280 3032 imagines
1313 2959 1468 3030 ignis
1498 2957 1644 3029 ipsis
1693 2958 1916 3029 parati:
1971 2962 2028 3012 et
2073 2957 2133 3012 in

489 3052 705 3126 quibus
734 3050 821 3106 illi
849 3047 1130 3106 exurendi
1160 3055 1299 3104 sunt
1327 3046 1607 3116 ﬂammis,
1638 3046 1698 3100 in
1722 3045 1931 3102 iisdem
1951 3045 2135 3101 homi-

487 3157 594 3198 nes
621 3145 944 3214 perterrers
973 3141 1280 3194 conantur.
1315 3138 1611 3206 Apparent
1631 3150 1847 3201 revera,
1878 3135 1978 3190 sed
2001 3150 2132 3190 eva-

484 3232 735 3286 nescunt
763 3227 916 3283 illico
945 3243 960 3280 :
995 3225 1227 3281 nemine
1256 3223 1495 3295 quidem
1529 3222 1666 3278 laeso
1699 3220 1980 3291 ﬁdelium,
2013 3224 2132 3279 imo

481 3317 597 3390 ipsi
630 3315 949 3388 imaginem
971 3316 1168 3370 ferunt
1182 3312 1338 3384 ignis
1358 3328 1392 3366 a
1417 3327 1534 3382 quo
1553 3312 1790 3366 demum
1808 3313 2132 3384 excipiendi

480 3410 641 3463 sunt.
673 3405 861 3470 Quare
891 3419 998 3460 nec
1027 3419 1096 3458 ea
1121 3401 1206 3455 illi
1239 3401 1467 3456 ratione
1516 3405 1656 3455 sunt
1677 3401 2124 3458 extimescendi:

475 3511 630 3552 vana
657 3495 878 3567 quippe
907 3508 1010 3565 per
1025 3490 1236 3546 Christi
1258 3489 1508 3562 gratiam
1538 3493 1676 3544 sunt
1701 3490 1899 3547 omnia
1925 3507 2126 3548 eorum

479 3583 805 3642 molimina.

2255 639 2312 697 δὲ
2399 642 2579 716 ὥσπερ
2657 639 2816 711 ξύλον
2893 639 3130 716 σαθρόν·
3192 640 3397 714 ἥγηται
3482 637 3540 696 δὲ
3623 639 3904 696 θάλασσαν

2252 730 2433 806 ὥσπερ
2501 729 2872 804 ἐξάλειπτρον,
2925 730 3018 784 τὸν
3095 726 3152 784 δέ
3222 731 3487 806 τάρταρον
3561 736 3663 799 τῆς
3741 725 3911 784 ἀϐύσ-

2252 841 2347 875 σου
2423 819 2604 895 ὥσπερ
2678 817 3042 893 αἰχμάλωτον
3079 837 3091 850 ·
3154 816 3445 894 ἓλογίσατο
3522 813 3756 874 ἄϐυσσον
3829 819 3904 880 ὡς

2250 908 2567 985 περίπατον·
2603 904 2692 961 διὰ
2748 904 2806 961 δὲ
2858 911 2955 962 τοῦ
3009 909 3316 984 προφήτου·
3371 908 3532 965 Εἶπεν
3594 909 3623 964 δ
3673 906 3902 984 ἐχθρός

2251 998 2455 1068 Διώξας
2510 995 2936 1070 καταλήψομαισ
2997 996 3087 1051 καὶ
3143 993 3309 1051 πάλιν
3369 994 3439 1051 δι’
3499 995 3721 1073 ἑτέρου·
3786 999 3902 1066 Τήν

2253 1086 2578 1160 οἰκουμένην
2656 1084 2795 1156 ὅλην
2851 1082 3242 1158 καταλήψομαι
3295 1089 3364 1160 τῇ
3423 1085 3572 1162 χειρί
3632 1108 3762 1160 μου,
3825 1087 3902 1148 ὡς

2250 1176 2514 1247 νεοσσιὰν,
2571 1174 2660 1230 καὶ
2733 1175 2806 1236 ὡς
2878 1172 3355 1248 καταλελειμμένα
3429 1174 3511 1230 ὠὰ
3581 1176 3717 1250 ἀρῶ.
3795 1176 3901 1232 Καὶ

2252 1264 2397 1326 ὅλως
2445 1268 2672 1319 τοιαῦτα
2725 1264 3026 1336 κομπάζειν
3085 1263 3447 1339 ἐπιχειροῦσι,
3487 1265 3577 1319 καὶ
3622 1263 3900 1340 ἐπαγγελ-

2252 1351 2438 1408 λονται
2487 1357 2675 1422 ταῦτα,
2735 1351 2883 1414 ὅπως
2913 1355 3024 1424 (69)
3058 1353 3380 1425 ἀπατήσωσι
3407 1352 3535 1416 τοὺς
3586 1348 3903 1409 θεοσεϐοὖνο

2247 1463 2364 1505 τας.
2398 1440 2552 1500 Ἀλλ’
2580 1444 2728 1514 ἡμᾶς
2779 1438 2895 1495 οὐδ’
2929 1441 3101 1503 οὕτως
3147 1439 3312 1497 πάλιν
3342 1444 3469 1518 ξχρὴ
3515 1441 3642 1505 τοὺς
3670 1442 3902 1506 πιστοὺς

2249 1533 2341 1593 τάς
2395 1552 2454 1587 τε
2503 1531 2792 1609 φαντασίας
2847 1531 3016 1585 τούτοῦ
3070 1526 3372 1606 φοϐεῖσθαι,
3403 1531 3492 1587 καὶ
3536 1537 3656 1594 ταῖς
3689 1538 3901 1608 φωναῖς

2249 1620 2413 1676 αὐτοῦ
2443 1621 2756 1696 προσέχειν.
2791 1617 3055 1674 Ψεύδεται
3088 1622 3214 1696 γὰρ,
3244 1621 3335 1676 καὶ
3370 1618 3522 1677 οὐδὲν
3557 1621 3704 1683 ὅλως
3758 1620 3900 1692 ἀλη-

2251 1710 2337 1774 θὶς
2386 1708 2564 1765 λαλεῖ.
2599 1707 2824 1782 Ἀμέλει
2873 1708 3098 1763 τοιαῦτα
3142 1709 3233 1764 καὶ
3278 1707 3511 1765 τοσαῦτα
3559 1707 3749 1766 λαλῶν
3809 1712 3900 1766 καί

2251 1799 2664 1872 θρασυνόμενος,
2806 1797 2900 1870 μὶν
2934 1794 3143 1873 δράκων
3190 1797 3447 1870 εἱλκύσθη
3497 1803 3578 1871 τῷ
3621 1798 3900 1876 ἀγκίστρῳ

2249 1907 2393 1963 παρα
2448 1891 2544 1942 τοῦ
2606 1893 2886 1962 Σωτῆρος,
2939 1887 3015 1949 ὡς
3069 1882 3127 1942 δὲ
3183 1893 3380 1957 κτῆνος
3459 1882 3724 1966 φορϐαίαν
3783 1892 3900 1962 (70)

2250 1971 2412 2032 ἔλαϐε
2437 1975 2560 2050 περὶ
2589 1975 2683 2037 τὰς
2715 1974 2885 2051 ῥῖνας,
2913 1975 2988 2039 ὡς
3019 1972 3076 2029 δὲ
3133 1971 3403 2049 δραπέτης
3452 1976 3625 2052 κρίκῳ
3685 1974 3899 2034 δέδεται

2248 2064 2372 2128 τοὺς
2427 2071 2726 2140 μυκτῆρας,
2775 2064 2864 2118 καὶ
2925 2063 3140 2138 ψελλίῳ
3188 2065 3519 2141 τετρύπηται
3574 2067 3642 2120 τὰ
3697 2065 3918 2143 χείλη,¹

2250 2157 2345 2210 Καὶ
2382 2151 2589 2209 δέδεται
2627 2154 2723 2227 μὲν
2770 2154 2918 2227 παρὰ
2963 2158 3060 2208 τοῦ
3113 2154 3310 2230 Κυρίου
3358 2155 3434 2217 ὡς
3481 2156 3785 2228 στρουθίον,
3820 2157 3898 2218 εἷς

2245 2244 2308 2298 τὸ
2352 2244 2773 2311 καταπαίζεσθαι
2812 2243 2939 2317 παρ’
2988 2244 3167 2314 ἡμῶν·
3217 2241 3475 2298 τίθεινται
3527 2240 3584 2298 δὲ
3632 2245 3798 2307 αὐτός
3839 2267 3898 2300 τε

2246 2332 2335 2386 καὶ
2384 2333 2436 2386 οἱ
2482 2331 2573 2385 σὺν
2600 2331 2748 2402 αὐτῷ
2795 2328 3069 2404 δαίμονες,
3103 2332 3175 2392 ὡς
3208 2332 3459 2408 σκορπίοι
3485 2333 3575 2387 καὶ
3607 2331 3784 2408 ὄφεις,
3816 2334 3895 2397 εἰς

2244 2423 2307 2475 τὸ
2354 2422 2770 2475 καταπατεῖσθαι
2827 2421 2954 2492 παρ’
3003 2423 3162 2492 ἡμῶν
3221 2425 3325 2474 τῶν
3389 2427 3746 2497 Χριστιανῶν.
3795 2425 3896 2479 Καὶ

2244 2512 2440 2566 τούτου
2465 2512 2750 2588 γνώρισμα
2781 2513 2914 2584 (71),
2946 2511 3010 2565 τὸ
3037 2515 3127 2565 νῦν
3160 2513 3309 2584 ἡμᾶς
3351 2511 3730 2578 πολιτεύεσθαι
3777 2517 3898 2570 κατ’

2245 2602 2428 2658 αὐτοῦ.
2455 2602 2515 2694 ’ΔΟ
2544 2602 2646 2694 γὰρ
2684 2602 2788 2694 τὴν
2841 2597 3108 2694 φάλασσαν
3159 2599 3634 2694 ξπαγζγελλόμενος
3684 2601 3894 2694 ἑξαλείξ
3933 2635 3946 2694 θ

2245 2711 2359 2767 φειν
2392 2689 2481 2745 καὶ
2511 2691 2610 2758 τήν
2649 2689 2974 2762 οἰκουμένην
3027 2685 3481 2763 καταλαμϐάνειν,
3517 2689 3635 2747 ἰδοὺ
3685 2697 3775 2747 νῦν
3827 2693 3892 2748 οὐ

2245 2778 2461 2835 δύναται
2511 2777 2754 2834 κωλῦσαι
2809 2780 2908 2848 τήν
2957 2777 3182 2850 ἄσκησιν
3232 2781 3404 2854 ὑμῶν,
3437 2779 3564 2836 ἀλλ’
3606 2779 3735 2837 οὐδὲ
3793 2781 3894 2856 ὲμὶ

2244 2867 2516 2924 λαλοῦντα
2557 2869 2672 2923 κατ’
2702 2865 2887 2924 αὐτοῦ.
2919 2869 3007 2937 Μὴ
3060 2868 3238 2924 τοίνυν
3288 2871 3647 2946 προσέχωμεν
3689 2873 3774 2926 οἷς
3825 2870 3887 2926 ἂν

2244 2955 2390 3030 λαλῇ
2421 2954 2694 3030 (ψεύδεται
2721 2957 2869 3032 γὰρ),
2907 2953 3047 3029 μηδὲ
3076 2954 3368 3032 δειλιῶμεν
3401 2957 3565 3014 αὐτοῦ
3611 2959 3704 3021 τὰς
3755 2981 3888 3038 φαν-

2239 3046 2444 3114 τασίας,
2476 3042 2689 3119 ψευδεῖς
2719 3045 2810 3100 καὶ
2855 3044 3018 3107 αὐτὰς
3065 3046 3462 3122 τυγχανούσας.
3494 3047 3571 3106 Οὐ
3618 3049 3720 3124 γὰρ
3769 3053 3887 3126 φῶς

2241 3134 2380 3190 ἐστιν
2435 3133 2632 3204 ἀληθὲς
2681 3134 2743 3189 τὸ
2800 3136 3125 3212 φαινόμενον
3174 3135 3226 3191 ἐν
3277 3137 3466 3199 αύταῖς
3497 3139 3632 3211 (72)'
3684 3142 3782 3192 τοῦ
3829 3135 3888 3192 δὲ

2242 3222 2653 3297 ἡτοιμασμένου
2678 3223 2849 3296 πυρὸς
2881 3224 3066 3285 αὐτοῖς
3118 3221 3331 3297 μᾶλλον
3372 3226 3441 3280 τὰ
3488 3226 3754 3302 προοίμια
3797 3226 3890 3281 καὶ

2241 3313 2337 3374 τὰς
2389 3313 2599 3376 εἰκόνας
2642 3313 2863 3390 φέρουσι
2891 3333 2904 3347 ·
2949 3313 3037 3367 καὶ
3088 3312 3140 3368 ἐν
3193 3317 3276 3377 οἷς
3321 3314 3696 3369 κατακαίεσθαι
3754 3315 3889 3388 μὲλ-

2239 3401 2452 3471 λουσιν,
2483 3401 2535 3456 ἐν
2592 3401 2808 3457 τούτοις
2863 3397 3110 3479 ἐκφοϐεῖν
3163 3402 3290 3466 τοὺς
3337 3403 3652 3478 ἀνθρώπους
3692 3404 3885 3480 πειρά-

2244 3497 2444 3561 ζουσιν.
2479 3488 2703 3564 ’Δμέλει
2751 3491 3050 3569 φαίνονται,
3081 3491 3170 3546 καὶ
3215 3493 3342 3567 παρ’
3370 3493 3507 3548 αὐτὰ
3551 3492 3716 3549 πάλιν
3758 3494 3893 3568 ἀφα-

2237 3581 2494 3650 νίζονται·
2535 3579 2835 3654 βλάψαντες
2864 3580 2959 3653 μὶν
2988 3579 3178 3636 οὐδένα
3216 3585 3324 3637 τῶν
3374 3587 3603 3652 πιστῶν,
3632 3583 3888 3660 φέροντες

1875 3703 2132 3763 VERSIO
2163 3706 2483 3764 EVAGRII.

471 3807 664 3881 anima
690 3805 807 3875 eius
830 3806 890 3881 ut
911 3819 1115 3881 pruna,
1145 3803 1365 3881 ﬂamma
1393 3816 1516 3881 vera
1541 3817 1613 3856 ea:
1639 3816 1737 3881 ore
1766 3803 1884 3874 ejus
1913 3803 2281 3881 glomeratur.
2313 3808 2455 3881 Cum
2493 3803 2848 3881 hujusmodi
2885 3804 3416 3881 terroribus‘visus
3464 3810 3555 3862 est
3603 3807 3880 3881 princeps

475 3873 828 3951 damouum,
862 3873 1384 3951 in;quit_Antoni_us,
1415 3878 1472 3951 et
1500 3873 1966 3951 ingentiasaepe,
1998 3881 2062 3930 ut
2091 3877 2232 3945 dixi,
2259 3873 2632 3951 promittens,
2653 3875 2974 3948 impietatis
2994 3875 3568 3951 suaedefuritlingua
3591 3873 3883 3951 magnilo-

475 3965 630 4022 qua:
663 3949 734 4004 de
763 3963 882 4022 qua
911 3944 1197 4022 Dominus
1225 3944 1631 4022 triumphavit,
1659 3945 1730 3998 ad
1758 3944 2138 4022 Job’dicens:
2170 3944 2498 4022 ᾼννόἰτναιιιν
2523 3964 2679 4022 enim
2701 3944 2920 4018 [érrum
2948 3957 3007 4022 at
3033 3949 3245 4022 paleas,
3269 3944 3641 4006 eramzntum
3691 3944 3760 4006 ἷιι
3803 3954 3880 4007 li-

474 4017 648 4092 g'num
661 4017 970 4092 putfidum,
1002 4019 1188 4092 mam'a
1216 4020 1278 4072 ut
1305 4032 1463 4072 erasa
1492 4017 1626 4092 (73),
1658 4021 1931 4092 tartarum
1953 4019 2217 4090 profundi
2243 4026 2511 4091 tanquam
2537 4020 2807 4092 captivum
2836 4017 3151 4088 xstimavit,
3188 4021 3444 4091 abyssum
3502 4031 3566 4076 ιιι
3609 4023 3881 4079 deambu-

475 4087 768 4149 latoridm:
783 4106 886 4163 per
904 4088 1246 4163 prophetam
1270 4103 1504 4160 quoque
1523 4090 1807 4163 increpat,
1830 4087 2030 4163 dicens
2050 4087 2063 4146 Ξ
2081 4087 2414 4163 Ρενεεᾳιιεᾶιδ
2433 4087 2882 4162 comprehendam
2900 4100 2950 4146 ct
2971 4087 3186 4146 omnem
3207 4087 3387 4148 or'bem
3411 4096 3685 4148 terrarum
3709 4111 3880 4150 manu

472 4181 598 4221 mea
625 4169 686 4218 ut
711 4159 1204 4235 nidum—obtineo,
1227 4163 1280 4215 et
1308 4165 1367 4214 ut
1393 4175 1496 4216 ova
1515 4159 1783 4235 derelicta
1813 4161 2206 4235 au_feram.__8io
2238 4159 2478 4235 iniquus
2511 4159 2777 4218 funereas
2809 4179 3083 4217 evomens
3113 4178 3302 4228 voces,
3363 4164 3510 4219 bene
3553 4165 3875 4222 viventium

473 4236 704 4318 uliquos
730 4235 1067 4317 frequenter
1096 4232 1400 4318 illaqueatl,
1431 4232 1531 4287 sed
1565 4231 1670 4285 bos
1700 4247 1804 4286 nec
1835 4231 2516 4318 ejus‘pulliﬁitationibus
2545 4235 2934 4318 crederehnec
2970 4235 3506 4318 minas‘formidare
3549 4237 3835 4318 debemus
3862 4256 3875 4292 :

472 4303 626 4364 fallit
653 4306 810 4362 enim
836 4303 1068 4379 semper
1096 4304 1209 4375 (74)
1247 4303 1746 4379 nihilque_verum
1779 4303 2087 4379 promittit.
2130 4305 2275 4364 Nam
2309 4307 2357 4362 si
2391 4323 2506 4361 non
2552 4305 2856 4379 mendacia
2898 4312 3114 4362 cuncta
3168 4305 3526 4379 loqueretur,
3579 4311 3877 4379 quomodo

470 4379 612 4435 talia
638 4383 698 4434 et
727 4381 849 4433 tam
880 4373 1111 4450 infinita
1138 4373 1496 4450 promittens
1519 4373 1694 4450 hamo
1723 4373 1914 4450 crucis
1944 4382 2007 4431 ut
2037 4377 2210 4450 draco
2238 4379 2628 4450 aduncatusa
2662 4377 2902 4450 Domino
2933 4383 3042 4450 est,
3073 4381 3130 4432 et
3156 4373 3407 4450 capistro
3438 4373 3654 4450 ligatus
3688 4388 3752 4435 ut
3774 4383 3873 4450 ju-

467 4454 756 4517 mentum,
787 4453 846 4504 et
876 4447 1046 4520 quasi
1079 4447 1438 4520 mancipium
1472 4446 2044 4520 fugitivumvinctus
2076 4449 2312 4516 circulo,
2345 4447 2820 4505 etarmillalabia
2842 4449 3190 4520 perforatus,
3213 4446 3442 4505 nullum
3464 4446 3704 4506 o'mnino
3728 4446 3860 4508 ﬁde-

466 4521 614 4577 lium
644 4517 919 4602 devorare
949 4517 1350 4602 permittitur?
1382 4517 1546 4602 Nunc
1577 4517 1950 4602 miserabilis,
1957 4525 2041 4602 ut
2066 4537 2272 4602 passer
2299 4522 2370 4576 ad
2403 4520 2613 4602 ludum
2641 4517 2901 4602 irretitus
2929 4537 2966 4602 α
2981 4520 3218 4602 ‘Christo
3250 4526 3377 4602 est;
3417 4539 3591 4602 _nunc
3624 4526 3870 4602 comites

464 4610 606 4650 suos
639 4588 1271 4664 quasiscorpioneset
1301 4595 1621 4664 serpentes,
1652 4588 1922 4645 calcaneo
1954 4588 2420 4648 Christianorum
2452 4593 2784 4664 substratos
2815 4593 3035 4663 gemit:
3068 4592 3166 4648 ille
3196 4595 3298 4664 qui
3333 4593 3602 4649 universa
3620 4596 3808 4650 maria
3836 4613 3871 4651 a

464 4682 528 4721 se
560 4660 752 4721 delata
783 4660 1145 4736 plaudebat:
1172 4661 1268 4736 ille
1300 4660 1410 4732 qui
1432 4661 1633 4716 orbem
1665 4668 1948 4736 terrarum
1983 4679 2159 4718 manu
2189 4681 2298 4719 sua
2327 4665 2510 4719 teneri
2543 4660 2946 4736 pollicebatur,
2977 4680 3110 4736 ecce
3141 4682 3174 4719 a
3203 4660 3366 4720 vobis
3415 4665 3688 4732 vincitur,
3740 4684 3872 4724 ecce

464 4753 559 4792 me
588 4732 900 4792 adversum
932 4751 995 4791 se
1026 4733 1334 4807 prohibere
1358 4737 1704 4807 _n0n_p_otest
1723 4732 2131 4807 disputantem
2163 4736 2297 4806 (75).
2331 4732 2767 4792 Contemnenda
2794 4745 2900 4803 est,
2933 4735 3118 4802 ﬁlioli,

461 4809 657 4866 verbis
683 4807 966 4880 superba
1005 4803 1246 4880 Iactatio
1289 4805 1398 4880 (16)
1432 4820 1446 4859 :
1482 4803 1673 4880 fulgor
1721 4803 1843 4860 ille'
1874 4821 1989 4876 quo

3193 4736 3386 4793 enitus
3424 4751 3556 4792 cum
3589 4739 3870 4795 inanibus

2056 4806 2361 4879 lucere_se
2417 4807 2677 4871 simulat,
2741 4823 2855 4863 non
2913 4808 3032 4863 veri
3081 4806 3361 4879 splendor
3416 4815 3505 4864 est
3576 4809 3866 4877 luminis;

464 4882 563 4937 sed
597 4875 813 4952 quibus
843 4875 1087 4936 arsurus
1115 4885 1203 4934 est
1231 4875 1451 4932 indicat
1479 4876 1788 4933 ﬂammas:
1820 4875 1958 4932 nam
1990 4876 2142 4935 dicto
2179 4877 2354 4935 citius
2399 4880 2698 4946 recedens,
2757 4895 3006 4935 suarum
3065 4875 3266 4936 secum
3323 4879 3499 4937 refert
3547 4875 3872 4939 simulacra

462 4968 790 5025 pmnarum.

530 5068 577 5104 ⁵³
601 5068 708 5124 Job
734 5084 848 5136 xu,
882 5066 1069 5122 18-21.
1145 5064 1190 5101 ⁸³
1217 5064 1392 5120 Exod.
1425 5079 1517 5130 xv,
1549 5063 1604 5119 9.
1680 5062 1726 5098 "
1758 5062 1869 5132 Isa,
1902 5080 1959 5131 x,
1992 5065 2078 5122 14.
2155 5067 2199 5102 ⁸⁸
2227 5067 2334 5123 Job
2365 5084 2460 5136 XL,
2493 5068 2677 5124 19-24.
2753 5067 2796 5104 ⁵⁸
2829 5068 2965 5125 Luc.
3000 5087 3056 5134 x,
3089 5069 3176 5124 19.

530 5199 890 5278 (69)_ng_i_us
913 5201 970 5268 2,
1003 5197 1335 5278 et_(_301_be_rt.
1366 5199 1420 5278 ξ,
1451 5192 1595 5268 τάχη
1630 5197 1769 5256 πῶς.
1803 5196 2102 5278 ιητιιῃρή

457 5268 708 5329 ἀθοεῐίῐι
738 5268 932 5340 editis,
967 5271 1067 5326 sed
1101 5269 1349 5324 habetur
1379 5269 1436 5323 in
1469 5284 1612 5340 mss.
1633 5283 1777 5339 pene
1803 5268 2100 5324 omnibus.

525 5344 638 5416 (70)
671 5341 764 5399 Sic
819 5339 981 5411 editi,
1013 5345 1072 5397 et
1128 5341 1343 5416 Regius
1397 5339 1727 5416 sec_undus,_
1749 5345 1807 5416 et
1864 5343 2103 5416 Graecus

450 5400 764 5486 Scriptura
804 5400 1020 5486 textus.
1062 5417 1150 5486 at
1177 5400 1427 5486 Golbert.
1481 5412 1532 5486 1_,
1570 5400 1863 5486 _q>op$eieiv.
1897 5415 2095 5486 Regi

451 5479 882 5560 et‘Colbsrtin.
931 5486 993 5560 2,
1053 5484 1109 5550 3,
1173 5479 1430 5560 φορϐἑαν.
1492 5479 2012 5539 Infra'Colbertin'.
2041 5485 2098 5557 2,

450 5553 704 5639 ψεὲλξφλ
734 5550 1057 5639 εὲίίψξλίφο
1502 5623 1517 5639 .
1635 5627 1660 5638 -

517 5623 1035 5755 pilColhegtinus
1078 5627 1399 5711 secundus,
1429 5623 1520 5679 καὶ
1567 5627 1729 5680 τοῦτο
1783 5625 2092 5701 γνώρισμα.

543 5719 608 5755 ra
635 5701 812 5755 Idem.
843 5717 1072 5755 ασκησιν
1101 5698 1286 5755 ἡμων.

446 5698 812 5768 Ῑηΐιδοξίᾶοω,
843 5698 1072 5767 ἄσκησιν
1101 5698 1286 5768 ἡμῶν.
1799 5698 1806 5700 ’
1904 5698 1911 5701 “

519 5760 636 5846 (72)
664 5771 882 5845 Regius
914 5770 1229 5838 secundus,
1263 5766 1591 5841 φαινόμενον
1623 5763 1675 5822 ἐν
1731 5766 1933 5831 αὐτοῖς.
1961 5769 2091 5827 Gol-

2219 5199 2433 5279 bertin:
2465 5202 2528 5279 2,Δ
2577 5198 3188 5279 φαινιύμεν-ονηᾳύτοῖςη
3216 5201 3353 5274 Reg.
3395 5203 3475 5279 _1,
3517 5199 3862 5279 ’φαινόμενον

2215 5269 2763 5345 παρῘ-αύτοῖςξΕᾴᾗῐί
2795 5277 2852 5328 et
2881 5270 3007 5340 alii,
3035 5269 3358 5345 φαινόμενον
3390 5269 3441 5326 ἐν
3460 5269 3680 5335 αὐταῖς.

2309 5343 2394 5411 73)
2426 5343 2518 5398 Sic
2576 5343 2813 5414 quidam
2862 5359 3007 5399 mss.
3049 5343 3400 5412 Bollandus,
3452 5350 3513 5401 ut
3554 5355 3721 5414 terra,
3761 5345 3860 5402 alii

2207 5429 2386 5540 ansa,
2412 5423 2475 5470 ut
2505 5429 2662 5483 aera,
2694 5432 2822 5487 quis
2853 5419 3150 5488 postrema
3209 5433 3325 5473 non
3375 5418 3667 5490 quadrent
3725 5435 3861 5476 cum

2256 5501 2444 5540 meis.

2256 5501 2444 5542 P8018.

2278 5557 2394 5699 ἕπέ
2423 5557 2515 5612 Sic
2548 5556 2958 5630 manuscripti.
2991 5556 3307 5614 Bollandus
3336 5573 3492 5628 vero,
3517 5562 3861 5633 frequenter.

2299 5629 2370 5682 75
2421 5628 2551 5684 Haec
2581 5628 2838 5686 multum
2870 5629 3094 5686 breviat
3123 5629 3423 5699 Evagrius.

2300 5558 2369 5611 74
2423 5558 2515 5612 Sic
2548 5558 2958 5630 manuscripti.
2991 5558 3307 5614 Bollandus
3336 5573 3423 5614 vei

2299 5558 2394 5771 75:
2421 5628 2551 5711 Haec
2581 5628 2838 5686 multum
2870 5629 3094 5686 breviat
3123 5629 3423 5703 Evagrius.

2299 5701 2366 5754 76
2417 5700 2511 5756 Sic
2543 5716 2751 5756 omnes
2777 5702 3185 5771 manuscripti.
3221 5701 3423 5760 Bollan

2275 5700 2386 5776 (76)
2411 5700 2511 5776 Sic
2543 5716 2751 5776 omnes
2777 5702 3185 5775 manuscripti.
3221 5700 3540 5760 Bollandus
3570 5719 3735 5776 vero,
3765 5721 3861 5760 su-

2200 5771 2371 5843 perba
2399 5772 2684 5841 iactantia.
