4074 6354
200 473 318 535 881

1571 475 1760 536 VITA
1801 475 1867 535 S.
1907 477 2254 537 ΑΝΤΟΝΠ.

3501 469 3620 530 882

200 602 260 660 δέ
293 606 411 679 μεθ’
439 606 644 660 ἑαυτῶν
675 604 773 674 τὴν
808 603 1150 682 ἀφομοίωσιν
1190 608 1288 660 τοῦ
1338 604 1642 679 μέλλοντος
1697 604 1894 660 αὐτοὺτ
1941 603 2189 682 δέχεσθαι
2237 610 2430 684 πυρός.
2483 610 2642 667 Ὅθεν
2696 605 2822 663 οὐδὲ
2874 604 3049 668 οὕτως
3078 597 3358 683 φοϐεῖσθαι
3389 599 3616 662 τούτους

196 697 465 771 προσήκει
500 713 514 726 ·
547 695 724 748 πάντα
741 695 851 770 γὰρ
875 692 1048 749 αὐτῶν
1086 692 1175 750 διὰ
1196 697 1296 765 τὴν
1325 700 1428 750 τοῦ
1459 699 1700 772 Χριστοῦ
1722 693 1883 770 χάριν
1908 694 1984 759 εἷς
2013 693 2167 751 οὐδὲν
2193 695 2301 752 ἐστι
2332 697 2400 753 τὰ
2419 695 2844 771 ἐπιτηδεύματα.

271 787 362 841 25.
397 781 586 839 Δόλιοι
628 781 686 838 δέ
736 782 838 837 είσι
881 784 971 839 καὶ
1022 784 1237 857 ἓτοιμοι
1285 785 1422 862 πρὸς
1470 785 1641 841 πάντα
1690 805 1840 858 μετα-

2032 787 2122 844 25.
2155 787 2352 843 Dolosi
2384 792 2524 844 sunt
2553 787 2752 853 etiam,
2785 790 2960 858 atque
2980 783 3170 858 parati
3190 783 3261 838 ad
3285 797 3519 839 omnem
3552 798 3615 841 se

197 868 496 928 ϐάλλεσθαι
554 871 645 927 καὶ
707 872 1296 948 μετασχηματίζεσθαι.
1362 871 1638 936 Πολλάκις
1713 877 1842 948 γοῦν

195 962 286 1017 καὶ
335 960 566 1036 ψάλλειν
629 961 744 1034 μετ’
792 958 940 1034 ᾠδῆς
990 967 1416 1037 προσποιοῦνται
1476 964 1552 1035 μὴ
1596 962 1846 1040 φαινόμε-

191 1072 302 1120 νοι,
329 1051 421 1106 καὶ
455 1049 856 1123 μνημονεύουσι
903 1054 1011 1105 τῶν
1058 1051 1163 1106 ἀπὸ
1209 1056 1318 1106 τῶν
1347 1056 1571 1128 Γραφῶν
1595 1049 1790 1122 λέξεων
1829 1071 1842 1083 ο

190 1134 398 1196 ἔστιδὲ
427 1139 517 1195 ὅτε
563 1141 652 1195 καὶ
702 1139 1179 1214 ἀναγινωσκόντων
1230 1143 1415 1213 ἡμῶν,
1465 1139 1621 1205 εὐθὺς
1662 1141 1842 1217 ὥσπερ

190 1230 323 1306 ἠχὼ
357 1229 604 1306 λέγουσιν
636 1228 790 1284 αὐτοὶ
818 1229 888 1284 τὰ
927 1227 1060 1284 αὐτὰ
1106 1228 1378 1291 πολλάκις
1431 1230 1563 1304 ἅπερ
1603 1229 1841 1305 ἀνέγνω-

191 1340 311 1375 σται
371 1321 485 1393 (77)
520 1336 534 1349 ·
591 1319 681 1374 καὶ
733 1319 1113 1392 κοιμωμένους
1159 1321 1306 1392 ἡμᾶς
1357 1316 1710 1394 διεγείρουσιν
1765 1318 1840 1381 εἷς

187 1407 503 1483 προσευχάς
535 1424 550 1440 ⁸
580 1405 670 1461 καὶ
719 1411 882 1462 τοῦτο
933 1411 1177 1483 συνεχῶς
1230 1410 1472 1475 ποιοῦσι,
1518 1405 1713 1482 σχεδὸν
1764 1408 1837 1480 μή

190 1494 570 1571 ἰπιτρέποντες
616 1497 753 1568 ἡμῖν
803 1492 944 1569 μηδὲ
987 1498 1299 1569 κοιμᾶσθαι.
1350 1499 1502 1553 Ἔστι
1547 1493 1604 1550 δὲ
1633 1492 1721 1551 ὅτε
1751 1497 1840 1551 καὶ

187 1585 592 1647 ἀποτυποῦντες
632 1583 851 1646 ἑαυτοὺς
899 1585 974 1647 είς
1024 1586 1284 1660 σχήματα
1335 1590 1615 1662 μοναχῶν,
1649 1586 1723 1648 ὠς
1755 1585 1840 1640 εὐ-

186 1668 380 1735 λαϐεῖς
421 1677 847 1749 προσποιοῦνται
879 1671 1066 1728 Λαλεῖν
1099 1675 1234 1748 (78),
1267 1671 1356 1730 ἵνα
1379 1680 1457 1747 τῷ
1489 1674 1666 1748 ὁμοίῳ
1698 1677 1838 1750 σχή-

190 1760 693 1836 ματιπλανήσωσι,
726 1763 817 1817 καὶ
865 1764 1057 1818 Λοιπὸν
1108 1761 1231 1827 ἔνθα
1281 1763 1525 1827 θέλουσιν
1569 1763 1838 1819 ὲλκύσωσι

181 1853 316 1914 τοὺς
351 1851 721 1922 ἀπατηθέντας
768 1853 896 1929 παρ’
942 1851 1140 1909 αὐτῶν.
1189 1851 1344 1909 Ἀλλ’
1389 1853 1449 1908 οὐ
1501 1854 1614 1929 χρή
1663 1873 1838 1930 προσ-

183 1941 336 2018 έχειν
397 1942 601 2012 αὑτοῖς,
653 1939 752 1997 κᾶν
831 1942 908 2006 εἰς
982 1944 1296 2017 προσευχὴν
1354 1939 1681 2018 διεγείρωσι,
1738 1941 1833 1997 κᾶν

181 2026 609 2104 συμϐουλεύωσι
661 2032 790 2104 μήθ’
857 2029 1003 2094 ὅλως
1078 2029 1294 2100 ἐσθίειν,
1363 2029 1460 2086 κᾶν
1513 2037 1832 2108 κατηγορεῖν

177 2120 272 2175 καὶ
325 2115 604 2188 ὀνειδίζειν
657 2121 766 2192 (79)
823 2122 1253 2196 προσποιῶνται,
1310 2119 1362 2175 ἐν
1413 2121 1492 2183 οἷς
1534 2141 1668 2176 ποτε
1713 2143 1835 2176 συν-

183 2209 424 2285 έγνωσαν
485 2174 786 2282 ήμῖνδΟῦ
844 2174 945 2285 (ἀρ
1007 2205 1078 2264 δι’
1149 2174 1433 2264 εὐλνάϐειαν
1478 2174 1840 2282 ,ἢήάλ-ήθήειαν
1872 2174 1920 2239 Β

187 2301 360 2354 ταῦτα
415 2302 688 2371 ποιοῦσιν,
745 2295 873 2353 ἀλλ’
927 2297 1020 2352 ἵνα
1072 2296 1199 2360 τοὺς
1246 2298 1528 2376 ἀκεραίους
1576 2299 1652 2363 εἷς
1705 2300 1842 2356 ἀπό-

183 2408 386 2464 γνωσιν
418 2386 730 2465 ἰνὲγκωσιν,
777 2387 867 2442 καὶ
925 2385 1182 2466 ἀνωφελῆ
1224 2389 1324 2458 τὴν
1367 2387 1591 2460 ἄσκησιν
1625 2386 1840 2459 εἷ’πωσι,

183 2477 473 2534 ναπιᾶσαί
530 2498 590 2532 τε
657 2479 932 2548 ποιήσωσι
1000 2479 1112 2550 (80)
1193 2476 1320 2541 τοὺς
1365 2477 1705 2554 ἀνθρώπους,
1766 2479 1841 2542 ὡς

185 2571 453 2646 φορτικοῦ
500 2565 590 2621 καὶ
641 2566 948 2641 βαρυτάτου
1000 2561 1154 2627 ὄντος
1204 2571 1301 2621 τοῦ
1362 2569 1638 2643 μονήρους
1699 2567 1841 2644 βίου,

190 2656 284 2712 καὶ
315 2653 651 2730 ἐμποδίσωσι
680 2654 809 2717 τοὺς
831 2654 950 2710 κατ’
975 2654 1150 2710 αὐτῶν
1181 2654 1662 2729 πολιτευομένους.

265 2748 357 2802 26.
415 2745 477 2802 Ὁ
535 2745 628 2818 μὲν
690 2745 780 2798 οὗν
838 2746 1130 2822 προφήτης
1180 2743 1504 2807 ἀποσταλεὶς
1550 2748 1696 2822 παρὰ
1745 2751 1842 2802 τοῦ

191 2835 421 2910 Κυρίου,
454 2831 732 2902 ἐταλάνιζε
757 2833 884 2896 τοὺς
915 2832 1196 2896 τοιούτονς
1227 2832 1398 2910 λέγων
1436 2856 1448 2869 ·
1489 2833 1620 2890 Οὐαὶ
1669 2837 1698 2891 ὁ
1742 2857 1842 2891 πο-

187 2925 360 2994 τίζων
439 2922 531 2978 τόν
609 2922 846 2995 πλησίον
928 2921 1091 2978 αὐτοῦ
1175 2922 1482 2996 ἀνατροπὴν
1564 2924 1790 2999 θολεράν
1827 2969 1841 2983 .

188 3013 274 3071 Τὰ
300 3013 403 3089 γὰρ
449 3016 673 3068 τοιαῦτα
725 3010 1131 3086 ἐπιτηδεύματα
1172 3012 1262 3067 καὶ
1317 3013 1674 3087 ἐνθυμήματα
1715 3017 1842 3071 ἀνα-

185 3103 452 3176 τρεπτικά
475 3108 574 3170 τῆς
623 3101 701 3163 εἷς
750 3101 946 3176 ἀρετὴν
997 3099 1266 3179 φερούσης
1318 3101 1459 3156 ἐστὶν
1509 3101 1658 3160 ὁδοῦ.
1691 3104 1752 3161 Ὁ
1785 3101 1843 3159 δὲ

189 3190 392 3267 Κύριος
423 3189 582 3253 αὐτὸς
616 3188 686 3245 δι’
715 3190 931 3264 ἑαυτοῦ,
971 3189 1147 3245 καίτοι
1177 3189 1390 3262 τάληθῆ
1425 3190 1684 3267 λέγοντας
1713 3192 1841 3257 τοὺς

190 3275 459 3352 δαίμονας
509 3278 714 3352 (ἀληθῆ
765 3277 868 3352 γὰρ
926 3273 1136 3354 ἔλεγον·
1187 3278 1262 3333 Σὺ
1335 3283 1384 3334 εἴ
1443 3281 1470 3334 ὁ
1519 3282 1643 3343 Υἱὸς
1685 3286 1840 3356 Θεοῦ)

190 3367 348 3442 ὅμως
379 3367 603 3447 ἐφίμου,
634 3368 724 3423 καὶ
757 3364 946 3422 λαλεῖν
981 3367 1208 3436 ἐκώλυε,
1261 3370 1337 3442 μή
1396 3390 1527 3424 ποτε
1582 3371 1715 3444 μετά
1742 3375 1840 3438 τῆς

192 3455 455 3529 ἀληθείας
503 3456 595 3512 καὶ
640 3457 740 3526 τὴν
790 3454 926 3511 ἰδίαν
965 3457 1154 3512 κακίαν
1202 3457 1578 3535 ἐπισπείρωσι,
1628 3459 1716 3515 καὶ
1752 3459 1844 3516 ’ἱνα

1954 874 2206 930 formam
2237 880 2414 947 atque
2457 876 2710 948 speciem
2758 874 3094 930 transferre.
3147 872 3498 944 Plerumque
3526 875 3611 927 et-

1954 962 2111 1018 enim
2142 981 2204 1019 se
2233 964 2493 1036 psalmos
2519 980 2726 1020 canere
2752 963 3055 1032 simulant,
3088 961 3226 1017 licet
3251 959 3495 1017 minime
3523 959 3612 1014 vi-

1951 1052 2698 1125 deanturfmemorantque
2728 1053 3162 1126 Scripturarum
3191 1051 3387 1107 verba.
3420 1053 3610 1122 Sape-

1955 1158 2199 1198 numero
2227 1143 2396 1198 nobis
2429 1143 2779 1215 legentibus,
2810 1160 2935 1214 qua
2988 1158 3096 1198 nos
3124 1140 3374 1212 legimus
3406 1140 3610 1196 statim

1953 1230 2125 1302 quasi
2157 1231 2297 1286 echo
2330 1232 2734 1304 repetuntipsi
2771 1248 2784 1288 :
2819 1231 3176 1288 dormientes
3196 1246 3304 1287 nos
3320 1230 3392 1286 ad
3410 1245 3611 1302 preces

1951 1319 2242 1374 excitant:
2267 1322 2420 1392 quod
2453 1320 2783 1390 frequenter
2811 1319 2896 1374 illi
2946 1323 3149 1392 agunt,
3183 1321 3250 1374 ut
3297 1333 3609 1390 propemo-

1953 1407 2093 1462 dum
2127 1408 2382 1464 dormire
2419 1425 2534 1463 non
2567 1409 2784 1464 sinant.
2818 1407 3174 1479 Aliquando,
3208 1406 3401 1479 specie
3432 1422 3611 1462 mona

1951 1496 2081 1552 stici
2114 1496 2353 1552 habitus
2384 1497 2889 1569 assumpta,quasi
2920 1497 3000 1570 pii
3030 1496 3138 1551 viri
3169 1494 3514 1567 loquuntur,
3544 1498 3611 1550 ut

1953 1586 2188 1641 habitus
2219 1586 2608 1642 similitudine
2638 1586 2952 1658 decipiant,
3009 1591 3187 1658 atque
3225 1585 3462 1657 decepto
3505 1583 3605 1639 de-

1949 1691 2114 1730 mum
2147 1692 2263 1748 quo
2294 1675 2582 1732 voluerint
2611 1676 2868 1731 trahant.
2901 1677 3050 1732 651
3084 1675 3302 1731 Verum
3326 1672 3613 1735 audiendi

1949 1782 2064 1821 non
2099 1771 2259 1834 sunt,
2287 1765 2394 1820 etsi
2427 1766 2496 1820 ad
2532 1766 2816 1821 orandum
2851 1765 3122 1835 excitent,
3153 1766 3265 1822 etsi
3298 1765 3606 1822 hortentur

1947 1859 2012 1909 ut
2041 1853 2189 1908 nihil
2224 1870 2465 1927 prorsus
2498 1855 2898 1924 comedamus,
2931 1854 3163 1910 etiamsi
3194 1871 3469 1911 accusare
3500 1859 3603 1912 aut

1946 1943 2247 1998 convitiari
2271 1942 2598 2014 videantur,
2629 1945 2703 2000 de
2731 1943 2949 2015 quibus
2979 1943 3198 2000 conscii
3241 1944 3412 2001 nobis
3440 1948 3597 2000 sunt.

1944 2031 2073 2088 Non
2103 2032 2258 2089 enim
2291 2032 2528 2104 pietatis
2561 2036 2664 2090 aut
2694 2033 2952 2090 veritatis
3001 2033 3198 2089 studio
3228 2033 3348 2089 haec
3379 2037 3601 2105 agunt;

1950 2122 2052 2177 sed
2086 2126 2152 2176 ut
2189 2121 2578 2194 simpliciores
2628 2123 2699 2178 ad
2759 2121 3229 2196 desperationem
3257 2123 3552 2179 deducant
3584 2139 3599 2179 :

1952 2209 2339 2283 inutilemque
2369 2211 2570 2267 dicant
2614 2211 2926 2268 asceticam
2973 2211 3174 2281 vitam,
3209 2226 3606 2283 nauseamque

1952 2299 2294 2356 hominibus
2325 2300 2573 2356 afferant
2595 2300 2934 2357 monasticae
2959 2301 3113 2372 vitai,
3138 2304 3422 2372 tanquam
3462 2316 3603 2356 one-

1952 2405 2098 2446 resaa
2126 2393 2184 2445 et
2209 2389 2641 2446 molestissimas
2673 2407 2687 2446 :
2719 2393 2778 2446 et
2807 2406 2936 2446 eam
2983 2390 3389 2446 exercentibus
3417 2388 3605 2462 impe-

1952 2477 2213 2534 dimento
2244 2479 2383 2535 sint.

2021 2747 2110 2801 26.
2147 2745 2432 2818 Propheta
2459 2746 2656 2818 itaque
2683 2763 2717 2802 a
2771 2745 3018 2803 Domino
3075 2746 3318 2812 missus,
3353 2745 3602 2802 miseros

1950 2832 2084 2890 illos
2138 2835 2479 2907 pronuntiat
2523 2835 2616 2890 his
2658 2834 2851 2892 verbis
2895 2850 2908 2891 :
2949 2837 3037 2893 Vae
3063 2837 3154 2891 illi
3177 2837 3272 2908 qui
3297 2844 3484 2907 polum
3512 2835 3608 2891 dat

1950 2929 2206 3002 proximo
2261 2941 2358 2981 suo
2410 2925 2820 2981 subversin
2857 2924 3134 2981 turbidam
3187 2926 3252 2981 ⁵⁷.
3302 2924 3603 2995 Ejusmodi

1953 3018 2110 3075 enim
2143 3015 2448 3072 molimina
2478 3018 2655 3086 atque
2699 3014 3103 3087 cogitationes,
3135 3015 3289 3069 viam
3321 3014 3604 3070 ferentem

1952 3109 2024 3164 ad
2054 3105 2231 3162 vitam
2293 3104 2656 3160 subvertunt.
2723 3103 3005 3159 Dominus
3059 3120 3216 3169 vero,
3267 3120 3604 3176 quanquam

1951 3213 2087 3252 vera
2141 3194 2402 3250 dicerent
2458 3194 2752 3248 daemones
2810 3193 2964 3264 (vere
3017 3192 3232 3264 quippe
3282 3192 3602 3251 dicebant:

1954 3287 2027 3341 Tu
2056 3301 2113 3340 es
2143 3285 2326 3342 Filius
2356 3284 2452 3338 Dei
2501 3281 2590 3350 ⁵³),
2621 3299 2687 3337 os
2716 3286 2916 3337 tamen
2946 3281 3280 3352 obturabat,
3329 3298 3394 3337 ac
3424 3281 3603 3338 silen-

1951 3375 2100 3431 tium
2132 3374 2423 3430 indicebat
2443 3372 2583 3440 illis,
2601 3373 2911 3444 nequando
2925 3371 3158 3427 veritati
3176 3370 3600 3443 malignitatem

1953 3464 2267 3520 miscerent
2323 3478 2514 3533 suam,
2549 3466 2727 3534 utque
2759 3478 2868 3516 nos
2898 3464 3262 3518 assuesceret
3293 3477 3598 3534 nunquam

189 3548 280 3604 καὶ
323 3549 473 3620 ἡμᾶς
518 3545 788 3622 συνεθίσῃ,
847 3543 1121 3618 μηδέποτε
1173 3552 1290 3611 τοῖς
1344 3549 1616 3612 τοιούτοις
1673 3571 1838 3627 προσ-

1957 3552 2069 3608 illis
2102 3551 2379 3607 adbibere
2409 3551 2695 3620 animum,
2721 3550 2828 3606 etsi
2859 3565 2989 3605 vere
3018 3548 3209 3605 dicere
3239 3549 3595 3607 viderentur.

190 3637 357 3712 ἐχειν,
389 3634 485 3692 κᾶν
537 3634 736 3691 δοκῶσι
778 3632 996 3706 τάληθή
1048 3635 1226 3711 λέγειν
1260 3658 1273 3670 ο
1322 3639 1409 3692 καὶ
1454 3638 1553 3714 γὰρ
1587 3638 1840 3715 ἀπρεπὲς,

187 3725 419 3803 ἔχοντας
446 3728 596 3800 ἡμᾶς
642 3725 738 3788 τὰς
779 3725 934 3801 ἁγίας
980 3726 1214 3804 Γραφὰς,
1266 3726 1356 3792 καὶ
1403 3728 1504 3796 τὴν
1557 3729 1703 3804 παρά
1746 3734 1842 3784 τοῦ

192 3818 456 3890 Σωτῆρος
489 3813 814 3891 ἓλευθερίαν,
866 3811 1204 3880 διδάσκεσθαι
1247 3815 1394 3890 παρὰ
1422 3816 1518 3871 τοῦ
1551 3813 1840 3888 διαϐόλου,

187 3909 286 3961 τοῦ
319 3906 397 3979 μὴ
446 3905 786 3980 τηρήσαντος
834 3905 935 3975 τήν
988 3901 1124 3959 ἰδίαν
1174 3903 1344 3975 τάξιν,
1391 3904 1518 3961 ἀλλ’
1546 3905 1702 3982 ἓτερα
1730 3907 1846 3972 ἀνθ’

189 3996 389 4070 ἒτέρων
420 3996 809 4072 φρονήσαντος.
841 3993 940 4050 Διά
985 3997 1147 4049 τοῦτο
1195 3993 1284 4048 καὶ
1334 3993 1608 4051 λαλοῦντα
1649 4001 1842 4052 τοῦτον

188 4083 292 4139 τάσ
331 4082 438 4138 ἀπὸ
479 4086 587 4138 τῶν
636 4086 862 4161 Γραφῶν
923 4081 1094 4154 λέξεις
1139 4082 1342 4139 κωλύει
1382 4083 1561 4160 λέγων
1588 4104 1599 4118 ·
1650 4091 1737 4159 Τῷ
1787 4084 1844 4142 δὲ

193 4171 510 4249 ἁμαρτωλῷ
567 4174 708 4228 εἶπεν
771 4173 799 4228 ὁ
848 4173 976 4236 Θεός
1011 4191 1023 4204 °
1086 4175 1200 4230 Ἵνα
1255 4173 1308 4229 τί
1365 4172 1428 4228 σὺ
1488 4171 1718 4250 ἐκδιηγῇ
1777 4177 1845 4231 τὰ

1951 3642 2292 3698 Indecorum
2347 3639 2562 3712 quippe
2618 3643 2792 3710 esset,
2843 3655 2978 3694 cum
3008 3643 3244 3695 sanctas
3274 3637 3598 3696 habeamus

1953 3731 2308 3802 Scripturas,
2339 3735 2414 3796 et,
2449 3745 2565 3801 qua
2613 3728 2815 3784 donati
2862 3744 3071 3783 sumus
3121 3745 3154 3782 a
3181 3727 3496 3796 Salvatore,
3531 3728 3606 3783 li-

1953 3821 2258 3887 bertatem,
2293 3837 2326 3874 a
2355 3817 2586 3874 diabolo
2617 3817 2836 3886 doceri,
2867 3818 2968 3888 qui
3012 3817 3314 3890 proprium
3349 3834 3462 3872 non
3486 3833 3608 3873 ser-

1951 3909 2108 3966 vavit
2137 3909 2427 3976 ordinem,
2459 3911 2516 3963 et
2544 3908 2614 3962 ab
2647 3906 2762 3962 alia
2791 3906 2850 3962 in
2883 3906 3056 3963 aliam
3089 3905 3440 3962 sententiam
3474 3923 3604 3962 mu-

1953 4004 2110 4055 tatus
2140 4002 2247 4054 est.
2283 4000 2468 4063 Quare
2498 3995 2665 4051 illum
2698 3994 3132 4067 Scripturarum
3165 3994 3317 4050 dicta
3365 3994 3610 4068 loquen-

1953 4094 2071 4146 tem
2101 4087 2392 4161 probibet,
2436 4086 2636 4142 dicens
2669 4103 2682 4140 :
2713 4087 2997 4141 Peccatori
3049 4091 3230 4141 autem
3284 4084 3433 4139 dixit
3471 4085 3612 4140 Deus

1957 4181 2142 4249 Quare
2171 4187 2232 4234 tu
2285 4191 2522 4233 enarras
2581 4176 2822 4246 justitias
2877 4189 3050 4242 meas,
3094 4177 3145 4229 et
3173 4174 3411 4230 assumis
3439 4177 3604 4230 testa-

1593 4291 1849 4350 VERSlO
1887 4293 2196 4352 EVAGRII.

264 4387 355 4441 25.
387 4384 586 4462 Solent
614 4386 791 4442 etiam
825 4401 959 4462 cum
987 4385 1385 4462 modulatione
1410 4404 1526 4443 non
1559 4395 1908 4461 apparentes
1942 4392 2050 4462 (81)
2085 4387 2332 4461 psallere
2350 4404 2402 4462 _:_
2429 4387 2574 4460 proh
2608 4384 2809 4462 nefas!
2844 4386 2915 4442 ad
2951 4385 3075 4462 hinc
3101 4461 3104 4462 ν
3128 4390 3185 4441 et
3232 4385 3465 4462 impuro
3509 4401 3610 4444 ore

193 4457 1081 4535 sacra_Script_urarumeloquia
1102 4459 1486 4535 meditantur.
1527 4457 1884 4535 Frequenter
1913 4457 2240 4535 legeniibus
2273 4457 2461 4535 nobis,
2496 4460 2664 4530 quasi
2696 4458 2859 4535 echo_
2897 4459 2968 4535 ad
3019 4461 3282 4535 extrema
3311 4457 3610 4535 verbare-

190 4529 534 4603 spondentgi
565 4530 923 4603 dormientes
955 4547 1190 4602 quoque
1219 4531 1474 4587 excitant
1503 4534 1573 4587 ad
1609 4529 1921 4599 orandum,
1955 4529 2018 4590 ut
2045 4534 2224 4590 totius
2255 4529 2453 4588 noctis
2473 4529 2748 4586 semnum
2780 4529 3070 4602 eripiant:
3097 4529 3408 4603 plerosque
3429 4531 3608 4588 etiam

187 4601 249 4658 in
285 4601 709 4678 monachorum
743 4601 1029 4678 nobilium
1064 4601 1264 4678 habitu
1299 4609 1564 4660 coercent
1594 4604 1727 4678 (8'2),
1763 4611 1817 4678 et
1843 4606 2112 4678 pristina,
2144 4605 2359 4678 quibus
2389 4603 2608 4678 conscii
2669 4607 2827 4667 sunt,
2862 4601 3113 4678 peccata
3148 4601 3464 4678 imputant.
3495 4605 3605 4660 Sed

190 4675 532 4749 spernendae
563 4679 704 4749 sunt
733 4689 936 4749 eorum
979 4673 1434 4749 increpationes,
1467 4679 1525 4731 et
1555 4673 1988 4749 admonitiones
2040 4673 2370 4749 jejunandi,
2427 4675 2763 4749 vigiliarum
2797 4673 3029 4746 quoque
3063 4673 3435 4749 fraudulenta
3464 4691 3607 4749 sug-

189 4745 378 4820 gestio
412 4763 425 4802 :
459 4745 530 4800 ob
561 4746 615 4801 id
655 4746 819 4820 enim
852 4745 1174 4802 familiares
1207 4746 1378 4803 nobis
1409 4748 1635 4819 species
1666 4754 2000 4817 assumunt,
2033 4745 2112 4805 ut
2145 4749 2426 4804 afﬁnitate
2465 4745 2787 4820 virtutum
2819 4745 3126 4814 nocentes,
3156 4745 3416 4820 _facilius
3445 4745 3605 4820 virus

188 4816 544 4892 interserant
563 4817 1289 4892 etinnocentesquosque
1319 4836 1423 4891 per
1443 4816 1697 4892 speciem
1733 4816 2059 4877 honestatis
2114 4821 2336 4876 elidant
2385 4835 2398 4874 :
2459 4817 2827 4891 impossibile
2884 4823 3085 4892 postea
3139 4817 3466 4892 durumque
3496 4816 3607 4873 hoc

192 4891 458 4966 studium
489 4890 834 4966 praedicant,
867 4895 930 4966 ut
988 4889 1130 4947 dum
1190 4889 1502 4948 onerosum
1537 4909 1667 4949 esse
1719 4894 1953 4950 videtur
1982 4893 2137 4966 quod
2171 4897 2424 4964 cmptum
2465 4889 2575 4958 est,
2606 4909 2676 4948 ex
2716 4889 3126 4964 desperatione
3155 4889 3418 4956 taedium,
3449 4892 3507 4944 et
3535 4903 3605 4945 ex

191 4962 366 5018 taedio
393 4961 678 5035 succedat
707 4961 958 5035 ignavia.

264 5035 354 5089 26.
388 5033 606 5090 Idcirco
635 5031 921 5113 propheta
949 5033 1170 5113 missus
1193 5033 1529 5113 _a_po_mino,
1547 5033 1830 5113 luctuosa
1862 5035 2240 5113 denuntians,
2273 5034 2514 5113 sublimi
2543 5050 2687 5113 vore
2713 5034 2939 5113 dicebat
2956 5033 3102 5113 εγω
3121 5031 3222 5113 qui
3241 5033 3392 5113 pota}
3412 5033 3606 5113 promi:

190 5122 345 5161 mum
371 5123 535 5179 suum
562 5103 913 5179 subversione
943 5104 1205 5179 turbida!
1241 5107 1589 5178 Hujusmodi
1620 5107 1775 5162 enim
1812 5109 2274 5175 exhortamenta,
2325 5106 2730 5179 depravatoria
2761 5110 2900 5179 sunt
2953 5103 3178 5179 itineris
3227 5103 3382 5179 quod
3417 5103 3607 5179 ducit

193 5181 266 5235 ad
297 5177 534 5234 cmlum.
566 5178 788 5235 Idcirco
819 5194 951 5234 cum
969 5178 1226 5234 venisset
1255 5175 1540 5236 Dominus
1572 5181 1644 5236 ad
1668 5185 1877 5246 terras,
1912 5185 1969 5237 et
2018 5196 2153 5237 vera
2175 5181 2246 5236 de
2265 5197 2330 5236 eo
2351 5175 2643 5235 daemones
2667 5178 2830 5233 inviti
2853 5175 3412 5249 praedicarent(vers
3440 5177 3599 5234 enim

259 5285 303 5321 ⁵⁷
333 5285 546 5342 Hahae.
582 5303 646 5354 ιι,
670 5285 755 5341 15.
832 5285 876 5321 ⁸⁸
907 5285 1046 5342 Luc.
1077 5301 1154 5353 1v,
1188 5285 1274 5342 41.

263 5391 502 5467 (77)_Sic
531 5390 785 5467 Colbert._
805 5392 860 5460 2,
894 5407 1067 5464 quem
1101 5391 1426 5467 sequimur,
1459 5395 1615 5464 quod
1655 5394 1845 5467 magis

191 5479 328 5520 cum
362 5463 603 5536 Evagrio
634 5463 1085 5536 quadretquam
1111 5463 1263 5536 editi
1286 5465 1384 5534 qui
1406 5463 1645 5535 habent,
1676 5463 1840 5520 ταῦτα

190 5537 329 5609 ᾇπερ
389 5531 720 5609 ἂνὲῖίνωμὲν·
776 5531 1185 5609 Han—tingit.
1239 5531 1394 5609 lnl'ra
1444 5537 1600 5609 idem
1634 5531 1836 5606 solus,

188 5603 457 5685 ἐγείρουσι
488 5603 565 5685 εἷς
595 5603 910 5685 προσευχὴν
940 5603 1134 5685 σχεδον
1174 5607 1300 5685 μή,
1327 5608 1537 5665 mediis
1579 5603 1836 5667 omissis.

261 5676 377 5754 (78)
409 5676 680 5754 Segius'l
715 5684 773 5736 et
795 5676 1047 5754 Colbert.
1066 5682 1132 5754 ,2,
1165 5676 1414 5754 ψάλλειν,

284 5747 376 5824 79)
409 5747 942 5824 Sic'manuscripti.
973 5753 1126 5807 Editi
1155 5747 1315 5824 vero,
1352 5747 1608 5820 οὐδίζιιν,
1663 5753 1834 5810 male.

279 5823 377 5898 '80)
410 5825 499 5883 Ita
527 5825 740 5898 Regius
777 5823 1074 5884 secundus
1118 5828 1176 5884 et
1225 5823 1592 5883 Colbertinus
1622 5841 1837 5884 secun-

1956 5395 2088 5450 dus.
2122 5393 2294 5459 Edili,
2319 5392 2666 5461 ποιήσαντες.

2023 5467 2134 5536 (81)
2167 5466 2250 5521 lta
2273 5460 2478 5520 omnes
2510 5460 2921 5534 manuscripti,
2954 5478 3087 5520 cum
3117 5464 3333 5518 Graeco.
3368 5460 3600 5519 Bollan-

1949 5539 2081 5606 dus,
2115 5553 2512 5608 nonnunquam
2540 5538 2894 5608 apparentes.

2022 5612 2131 5680 (82)
2153 5609 2244 5664 Sic
2277 5605 2660 5680 manuscripti
2705 5607 2968 5680 quidam,
3001 5605 3182 5680 Editi_
3210 5621 3363 5680 vero,
3392 5605 3601 5680 pleros-

1947 5698 2048 5753 que
2094 5677 2280 5752 etiam,
2313 5680 2441 5736 dum
2480 5697 2534 5735 se
2563 5677 2624 5735 in
2659 5677 3052 5736 monachorum
3089 5677 3362 5736 nobilium
3395 5677 3602 5737 habitu

1946 5756 2318 5826 transferunt,
2342 5754 2632 5812 monachos
2661 5760 2923 5809 coercent.
