4074 6338
418 433 540 494 883
970 434 1034 493 S.
1082 432 1508 494 ATBANASII
1553 433 1726 494 OPP.
1777 431 1976 494 PARS
2022 431 2071 492 l.
2102 462 2160 476 -
2210 429 2625 494 HISTORICA
2676 431 2778 492 ΕΤ
2822 427 3296 492 DOGMATICA.
3733 424 3864 486 8Βᾶ

424 569 672 621 mentum
718 581 907 621 meum
957 581 1060 637 per
1105 581 1163 621 os
1221 573 1378 620 tuum
1432 565 1478 600 ⁵³
1533 563 1691 621 Nihil
1747 563 1904 621 enim
1958 579 2105 630 non,

2232 561 2535 636 ικαιώματά
2595 583 2716 636 μον,
2774 561 2864 617 καὶ
2922 553 3330 634 διναλαμϐάνεις
3383 557 3484 627 τήν
3550 553 3860 628 διαθήνκην

426 658 630 728 agunt,
659 654 952 724 effutiunt,
985 652 1444 722 tumultuantur,
1478 654 1739 721 turbant,
1774 651 1936 709 nulla
1964 669 2079 708 non

2232 671 2292 706 ,ον
2357 649 2445 706 διὰ
2498 649 2769 725 στόματός
2836 671 2933 705 σου
2968 669 2990 720 ;~
3057 649 3234 706 Πάντα
3307 645 3412 725 γὰρ
3465 650 3710 720 ποιοῦσι,
3767 645 3867 702 καὶ

427 741 812 798 simulatione
881 746 1146 808 utuntur,
1205 741 1597 814 simpliciores
1649 747 1712 798 ut
1761 741 2078 815 decipiant.

2232 739 2448 810 αλοῦσι,
2505 742 2597 796 καὶ
2651 735 2965 817 θορυόοὸσι,
3009 737 3100 794 καὶ
3149 737 3532 813 ὑποκρίνονται
3576 738 3712 811 (83),
3763 735 3863 794 καὶ

425 831 712 904 Strepitus
741 833 944 897 edunt,
977 830 1161 885 etfuse
1220 831 1432 901 rident,
1491 830 1733 887 sibilant
1782 846 1797 884 ε
1831 831 1880 885 si
1912 845 2084 885 nemo

2232 830 2511 904 πράττουσι
2543 829 2679 906 πρὸς
2711 829 2922 898 ἀπάτην
2977 831 3086 884 τῶν
3129 825 3413 904 ἀκεραίων.
3464 825 3564 880 Καὶ
3611 823 3862 887 κτύπους

423 920 708 990 attendat,
743 920 883 976 flent
923 919 1161 975 demum
1224 926 1402 992 atque
1456 921 1860 976 lamentantur
1912 918 2082 991 quasi

2232 923 2322 973 οὖν
2354 923 2594 990 ποιοῦσι,
2624 916 2713 974 καί
2759 915 2992 993 γελῶσιν
3045 915 3294 995 ἀφρόνως
3339 915 3428 970 καὶ
3463 913 3808 990 συρίττουσιν
3843 934 3860 948 ⁸

425 1008 711 1082 superati.
2194 1007 2253 1062 ἂν
2287 1005 2347 1063 δὲ
2393 1009 2467 1081 μή
2516 1029 2598 1071 τις
2666 1007 2851 1070 αὑτοῖς
2914 1007 3184 1082 προσιχῃ,
3233 1003 3428 1060 λοιπὸν
3480 1003 3733 1061 κλαίουσι
3767 1003 3866 1060 καὶ

2195 1099 2479 1173 θρηνοῦσιν
2513 1097 2588 1161 ὡς
2615 1095 2968 1168 ἡττηθέντες.

2267 1189 2357 1244 27.
2389 1187 2453 1243 Ὁ
2489 1187 2586 1259 μὲν
2621 1184 2712 1241 οὗν
2767 1185 2964 1262 Κύριος
3015 1185 3091 1247 ὡς
3140 1183 3272 1249 Θεὸς
3317 1185 3431 1258 (84)
3477 1181 3680 1260 ἔφίμου
3726 1181 3870 1246 τοὺς

429 1274 745 1332 obtursbat
788 1291 942 1331 :nos
998 1292 1132 1331 vero
1184 1292 1218 1331 a
1257 1277 1446 1332 sancti
1504 1276 1789 1342 eruditos,
1849 1293 1953 1348 par
2003 1280 2094 1332 est

2233 1275 2460 1348 αίμονας
2496 1293 2508 1305 ⁸
2544 1277 2694 1348 ἡμᾶς
2725 1271 2804 1345 δὲ,
2841 1273 3108 1348 μαθόντας
3158 1272 3266 1329 ἀπὸ
3304 1277 3414 1329 τῶν
3444 1274 3629 1350 ἁγίων,
3663 1271 3866 1348 πρὶπει

428 1363 652 1420 imitari
701 1363 858 1429 illos,
917 1369 975 1418 et
1031 1363 1265 1420 illorum
1323 1364 1590 1420 simulari
1662 1365 2089 1422 fortitudinem.

2232 1365 2316 1420 ,ατ’
2363 1363 2596 1427 ὶκείνους
2645 1369 2844 1433 ποιεῖν,
2886 1363 2978 1419 καὶ
3030 1364 3318 1438 μιμεῖσθαι
3362 1362 3466 1432 τὴν
3517 1358 3736 1436 ἀνδρίαν
3767 1359 3873 1416 αύ-

429 1451 699 1525 Namque
724 1451 806 1506 illi
863 1451 984 1506 haec
1041 1468 1173 1507 cum
1237 1459 1563 1523 cernerent,
1622 1453 1859 1509 aiebant
1909 1456 2094 1512 :Cum

2235 1457 2330 1510 ῶν.
2388 1453 2488 1510 Καὶ
2546 1453 2650 1529 γὰρ
2705 1453 2943 1508 κάκεῖνοι
3027 1456 3194 1507 ταῦτα
3273 1449 3566 1526 βλεποντες
3625 1443 3822 1524 ἔλεγον
3854 1467 3869 1480 ⁸

434 1542 754 1597 consistere!
781 1544 1035 1612 peccator
1079 1540 1370 1597 adversum
1417 1557 1523 1612 me,
1556 1543 1812 1598 obmutui
1837 1547 1890 1598 et
1919 1541 2097 1598 humi-

2232 1546 2294 1600 Ev
2346 1546 2426 1614 τῷ
2510 1548 2768 1611 συστῆναι
2852 1541 2944 1596 τὸν
3017 1539 3346 1617 ἁμαρτωλὸν
3427 1537 3669 1595 ἐναντίον
3731 1557 3872 1611 μου,

439 1631 608 1687 tiatus
634 1646 756 1686 sum
813 1638 864 1686 et
915 1630 1050 1685 silui
1078 1647 1117 1686 a
1176 1631 1419 1693 bonis“;
1449 1635 1506 1686 et
1536 1647 1774 1688 rursum
1811 1648 1824 1686 :
1857 1633 1967 1702 Ego
2001 1648 2098 1687 au-

2232 1631 2530 1709 κωφώθην,
2587 1630 2678 1686 καὶ
2735 1630 3126 1701 ἐταπεινώθην,
3185 1649 3276 1686 και
3345 1627 3573 1704 ἰσίγησα
3624 1626 3677 1698 ἐξ
3735 1626 3873 1702 ἀγα-

437 1722 548 1776 tcm
594 1727 865 1792 tanquam
921 1718 1122 1775 surdus
1176 1736 1288 1776 non
1335 1721 1489 1778 052
1537 1720 1838 1789 audieban,
1870 1724 1921 1776 et
1951 1723 2097 1778 sicut

2232 1725 2316 1775 iibv
2353 1738 2366 1754 '
2399 1719 2488 1775 καὶ
2517 1718 2681 1776 πάλιν
2717 1739 2729 1751 ·
2786 1718 2926 1796 Ἐγὼ
2980 1715 3038 1774 δὶ
3087 1719 3213 1774 ὡσεὶ
3267 1717 3450 1796 κωφὸς
3504 1717 3606 1773 οὑκ
3633 1715 3876 1786 ἢκουον,

442 1813 628 1866 matus
683 1825 795 1864 non
849 1810 1105 1880 aperiens
1150 1825 1208 1864 os
1265 1825 1445 1866 suum.
1481 1810 1546 1865 Et
1585 1807 1770 1884 factus
1814 1827 1938 1865 sum
1965 1811 2102 1866 sicut

2232 1809 2299 1864 ιαὶ
2351 1808 2480 1864 ὡσεὶ
2555 1806 2760 1872 ἄλαλος
2845 1807 2946 1864 ούκ
3019 1806 3247 1884 ἀνοίγων
3312 1808 3376 1862 τὸ
3442 1807 3618 1880 στόμα
3673 1805 3870 1863 αὑτοῦ.

445 1897 604 1953 homo
651 1912 757 1952 non
788 1896 1086 1954 audiens“.
1119 1897 1236 1953 Nos
1282 1897 1480 1971 itaque
1510 1897 1664 1966 illos,
1694 1904 1895 1972 utpote
1935 1898 2104 1956 nobis

2232 1897 2316 1968 iui
2395 1895 2654 1974 ἐγενήθην
2713 1901 2824 1972 (85)
2897 1896 3025 1953 ὡσεὶ
3097 1894 3384 1973 ἄνθρωπος
3459 1895 3560 1951 οὐκ
3629 1893 3871 1954 ἀκούων.

2232 1984 3134 2000 -.-.......
3390 1981 3789 2000 .-.ης

497 1187 589 1242 27.
619 1185 906 1242 Dominus
954 1202 1110 1259 ergo,
1153 1191 1354 1259 utpote
1382 1186 1561 1254 Deus,
1593 1203 1660 1242 os
1717 1184 2089 1242 daemonibus

449 1986 690 2054 alienos,
737 2002 808 2041 ne
863 1986 1198 2054 audiamus,
1233 2003 1304 2042 ne
1353 2003 1575 2044 morem
1633 2004 1906 2060 geramus
1961 1987 2103 2055 illis,

2215 1985 2423 2046 Ούκοΰν
2464 1986 2553 2042 καὶ
2606 1989 2772 2061 ἡμεῖς
2819 1987 2961 2060 μήτε
3004 1984 3288 2060 ἀκούωμεν
3345 1985 3521 2041 αὐτῶν
3566 1984 3641 2048 ὡς
3689 1981 3874 2039 ἀλλο-

457 2075 730 2149 quamvis
759 2075 830 2132 ad
854 2076 1175 2132 oralionem
1199 2076 1470 2146 excitent,
1495 2077 1762 2150 quamvis
1779 2077 2105 2150 dejejuniis

2232 2076 2378 2153 πρίων
2407 2071 2576 2131 ὄντων
2607 2077 2792 2149 ἡμῶν,
2843 2077 2981 2150 μήτε
3031 2074 3388 2148 ὑπακούωμεν
3417 2074 3620 2146 αὑτῶν,
3649 2070 3750 2128 κᾶν
3790 2071 3874 2134 εἷς

457 2163 807 2238 loquantur;
843 2165 945 2220 sed
979 2165 1174 2237 potius
1202 2165 1634 2222 exercitationis
1662 2170 1872 2223 nostras
1903 2183 2108 2240 propo-

459 2255 574 2311 sito
608 2253 1007 2322 attendamus,
1039 2271 1145 2310 nec
1191 2254 1262 2310 ab
1311 2254 1433 2311 illis
1488 2256 1856 2328 decipiamur
1907 2255 2109 2313 dolose

457 2343 660 2402 omnia
685 2343 1020 2416 agentibus.
1045 2343 1244 2416 Neque
1275 2344 1521 2402 timendi
1555 2349 1696 2400 sunt
1751 2345 1988 2402 etiamsi
2018 2345 2106 2401 in-

454 2433 669 2490 vadere
727 2431 1056 2502 videantur,
1089 2433 1324 2489 etiamsi
1385 2433 1732 2490 minitentur
1788 2439 2033 2491 mortem
2092 2451 2108 2491 :

453 2519 734 2579 imbecilli
767 2537 1024 2592 namque
1055 2525 1197 2577 cunt
1226 2522 1366 2590 sint,
1389 2523 1737 2580 comminari
1759 2523 1948 2580 solum
1981 2540 2112 2598 pos-

454 2616 596 2670 sunt
624 2615 681 2666 et
707 2608 852 2666 nihil
885 2615 1184 2682 prmicrea.

520 2701 612 2756 28.
644 2699 940 2756 Hactenus
996 2697 1150 2757 brevi
1211 2699 1319 2757 hac
1381 2702 1452 2757 de
1507 2717 1568 2758 re
1623 2701 1878 2774 locutus,
1921 2701 2110 2759 fusius

453 2788 700 2864 posthac
729 2788 921 2846 dicere
955 2805 1067 2844 non
1115 2789 1303 2861 pigeat
1337 2806 1349 2846 :
1385 2789 1504 2846 hinc
1534 2790 1692 2847 enim
1724 2808 1826 2848 vos
1875 2807 2111 2848 monere

453 2879 525 2936 ad
557 2875 800 2935 tutelam
842 2881 1116 2934 conferet.
1148 2879 1392 2936 Domino
1415 2879 1531 2936 huc
1561 2880 1925 2947 adveniente,
1958 2879 2110 2937 ceci-

453 2967 542 3024 dit
568 2967 867 3036 inimicus,
894 2968 1141 3039 ejusque
1167 2968 1320 3024 vires
1349 2969 1548 3025 fractae
1579 2970 1933 3034 sunt.Quare
1965 2969 2111 3025 nihil

455 3073 591 3113 cum
626 3057 839 3129 possit,
875 3055 1034 3112 velut
1080 3060 1386 3128 tyrannus,
1428 3057 1724 3132 collapsus
1775 3057 1930 3129 licet,
1963 3075 2113 3114 nun-

457 3161 634 3219 quam
668 3143 944 3216 quiescit,
991 3145 1091 3200 sed
1135 3145 1328 3202 verbis
1385 3145 1597 3202 saltem
1653 3145 2112 3221 interminatur:

457 3234 614 3308 quod
643 3237 902 3290 vestrum
933 3231 1144 3306 cuique
1174 3233 1550 3306 cogitandum
1583 3240 1710 3304 est;
1739 3242 1797 3293 et
1823 3236 1910 3293 sic
1955 3243 2113 3309 pote-

2217 2165 2384 2243 εὐχὴν
2443 2163 2716 2240 ἐγείρωσι,
2775 2165 2871 2220 κᾶν
2923 2161 3135 2220 λαλῶσι
3185 2163 3309 2238 περὶ
3347 2167 3607 2234 νηστειῶν
3639 2181 3654 2195 ⁸
3709 2164 3781 2236 τῇ
3814 2158 3880 2216 δί

2215 2253 2463 2330 προθέσει
2491 2261 2589 2323 τῆς
2641 2253 2919 2324 ἀσκήσεως
2971 2253 3174 2308 ἑαυτῶν
3229 2249 3443 2327 μᾶλλον
3476 2251 3876 2328 προσέχωμεν,

2216 2343 2306 2400 καὶ
2353 2345 2430 2417 μὴ
2480 2343 2608 2421 παρ’
2658 2341 2875 2398 ἐκείνων
2925 2341 3256 2415 ἀπατώμεθα
3299 2340 3475 2396 πάντα
3522 2337 3877 2416 πραττόντων

2220 2439 2356 2508 μετᾶ
2384 2429 2572 2490 δόλου.
2605 2432 2681 2490 Oti
2730 2428 2812 2486 δεῖ
2858 2429 2917 2487 δὲ
2966 2425 3252 2508 φοϐεῖσθαι
3294 2427 3510 2498 αὐτοὺς,
3561 2425 3658 2485 κᾶν
3713 2427 3879 2500 ἐπὺρη

2217 2524 2408 2600 χεσθαι
2441 2519 2665 2594 δοκῶσι,
2686 2520 2782 2577 κᾶν
2843 2522 3063 2586 θάνατον
3113 2518 3408 2576 ἀπειλῶσιν
3441 2536 3454 2551 ⁸
3490 2518 3731 2581 ἀσθενεῖς
3761 2519 3876 2594 γάρ

2218 2611 2344 2681 εἶσι,
2377 2609 2468 2666 καὶ
2500 2607 2654 2666 οὑδὶν
2681 2607 2953 2682 δύνανται,
2985 2611 3020 2680 ἣ
3055 2605 3219 2683 μόνον
3251 2606 3516 2664 ἀπειλεῖν.

2289 2702 2379 2758 28.
2410 2697 2555 2769 Ἤδη
2591 2698 2686 2772 μὶν
2719 2697 2811 2754 οὖν
2856 2699 2982 2775 περὶ
3023 2698 3221 2754 τούτου
3263 2695 3678 2775 παρερχόμενος
3711 2691 3869 2771 εῖρηο

2219 2810 2287 2846 κα
2310 2810 2324 2823 ⁸
2356 2789 2444 2844 καὶ
2473 2792 2562 2843 νῦν
2592 2786 2647 2844 Εἰ
2701 2787 3033 2864 πλατύτερον
3079 2786 3250 2844 εἰπεῖν
3292 2786 3360 2842 τὰ
3404 2786 3524 2862 περῖ
3558 2784 3736 2840 αὐτῶν
3768 2783 3873 2840 ούκ

2221 2875 2479 2949 ὀκνητέον
2531 2895 2542 2908 ⁸
2590 2875 2838 2955 ἀσφαλής
2903 2877 3008 2954 γὰρ
3071 2877 3197 2950 ὑμῖν
3253 2877 3288 2946 ἡ
3342 2873 3650 2948 ὑπόμνησις
3694 2871 3869 2930 ἔσται.

2221 2964 2695 3040 Ἐπιδημήσαντος
2741 2969 2840 3022 τοῦ
2894 2963 3115 3041 Κυρίου,
3159 2963 3441 3020 πέπτωκεν
3473 2965 3503 3020 ὁ
3533 2962 3750 3039 ὶχθρὸς,
3776 2961 3871 3018 καὶ

2221 3055 2520 3127 ἠσθένησαν
2551 3056 2607 3110 αἱ
2638 3052 2889 3128 δυνάμεις
2932 3053 3116 3112 αὑτοῦ.
3168 3054 3266 3110 Διὰ
3308 3055 3472 3110 τοῦτο
3528 3056 3660 3129 γοῦν
3696 3047 3870 3126 μηδὲν

2223 3143 2515 3218 δυνάμενος
2545 3144 2696 3217 ὅμως
2727 3145 2800 3206 ὡς
2831 3143 3087 3215 τύραννος
3115 3146 3251 3218 (86),
3281 3141 3370 3198 καὶ
3401 3145 3580 3198 πεσὼν
3619 3141 3722 3196 οὑκ
3751 3142 3876 3217 ἦρε·

2229 3240 2341 3309 μεῖ,
2369 3233 2516 3290 ἀλλὰ
2542 3232 2636 3288 κᾶν
2672 3232 2862 3308 λόγοις
2914 3233 3078 3306 μόνον
3129 3230 3345 3288 ἀπειλεῖ
3375 3251 3387 3266 ⁸
3441 3232 3530 3288 καὶ
3560 3235 3724 3287 τοῦτο
3751 3227 3876 3286 ἵκα-

1850 3361 2112 3418 VERSIO
2167 3359 2462 3417 EVAGRII

452 3455 726 3532 dicebant
758 3471 772 3510 :
808 3457 882 3510 Tu
912 3472 968 3511 es
999 3457 1244 3513 Christus
1278 3458 1470 3532 Filius
1493 3459 1588 3514 Dei
1643 3459 1800 3530 vivi),
1835 3459 2278 3516 vociferantium
2323 3475 2424 3515 ora
2470 3459 2802 3528 claudebat,
2835 3460 2934 3532 qui
2995 3459 3220 3514 vinctas
3272 3455 3577 3532 hominum
3601 3455 3868 3532 _lingu_as

339 3595 350 3605 _
453 3528 841 3605 solvebat,_ne
873 3544 1004 3605 cum
1041 3530 1328 3605 praeconio
1361 3530 1476 3585 veri
1507 3527 1906 3605 perversitatis
1934 3548 2154 3588 venena
2182 3532 2516 3605 miscerent,
2558 3539 2615 3587 et
2644 3539 2710 3588 ut
2750 3527 2867 3588 nos
2885 3532 3015 3602 ejus
3067 3529 3353 3605 exemplo,
3385 3527 3617 3605 etiamsi
3663 3527 3860 3605 profu-

449 3606 585 3676 tura
612 3600 948 3676 suaderent,
979 3599 1234 3656 in’nullo
1255 3599 1894 3676 _his_com'modaremus
1925 3620 2258 3660 assensum.
2293 3603 2440 3670 Quia
2467 3605 2718 3676 profecto
2749 3621 2864 3660 non
2913 3599 3190 3676 congruit
3235 3599 3340 3676 nos
3370 3605 3515 3676 post
3530 3599 3861 3676 libertatem

455 3689 490 3728 a
517 3672 762 3727 Domino
791 3687 1130 3727 concessam
1165 3678 1220 3728 et
1249 3672 1683 3743 Scripturarum
1719 3681 2002 3745 praecepta
2034 3676 2250 3745 vitalia,
2285 3694 2318 3730 a
2349 3670 2580 3730 diabolo
2609 3675 2839 3732 vivendi
2875 3670 3084 3746 capere
3114 3670 3387 3735 consilia;
3417 3671 3518 3799 (ἒξί
3557 3687 3731 3727 suum
3766 3670 3866 3728 de-

455 3759 660 3799 serens
685 3743 974 3799 ordinem.
1009 3760 1242 3799 sacrum
1301 3745 1515 3799 Christi
1547 3748 1853 3799 temeravit
1882 3747 2220 3799 imperium.
2255 3754 2560 3799 uronterea
2587 3741 2766 3799 etiam
2810 3747 3096 3799 Dominus
3127 3760 3262 3799 eum
3314 3743 3386 3799 de
3501 3742 3746 3799 rinturis
3775 3741 3862 3797 lo-

454 3759 660 3800 serens
685 3743 974 3820 ordinem.
1009 3760 1242 3800 sacrum
1301 3741 1515 3820 Christi
1547 3741 1853 3820 temeravit
1882 3741 2220 3820 imperium,
2240 3741 2560 3820 propterea
2587 3741 2766 3803 etiam
2810 3741 3096 3820 Dominus
3127 3760 3262 3802 eum
3314 3743 3386 3799 de

3501 3742 3746 3814 ripturis
3775 3741 3862 3797 lo-

453 3822 726 3886 quentem
761 3814 1010 3886 jubebat
1064 3821 1276 3879 tacere,
1310 3817 1451 3888 quia
1506 3819 1776 3891 ρεταιιονί
1821 3814 1987 3873 dicit'
2010 3820 2145 3891 Deus
2166 3836 2193 3891 _:
2223 3814 2402 3888 Quare
2440 3829 2521 3891 _tu
2550 3835 2787 3874 τηατ-ναι
2836 3819 3092 3891 justitias
3147 3832 3320 3891 meas,
3350 3823 3402 3891 et
3430 3815 3662 3872 assumis
3692 3817 3860 3872 testa-

454 3897 700 3960 mentum
731 3903 917 3960 meum
944 3903 1042 3956 per
1071 3903 1127 3942 os
1183 3892 1340 3942 tuum
1368 3892 1394 3941 θ’
1420 3889 1628 3944 “mnia
1658 3891 1954 3945 daemones
2008 3887 2291 3944 simulant
2323 3907 2336 3945 :
2369 3889 2788 3960 colloquuntur
2824 3887 2976 3960 stupe
3023 3905 3156 3944 cum
3200 3887 3504 3960 fratribus.
3534 3903 3687 3957 saepe
3720 3901 3858 3960 cum

453 3959 626 4014 turba
652 3959 768 4027 (87)
803 3959 1134 4032 incunditas
1156 3961 1420 4032 excitant
1448 3960 1701 4028 sonitus,
1735 3978 1948 4016 manus
1997 3962 2466 4032 apprehendunt,
2501 3956 2766 4025 sibilant,
2797 3956 3142 4032 insipienter
3169 3957 3546 4032 cachinnant,
3579 3956 3857 4032 ut‘veldin

454 4036 676 4104 puncto
710 4030 927 4106 peccati
957 4029 1354 4106 Christianum
1391 4039 1588 4100 pectus
1621 4027 1932 4092 introeant.
1965 4027 2217 4106 cumque
2247 4034 2319 4088 ab
2346 4033 2636 4089 universis
2668 4033 2882 4089 iuerint
2902 4027 3143 4104 repulsi,
3167 4030 3239 4086 ad
3287 4034 3612 4086 extremum
3645 4027 3860 4084 debili-

450 4100 628 4158 tatem
662 4118 830 4156 suam
859 4100 1278 4157 lamentatione
1309 4107 1615 4158 testantur.

520 4175 610 4228 27.
647 4173 713 4227 Et
747 4173 1025 4228 Dominus
1057 4175 1292 4244 quidem
1327 4175 1493 4244 quasi
1528 4175 1702 4241 Dens,
1726 4179 1783 4228 et
1807 4190 1926 4228 suae
1953 4172 2224 4229 conscius
2258 4172 2604 4243 maiestatis,
2637 4175 3044 4230 obmutescere
3068 4173 3162 4228 his
3191 4170 3520 4244 imperabat
3552 4185 3567 4244 ς
3599 4184 3709 4225 nos
3754 4184 3860 4244 au-

456 4249 573 4317 tem
609 4244 873 4317 vestigiis
900 4240 1240 4317 sanctorum
1276 4240 1646 4313 inhaerentes,
1679 4240 1944 4300 eamdem
1971 4247 2314 4316 gradiamur
2339 4240 2513 4308 viam.
2547 4240 2644 4317 qui
2678 4253 3032 4302 memoratas
3067 4240 3345 4301 subtilius
3381 4241 3640 4317 fallacias
3665 4240 3863 4317 pervi-

453 4316 682 4390 dentes,
717 4316 1008 4390 canebant
1039 4332 1052 4370 :
1088 4315 1222 4370 Cum
1277 4320 1591 4372 consisteret
1639 4318 1926 4372 adversum
1962 4313 2072 4390 ine
2124 4321 2389 4390 peccator.
2413 4313 2666 4374 obmutui
2688 4322 2738 4374 et
2791 4317 3118 4373 humiliatus
3175 4331 3318 4386 sum,
3349 4314 3569 4390 ct_situi
3595 4330 3629 4368 a
3661 4313 3861 4390 bonis;

451 4393 510 4459 et
532 4387 745 4442 iterum
780 4406 798 4441 :
833 4389 938 4454 Ego
970 4403 1092 4442 vero
1123 4397 1387 4458 tanquam
1415 4391 1614 4443 surdus
1644 4405 1754 4443 non
1785 4388 2098 4454 audiebam,
2125 4387 2181 4445 ct
2209 4391 2350 4444 sicut
2379 4394 2564 4444 mutus
2590 4406 2702 4445 non
2733 4392 2983 4459 aperiens
3011 4405 3070 4444 os
3099 4403 3284 4454 suum,
3314 4393 3367 4440 et
3397 4387 3585 4457 factus
3642 4399 3770 4439 sum
3799 4388 3864 4438 ut

453 4457 614 4530 homo
643 4475 750 4513 non
783 4459 1033 4514 audiens.
1065 4457 1334 4514 Christus
1366 4459 1688 4525 silentium,
1714 4464 1777 4514 ut
1807 4461 2109 4524 Dominus,
2141 4460 2472 4530 imperavit,
2497 4477 2606 4516 nos
2635 4457 2868 4516 diabolo
2902 4459 3045 4515 nihil
3069 4459 3404 4522 credamus,
3436 4459 3857 4530 etvincemus:

451 4527 500 4584 si
532 4545 698 4584 orare
748 4531 1143 4602 icompellunt,
1177 4531 1222 4584 si
1248 4530 1478 4602 jejunia
1509 4532 1778 4596 suadent,
1815 4547 1930 4586 non
1964 4549 2031 4587 ex
2061 4525 2261 4586 eorum
2297 4549 2403 4586 nos
2437 4533 2696 4593 monitis.
2732 4531 2830 4586 sed
2863 4548 2931 4587 ex
2957 4536 3160 4588 nostra
3184 4525 3863 4602 consuetudinediriga-

454 4617 588 4674 nius
645 4603 777 4674 (εδ).
814 4601 1070 4674 Denique
1127 4600 1382 4658 etiam—si
1420 4604 1708 4658 irruentes
1766 4607 2012 4658 mortem
2072 4603 2241 4658 nobis
2274 4603 2565 4658 intentare
2623 4604 2950 4670 videantur,
2981 4601 3210 4660 ridendi
3254 4600 3444 4674 potius
3503 4601 3646 4654 sunt
3677 4614 3859 4670 quam

451 4671 697 4729 timendi
732 4690 746 4738 ;
778 4671 937 4742 quia,
973 4671 1104 4728 cum
1139 4674 1260 4729 sint
1287 4675 1530 4739 debiles,
1569 4674 1871 4731 minantur
1897 4680 2132 4740 cuncta,
2169 4690 2272 4731 nec
2306 4675 2552 4730 faciunt.

521 4745 610 4798 28.
642 4737 924 4814 Equidem
958 4746 1027 4799 de
1059 4745 1186 4799 istis
1212 4749 1334 4812 jam
1371 4737 1706 4802 transitoria
1739 4763 1829 4802 me
1859 4747 2078 4801 dixisse
2116 4737 2396 4813 memini,
2431 4753 2627 4800 tamen
2660 4745 2862 4800 eadem
2900 4760 3056 4800 nunc
3085 4741 3434 4815 explicanda
3490 4743 3631 4796 sunt
3657 4737 3864 4802 latius.

451 4815 591 4887 quia
622 4813 736 4870 non
781 4816 1130 4889 mediocrem
1161 4817 1329 4871 affert
1359 4817 1626 4889 repetitio
1657 4817 1976 4889 cautelam.
2002 4817 2358 4889 Adveniente
2393 4820 2636 4872 Domino
2667 4818 3004 4889 destructus
3029 4822 3121 4871 est
3151 4813 3446 4889 inimicus,
3477 4817 3535 4868 et
3562 4827 3738 4868 omne
3766 4828 3862 4882 pe-

453 4889 614 4942 nitus
643 4889 772 4958 eius
806 4893 982 4942 robur
1013 4887 1290 4958 elanguit.
1327 4887 1570 4961 Propter
1599 4890 1756 4960 quod
1817 4888 2076 4961 pristinae
2107 4888 2340 4945 virtutis
2371 4907 2616 4959 memor,
2649 4888 2818 4962 quasi
2864 4892 3150 4962 tyrannus
3191 4887 3318 4959 jam
3359 4900 3698 4952 senescens,
3728 4898 3864 4939 cum

516 5011 562 5046 5'
591 5011 744 5068 Psal.
776 5029 926 5081 κως,
960 5012 1043 5066 16.
1071 5012 1118 5046 ⁶⁰
1150 5011 1302 5069 Psal.
1337 5030 1572 5082 xxxvm,
1601 5014 1655 5070 2.
1683 5015 1726 5051 ⁶¹
1760 5011 1916 5070 Psal.
1949 5030 2159 5082 xxxvn,
2194 5014 2281 5070 14.

517 5133 629 5218 ς83)
661 5134 889 5222 Guliiert
917 5137 1041 5222 2'ct.
1070 5139 1233 5222 1mg.-
1265 5137 1320 5202 2,
1498 5133 1752 5222 λαλοῦσι,
1777 5135 1888 5222 ’καὶ
1917 5147 2098 5222 ςθορυ-

445 5203 627 5273 οοῢσι,
658 5207 746 5275 καὶ
782 5203 1181 5275 ὑποκρίνονταιῖ
1215 5212 1278 5262 in
1310 5209 1484 5264 editis
1513 5209 1652 5264 hec.
1703 5203 1794 5262 καὶ
1843 5203 2099 5275 λαλοῦσι,

442 5276 532 5353 καὶ
563 5271 874 5353 θορυϐοῦσι,
908 5271 1140 5353 desunt.
1179 5279 1330 5334 inira
1362 5281 1574 5353 Regius
1607 5280 1852 5353 primus,
1886 5271 2097 5353 secun}

2209 5155 2412 5212 προσευ
2458 5139 2547 5207 ήν.
2583 5134 2762 5192 Paulo
2794 5139 2925 5208 post
2973 5135 3155 5200 idem,
3210 5140 3310 5203 τῆς
3365 5133 3646 5201 ἀσκήσεως
3674 5131 3860 5202 ἡμῶν.

2281 5209 2395 5266 (86)
2417 5155 2514 5266 ξίο
2543 5208 2758 5266 Regius
2792 5208 3090 5265 secundus
3120 5212 3178 5263 et
3217 5205 3532 5263 Colbertin.
3577 5206 3632 5258 2.
3683 5202 3860 5266 Editi,

2281 5209 2395 5280 (86)
2419 5202 2514 5266 Sic
2543 5208 2758 5280 Regius
2792 5202 3090 5280 secundus
3120 5212 3178 5263 et
3217 5202 3532 5280 Celbertin.
3577 5206 3632 5258 2.
3682 5202 3862 5280 Editi,

2208 5279 2237 5334 ὁ
2265 5273 2561 5354 τύραννοςη
2601 5273 2758 5354 Infra
2803 5279 3359 5354 BegiusAsccundus
3403 5273 3860 5354 ἕκαστοςηῂμῶν,

444 5351 557 5426 dus
609 5344 666 5426 et
723 5348 1096 5426 coibat-tinus
1160 5344 1476 5426 secundus",
1533 5344 1805 5426 ἀφρόνως,
1840 5344 1920 5426 ut
1965 5350 2102 5426 legit

2232 5344 2344 5426 dos
2368 5355 2499 5426 post
2546 5347 2846 5424 λογιζέσθω
2869 5344 3212 5426 deﬁgebatur
3251 5348 3433 5426 oti-ring
3473 5349 3531 5426 in
3581 5344 3781 5426 editis_
3808 5349 3865 5426 e_t

442 5422 746 5501 _Ev_agrius.
781 5421 930 5478 Editi
959 5437 1094 5501 vero
1129 5428 1190 5501 et
1235 5422 1361 5501 alii,
1395 5416 1660 5501 ἀφ’θςινὼξ.
1695 5416 1975 5501 Evagrius
1998 5416 2100 5501 ha-

2206 5415 2554 5496 quihusdam
2585 5415 2752 5496 nisi,
2785 5424 2886 5480 sed
2919 5415 3084 5480 dcest
3113 5425 3169 5480 in
3203 5422 3382 5496 Regio
3413 5420 3464 5488 Ι,
3495 5423 3552 5486 2,
3577 5423 3635 5474 et
3655 5417 3717 5474 in
3743 5415 3860 5473 Col-

445 5493 794 5566 bet,’manus
827 5493 1264 5565 apprchcntlunl,
1317 5493 1469 5566 quod
1507 5493 1635 5552 'non
1684 5493 1982 5565 comparet
2039 5496 2097 5550 in
2204 5493 2429 5551 beriino
2456 5494 2733 5551 secundi).

445 5565 753 5768 ἓὲἒῗῗέίο
783 5651 993 5693 omnes
1021 5637 1202 5692 ferme
1236 5655 1378 5694 mss.
1429 5643 1488 5695 et
1533 5637 1838 5712 Evagrius.
1883 5635 2036 5692 Editi
2069 5635 2097 5689 ὁ

521 5776 633 5848 (85)
664 5775 879 5848 Regius
912 5778 960 5846 1,
991 5779 1047 5847 2,
1105 5773 1394 5852 ἐγενόμην.
1445 5781 1603 5838 Infra
1647 5778 1902 5837 Colbert.
1930 5778 1986 5848 2,
2019 5775 2094 5838 εἰς

2421 5565 2798 5647 liisnuscripti
2830 5566 3069 5647 quidam
3101 5581 3247 5638 saepe
3281 5561 3611 5647 conturbant
3641 5568 3713 5616 et.
3816 5633 3827 5643 .

2279 5631 2392 5708 (88)
2422 5638 2514 5695 Sic
2566 5631 2956 5711 manuscripti
3003 5631 3226 5696 omnes.
3280 5633 3594 5694 Bollandus
3619 5647 3776 5702 vero,
3803 5631 3862 5688 id

2205 5724 2452 5780 agamus.
