4074 6332
268 429 394 489 885
1652 429 1837 492 VlTA
1881 429 1947 490 8.

2053 434 2262 494 NTON
2271 434 2346 495 ΙΙ.
3583 426 3702 498 886

267 581 396 623 στος
430 559 584 633 ὒμῶν
632 557 964 634 λογιζέσθω,
1012 560 1102 614 καὶ
1155 557 1371 615 δύναται
1419 565 1776 638 καταφρονεῖν
1819 563 1912 615 τῶι

2041 564 2116 620 rit
2145 567 2439 624 daemones
2469 572 2860 626 contemnere.
2895 565 3058 633 Quod
3116 562 3166 621 si
3197 562 3407 620 iisdem
3454 559 3542 617 illi
3566 577 3692 617 cor-

268 647 578 722 δαιμόνων.
619 648 683 705 Εἰ
716 649 809 722 μὲν
866 645 955 702 οὖν
1001 648 1274 711 τοιούτοις
1327 649 1569 723 σώμασιν
1612 649 1745 718 ἦσαν
1779 647 1925 704 ἐνδε-

266 737 470 809 θέντες,
504 737 684 812 ὥσπερ
717 737 876 810 ἐσμὲν
905 739 1093 811 ἡμεῖς,
1146 736 1367 793 δυνατὸν
1397 739 1464 808 ἧν
1514 739 1696 800 αὐτοῖς
1725 736 1924 812 λέγειν,

264 827 351 883 ὅτι
386 828 817 902 Κρυπτομένους
877 828 972 900 μὲν
1020 826 1145 889 τοὺς
1191 829 1506 904 ἀνθρώπους
1540 828 1648 901 οὐχ
1678 828 1924 902 εὑρίσκο-

267 939 388 991 μεν,
424 913 670 994 εὑρόντες
706 913 764 971 δὲ
799 916 1136 992 βλάπτομεν.
1169 914 1511 990 Ἡδυνάμεθα
1542 914 1599 970 δὲ
1623 916 1713 970 καὶ
1762 919 1924 990 ἡμεῖς

264 1006 639 1082 κρυπτόμενοι
673 1005 950 1061 λανθάνειν
1007 1004 1224 1078 αὐτοὺς,
1255 1003 1529 1069 κλείοντες
1580 1007 1695 1060 κατ’
1745 1006 1920 1060 αὐτῶν

263 1095 449 1170 θύρας.
484 1095 548 1152 Εἰ
583 1092 640 1150 δὲ
670 1094 768 1150 οὐκ
800 1093 930 1149 εἰσὶν
967 1093 1162 1167 οὕτως,
1195 1093 1340 1149 ἀλλὰ
1387 1092 1780 1168 κεκλεισμένων
1813 1099 1920 1149 τῶν

262 1189 440 1261 θυρῶν
478 1183 739 1249 εἰσελθεῖν
772 1181 1049 1256 δύνανται,
1078 1183 1168 1239 καὶ
1211 1183 1262 1238 έν
1313 1189 1392 1256 τῷ
1441 1184 1599 1238 παντὶ
1647 1183 1761 1259 ἀέρι
1793 1204 1923 1259 τυγ-

263 1273 526 1349 χάνουσιν
559 1273 715 1328 αὐτοί
745 1294 803 1329 τε
831 1273 920 1327 καὶ
954 1275 981 1328 6
1011 1273 1222 1328 τούτων
1254 1278 1472 1348 πρῶτος
1505 1267 1782 1336 διάϐολος
1818 1271 1918 1326 εἶσὶ

263 1360 324 1418 δὲ
352 1362 669 1426 κακοθελεῖς
698 1365 784 1417 καὶ
816 1363 950 1439 πρὸς
1003 1363 1065 1417 τὸ
1123 1361 1380 1438 βλάπτειν
1432 1359 1666 1435 ἕτοιμοι,
1701 1361 1811 1429 καὶ,
1846 1362 1920 1423 ὡς

262 1452 409 1507 εἶπεν
444 1454 472 1507 6
505 1453 727 1528 Σωτὴρ,
760 1450 811 1522 ἐξ
866 1450 1048 1528 ἀρχῆς
1096 1451 1549 1527 ἀνθρωποκτόνος
1589 1449 1728 1504 ἐστὶν
1762 1451 1789 1504 ὁ
1821 1452 1918 1518 τῆς

257 1541 452 1604 κακίας
485 1542 664 1616 πατὴρ
696 1535 978 1603 διάϐολος·
1016 1545 1194 1614 ζῶμεν
1224 1538 1282 1595 δὲ
1309 1545 1400 1594 νῦν
1435 1543 1600 1612 ἡμεῖς
1633 1539 1721 1593 καὶ
1780 1537 1918 1612 μᾶλ-

263 1631 362 1686 λον
395 1632 511 1685 κατ’
543 1630 708 1684 αὐτοῦ
761 1628 1184 1702 πολιτευόμεθαο
1233 1627 1397 1699 δῆλοί
1453 1629 1552 1684 εἰσι
1588 1630 1696 1702 (89)
1749 1625 1915 1700 μηδὲν

260 1719 576 1794 ἰσχύοντες.
619 1717 756 1778 Οὔτε
784 1719 884 1794 γάρ
912 1718 1078 1780 τόπος
1112 1718 1306 1783 αὐτοὺς
1337 1719 1412 1782 εἰς
1438 1719 1501 1773 τὸ
1545 1712 1918 1772 ἐπιϐουλεύειν

261 1807 489 1879 κωλύει,
553 1805 676 1865 οὔτε
720 1806 916 1884 φίλους
975 1810 1124 1881 ἡμᾶς
1159 1809 1357 1880 ὁρῶσιν
1410 1805 1751 1874 έαυτῶν,⁹ίνα
1802 1806 1915 1885 φεί-

264 1918 485 1969 σωνται,
522 1895 645 1952 οὔτε
675 1895 967 1976 φιλάγαθοί
1003 1896 1156 1969 εἶ’σιν,
1183 1894 1274 1950 τίνα
1308 1894 1728 1972 διορθώσωνται’
1773 1893 1917 1950 ἀλλά

262 1987 354 2042 καὶ
391 1984 604 2060 μᾶλλόν
637 1987 738 2042 εἰσι
790 1986 1046 2062 πονηροί·
1098 1986 1187 2040 καὶ
1220 1983 1372 2042 οὐδὲν
1408 1987 1592 2048 αὑτοῖς
1620 1985 1729 2040 ἐστι
1760 2005 1914 2060 περι-

271 2073 607 2131 σπούδαστον
629 2078 742 2149 (90)
757 2077 831 2137 ὡς
847 2075 909 2130 τὸ
931 2073 1192 2151 βλάπτειν
1211 2073 1338 2138 τοὺς
1358 2073 1679 2152 φιλαρέτους
1695 2075 1784 2128 καὶ
1807 2085 1917 2137 θεο-

269 2159 581 2227 σεϐοὖντας.
617 2165 715 2218 Διὰ
749 2161 806 2219 δὲ
834 2163 896 2219 τὸ
931 2161 1098 2237 μηδὲν
1133 2161 1382 2227 δύνασθαι
1431 2168 1633 2233 ποιεῖν,
1671 2160 1758 2217 διὰ
1786 2167 1916 2217 τοῦ-

265 2275 329 2310 το
374 2251 528 2309 οόδὶν
581 2257 852 2322 ποιοῦσιν,
886 2252 922 2322 ἢ
958 2253 1123 2325 μόνον
1171 2251 1508 2308 ἀπειλοῦσιν·
1545 2251 1588 2306 εἰ
1638 2251 1741 2328 γὰρ
1780 2249 1914 2321 ἠδό-

265 2362 445 2412 νοντο,
474 2342 575 2397 οὐκ
601 2340 661 2396 ἂν
694 2335 953 2414 ἔμελλον,
989 2339 1115 2398 ἀλλ’
1144 2341 1301 2402 εὐθὺς
1333 2340 1593 2418 ἐνήργουν
1623 2342 1685 2396 τὸ
1727 2340 1910 2409 κακὸν,

263 2431 488 2506 ἑτοίμην
523 2427 742 2507 ἔχοντες
778 2431 852 2493 εἷς
908 2436 1067 2486 τοῦτο
1116 2433 1214 2500 τὴν
1251 2431 1586 2507 προαίρεσιν,
1632 2430 1720 2486 καὶ
1755 2428 1912 2503 μάλι-

259 2541 354 2574 στα
385 2521 500 2575 καθ’
531 2523 712 2593 ἡμῶν.
770 2516 909 2576 Ἰδοὺ
961 2524 1088 2596 γοῦν
1138 2525 1226 2574 νῦν
1279 2518 1618 2581 συνελθόντες
1668 2520 1784 2573 κατ’
1818 2518 1910 2572 αὐ-

255 2613 363 2664 τῶν
392 2607 693 2682 λαλοῦμεν,
747 2608 835 2663 καὶ
888 2607 1083 2682 ἴσασιν⁹
1130 2607 1234 2677 ὅτι,
1267 2608 1694 2685 προκοπτόντων
1725 2610 1908 2680 ἡμῶν,

137 2706 166 2728 "
258 2699 566 2763 ἀσθενοῦσιν
619 2698 818 2753 αὐτοί.
876 2697 941 2754 Εἴ
987 2698 1167 2754 τοίνυν
1213 2698 1361 2774 εἶχον
1411 2697 1673 2768 ἐξουσίαν,
1722 2695 1912 2752 οὐδένα

258 2786 316 2840 ἂν
373 2789 537 2861 ἡμῶν
596 2792 702 2842 τῶν
761 2790 1094 2862 Χριστιανῶν
1150 2788 1363 2865 ἀφῆκαν
1422 2790 1518 2860 ζῇν
1554 2808 1565 2820 ·
1632 2783 1912 2862 βδέλυγμα

257 2875 360 2950 γὰρ
424 2874 742 2951 ἁμαρτωλῷ
801 2870 1095 2939 θεοσέϐεια.
1161 2873 1379 2946 Ἐπειδὴ
1432 2873 1489 2930 δὲ
1537 2872 1692 2930 οὐδὲν
1728 2873 1912 2930 δύναν-

259 2985 348 3018 ται
375 2967 510 3037 (91),
573 2962 661 3018 διὰ
712 2968 872 3019 τοῦτο
933 2963 1146 3038 μᾶλλον
1208 2963 1428 3026 ἑαυτοὺς
1475 2964 1861 3040 τιτρώσκουσιν
1893 2982 1904 2994 ·

263 3051 346 3107 ὅτι
410 3050 581 3125 μηδὲν
641 3051 892 3108 δύνανται
949 3059 1126 3108 ποιεῖν
1185 3055 1256 3108 ὧν
1319 3052 1910 3110 ἇπειλοῦσιν.”Επειτα

259 3143 473 3197 κάκεῖνο
507 3141 817 3217 λογίζεσθαι
859 3144 995 3219 χρὴ,
1036 3144 1171 3220 πρὸς
1214 3144 1277 3198 τὸ
1332 3145 1406 3216 μή
1460 3137 1742 3216 φοϐεῖσθαι
1779 3143 1905 3198 τού-

255 3252 403 3294 τους·
439 3231 483 3287 εἰ
515 3233 578 3286 τὸ
609 3229 828 3288 δυνατὸν
885 3234 1131 3310 ὑπῆρχεν
1187 3235 1395 3304 αὐτοῖς,
1430 3233 1528 3288 οὐκ
1557 3232 1617 3288 ἃν
1667 3230 1906 3309 ἤρχοντο

2037 654 2278 726 poribus
2312 655 2517 729 illigati
2564 661 2764 713 essent
2822 655 3038 729 quibus
3069 670 3177 710 nos
3234 668 3466 722 sumus,
3499 651 3691 706 dicere

2035 759 2176 799 sane
2209 751 2490 816 possent:
2525 747 2795 802 Latentes
2843 745 3108 800 homines
3167 759 3282 797 non
3331 739 3687 805 invenimus,

2035 848 2184 904 quos
2216 834 2263 889 si
2299 834 2694 891 inveniremus
2726 834 3071 890 laederemus
3113 831 3334 903 utique.
3378 830 3687 886 Possemus

2035 921 2172 976 item
2206 939 2312 979 nos
2356 923 2740 990 occultantes,
2785 922 3038 979 occlusis
3077 920 3282 992 januis
3330 919 3511 975 latere
3542 917 3681 975 illis.

2035 1011 2145 1066 Sed
2179 1028 2310 1067 cum
2343 1029 2512 1068 secus
2553 1030 2614 1069 se
2671 1029 2762 1068 res
2808 1012 3041 1080 habeat,
3076 1026 3210 1064 nam
3260 1007 3478 1064 clausis
3508 1007 3684 1064 etiam

2025 1101 2230 1170 januis
2258 1102 2484 1174 ingredi
2517 1106 2784 1174 possunt,
2832 1102 2888 1156 in
2928 1105 3167 1170 totoque
3216 1114 3347 1154 aere
3375 1102 3686 1153 versantur

2031 1193 2152 1244 tam
2185 1189 2263 1244 illi
2296 1207 2472 1261 quam
2505 1191 2776 1263 princeps
2816 1206 3017 1246 eorum
3083 1187 3369 1254 diabolus,
3431 1191 3684 1257 suntque

2033 1276 2116 1333 illi
2143 1280 2215 1334 ad
2244 1279 2466 1334 malum
2505 1280 2910 1350 damnumque
2962 1277 3330 1333 inferendum
3363 1275 3573 1348 parati,
3603 1280 3682 1343 et,

2031 1371 2098 1422 ut
2128 1368 2208 1424 ait
2235 1369 2500 1424 Salvator
2518 1369 2585 1439 δ’,
2631 1368 2703 1423 ab
2758 1368 2926 1423 initio
2975 1366 3269 1422 homicida
3325 1369 3415 1420 est
3447 1364 3682 1420 malitia:

2030 1461 2195 1528 pater
2216 1457 2739 1528 diabolus,nosque
2765 1457 2887 1528 jam
2917 1455 3186 1522 vivimus,
3222 1455 3339 1510 imo
3371 1454 3680 1509 adversum

2029 1544 2161 1601 illos
2194 1546 2371 1602 vitam
2402 1546 2770 1602 instituimus
2830 1549 3130 1612 nostram;
3165 1542 3354 1616 palam
3413 1546 3504 1598 est
3548 1541 3680 1598 illos

2031 1634 2177 1690 nihil
2207 1635 2420 1690 virium
2451 1635 2686 1692 habere.
2719 1635 2845 1690 Non
2877 1634 3030 1689 enim
3091 1631 3255 1688 locus
3303 1647 3503 1687 eorum
3534 1630 3676 1686 insi-

2028 1724 2142 1780 diis
2173 1725 2404 1781 obstat:
2467 1740 2656 1796 neque
2707 1740 2813 1780 nos
2869 1722 2981 1779 sibi
3041 1721 3261 1777 amicos
3317 1724 3580 1787 cernunt,
3611 1722 3678 1774 ut

2027 1819 2267 1886 parcant
2299 1812 2488 1882 nobis,
2521 1829 2626 1869 nec
2657 1811 2806 1883 aequi
2836 1811 3091 1882 bonique
3125 1813 3391 1865 amantes
3419 1812 3576 1876 sunt,
3613 1812 3676 1864 ut

2027 1904 2355 1976 corrigant;
2387 1903 2504 1958 imo
2562 1901 2757 1974 potius
2801 1899 3046 1973 maligni
3103 1902 3263 1966 sunt,
3298 1897 3562 1968 nihilque
3593 1897 3674 1952 ita

2027 1999 2254 2058 curant,
2315 1995 2378 2048 ut
2431 1991 2661 2048 virtutis
2716 1989 3068 2062 pietatisque
3114 1987 3412 2044 studiosos
3441 1986 3669 2042 laedere.

2027 2083 2160 2139 Ideo
2192 2087 2387 2138 autem
2438 2079 2586 2135 nihil
2635 2079 2860 2135 faciunt
2907 2078 3062 2149 quod
3122 2075 3268 2131 nihil
3301 2073 3531 2148 possint
3561 2075 3675 2129 nisi

2026 2169 2392 2238 comminari,
2427 2166 2574 2224 nihil
2604 2166 2934 2224 cunctaturi
2966 2166 3016 2222 si
3047 2169 3308 2238 possent,
3339 2165 3439 2220 sed
3472 2163 3673 2220 statin:

2027 2260 2250 2317 malum
2282 2259 2580 2328 inferrent,
2613 2257 2770 2328 quod
2825 2260 3159 2328 promptam
3220 2253 3329 2309 hac
3389 2253 3446 2307 in
3478 2268 3539 2307 re
3570 2252 3672 2307 hac

2025 2350 2199 2406 beant
2228 2347 2609 2415 voluntatem,
2663 2350 2865 2402 contra
2921 2361 3027 2400 nos
3086 2343 3484 2416 potissimum.
3531 2343 3673 2397 Ecce

2016 2439 2140 2511 jam
2173 2437 2513 2510 congregati
2544 2438 2747 2491 contra
2775 2434 2936 2506 ipsos
2985 2432 3306 2503 loquimur,
3338 2436 3672 2502 noruntque

2022 2545 2084 2585 se
2116 2543 2428 2600 progressu
2460 2529 2658 2582 nostro
2691 2523 3002 2579 debilitari.
3036 2522 3219 2589 Certe,
3244 2522 3290 2577 si
3329 2524 3668 2588 potestatem

2020 2619 2322 2684 haberent,
2356 2615 2652 2670 neminem
2684 2614 2837 2672 658
2887 2619 3154 2668 nostrum
3203 2609 3664 2667 Christianorum

2019 2706 2209 2761 vivere
2260 2703 2681 2760 concederent:
2717 2717 2854 2756 nam
2903 2699 3220 2757 exsecratio
3261 2698 3548 2770 peccatori
3581 2700 3671 2752 est

2021 2796 2206 2868 pietas
2236 2810 2374 2866 erga
2406 2794 2584 2848 Deum
2605 2792 2820 2847 63.Cum
2853 2789 2999 2846 nihil
3031 2788 3260 2861 possint
3287 2793 3505 2853 autem,
3539 2803 3668 2842 sese

2017 2883 2507 2954 vulnerant,quod
2543 2881 2686 2936 nihil
2710 2879 3002 2935 minarum
3027 2894 3267 2934 suarum
3301 2875 3537 2947 exsequi
3570 2892 3664 2931 va—

2019 2974 2192 3029 leant.
2228 2971 2375 3027 Illud
2409 2974 2714 3043 propterea
2744 2967 3119 3040 cogitandum
3166 2970 3231 3021 ut
3261 2965 3391 3020 illos
3425 2964 3666 3020 minime

2018 3062 2502 3118 reformidemus:
2538 3059 2584 3113 si
2620 3062 2876 3130 potestas
2907 3055 3018 3111 sibi
3053 3060 3229 3120 esset,
3264 3071 3377 3109 non
3409 3070 3541 3108 cum
3574 3059 3666 3108 tu-

2017 3150 2228 3219 multu,
2263 3167 2376 3206 non
2409 3164 2542 3205 cum
2575 3146 2906 3220 phantasiis
2928 3146 3408 3211 accederent,non
3445 3146 3667 3198 mutata

2020 3241 2208 3296 forma
2240 3239 2484 3294 insidias
2515 3241 2824 3310 pararent:
2858 3235 2958 3291 sed
3019 3234 3161 3290 satis
3193 3234 3339 3288 foret
3393 3233 3666 3288 accedere

258 3324 373 3396 μετ’
401 3317 603 3397 ὄχλου,
650 3320 774 3378 οὐδὲ
825 3303 1118 3401 φαντασίας
1167 3303 1402 3393 ἐποίουν,
1459 3321 1584 3379 οὐδὲ
1626 3303 1903 3398 μετασχη-

2026 3345 2222 3396 unum,
2258 3327 2358 3400 qui
2390 3303 2545 3398 quod
2603 3328 2802 3397 posset
2845 3328 3018 3395 atque
3073 3320 3264 3389 vellet,
3316 3321 3660 3376 conﬁceret:

196 3411 209 3421 ’
259 3413 607 3486 ματιζόμενοι
641 3412 962 3487 έμεθόδευον
996 3435 1007 3447 ·
1059 3413 1185 3471 ἀλλ’
1216 3414 1372 3493 ἤρκει
1405 3415 1492 3471 καὶ
1529 3417 1688 3489 μόνον
1723 3414 1896 3479 ἐλθεῖν

252 3502 362 3572 ἕνα,
401 3506 490 3558 καὶ
543 3513 768 3574 ποιῆσαι
819 3511 978 3562 τοῦτο
1028 3506 1159 3583 ὅπερ
1214 3505 1432 3562 δύναται
1482 3509 1570 3562 καὶ
1624 3506 1897 3582 βούλεται·

248 3593 336 3647 καὶ
387 3591 625 3666 μάλιστα
671 3593 754 3649 ὅτι
800 3601 905 3657 πᾶς
955 3597 982 3649 6
1028 3597 1127 3664 τήν
1179 3595 1417 3667 ἐξουσίαν
1463 3593 1607 3671 ἔχων
1654 3594 1720 3650 οὐ
1768 3597 1902 3667 μετὰ

251 3682 539 3759 φαντασίας
570 3683 798 3757 ἀναιρεῖ,
830 3682 958 3740 οὐδὲ
985 3691 1102 3747 τοῖς
1154 3681 1352 3762 ὄχλοις
1385 3681 1622 3764 ἐκφοϐεῖ,
1656 3683 1782 3742 ἀλλ’
1815 3685 1901 3740 εὐ-

250 3771 341 3834 θὺς
375 3771 450 3834 ὠς
485 3771 738 3848 βούλεται
790 3776 900 3848 (92)
950 3774 1018 3849 τῇ
1071 3775 1282 3849 ἐξουσίᾳ
1328 3781 1688 3852 καταχρᾶται.
1743 3773 1902 3830 Ἀλλ’

2011 3435 2144 3475 cum
2179 3418 2428 3473 maxime
2457 3414 2728 3488 quisquis
2759 3417 3106 3486 potestatem
3137 3410 3332 3479 habet,
3381 3427 3494 3465 non
3529 3426 3661 3464 cum

2010 3525 2158 3564 vana
2185 3521 2474 3580 apparens
2507 3503 2697 3574 specie
2728 3502 2975 3571 occidat,
3021 3516 3209 3572 neque
3256 3497 3514 3554 tumultu
3547 3503 3662 3554 ter-

2013 3596 2268 3666 refaciat,
2303 3595 2402 3650 sed
2442 3591 2708 3665 protinus
2740 3590 3026 3646 arbitratu
3059 3606 3164 3646 suo
3199 3587 3433 3660 propria
3466 3591 3663 3642 utatur

2009 3688 2311 3760 potestate.
2346 3683 2456 3740 Sed
2490 3682 2782 3736 daemones
2842 3677 2988 3734 nihil
3015 3695 3147 3734 cum
3205 3675 3456 3743 valeant,
3492 3677 3661 3747 quasi

2009 3775 2070 3830 in
2100 3790 2274 3830 scena
2303 3771 2540 3838 ludunt,
2574 3769 2884 3824 immutata
2916 3767 3122 3837 forma,
3156 3770 3489 3836 terrentque
3520 3781 3658 3837 pue-

1653 3901 1910 3956 VERSIO
1947 3897 2260 3956 EVAGRII.

253 3995 442 4072 ruisse
473 4011 534 4051 se
562 3995 776 4072 videat,
809 3998 868 4053 in
901 4000 1217 4071 perniciem
1249 4004 1550 4072 grassatur
1580 3999 1930 4072 humanam,
1952 4013 2056 4072 nec
2107 4001 2305 4051 tamen
2339 3997 2533 4072 potest
2581 3992 2814 4072 firmum
2848 3995 2974 4072 pec
3006 3991 3210 4072 pectus
3240 3986 3658 4072 cogitationum

251 4075 308 4123 et
340 4071 680 4150 caaterarum
717 4057 990 4150 fraudum
1024 4078 1146 4128 arte
1177 4057 1528 4150 pervertere.
1553 4072 1697 4150 Nam
1729 4071 1857 4126 luce
1887 4057 2102 4125 clarius
2133 4073 2222 4123 est
2255 4057 2531 4137 quoniam
2565 4063 2880 4146 adversarii
2905 4057 3118 4150 ‘nostri,
3151 4075 3292 4150 cum.
3318 4057 3660 4150 nechuma-

252 4156 333 4213 na
357 4156 532 4194 carne
561 4141 682 4195 sint
713 4143 882 4213 septi,
920 4151 983 4198 ut
1013 4128 1240 4200 causari
1265 4144 1732 4200 valeantidcirco
1765 4160 1870 4198 nos
1902 4161 1936 4197 a
1967 4159 2028 4198 se
2056 4157 2169 4194 non
2202 4128 2371 4213 posse
2405 4132 3068 4213 su_peruri,quia_clauso
3099 4130 3248 4213 ostio
3281 4128 3519 4184 introire
3544 4147 3657 4185 non

252 4157 325 4193 na
357 4157 532 4194 carne
561 4157 682 4195 Slnl'.
713 4157 882 4213 septi,
920 4157 983 4198 ut
1013 4161 1240 4200 causari
1265 4157 1732 4200 valeantlacirco
1765 4160 1870 4198 nos
1902 4161 1936 4197 a
1967 4159 2028 4198 88
2056 4157 2169 4194 non
2241 4157 2371 4194 0886
2405 4157 2840 4208 superur1,qu1u
2871 4157 3068 4187 Uluusu
3099 4157 3248 4185 υδιιυ
3281 4157 3519 4184 ιιιιιύιινυ
3545 4157 3655 4185 uuu

248 4210 518 4266 valeant:
550 4216 606 4267 et
638 4229 833 4288 revera
864 4215 912 4288 si
944 4216 1194 4271 fuissent
1222 4216 1332 4272 hoc
1364 4214 1558 4288 fragili
1589 4232 1835 4288 corpore
1852 4213 2134 4288 colligati,
2168 4157 2437 4288 ogserato
2469 4205 2971 4288 introitu,‘iisdem
3002 4207 3614 4288 negareturoaccessus
3643 4219 3655 4258 :

250 4287 631 4366 comantem,
669 4289 734 4339 ut
765 4285 1041 4366 diximus,
1075 4288 1184 4342 hoc
1207 4272 1635 4366 impedimento
1675 4272 1796 4341 sint
1823 4272 2026 4354 liberi:
2045 4291 2101 4338 et
2123 4272 2424 4338 'obstructa
2459 4272 2781 4366 penetrant,
2814 4272 3261 4366 atquein’onfi‘ni
3293 4272 3534 4366 licenter
3563 4290 3658 4366 vo-

248 4353 416 4437 litent
447 4371 578 4437 aere
604 4345 625 4421 ;⁷
653 4345 1041 4437 manifestum
1056 4367 1144 4415 est
1169 4360 1241 4437 ob
1263 4345 1712 4437 enervationem
1731 4376 1931 4437 eorum
1969 4345 2308 4437 permanere
2329 4345 2541 4437 corpus
2561 4349 2833 4437 .E‘cclesiaz
2857 4345 3130 4437 illaesum.
3164 4345 3659 4437 DeniqueLsatellli-

246 4430 332 4508 tes
365 4426 525 4508 impAii
561 4416 694 4508 cum
728 4430 989 4508 principe
1021 4448 1128 4486 suo
1160 4431 1594 4508 diabolo,qu_em
1623 4431 1884 4508 Salvator
1914 4416 1983 4508 in:
2024 4425 2330 4508 Evangelio
2360 4416 2714 4508 homicidam
2763 4425 2818 4475 et
2858 4416 3355 4508 patrem‘malitiw
3388 4417 3459 4472 ab
3492 4417 3658 4473 initio

248 4497 430 4552 fuisse
451 4490 680 4566 'firmat,
716 4490 882 4557 nobis
915 4490 1226 4558 adversum
1284 4520 1345 4558 se
1379 4490 1601 4557 fortiter
1657 4501 2101 4566 dimicantibus,
2135 4490 2294 4553 nullo
2327 4497 2498 4551 modo
2556 4490 2896 4566 cessissent,
2918 4490 2977 4566 si
3012 4495 3655 4566 potestasgeoruminon

248 4570 459 4644 fuisset
486 4559 700 4644 ablata.
736 4573 904 4641 Nam,
938 4575 986 4628 si
1022 4575 1294 4640 mentior,
1318 4592 1422 4630 cur
1452 4574 1622 4629 nobis
1653 4574 1898 4628 Satanas
1933 4559 2144 4644 parcis,
2177 4567 2523 4644 quiubique
2552 4564 2836 4644 discurris
2858 4559 3334 4644 ?C.ur_qhuihnul.lo
3364 4561 3656 4644 clauderis

248 4641 406 4723 loco,
432 4643 740 4699 adversum
772 4650 829 4699 te
847 4633 1005 4723 bene
1033 4633 1350 4723 viventium
1385 4651 1442 4701 et
1472 4646 1905 4723 disputantium
1933 4633 2054 4723 non
2089 4633 2252 4723 potes
2285 4633 2633 4723 labefactare
2663 4635 3049 4719 constantiam
3069 4633 3096 4688 ?
3125 4634 3518 4723 Se‘dpfortasse
3547 4651 3654 4714 nos

245 4705 463 4795 diligis“,
498 4731 645 4784 quos
697 4717 960 4788 quotidie
982 4719 1542 4795 _c¢_3naris_obruere,
1573 4705 1701 4772 ’θυι
1732 4716 2008 4795 credibile
2039 4705 2127 4795 est
2183 4716 2240 4795 te
2279 4727 2406 4766 esse
2461 4710 2739 4795 b‘onitatis
2788 4707 3132 4789 magistrum
3165 4710 3220 4760 et
3250 4705 3440 4795 lavere
3467 4705 3656 4795 magis

246 4775 731 4868 o_ptivmivs.,'_q_uam‘
753 4805 960 4846 nocere
981 4789 1008 4843 ?
1033 4791 1106 4868 Et
1137 4790 1275 4861 quid
1307 4795 1428 4868 tam
1461 4775 1702 4868 charum
1735 4788 1838 4868 tibi
1874 4804 2002 4843 esse
2035 4790 2242 4868 potest,
2276 4799 2449 4868 quam
2471 4782 2718 4868 olmdere.
2746 4775 3006 4868 maxime
3036 4795 3156 4844 eos,
3187 4776 3297 4868 qui.
3319 4775 3436 4868 turis
3462 4775 3653 4868 scele-

246 4847 413 4932 ribus
439 4847 688 4932 viriliter
716 4866 1069 4931 repugnant,
1103 4847 1430 4917 secundum
1464 4861 1618 4932 quod
1653 4860 1935 4932 scriptum
1969 4847 2094 4932 est:
2129 4855 2268 4932 quia
2290 4847 2648 4932 abominatio
2677 4858 2765 4932 est
2795 4851 2981 4932 pietas
3005 4847 3349 4932 peccatori?
3368 4847 3508 4928 Quis
3533 4853 3652 4930 tam

245 4929 560 5009 fecundum
584 4931 664 5009 _ad
700 4918 982 5009 malitiam
1008 4918 1546 5009 possidet‘pectus‘?
1569 4933 1699 5009 quis
1724 4918 1840 5009 tam
1867 4918 2175 5009 meditatas
2196 4927 2441 5009 implere
2462 4931 2707 5009 conatur
2736 4918 2984 5009 insidias
3005 4918 3032 4975 ?
3055 4920 3279 4975 scimus
3301 4923 3358 4974 te
3378 4918 3656 5002 impuris-

245 4999 466 5086 simum
489 5002 742 5086 cadaver
765 4991 1037 5086 :“scimus
1068 5007 1207 5086 quia
1239 4991 1451 5086 idcirco
1477 4991 1728 5086 vivi-mus
1762 5002 2096 5086 tihristiani,
2129 5005 2184 5055 et
2215 4991 2440 5086 contra
2472 5003 2523 5086 te
2554 4997 2735 5086 nobis
2768 4999 2858 5050 est
2889 5009 3095 5050 secura
3124 4991 3482 5086 congressis,
3515 4991 3654 5086 quia

244 5071 674 5153 intinmatuses
706 5091 740 5130 a
768 5075 1034 5131 Domino.
1074 5062 1204 5132 l'deo
1236 5078 1306 5131 de
1336 5079 1455 5153 tuis
1485 5077 1813 5153 confoderis
1839 5062 2094 5153 jaculis,
2131 5072 2268 5153 quia
2299 5070 2684 5125 imitationem
2719 5071 2878 5121 tuam
2931 5080 3046 5120 non
3079 5062 3648 5153 sequiturneﬂectgsg

241 5143 397 5214 quod
431 5143 480 5198 si
512 5144 790 5215 fallimur,
824 5165 927 5203 cur
957 5165 1091 5204 cum
1123 5154 1344 5205 terrore
1396 5147 1693 5219 simulato,
1727 5134 1860 5204 cur'
1882 5134 2288 5219 magnitudine
2319 5157 2627 5213 corporum
2681 5145 2938 5194 nostram
2973 5134 3306 5207 aggrederis
3336 5135 3510 5191 fidem
3535 5135 3562 5190 ?
3591 5134 3650 5191 Si

903 5282 948 5317 ⁸³
977 5282 1152 5338 Eccli.
1190 5300 1229 5349 ι,
1260 5284 1348 5353 32.

305 5408 675 5490 ($9)_Regius
707 5416 1092 5490 se‘cundusget
1137 5415 1387 5472 Colbert.
1437 5417 1494 5481 2,
1542 5410 1716 5469 δειλοί
1764 5410 1887 5467 εἶσι.

242 5483 303 5535 In
338 5482 735 5541 iisdem'infra
765 5486 968 5541 ἑαυτῶν
993 5488 1175 5544 deest.

313 5552 551 5644 (Eglﬁip
584 5557 1083 5644 Regius‘primus,
1110 5559 1490 5644 secundus,et
1521 5556 1890 5644 ‘Colbertinnus

243 5625 576 5705 secundus;
637 5625 696 5685 in
757 5625 930 5689 editis
982 5625 1445 5705 περισπούδαστον
1505 5631 1688 5705 deest.
1712 5628 1892 5705 Alnfra

243 5694 618 5778 Golbertinus
647 5705 964 5774 secundus,
998 5694 1099 5758 οόκ
1130 5701 1189 5756 ἂν
1245 5697 1506 5774 ἔμελλον,
1556 5704 1655 5758 sed
1710 5698 1769 5755 ἂν
1831 5701 1889 5756 in

247 5766 378 5826 alus
409 5767 590 5827 deest.

247 5783 378 5826 ams
409 5783 590 5828 αθθεῐ.

307 5277 355 5312 ⁸⁵
382 5275 552 5333 Joan.
586 5295 704 5335 vm.
738 5282 826 5336 44.

2075 5409 2314 5535 (91?:qu
2350 5406 2566 5480 Regius
2599 5405 2911 5494 secundus,
2937 5407 2994 5459 et
3031 5401 3399 5459 Colbertinus
3449 5415 3655 5457 secun-

2085 5499 2130 5535 s.
2183 5482 2317 5535 ‘dlll
2347 5497 2480 5535 vero
2512 5483 2569 5534 et
2602 5477 2721 5535 aln.
2755 5497 2820 5529 ου
2854 5472 3095 5529 δυναται.

2001 5472 2130 5537 dus
2166 5472 2317 5536 Editi
2347 5472 2480 5535 vervo
2512 5483 2569 5534 et
2602 5477 2721 5545 alii,
2755 5474 2820 5529 οὐ
2854 5472 3095 5529 δύναται.

2075 5555 2186 5624 (92)
2217 5551 2529 5607 Golbertin.
2563 5541 2883 5624 secundus,
2915 5546 3112 5624 εὐθέως
3141 5545 3170 5598 ὃ
3205 5541 3481 5624 βουλε-ταὶ.
3524 5547 3650 5599 Mox

2002 5617 2143 5697 Reg.
2166 5617 2228 5692 ⁷2,
2263 5641 2432 5706 quem
2467 5623 2787 5704 sequimur,
2831 5617 3420 5710 'XITaXP§TEI;_LEdAlIti,
3468 5635 3646 5710 rara-

2000 5689 2224 5824 xpﬁ'zat.
2259 5689 2475 5769 Regius
2510 5689 2755 5768 primus,
2777 5689 3078 5767 κέχρηται.
3110 5689 3426 5748 Colbertin.
3467 5692 3521 5756 2,
3555 5707 3649 5742 κα-

1999 5788 2103 5824 τακ
2135 5787 2354 5844 χρῃται.
