4074 6346
281 450 402 514 889

1651 451 1834 512 VlTA
1877 453 1940 512 S.
1989 458 2032 512 A
2047 453 2308 515 N'l‘ONIl
2322 498 2335 510 .

3570 443 3692 506 890

279 584 400 640 κατ’
427 580 602 638 αὐτῶν
653 581 772 657 βίος
822 579 1004 656 ὀρθὸς,
1035 581 1124 636 καί
1168 584 1204 651 ἡ
1250 581 1385 656 πρὸς
1416 582 1546 636 Θεὸν
1578 581 1779 643 πίστις.
1814 587 1924 636 Φο-

2043 588 2131 639 est
2159 586 2341 656 proba
2360 586 2498 652 vita,
2532 589 2588 640 et
2618 585 2762 640 ﬁdes
2793 583 2853 638 in
2914 583 3115 638 Deum.
3149 579 3382 636 Timent
3401 593 3543 634 sane
3599 576 3686 631 illi

282 667 503 727 ϐοὖνται
551 675 678 746 γοῦν
719 674 828 725 τῶν
879 669 1126 740 ἀσκητῶν
1171 672 1269 740 τὴν
1315 670 1583 743 νηστείαν,
1622 671 1721 739 τὴν
1772 670 1930 746 ἀγρυ-

279 760 458 827 πνίαν,
500 759 594 822 τὰς
643 759 827 835 εὐχάς,
858 759 921 813 τὸ
954 764 1148 834 πρᾶον,
1175 760 1236 813 τὸ
1267 759 1500 834 ἥσυχον,
1534 760 1595 814 τὸ
1626 758 1926 835 ἀφιλάργυ-

285 871 398 925 ρον,
431 851 494 905 τὸ
527 845 865 919 ἀκενόδοξον,
897 849 994 917 τὴν
1027 847 1622 926 ταπεινοφροσύνην,τὸ
1651 847 1929 925 φιλόπτω-

281 959 407 1016 χον,
437 939 532 1004 τὰς
572 937 966 1011 ἐλεημοσύνας,
996 938 1058 992 τὸ
1112 937 1401 1013 ἀόργητον,
1435 939 1523 992 καὶ
1573 939 1925 1013 προηγουμέ⁴

278 1049 382 1090 νως
413 1029 510 1097 τὴν
545 1028 742 1090 εἰςτίτὸν
776 1027 1002 1103 Χριστὸν
1033 1021 1328 1082 εὐσέϐειαν.
1362 1025 1459 1081 Διὰ
1487 1030 1648 1080 τοῦτο
1681 1026 1783 1101 γὰρ
1836 1025 1926 1081 καὶ

274 1119 450 1174 πάντα
478 1114 856 1185 ποιοῦσιν,⁴’ίνα
891 1118 965 1189 μὴ
999 1112 1168 1192 ἔχωσι
1199 1115 1326 1178 τοὺς
1352 1119 1788 1177 καταπατοῦντας
1818 1118 1925 1188 (99)

275 1205 493 1268 αὐτούς.
536 1207 709 1264 ’Ίσασι
765 1207 866 1280 γάρ
924 1205 1022 1274 τήν
1083 1206 1200 1259 κατ’
1249 1204 1421 1260 αὐτῶν
1477 1201 1720 1259 δοθεῖσαν
1761 1205 1926 1280 χάριν

273 1300 393 1358 τοῖς
449 1299 659 1356 πιστοῖς
705 1295 852 1368 παρά
924 1293 1020 1348 τοῦ
1072 1300 1356 1370 Σωτῆρος,
1411 1291 1668 1368 λέγοντος
1719 1293 1922 1348 αὐτοῦ·

274 1381 420 1442 Ἰδοὺ
505 1380 716 1438 δέδωκα
799 1382 926 1455 ὑμῖν
1015 1381 1257 1456 ἐξουσίαν
1329 1384 1406 1457 (1)
1474 1387 1661 1438 πατεῖν
1748 1381 1926 1436 ἰπάνω

278 1468 453 1551 ὄφεων
520 1471 608 1527 καὶ
678 1472 974 1546 σκορπίων,
1025 1471 1114 1527 καὶ
1175 1471 1259 1527 ἐπὶ
1314 1477 1484 1527 πᾶσαν
1539 1473 1638 1541 τὴν
1697 1469 1924 1546 δύναμιν

276 1567 374 1618 τοῦ
407 1561 634 1638 έχθροῦ.

92 1633 269 1687 ’χ”ίκ
345 1633 564 1709 31.““Ᾰν
616 1649 792 1706 τοίνυν
837 1650 928 1706 καὶ
1009 1648 1294 1726 προλέγειν
1365 1650 1783 1726 ὑποκρίνωνται,
1848 1653 1923 1725 μὴ

275 1739 682 1817 προσποιείσθω
711 1760 815 1802 τις.
851 1737 1130 1802 Πολλάκις
1161 1740 1265 1814 γὰρ
1296 1740 1402 1814 πρὸ
1432 1743 1655 1815 ἡμερῶν
1707 1738 1924 1817 λέγουσι

273 1829 405 1892 τοὺς
431 1830 548 1902 μεθ’
572 1831 785 1905 ἡμέρας
817 1830 1165 1891 ἂπαντῶντας
1214 1826 1506 1907 ἀδελφούςο
1534 1829 1624 1884 καὶ
1669 1827 1924 1905 ἔρχονται

2039 679 2366 729 ascetarum
2386 675 2632 745 jejunis,
2660 673 2905 745 vigilias,
2930 671 3244 734 orationes,
3281 666 3687 724 mansuetudi-

2039 779 2194 832 nem,
2223 763 2735 834 tranquillitatem,
2761 760 3020 833 pecunim
3044 758 3306 814 etinanis
3328 756 3527 828 glorias
3549 772 3682 810 con-

2037 852 3109 922 temptum,humilitatem,pauperum
3141 844 3684 911 amorem,eleemo-

2039 959 2236 1014 synas,
2299 942 2618 1010 lenitatem,
2648 946 2704 996 et
2762 957 2876 1011 prae
2935 937 3158 994 caeteris
3215 937 3489 1007 pietatem
3547 950 3686 1005 erga

2036 1031 2356 1087 Christum.
2393 1033 2579 1096 Quare
2603 1030 2747 1084 nihil
2783 1047 2896 1083 non
2922 1029 3119 1098 agunt,
3155 1029 3219 1080 ut
3239 1041 3410 1080 nemo
3443 1023 3685 1078 exsistat

2037 1121 2137 1190 qui
2170 1136 2233 1175 se
2282 1120 2603 1175 conculcet.
2637 1120 2862 1174 Norunt
2892 1117 3049 1172 enim
3105 1116 3352 1188 gratiam
3411 1112 3682 1168 fidelibus

2036 1210 2346 1264 adversum
2378 1225 2442 1264 se
2469 1209 2667 1263 datam
2698 1225 2733 1262 a
2761 1206 3055 1262 Salvatore
3087 1205 3184 1276 qui
3217 1204 3298 1259 ait
3329 1219 3342 1257 :
3376 1203 3507 1258 Ecce
3557 1201 3684 1257 dedi

2035 1298 2183 1353 vobis
2209 1301 2525 1369 potestatem
2569 1298 2826 1352 catcandi
2853 1311 3021 1366 supra
3071 1301 3343 1364 serpentes
3362 1297 3410 1348 et
3439 1293 3682 1363 scorpio-

2034 1403 2151 1453 nes,
2184 1396 2236 1443 et
2261 1403 2424 1460 super
2451 1403 2662 1442 omnem
2695 1386 2958 1445 virtutem
2986 1384 3204 1443 inimici
3229 1382 3294 1440 ⁵⁷.

2105 1658 2194 1712 31.
2215 1657 2270 1711 Si
2295 1657 2493 1727 itaque
2523 1671 2585 1712 se
2619 1657 2812 1711 futura
2836 1655 3144 1722 prsidicere
3175 1651 3476 1721 simulent,
3509 1666 3680 1706 nemo

2036 1746 2319 1801 attendat.
2353 1746 2514 1816 Saepe
2545 1744 2700 1800 enim
2734 1743 2961 1816 aliquot
2993 1747 3124 1798 ante
3158 1741 3363 1797 diebus
3403 1745 3682 1796 venturos

2034 1834 2244 1890 fratres
2273 1837 2685 1906 praenuntiant,
2719 1839 2776 1888 et
2803 1834 3048 1888 veniunt
3075 1831 3159 1887 illi
3193 1849 3407 1887 revera.
3445 1832 3558 1885 Hoc
3582 1847 3682 1884 au-

281 1919 376 1992 μὲν
409 1917 626 1974 ἐκεῖνοι.
660 1921 884 1973 Ποιοῦσι
919 1915 976 1972 δὲ
1003 1922 1162 1972 τοῦτο
1195 1919 1368 1987 οὗτοι,
1392 1919 1456 1973 οὐ
1486 1915 1784 1991 κηδόμενοι
1817 1925 1926 1975 τῶν

289 2009 302 2022 .
429 2007 441 2022 ,
652 2005 806 2022 ης...
1073 2007 1085 2022 ι
1247 2007 1261 2022 .
1337 2012 1360 2022 ..
1496 2007 1507 2022 ,
1747 2007 1761 2022 .
1841 2008 1851 2022 ι

2042 1927 2152 1978 tem
2177 1928 2501 1995 agunt,non
2527 1921 2727 1993 aliqua
2743 1938 2806 1977 se
2828 1921 3196 1977 audientium
3211 1919 3436 1974 ratione
3457 1916 3677 1984 habita,

277 2007 607 2079 ἀκουόντων,
642 2005 873 2063 ἀλλ”ίνα
901 2007 1170 2062 πιστεύειν
1203 2007 1387 2070 αὐτοῖς
1418 2007 1672 2063 πείσωσιν
1707 2007 1924 2078 σύτοὺς,

275 2097 366 2152 καὶ
417 2096 542 2152 τότε
601 2097 794 2152 λοιπὸν
857 2095 1205 2173 ὑποχειρίους
1259 2095 1499 2172 ἔχοντες,
1559 2089 1921 2153 ἀπολέσωσινι

275 2187 394 2250 ὅθεν
423 2185 486 2241 οὐ
519 2183 599 2240 δεῖ
627 2185 918 2262 προσέχειν
953 2185 1162 2253 αὐτοῖς,
1194 2183 1341 2240 ἀλλὰ
1369 2187 1459 2240 καὶ
1492 2184 1745 2261 λέγοντας
1797 2188 1925 2242 άνα·

274 2274 491 2350 τρέπειν
518 2275 655 2350 χρὴ,
687 2274 769 2329 ὅτι
801 2275 877 2348 μὴ
909 2275 1098 2350 χρείαν
1132 2269 1333 2349 ἔχομεν
1381 2277 1545 2347 ἡμεῖς
1592 2276 1821 2332 τούτων.
1855 2277 1924 2334 Τί

278 2365 382 2440 γὰρ
443 2365 774 2438 θαυμαστὸν,
834 2362 882 2418 εἴ
938 2361 1286 2440 λεπτοτέροις
1359 2363 1641 2439 χρώμενοι
1710 2366 1922 2439 σώμασι

284 2451 498 2527 μᾶλλον
529 2457 636 2508 τῶν
678 2452 998 2529 ἀνθρώπων,
1031 2452 1122 2507 καὶ
1168 2451 1296 2514 τοὺς
1343 2452 1674 2526 ἀρξαμένους
1725 2452 1928 2510 ὁδεύειν

281 2541 599 2618 ἑωρακότες,
646 2537 1099 2618 προλαμϐάνουσι
1147 2546 1228 2614 τῷ
1277 2539 1468 2616 δρόμῳ
1516 2541 1605 2597 καὶ
1653 2541 1927 2619 ἀπαγγέλ-

285 2629 482 2699 λουσι;
529 2634 693 2684 τοῦτο
736 2629 825 2686 καὶ
870 2628 1028 2702 ’ίππῳ
1073 2651 1157 2693 τις
1202 2629 1600 2702 έπικαθήμενος
1641 2629 1925 2707 προλέγει,

283 2713 690 2794 προλαμϐάνων
721 2724 819 2775 τοῦ
849 2717 1133 2782 ὁδεύοντος
1163 2722 1239 2792 (2)
1271 2724 1383 2782 τοῖς
1416 2719 1594 2774 ποσίν·
1625 2720 1762 2776 ὥστε
1812 2721 1928 2776 οὐδ’

282 2807 334 2862 έν
362 2807 543 2880 τούτῳ
581 2809 693 2883 χρή
747 2809 1036 2880 θαυμάζειν
1087 2806 1303 2869 αὐτούς.
1331 2805 1498 2866 Οὐδὲν
1540 2808 1642 2885 γὰρ
1687 2814 1793 2863 τῶν
1849 2812 1924 2883 μὴ

280 2897 580 2973 γενομένων
612 2897 1109 2973 προγινώσκουσιν·
1139 2894 1284 2952 ἀλλὰ
1325 2896 1489 2969 μόνος
1536 2898 1564 2952 ὁ
1609 2899 1736 2960 Θεός
1785 2897 1924 2954 ἐστιν

283 2987 312 3041 ὁ
360 2987 534 3055 πάντα
575 2985 854 3061 γινώσκων
924 2985 1048 3060 πρὶν
1103 2985 1358 3058 γενέσεως
1404 2985 1601 3043 αὐτῶν.
1652 2988 1818 3044 Οὗτοι
1869 2986 1928 3044 δὲ

283 3074 315 3128 ἃ
348 3073 662 3149 βλέπουσιν,
696 3075 772 3138 ὡς
795 3072 1046 3145 κλέπται,
1071 3075 1464 3150 προτρέχοντες
1492 3073 1923 3151 ἀπαγγέλλουσι.

281 3165 479 3226 Πόσσις
511 3168 598 3218 νῦν
629 3164 698 3218 τὰ
725 3165 911 3236 ἡμῶν,
941 3162 1030 3218 καὶ
1061 3163 1145 3218 ὅτι
1177 3163 1542 3237 συνήλθομεν,
1577 3165 1666 3220 καὶ
1691 3164 1927 3239 ὁμιλοῦ-

285 3273 380 3326 μεν
411 3253 526 3308 κατ’
557 3251 731 3307 αὐτῶν
767 3251 1114 3326 σημαίνουσι,
1146 3252 1271 3327 πρὶν
1305 3255 1432 3326 παρ’
1461 3255 1494 3324 ἠ
1506 3259 1624 3326 μῶν
1653 3275 1735 3316 τις
1764 3255 1928 3311 ἀπελ-

281 3343 389 3397 θὼν
421 3339 760 3417 ἀπαγγείλῃί
790 3344 966 3398 Τοῦτο
1010 3340 1068 3396 δὲ
1105 3326 1197 3397 καὶ
1251 3348 1382 3405 παῖς
1429 3364 1514 3405 τις
1544 3345 1623 3416 (3)
1653 3343 1926 3422 ταχυδρό-
1959 3326 2002 3394 C

285 3452 388 3504 μος
436 3437 664 3500 ποιῆσαι
715 3429 956 3501 δύναται,
983 3425 1280 3506 προλαϐὼν
1328 3433 1422 3487 τὸν
1479 3430 1832 3509 βραδύναντά.
1864 3439 1932 3492 Ὀ

284 3517 342 3575 Si
389 3519 554 3596 λέγω,
585 3518 833 3574 τοιοῦτόν
881 3518 1038 3576 ἐστιν.
1071 3524 1166 3576 "Av
1217 3542 1300 3583 τις
1344 3519 1567 3596 ἄρξηται
1612 3527 1928 3597 περιπατεῖν

282 3608 390 3664 ἀπὸ
419 3615 520 3679 τῆς
546 3603 841 3680 Θηϐαΐδος,
863 3608 897 3676 ἢ
920 3608 1025 3664 ἀπό
1051 3629 1199 3671 τινος
1225 3605 1406 3680 ἄλλης
1437 3608 1646 3686 χώρας,
1677 3612 1803 3687 πρὶν
1833 3612 1928 3684 μὲν

284 3697 511 3773 ἄρξηται
562 3701 900 3771 περιπατεῖν,
953 3695 1054 3752 οὐκ
1100 3695 1271 3752 ἴσασιν
1330 3697 1375 3752 εἰ
1421 3701 1800 3773 περιπατήσει’
1833 3721 1928 3755 πε-

285 3790 615 3860 ριπατοῦντα
647 3784 704 3841 δὲ
725 3790 916 3841 τοῦτον
949 3787 1270 3862 ἑωρακότες,
1291 3789 1780 3864 προτρέχουσι,καὶ
1803 3789 1928 3865 πρὶν

285 3875 446 3932 αὐτὸν
474 3874 676 3946 ἐλθεῖν,
708 3874 1134 3952 ἀπαγγέλλουσι·
1164 3877 1251 3932 καὶ
1305 3875 1448 3932 οὕτω
1496 3873 1776 3952 συμϐαίνει
1804 3879 1933 3934 τού-

2037 2013 2138 2067 sed
2171 2027 2286 2084 quo
2316 2010 2739 2067 suadeantillis
2761 2014 2828 2065 ut
2859 2010 3030 2064 ﬁdem
3060 2009 3315 2063 habeant
3337 2007 3470 2062 sibi:
3505 2009 3681 2078 atque

2035 2101 2274 2157 demum
2307 2117 2404 2157 eos
2433 2117 2554 2156 sua;
2599 2101 2769 2173 quasi
2823 2099 3130 2172 potestatis
3157 2099 3342 2153 factos
3394 2096 3680 2168 perdant:

2036 2192 2196 2246 unde
2226 2207 2298 2245 ne
2357 2191 2694 2245 attendatur
2724 2189 2890 2261 ipsis,
2917 2188 3036 2244 imo
3066 2187 3371 2258 loquentes
3400 2184 3682 2255 abjician-

2035 2284 2154 2350 tur,
2187 2280 2328 2351 quia
2356 2279 2503 2334 nihil
2535 2278 2650 2334 illis
2681 2294 2943 2350 egemus.
2984 2278 3130 2342 Quid
3164 2275 3377 2330 mirum
3418 2273 3598 2339 enim,
3631 2273 3680 2328 si

2037 2369 2351 2424 levioribus
2379 2385 2556 2440 quam
2590 2367 2858 2423 homines
2887 2366 2980 2422 usi
3039 2365 3402 2437 corporibus,
3436 2378 3567 2418 cum
3598 2361 3682 2417 vi-

2037 2458 2230 2513 derint
2262 2457 2491 2528 aliquos
2519 2457 2668 2512 viam
2718 2457 3039 2527 ingressos,
3068 2470 3242 2510 cursu
3301 2454 3681 2522 antevertaut,

2037 2551 2215 2619 atque
2271 2546 2610 2602 renuntient
2637 2547 2664 2602 ?
2693 2562 2758 2602 eo
2781 2547 2995 2617 quippe
3025 2546 3197 2601 modo
3220 2560 3398 2616 eques
3427 2543 3681 2615 peditem

2037 2641 2379 2707 praevertere
2408 2636 2596 2707 possit
2625 2654 2637 2691 :
2672 2652 2850 2706 quare
2873 2635 2979 2690 hac
3011 2635 3067 2689 in
3103 2651 3161 2689 re
3194 2649 3306 2688 non
3335 2637 3477 2687 sunt
3493 2630 3681 2686 admi-

2037 2725 2261 2780 ratione
2290 2724 2468 2795 digui.
2501 2724 2654 2779 Nihil
2678 2724 2842 2780 enim»
2867 2724 3075 2780 noruni
3108 2722 3258 2794 quod
3291 2722 3555 2776 nondum
3585 2735 3680 2774 ex-

2037 2819 2155 2871 stet
2189 2830 2202 2870 :
2235 2815 2514 2884 solusque
2550 2817 2697 2869 heus
2720 2813 2873 2868 novit
2895 2814 3092 2868 omnia
3122 2818 3432 2881 antequam
3465 2809 3676 2865 ﬁant“.

2036 2903 2126 2959 Illi
2157 2918 2288 2958 vero
2313 2905 2360 2958 si
2392 2920 2509 2974 qua
2537 2902 2982 2974 viderint,quasi
3016 2903 3172 2957 fures
3199 2901 3484 2956 concitato
3504 2914 3678 2953 cursu

2039 2993 2509 3056 referunt.Quam
2545 2991 2746 3046 multis
2768 2992 2893 3061 jam
2926 3008 3052 3062 qua:
3073 2990 3225 3045 inter
3247 3005 3352 3044 nos
3372 2991 3680 3060 geruntur,

2038 3082 2192 3154 quod
2219 3080 2439 3136 scilicet
2495 3080 2959 3145 convenerimus,
2995 3083 3052 3133 et
3109 3083 3315 3132 mutuo
3373 3077 3688 3147 loquamur

2038 3171 2349 3226 adversum
2409 3168 2561 3235 illos,
2625 3168 2982 3231 renuntiant,
3042 3171 3356 3237 antequam
3416 3168 3684 3220 nostrum

2039 3258 2332 3331 quispiam
2357 3259 2665 3313 discedens
2688 3258 2807 3312 haec
2837 3256 3102 3312 enarret!
3133 3257 3295 3321 Quod
3322 3271 3463 3310 sane
3493 3253 3688 3326 quivis

2041 3349 2246 3420 pernix
2275 3364 2419 3419 puer
2467 3352 2742 3419 praestare
2773 3347 2941 3412 valet,
2973 3351 3147 3418 atque
3204 3343 3687 3400 cunctabundum

2039 3442 2400 3510 pravertere.
2435 3436 2596 3502 Quod
2629 3440 2827 3491 autem
2886 3435 3013 3490 dico
3045 3434 3130 3490 sic
3161 3431 3691 3504 intelligendum.Si

2041 3524 2167 3595 quis
2197 3541 2265 3579 ex
2293 3524 2607 3592 Thebaide,
2641 3529 2742 3579 aut
2772 3540 2840 3578 ex
2871 3523 3116 3595 quadam
3153 3522 3268 3579 alia
3316 3522 3549 3594 regione
3584 3519 3694 3574 iter

2039 3614 2388 3686 ingreditur,
2423 3618 2737 3683 antequam
2770 3613 3194 3684 proficiscatur,
3218 3613 3367 3670 655
3404 3610 3692 3684 profectu-

2042 3720 2220 3758 rusne
2248 3703 2326 3758 sit
2354 3703 2626 3776 ignorant
2657 3721 2670 3759 :
2701 3701 3100 3757 ambulante'n
3145 3719 3279 3756 cum
3325 3699 3523 3758 vident
3548 3713 3693 3768 pras-

2043 3795 2309 3856 currunt,
2366 3791 2612 3862 eiusque
2669 3790 2982 3846 adventum
3044 3789 3695 3862 praanuntiantzatque

2043 3880 2246 3952 paucis
2275 3880 2410 3935 inde
2450 3880 2658 3935 diebus
2699 3880 3014 3935 adventant
3043 3878 3149 3934 illi.
3175 3879 3468 3951 Conlingit
3497 3886 3693 3939 tamen

1685 4024 1945 4082 VERSIO
1997 4025 2290 4081 EVAGRII

283 4137 514 4212 Credite
544 4142 777 4212 experto
808 4138 922 4209 (4):
958 4137 1318 4210 pertimescit
1362 4141 1619 4212 Satanas
1675 4145 1830 4196 recte
1857 4140 2180 4197 viventium
2241 4139 2490 4212 vigilias,
2548 4141 2858 4208 orationes,
2884 4139 3133 4211 jejunis,
3167 4141 3690 4212 mansuetudinem,

281 4209 672 4266 voluntariam
706 4209 1294 4284 paupertatem,vanas
1323 4209 1520 4281 glorias
1550 4216 1968 4284 contemptum,
1993 4209 3012 4284 humilitatém,n1isericordiam,iite
3042 4211 3430 4279 dominatum,
3464 4217 3519 4267 et
3551 4209 3692 4284 prse-

285 4284 455 4356 cipue
495 4281 879 4356 purumierg‘a
906 4281 1207 4356 Christum
1240 4299 1498 4356 amorem
1531 4285 1606 4353 (5)
1639 4281 1802 4339 novit
1828 4284 2166 4341 teterrimae
2197 4281 2450 4351 coluber,
2486 4301 2552 4338 ex
2585 4291 2866 4356 praecepto
2900 4283 3132 4338 Domini
3165 4281 3590 4354 subjustorum
3624 4302 3686 4340 se

276 4352 471 4433 jacere
496 4352 918 4433 vestigiis,_qui
940 4354 1021 4409 ait
1052 4370 1067 4409 :
1098 4354 1356 4409 Eccededi
1409 4352 1563 4410 vobis
1605 4361 1919 4427 potestatem
1967 4356 2184 4412 calcare
2217 4373 2390 4433 super
2444 4352 2715 4427 serpentes
2744 4352 2794 4412 et
2851 4358 3180 4426 scorpiones,
3205 4365 3258 4411 et
3285 4352 3448 4427 super
3475 4372 3689 4413 omnem

283 4428 549 4482 virtutem
577 4426 818 4481 inimici.

355 4499 444 4553 31.
478 4498 535 4554 Si
568 4503 762 4570 autem
795 4499 852 4550 et
906 4494 1324 4570 divinationem
1357 4512 1418 4552 se
1446 4495 1662 4552 habere
1721 4497 2092 4570 simulantes.
2123 4502 2399 4553 venturos
2431 4498 2639 4553 fratres
2688 4498 3102 4566 nuntiaverint,
3135 4504 3192 4553 et
3216 4498 3511 4554 adfuerint
3542 4516 3688 4570 quos

284 4570 482 4625 venire
514 4569 916 4642 praedixerant,
940 4583 1046 4624 nec
1067 4567 1151 4624 sic
1181 4567 1325 4642 ﬁdes
1356 4572 1444 4624 est
1472 4569 1901 4625 commodanda
1931 4570 2314 4626 mendacibus
2344 4587 2356 4624 :
2391 4570 2467 4642 ob
2491 4570 2546 4624 id
2572 4570 2725 4624 enim
2751 4587 3096 4642 praecessere
3119 4571 3437 4636 venientes,
3474 4577 3538 4626 ut
3559 4567 3686 4627 cre-

285 4640 643 4696 dulitas'sibi
679 4644 989 4713 pararetur
1014 4655 1082 4694 ex
1113 4640 1337 4708 nuntio,
1369 4645 1429 4695 et
1459 4646 1660 4712 postea
1688 4642 1883 4697 aditus
1915 4658 1982 4696 ex
2011 4642 2355 4697 credulitate
2378 4641 2639 4698 fallacia}.
2674 4640 2885 4697 Verum
2922 4644 2977 4696 in
3011 4643 3120 4697 hoc
3153 4643 3378 4697 nullum
3413 4643 3689 4698 Christia-

285 4730 361 4769 no
391 4714 564 4768 debet
592 4711 721 4768 esse
751 4711 1122 4785 miraculum,
1151 4728 1285 4766 cum
1337 4711 1475 4768 non,
1514 4717 1744 4767 tantum
1776 4714 1877 4785 qui
1906 4713 2138 4769 levitate
2171 4719 2393 4769 naturae
2451 4731 2551 4785 per
2581 4719 2789 4769 cuncta
2845 4714 3184 4770 discurrunt
3213 4714 3441 4769 valeant
3472 4731 3685 4784 praeve-

285 4785 410 4842 nire
441 4785 793 4857 gradientes,
827 4783 930 4857 s_ed
957 4783 1227 4839 homines
1281 4800 1512 4856 quoque
1542 4783 1827 4857 equorum
1885 4786 2189 4857 velocitate
2241 4783 2531 4857 praevecti,
2564 4787 2838 4841 nuntiant
2895 4788 3225 4842 adfuturos.
3261 4791 3376 4841 Non
3413 4783 3564 4842 enim
3599 4803 3686 4854 ea,

284 4874 416 4930 quae
446 4855 708 4930 nondum
734 4855 865 4930 ﬁeri
895 4859 1082 4928 empta
1142 4855 1765 4930 sunt_’referunt,'quia
1813 4858 1962 4913 Deus
1993 4856 2154 4930 solus
2184 4855 2454 4930 conscius
2486 4855 2577 4913 eet
2608 4860 2907 4930 futuorum
2945 4875 2956 4912 :
2987 4858 3083 4913 sed
3142 4874 3392 4928 quorum
3454 4859 3688 4928 conspi-

259 4928 534 5002 ciuntin
567 4934 696 5002 actu
728 4929 1221 5002 initium,_eo_rum
1256 4928 1363 4983 sibi
1409 4933 1693 5002 tanquam
1726 4929 1884 4985 fures
1915 4931 2066 5000 apud
2099 4929 2335 5002 ignaros
2391 4929 2690 4986 vindicant
2723 4929 3039 4986 notionem.
3069 4933 3500 5002 Namrquantos
3535 4947 3690 4985 nunc

327 5001 504 5057 utatis
534 5000 646 5073 qui
667 4999 896 5072 possint
922 4999 1229 5073 velocitate
1248 5000 1467 5073 puerili
1500 4999 1681 5073 istum
1715 5006 1930 5057 emtum
1954 4999 2283 5073 nostroque
2312 5007 2513 5058 contra
2543 5019 2604 5058 se
2649 5019 2969 5066 sermones,
3002 5005 3135 5056 ante
3158 4999 3404 5056 relatum
3439 5001 3690 5072 alicujus

327 5019 504 5057 uisus
534 5019 634 5073 qui
667 5019 896 5072 possint
922 5019 1229 5055 velocitate
1258 5019 1467 5071 puerm
1500 5019 1681 5056 istum
1715 5019 1930 5057 centum
1964 5019 2283 5073 nostroque
2312 5019 2513 5058 contra
2543 5019 2604 5058 se
2649 5019 2969 5066 sermones,
3002 5019 3135 5056 ante
3158 5019 3404 5056 relatum
3439 5019 3690 5072 allcnjus

281 5019 376 5130 Eic
405 5072 602 5146 positi,
635 5072 806 5144 longe
836 5070 1214 5128 manentibus
1243 5071 1502 5129 indicem
1528 5073 1556 5128 ?
1586 5072 1704 5130 Hoc
1735 5073 1892 5146 quod
1919 5074 2048 5130 dico
2079 5075 2245 5131 vobis
2290 5073 2664 5147 perspicuum
2698 5074 2819 5130 fieri
2851 5077 3043 5146 potest
3070 5073 3371 5145 exemplis.
3404 5074 3461 5128 Si
3493 5076 3628 5145 quis
3659 5092 3693 5131 a

349 5215 394 5251 ⁸⁷
429 5219 562 5270 Luc.
595 5231 653 5270 ι.
681 5214 770 5269 19.
801 5213 845 5249 ⁸⁸
879 5213 1020 5269 Dan.
1052 5229 1180 5284 xm,
1205 5214 1294 5270 42.

355 5361 462 5434 (99)
494 5365 632 5434 Reg.
663 5363 720 5431 2,
754 5357 1096 5434 ἀπατῶντας.
1148 5359 1462 5434 Colbertin.
1502 5363 1568 5434 2,
1606 5361 1932 5434 πατοῦντᾳς.

351 5428 556 5507 (ηεξο
579 5428 741 5507 :Reg.
775 5434 811 5485 2
866 5435 925 5488 et
970 5430 1230 5507 Colbert.
1279 5433 1430 5507 2._I_n
1481 5432 1653 5507 editis
1693 5428 1930 5507 ἐξουσίαν

281 5501 658 5635 ἓθίει.ι1ηἴιδα
691 5501 858 5571 mem,
886 5501 994 5576 πρὸ
1024 5503 1270 5576 ἡμερῶν,
1305 5504 1404 5560 ubi
1432 5504 1597 5572 editi,
1631 5503 1738 5579 πρὸ
1769 5505 1931 5576 ἡμῶν

325 5597 357 5634 a
403 5595 472 5633 en
510 5619 522 5631 .

325 5581 522 5634 abent.

356 5650 433 5722 (2)
467 5645 872 5722 colbertinus‘
900 5643 1450 5722 s_ecundus,_t_ov5np
1505 5645 1595 5699 καὶ
1647 5641 1806 5722 ἵππῳ
1851 5667 1930 5707 τις

284 5713 685 5793 ἐπίκαθήμενος
731 5713 987 5793 προδεύει
1043 5721 1139 5772 τοῦ
1196 5713 1500 5793 ὁδεόοντος.
1556 5713 1788 5793 Regius
1833 5736 1929 5776 se-

287 5785 538 5862 cundus,
570 5792 732 5845 τοῦτο
761 5785 851 5844 καὶ
871 5785 1030 5862 ἵππῳ
1057 5809 1140 5853 τις
1171 5790 1476 5865 καθήμενος
1524 5785 1784 5866 προλέγει
1835 5793 1931 5845 τοῦ

2047 5358 2356 5424 ὁδεύοντος.

2047 5505 2057 5510 Α
2115 5436 2192 5510 (3)
2223 5437 2314 5510 Sic
2362 5434 2575 5510 Regius
2620 5435 2916 5510 secundus
2967 5438 3030 5510 et
3058 5435 3379 5510 7Colberlin.
3413 5438 3466 5504 2,
3513 5440 3691 5510 atque

2043 5505 2129 5560 ita
2153 5506 2366 5578 legisse
2399 5505 2628 5561 videtur
2657 5507 2961 5578 Evagrius.
2994 5507 3144 5562 Editi
3181 5514 3239 5563 et
3284 5507 3403 5577 alii,
3433 5511 3538 5570 πᾶς
3584 5505 3686 5570 -Ξις,

2111 5579 2188 5649 (4)
2219 5579 2309 5634 Sic
2343 5578 2750 5650 manuscripti.
2785 5578 3100 5635 Bollandus
3130 5596 3282 5646 vero,
3317 5581 3518 5637 credite
3544 5583 3691 5638 mihi

2040 5654 2300 5793 εωξῦνίῗα
2330 5738 2536 5778 omnes
2566 5737 2712 5794 pene
2742 5722 3152 5796 manuscripti.
3178 5722 3495 5782 Bollandus
3526 5742 3681 5796 vero,

2115 5796 2396 5868 prxcipue
2423 5811 2627 5868 purum
2655 5810 2747 5852 cor
2774 5810 2908 5866 erga
2937 5794 3146 5854 Christi
3171 5811 3436 5854 amorem.
