4074 6326
321 439 435 502 893

1682 443 1867 503 νιΤΑ
1910 445 1971 504 S.
2021 442 2366 503 ΑΝἸῸΝΙΙ.

3610 441 3729 501 894

327 592 427 646 μον
454 575 576 632 τοῖς
610 569 862 625 ἀκούουσι
893 569 955 626 τὸ
987 568 1182 626 εἰδέναι
1222 573 1368 648 παρὰ
1417 573 1622 629 τούτων
1677 574 1782 649 πρὸ
1829 576 1958 646 ἡμε·

2085 575 2224 646 quid
2257 593 2407 632 curae
2427 591 2489 631 ea
2514 593 2707 642 nosse,
2725 575 2956 631 etiamsi
2969 591 3101 630 vere
3117 573 3254 630 sciri
3277 573 3540 645 queant?
3561 572 3725 628 nulla

325 665 434 736 ρῶν
464 660 532 715 τὰ
562 659 876 736 ἐρχόμενα;
931 660 965 730 ἢ
1015 661 1147 716 ποία
1197 661 1405 734 σπουδή
1459 665 1525 718 τὰ
1561 668 1784 719 τοιαῦτα
1811 663 1973 739 γινώ-

325 769 494 821 σκειν,
529 748 626 804 κᾶν
661 749 886 819 ἀληθῶς
909 751 1151 826 γινώσκῃ
1180 770 1193 820 ;
1229 753 1292 806 οὐ
1316 752 1421 827 γὰρ
1447 753 1641 828 ἀρετῆς
1674 751 1782 806 ἐστι
1813 755 1974 806 τοῦτο

323 839 634 909 ποιητικὸν,
667 835 792 893 οὐδὲ
823 835 990 907 ἤθους
1025 840 1228 915 ἀγαθοῦ
1259 842 1473 903 πάντως
1507 841 1616 896 ἐστὶ
1646 845 1806 896 τοῦτο
1832 843 1972 917 γνώ-

325 947 512 1002 ρισμα.
547 923 740 988 Ούδεὶς
771 927 870 1002 γὰρ
903 931 1064 999 ἡμῶν
1096 927 1332 1005 κρίνεται
1367 926 1456 984 διὰ
1483 929 1535 984 τί
1566 929 1665 984 ούκ
1714 927 1848 998 οἶδε,
1883 929 1970 984 καὶ

321 1013 501 1077 οὐδεὶς
536 1016 913 1090 μακαρίζεται,
947 1015 1030 1072 ὅτι
1067 1018 1349 1090 μεμάθηκε
1396 1018 1486 1073 καὶ
1531 1017 1684 1094 ἔγνω·
1737 1016 1866 1073 ἀλλ’
1918 1018 1969 1073 ἐν

316 1103 536 1166 τούτοις
565 1100 788 1165 ἕκαστος
823 1100 937 1179 ἔχει
981 1106 1081 1174 τὴν
1131 1106 1327 1182 κρίσιν,
1382 1106 1426 1162 εἰ
1466 1107 1567 1176 τὴν
1600 1107 1778 1162 πίστιν
1807 1109 1969 1178 τετή-

318 1211 472 1267 ρηκε,
507 1193 596 1247 καὶ
625 1193 723 1254 τὰς
754 1191 974 1255 ἐντολὰς
1005 1193 1247 1268 γνησίως
1282 1193 1561 1273 ἐφύλαξεν.

389 1283 477 1337 34.
527 1282 686 1346 ’Ὀθεν
740 1282 802 1336 οὐ
863 1279 945 1336 δεῖ
985 1283 1109 1354 περὶ
1175 1283 1390 1340 πολλοῦ
1458 1289 1626 1340 ταῦτα
1673 1291 1966 1350 ποιεῖσθαι·

318 1367 443 1425 οὐδὲ
475 1367 562 1424 διὰ
612 1375 778 1425 ταῦτα
835 1373 944 1443 (14)
998 1372 1271 1436 ἀσκεῖσθαι
1323 1373 1412 1428 καὶ
1460 1380 1664 1442 πονεῖν,
1705 1374 1797 1430 ἵνα
1839 1397 1970 1452 προ-

315 1459 695 1533 γινώσκωμεν,
728 1457 855 1514 ἀλλ’
877 1458 970 1514 ’ίνα
1000 1459 1115 1533 Θεῷ
1144 1459 1328 1524 καλῶς
1375 1460 1794 1536 πολιτεύομινοι
1842 1465 1967 1541 ἀρέ-

315 1568 516 1620 σωμεν.
559 1545 832 1624 Εὕχεσθαί
887 1570 946 1605 τι
1003 1551 1142 1625 χρὴ,
1194 1550 1299 1627 οὐχ
1338 1549 1427 1606 ’ίνα
1476 1553 1966 1627 προγινώσκωμεν,

315 1633 440 1691 οὐδὲ
465 1641 658 1691 τοῦτον
686 1644 788 1707 ’.ἧς
820 1637 1099 1709 ἀσκήσεως
1150 1640 1396 1695 ἀπαιτεῖν
1451 1641 1662 1714 μισθόν’
1716 1641 1844 1698 ἀλλ’
1875 1641 1968 1697 ’ίνα

312 1726 568 1800 συνεργὸς
602 1728 737 1798 ἡμῖν
772 1726 847 1789 είς
880 1728 978 1796 τήν
1011 1729 1147 1783 κατὰ
1175 1733 1273 1784 τοῦ
1319 1725 1581 1786 διαϐόλου
1609 1730 1764 1802 νίκην
1798 1732 1825 1786 ὁ
1860 1731 1965 1786 Κύ-

311 1833 428 1888 ριος
461 1813 705 1890 γένηται.
741 1815 803 1872 Εἰ
835 1813 893 1871 δὲ
935 1817 1072 1888 ἅπαξ
1122 1817 1211 1872 καὶ
1259 1823 1356 1873 τοῦ
1385 1820 1781 1894 προγινώσκειν
1826 1823 1962 1893 ἡμῖν

306 1991 390 2047 ὅτι
421 1993 791 2070 καθαρεύουσα
823 1997 934 2067 (15)
966 1997 1119 2072 ψυχὴ
1156 1997 1611 2072 πανταχόθεν,καὶ
1642 1998 1778 2054 κατὰ
1800 1998 1953 2077 φύσιν

304 2080 530 2151 ἰστῶσα,
593 2079 838 2153 δύναται,
900 2081 1183 2159 διορατικὴ
1243 2087 1535 2161 γενομένη,
1594 2085 1820 2144 πλείονα
1866 2089 1955 2144 καὶ

309 2172 618 2247 μακρότερα
654 2171 872 2247 βλέπειν
905 2177 1011 2228 τῶν
1038 2170 1338 2247 δαιμόνων,
1372 2169 1575 2251 ἔχουσα
1618 2178 1711 2232 τὸν
1758 2179 1956 2233 ἀποκα-

306 2257 584 2314 λύπτοντα
614 2261 810 2334 Κύριον
841 2261 998 2337 αὐτῇ·
1059 2261 1148 2318 οἵα
1175 2264 1242 2332 ἧν
1273 2267 1308 2333 ἡ
1337 2269 1433 2318 τοῦ
1465 2263 1773 2321 Ἐλισσαίου
1830 2267 1954 2342 βλέ-

303 2369 482 2404 πουσα
526 2349 593 2404 τὰ
643 2352 780 2404 κατα
828 2353 942 2423 (16)
991 2351 1085 2406 τὸν
1136 2357 1320 2424 Γιεζῆ,
1377 2354 1465 2408 καὶ
1495 2355 1674 2429 ὁρῶσα
1704 2357 1798 2418 τὰς
1831 2357 1958 2432 παρ’

303 2439 473 2506 αὐτὴν
509 2439 746 2502 ἑστώσας
782 2437 1060 2512 δυνάμεις.

375 2529 462 2584 35.
493 2528 660 2584 ’Όταν
691 2527 871 2583 τοίνυν
903 2530 1094 2592 νυκτὸς
1147 2527 1421 2606 ἔρχωνται
1469 2532 1604 2606 πρὸς
1658 2534 1820 2605 ὑμᾶς,
1868 2535 1956 2588 καὶ

303 2615 507 2681 θέλωσε
538 2617 605 2672 τὰ
639 2615 914 2690 μέλλοντα
953 2616 1166 2692 λαλεῖν,
1198 2619 1234 2688 ἢ
1269 2618 1524 2695 λέγωσιν.
1558 2623 1747 2694 Ἡμεῖς
1799 2622 1957 2696 ἐσμεν

305 2707 357 2760 οἱ
391 2702 636 2782 ἄγγελοι·
676 2707 752 2779 μή
809 2709 1126 2783 προσέχετε,
1157 2706 1444 2783 ψεύδονται
1475 2709 1596 2786 γάρ.
1647 2717 1746 2765 "Av
1781 2710 1837 2767 δὲ
1868 2714 1957 2767 καὶ

307 2793 568 2850 ἆπαινῶσι
595 2795 693 2864 τήν
729 2792 952 2866 ἄσκησιν
989 2797 1162 2868 ὑμῶν,
1225 2797 1315 2852 καὶ
1371 2797 1741 2874 μακαρίζωσιν
1795 2802 1954 2874 ὑμᾶς’

313 2885 452 2956 μήτε
478 2882 795 2947 ύπακούετε,
833 2886 964 2956 μήθ’
988 2884 1134 2949 ὅλως
1155 2893 1538 2960 προσποιεῖσθε
1564 2887 1788 2950 τούτους
1821 2893 1954 2963 (17)·

312 2971 627 3050 σφραγίζετε
660 2969 716 3026 δὲ
751 2971 968 3046 μᾶλλον
1003 2974 1226 3038 ἑαυτοὺς
1255 2975 1344 3030 καὶ
1371 2976 1461 3030 τὸν
1513 2979 1684 3049 οἷκον,
1733 2977 1821 3032 καὶ
1872 2976 1958 3033 εὕ-

313 3072 494 3138 χεσθε·
565 3061 652 3116 καὶ
703 3057 895 3136 ὄψεσθε
951 3063 1148 3125 αὑτοὺς
1204 3063 1291 3118 καὶ
1342 3067 1662 3139 γινομένους
1717 3067 1954 3142 ἀφανεῖς.

315 3146 490 3205 δειλοὶ
520 3151 620 3226 γάρ
653 3149 778 3223 εἷ’σι⁹
812 3150 899 3206 καὶ
931 3150 1101 3206 πάνου
1133 3148 1426 3230 φοϐοῦνται
1472 3165 1534 3210 τό
1583 3162 1811 3229 σημεῖον
1861 3162 1957 3212 τοῦ

313 3241 587 3308 Κυριακοῢ
619 3245 870 3317 παυροῦο
913 3239 1206 3318 ἐπειδήπερ
1253 3240 1304 3296 ἐν
1353 3241 1498 3316 αύτῷ
1549 3245 1775 3307 τούτους
1825 3247 1958 3300 ἁπο-

2085 665 2238 720 enim
2273 665 2407 720 hinc
2437 665 2667 720 virtutis
2695 665 2972 729 accessio,
3009 681 3111 718 nec
3143 664 3380 719 omnino
3422 662 3728 734 probitatis

2085 760 2174 808 est
2203 753 2312 809 hoc
2334 753 2638 809 indicium.
2672 755 2853 809 Nemo
2887 752 3227 808 nostrumin
3248 752 3539 823 judicium
3564 768 3730 807 voca-

2083 846 2198 912 tur,
2233 844 2385 914 quod
2429 861 2495 898 ea
2529 861 2639 898 non
2693 843 2882 908 norit;
2942 859 3111 897 nemo
3175 841 3379 896 beatus
3435 845 3726 907 censetur,

2083 931 2230 999 quod
2257 931 2526 986 didicerit
2546 937 2602 986 et
2633 937 2861 986 noscat:
2894 933 2992 986 sed
3026 931 3135 986 hac
3165 931 3236 985 de
3275 947 3334 984 re
3367 930 3620 1002 quisque
3667 930 3723 984 in

2074 1019 2370 1090 judicium
2419 1021 2736 1090 vocabitur,
2771 1021 3024 1075 {idemne
3081 1019 3416 1084 servaverit,
3465 1035 3537 1074 an
3578 1035 3728 1092 pris-

2083 1112 2248 1179 ccpta
2282 1113 2435 1164 recte
2468 1108 2816 1180 impleverit.

2151 1287 2240 1341 34.
2267 1289 2454 1352 Quare
2486 1304 2599 1342 non
2630 1291 2766 1342 sunt
2797 1287 2917 1343 haec
2962 1287 3130 1343 multi
3183 1288 3482 1343 facienda:
3539 1303 3727 1360 neque

2080 1374 2212 1429 ideo
2245 1375 2554 1431 subeunda
2586 1375 2836 1432 ascetica
2867 1376 3004 1442 vita,
3039 1375 3404 1447 laboresque,
3439 1381 3502 1431 ut
3531 1377 3729 1432 futura

2081 1480 2540 1534 praenoscamus,
2573 1466 2673 1521 sed
2698 1471 2759 1520 ut
2777 1465 3208 1537 probitatevita:
3231 1470 3344 1520 Deo
3368 1465 3725 1536 placeamus.

2085 1553 2388 1610 Orandum
2423 1555 2585 1622 item,
2622 1572 2735 1610 non
2764 1560 2828 1610 ut
2858 1555 3059 1611 futura
3088 1555 3504 1626 praesciamus:
3539 1572 3728 1628 neque

2078 1641 2212 1698 talis
2243 1644 2502 1698 asceticae
2529 1645 2658 1699 vitae.
2690 1644 3045 1716 postulanda
3077 1660 3298 1700 merces
3331 1649 3451 1712 est;
3487 1645 3586 1700 sed
3638 1661 3728 1699 ro-

2075 1733 2331 1802 gandum
2365 1739 2429 1788 ut
2462 1733 2629 1788 nobis
2663 1735 2730 1788 ad
2765 1733 3126 1789 referendam
3152 1734 3223 1788 de
3263 1732 3497 1788 diabolo
3550 1733 3727 1788 victo-

2076 1821 2221 1876 riam
2258 1822 2491 1891 adjutor
2509 1822 2583 1875 sit
2620 1821 2919 1878 Dominus.
2959 1824 3122 1888 Quod
3161 1823 3208 1877 si
3262 1822 3503 1878 omnino
3562 1823 3729 1877 nobis

311 1901 488 1977 μέλει,
522 1904 906 1980 καθαρεύωμεν
956 1909 1024 1980 τῇ
1077 1903 1309 1980 διανοίᾳ.
1360 1909 1503 1983 Ἐγὼ
1551 1909 1652 1984 γὰρ
1701 1909 1958 1979 πιστεύω,

2079 1911 2276 1964 futura
2308 1910 2699 1982 prospiciendi
2731 1929 2873 1966 cura
2894 1911 2970 1966 sit
3021 1911 3240 1983 aliqua,
3301 1916 3491 1967 mente
3541 1910 3729 1966 simus

2073 2016 2239 2070 pura.
2277 2000 2633 2055 Persuasum
2669 2001 2884 2072 quippe
2926 2001 3110 2056 habeo
3171 2001 3429 2055 animam
3485 1999 3724 2055 omnino

2067 2104 2295 2160 puram,
2329 2094 2386 2144 et
2417 2105 2540 2162 quae
2567 2090 2890 2144 secundum
2921 2095 3189 2144 naturam
3223 2089 3467 2158 steterit,
3501 2087 3728 2160 perspi-

2066 2193 2263 2232 cacem
2294 2177 2434 2246 fore.
2469 2182 2639 2249 atque
2664 2194 2835 2250 posse
2866 2177 3039 2250 plura
3075 2185 3130 2233 et
3175 2179 3491 2234 remotiora
3528 2178 3724 2234 videre

2067 2283 2244 2337 quam
2278 2266 2568 2332 diabolus,
2591 2267 2840 2322 Domino
2867 2267 2974 2339 ipsi
3009 2267 3335 2323 revelante:
3371 2267 3564 2338 qualis
3597 2271 3722 2322 erat

2067 2355 2242 2411 Elisei
2261 2373 2446 2425 mens,
2483 2373 2610 2426 qua:
2644 2373 2737 2412 res
2790 2375 2823 2412 a
2855 2357 3006 2412 Giezi
3066 2363 3260 2430 gestas
3317 2357 3624 2429 conspexit
3652 2357 3720 2424 ⁷⁸,

2066 2461 2308 2516 quaeque
2338 2445 2481 2499 vidit
2503 2445 2818 2501 exercitum
2854 2461 2920 2500 ex
2947 2463 3054 2500 sua
3085 2451 3246 2518 parte
3285 2449 3538 2501 stantem
3567 2445 3635 2499 7'.

2137 2535 2226 2589 35.
2261 2540 2404 2589 Cum
2434 2550 2571 2607 ergo
2604 2541 2777 2590 noctu
2811 2553 2912 2591 vos
2945 2537 3209 2602 adibunt,
3266 2535 3578 2607 volentque
3631 2535 3724 2598 fu-

2065 2627 2196 2678 tura
2231 2622 2410 2693 loqui,
2441 2640 2506 2678 ac
2537 2624 2751 2690 dicent,
2777 2629 2994 2680 Sumus
3031 2624 3245 2696 angeli,
3278 2641 3348 2680 ne
3390 2625 3563 2679 fidem
3619 2623 3721 2678 ha-

2069 2713 2275 2775 beatis,
2314 2713 2935 2786 mantiunturquippe.
2983 2714 3040 2769 Si
3085 2714 3401 2769 asceticum
3464 2718 3722 2768 vestrum

2066 2800 2687 2871 laudentinstitutum,
2744 2818 2957 2874 vosque
3005 2805 3208 2858 beatos
3261 2801 3722 2874 praedicaverint,

2068 2907 2140 2946 ne
2170 2890 2422 2945 audiatis
2453 2907 2572 2954 eos,
2610 2907 2714 2947 nec
2746 2892 3046 2947 advertere
3077 2893 3314 2962 quidem
3364 2891 3718 2947 videamini:

2067 2981 2166 3036 sed
2203 2981 2396 3051 potius
2426 2980 2726 3053 obsignate
2749 2998 2848 3037 vos
2871 2982 3252 3052 domumque,
3285 2987 3339 3036 et
3371 2980 3716 3053 precamini,

2066 3069 2454 3140 videbitisque
2483 3087 2580 3124 eos
2611 3087 2997 3126 evanescere:
3050 3069 3244 3125 timidi
3291 3071 3506 3142 quippe
3556 3079 3714 3140 sunt,

2067 3163 2124 3214 et
2137 3158 2372 3231 signum
2399 3160 2709 3214 Dominica:
2724 3159 2912 3215 crucis
2928 3159 3244 3215 admodum
3274 3159 3714 3232 pertimescunt,

2069 3246 2169 3304 illo
2194 3248 2410 3320 quippe
2441 3247 2598 3320 ipsos
2617 3249 2881 3304 Salvator
2911 3248 3192 3322 spoliatos
3218 3249 3408 3321 palam
3433 3249 3712 3304 traduxit.

313 3324 635 3402 δυσάμενος,
680 3315 1186 3406 παρεδειγμάτισεν-
1219 3332 1246 3386 ὁ
1307 3315 1527 3407 Σωτήρ.
1587 3334 1711 3390 Ἐὰν
1768 3333 1824 3390 δὲ
1869 3333 1958 3390 καὶ

2077 3337 2169 3393 Sin
2204 3315 2526 3392 institerint
2557 3315 2979 3410 impudentius,
3015 3315 3364 3409 exultantes,
3399 3343 3568 3410 atque
3600 3340 3714 3394 for-

310 3413 681 3492 ἆναιδέστερον
734 3420 1042 3491 στήκωσιν,
1092 3417 1479 3496 ἰξορχούμενοι
1530 3422 1618 3477 καὶ
1666 3422 1960 3479 ποικιλλό-

312 3527 460 3579 μενοι
491 3511 610 3568 ταῖς
641 3506 976 3584 φαντασίαιςο
1014 3509 1090 3582 μὴ
1124 3506 1454 3583 δειλιάσητε,
1505 3508 1646 3584 μηδὶ
1693 3513 1954 3584 πτήξητε,

311 3592 453 3666 μηδὲ
482 3596 556 3657 ὡς
583 3595 776 3657 καλοῖς
825 3597 1009 3659 αὐτοῖς
1064 3599 1394 3674 προσέχητε·
1445 3599 1537 3654 καὶ
1586 3602 1690 3677 γὰρ
1716 3603 1816 3671 τήν
1848 3609 1954 3658 τῶν

307 3684 517 3758 ἀγαθῶν
566 3685 792 3740 καὶτῶν
845 3685 1067 3764 φαύλων
1119 3689 1413 3764 παρουσίαν
1461 3687 1680 3765 εὐχερὲς
1729 3691 1814 3744 καὶ
1864 3689 1954 3746 δυ-

2073 3443 2198 3482 mas
2229 3427 2534 3500 larvasque
2563 3433 3016 3496 commutantes,
3050 3443 3120 3483 ne
3145 3428 3341 3483 timete
3376 3443 3480 3482 nec
3510 3432 3718 3483 terrea-

2071 3515 2236 3583 mini,
2272 3515 2572 3588 neveipsis
2598 3525 2874 3588 tanquam
2908 3517 3079 3572 bonis
3120 3517 3387 3572 adhibete
3419 3516 3712 3572 animum:

2067 3605 2352 3660 bonorum
2385 3605 2538 3660 enim
2585 3605 2992 3678 malorumque
3036 3605 3404 3676 praesentiam
3458 3604 3711 3661 interno-

2065 3695 2307 3749 scerein
2341 3699 2613 3766 promptu
2645 3700 2752 3764 est,
2789 3695 2984 3749 divina
3013 3693 3237 3749 scilicet
3293 3711 3419 3766 ope.
3469 3695 3713 3750 Sancto-

1765 3789 2018 3846 VERSIO
2058 3791 2368 3847 EVAGRII.

310 3863 744 3947 laudat,“q.uarn
777 3864 878 3947 Ι)Αοί
910 3870 1214 3947 consecrat
1244 3867 1517 3947 nomine?
1538 3868 1775 3947 verum,
1803 3875 1862 3924 ut
1893 3872 2282 3947 concedamus
2315 3872 2614 3947 paulisper
2643 3888 2773 3928 vera
2803 3873 3098 3947 daemones
3134 3870 3424 3936 nuntiare,
3465 3888 3711 3947 respon-

309 3936 781 4017 dete'mibinquis
811 3939 1034 3994 fructus
1064 3943 1156 4017 est
1182 3956 1354 3995 nosse
1373 3941 1672 4017 venientia
1693 3940 1720 3995 ‘I
1747 3936 2014 4013 nunquid
2047 3949 2148 3998 ant
2176 3936 2368 4000 scieris
2403 3936 2526 4017 haec
2544 3943 2858 4017 aliquando
2879 3944 3173 4017 landatus.
3200 3948 3301 3996 aut
3338 3936 3588 4017 punitus
3624 3947 3715 3997 est

312 4008 578 4088 nesciens
606 4008 633 4062 ?
663 4009 728 4088 In_
758 4008 866 4088 boc
900 4010 1306 4088 unusquisque
1327 4011 1448 4088 sibi
1481 4018 1788 4088 praeparat,
1814 4008 1914 4068 seu
1947 4021 2260 4088 tormenta,
2297 4033 2396 4070 seu
2429 4008 2674 4088 gloriam
2712 4016 2780 4082 ,si
2814 4017 2898 4069 vel
2965 4015 3222 4088 negligat
3276 4008 3711 4088 scripturarum

311 4080 610 4158 mandata,
646 4080 1190 4158 velj'aciatsNullua
1215 4080 1291 4138 ob
1323 4083 1377 4137 id
1414 4080 1680 4158 nostrum
1704 4085 1852 4140 hanc
1877 4087 2127 4158 arripuit
2154 4080 2355 4152 vitam,
2384 4080 2676 4142 utbabeat
2700 4080 3153 4158 praascientiam"
3178 4080 3509 4140 futurorum
3539 4103 3551 4152 ;
3613 4087 3712 4139 sed

310 4153 967 4229 utﬁpraeceptisDomini
1001 4155 1300 4220 obediens,
1329 4157 1556 4210 amicus
1577 4173 1706 4212 esse
1737 4157 1980 4229 incipiat
1999 4153 2070 4214 de
2100 4175 2285 4214 servo.

381 4223 468 4276 34.
489 4224 838 4300 ΑΟυῐξιιηάιιω
871 4231 961 4280 est
983 4230 1273 4300 ergoﬁnon
1305 4229 1574 4298 praescire
1606 4245 1732 4299 quae
1763 4223 1999 4285 veniant
2027 4232 2158 4300 (18),
2191 4231 2291 4285 sed
2328 4229 2568 4300 implere
2599 4248 2726 4300 qua:
2752 4233 2913 4299 justa
2936 4234 3076 4283 sunt
3103 4253 3116 4294 ς
3150 4245 3255 4283 nec
3282 4227 3535 4300 instituti
3581 4227 3715 4282 boni

307 4291 459 4370 _hanc
481 4295 744 4370 flagitare
771 4291 1284 4370 mercedemicum
1305 4291 1506 4368 'magis
1537 4291 1859 4356 debeamus
1880 4291 2184 4357 victoriam
2213 4291 2428 4357 contra'
2448 4291 2852 4356 diabo'lum'ab
2875 4291 3218 4356 auxiliatore
3241 4299 3486 4354 Domino
3516 4305 3714 4370 postu-

307 4364 465 4432 lare;
499 4364 598 4444 sed
633 4369 682 4422 si
715 4369 861 4444 forte
891 4368 1108 4444 aliquis
1129 4369 1244 4444 _hoc
1270 4364 1519 4425 libenter
1547 4371 1819 4444 assumit,
1855 4379 1928 4444 ut
1948 4374 2143 4428 futura
2173 4378 2508 4444 cognoscat,
2543 4373 2754 4428 habeat
2787 4391 2997 4444 purum
3035 4389 3134 4428 cor
3161 4389 3173 4437 ;
3203 4373 3341 4442 quia
3372 4364 3542 4426 credo
3586 4374 3715 4424 ani-

308 4454 462 4518 mam
500 4439 612 4518 Deo
640 4441 1009 4518 servientem,
1043 4441 1091 4494 si
1126 4441 1184 4496 in
1210 4458 1283 4518 ea
1315 4443 1702 4518 perseveravit
1724 4443 2058 4518 integritate
2088 4461 2205 4518 qua
2235 4439 2372 4500 nata
2398 4450 2506 4509 est,
2532 4445 2663 4516 plus
2692 4439 2840 4500 scire
2872 4460 3042 4516 posse
3065 4439 3240 4516 quam
3267 4445 3595 4510 daemones;
3627 4448 3712 4497 ta-

305 4507 753 4584 lis_erat_anima
789 4511 981 4578 Elisei,
1011 4530 1138 4582 quae
1170 4507 1660 4584 aliis—incognitas
1684 4507 1930 4571 virtutes
1962 4507 2210 4571 videbat.

376 4581 463 4636 35.
498 4582 662 4657 Nunc
685 4585 809 4657 jam
843 4581 1081 4640 caeteras
1112 4585 1275 4640 vobis
1303 4581 1637 4640 daemonum
1679 4586 1982 4657 explicabo
2028 4587 2326 4642 fallacias:
2378 4585 2588 4650 solent,
2632 4594 2798 4642 nocte
2847 4588 3163 4647 venientes.
3214 4585 3452 4654 angelos
3502 4587 3600 4640 Dei
3651 4602 3714 4639 se

305 4651 543 4730 tingere,
569 4651 809 4710 laudare
835 4656 1357 4730 studium._mirari
1386 4651 1898 4730 perseverantiam,
1937 4660 2133 4714 futura
2164 4659 2401 4730 prmmia
2436 4659 2726 4727 polliceri:
2755 4677 2902 4729 quos
2929 4676 3061 4714 cum
3096 4651 3377 4721 videritis,
3420 4662 3538 4712 tam
3589 4673 3711 4730 vos,

302 4741 476 4791 quam
508 4725 714 4800 domos
745 4733 968 4800 vestras
997 4728 1190 4784 crucis
1219 4725 1441 4784 armate
1462 4729 1789 4799 signaculo,
1818 4736 1876 4785 et
1906 4725 2208 4786 confestim
2234 4725 2628 4786 dissolventur
2688 4731 2740 4784 in
2768 4725 3015 4786 nihilum
3041 4748 3053 4784 :
3087 4731 3225 4800 quia
3259 4733 3529 4800 metuunt
3570 4727 3708 4800 illud

303 4800 590 4872 tropaaurn
625 4798 681 4853 in
718 4815 831 4869 quo
853 4799 1112 4855 Salvator
1133 4817 1330 4856 aereas
1363 4798 1696 4872 exepOlians
1727 4798 2066 4872 pctestates,
2116 4818 2214 4856 eas
2248 4803 2381 4858 fecit
2430 4803 2716 4857 ostentui:
2771 4803 2958 4857 solent
3006 4798 3177 4856 etiam
3229 4800 3402 4854 variis
3450 4799 3711 4872 saltatio-

305 4869 632 4952 nibus‘(19)‘
657 4871 1245 4952 membratorquenre,
1280 4869 1573 4952 etnostris
1599 4869 1917 4952 procaciter
1936 4869 2142 4952 olferre
2163 4891 2234 4952 se
2267 4875 2510 4952 visibus,
2544 4882 2604 4952 ut
2641 4880 2892 4952 mentem
2931 4888 3434 4952 pavore._.cnor.pus_
3474 4871 3713 4924 horrore

302 4941 641 5018 concutiant
669 4960 681 4997 :
716 4943 816 5018 sed
842 4948 898 4997 et
925 4941 984 4998 in
1012 4941 1286 5018 hoc‘fides
1308 4943 1566 4999 Deotuta
1597 4941 1760 5018 fugat
1778 4962 1877 5001 eos
1895 4947 2064 5018 quasi
2087 4945 2323 5001 inﬁrma
2354 4947 2625 5001 ludibria.
2658 4947 2780 5000 Non
2801 4957 2891 5000 est
2920 4941 3111 5018 autem
3144 4943 3400 4997 difﬁcilis
3425 4943 3709 5018 bonorum

301 5013 619 5090 spirituum
654 5013 1062 5086 malorumque
1092 5015 1386 5090 discretio,
1421 5033 1548 5087 quae
1597 5013 1696 5090 sic;
1730 5017 1846 5073 Deo
1890 5013 2180 5090 tribuente
2213 5019 2508 5090 panditur.
2542 5023 2886 5073 Sanctorum
2911 5089 2917 5090 ί
2946 5016 3288 5090 ρηαοιοιζυω
3334 5013 3607 5068 amabilis
3655 5020 3713 5068 et

301 5084 661 5156 tranquillus
693 5084 1099 5158 aspectusost,
1135 5089 1275 5160 quia
1305 5105 1420 5144 non
1441 5084 1810 5144 contendent
1832 5106 2019 5163 neque
2050 5084 2383 5146 clamabunt
2404 5092 2539 5160 (20),
2575 5106 2764 5160 neque
2787 5089 2982 5144 audiet
3013 5087 3226 5160 aliquis
3242 5102 3440 5142 vocem
3471 5103 3706 5142 eorum:

370 5183 415 5217 7°
445 5183 517 5238 IV
548 5183 680 5255 Reg.
715 5200 770 5247 v,
801 5183 890 5238 26.
968 5185 1007 5218 ’¹¹
1044 5185 1116 5239 ιν
1149 5186 1285 5258 Reg.
1317 5203 1398 5255 v1,
1432 5186 1519 5240 17.

367 5281 478 5350 (14)
509 5280 604 5336 Sic
637 5281 777 5352 Reg.
809 5281 866 5346 2.
899 5287 956 5338 et
984 5281 1230 5339 Colbert.
1261 5285 1314 5338 2.
1351 5288 1506 5351 Haec,
1531 5279 1657 5337 οὐδὲ
1690 5279 1778 5337 διὰ
1822 5287 1944 5338 ταῦ-

295 5371 382 5419 τα,
407 5352 624 5407 desunt
653 5351 881 5407 in’edit.

513 5423 769 5500 Coloert.
804 5425 854 5491 1,
887 5425 941 5493 2,
973 5425 1026 5491 3,
1061 5429 1116 5500 et
1146 5431 1285 5498 Reg.
1307 5427 1384 5500 72,
1402 5423 1797 5500 anticipationem.

367 5495 478 5566 (16)
511 5496 604 5550 Sic
635 5495 847 5566 Regius
879 5499 1176 5554 secundus
1207 5495 1264 5553 et
1294 5495 1556 5554 Colbertf
1591 5500 1644 5553 2.
1679 5503 1743 5554 In
1771 5498 1944 5555 editis

297 5570 355 5622 et
378 5565 612 5644 ξεῇἱελτὰ
641 5565 775 5644 aurai
805 5568 987 5623 deest.
1021 5573 1147 5644 Mox
1177 5569 1536 5644 iidemLmPi
1569 5568 1758 5640 αὐτήν,
1811 5569 1941 5644 soli.

371 5641 382 5712 (
394 5641 480 5712 17)
515 5639 852 5712 Sic_liegiu_s
885 5643 1182 5697 secundus
1211 5647 1269 5698 et
1287 5639 1600 5699 Colber'tin.
1627 5643 1941 5699 secundus.

302 5709 452 5765 Editi
487 5715 544 5765 et
575 5709 697 5781 alii,
724 5709 964 5772 Ῑτούτοις.

371 5782 484 5855 (18)
514 5781 606 5839 Sic
634 5798 780 5840 mss.
814 5783 932 5841 fore
953 5799 1178 5855 omnes,
1209 5782 1526 5844 Bollandus
1555 5801 1712 5854 vero,
1743 5800 1944 5842 curan-

2051 5286 2181 5340 dum
2209 5295 2286 5340 est
2313 5301 2419 5340 non
2449 5284 2708 5354 praescire
2736 5300 2854 5354 qua:
2885 5285 3134 5338 veniunt.
3171 5283 3350 5339 Paulo
3403 5286 3537 5353 post
3577 5298 3703 5337 ma-

2055 5357 2358 5428 nuscripti,
2387 5373 2486 5411 nec
2515 5357 2758 5428 instituti
2789 5357 2934 5411 boni.
2969 5355 3310 5421 Bollandus,
3341 5371 3439 5408 nec
3478 5354 3697 5428 inslilit-

2055 5426 2297 5485 tiom'biis
2331 5431 2476 5483 bom’.
2514 5426 2670 5482 Infra
2725 5444 2929 5483 omnes
2988 5429 3394 5498 manus-.ripti,
3456 5426 3704 5492 assumit,

2056 5499 2389 5565 Bollandus,
2422 5507 2683 5554 assumat.

2126 5573 2240 5642 (19)
2273 5572 2354 5627 Ila
2386 5569 2794 5641 manuscripti.
2829 5569 3144 5626 Uollmdus
3175 5587 3329 5638 vero,
3380 5566 3703 5624 simulatio-

2053 5644 2240 5699 nibus.

2126 5715 2337 5787 (20)[ta
2359 5729 2562 5770 omnes
2587 5710 2987 5787 ma_nuscripti.
3017 5713 3333 5770 Bollandus
3363 5716 3701 5781 autemnon

2052 5785 2414 5857 contendunt,
2447 5801 2623 5860 neque
2641 5785 2904 5842 clamant.
