4074 6328
296 405 412 466 895

861 409 924 467 S.
971 410 1399 471 A'I‘HANASII
1444 414 1613 471 OPP.
1662 412 1858 472 PARS
1905 413 1948 470 l.
1988 442 2063 456 —
2093 413 2504 474 HISTORICA
2553 416 2654 476 ET
2698 417 3170 479 DOGMATlCA.

3587 417 3714 476 896

299 557 431 596 rum
463 541 678 614 quippe
706 542 852 598 visio
884 559 997 598 non
1056 543 1522 614 pertubationem
1581 544 1768 599 aﬂ‘ert.
1827 545 1946 599 Non

2071 541 2214 596 ιατόν
2245 542 2354 597 ἐστι
2383 541 2695 620 διαγνῶναι,
2727 551 2824 601 τοῦ
2854 552 2986 602 Θεοῦ
3017 545 3258 611 διδόντος
3289 547 3484 610 οὕτως.
3517 549 3579 602 Ἦ
3606 548 3706 620 μὲν

303 629 592 684 contendet
620 631 771 684 enim
791 646 965 702 neque
992 631 1274 701 clamabit,
1306 647 1481 702 neque
1508 631 1698 687 audiet
1743 633 1949 702 aliquis

299 733 480 773 vocem
510 719 627 790 ejus
647 719 727 785 7’;
761 719 862 773 sed
896 719 976 773 ita
1007 719 1256 789 placide,
1288 719 1369 774 ita
1399 720 1607 776 leniter
1662 721 1726 775 fit
1778 720 1945 788 illud,

305 811 371 862 ut
399 808 708 878 gaudium,
741 807 1052 862 exsultatio
1085 813 1143 862 et
1173 807 1378 863 latitia
1410 809 1544 864 hinc
1603 810 1812 865 animae
1859 825 1948 864 ex-

303 896 561 950 oriatur:
596 895 874 952 cumillis
901 897 1117 968 quippe
1139 898 1288 954 657
1349 898 1632 954 Dominus
1690 903 1800 967 est,
1850 899 1947 968 qui

303 989 567 1039 nostrum
619 986 901 1056 gaudium
963 989 1070 1056 est,
1139 987 1359 1058 Deique
1405 987 1599 1042 Patris
1647 988 1944 1059 potentia:

302 1075 547 1144 ejusque
571 1074 954 1146 cogitationes
971 1074 1223 1146 impertu
1235 1078 1406 1131 rbataa
1429 1082 1486 1132 et
1507 1077 1836 1149 tranquillae
1860 1093 1946 1132 re-

303 1167 544 1218 manent
567 1181 582 1231 ;
607 1163 688 1217 ita
709 1168 773 1217 ut
799 1163 1133 1219 illuminata
1161 1165 1310 1237 ipsa,
1335 1183 1435 1237 per
1456 1167 1710 1239 seipsam
1726 1184 1824 1222 eos
1847 1167 1950 1238 qui

304 1257 587 1324 apparent
606 1252 1055 1324 contempletur.
1076 1255 1221 1309 Tum
1242 1255 1573 1310 divinorum
1597 1260 1771 1326 atque
1793 1257 1948 1310 futu-

306 1358 503 1397 rorum
535 1343 822 1397 bonorum
859 1343 1212 1398 desiderium
1237 1345 1717 1415 occupatipsam,
1750 1344 1948 1400 vellet-

305 1449 417 1506 que
441 1448 683 1504 prorsus
714 1431 788 1487 iis
819 1432 1080 1503 adjungi,
1116 1436 1179 1486 ut
1211 1449 1344 1487 cum
1378 1433 1492 1488 illis
1533 1434 1739 1489 abiret.
1786 1435 1947 1498 Quod

305 1523 357 1578 si
378 1521 640 1594 quidam,
673 1526 872 1593 utpote
906 1522 1191 1589 homines,
1225 1523 1513 1578 bonorum
1533 1524 1821 1578 visionem
1855 1540 1949 1578 ex-

303 1611 644 1667 timuerint:
696 1610 755 1664 hi
796 1615 1018 1665 metum
1069 1610 1186 1666 illis
1233 1612 1542 1667 dilectione
1591 1630 1698 1668 sua
1751 1614 1949 1669 statim

305 1701 615 1766 adimunt;
651 1703 715 1754 ut
742 1699 1029 1755 Zacharize
1061 1700 1292 1755 Gabriel
1328 1702 1446 1773 egit
1475 1703 1539 1770 ⁷³,
1589 1706 1646 1756 et
1698 1702 1952 1758 mulieri-

303 1791 417 1846 bus
449 1790 542 1862 qui
578 1791 635 1844 in
669 1790 864 1844 divino
895 1789 1160 1860 sepulcro
1193 1791 1466 1862 apparuit
1495 1791 1738 1863 angelus
1771 1793 1837 1858 ⁷⁵,
1897 1796 1953 1848 et

305 1879 403 1952 qui
431 1879 769 1950 pastoribus
826 1878 883 1932 in
942 1879 1254 1950 Evangelio
1313 1881 1427 1934 ait:
1505 1886 1588 1939 Ne
1663 1884 1848 1936 timete
1883 1881 1948 1935 ⁷⁵.

307 1967 682 2024 Timorenim
717 1983 918 2022 eorum
953 1985 1064 2022 non
1119 1983 1187 2022 ex
1246 1969 1424 2024 animi
1480 1973 1662 2038 metu,
1723 1971 1822 2026 sed
1886 1986 1954 2026 ex

303 2057 609 2129 pressantis
651 2055 1080 2129 praestantioris
1137 2061 1359 2113 naturae
1410 2058 1742 2130 cognitione
1788 2064 1953 2116 ortus

305 2151 416 2203 est.
448 2146 609 2202 Talis
639 2146 837 2220 itaque
858 2151 949 2203 est
979 2152 1316 2204 sanctorum
1347 2149 1513 2204 visio.

379 2416 468 2471 36.
498 2413 780 2470 Malorum
812 2430 945 2469 vero
993 2414 1267 2470 incursus
1321 2419 1379 2470 et
1429 2415 1761 2487 phantasia,
1819 2435 1954 2474 cum

305 2503 589 2571 tumultu,
614 2504 881 2575 strepitu,
913 2519 1058 2559 sono
1089 2509 1145 2558 et
1177 2503 1430 2560 clamore
1462 2505 1730 2562 obvenit:
1763 2508 1956 2579 qualis

307 2592 557 2666 exempli
590 2609 766 2649 causa
788 2593 964 2648 fuerit
983 2592 1358 2648 illiberalium
1384 2592 1846 2651 adolescentium
1869 2597 1954 2653 vel

307 2683 601 2740 latronum
637 2681 950 2738 tumultus-
984 2681 1147 2738 Unde
1196 2682 1454 2738 exoritur
1511 2684 1694 2738 animi
1755 2702 1953 2756 pavor,

307 2773 567 2828 turbatio
597 2776 654 2827 et
683 2771 948 2826 confusio
978 2770 1421 2842 cogitationum,
1442 2772 1701 2841 tristitia,
1735 2780 1956 2831 asceta-

311 2878 442 2917 rum
475 2861 698 2930 odium,
723 2859 970 2927 incuria,
997 2870 1212 2916 m'aeror
1232 2860 1435 2930 animi,
1461 2866 1843 2933 cognatorum
1868 2881 1956 2920 re-

311 2951 589 3021 cordatio,
616 2949 865 3006 formido
881 2949 1111 3017 mortis,
1137 2965 1201 3004 ac
1219 2950 1456 3005 demum
1484 2952 1960 3023 concupiscentia

316 3041 603 3098 malarum
639 3055 858 3109 rerum,
923 3039 1158 3093 animus
1204 3039 1274 3094 ad
1322 3039 1598 3095 virtutem
1648 3042 1955 3115 remissus,

314 3130 632 3186 inordinati
664 3145 877 3184 mores.
909 3132 1052 3183 Cum
1083 3129 1282 3199 itaque
1306 3129 1659 3200 quibusdam
1715 3148 1959 3204 conspe-

315 3220 447 3290 ctis,
483 3220 692 3275 timore
713 3217 1132 3290 corripiemini,
1165 3218 1213 3272 si
1241 3219 1439 3273 statim
1489 3219 1666 3274 timor
1724 3222 1956 3278 aufera-

2057 631 2156 706 γὰρ
2185 637 2292 686 τῶν
2344 634 2505 707 ἁγίων
2553 635 2783 689 ὁπτασία
2833 635 2935 690 οὐκ
2989 631 3099 691 ἔστι
3147 638 3535 713 τεταραγμένη.
3588 636 3707 693 Οὐκ

2061 716 2224 792 ἐρίσει
2281 719 2402 794 γὰρ,
2462 718 2585 774 οὔτε
2639 724 2953 796 κραυγάσει,
3013 721 3138 778 οὐδὲ
3195 723 3410 778 ἀκούσει
3469 745 3552 785 τις
3602 727 3706 789 τῆς

2059 815 2243 884 φωνῆς
2275 809 2474 866 αὐτῶν.
2507 811 2761 886 Ἡσύχως
2794 809 2851 866 δὲ
2901 812 2989 866 καὶ
3021 815 3207 886 πράως
3252 815 3453 888 γίνεται
3508 813 3706 882 οὕτως,

2059 897 2133 958 ὡς
2159 896 2312 959 εὐθὺς
2344 899 2516 973 χαρὰν
2567 899 2654 952 καὶ
2714 899 3034 974 ἀγαλλίασιν
3091 902 3180 956 καὶ
3238 903 3432 976 θάρσος
3489 901 3712 977 ἐγγίνε-

2059 997 2177 1047 σθαι
2233 991 2300 1060 τῇ
2360 991 2534 1064 ψυχῖγ
2590 985 2698 1042 ἔστι
2752 989 2855 1064 γὰρ
2918 991 3032 1061 μετ’
3094 989 3268 1044 αὐτῶν
3312 992 3339 1045 6
3372 990 3587 1064 Κύριος,
3646 991 3708 1053 ὃς

2060 1073 2197 1128 ἐστιν
2232 1078 2394 1147 ἡμῶν
2430 1077 2523 1147 μὲν
2551 1078 2718 1152 χαρὰ,
2749 1083 2844 1131 τοῦ
2871 1075 2927 1132 δὲ
2958 1083 3091 1133 Θεοῢ
3124 1080 3331 1151 Πατρὸς
3364 1082 3398 1148 ἡ
3449 1077 3702 1153 δύναμις·

2062 1161 2122 1218 οἷ’
2144 1185 2200 1218 τε
2232 1164 2493 1240 λογισμοὶ
2523 1165 2691 1235 αὐτῆς
2722 1167 2986 1244 ἀτάραχοι
3028 1170 3117 1223 καὶ
3168 1169 3462 1241 ἀκύμαντοι
3515 1167 3708 1243 διαμέ-

2059 1271 2264 1306 νουσιν·
2319 1254 2456 1308 ὥστε
2503 1251 2948 1329 καταυγζομε’νην
2997 1256 3162 1324 αὐτὴν
3219 1258 3305 1310 ὑπ’
3355 1256 3520 1325 αὐτῆς
3574 1260 3711 1330 (21),

2059 1341 2184 1402 τοὺς
2218 1343 2575 1418 φαινομένους
2609 1349 2846 1417 θεωρεῖν.
2884 1343 2984 1400 Καὶ
3015 1344 3114 1419 γὰρ
3163 1343 3333 1406 πόθος
3383 1349 3490 1399 τῶν
3546 1344 3704 1408 θείων

2059 1429 2147 1484 καί
2177 1435 2284 1485 τῶν
2323 1429 2638 1504 μελλόντων
2697 1433 2834 1507 αὐτῇ
2893 1433 3286 1508 ἐπεισέρχεται,
3347 1434 3436 1487 καὶ
3481 1432 3708 1504 θελήσει

2059 1519 2275 1580 πάντως
2309 1527 2636 1598 συναφθῆναι
2682 1520 2919 1592 τούτοις,
2953 1521 2997 1574 εί
3025 1522 3307 1596 άπήρχετο
3344 1522 3458 1594 μετ’
3505 1521 3708 1578 αὐτῶν.

2062 1607 2182 1661 Ἐὰν
2219 1605 2274 1662 δὶ
2304 1609 2414 1676 καὶ,
2449 1609 2522 1669 ὡς
2580 1607 2881 1681 ἄνθρωποι,
2925 1610 3064 1671 τινες
3110 1605 3394 1687 φοϐηθῶσι
3450 1610 3547 1678 τήν
3597 1614 3708 1665 τῶν

2060 1695 2241 1752 καλῶν
2277 1697 2560 1766 ὀπτασίαν,
2611 1698 2928 1775 ἀφαιροῦσιν
2963 1699 3014 1751 οἱ
3045 1694 3359 1776 φαινόμενοι
3392 1698 3482 1753 τὸν
3539 1695 3708 1776 φόϐον

2061 1787 2187 1860 παρ’
2218 1785 2350 1840 αὐτᾶ
2379 1790 2446 1859 τῇ
2481 1785 2685 1861 ἁγάπῃσ
2720 1788 2794 1848 ὡς
2826 1786 3048 1858 ἐποίησε
3096 1782 3341 1860 Γαϐριὴλ
3390 1791 3469 1858 τῷ
3525 1793 3712 1862 Ζαχα-

2065 1875 2171 1951 ρίᾳ,
2205 1876 2294 1929 καὶ
2328 1877 2356 1929 ὁ
2405 1875 2586 1953 φανεὶς
2641 1874 2870 1952 ἄγγελος
2916 1877 2966 1931 ἰν
3017 1881 3096 1949 τῷ
3137 1878 3270 1948 θείῳ
3306 1876 3559 1949 μνημείῳ
3587 1881 3714 1938 ταῖς

2060 1965 2287 2040 γυναιξὶ,
2317 1965 2405 2018 καὶ
2433 1965 2461 2019 6
2493 1967 2604 2038 (22)
2659 1971 2777 2029 τοῖς
2822 1965 3045 2039 ποιμέσι
3099 1965 3270 2041 λὲγων
3333 1966 3386 2022 ἐν
3432 1970 3510 2037 τῷ
3544 1964 3717 2041 Εὐαγ-

2064 2051 2259 2126 λελίῳ·
2292 2055 2380 2122 Μὴ
2433 2049 2705 2128 φοϐεῖσθε.
2758 2056 2906 2109 Ἐστι
2956 2055 3058 2130 γὰρ
3108 2056 3136 2109 6
3181 2049 3348 2133 φόϐος
3378 2054 3597 2109 ἐκείνων
3643 2055 3711 2109 οὗ

2061 2143 2196 2198 κατὰ
2244 2141 2447 2199 δειλίαν
2497 2146 2706 2220 ψυχῆς,
2759 2142 2904 2199 ἀλλὰ
2950 2145 3068 2198 κατ’
3117 2142 3404 2219 ἐπίγνωσιν
3447 2150 3548 2213 τῆς
3595 2148 3710 2198 τῶν

2063 2231 2384 2306 κρειττόνων
2417 2231 2734 2307 παρουσίας.
2766 2232 3007 2304 Τοιαύτη
3044 2233 3140 2306 μὶν
3169 2231 3263 2288 οὖν
3297 2235 3328 2302 ἡ
3378 2233 3487 2288 τῶν
3544 2231 3710 2307 ἁγίων

2064 2322 2312 2378 ὀπτασία.

2134 2413 2222 2468 36.
2281 2414 2346 2467 Ἡ
2401 2409 2458 2466 δὲ
2510 2415 2617 2466 τῶν
2680 2409 2901 2486 φαύλων
2974 2409 3246 2488 ἐπιδρομή
3308 2412 3396 2466 καὶ
3451 2410 3715 2490 φαντασία

2063 2502 2454 2578 τεταραγμένη,
2517 2503 2648 2573 μετᾶ
2703 2502 2911 2556 κτύπου
2964 2502 3053 2556 καὶ
3113 2499 3261 2576 ἤχου
3309 2500 3400 2555 καὶ
3439 2503 3712 2576 ξκραυγῆς·

2066 2589 2153 2645 οἷα
2202 2589 2259 2645 ἂν
2319 2591 2532 2666 γένοιτο
2595 2591 2871 2666 νεωτέρων
2943 2588 3278 2645 ἀπαιδεύτων
3349 2591 3435 2644 καὶ
3491 2588 3714 2664 λῃστῶν

2065 2681 2311 2752 κίνησις,
2375 2684 2458 2752 Ἐξ
2509 2684 2583 2736 ὦν
2637 2682 2789 2745 εὐθὺς
2839 2685 2949 2754 (23)
3000 2682 3202 2756 γίνεται
3256 2677 3434 2736 δειλία
3501 2683 3713 2755 ψυχῆς,

2064 2775 2306 2849 τάραχος
2331 2774 2422 2828 καὶ
2454 2773 2641 2843 ἀταξία
2671 2773 2978 2848 λογισμῶν,
3029 2775 3315 2850 κατήφεια,
3371 2777 3529 2844 μῖσος
3577 2771 3715 2847 πρὸς

2065 2863 2191 2925 τοὺς
2245 2863 2502 2932 ἀσκητάς,
2565 2861 2781 2933 ἀκηδία,
2843 2862 3015 2932 λύπη,
3073 2865 3263 2934 μνήμη
3316 2865 3423 2915 τῶν
3471 2859 3713 2926 οίκείων,

2065 2947 2353 3030 καὶφόόος
2382 2954 2630 3016 θανάτουο
2680 2953 2765 3007 καὶ
2815 2950 3009 3007 λοιπὸν
3053 2949 3309 3023 ἐπιθυμία
3354 2953 3533 3004 κακῶν
3587 2948 3716 3004 ὀλι-

2065 3041 2239 3118 γωρία
2289 3043 2426 3117 πρὸς
2481 3045 2580 3111 τήν
2633 3042 2825 3117 ἀρετὴν
2853 3084 2867 3108 ,
2915 3040 3004 3095 καὶ
3051 3045 3147 3094 τοῦ
3193 3037 3362 3110 ἤθους
3413 3040 3711 3093 ἀκαταστα-

2069 3131 2175 3187 σία.
2209 3133 2374 3188 ’Ὀταν
2415 3130 2594 3186 τοίνυν
2656 3131 3026 3206 Θεωρησαντές
3074 3150 3195 3185 τινα
3244 3131 3354 3201 (24)
3405 3123 3709 3205 φοϐηθῆτε,

2072 3219 2157 3274 ἐὰν
2222 3221 2315 3293 μὲν
2370 3219 2522 3281 εὐθὺς
2579 3220 2606 3274 ὁ
2666 3214 2836 3296 φόϐος
2877 3218 3164 3298 ἀφαιρεθῇ,
3214 3217 3302 3272 καὶ
3354 3217 3464 3271 ἀντ’
3515 3216 3724 3271 ἐκείνου

316 3314 434 3377 tur,
465 3312 524 3364 et
549 3309 676 3376 ejus
707 3307 832 3363 loco
864 3323 997 3362 mox
1047 3311 1441 3378 consequatur
1481 3308 1772 3365 ineil'abile
1819 3327 1955 3382 gau-

2072 3290 2290 3385 γὲνηται
2323 3308 2467 3384 χαρὰ
2493 3290 2885 3379 ἀνεκλάλητος,
2925 3290 3023 3362 *καί
3055 3308 3305 3381 εὐθυμία,
3363 3305 3452 3361 καὶ
3501 3304 3721 3380 θάρσος,

317 3399 504 3466 dium,
539 3396 832 3463 alacritas,
868 3397 1102 3463 fiducia,
1137 3397 1316 3452 animi
1341 3398 1637 3468 recreatio,
1666 3399 1966 3471 cogitatio-

321 3505 464 3547 num
507 3485 929 3559 tranquillitas,
978 3491 1035 3542 et
1090 3502 1476 3557 quaecumque
1524 3487 1640 3542 alia
1695 3490 1966 3561 superius

320 3580 479 3635 dicta
495 3581 656 3646 sunt,
679 3576 858 3632 robur
886 3576 1067 3632 animi
1111 3576 1250 3631 item
1282 3579 1337 3630 et
1358 3576 1451 3632 Dei
1481 3593 1664 3649 amor,
1694 3578 1968 3634 conﬁdite

321 3671 379 3726 et
407 3671 600 3722 orate:
633 3666 917 3739 gaudium
941 3665 1097 3720 enim
1121 3669 1178 3720 et
1207 3665 1306 3719 ille
1330 3666 1538 3721 animm
1572 3671 1762 3722 status
1822 3685 1965 3740 prae-

321 3757 507 3814 sentis
537 3756 910 3812 sanctitatem
938 3754 1175 3812 indicat.
1208 3754 1298 3810 Sic
1328 3755 1620 3812 Abraham
1657 3756 1965 3813 Dominum

2073 3397 2162 3452 καὶ
2195 3397 2505 3466 ἀνάκτησις,
2554 3398 2642 3451 καὶ
2693 3400 2800 3451 τῶν
2862 3397 3140 3472 λογισμῶν
3190 3395 3464 3470 ἀταραξία,
3520 3393 3609 3448 καὶ
3659 3394 3727 3448 τὰ

2076 3485 2219 3542 ἀλλα
2275 3488 2374 3542 ὃσα
2431 3492 2690 3563 προεῖπον
2720 3532 2733 3559 ,
2780 3484 2970 3563 ἀνδρία
3017 3507 3074 3540 τε
3121 3486 3210 3540 καὶ
3273 3485 3450 3559 ἀγάπη
3508 3483 3584 3545 εἴς
3630 3482 3726 3538 τὸν

2078 3578 2229 3646 Θεὸν,
2261 3581 2502 3652 θαρσεῖτε
2557 3577 2646 3631 καὶ
2707 3573 2948 3652 εὔχεσθε·
3011 3577 3044 3644 ἣ
3091 3575 3195 3651 γὰρ
3245 3574 3392 3650 χαρὰ
3424 3573 3512 3628 καὶ
3543 3575 3578 3642 ἡ
3629 3593 3727 3626 κα-

2075 3667 2325 3729 τάστασις
2356 3674 2456 3736 τῆς
2485 3668 2667 3742 ψυχῆς
2699 3664 2927 3721 δείκνυσι
2959 3669 3056 3720 τοῦ
3107 3663 3386 3739 ραρόντος,
3432 3663 3532 3732 τὴν
3580 3660 3730 3738 άγιό-

2076 3776 2232 3826 τητα.
2266 3754 2452 3818 Οὕτως
2486 3749 2734 3830 Ἀϐραάμ
2767 3751 2896 3810 ἰδὼν
2926 3754 3018 3809 τὸν
3071 3753 3271 3828 Κύριον
3320 3749 3725 3829 ἠγαλλιάσατο·

1721 3909 1978 3965 VERSIO
2021 3908 2333 3965 EVAGRII.

322 4050 525 4091 verum
558 4033 730 4090 tacite
759 4031 1084 4106 leniterque
1106 4037 1501 4106 properantes,
1535 4033 1842 4106 gaudium,
1875 4032 2317 4106 exultationem,
2343 4033 2618 4089 ﬁduciam
2651 4032 2984 4106 pectoribus
3034 4030 3389 4106 infundunt:
3431 4028 3728 4106 siquidem

326 4125 461 4164 cum
493 4105 610 4162 illis
641 4110 729 4162 est
763 4101 1062 4173 Dominus,
1089 4101 1186 4176 qui
1211 4101 1300 4160 est
1323 4105 1452 4159 fons
1482 4101 1727 4176 et'origo
1761 4105 1987 4161 laetitiae.
2024 4105 2184 4160 Tunc
2203 4123 2368 4162 mens
2400 4111 2602 4161 nostra
2631 4101 2745 4160 non
2777 4103 3032 4176 turbida,
3067 4103 3168 4158 sed
3199 4102 3344 4176 lenis
3390 4105 3446 4156 et
3476 4101 3728 4176 placida,

327 4179 670 4252 angelorum
703 4178 830 4252 luce
849 4173 1148 4252 radiatur':
1185 4180 1322 4232 tunc
1353 4177 1549 4252 anima
1579 4173 1900 4233 caelestium
1937 4178 2307 4252 praemiorum
2340 4179 2616 4252 aviditate
2645 4179 2923 4252 ﬂagrans,
2951 4175 3205 4252 effracto,
3239 4174 3287 4252 si
3347 4178 3591 4252 pos_set,_
3625 4173 3729 4227 bu-

327 4243 485 4309 mavni
517 4249 778 4322 corporis
797 4249 1115 4317 domicilio,
1150 4253 1205 4304 et
1237 4250 1855 4322 membrisiexonerata
1878 4243 2244 4316 mortalibus,
2280 4268 2412 4305 cum
2446 4251 2538 4306 his
2569 4243 2915 4322 quos'videt,
2946 4246 3104 4322 abire
3132 4243 3366 4322 festinat
3397 4246 3467 4300 ad
3492 4243 3723 4322 coelum.

326 4326 547 4381 Horum
571 4315 735 4378 tanta
765 4315 1234 4393 benignitasest,
1269 4325 1333 4376 ut
1364 4321 1411 4376 si
1445 4321 1573 4390 quis
1603 4339 1706 4393 pro
1728 4323 2062 4378 conditione
2101 4315 2433 4393 fragilitatis
2496 4315 2786 4393 humanae,
2818 4315 3192 4393 miro_fuerit
3248 4315 3734 4393 eorumjulgore

327 4395 692 4470 perterritus,
725 4387 952 4470 omnem
983 4393 1258 4470 continuo
1279 4409 1346 4470 ex
1378 4387 1548 4448 corde
1569 4387 2108 4470 auferant__metum.
2145 4387 2228 4470 ita
2247 4393 2475 4450 Gabriel
2508 4411 2640 4470 cum
2665 4392 2953 4470 zachariae
2986 4389 3321 4470 loqueretur
3370 4388 3428 4470 in
3468 4387 3733 4470 Temple;

327 4461 387 4526 et
417 4466 756 4535 angelicum
789 4466 1051 4521 divinum
1084 4464 1340 4538 Virginis
1370 4470 1598 4537 partum
1633 4467 1964 4538 pastoribus
1995 4467 2354 4533 nuntiarent,
2376 4468 2546 4537 etqui
2571 4464 2858 4522 Dominici
2879 4463 3139 4538 corporis
3160 4461 3412 4533 agebant
3434 4461 3735 4524 excubias,

330 4541 552 4598 securis
580 4537 899 4594 videntium
928 4554 989 4593 se
1019 4536 1311 4594 mentibus
1342 4536 1738 4606 ostendentes,
1771 4555 1842 4593 ne
1864 4544 2208 4608 metuerent,
2231 4536 2614 4610 imperabant.
2648 4542 2833 4594 Metus
2857 4536 3012 4592 enim
3035 4551 3150 4590 non
3171 4538 3402 4589 tantum
3435 4549 3501 4589 ex
3524 4548 3736 4604 pavore

329 4612 536 4678 animi,
568 4615 856 4684 quantum
887 4627 956 4666 ex
977 4626 1323 4685 magnarum
1356 4626 1551 4665 rerum
1584 4627 1733 4685 saepe
1763 4611 2339 4685 incutiturgaspectu.
2477 4681 2488 4685 _
2749 4679 2761 4685 _
3088 4680 3096 4685 _
3325 4675 3335 4685 ⁸
3402 4673 3440 4685 υ
3518 4673 3528 4685 σ
3577 4672 3614 4685 υ

400 4687 488 4742 36.
521 4672 919 4756 Pessimorum
954 4672 1314 4756 verovvultus
1343 4687 1558 4748 truces,
1584 4672 1812 4756 sonitus
1843 4683 2087 4751 horridi,
2121 4672 2342 4739 sordidi
2363 4681 2676 4756 cogitatus,
2709 4679 3291 4756 plaususuiotusque
3322 4672 3734 4756 indisciplina-

330 4763 522 4814 torum
546 4758 657 4831 (Ξῇ)
689 4755 1127 4831 adulescentum
1159 4753 1246 4810 vel
1276 4754 1610 4831 latronum:
1645 4771 1675 4810 e
1706 4755 1921 4826 quibus
1943 4749 2273 4831 ‘con'festim
2333 4749 2511 4810 timor
2539 4749 2770 4831 animae,
2831 4749 3099 4831 sensibus
3153 4754 3355 4831 torpor
3397 4749 3732 4831 incutitur:

329 4832 531 4886 odium
552 4819 1056 4893 Christianorum,
1091 4827 1507 4901 monachorum
1538 4819 1748 4901 mceror,
1766 4833 1823 4901 et
1851 4827 2112 4892 taedium,
2144 4844 2382 4901 suorum
2415 4826 2759 4901 recordatio,
2794 4829 2986 4901 metus
3019 4819 3734 4901 mortis,cupido.‘nequi-

330 4903 445 4976 tim,
476 4902 766 4976 lassitudo
795 4901 1050 4976 virtu_ti_s,
1085 4899 1276 4976 cordis
1309 4898 1714 4976 he_betgti_o_.__Si
1739 4899 1920 4976 igitur
1952 4905 2085 4971 post
2114 4899 2406 4976 timorem,
2440 4897 2999 4976 horrorinconcepto
3023 4895 3135 4965 (26)
3191 4895 3540 4976 successerit
3591 4906 3736 4962 gau-

330 4968 517 5049 dium,
540 4979 597 5049 et
628 4975 699 5049 ad
735 4975 914 5049 Deum
929 4968 1142 5049 ﬁducia
1169 4970 1685 5049 atque_i_nell‘abilis
1713 4968 2003 5049 charitas,_
2021 4972 2251 5026 venisse
2267 4971 2524 5049 sciamus
2557 4968 2872 5049 auxilium;
2905 4968 3040 5036 quia
3063 4968 3346 5049 securitas
3368 4968 3576 5049 animae
3595 4979 3736 5031 prae-

329 5035 516 5106 sentis
544 5045 865 5118 Majestatis
887 5045 1174 5102 indicium
1205 5035 1309 5101 est.
1344 5043 1439 5100 Sic
1460 5059 1716 5116 namque
1747 5047 1804 5100 et
1832 5035 2124 5101 Abraham
2159 5041 2490 5116 patriarcha
2518 5035 2946 5110 vidensDeum,
2976 5037 3213 5111 gavisus
3261 5041 3350 5092 est
3373 5053 3386 5090 :
3409 5035 3737 5092 stJoannes

400 5227 446 5262 ⁷²
477 5227 590 5284 Isa.
621 5243 757 5296 mi,
788 5229 840 5281 2.
920 5225 963 5260 ⁷³
995 5229 1108 5280 Luc
1140 5241 1179 5295 ι,
1214 5223 1299 5278 13.
1375 5222 1421 5258 7‘
1439 5221 1642 5278 Matth.
1673 5239 1870 5292 xxvm,
1892 5224 1947 5279 5.

2099 5223 2237 5279 Luc.
2264 5239 2325 5294 ιι,
2355 5223 2441 5278 10.

2155 5404 2267 5472 (24)
2297 5406 2382 5458 Ita
2413 5406 2549 5472 Reg.
2581 5404 2617 5456 2
2645 5404 2702 5455 et
2731 5397 2981 5472 Colbert.
3014 5395 3261 5472 2.AEditi
3290 5410 3443 5472 vero.
3476 5389 3641 5454 τινάς.

2300 5463 2847 5546 Ιηάίδεῖῥῑὶηαίονιιηι
2878 5467 3141 5546 deestin
3167 5466 3442 5546 omnibus
3474 5481 3621 5537 quos
3650 5463 3734 5520 vi-

2087 5539 2284 5602 dimus
2317 5539 2615 5612 mss.,'sed
2648 5544 2863 5616 legitur
2900 5543 2958 5616 in
2992 5539 3166 5616 editis
3197 5543 3254 5616 et
3285 5539 3343 5592 in
3376 5539 3591 5593 Greco.

2159 5620 2269 5688 (26)
2302 5619 2396 5674 Sic
2427 5611 2542 5684 duo
2574 5611 2984 5688 manuscripti.
3018 5611 3156 5679 Alii,
3215 5611 3438 5668 horrore
3461 5617 3736 5681 concepto.

2086 5690 2259 5746 Editi.
2293 5691 2516 5748 horrore
2534 5698 2865 5762 conceptum.

367 5410 515 5499 ~(2i)
546 5408 759 5480 Regius
813 5406 1111 5462 secundus
1163 5408 1218 5459 et
1277 5403 1588 5460 Colbertin.
1645 5407 1699 5474 2,
1751 5400 1819 5458 δι’
1854 5403 1973 5457 ἑαυ-

329 5502 890 5634 f?(c212).8ic_Regins
917 5549 1212 5604 secundus
1239 5553 1295 5604 et
1324 5548 1636 5603 Colbertin.
1669 5550 1721 5605 2.
1760 5553 1820 5603 In
1853 5547 1973 5604 edi-

332 5623 880 5765 tl8(2éI-33hi‘ta21ltegius
934 5692 1246 5765 secundus
1285 5696 1342 5746 et
1390 5690 1702 5746 Colbertin.
1735 5695 1788 5756 2,
1825 5687 1974 5750 εὐθύς

336 5763 585 5824 ἀθεειὴι
617 5763 790 5822 editis
819 5769 876 5821 et
909 5765 964 5820 in
994 5763 1352 5834 quibusdam
1384 5779 1510 5819 mss
