4074 6360
343 435 462 496 897

1706 420 1895 486 VITA
1937 423 2000 482 S.
2047 419 2391 482 ANTONIl.

3629 419 3748 481 898

334 565 425 618 καὶ
485 565 514 618 6
571 561 848 632 Ἰωάννης,
906 563 1199 638 γενομένης
1247 565 1432 639 φωνῆς
1478 559 1625 634 παρά
1651 563 1752 626 τῆς
1795 551 1986 610 Θεοτό-

2118 553 2304 607 ridens
2333 551 2646 607 exsultavit
2665 552 2709 586 ⁷⁸
2731 550 2836 605 :sic
2857 550 3113 606 Joannes
3134 550 3290 606 edita
3308 568 3343 605 a
3365 552 3611 623 Deipara
3629 557 3747 608 Ma-

336 674 436 709 κου
490 654 604 725 (27)
663 651 876 727 Μαρίας
953 649 1263 727 ἐσκίρτησεν
1341 649 1392 704 ἐν
1471 646 1810 725 ἀγαλλιάσει,
1872 643 1992 698 Ἐὰν

338 739 397 797 δὲ
454 741 722 817 φανέντων
804 744 966 795 τινῶν
1045 745 1263 816 ταραχή
1337 737 1583 814 γένηται,
1641 736 1731 790 καὶ
1788 733 1990 792 κτύπος

341 829 558 904 ἔξωθεν,
605 828 696 884 καὶ
729 828 988 906 φαντασία
1044 828 1309 901 κοσμικὴ,
1351 826 1440 882 καὶ
1489 823 1691 893 ἀπειλή
1743 821 1991 888 θανάτου,

338 918 427 975 καὶ
479 917 577 973 ὅσα
621 923 922 993 προεῖπονο
980 919 1270 992 γινώσκετε
1329 914 1413 970 ὅτι
1471 913 1692 994 φαύλων
1755 910 1896 966 ἐστὶν
1954 911 1990 977 ἡ

344 1003 558 1085 ἔφοδος.

412 1098 502 1153 37.
551 1097 652 1152 Καὶ
697 1095 800 1172 γὰρ
841 1094 932 1150 καὶ
990 1100 1154 1151 τοῦτο
1203 1096 1473 1172 γνώριστα
1525 1095 1652 1165 ὑμῖν
1702 1089 1857 1144 ἔστω
1915 1086 1993 1140 ὅτ’

343 1185 404 1240 ἂν
432 1184 608 1239 τοίνυν
642 1187 756 1258 (28)
817 1182 1042 1259 ἐπιμένῃ
1097 1181 1357 1239 δειλιῶσα
1408 1185 1442 1253 ἠ
1501 1182 1676 1256 ψυχὴ,
1724 1176 1995 1254 παρουσία

337 1278 446 1328 τῶν
499 1273 714 1349 ἐχθρῶν
774 1273 936 1328 ἐστιν.
995 1272 1072 1330 Οὐ
1125 1273 1226 1348 γὰρ
1283 1274 1631 1350 ἀφαιροῦνται
1655 1272 1753 1338 τὴν
1790 1265 1992 1321 δειλίαν

338 1367 448 1417 τῶν
474 1361 738 1417 τοιούτων
771 1363 821 1416 οἱ
857 1360 1136 1435 δαιμονες²
1169 1362 1348 1437 ὥσπερ
1381 1359 1707 1430 πεποίηκεν,
1770 1357 1797 1410 6
1829 1357 1996 1429 μέγας

340 1450 682 1527 ἀρχάγγελος
709 1445 954 1524 Γαϐριὴλ
1002 1454 1070 1525 τῇ
1104 1449 1282 1525 Μαρίᾳ
1311 1450 1401 1504 καὶ
1453 1453 1533 1520 τῷ
1588 1446 1855 1522 Ζαχαρία,
1905 1440 1996 1497 καί

343 1541 372 1594 6
403 1541 588 1615 φανεὶς
613 1539 664 1594 ἐν
695 1545 775 1612 τῷ
819 1539 1074 1613 μνημείῳ
1120 1545 1239 1601 ταῖς
1285 1538 1544 1614 γυναιξίψ
1579 1535 1723 1591 ἀλλὰ
1782 1531 1992 1606 μᾶλλον

343 1629 467 1685 ὅταν
495 1625 654 1683 ἴδωσι
689 1627 1028 1698 δειλιῶντας,
1063 1629 1348 1699 αύξάνουσι
1403 1627 1499 1688 τὰς
1551 1624 1861 1704 φαντασίας,
1904 1619 1998 1676 ⁹ίνα

347 1717 612 1790 μειζόνως
661 1717 858 1780 αὐτοὺς
910 1719 1322 1790 καταπτήξωσι·
1377 1716 1467 1771 καὶ
1524 1713 1716 1770 λοιπὸν
1779 1707 1996 1768 ἐπιϐάν-

341 1827 453 1876 τες,
507 1807 888 1882 προσπαίζωσι
932 1804 1200 1881 λέγοντεςο
1252 1805 1511 1866 Ηεσόντες
1567 1804 1994 1878 προσκυνήσατε.

2103 642 2356 696 ria-voce
2386 639 2700 696 exsultavit
2727 639 2990 711 gaudens
3012 640 3076 694 7".
3111 641 3274 703 Quod
3306 641 3357 696 si
3391 641 3749 713 quibusdam

2102 730 2543 802 apparentibus,
2606 728 2900 784 tumultus
2959 728 3080 796 fiat,
3112 734 3388 785 externus
3446 731 3754 803 strepitus,

2103 821 2441 875 mundanus
2464 823 3002 891 apparatus,metus
3022 817 3228 874 mortis
3258 824 3314 874 et
3331 836 3457 890 quas
3479 821 3752 892 superius

2103 908 2240 980 dixi,
2272 908 2476 964 scitote
2507 906 2796 963 malorum
2826 923 2954 962 esse
2985 907 3322 963 adventum.

2174 1087 2264 1141 37.
2297 1087 2366 1140 Et
2394 1085 2504 1140 hoc
2534 1085 2671 1140 item
2691 1084 3198 1140 vobisindiciosit.
3227 1087 3286 1141 Si
3315 1086 3514 1142 anima
3545 1087 3753 1144 timida

2104 1180 2456 1249 perseveret,
2480 1173 2852 1229 inimicorum
2881 1178 2968 1230 est
2997 1176 3341 1246 praesentia:
3376 1193 3750 1249 nequaquam

2104 1263 2260 1320 enim
2287 1265 2580 1318 daemones
2597 1268 2819 1320 metum
2837 1265 3202 1330 auferunt,ut
3219 1265 3489 1335 praestitit
3503 1283 3754 1339 magnus

2104 1352 2491 1425 archangelus
2509 1351 2739 1407 Gabriel
2765 1352 2918 1408 658
2942 1353 3134 1407 Mariae
3155 1358 3212 1408 et
3231 1354 3538 1420 Zachariae,
3567 1363 3623 1412 et
3651 1356 3752 1427 qui

2104 1441 2164 1496 in
2195 1446 2576 1496 monumento
2623 1441 2918 1512 apparuit,
2951 1440 3334 1510 mulieribus;
3385 1444 3527 1515 quin
3560 1445 3752 1515 potius

2106 1532 2155 1587 si
2186 1529 2632 1587 reformidantes
2663 1529 3273 1601 cernant,phantasias
3305 1532 3752 1604 adaugent,ma-

2101 1623 2289 1692 jorem
2323 1626 2388 1676 ut
2411 1619 2704 1675 incutiant
2741 1623 3044 1685 terrorem,
3078 1624 3251 1691 atque
3295 1621 3484 1677 adorti
3515 1623 3750 1679 demum

2106 1711 2391 1766 irrideant
2419 1709 2719 1764 dicentes:
2770 1709 3056 1764 Prostrati
3100 1710 3357 1766 adorata.
3391 1710 3476 1766 Ita
3503 1712 3756 1784 gentiles

2107 1800 2498 1869 deceperunt:
2532 1797 2616 1853 sic
2659 1798 2731 1852 ab
2762 1796 2881 1853 illis
2928 1797 3071 1854 false
3102 1798 3182 1852 dii
3231 1799 3413 1856 habiti
3444 1807 3606 1858 sunt.
3639 1803 3756 1859 Nos

344 1894 488 1957 Τοὺς
526 1894 618 1969 μὲν
653 1894 742 1951 οὖν
778 1894 1056 1966 ’Έλληνας
1088 1895 1260 1957 οὕτως
1308 1895 1647 1964 ἠπάττησαν·
1682 1891 1855 1953 οὕτως
1895 1891 1996 1966 γὰρ

2118 1905 2241 1944 vero
2273 1888 2559 1943 Dominus
2582 1903 2696 1942 non
2719 1887 2854 1942 sivit
2875 1903 2907 1941 a
2927 1886 3160 1942 diabolo
3182 1888 3751 1960 circumveniri,cum

275 2019 282 2040 ρ
348 1949 733 2058 ἐνομίάθησανί
796 1949 957 2057 παρ’.
996 1949 1179 2046 αύτοῖς
1435 1949 1784 2057 ψεύδώνυμοι
1842 1949 1993 2034 vilest"

2118 1977 2409 2034 aimilibus
2431 1976 2758 2048 pbantasiis
2781 1992 2843 2031 se
2865 1976 3296 2048 aggredientem
3319 1949 3644 2052 increpavit
3664 1981 3757 2036 his

345 2069 611 2145 ἡμᾶςτδὲ
665 2071 762 2126 οὐκ
825 2072 1027 2149 ἀφῆκεν
1085 2073 1112 2126 6
1178 2071 1381 2146 Κύριος
1456 2070 1797 2139 ἀπατηθῆναι
1856 2065 2001 2140 παρά

347 2165 445 2216 τοῦ
491 2157 776 2234 διαϐόλου,
833 2161 1067 2233 ὁπηνίκα
1111 2162 1208 2223 τὰς
1260 2160 1512 2222 τοιαύτας
1553 2158 1698 2232 αύτῷ
1751 2163 1998 2213 ποιοῦντι

351 2250 638 2328 φαντασίας
710 2249 975 2323 ἐπιτιμῶν
1054 2249 1288 2325 εἷ’ρηκεν.
1364 2253 1565 2324 Ὕπαγε
1641 2248 1813 2303 ὀπίσω
1872 2269 1996 2321 μου,

355 2346 584 2395 Σατανᾶ-
673 2340 969 2416 γέγραπται
1052 2341 1173 2416 γάρ·
1266 2339 1465 2416 Κύριον
1545 2339 1636 2394 τὸν
1713 2338 1842 2392 Θεόν
1905 2357 1999 2390 σου

349 2431 739 2502 προσκυνήσεις
772 2475 785 2500 ,
907 2430 995 2484 καὶ
1109 2427 1265 2500 αὐτῷ·
1387 2428 1536 2502 μόνῳ
1668 2426 1997 2503 λατρεύσεις.

352 2515 582 2574 Μᾶλλον
616 2515 705 2571 οὗν
737 2516 827 2571 καὶ
865 2515 1077 2589 μᾶλλον
1113 2517 1140 2570 6
1171 2515 1482 2591 πανοῦργος
1526 2514 1615 2570 διὰ
1670 2519 1837 2570 ταῦτα
1885 2517 1997 2588 (30)

345 2606 781 2684 καταφρονείσθω
805 2608 931 2680 παρ’
963 2608 1153 2679 ἡμῶν·
1201 2606 1230 2660 '6
1278 2606 1380 2681 γὰρ
1432 2604 1643 2679 εἷ’ρηκεν
1697 2607 1725 2658 6
1776 2604 1997 2680 Κύριος,

2107 2066 2302 2122 verbis
2327 2083 2340 2120 :
2378 2064 2522 2121 Vade
2568 2073 2717 2121 retro
2767 2080 2874 2135 me,
2902 2064 3126 2134 Satana,
3159 2068 3430 2137 scriptum
3457 2078 3536 2125 est
3561 2075 3713 2127 enim
3736 2089 3754 2125 :

2109 2156 2402 2212 Dominum
2432 2159 2613 2209 Deum
2640 2158 2796 2209 tuum
2825 2154 3112 2223 adorabis;
3141 2164 3192 2211 el
3219 2157 3310 2212 illi
3337 2159 3448 2213 soli
3472 2162 3677 2216 servies
3693 2161 3757 2216 ⁷³.

2109 2248 2474 2317 Quapropter
2501 2244 2690 2314 magis
2725 2244 3029 2314 magisque
3072 2245 3395 2315 versipellis
3426 2248 3537 2303 iste
3563 2249 3760 2322 despi-

2109 2337 2296 2390 ciatur
2327 2351 2359 2389 a
2389 2333 2576 2388 nobis.
2611 2332 2770 2396 Quod
2803 2332 2960 2387 enim
3004 2331 3086 2387 illi
3118 2333 3239 2388 haec
3277 2337 3560 2392 Dominus
3591 2339 3756 2406 dixit,

2108 2425 2162 2478 id
2199 2423 2384 2478 nostri
2419 2438 2597 2477 causa
2660 2423 2874 2475 factum
2906 2427 3013 2488 est,
3067 2428 3130 2476 ut
3189 2423 3294 2478 has
3327 2441 3494 2481 voces
3526 2444 3558 2482 a
3591 2428 3761 2483 nobis

2109 2514 2247 2568 item
2280 2511 2586 2566 audientes
2617 2511 2914 2566 daemones
2972 2516 3329 2584 avertantur,
3361 2520 3600 2587 propter
3650 2518 3762 2573 Do-

2111 2603 2339 2658 minum
2371 2600 2473 2671 qui
2503 2615 2601 2655 eos
2632 2598 2778 2670 ipsis
2803 2600 3146 2671 increpavit.

346 2699 509 2750 τοῦτο
547 2695 678 2770 ὑπὲρ
709 2698 868 2767 ἡμῶν
902 2694 1221 2765 πεποίηκεν*
1249 2692 1341 2748 τίνα
1369 2695 1455 2749 καὶ
1490 2696 1616 2770 παρ’
1646 2696 1806 2766 ἡμῶν
1840 2693 2128 2754 ἀκούοντες
2159 2691 2212 2745 o't
2243 2687 2494 2762 δαίμονες
2543 2687 2637 2750 τὰς
2689 2688 2942 2749 τοιαύτας
2991 2688 3172 2764 φωνὰς
3222 2689 3622 2764 ἀνατρέπωνται
3673 2690 3761 2749 διὰ

345 2783 437 2838 τὸν
471 2785 696 2858 Κύριον,
729 2785 820 2838 τὸν
853 2782 906 2838 ἐν
933 2783 1152 2846 ταύταις
1186 2783 1368 2845 αὐτοῖς
1396 2783 1809 2856 ἐπιτιμήσαντα.

422 2874 510 2928 38.
544 2871 618 2926 Ού
651 2869 733 2927 δεῖ
770 2869 827 2926 δὲ
875 2871 963 2926 ἐπὶ
1013 2877 1092 2944 τῷ
1150 2869 1409 2945 δαίμονας
1463 2867 1751 2927 ἐκϐάλλειν
1799 2875 2004 2945 καυχᾶ-

353 2962 496 3027 σθαι,
531 2957 646 3015 οὐδ’
685 2959 772 3014 ἐπὶ
819 2965 939 3022 ταῖς
989 2961 1293 3034 θεραπείαις
1341 2959 1670 3036 ἐπαίρεσθαι·
1727 2956 1854 3014 οὐδὲ
1908 2958 1998 3012 τὸν

356 3048 451 3122 μὲν
505 3044 841 3104 ἐκϐάλλοντα
900 3045 1154 3121 δαιμόνια
1224 3051 1514 3122 θαυμάζειν
1593 3049 1757 3122 μόνον
1801 3048 1892 3102 τὸν
1943 3044 2001 3101 δὲ

355 3138 431 3210 μὴ
466 3132 804 3192 ἐκϐάλλοντα
860 3135 1174 3210 ἐξουθενεῖνο
1237 3137 1460 3192 ἑκάστου
1520 3135 1577 3192 δὲ
1621 3138 1720 3206 τήν
1771 3134 1995 3206 ἄσκησιν

352 3225 805 3298 καταμανθανέτω
847 3247 952 3298 τις⁷
1003 3225 1094 3280 καὶ
1151 3226 1186 3294 ἢ
1251 3226 1522 3299 μιμείσθω
1579 3226 1667 3280 καὶ
1722 3224 1994 3297 ζηλούτω,

2181 2868 2267 2923 38.
2301 2868 2502 2938 Neque
2534 2883 2704 2938 porro
2757 2867 2922 2922 decet
2975 2867 3395 2938 ejiciendorum
3429 2871 3759 2930 daemonum

2108 2959 2322 3014 virtute
2351 2955 2614 3028 gloriari,
2644 2972 2834 3026 neque
2865 2957 2935 3011 de
2971 2958 3310 3014 morborum
3355 2962 3760 3020 curationibus

2108 3045 2344 3113 extolli;
2379 3062 2484 3101 nec
2515 3061 2652 3101 eum
2683 3045 2785 3116 qui
2818 3045 3102 3101 daemonia
3130 3047 3287 3116 ejicit
3316 3050 3758 3120 admirari,curn

2109 3137 2210 3208 qui
2242 3151 2356 3190 non
2387 3135 2543 3206 ejicit
2590 3134 2911 3206 despicere,
2945 3136 3046 3190 sed
3079 3135 3449 3208 singulorum
3481 3143 3762 3198 exercita-

2105 3225 2325 3279 tionem
2357 3223 2550 3295 quivis
2581 3223 2890 3294 ediscat,et
2905 3223 2993 3278 vel
3019 3224 3284 3281 imitetur
3315 3227 3764 3302 aemuleturque.

355 3315 390 3383 ἢ
424 3317 535 3388 (31)
571 3311 929 3390 διορθούσθω.
962 3315 1038 3371 Τὸ
1068 3315 1168 3391 γάρ
1201 3321 1378 3370 ποιεῖν
1426 3321 1627 3389 σημεῖα
1675 3314 1783 3390 οὐχ
1812 3317 1995 3387 ἡμῶν·

2118 3313 2199 3368 vel
2231 3313 2503 3385 corrigat.
2538 3312 2684 3368 Nam
2715 3313 2886 3384 signa
2934 3315 3143 3385 facere,
3175 3332 3290 3370 non
3336 3322 3626 3387 nostrum,
3661 3322 3762 3374 sed

353 3407 516 3458 τοῦτο
549 3406 806 3480 Σωτῆρος
853 3405 966 3477 (32)
998 3399 1151 3480 ἔργον
1204 3403 1336 3459 ἐστί’
1385 3409 1504 3466 τοῖς
1547 3408 1678 3479 γοῦν
1729 3407 1997 3476 μαθηταῖς

354 3490 507 3568 ἔλεγε
541 3514 552 3526 ο
631 3493 724 3561 Μὴ
783 3491 1046 3567 χαίρετε,
1109 3493 1190 3546 δτι
1250 3493 1318 3547 τὰ
1371 3489 1627 3565 δαιμόνια
1682 3491 1810 3565 ὑμῖν
1867 3492 2000 3545 ὑπο-

349 3579 640 3635 τάσσεται·
722 3578 848 3635 ἀλλ’
921 3579 1007 3634 ὅτι
1081 3581 1148 3636 τὰ
1200 3581 1440 3655 ὀνόματα
1499 3582 1652 3654 ὑμῶν
1705 3579 2000 3656 γέγραπται

353 3667 407 3723 ἐν
456 3675 572 3731 τοῖς
625 3668 894 3745 οὐρανοῖς.
953 3670 1022 3725 Τὸ
1077 3670 1171 3743 μὶν
1205 3671 1308 3748 γὰρ
1340 3669 1392 3726 ἐν
1449 3670 1658 3744 οὐρανῷ
1707 3670 2002 3744 γεγράφθαι

2109 3401 2422 3460 Salvatoris
2472 3409 2648 3473 opus‘
2679 3407 2804 3456 est:
2861 3419 3043 3473 quare
3076 3403 3384 3476 discipulis
3429 3406 3548 3463 ait:
3582 3409 3766 3465 Nolite

2108 3491 2346 3564 gaudere
2399 3492 2531 3564 quia.
2586 3493 2821 3560 spiritus
2879 3492 3032 3547 vobis
3088 3495 3485 3565 subiiciuntur,
3533 3497 3770 3565 gaudete

2111 3585 2297 3636 autem
2327 3583 2472 3651 quod
2499 3583 2729 3636 nomine
2771 3586 2951 3636 vestra
2998 3585 3215 3653 scripta
3266 3594 3394 3640 sunt
3425 3588 3486 3640 in
3530 3588 3680 3643 cali:
3701 3589 3765 3644 ⁷³.

2113 3671 2260 3726 Nam
2292 3670 2448 3741 quod
2480 3672 2721 3727 nomina
2752 3675 2954 3726 nostra
2984 3671 3045 3728 in
3076 3672 3236 3729 caelis
3261 3674 3481 3746 scripta
3505 3677 3766 3744 sint,vir-

1761 3796 2014 3855 VEBSIO
2054 3796 2373 3852 EVAGRII.

355 3913 488 3970 cum
519 3895 759 3970 Mariam
790 3896 1200 3970 supervenisse
1232 3898 1628 3968 sentiret,quac
1664 3897 1719 3950 in
1756 3913 1921 3952 sacro
1952 3895 2172 3952 ventris
2203 3894 2459 3966 hospitio
2490 3895 2841 3952 universatis
2872 3897 3136 3968 gestabat
3164 3905 3487 3970 parentem,
3511 3903 3765 3960 exsulta-

352 3969 436 4025 vit
467 3969 716 4022 necdum
746 3973 923 4022 natus
953 3968 1012 4021 in
1045 3969 1349 4039 gaudium.

425 4041 516 4116 3].
538 4039 874 4116 _Si_n_autem
907 4039 1019 4110 (33)
1049 4036 1293 4116 incussa
1324 4039 1571 4116 formido
1603 4039 2014 4116 permanserit,
2047 4037 2235 4116 hostis
2265 4036 2499 4116 estqui
2531 4037 2794 4116 videtur:
2829 4039 3108 4116 quoniam
3169 4057 3274 4097 nec
3304 4043 3556 4116 refovere
3586 4047 3767 4116 novit,

355 4116 420 4164 ut
449 4110 680 4190 Gabriel
703 4109 1025 4190 paventem
1056 4111 1354 4190 Virginem
1381 4127 1459 4190 ne
1490 4109 1715 4190 timeat,
1738 4112 1931 4190 jubet,
1964 4116 2024 4190 et
2050 4110 2224 4165 sicuti
2257 4109 2760 4190 pastores‘nuntio
2809 4111 3093 4166 consolati
3126 4119 3265 4190 sunt
3287 4130 3300 4169 :
3321 4115 3630 4190 _quin_‘imo
3665 4109 3767 4190 pa;

350 4198 547 4265 vorem
581 4179 922 4265 duplicat,et
954 4199 1140 4265 usque
1162 4179 1232 4265 ad
1266 4183 1616 4265 profundam
1649 4179 1966 4265 impietatis
2001 4179 2353 4265 l'oveam,7ut
2381 4181 2494 4235 sibi
2525 4179 2794 4265 homines
2820 4179 3769 4265 prosternant‘ur,impellitJiiin-

351 4255 424 4308 de
456 4254 672 4308 misera
702 4254 1019 4324 gentilitas,
1051 4253 1366 4309 Dominieaa
1397 4255 1826 4309 interdictionis
1856 4253 2238 4325 ignara,t'also
2269 4253 2563 4325 daemones
2595 4254 2735 4307 deos
2757 4254 2995 4323 Opinata
3024 4263 3129 4309 est.
3166 4253 3633 4314 Christianorum
3669 4280 3770 4316 au-

354 4329 468 4402 tem
504 4323 752 4396 pepulos
781 4325 875 4402 his
906 4325 1152 4381 fallaciis
1181 4327 1393 4382 irretiri
1425 4342 1540 4380 non
1573 4342 1784 4402 passus
1816 4323 1906 4380 est
1937 4324 2341 4402 Domi‘nus,qui
2371 4323 2670 4402 diabolum
2704 4325 2762 4402 in
2814 4326 3432 4402 Evangelioaudacter
3463 4329 3575 4386 sibi
3607 4334 3769 4402 prin-

349 4397 607 4466 cipatum
642 4397 905 4451 omnium
941 4404 1388 4467 prmsumentem
1450 4398 1682 4468 repulit,
1716 4398 1949 4453 dicens:
2004 4397 2142 4452 Vade
2173 4406 2338 4464 retro,
2367 4399 2626 4468 satana,
2649 4398 2920 4465 scriptum
2948 4407 3026 4452 est
3054 4400 3202 4453 enim
3222 4419 3240 4453 :
3272 4401 3569 4458 Dominum
3599 4397 3772 4461 Deum

349 4473 506 4522 tuum
529 4468 812 4543 adorabis,
845 4469 1152 4543 etillisoli
1177 4473 1396 4524 servies.
1435 4467 1994 4524 Ho’rum'verborum
2027 4469 2200 4543 etiam
2235 4467 2406 4522 nobis
2435 4467 2670 4543 licentia
2700 4474 2789 4543 est
2833 4470 3092 4536 tributa;
3126 4472 3266 4543 quia
3295 4472 3510 4530 idcirco
3542 4475 3773 4532 locutus

350 4544 440 4594 est
463 4540 622 4604 talia,
652 4547 715 4593 ut
744 4539 1069 4594 similitudo
1101 4547 1596 4596 tentamentorum
1630 4543 1902 4595 Auctoris
1935 4541 2119 4595 nostri
2149 4541 2518 4609 frangeretur
2549 4538 2820 4609 eloquiis.

421 4611 510 4664 38.
546 4610 692 4665 Illud
724 4627 977 4681 quoque,
1005 4613 1116 4667 mei
1150 4612 1502 4678 charissimi,
1539 4613 1846 4681 admoneo,
1877 4618 1941 4666 ut
1971 4613 2099 4667 vitae
2124 4614 2314 4682 magis
2337 4613 2412 4665 sit
2441 4609 2810 4680 vobis,quam
2844 4611 3142 4678 signorum
3176 4614 3510 4672 sollicitudo
3539 4617 3768 4674 :nullus

350 4696 418 4756 ex
449 4682 613 4737 vobis
647 4683 765 4736 haec
793 4682 1030 4752 faciens,
1065 4690 1166 4738 aut
1195 4684 1318 4755 ipse
1348 4685 1625 4754 superbia
1655 4683 2029 4749 intumescat,
2063 4689 2165 4756 aut
2188 4682 2474 4756 despiciat
2501 4698 2601 4736 eos
2631 4683 2733 4752 qui
2764 4683 2952 4756 facere
3008 4701 3121 4739 non
3156 4693 3421 4756 possunt,
3455 4705 3763 4746 conversa-

350 4751 570 4833 tionem
605 4751 1174 4833 magis__scrutamini
1201 4751 1566 4827 singulorum
1594 4772 1606 4810 :
1641 4756 1698 4809 in
1730 4755 1841 4810 hac
1881 4756 1996 4826 (34)
2024 4759 2082 4833 et
2113 4751 2333 4833 imitari
2373 4771 2474 4833 vps
2507 4751 3091 4833 qnte’pcrl'ectasunt
3116 4829 3124 4833 _
3147 4751 3500 4833 convenitpet
3524 4761 3766 4833 implere

347 4839 476 4894 quae
509 4825 741 4880 desunt.
774 4825 918 4880 Nam
951 4827 1121 4898 signa
1151 4825 1338 4883 facere
1369 4845 1484 4883 non
1515 4834 1605 4882 est
1635 4833 1845 4882 nostra:
1877 4825 2204 4899 parvitatis,
2237 4826 2339 4881 sed
2403 4825 2635 4881 Domini
2667 4828 2996 4898 potestatis,
3031 4829 3128 4899 qui
3186 4831 3258 4884 ad
3291 4825 3765 4905 discipulos'glo-

417 4941 460 4976 ⁷⁸
489 4940 656 4997 Joan.
692 4959 814 5011 vm,
839 4943 929 4998 56.
1007 4945 1049 4977 ’³⁷
1080 4944 1216 5000 Luc.
1252 4946 1410 5015 1,,41.
1487 4945 1530 4979 ⁷⁸
1559 4943 1761 5000 Matth.
1798 4961 1872 5015 1v,
1903 4946 1996 5014 1οξ

2118 4948 2211 4999 rut.
2245 4959 2370 5010 xm,
2406 4943 2456 4996 4.
2532 4943 2577 4976 ⁷⁹
2609 4946 2742 4997 Luc.
2775 4959 2831 5010 x,
2861 4944 2952 4997 20.

417 5057 526 5132 (27)
561 5057 655 5112 Sic
685 5074 890 5132 omnes
924 5060 1315 5132 manuscripti
1345 5066 1403 5116 et
1433 5060 1594 5125 editi,
1628 5066 1840 5132 praeter
1868 5060 1996 5116 Col-

345 5126 642 5204 bertinum
676 5130 1038 5204 secundum,
1072 5133 1195 5204 qui
1227 5126 1423 5200 habet,
1466 5126 1834 5204 asperam.
1868 5136 1999 5188 Mox

344 5199 527 5280 idem,
557 5205 691 5280 post
721 5197 775 5253 ἐν
803 5197 1150 5274 ἀγαλλιάσει,
1185 5202 1382 5273 habet,
1410 5197 1477 5256 ’τὰ
1514 5197 1734 5280 βρέφος,
1770 5204 2001 5260 omisit-

346 5285 460 5344 que
484 5270 746 5344 Ἰωάννης
768 5270 968 5344 supra.

418 5342 530 5418 (28)
559 5344 650 5418 Sic
682 5342 1377 5418 Colbertinussecundus
1409 5346 1774 5418 solus,quem
1798 5351 1996 5402 tamen

348 5415 514 5483 sequi
546 5415 740 5470 visum
795 5425 899 5471 est.
962 5416 1074 5470 Alii
1134 5422 1190 5473 et
1239 5419 1400 5483 editi,
1435 5417 1513 5471 ὅτ’
1544 5415 1806 5471 ἅντινων.
1844 5420 2000 5472 Infra

348 5485 526 5548 idem,
556 5483 662 5538 άπὸ
690 5488 797 5539 τῶν
830 5485 1115 5542 τοιούτων.

417 5556 528 5629 (_2_9)
561 5557 656 5612 Sic
689 5557 902 5629 Regius
935 5560 1254 5627 secundus,
1301 5559 1670 5615 Colbertinus
1703 5560 2000 5617 secundus

346 5631 403 5705 et
431 5626 866 5705 Vaticanus—In
899 5631 1155 5705 editis_et
1185 5626 1356 5705 aliis,_
1387 5631 1512 5705 παρ’
1573 5629 1754 5692 αὐτοῖς
1815 5633 1998 5705 deest.

345 5700 474 5752 Mox
503 5699 724 5777 editi,_6
764 5698 979 5777 ,Κύριος
1037 5700 1098 5777 ού
1155 5698 1557 5777 συνεχώρησεν,
1615 5704 2002 5776 manuscripti

347 5784 553 5828 omnes
585 5772 729 5828 utin
755 5772 1122 5832 textu.Paulo
1152 5772 1673 5850 post'Co'lbertinus
1702 5772 2000 5835 secundus

2111 5060 2304 5132 solus,
2360 5061 2621 5132 ποιοῦντα
2679 5057 2991 5132 φαντασίαις,
3033 5056 3124 5114 *ἱνα
3156 5059 3420 5132 μειζόνως
3461 5059 3620 5118 αὐτὸν
3665 5084 3762 5118 κα-

2106 5124 2381 5204 ταπτήξῃ,
2415 5124 2857 5201 ἐπιτιμῶνάύτῷ
2890 5124 3124 5204 εἴρηκεν.

2183 5202 2420 5276 (_30)_Sic
2447 5219 2596 5276 mss.
2625 5218 2857 5276 Aomnes,
2895 5202 3102 5276 praeter
3133 5203 3380 5276 Regium
3433 5209 3760 5265 secundum

2110 5269 2208 5346 qui
2238 5269 2413 5346 habet
2443 5269 2530 5325 διὰ
2555 5274 2738 5326 τοῦτο.
2775 5275 2838 5327 In
2869 5269 3042 5330 editis
3076 5275 3195 5331 haec
3216 5269 3459 5335 desunt.

2181 5345 2292 5414 (31)
2327 5345 2472 5400 Vide
2504 5361 2681 5414 supra
2712 5361 2876 5398 num.
2909 5346 2999 5400 22.

2112 5491 2151 5538 Σ
2182 5415 2292 5499 (3ἓ)
2327 5417 2438 5471 Sic.
2473 5415 2792 5472 Colbertin°
2819 5417 3296 5474 secundus.Editi
3328 5425 3384 5476 et
3414 5421 3535 5494 alii,
3573 5424 3669 5475 τοῦ
3705 5417 3761 5476 δὲ

2159 5506 2394 5538 ωτηοος.

2159 5507 2394 5547 ωτηρος.

2206 5507 2234 5540 τ
2316 5507 2394 5541 0".

2326 5525 2419 5639 _Sfic
2451 5557 2838 5639 manuscripti
2869 5575 3093 5615 omnes.
3128 5561 3280 5639 E_dit_i
3312 5567 3529 5639 ve_ro,si
3553 5575 3759 5622 autem.

2157 5630 2292 5712 ,(34)
2327 5635 2412 5687 Ita
2443 5630 2831 5702 manuscripti
2861 5647 3086 5688 omnes.
3148 5630 3489 5708 Bollandus,
3541 5639 3603 5695 in
3660 5640 3762 5695 hac

2109 5709 2224 5759 vita
2251 5712 2305 5760 et
