4074 6392
270 438 384 500 9οι

1630 429 1817 492 νιτΑ
1861 428 1926 490 8.
1975 425 2319 491 ΑΝΊῸΝΙΙ.

3562 430 3682 496 902

271 566 519 631 ἇλθόντες
570 563 848 640 ἰκρότουν,
898 560 1197 634 ἐσύριττον,
1247 560 1554 638 ὠρχοῦντο.
1587 562 1674 622 Ὦς
1723 558 1781 615 δὲ
1818 561 1922 630 ηὐ-

2064 562 2309 633 ιιιοορὶιυ,
2341 561 2534 633 sibilo,
2567 567 2626 618 et
2654 561 3100 632 saltationibus;
3124 568 3188 619 ut
3215 580 3349 620 vero
3375 581 3539 621 orare
3570 583 3682 634 me,

271 657 484 733 χόμην,
529 655 617 709 καὶ
668 652 962 725 ἀνεκείμην
1010 650 1238 726 ψάλλων
1285 653 1401 707 κατ’
1462 648 1713 724 ἐμαυτόνο
1766 648 1921 710 εὐθὺς

270 744 503 818 ἤρξαντο
556 743 772 817 θρηνεῖν
814 740 910 796 καὶ
957 739 1199 810 κλαίειν,
1260 739 1441 816 ὥσπερ
1491 739 1921 810 ὲξατονήσαντες·

273 833 377 909 ἐγὼ
438 830 496 888 δὶ
553 828 801 901 ἐδόξαζον
861 829 952 884 τὸν
1018 829 1215 906 Κύριον
1277 832 1385 900 (42)
1420 872 1433 897 ,
1489 828 1581 883 τὸν
1630 824 1925 892 καθελόντα

271 923 363 979 καὶ
394 918 962 997 παραδειγματίσαντα
1009 920 1109 989 τὴν
1164 916 1375 992 τόλμαν
1432 918 1523 973 καὶ
1578 918 1678 987 τὴν
1729 916 1921 990 μανίαν

272 1011 472 1069 αὐτῶν.

345 1103 432 1157 40.
467 1100 672 1177 Ἐφάνη
705 1097 839 1153 ποτε
870 1095 1083 1170 δαίμων
1127 1095 1340 1170 ὑψηλὸς
1391 1093 1512 1150 λίαν
1568 1095 1702 1170 μετά
1730 1114 1923 1172 φαντα-

273 1210 411 1257 σιας,
463 1187 553 1244 καὶ
596 1184 936 1259 τετόλμηκεν
989 1184 1192 1240 εἷπεῖψ
1246 1185 1392 1260 Ἐγὼ
1448 1181 1562 1257 εἶμι
1613 1185 1648 1253 ἠ
1701 1181 1927 1256 δύναμις

267 1284 363 1336 τοῦ
394 1282 548 1334 Θεοῦ’
609 1277 722 1345 καὶ,
760 1276 906 1351 Ἐγώ
963 1275 1079 1349 εἷ’μι
1135 1278 1171 1345 ἡ
1221 1275 1469 1353 πρόνοια·
1518 1274 1571 1329 τί
1624 1294 1707 1328 σοι
1755 1271 1928 1335 θέλεις

271 1366 596 1445 χαρίσωμαι
657 1368 822 1440 (43);
868 1363 1010 1440 Ἐγὼ
1069 1360 1128 1418 δὲ
1177 1365 1302 1419 τότε
1363 1361 1574 1437 μᾶλλον
1631 1360 1930 1440 ἐνεφύσησα

275 1458 393 1512 κατ’
419 1456 605 1526 αὐτοῦ,
654 1453 745 1508 τὸν
801 1453 1027 1529 Χριστὸν
1079 1451 1372 1525 ὀνομάσας,
1403 1451 1494 1506 καὶ
1546 1450 1710 1525 τύψαι
1738 1454 1927 1505 τοῦτον

278 1544 639 1622 ἒπεχείρησα·
697 1542 787 1599 καὶ
838 1538 992 1613 ἔδοξα
1035 1542 1339 1619 τετυφέναι,
1388 1541 1479 1596 καὶ
1528 1541 1686 1603 εὐθὺς
1735 1541 1763 1595 6
1809 1562 1875 1610 τη
1910 1573 1932 1583 -

277 1637 530 1697 λικοῦτος
558 1631 650 1688 σὺν
704 1636 833 1687 πᾶσι
882 1636 999 1693 τοῖς
1052 1632 1244 1686 ἑαυτοῦ
1299 1626 1521 1704 δαίμοσι
1570 1628 1839 1708 ἠφανίσθη
1878 1628 1930 1684 ἐν

273 1730 352 1798 τῷ
384 1710 737 1797 ὀνόματιτοῦ
769 1721 1027 1795 Χριστοῦ.
1056 1718 1228 1775 Ἥλθὲ
1252 1739 1383 1774 ποτε
1415 1720 1529 1793 (44)
1576 1718 1932 1789 νηστεύοντός

280 1835 407 1889 μου,
440 1812 530 1868 καὶ
562 1812 637 1876 ὡς
670 1810 911 1885 μοναχὸς
944 1810 972 1864 6
1005 1807 1216 1881 δόλιος,
1239 1804 1383 1885 ἔχων
1408 1806 1585 1883 ἄρτων
1618 1808 1928 1887 φαντασίαν·

276 1903 367 1958 καὶ
401 1894 762 1955 συνεϐούλευε
807 1896 1003 1974 λέγων·
1051 1897 1218 1972 Φάγε,
1273 1897 1364 1950 καὶ
1411 1900 1612 1952 παῦσαι
1662 1901 1769 1952 τῶν
1801 1895 1935 1951 πολ·
1963 1934 2012 1999 Β

283 1990 395 2046 λῶν
428 1989 632 2045 πόνων·
668 1986 949 2063 ἅνθρωπος
979 1987 1028 2041 εἷ
1054 1985 1145 2041 καὶ
1177 1984 1261 2056 σὺ,
1288 1985 1379 2041 καὶ
1414 1984 1638 2059 μέλλεις
1668 1985 1927 2040 ἀσθενεῖν.

287 2080 429 2156 Ἐγὼ
462 2076 539 2146 δὲ,
586 2079 787 2148 νοήσας
836 2075 1002 2132 αὐτοῦ
1048 2076 1147 2143 τὴν
1207 2071 1487 2147 μεθοδείαν
1537 2076 1669 2147 (45),
1711 2073 1934 2144 ἀνέστην

286 2166 558 2240 εὔξασθαι.
618 2166 869 2228 Κάκεῖνος
926 2163 1026 2219 οὐκ
1075 2163 1322 2239 ἤνεγκεν*
1378 2161 1589 2234 ἐξέλιπε
1637 2164 1739 2238 γὰρ
1778 2209 1792 2235 ,
1848 2162 1937 2217 καὶ

292 2255 382 2313 διὰ
409 2264 508 2326 τῆς
542 2255 704 2333 θύρας
737 2255 811 2318 ὡς
861 2254 1062 2315 καπνὸς
1111 2252 1465 2328 ἐξερχόμενος
1523 2251 1713 2330 ἐφάνη.
1759 2253 1938 2307 ﬂocci-

287 2365 371 2406 κις
402 2343 453 2399 ἐν
479 2346 549 2417 τῇ
582 2341 776 2417 ἐρήμῳ
834 2340 1120 2416 φαντασίαν
1169 2337 1333 2411 ἔδειξε
1377 2344 1606 2415 χρυσοῦ,
1651 2338 1743 2395 ’ίνα
1776 2340 1936 2413 μόνον

290 2433 534 2507 ἅψωμαι,
585 2433 673 2486 καὶ
730 2430 918 2506 βλέψω
945 2432 957 2486 !
988 2429 1098 2505 ἐγὼ
1147 2427 1204 2484 δὲ
1252 2427 1595 2502 κατὲψαλλον
1629 2428 1813 2497 αὐτοῦ,
1844 2430 1941 2483 κά-

288 2527 466 2585 κεῖνος
491 2521 739 2592 ἐτήκετο.
798 2517 1079 2581 Πολλάκις
1127 2511 1354 2573 ἔκοπτόν
1387 2539 1452 2591 με
1496 2516 1759 2594 πληγαῖς,
1789 2518 1942 2594 κάγὼ

293 2610 502 2688 ἔλεγον·
537 2606 708 2668 Οὐδὲν
755 2629 822 2682 με
870 2607 1097 2684 χωρίσει
1142 2606 1249 2661 ἀπὸ
1294 2609 1391 2676 τῆς
1442 2607 1655 2684 ἀγάπης
1680 2612 1777 2663 τοῦ
1807 2609 1945 2681 Χρι-

296 2704 444 2756 στοῦ·
476 2699 563 2753 καὶ
601 2697 813 2771 μᾶλλον
865 2697 1021 2753 αὐτοὶ
1078 2697 1212 2769 μετὰ
1259 2700 1427 2751 ταῦτα
1472 2695 1799 2752 κατέκοπτον
1840 2695 1944 2752 ἀλ-

299 2789 531 2859 λήλους.
559 2785 670 2842 Ούκ
699 2786 804 2863 ἐγὼ
836 2783 894 2842 δὲ
936 2783 971 2855 ἤ
983 2806 1088 2859 μην
1123 2786 1151 2840 6
1181 2784 1368 2840 παύων
1413 2783 1648 2847 ἐκείνους
1696 2784 1786 2839 καὶ
1818 2805 1945 2841 κατ-

302 2881 504 2953 αργῶν·
557 2873 680 2931 ἀλλ’
734 2877 762 2930 6
807 2873 1005 2951 Κύριος
1060 2874 1148 2945 ἦν,
1202 2874 1231 2928 6
1281 2873 1475 2949 λέγων’
1509 2875 1809 2945 Ἐθεώρουν
1853 2875 1945 2929 τὸν

307 2969 543 3021 Σατανᾶν
605 2964 679 3026 ὡς
719 2964 995 3038 ἀστραπὴν
1036 3020 1041 3025 ,
1076 2961 1136 3018 ἐκ
1209 2966 1306 3017 τοῦ
1383 2961 1613 3039 οὐρα.νοῦ
1669 2963 1900 3018 πεσόντα
1935 3008 1947 3021 .

305 3054 447 3132 Ἐγὼ
476 3051 554 3121 δὲ,
586 3052 768 3123 τέκνα,
805 3049 1160 3125 μνημονεύων
1210 3055 1307 3105 τοῦ
1357 3050 1725 3107 ἀποστολικοῦ
1758 3051 1950 3129 ῥητοῦ,

310 3142 757 3217 μετεσχημάτισα
805 3144 973 3195 ταῦτα
1020 3139 1096 3200 εἷς
1147 3137 1401 3213 ἐμαυτὸν,
1456 3137 1549 3194 ’ίνα
1606 3140 1813 3213 μάθητε
1873 3141 1949 3214 μή

305 3232 547 3287 ἐκκακεῖν
580 3229 631 3285 ἐν
662 3233 731 3304 τῇ
763 3230 1006 3300 ἀσκήσει,
1045 3226 1184 3303 μηδὲ
1236 3223 1516 3306 φοϐεῖσθαι
1549 3233 1644 3284 τοῦ
1689 3223 1951 3284 διαϐόλου

307 3322 397 3377 καὶ
428 3324 536 3375 τῶν
570 3316 844 3392 δαιμόνων
877 3317 1041 3373 αὐτοῦ
1069 3318 1163 3379 τὰς
1193 3316 1501 3395 φαντασίας.

2034 654 2207 721 atque
2237 651 2683 707 decumbentem
2717 653 2874 723 apud
2907 652 3201 724 meipsum
3253 653 3499 725 psallere
3547 671 3686 711 con-

2033 746 2597 812 spexerunt,ccspere
2627 740 2828 796 statim
2859 739 3166 798 lamentari
3187 759 3252 798 ac
3269 743 3407 799 flere
3439 745 3606 816 quasi
3629 760 3689 800 se

2032 826 2183 882 vires
2213 827 2563 884 defecissent
2597 846 2609 884 :
2643 844 2749 901 ego
2779 846 2911 884 vero
2937 828 3182 901 gloriam
3218 830 3460 889 Domino
3491 834 3688 901 retuli,

2034 916 2134 987 qui
2165 916 2471 973 audaciam
2508 916 2883 989 furoremque
2914 917 3151 974 illorum
3201 921 3554 993 retunderet,
3603 930 3690 978 at-

2034 1020 2147 1076 que
2179 1006 2538 1061 traduceret.

2106 1094 2194 1149 40.
2226 1094 2556 1166 Aliquando
2588 1094 2732 1151 mihi
2783 1097 3104 1154 admodum
3148 1097 3412 1156 excelsus
3461 1101 3689 1157 daemon
3780 1157 3797 1171 ,

2037 1199 2170 1237 cum
2222 1183 2537 1255 phantasia
2582 1183 2767 1255 visus,
2813 1186 3005 1242 dicere
3035 1203 3218 1243 ausus
3245 1193 3335 1244 est
3366 1205 3378 1243 :
3414 1190 3530 1262 Ego
3557 1207 3691 1246 sum

2036 1271 2223 1328 virtus
2258 1272 2395 1341 Dei;
2444 1289 2551 1346 ego
2608 1289 2743 1329 sum
2804 1274 3214 1347 providentia:
3248 1278 3388 1349 quid
3447 1279 3550 1335 tibi
3607 1279 3696 1336 vis

2039 1360 2307 1417 beneﬁcii
2336 1361 2666 1417 conferam?
2697 1366 2764 1418 At
2793 1379 2900 1436 ego
2930 1367 3054 1419 tum
3090 1366 3280 1438 magis
3308 1366 3369 1423 in
3400 1367 3568 1423 illum
3601 1368 3696 1424 in-

2040 1449 2298 1520 sufflavi,
2333 1450 2557 1522 prolato
2588 1451 2802 1507 Christi
2853 1454 3114 1519 nomine,
3166 1460 3343 1527 atque
3393 1459 3699 1514 verberare

2041 1544 2289 1595 conatus
2310 1557 2465 1610 sum,
2501 1557 2567 1595 ac
2587 1541 2781 1613 reipsa
2806 1543 3146 1598 verberasse
3166 1545 3361 1600 visum
3385 1545 3531 1600 mihi
3562 1551 3652 1602 est
3682 1563 3695 1603 :

2042 1627 2363 1701 statimque
2395 1627 2494 1685 ille
2523 1632 2747 1700 tantus,
2780 1646 2914 1686 cum
2947 1631 3223 1687 omnibus
3253 1633 3380 1690 suis
3417 1634 3700 1691 daemoni-

2043 1717 2179 1787 bus,
2211 1717 2272 1773 in
2315 1717 2552 1774 nomine
2601 1718 2816 1775 Christi
2864 1720 3120 1776 evanuit.
3168 1720 3333 1777 Venit
3384 1721 3700 1795 aliquando

2046 1823 2137 1863 me
2163 1807 2494 1878 jejunante,
2524 1807 2796 1864 monachi
2821 1809 3077 1880 speciem
3102 1809 3327 1867 habens
3360 1828 3373 1866 :
3407 1828 3702 1885 panesque

2045 1900 2111 1951 ut
2129 1894 2439 1952 videbatur
2458 1897 2982 1968 tenens,suadebat
3001 1896 3204 1955 dicens
3238 1916 3251 1956 :
3287 1900 3554 1972 Comede,
3570 1906 3699 1958 tan-

2044 1989 2357 2057 torumque
2388 1985 2659 2041 laborum
2689 1987 2865 2042 tinem
2901 1987 3072 2043 facito
3107 2006 3120 2043 :
3154 2005 3289 2044 nam
3321 1990 3477 2045 060
3526 1990 3700 2047 homo

2045 2079 2107 2129 tu
2142 2090 2378 2146 quoque
2406 2091 2489 2143 es,
2525 2073 2976 2148 periculumque
3006 2093 3078 2132 ne
3106 2083 3371 2150 aegrotes.
3403 2078 3704 2136 Intellecta

2046 2179 2152 2235 ego
2182 2162 2340 2218 illius
2370 2163 2618 2234 vafritie,
2651 2164 2874 2219 surrexi
2905 2170 3179 2223 oraturus
3204 2184 3224 2221 :
3255 2167 3406 2239 quod
3440 2166 3537 2223 ille
3587 2184 3703 2225 non

2050 2250 2205 2321 tulit,
2257 2251 2493 2307 evanuit
2542 2251 2722 2321 enim,
2772 2268 2838 2307 ac
2890 2270 2991 2324 per
3027 2254 3271 2324 januam
3304 2257 3474 2327 quasi
3502 2257 3705 2312 fumus

2048 2340 2245 2411 egredi
2274 2340 2437 2395 visus
2464 2346 2570 2396 est.
2604 2339 2838 2404 Quoties
2884 2341 3011 2397 auri
3062 2342 3317 2414 speciem
3369 2345 3428 2399 in
3477 2346 3706 2402 deserto

2049 2428 2280 2500 objecit,
2334 2433 2398 2484 ut
2445 2428 2531 2484 vel
2560 2429 2751 2485 solum
2782 2434 3083 2502 tangerem
3113 2436 3289 2503 atque
3319 2434 3705 2506 respicereml

2051 2534 2155 2590 ego
2180 2534 2314 2574 vero
2336 2518 2646 2574 adversum
2673 2518 3083 2588 psallebam,et
3105 2522 3555 2579 contabescebat
3584 2523 3704 2579 ille.

2053 2607 2400 2679 Plerumque
2435 2625 2527 2663 me
2558 2608 2747 2681 plagis
2778 2608 3178 2677 conciderunt,
3213 2614 3270 2666 et
3296 2612 3526 2669 aiebam
3560 2630 3573 2668 :
3608 2613 3710 2669 Ni-

2054 2695 2134 2751 hil
2169 2713 2261 2751 me
2293 2697 2591 2767 separabit
2620 2713 2653 2750 a
2681 2694 2963 2753 charitate
2993 2698 3205 2756 Christi
3235 2701 3319 2756 ἰε
3348 2706 3592 2774 tumque
3624 2702 3710 2758 illi

2055 2800 2184 2841 sese
2216 2789 2421 2840 mutuo
2453 2785 2899 2842 caadebant.Nec
2929 2803 3088 2843 eram
3120 2804 3226 2861 ego
3256 2788 3356 2861 qui
3387 2788 3520 2845 illos
3552 2806 3711 2847 com-

2059 2890 2352 2947 pescerem
2386 2878 2561 2945 atque
2593 2889 2883 2943 arcerem;
2917 2877 3018 2931 sed
3063 2877 3349 2933 Dominus
3404 2885 3550 2945 erat,
3610 2878 3713 2950 qui

2059 2963 2179 3018 ait:
2219 2962 2480 3019 Videbam
2526 2961 2793 3017 Satanam
2849 2966 3012 3035 quasi
3062 2966 3259 3036 fulgur
3311 2966 3378 3023 de
3430 2968 3563 3023 calo
3616 2984 3714 3024 ca-

2057 3052 2274 3107 dentem
2322 3052 2386 3106 ”.
2439 3051 2553 3123 Ego
2603 3068 2761 3117 vero,
2813 3051 2999 3120 filioli,
3040 3069 3266 3110 memor
3293 3056 3595 3128 apostolici
3624 3057 3714 3111 di-

2060 3142 2136 3198 cti
2165 3141 2230 3210 δθ,
2265 3140 2385 3196 haec
2416 3140 2472 3195 in
2506 3157 2600 3196 me
2627 3141 2921 3211 transtuli,
2956 3146 3021 3197 ut
3048 3143 3325 3200 ediscatis
3356 3161 3470 3201 non
3516 3145 3716 3201 animo

2064 3231 2308 3287 deﬁcere
2341 3230 2399 3285 in
2430 3229 2681 3286 ascetica
2710 3233 3048 3303 vita,neque
3080 3233 3297 3289 diaboli
3328 3235 3577 3307 ejusque
3608 3236 3722 3290 daa-

1988 3302 2031 3369 C
2071 3336 2311 3375 menum
2341 3318 2679 3391 phantasias
2709 3302 3109 3377 reformidare.

1713 3415 1971 3474 VERSIO
2010 3416 2325 3473 EVAGRll.

309 3498 511 3557 cordia
566 3498 778 3553 Christi
844 3496 1219 3570 fugabangtur.
1281 3496 1796 3570 Quodatnautem
1844 3501 2301 3570 temporecum
2360 3497 2582 3570 ingenti
2641 3496 2769 3553 luce
2825 3498 3145 3570 venientes,
3199 3501 3470 3558 dixerunt
3502 3519 3516 3559 :
3548 3503 3723 3559 Veni-

309 3588 467 3651 mus,
498 3567 1037 3651 Antoni,_nostrum
1068 3569 1468 3651 praebere
1498 3567 1906 3651 f_ulgqrem.Et
1946 3567 2052 3642 ego
2107 3568 2327 3651 clausis
2384 3567 2590 3651 oculis,
2650 3570 2790 3651 quia
2842 3569 3034 3627 lucem
3092 3571 3308 3651 diaboli
3364 3575 3726 3647 dedignabar

312 3646 594 3714 aspicere,
649 3642 910 3714 orabam,
968 3645 1029 3697 et
1076 3640 1247 3714 dicto;
1285 3640 1459 3714 citius
1495 3640 1832 3714 impiorum
1890 3643 1905 3693 l

1915 3641 2097 3715 umen‘
2133 3641 2629 3710 exstinguebatur.
2670 3642 2800 3696 Post
2829 3658 3059 3698 menses
3087 3647 3281 3699 autem
3317 3641 3555 3715 paucos,
3587 3664 3722 3702 cum

315 3710 511 3771 coram
545 3731 637 3769 me
669 3713 1004 3785 psallerent,
1037 3716 1095 3768 et
1123 3715 1195 3768 de
1224 3710 1541 3785 Scripturis
1575 3710 1814 3767 sibimet
1856 3712 2389 3767 sermocinarentur

2449 3729 2615 3784 :_ego
2670 3721 2937 3784 tanquam
2989 3716 3188 3770 surdus
3238 3731 3347 3771 non
3403 3717 3725 3776 audiebam.

314 3782 768 3842 Commovet-unt
826 3783 1138 3862 aliquando
1190 3783 1617 3862 monasterium
1654 3799 1897 3862 _mrum,
1957 3788 2018 3862 et
2064 3799 2169 3862 ego
2231 3786 2449 3862 mente__
2480 3782 3125 3862 immobili'Dominum
3157 3786 3530 3862 deprecabar.
3565 3790 3728 3862 Saepe

317 3858 619 3930 strepitus,
654 3873 806 3927 saepe
837 3853 1200 3924 saltationes,
1234 3871 1386 3926 saepe
1416 3854 1621 3910 sibilos
1654 3854 2047 3927 ingesserunt,
2081 3853 2138 3910 et
2168 3870 2261 3909 me
2305 3853 2612 3926 psallente,
2664 3872 2846 3912 sonus
2902 3873 3105 3913 eorum
3160 3853 3252 3914 in'
3281 3876 3449 3915 voces
3505 3853 3731 3918 ﬂebiles

316 3933 667 3986 vertebatur.

392 4002 479 4074 40.
516 3998 857 4067 Creditisne,
892 3997 1079 4074 filioli,
1115 3999 1270 4074 quod
1304 3998 1569 4052 dicturus
1600 4013 1733 4074 sum
1765 3996 1978 4052 vobis?
2007 3995 2802 4074 vidi_aliquando_diabolum
2848 3997 3141 4074 excelsum
3199 4017 3460 4074 corpore,
3514 4002 3613 4072 qui
3670 4019 3733 4059 se

319 4072 422 4129 Dei
452 4073 728 4127 virtutem
760 4077 817 4125 et
849 4070 1274 4142 providentiam
1310 4086 1486 4142 ausus
1518 4074 1607 4142 est
1637 4069 1849 4139 dicere,
1883 4073 1938 4142 et
1970 4069 2049 4122 ait
2080 4069 2149 4123 ad
2186 4085 2278 4123 me
2312 4086 2325 4123 :
2355 4068 2502 4142 Quid
2534 4069 2623 4122 vis
2651 4075 2714 4123 ut
2742 4086 2899 4142 ame
2929 4071 3034 4125 tibi
3066 4068 3335 4140 donetur,
3371 4068 3631 4130 Antoni?
3661 4078 3735 4131 At

320 4161 427 4217 ego
456 4140 1185 4217 sputaculum'maaimum
1219 4141 1334 4212 (46)
1360 4143 1419 4196 in
1453 4157 1519 4195 os
1547 4141 1678 4217 ejus
1708 4140 2101 4217 ingeminans,
2133 4146 2321 4195 totum
2354 4140 2695 4217 me_in_eum
2718 4140 2958 4217 _Christ_i
3017 4144 3279 4217 nomine”
3303 4152 3588 4217 armatus,
3645 4146 3733 4201 in-

320 4216 474 4285 gessi
527 4235 540 4271 :

594 4220 651 4271 et
697 4214 898 4269 statim
932 4212 1031 4268 ille
1064 4211 1337 4283 procerus
1368 4218 1606 4284 aspectu
1641 4211 1793 4266 inter
1822 4212 2045 4267 medias
2077 4228 2288 4267 manus
2317 4211 2614 4266 exsolevit.
2646 4212 2941 4282 Jejunanti
2976 4214 3149 4270 etiam
3186 4216 3326 4271 mihi
3358 4216 3521 4272 visus
3553 4211 3642 4273 est
3668 4225 3735 4273 ut

321 4283 669 4351 monachus,
704 4292 760 4341 et
791 4303 970 4356 panes
992 4286 1261 4360 otl‘erens,
1296 4283 1388 4340 his
1418 4283 1792 4360 sermonibus
1824 4284 2108 4360 suadebat
2138 4290 2203 4338 ut
2258 4300 2538 4360 vescerer,
2571 4290 2655 4360 .et
2701 4284 2847 4360 huic
2907 4285 3130 4360 aliquid
3186 4287 3550 4360 indulgerem
3608 4306 3731 4344 cor-

323 4358 566 4431 pusculo
619 4375 631 4413 :

686 4357 755 4413 Et
791 4353 889 4423 tu,
940 4358 1153 4432 inquit,
1189 4356 1365 4432 homo
1396 4372 1478 4432 es,
1511 4360 1569 4432 et
1597 4354 2202 4432 humanafregilitate
2234 4353 2618 4432 circumdaris
2650 4370 2663 4409 :
2699 4354 2860 4410 lat-or
2890 4353 3195 4432 paululum
3229 4353 3628 4432 conquiescat,
3664 4377 3735 4417 ne

320 4426 604 4502 aegritudo
635 4426 1100 4511 subrepatJll'ico
1134 4427 1381 4511 lui-idem
1418 4426 1944 4511 faciemserpentis
1976 4426 2429 4511 agnovi,et.cum
2465 4426 2536 4481 ad
2568 4433 2848 4511 consueta
2879 4426 3099 4511 Christi
3129 4426 3501 4511 mupimenta
3529 4436 3736 4489 conl‘u-

324 4499 831 4580 gerem,tun.quam
867 4517 968 4580 per
993 4502 1310 4580 fenestram
1346 4499 1545 4580 fumus
1577 4499 2298 4580 laberetu.r,evanuit.Auri
2330 4514 2562 4580 quoque
2591 4499 2923 4570 decipulum
2958 4500 3111 4580 mihi
3132 4503 3191 4557 in
3214 4504 3451 4580 deserto
3479 4504 3740 4580 frequen-

328 4569 415 4630 ter
442 4569 690 4649 tetendit
721 4589 733 4626 :
768 4569 922 4643 quod
954 4572 1084 4627 ideo
1115 4571 1411 4649 offerebat,
1447 4574 1512 4649 ut
1542 4575 1642 4624 aut
1668 4569 1797 4649 visu
1827 4569 2082 4649 irretiret
2120 4586 2233 4636 me,
2293 4574 2394 4649 aut
2447 4574 2622 4649 tactu;
2665 4569 3151 4649 commacularet:
3201 4578 3339 4630 Cum
3399 4569 3739 4649 vapularem

328 4653 526 4702 autem

580 4642 951 4719 (namjsgepe
990 4659 1097 4719 _me
1119 4715 1130 4719 _
1154 4659 1188 4697 a
1246 4642 1611 4719 daemonibus
1670 4642 1783 4719 (1:7)
1842 4658 1956 4719 non
1985 4643 2631 4719 denepoyerberetum)
2663 4645 2942 4698 canebam
2980 4661 2992 4700 :
3021 4643 3231 4719 Nullus
3262 4664 3356 4703 me
3385 4642 3682 4719 separabit
3709 4666 3742 4703 a

329 4712 612 4773 charitate
642 4716 853 4792 Christi
885 4712 903 4769 Ξ
937 4715 1014 4792 ad
1040 4715 1209 4792 cujus
1241 4714 1396 4769 vocis
1422 4713 1711 4792 auditum,
1742 4713 1801 4767 in
1833 4728 1896 4792 se
1918 4712 2170 4792 invicem
2205 4712 2560 4792 deiurantes,
2594 4728 2898 4792 nonAmeo,
2950 4717 3073 4792 sed
3100 4716 3333 4792 Domini
3385 4712 3740 4792 fugabantur

330 4788 599 4860 imperio,
631 4787 741 4862 qui
763 4786 843 4841 ait
870 4802 883 4840 :
919 4787 1039 4862 Vidi
1070 4783 1341 4862 satoriam
1367 4786 1531 4855 quasi
1555 4786 1749 4862 fulgur
1774 4784 2056 4862 cadentem
2084 4784 2149 4839 de
2177 4784 2326 4862 ca'lo.
2351 4783 2479 4839 Haec
2504 4801 2663 4857 ergo,
2699 4785 2884 4862 filioli,
2915 4788 3218 4862 apostolici
3252 4783 3481 4862 memor
3502 4791 3739 4862 eloquii,

333 4862 392 4916 in
424 4857 520 4916 me
548 4857 988 4923 transformavi,
1017 4862 1083 4912 ut
1112 4858 1477 4931 propositum
1510 4860 1769 4912 vestrum
1798 4872 1904 4911 nec
1937 4857 2269 4913 daemonum
2300 4860 2509 4925 terror,
2543 4872 2646 4912 nec
2679 4857 2877 4931 aliqua
2921 4857 3208 4916 lassitudo
3256 4857 3617 4919 dissolveret.

404 4959 452 4993 ει
483 4957 649 5013 Rom.
683 4972 803 5024 vm,
835 4956 925 5011 35.
1002 4954 1046 4990 ⁸⁵
1079 4955 1209 5011 Luc.
1248 4972 1305 5021 x,
1340 4954 1425 5009 18.
1501 4953 1590 5009 ⁸⁶Ι
1621 4957 1744 5010 Cor.
1779 4970 1856 5025 ιν,
1887 4955 1941 5009 6.

408 5055 526 5180 (42)
553 5055 647 5110 Sic
678 5070 884 5137 omnes
917 5069 1056 5134 mss.
1089 5051 1240 5135 Editi
1291 5069 1446 5119 vero,
1492 5049 1584 5104 τὸν
1628 5048 1780 5134 Θεόν.
1835 5051 1995 5106 Int'ra

408 5134 473 5180 .st
530 5124 668 5180 φάνη
700 5143 755 5180 ιη
790 5127 963 5180 editis
994 5130 1051 5179 et
1081 5124 1437 5180 quihusdam
1474 5140 1618 5178 mss.
1652 5122 1868 5180 lenitur
1912 5117 1992 5180 δέ.

339 5117 473 5202 post
496 5117 963 5202 _Z:cpaivn_in_editis
994 5130 1051 5179 et
1081 5117 1618 5202 quihusdammss.
1652 5122 1868 5202 legitur
1912 5117 1992 5193 δέ,

340 5194 442 5257 sed
479 5194 644 5253 deest
676 5198 734 5252 in
770 5198 942 5269 Regio
975 5194 1234 5269 secundo
1264 5201 1322 5250 et
1350 5194 1663 5269 Cplbertin.
1695 5196 1749 5269 2.

411 5271 526 5341 (43)
558 5270 775 5325 Omnes
809 5264 1217 5339 manuscripti,
1240 5264 1613 5341 χαρίσωμαι.
1666 5265 1843 5341 ῌάίιξ,
1875 5266 1997 5339 χει-

342 5333 626 5415 ρίσωμαι.-
670 5341 889 5395 [bidem
954 5333 1357 5415 ῐηειρῦβοέἱρᾘ
1386 5333 1991 5415 ρωὸθδ,ηένεφύσησα,

344 5408 557 5485 praeter
595 5411 734 5485 Reg.
771 5416 843 5485 _2,
905 5411 1002 5485 qui
1058 5408 1277 5485 habet;
1315 5408 1998 5485 tedanea._l_loescheli_us

345 5475 484 5540 item
546 5475 711 5555 legit:
766 5475 1086 5556 ἐνεφύσησα.
1134 5475 1430 5556 Editorés
1474 5475 1844 5536 'Parisienses
1880 5475 1998 5556 ἐν·

350 5556 556 5611 ἑπτυσα
589 5550 926 5622 ρόευειιυιὰι,
962 5552 1271 5610 Hoeschelli
1303 5553 1722 5623 conjecturam.
1755 5556 1821 5607 ut
1842 5550 2000 5606 vide-

355 5634 478 5710 tur,
511 5643 684 5710 quam
726 5627 810 5710 ad.
833 5627 1157 5710 marginem
1189 5624 1317 5710 ipse
1347 5623 2002 5710 notarat,.nulla_‘manu-

350 5694 552 5785 scripti
569 5698 913 5785 auctori-tate
937 5694 1123 5754 sécuti
1135 5694 1455 5785 suntquod
1468 5694 1841 5785 s‘aepiugsalbi
1862 5711 2003 5785 prae-

357 5767 578 5829 stitere.
613 5769 745 5826 Mox
775 5770 987 5842 Regius
1018 5767 1401 5825 secundus’et
1417 5767 1729 5825 Colhertin.
1756 5767 2002 5848 2,τύψαι.

2103 5050 2254 5106 Editi
2286 5067 2422 5107 vero
2460 5059 2513 5106 et
2544 5051 2663 5120 alii,
2691 5059 2960 5122 τυπτῆσαι

2175 5124 2290 5193 (44)
2319 5123 2414 5178 Sic
2443 5123 2655 5193 Regius
2684 5127 2981 5180 secundus
3013 5130 3071 5180 et
3098 5126 3409 5185 Colbertin.
3439 5129 3494 5186 2.
3531 5130 3591 5187 in
3624 5130 3744 5187 edi-

2106 5190 2191 5266 tis
2213 5202 2269 5250 et
2298 5194 2429 5250 aliis
2461 5190 2760 5266 Bélegitur
2791 5203 2926 5252 ante
2954 5216 3102 5251 ποτε.

2177 5265 2405 5344 (45)__l_ta
2433 5265 2799 5344 Colbertinus
2815 5270 3326 5344 ‘secundus,quem
3360 5271 3524 5344 sequi
3552 5274 3743 5329 visum

2106 5334 2635 5417 est:-Alii_et.ed_iti_,
2674 5334 2924 5417 μέθξξον.
2950 5345 3082 5417 μοις
3113 5334 3744 5417 omnesmanuscripti

2107 5414 2165 5464 et
2185 5408 2506 5489 liteschelu
2538 5406 2726 5485 ἐφάνη.
2761 5411 2920 5489 Edit._
2949 5413 3152 5489 Parit,
3183 5413 3478 5489 ἠφανίσθη.

2180 5479 2291 5556 (46)
2323 5479 2587 5556 Quidam'
2624 5482 3032 5556 manuscripti,
3085 5479 3248 5556 sputa
3290 5479 3748 5544 tunc'mazima.

2108 5548 2242 5617 Alii,
2272 5548 2433 5622 sputa
2458 5568 2623 5622 quam
2650 5555 2914 5610 maxime.

2183 5623 2295 5698 (47)
2320 5624 2412 5678 Sic
2444 5624 2851 5696 manuscripti,
2885 5642 3033 5698 pene
3060 5642 3285 5684 omnes.
3310 5628 3575 5687 Bolland.
3604 5646 3749 5687 com-

2114 5696 2451 5752 macularet:
2482 5709 2629 5771 saepe
2658 5696 2985 5771 quoque—me
3011 5715 3045 5755 a
3072 5697 3428 5759 daemonibus.
