4074 6376
404 411 522 472 903

953 413 1015 472 S.
1065 409 1487 472 ATHANASII
1533 411 1705 472 OPP.
1756 405 1950 470 PARS
1999 411 2043 470 l.
2076 443 2152 453 —
2188 405 2604 472 HISTORICA
2648 409 2747 473 ET
2791 413 3266 478 DOGMATICA.

3692 423 3808 486 904

477 544 567 600 41.
601 546 672 602 Et
701 544 842 617 quia
869 544 992 600 hac
1021 545 1310 599 narrando
1342 545 1531 600 factus
1559 560 1691 599 sum
1741 542 2035 614 insipiens,

2232 544 2318 597 41.
2355 542 2452 596 Καὶ
2484 541 2668 612 ἐπειδή
2701 546 2892 620 γέγονα
2937 544 3119 624 ἄφρων
3171 545 3556 624 διηγούμενος,
3593 551 3809 625 δέξασθε

403 635 562 691 istud
596 652 830 707 quoque
861 633 1126 704 accipite,
1157 637 1223 688 ut
1252 633 1363 688 tuti
1396 639 1454 688 et
1484 634 1708 705 absque
1737 632 2052 688 formidine

403 725 630 797 degatis
664 742 677 781 :
711 723 970 796 mihique
999 722 1174 777 ﬁdem
1206 722 1434 789 habete,
1455 739 1568 778 non
1601 721 1854 778 mentior
1881 722 2050 793 quip-

402 813 786 886 pe.Quoniam
817 819 1079 884 tempore
1099 810 1354 884 pulsavit
1373 812 1589 883 aliquis
1613 812 1670 866 in
1696 811 2051 867 monasterio

395 905 640 974 januam
673 917 886 957 meam.
918 901 1066 956 Tum
1099 917 1370 973 egressus
1402 901 1520 956 vidi
1549 901 1865 972 quemdam
1917 916 2050 972 pro-

401 1008 599 1047 cerum
651 1007 717 1047 ac
766 989 1012 1063 praealtae
1067 994 1326 1045 staturae.
1360 989 1708 1045 Sciscitante
1742 1005 1835 1044 me
1863 1005 1878 1045 :
1910 987 2050 1052 Quis

400 1085 465 1136 tu
497 1079 604 1136 es?
633 1080 748 1152 Ego
775 1096 931 1148 sum,
964 1077 1174 1150 inquit,
1203 1078 1469 1134 Satanas.
1485 1079 1575 1134 Me
1606 1095 1841 1134 rursum
1871 1077 2050 1133 inter-

398 1174 644 1242 rogante
677 1188 689 1225 :
725 1171 848 1235 Qua
875 1169 948 1224 de
976 1185 1150 1224 causa
1182 1167 1290 1223 hoc
1321 1169 1458 1224 ades
1488 1167 1548 1222 in
1580 1167 1706 1223 loco
1729 1168 1756 1222 ?
1787 1168 2048 1239 Respon-

398 1261 486 1316 dit
516 1259 614 1314 ille
647 1276 660 1314 :
693 1258 808 1314 Cur
838 1274 931 1314 me
960 1257 1108 1313 falso
1139 1262 1419 1313 accusant
1450 1257 1724 1313 monachi
1744 1262 1802 1312 et
1844 1271 2049 1312 omnes

397 1349 492 1404 alii
526 1347 872 1404 Christiani?
888 1351 1000 1402 Cur
1029 1363 1121 1402 me
1151 1347 1312 1402 horis
1343 1346 1594 1419 singulis
1626 1345 2048 1402 exsecrantur?

396 1439 500 1496 Cui
531 1455 638 1510 ego
670 1455 682 1494 :
715 1438 830 1494 Cur
860 1436 1145 1492 molestus
1177 1436 1294 1491 illis
1323 1438 1429 1492 es?
1459 1441 1579 1490 Non
1613 1452 1738 1507 ego,
1767 1436 1892 1505 (ειη,
1945 1435 2044 1490 sed

398 1527 486 1583 illi
516 1527 628 1599 ipsi
676 1542 806 1582 sese
853 1526 1209 1582 conturbant
1260 1541 1273 1579 :
1327 1525 1599 1580 inﬁrmus
1650 1524 1808 1579 enim
1858 1523 2045 1578 factus

397 1634 551 1674 sum.
578 1622 665 1671 An
715 1632 831 1671 non
874 1613 1143 1686 legerunt
1174 1630 1188 1668 :
1220 1614 1440 1668 Inimici
1467 1613 1783 1683 defecerunt
1809 1615 2048 1684 [ramex

393 1709 456 1762 in
485 1707 672 1776 ﬁnem,
705 1710 758 1761 et
786 1705 1034 1759 civitates
1061 1703 1384 1758 destruxisti
1411 1702 1497 1756 '7?
1527 1702 1736 1758 Nullus
1769 1701 1913 1756 mihi
1943 1718 2041 1756 su-

397 1799 590 1868 perest
620 1794 805 1860 locus,
837 1809 952 1848 non
986 1791 1190 1860 telum,
1223 1809 1339 1847 non
1400 1791 1624 1847 civitas.
1684 1790 1908 1862 Ubique
1958 1789 2042 1846 lo-

395 1865 596 1940 corum
646 1882 962 1938 Christiani
992 1881 1146 1951 ,facti
1177 1887 1336 1948 sunt,
1371 1885 1546 1951 atque
1569 1881 1806 1936 demum
1837 1895 2044 1934 mona-
2074 1865 2121 1929 B

395 1973 521 2029 chis
565 1971 785 2045 repleta
814 1975 903 2027 est
933 1971 1211 2026 solitudo.
1245 1969 1566 2025 Observent
1594 1969 1706 2040 ipsi
1739 1985 1888 2036 sese,
1940 1983 2045 2024 nec

395 2078 488 2118 me
521 2062 813 2117 immerito
843 2059 1387 2116 exsecrentur.Tum
1411 2075 1516 2131 ego
1541 2058 1766 2114 Domini
1793 2058 2042 2130 gratiam

393 2153 718 2208 admiratus
751 2167 764 2206 :
797 2152 1141 2220 Quanquam
1176 2148 1423 2204 mendax
1453 2164 1687 2219 semper
1716 2164 1798 2217 es,
1823 2146 1963 2217 dixi,
1988 2152 2045 2202 et

388 2241 690 2296 veritatem
715 2255 1019 2309 nunquam
1051 2237 1216 2303 dicis,
1251 2237 1359 2292 hoc
1382 2239 1507 2307 jam
1541 2241 1735 2292 tamen
1768 2236 1904 2292 licet
1951 2236 2040 2290 in-

385 2330 540 2385 vitus
569 2344 699 2383 vere
731 2325 930 2381 dixisti
964 2343 975 2382 :
1007 2326 1272 2381 Christus
1305 2325 1457 2380 enim
1483 2326 1720 2380 veniens
1774 2331 1829 2380 te
1879 2325 2040 2379 infir-

390 2435 552 2474 mum
596 2416 870 2482 reddidit,
922 2420 1098 2486 atque
1147 2415 1440 2484 dejectum
1487 2413 1831 2468 denudavit.
1884 2414 2030 2468 661

389 2507 603 2562 Audito
635 2505 733 2560 ille
771 2503 1090 2560 Salvatoris
1141 2503 1395 2570 nomine,
1445 2503 1831 2573 ardoremque
1879 2503 2035 2573 ejus-

390 2597 544 2652 modi
578 2611 693 2650 non
721 2594 932 2659 ferens,
967 2592 1248 2648 evanidus
1282 2593 1470 2648 factus
1501 2597 1608 2646 est.

459 2686 547 2740 42.
580 2685 634 2738 Si
667 2682 848 2754 igitur
878 2682 1003 2752 ipse
1031 2679 1302 2735 diabolus
1327 2695 1390 2735 se
1421 2680 1633 2736 fatetur
1664 2679 1810 2735 nihil
1844 2697 2035 2753 posse,

385 2773 799 2847 despiciendus
828 2786 970 2826 sane
1002 2787 1036 2824 a
1065 2769 1234 2824 nobis
1262 2775 1351 2824 est
1380 2785 1512 2824 cum
1546 2769 1643 2824 ille
1673 2775 1796 2825 tum
1828 2771 2038 2826 damo-

387 2879 491 2919 nes
521 2861 960 2933 ejus.lnimicus
991 2875 1127 2930 ergo
1159 2875 1292 2913 cum
1323 2859 1570 2914 canibus
1593 2858 2037 2929 suis,ejusmodi

389 2952 574 3007 utitur
602 2949 751 3005 dolis
787 2965 799 3003 :
835 2965 940 3003 nos
970 2962 1165 3002 antem
1198 2945 1366 3017 gnari
1397 2962 1598 3002 eorum
1650 2946 2030 3013 infirmitatis,

387 3041 548 3111 ipsos
594 3042 964 3094 contemnere
1015 3034 1296 3090 valemus.
1344 3034 1733 3100 Quamobrem
1775 3052 1847 3090 ne
1874 3035 2032 3091 laba-

387 3145 521 3183 mur
550 3131 764 3196 mente,
798 3141 870 3181 ne
900 3123 1144 3179 timendi
1176 3139 1384 3180 causas
1433 3123 1630 3178 animo
1680 3140 1982 3180 versemus
2015 3142 2029 3180 :

2161 628 2250 682 καὶ
2305 634 2465 684 τοῦτο
2522 632 2657 706 πρὸς
2885 634 3176 711 ἀσφάλειαν
3234 637 3322 691 καί
3382 635 3607 717 ἀφοϐίαν
3645 661 3658 672 ”
3719 645 3807 698 καὶ

2160 718 2477 774 πιστεύσατέ
2511 741 2625 792 μοι’
2673 721 2735 775 οὐ
2783 719 3055 795 ψεύδομαι
3103 724 3227 798 γάρ.
3262 725 3522 801 Ἐκρουσὲ
3571 733 3704 786 ποτέ
3725 753 3807 795 τις

2162 805 2212 861 ἐν
2271 807 2349 879 τῷ
2411 810 2755 884 μοναστηρίῳ
2809 813 2905 878 τὴν
2965 811 3103 883 ὶμῆν
3162 813 3344 889 θύραν
3403 817 3493 871 καὶ
3552 817 3805 895 ἐξελθὼν,

2161 895 2299 951 εἶδόν
2330 919 2450 952 τινα
2502 901 2706 973 μακρὸν
2751 899 2838 954 καὶ
2893 899 3102 974 ὑψηλὸν
3153 905 3498 980 φαινόμενον·
3536 909 3668 965 Εἶτα
3705 931 3802 964 πυ.

2159 985 2392 1058 θομὲνου
2444 1005 2570 1059 μου·
2621 989 2695 1042 Σὺ
2744 988 2826 1050 τίς
2876 988 2957 1057 ei;
2991 985 3090 1060 ἔφη
3127 993 3258 1064 (49)·
3294 994 3439 1068 Ἐγώ
3491 994 3604 1068 εἶμι
3637 1018 3666 1071 9
3698 1005 3806 1053 Σα-

2158 1081 2341 1160 τανᾶς.
2393 1076 2520 1129 Εἶτα
2567 1074 2820 1152 λέγοντός
2875 1095 3020 1148 μου·
3070 1079 3134 1134 Τί
3179 1078 3270 1134 οὖν
3323 1080 3546 1138 ἐνταῦθα
3593 1087 3802 1160 πάρεις

2159 1159 2341 1238 ἔλεγεν
2370 1163 2592 1227 ἐκεῖνος·
2629 1165 2698 1221 Τί
2750 1164 3055 1243 μέμφονταί
3108 1189 3174 1240 με
3224 1167 3398 1240 μάτην
3442 1172 3495 1225 οἱ
3543 1159 3806 1249 μοναχοέ,

2156 1253 2244 1306 καὶ
2279 1254 2328 1307 οἱ
2360 1252 2521 1308 ἄλλοι
2571 1253 2764 1316 πάντες
2803 1256 3117 1328 Χριστιανοί
3151 1276 3163 1325 ;
3199 1257 3266 1315 Τί
3319 1280 3413 1332 μοι
3464 1267 3802 1338 καταρῶνται

2156 1343 2274 1405 καθ’
2305 1342 2447 1416 ὥραν
2484 1361 2497 1410 ;
2528 1345 2698 1415 Ἐμοῦ
2747 1341 2804 1397 δὲ
2861 1344 3128 1407 εἰπόντος·
3189 1347 3256 1402 Τί
3316 1349 3419 1423 γὰρ
3478 1349 3665 1413 αὐτοῖς
3722 1352 3804 1406 ἐν·

2156 1436 2347 1506 οχΑεῖς
2384 1450 2396 1500 ;
2429 1427 2551 1507 ἔφη·
2588 1430 2701 1488 Οὐκ
2749 1431 2862 1505 εἷμί
2913 1433 3018 1509 ἐγὼ
3047 1436 3074 1488 ὁ
3123 1433 3371 1510 ἐνοχλῶν
3423 1436 3628 1507 αὐτοῖς,
3680 1439 3806 1496 ἀλλ’

2155 1519 2305 1574 αὐτοὶ
2355 1521 2702 1593 ταράττουσιν
2755 1523 2996 1584 ἑαυτούς·
3047 1522 3152 1597 ἐγὼ
3182 1526 3281 1600 γὰρ
3332 1527 3562 1596 ἀσθενὴς
3589 1527 3801 1604 γέγονα.

2155 1607 2268 1665 Οὐκ
2319 1607 2614 1684 ἀνέγνωσαν
2651 1653 2664 1679 ,
2719 1609 2801 1664 ὅτι
2852 1617 2956 1666 Του
3004 1611 3205 1688 ἐχθροῦ
3255 1613 3501 1684 ἐξέλιπον
3553 1618 3606 1671 αἱ
3666 1618 3802 1693 ῥομ-

2155 1704 2305 1772 φαῖαι
2381 1697 2456 1759 εἰς
2523 1697 2726 1765 τέλος,
2789 1701 2875 1754 καὶ
2935 1698 3127 1763 πόλεις
3188 1701 3432 1766 καθεῖλες
3494 1724 3508 1773 ;
3569 1705 3668 1760 οὐκ
3723 1705 3801 1764 ἔτι

2152 1787 2316 1840 τόπον
2350 1785 2486 1861 ἔχω,
2520 1785 2582 1841 οὐ
2617 1786 2800 1863 βὲλος,
2835 1789 2896 1844 οὗ
2926 1789 3111 1848 πόλιν.
3148 1796 3435 1868 Πανταχοῦ
3481 1795 3796 1871 Χριστιανοὶ

2150 1876 2421 1952 γεγόνασι·
2457 1874 2650 1931 λοιπὸν
2682 1877 2772 1932 καὶ
2805 1881 2838 1948 ἡ
2872 1876 3078 1954 ἕρημος
3110 1879 3469 1957 πεπλήρωται
3513 1889 3798 1960 μοναχῶν.

2153 1967 2407 2028 Ἑαυτοὺς
2454 1967 2810 2043 τηρείτωσαν,
2866 1970 2954 2024 καὶ
3003 1971 3076 2043 μὴ
3128 1972 3302 2043 μάτην
3353 1994 3418 2047 με
3447 1975 3798 2052 καταράσθω-

2153 2077 2264 2110 σαν.
2298 2057 2427 2109 Τότε
2458 2055 2734 2128 θαυμάσας
2766 2056 2876 2131 ὶγὼ
2905 2063 3002 2112 τοῦ
3038 2059 3234 2133 Κυρίου
3266 2061 3368 2129 τὴν
3414 2064 3599 2137 χάριν,
3649 2064 3796 2118 εἶπον

2152 2146 2288 2218 πρὸς
2331 2145 2512 2199 αὐτόν’
2569 2145 2674 2200 Ἀεὶ
2724 2145 2957 2218 ψεύστης
3008 2146 3104 2219 ὢν,
3157 2149 3246 2203 καὶ
3299 2147 3572 2224 μηδέποτε
3619 2150 3799 2228 λέγων

2153 2231 2434 2332 dimensi,
2485 2233 2636 2332 ὅμως
2683 2239 2843 2289 τοῦτο
2892 2240 3004 2302 νῦν,
3057 2237 3145 2290 καὶ
3205 2239 3280 2310 μὴ
3331 2237 3526 2307 θέλων,
3574 2236 3796 2314 εἴρηκας

2149 2320 2373 2392 ἀληθὲς·
2407 2323 2434 2375 ὁ
2467 2323 2568 2396 γὰρ
2611 2324 2858 2395 Χριστὸς,
2913 2323 3107 2394 ἐλθὼν,
3157 2327 3351 2396 ἀσθενῆ
3404 2349 3462 2382 σε
3508 2329 3796 2402 πεποίηκε,

2149 2412 2238 2465 καὶ
2267 2406 2587 2465 καταϐαλὼν
2642 2410 2966 2486 ἐγύμνωσεν.
3020 2416 3279 2487 Ἐκεῖνος,
3326 2416 3558 2479 ἀκούσας
3600 2419 3661 2473 τὸ
3697 2423 3796 2474 τοῦ

2152 2507 2411 2574 Σωτῆρος
2441 2495 2633 2572 ὄνομα,
2668 2500 2756 2555 καί
2813 2503 2888 2575 μὴ
2921 2503 3096 2581 φέρων
3127 2505 3226 2574 τήν
3260 2504 3318 2559 ἐκ
3354 2504 3550 2561 τούτου
3579 2513 3792 2578 καῦσιν,

2148 2590 2280 2666 άφαν
2289 2591 2354 2658 ἧς
2386 2589 2601 2664 γέγονεν
2613 2630 2624 2643 .

2219 2683 2304 2734 42.
2341 2679 2404 2734 Ei
2433 2678 2610 2733 τοίνυν
2639 2679 2728 2733 καὶ
2761 2678 2920 2741 αὐτὸς
2953 2681 2980 2735 ὁ
3012 2677 3269 2744 διάϐολος
3298 2681 3568 2760 ὁμολογεῖ
3619 2683 3788 2758 μηδὲν

2147 2762 2422 2834 δύνασθαι,
2458 2765 2750 2843 ὀφείλομεν
2801 2769 3078 2830 παντελῶς
3132 2776 3489 2845 καταφρονεῖν
3539 2773 3706 2827 αὐτοῦ
3734 2795 3794 2829 τε

2146 2855 2378 2910 καὶτῶν
2441 2852 2710 2928 δαιμόνων
2766 2856 2952 2916 αὐτοῦ.
3000 2858 3057 2911 Ὀ
3117 2859 3211 2931 μὲν
3269 2859 3358 2913 οὗν
3406 2857 3603 2935 ἐχθρὸς
3658 2862 3795 2933 μετὰ

2142 2949 2250 2999 τῶν
2312 2945 2502 2998 ἑαυτοῦ
2550 2949 2723 2999 κυνῶν
2777 2946 3039 3008 τοσαύτας
3118 2943 3235 3022 ἔχει
3289 2948 3385 3010 τὰς
3437 2949 3792 3025 πανουργίας·

2144 3035 2307 3105 ἡμεῖς
2359 3031 2435 3100 δὲ,
2496 3035 2757 3106 μαθόντες
2801 3033 2976 3089 αὐτῶν
3029 3035 3128 3104 τὴν
3177 3035 3476 3105 ἀσθένειαν,
3526 3059 3798 3117 καταφρο-

2141 3128 2247 3177 νεῖν
2279 3123 2456 3176 αύτῶν
2492 3120 2779 3195 δυνάμεθα.
2810 3129 3008 3177 Τοῦτον
3037 3122 3129 3178 οὖν
3161 3126 3251 3179 τὸν
3281 3125 3480 3201 τρόπον
3536 3129 3612 3198 μή
3661 3149 3796 3203 προ-

383 3235 574 3288 neque
599 3214 1116 3272 comminiscamur
1146 3212 1314 3268 nobis
1340 3217 1611 3278 terrores,
1643 3213 1887 3268 dicendo
1912 3231 1923 3268 :
1949 3215 2030 3272 Ne

2150 3211 2562 3284 καταπίπτωμεν
2774 3217 2842 3285 τῇ
2889 3210 3119 3284 διανοίᾳ,
3181 3212 3319 3286 μηδὲ
3359 3212 3708 3290 λογιζώμεθα
3737 3216 3790 3272 ἐν

381 3308 608 3361 daemon
639 3305 918 3360 invadens
951 3307 1281 3375 prosternat
1313 3317 1503 3356 mezne
1533 3301 1832 3357 sublatum
1858 3305 2030 3374 proji-

379 3395 516 3464 ciat,
575 3393 662 3450 vel
719 3393 1028 3463 derepente
1083 3390 1315 3445 irruens
1369 3391 1821 3460 perterrefaciat.
1868 3392 2032 3448 Talia

379 3498 616 3555 prorsus
643 3497 714 3537 ne
742 3481 1094 3552 cogitemus,
1122 3495 1234 3534 neu
1269 3495 1515 3534 mmrore
1564 3480 1733 3550 quasi
1783 3481 2029 3552 perituri

2140 3305 2206 3374 τῇ
2248 3304 2400 3375 ψυχῆ
2451 3299 2696 3369 δειλίας,
2757 3299 2896 3372 μηδὲ
2948 3301 3372 3374 ἀναπλάττωμεν
3429 3304 3640 3367 ἑαυτοῖς
3689 3307 3789 3383 φό-

2139 3385 2291 3459 ϐους,
2326 3387 2595 3464 λέγοντες’
2629 3391 2717 3458 Μὴ
2775 3387 2875 3461 ἄρα
2924 3387 3133 3462 δαίμων
3180 3390 3351 3453 ἐλθὼν
3391 3391 3657 3468 ἀνατρέψῃ
3695 3413 3786 3466 με·

2142 3480 2216 3553 μή
2281 3476 2382 3554 ἄρα
2464 3479 2724 3554 βαστάξας
2784 3474 3112 3552 καταϐάλῃ,
3172 3479 3206 3547 ἢ
3263 3479 3512 3555 ἐξαίφνης
3568 3480 3788 3544 ἐπιστὰς

1775 3629 2035 3686 VERSIO
2073 3629 2383 3688 EVAGRII.

444 3748 534 3803 41.
565 3746 675 3804 Sed
709 3743 1086 3819 quoniam‘ob
1117 3748 1369 3799 vestram
1403 3743 1718 3799 utilitatem
1753 3745 1940 3819 multa
1969 3747 2370 3812 memorando,
2405 3744 2692 3819 insipiens
2725 3747 2911 3819 factus
2943 3762 3114 3808 sum;
3162 3754 3218 3802 et
3268 3745 3444 3819 hujus
3495 3746 3572 3804 rei
3623 3748 3792 3806 vobis

377 3819 659 3892 impertiri
691 3815 862 3892 cupio
898 3815 1396 3892 notionem,quam_
1428 3832 1623 3892 veram
1648 3833 1781 3892 esse
1813 3817 2010 3872 nullus
2044 3817 2703 3892 ambigat‘audientium
2726 3834 2737 3872 :
2761 3818 3015 3888 pulsavit
3061 3815 3378 3888 aliquando
3409 3821 3635 3875 damon
3671 3838 3795 3877 mo-

376 3886 619 3948 nasterii
652 3886 867 3946 ostium
903 3907 916 3944 :
951 3886 1277 3962 egrediens,
1310 3887 1473 3943 video
1503 3886 1800 3944 hominem
1833 3890 2059 3945 enormi
2091 3886 2475 3962 subl—imitate,
2510 3886 2840 3962 porrectum
2872 3891 2986 3959 (5t)
3021 3906 3032 3945 :
3067 3886 3199 3946 cum
3253 3892 3325 3946 ab
3385 3891 3490 3948 hoc
3548 3892 3789 3962 quinam

372 3969 528 4020 esset
582 3965 960 4034 inquirerem,
995 3960 1104 4014 ait
1161 3975 1173 4034 ς

1238 3965 1352 4034 ξιεο
1404 3975 1567 4034 sum_
1596 3965 1840 4015 Satanas
1875 3977 1887 4034 ς
1917 3966 1975 4034 et
2003 3977 2108 4034 ego
2143 3978 2154 4016 :
2187 3961 2360 4030 Quid,
2392 3961 2782 4034 inquain,ghic
2815 3962 3028 4034 quaeris
3050 3963 3077 4017 ?
3108 3963 3408 4034 respondit
3442 3979 3454 4018 :
3493 3961 3609 4018 Cu’r
3640 3965 3790 4020 mihi

373 4037 592 4092 frustra
622 4030 917 4104 imputant
949 4031 1263 4105 monachi?
1293 4030 1398 4085 cur
1428 4030 1806 4105 mihiomnes
1835 4030 2296 4105 Christianorum
2331 4032 2528 4104 papuli
2564 4030 2960 4088 maledicunt?
3001 4039 3058 4089 et
3113 4030 3222 4105 ego
3271 4052 3283 4090 :
3331 4034 3496 4090 Juste
3527 4035 3790 4092 faciunt:

370 4109 490 4164 tuis
521 4106 673 4162 enim
709 4101 1045 4177 frequenter
1074 4103 1458 4177 molestamur
1483 4101 1712 4158 insidiis
1743 4105 1876 4177 (52).
1908 4104 2107 4177 Atille
2135 4105 2217 4159 ait
2249 4121 2261 4159 :
2302 4101 2455 4160 Nihil
2485 4121 2590 4174 ego
2625 4105 2788 4168 l'acio,
2823 4106 2923 4160 sed
2956 4106 3064 4176 ipsi
3101 4101 3440 4161 se'invicem
3493 4108 3736 4163 turbant
3773 4125 3788 4162 :

371 4197 506 4235 nam
539 4195 644 4250 ego
677 4174 1031 4250 miserabilis
1063 4176 1250 4250 factus
1282 4191 1437 4250 sum,
1473 4191 1628 4250 rego,
1664 4191 1775 4250 non
1808 4174 2080 4250 legistis__:

2116 4177 2255 4244 Quia
2285 4176 2601 4246 defecerunt
2635 4179 2855 4231 inimici
2874 4179 3101 4246 framea:
3131 4181 3188 4231 in.
3219 4181 3403 4245 finem,
3435 4181 3484 4233 ct
3531 4180 3791 4235 civitates

371 4269 559 4308 eorum
575 4245 946 4305 Hcstruxz'sti?
973 4248 1051 4302 En
1086 4246 1312 4301 nullum
1338 4248 1463 4316 jam
1497 4245 1680 4320 habeo
1711 4245 1924 4320 locum,
1957 4247 2178 4302 nullam
2213 4245 2480 4320 possideo
2511 4247 2826 4312 civitatem,
2850 4245 2973 4318 jam
3003 4250 3150 4303 milii
3184 4248 3346 4303 nulla
3397 4253 3536 4304 sunt
3566 4267 3732 4305 arma
3769 4268 3782 4306 :

371 4340 472 4395 per
501 4339 705 4395 omnes
737 4321 1000 4395 nationes
1030 4323 1389 4387 cunctasque
1421 4318 1746 4395 provincias
1778 4319 1987 4395 Christi
2021 4318 2295 4390 personat
2327 4321 2916 4395 nomenzsol_itudines
2947 4321 3086 4391 ipse
3107 4320 3538 4395 monachorum
3562 4323 3791 4395 stipan-

371 4391 466 4450 tur
496 4393 692 4448 choris
726 4409 738 4447 :
775 4393 884 4462 ipsi
919 4408 999 4459 se,
1035 4407 1252 4462 quasso,
1287 4394 1582 4462 tucantur,
1610 4397 1666 4444 et
1698 4406 1788 4443 me
1818 4391 1943 4446 sine
1970 4408 2150 4446 causa
2180 4409 2295 4446 non
2327 4391 2597 4446 lacerent.
2627 4391 2789 4445 Tunc
2817 4408 2924 4461 ego
2957 4393 3179 4446 Domini
3214 4392 3463 4462 gratiam
3499 4393 3607 4462 (53)
3645 4391 3783 4448 cum

369 4466 666 4522 alacritate
699 4460 972 4527 miratus,
1007 4460 1092 4517 sic
1123 4463 1191 4517 ad
1221 4478 1360 4533 eum
1395 4460 1626 4533 locutus
1656 4477 1787 4516 sum
1824 4478 1835 4515 :
1871 4462 1995 4517 Non
2029 4469 2142 4518 tute
2167 4464 2421 4526 veritati,
2454 4479 2580 4533 quae
2614 4462 2772 4517 nulla
2803 4471 3034 4527 est,tam
3072 4460 3276 4518 novam
3309 4469 3367 4518 et
3392 4469 3509 4518 tam
3544 4460 3784 4519 inaudi-

367 4545 485 4593 tam
519 4536 746 4591 ascribo
779 4533 1151 4591 sententiam.
1183 4532 1335 4605 Nam
1361 4548 1493 4587 cum
1531 4532 1767 4588 'allaciaa
1799 4539 1974 4605 caput
2005 4535 2109 4604 sis,
2140 4535 2250 4590 hoc
2281 4535 2407 4590 sine
2441 4532 2742 4588 mendacio
2775 4542 3010 4590 coactus
3038 4553 3098 4589 es
3127 4535 3408 4590 confiteri.
3446 4536 3586 4590 Vere
3617 4536 3782 4591 enim

361 4612 538 4666 Jesus
567 4614 699 4663 tuas
733 4609 996 4662 funditus
1027 4604 1460 4678 subruitvires,
1493 4610 1551 4660 et
1583 4606 1798 4678 honore
1828 4604 2084 4678 nudatus
2108 4605 2388 4678 angelico,
2441 4606 2724 4660 volutaris
2775 4605 2832 4659 in
2897 4608 3192 4662 sordibus.
3256 4607 3354 4662 Vix
3405 4608 3544 4662 dum
3603 4608 3786 4664 verba

363 4681 808 4753 compleveram,
840 4684 895 4753 et
919 4678 1012 4732 ille
1041 4675 1315 4753 sublimis
1347 4681 1580 4753 aSpectu
1615 4676 1930 4753 salvatoris
1963 4675 2363 4753 nomina—tione
2395 4679 2657 4753 dejectus
2687 4682 2776 4732 est
2803 4679 2936 4753 (54).

434 4747 522 4810 42’.
555 4756 687 4816 Quae
715 4768 851 4822 ergo
883 4752 1058 4822 jam,o
1091 4747 1493 4822 tilioli,poterit
1524 4748 1776 4822 residere
1806 4748 2139 4822 cunctatio?
2169 4766 2298 4820 quas
2331 4749 2640 4819 trepidatio
2674 4749 2931 4804 manebit
2961 4747 3243 4804 ulterius?
3269 4749 3401 4822 quis
3433 4765 3540 4822 nos
3569 4765 3775 4804 eorum

363 4827 536 4881 turbo
570 4819 1169 4896 poterit'convellere?
1195 4836 1411 4896 securae
1444 4819 1566 4896 sint
1595 4819 2204 4896 animarsingulorum
2240 4837 2402 4896 :Anon
2437 4821 2550 4896 sibi
2582 4822 2657 4874 {in

2707 4826 2766 4874 at
2794 4821 3068 4891 cogitatio
3099 4837 3246 4874 vana
3272 4820 3636 4884 discrimina;
3657 4837 3775 4875 non

363 4837 536 4881 turbo
570 4837 781 4896 poterit
809 4837 1168 4877 convenere!
1195 4837 1411 4874 securae
1444 4837 1565 4873 sunt
1595 4837 1804 4874 animae
1838 4837 2204 4892 singulorum
2240 4837 2252 4876 :
2288 4837 2402 4875 non
2437 4837 2550 4874 sun
2582 4837 2657 4874 nn
2707 4837 2766 4874 at
2794 4837 3068 4891 cognatio
3099 4837 3246 4874 vana
3272 4837 3636 4884 alscrlmina;
3657 4837 3775 4875 non

361 4899 576 4970 aliquis
609 4896 810 4970 timeat
841 4911 872 4948 a
903 4891 1132 4970 diabolo
1165 4890 1468 4970 sublatum
1499 4891 1569 4944 ad
1603 4891 1922 4962 praacipitia
1950 4910 2012 4970 se
2041 4909 2213 4970 posse
2243 4892 2469 4970 _de_ferri
2509 4909 2558 4970 _:_
2588 4837 2840 4970 peﬁatur
2892 4892 3083 4970 omnis
3127 4893 3455 4970 anxietasx
3491 4891 3775 4970 Dominus

359 4962 537 5037 enim,
573 4968 672 5041 qui
703 4971 932 5023 nostros
965 4963 1276 5038 prostravit
1303 4962 1595 5033 inimicos,
1628 4980 1889 5032 manens,
1922 4969 1987 5021 ut
2015 4962 2304 5036 promisit,
2336 4963 2396 5018 in
2429 4964 2619 5032 nobis,
2652 4981 2685 5018 a
2715 4963 2878 5018 vanis
2911 4982 3015 5019 nos
3045 4968 3268 5019 Satanze
3299 4963 3544 5018 munivit
3576 4964 3779 5019 incur-

424 5115 467 5150 ⁸⁷
497 5109 646 5169 Psal.
680 5127 757 5176 1x,
789 5113 841 5163 7.

425 5254 539 5328 (48)
587 5255 682 5312 Sic
737 5269 944 5311 omnes
1010 5248 1445 5322 manuscripti.
1512 5251 1575 5305 In
1631 5249 1804 5308 editis
1860 5248 1996 5326 πρός

354 5327 537 5385 deest.

424 5401 536 5472 (49)
568 5397 658 5472 Sic
685 5413 832 5472 pene
861 5411 1075 5472 omnes.
1098 5411 1240 5450 mss.
1273 5392 1427 5450 Editi
1461 5410 1590 5448 vero
1619 5390 1994 5472 omissoi’cn,

352 5463 573 5528 habent
603 5463 742 5544 Ἐγὼ
773 5487 912 5539 ειμι,
943 5463 1122 5544 φησίν.

421 5546 533 5614 (50)
563 5543 654 5598 Sic
675 5534 805 5596 'tres
829 5534 1245 5614 manuscripti.
1278 5536 1430 5592 Editi
1461 5540 1518 5591 et
1546 5535 1666 5604 alii,
1701 5534 1996 5610 Τούτῳτῷ

350 5612 542 5688 τρόπῳ
561 5615 646 5688 μὴ
674 5612 1123 5688 καταπίπτωμεν.

417 5678 530 5758 (51)
559 5678 645 5741 ita
671 5678 1062 5758 manuscripti
1094 5695 1322 5738 omnes.
1347 5678 1638 5758 _Bol_land.
1685 5697 1818 5737 vero

387 5685 644 5758 ’(51)Ιιει
671 5685 1062 5755 manuscripti
1094 5695 1322 5738 omnes.
1372 5685 1638 5736 Bolland.
1685 5697 1818 5737 vero
1864 5685 1997 5754 post

341 5765 654 5830 porrectum
684 5756 870 5825 addit,
901 5759 1066 5829 caput
1087 5769 1263 5826 usque
1290 5750 1361 5808 ad
1388 5751 1603 5806 οωιιιιη.

2177 5253 2288 5321 (52)
2321 5249 2414 5310 Sic
2447 5270 2592 5308 mss.
2626 5269 2851 5311 omnes.
2887 5251 3202 5311 Bollandus
3231 5251 3776 5320 vero,motestantur

2106 5328 2355 5380 insidiis.
2393 5326 2522 5380 Mox
2553 5343 2757 5382 omnes
2792 5328 2910 5383 fere
2945 5345 3238 5396 mss.,non
3260 5325 3765 5398 legistis.Belland.

2107 5413 2288 5453 nonne
2319 5399 2524 5465 legisti.

2177 5469 2288 5542 (53)
2324 5468 2417 5524 Sic
2447 5485 2652 5523 omnes
2683 5471 3070 5542 manuscript.
3114 5469 3378 5526 Bolland.
3431 5483 3584 5535 vero,
3634 5466 3770 5542 sati-

2105 5540 2323 5594 tudines
2353 5557 2567 5612 quoque
2595 5543 2887 5608 stipentur.
2928 5538 3082 5597 Inl'ra
3112 5558 3316 5597 omnes
3350 5538 3768 5608 manuscripti,

2107 5613 2352 5666 Domini.
2386 5613 2536 5666 Editi
2570 5619 2792 5679 autem,
2822 5614 2937 5669 Dei.
2972 5614 3102 5669 Mox
3133 5614 3375 5685 quidam
3431 5628 3597 5678 mss.,
3648 5612 3771 5668 Non

2104 5690 2218 5740 tua!
2249 5685 2475 5739 veritati
2502 5688 2773 5740 recentem
2801 5687 3030 5742 ascribo.

2174 5755 2290 5830 (54)
2315 5755 2566 5822 Quidam
2598 5757 3008 5831 manuscripti,
3040 5757 3252 5815 dcte-tus
3282 5763 3382 5813 est.
