4074 6332
234 408 355 472 913

1605 406 1793 499 VlfrA
1840 410 1904 468 s.
1944 409 2289 474 ANTONII.

3532 409 3651 470 9M

238 539 346 596 ὑπὸ
376 536 637 611 δαίμονος
691 532 1098 610 ἐνοχλουμένην
1148 535 1248 605 τήν
1278 536 1562 613 θυγατέρα·
1599 538 1672 599 ὡς
1721 536 1778 593 δὲ
1807 538 1885 595 ἐπῑ

2009 544 2225 619 quippe
2248 564 2445 604 secum
2463 548 2719 605 habebat
2739 564 2773 603 ιι
2802 546 3061 602 daemone
3102 545 3364 600 vexatam
3400 559 3413 598 :
3437 546 3504 600 ut
3542 559 3649 598 au-

234 628 382 687 πολῦ
414 626 631 701 διέμενε
658 624 876 681 κόπτων
921 627 1019 694 τὴν
1071 625 1233 702 θύραν
1266 627 1356 682 καὶ
1395 628 1554 701 ἀξιῶν
1589 628 1763 685 ἐλθεῖν
1798 629 1889 684 αύ-

230 720 347 789 τὸν,
378 716 470 773 καὶ
502 712 750 787 εὔξασθαι
780 719 860 788 τῷ
891 719 1006 787 Θεῷ
1036 712 1126 770 διὰ
1175 716 1273 784 τήν
1318 715 1505 773 παῖδα’
1555 719 1757 789 ἀνοῖξαι
1793 720 1887 793 μὲν

238 807 338 864 οὐκ
365 806 652 881 ἠνέσχετο,
704 801 1025 877 παρακύψας
1077 801 1135 858 δὲ
1182 804 1405 874 ἄνωθεν,
1441 804 1607 860 εἶπενι
1640 807 1889 882 Ἀνθρωο

233 920 323 968 πε,
354 899 405 954 τί
441 918 546 971 μου
600 896 953 969 κατακράζεις
984 923 997 965 ;
1027 896 1311 971 ἄνθρωπός
1366 896 1480 970 εέμι
1528 898 1678 975 κάγὼ
1710 898 1887 974 ὥσπερ

236 990 325 1046 καὶ
359 989 443 1046 σύ.
478 986 547 1043 Ei
572 984 630 1041 δὲ
659 985 933 1047 πιστεύεις
961 989 1041 1058 τῷ
1070 987 1361 1061 Χριστῷ,ᾦ
1394 984 1660 1062 λατρεύω,
1694 987 1887 1063 ὕπαγε,

235 1078 326 1134 καὶ
382 1078 457 1141 ὡς
513 1073 785 1137 πιστεύεις
837 1073 978 1145 εὖξαι
1036 1079 1116 1147 τῷ
1172 1079 1287 1147 Θεῷ
1328 1078 1463 1149 (78),
1516 1076 1605 1131 καὶ
1659 1077 1885 1151 γίνεται.

234 1166 412 1229 Εὐθὺς
474 1164 565 1221 οὖν
643 1163 847 1227 ἐκεῖνος
896 1163 1181 1226 πιστεύσας
1214 1207 1227 1232 ,
1282 1166 1370 1219 καὶ
1432 1164 1888 1238 ἐπικαλεσάμενος

233 1257 327 1313 τὸν
374 1254 629 1331 Χριστὸν,
688 1252 950 1323 ἀπῆλθεν,
1003 1251 1147 1329 ἔχων
1198 1254 1298 1322 τήν
1346 1255 1616 1333 θυγατέρα
1671 1267 1888 1331 καθαρι-

236 1350 453 1411 σθεῖσαν
485 1343 591 1398 ἀπὸ
615 1347 712 1398 τοῦ
743 1338 1021 1416 δαίμονος.
1054 1340 1251 1397 Πολλά
1281 1339 1340 1396 δὲ
1384 1342 1472 1397 καὶ
1518 1341 1662 1399 ἄλλα
1693 1342 1761 1398 δι’
1793 1345 1885 1399 αύ-

234 1440 335 1491 τοῦ
364 1434 662 1505 πεποίηκεν
709 1434 737 1487 6
785 1434 1002 1507 Κύριος,
1053 1434 1081 1487 6
1135 1430 1327 1506 λέγων’
1384 1432 1616 1501 Αἰτεῖτε,
1650 1433 1739 1489 καὶ
1794 1432 1885 1488 δο-

236 1526 461 1595 θήσεται
522 1524 670 1595 ὑμῖν.
730 1520 987 1575 Πλεῖστοι
1043 1520 1148 1595 γάρ
1204 1526 1314 1575 τῶν
1371 1521 1695 1597 πασχόντων
1729 1567 1742 1591 ,
1809 1524 1883 1596 μὴ

235 1612 547 1688 ἀνοίγοντος
576 1611 741 1665 αὐτοῦ
767 1611 870 1678 τὴν
902 1609 1084 1684 θύραν,
1118 1610 1279 1682 μόνον
1313 1609 1594 1675 ἐκάθευδον
1628 1615 1740 1685 (79)
1783 1610 1885 1685 ἔξω

231 1707 331 1758 τοῦ
365 1700 758 1776 μοναστηρίου,
789 1692 901 1754 καὶ’
928 1699 1271 1761 πιστεύοντες
1317 1700 1405 1755 καὶ
1437 1700 1729 1777 εὐχόμενοι
1760 1723 1885 1778 γνη-

236 1789 387 1859 σίως,
421 1788 824 1864 ἐκαθαρίζοντο.

2000 637 2113 689 tem
2149 637 2249 692 diu
2266 638 2512 709 januam
2546 636 2836 710 pulsando
2856 632 3651 708 perseverabat,rogabatque

2001 728 2066 778 ut
2089 728 2481 799 egrederetur,
2516 734 2818 799 Deumque
2843 727 3072 797 rogaret
3100 740 3203 795 pro
3233 721 3355 777 ﬁlia
3383 738 3491 777 sua
3513 739 3527 791 ;
3552 722 3650 777 ille

1993 815 2241 885 januam
2275 817 2510 889 quidem
2535 834 2646 873 non
2672 811 3295 888 aperuit,prospiciens
3318 828 3450 867 vero
3471 813 3647 869 desu-

2002 919 2104 975 per
2135 906 2216 960 ait
2250 922 2262 959 :
2300 905 2447 969 Quid
2478 912 2538 961 tu
2581 907 2651 962 ad
2688 920 2779 960 me
2808 904 3029 960 clamas
3056 905 3078 957 Ρ
3105 901 3281 957 homo
3331 916 3464 956 sum
3497 900 3649 957 sicut

1997 995 2084 1046 tu.
2121 995 2281 1059 Quod
2311 994 2359 1049 si
2391 994 2623 1051 Christo
2656 994 2847 1050 credis
2879 994 2971 1047 cui
3013 1007 3119 1064 ego
3166 990 3375 1056 servio,
3402 990 3567 1056 vade,
3592 994 3649 1045 et

1999 1082 2328 1137 secundum
2359 1083 2533 1139 ﬁdem
2571 1088 2731 1138 tuam
2766 1098 2868 1137 ora
2899 1080 3169 1152 Deum,et
3197 1083 3462 1151 optatum
3487 1093 3645 1135 asse-

1999 1187 2129 1242 que.
2164 1171 2420 1227 Credidit
2474 1172 2572 1226 ille
2624 1172 2775 1229 665
2820 1170 3040 1237 statim,
3090 1172 3143 1225 et
3194 1168 3460 1224 invocato
3489 1168 3649 1223 Chri-

1998 1259 2073 1315 sti
2106 1261 2344 1316 nomine
2377 1260 2734 1327 abiit,ﬁliam
2763 1261 3047 1315 reducens
3079 1275 3111 1314 a
3141 1259 3405 1314 daemone
3435 1256 3645 1313 libera-

1994 1352 2138 1405 tam.
2173 1350 2356 1405 Multa
2383 1349 2520 1405 item
2556 1349 2671 1405 alia
2698 1350 2826 1420 ejus
2856 1365 3030 1421 opera
3062 1347 3195 1403 fecit
3239 1346 3523 1403 Dominus
3544 1346 3645 1419 qui

1997 1436 2077 1492 ait
2111 1455 2123 1491 :
2157 1439 2352 1501 Pelite,
2384 1441 2435 1491 et
2465 1437 2689 1491 dabitur
2709 1436 2859 1491 vobis
2887 1436 2949 1489 9’.
2989 1433 3228 1489 Plurimi
3260 1448 3516 1504 namque
3544 1448 3645 1488 eo-

1996 1542 2126 1581 rum
2160 1526 2260 1598 qui
2303 1526 2700 1598 patiebantur,
2748 1541 2876 1581 cum
2922 1541 3037 1579 non
3089 1522 3342 1595 aperiret
3387 1522 3513 1594 ipse
3552 1523 3644 1593 ja-

1996 1632 2197 1682 nuam,
2232 1620 2393 1671 extra
2424 1614 2853 1671 monasterium
2885 1612 3271 1679 dormiebant,
3303 1615 3478 1684 atque
3508 1626 3644 1668 cum

1995 1704 2224 1760 sincera
2252 1705 2365 1760 ﬁde
2396 1708 2648 1772 orantes,
2685 1704 3144 1760 mundabantur.

309 1883 397 1969 49,
448 1880 536 1940 Ὦς
588 1875 646 1933 δὲ
690 1875 823 1933 εἶδεν
873 1877 1059 1933 ἑαυτὸν
1109 1876 1454 1953 ὀχλούμενον
1506 1879 1609 1934 ὑπὸ
1656 1878 1882 1935 πολλῶν

2066 1883 2153 1938 49.
2187 1883 2260 1938 Ut
2285 1882 2433 1938 vidit
2465 1885 2658 1939 autem
2692 1900 2724 1938 a
2756 1881 2960 1938 multis
2990 1879 3103 1937 sibi
3130 1877 3459 1935 molestiam
3489 1893 3641 1932 crea-

235 1969 327 2024 καὶ
364 1962 440 2043 μὴ
472 1966 760 2045 ἀφιέμενον
810 1966 947 2022 κατᾶ
991 1967 1222 2041 γνώμην
1271 1967 1599 2045 ἀναχωρεῖν,
1633 1968 1708 2032 ὡς
1759 1967 1882 2043 βού-

234 2055 409 2114 λεται·
445 2050 770 2129 εὐλαϐηθεὶς
803 2056 879 2129 μὴ
907 2054 958 2126 ἐξ
989 2056 1062 2109 ὢν
1096 2057 1125 2109 6
1173 2056 1368 2133 Κύριος
1418 2064 1565 2111 ποιεῖ
1596 2054 1663 2111 δι’
1693 2057 1882 2129 αὐτοῦ,

230 2146 267 2216 ἢ
301 2147 463 2209 αὐτὸς
507 2145 739 2221 ἐπαρθῇ,
772 2144 807 2214 ἢ
841 2142 1013 2207 ἄλλος
1062 2166 1147 2207 τις
1194 2145 1325 2221 ὑπὲρ
1376 2144 1406 2199 6'
1453 2144 1562 2201 ἐστι
1595 2145 1885 2222 λογίσηται

231 2237 356 2310 περὶ
388 2236 580 2308 αὐτοῦ,
609 2232 870 2309 ἐσκέψατο
917 2232 1005 2289 καί
1053 2233 1310 2309 ὥρμησεν
1368 2235 1611 2299 ἀνελθεῖν
1668 2235 1744 2297 εἰς
1781 2237 1881 2303 τήν

236 2322 350 2380 ἄνω
398 2318 648 2395 Θηϐαΐδα
690 2323 829 2399 πρὸς
879 2322 1005 2384 τοὺς
1052 2323 1379 2397 ἀγνοοῦντας
1423 2324 1605 2380 αὐτόν.
1660 2326 1756 2379 Καὶ
1814 2322 1880 2394 δὴ

228 2413 376 2489 παρᾶ
420 2418 529 2468 τῶν
580 2410 831 2488 ἀδελφῶν
887 2410 1175 2486 δεξάμενος
1226 2413 1442 2489 ἄρτους,
1477 2414 1708 2486 ἐκάθητο
1738 2415 1886 2490 παρὰ

226 2504 325 2565 τὰς
370 2499 544 2578 ὄχθας
591 2504 688 2557 τοῦ
731 2506 984 2574 ποταμοῦ
1016 2545 1030 2571 ,
1083 2506 1301 2556 σκοπῶν
1357 2502 1403 2556 εἰ
1462 2499 1563 2577 ἄρα
1620 2502 1883 2580 παρέλθοι

229 2591 453 2661 πλοῖον,
479 2589 573 2645 ἵνα
602 2584 773 2663 ἐμϐὰς
816 2588 1023 2665 ἀνέλθῃ
1072 2592 1187 2663 μετ’
1230 2590 1427 2645 αὐτῶν.
1462 2594 1645 2648 Ταῦτα
1693 2590 1749 2645 δὲ
1798 2591 1886 2645 αύ-

227 2685 328 2737 τοῦ
359 2678 752 2753 σκεπτομένου,
785 2680 938 2757 φωνή
988 2700 1071 2741 τις
1122 2676 1323 2743 ἄνωθεν
1374 2681 1561 2756 γέγονε
1607 2682 1744 2755 πρὸς
1791 2679 1884 2734 αύ-

232 2771 350 2826 τόν·
388 2770 669 2836 Ἀντώνιε,
698 2772 804 2822 ποῦ
847 2767 1077 2843 πορεύῃ,
1113 2768 1202 2823 καὶ
1253 2765 1344 2822 διὰ
1371 2790 1422 2823 τι
1457 2789 1469 2838 ;
1498 2774 1555 2822 ’0
1602 2767 1658 2824 δὲ
1692 2771 1765 2842 μή
1799 2789 1887 2823 τα-

234 2858 485 2937 ραχθεὶς,
519 2856 646 2913 ἀλλ’
677 2857 752 2918 ὡς
786 2856 993 2919 εἰωθὼς
1035 2856 1317 2912 καλεῖσθαι
1370 2855 1641 2919 πολλάκις
1691 2857 1883 2926 οὕτως,

239 2947 564 3019 ἐπακούσας,
622 2944 967 3022 ἀπεκρίνατο,
1014 2945 1211 3020 λέγων·
1248 2944 1470 3016 Ἐπειδή
1529 2948 1627 3002 οὐκ
1671 2946 1879 3023 ἐπιτρέ-

242 3038 400 3092 πουσι
438 3057 530 3110 μοι
563 3037 786 3112 ἠρεμεῖν
820 3036 871 3089 οἳ
904 3030 1092 3111 ὄχλοι,
1126 3033 1216 3090 διὰ
1244 3041 1405 3091 τοῦτο
1441 3035 1712 3112 βούλομαι
1734 3035 1888 3091 ἀνελ-

240 3129 349 3214 θεῖν
398 3125 475 3188 εἷς
528 3126 627 3193 τὴν
678 3122 789 3214 ἅνω
840 3119 1109 3214 θηϐαΐδα,
1143 3122 1231 3180 διὰ
1258 3127 1354 3188 τὰς
1393 3124 1608 3188 πολλὰς
1640 3131 1746 3214 τῶν
1779 3130 1887 3214 (80)

236 3213 345 3271 ὧδὲ
387 3236 479 3289 μοι
526 3213 811 3291 γινομένας
854 3211 1199 3289 ἐνοχλήσεις,
1250 3214 1341 3270 καὶ
1399 3214 1633 3288 μάλιστα
1685 3212 1773 3270 διὰ
1824 3211 1885 3271 τὸ

238 3302 579 3362 ἀπαιτεῖσθαι
615 3324 681 3376 με
720 3304 849 3378 παρ’
900 3302 1075 3359 αὐτῶν
1126 3305 1192 3358 τὰ
1243 3304 1373 3380 ὑπὲρ
1426 3306 1523 3374 τήν
1562 3304 1699 3377 ἐμὴν
1734 3303 1890 3361 δύνα-

235 3414 350 3475 μιν.
387 3394 453 3448 Ἠ
483 3389 540 3448 δὲ
567 3392 703 3464 πρὸς
736 3391 895 3445 αὐτὸν
929 3388 1029 3470 ἔφη
1077 3394 1212 3467 (81)·
1242 3392 1347 3447 Κᾶν
1396 3393 1472 3455 εἰς
1502 3396 1600 3463 τήν
1646 3390 1892 3464 Θηϐαΐδα

228 3482 493 3557 ἀνέλθῃς,
525 3481 643 3554 κᾶν,
677 3482 750 3542 ὡς
800 3480 1027 3555 ἱνθυμῇ,
1080 3482 1344 3557 κατέλθῃς
1392 3482 1467 3544 εἷς
1505 3485 1568 3538 τὰ
1604 3483 1888 3559 βουκόλια,

232 3570 410 3628 πλείω
439 3572 529 3626 καὶ
591 3567 920 3625 διπλασίονα
968 3571 1059 3624 τὸν
1114 3572 1356 3645 κάματον
1389 3569 1540 3648 ’ἐχεις
1581 3574 1886 3647 ὑπομένειν.

234 3660 299 3717 Εἰ
330 3658 388 3717 δὲ
420 3658 594 3725 θέλεις
627 3654 797 3720 ὅντως
839 3659 1090 3734 ἠρεμεῖν,
1125 3655 1315 3715 ἄνελθε
1362 3664 1452 3714 νῦν
1499 3660 1574 3723 εἰς
1604 3662 1702 3731 τήν
1745 3660 1885 3717 ἐνδυ.

1992 1972 2063 2040 ri,
2099 1990 2202 2028 nec
2234 1973 2345 2029 sibi
2373 1972 2545 2029 licere
2576 1989 2678 2044 pro
2710 1971 2951 2027 arbitrio
2997 1969 3286 2034 secedere,
3315 1967 3535 2023 veritus
3566 1983 3639 2022 ne

1992 2078 2062 2119 ex
2092 2062 2278 2135 signis
2305 2079 2432 2134 qua;
2473 2079 2576 2134 per
2607 2077 2668 2117 se
2714 2060 2997 2117 Dominus
3046 2057 3312 2125 faciebat,
3362 2060 3464 2112 aut
3510 2056 3639 2128 ipse

1994 2151 2499 2218 extolleretur,aut
2528 2150 2682 2206 alius
2714 2148 3011 2222 quispiam
3035 2148 3105 2203 de
3137 2147 3262 2218 ipso
3295 2145 3429 2218 plus
3459 2159 3635 2217 quam

1992 2257 2087 2297 res
2119 2240 2246 2313 ipsa
2279 2242 2451 2296 ferret
2495 2240 2879 2308 existimaret,
2913 2253 2974 2293 re
3033 2252 3232 2293 secum
3292 2234 3636 2300 deliberata,

1992 2330 2287 2402 profectus
2318 2333 2406 2385 est
2438 2334 2501 2385 ut
2522 2346 2584 2385 se
2602 2329 2889 2384 conferret
2908 2327 2967 2382 in
2993 2325 3355 2399 superiorem
3388 2320 3642 2379 Thebai-

1992 2418 2148 2487 dem,
2188 2420 2261 2475 ad
2293 2418 2564 2475 homines
2595 2419 2812 2491 quibus
2851 2420 3007 2473 esset
3058 2417 3315 2487 ignotus.
3350 2411 3643 2484 Acceptis-

1995 2524 2107 2580 que
2138 2508 2387 2580 panibus
2420 2525 2453 2563 a
2480 2507 2762 2563 fratribus
2793 2506 2864 2561 ad
2888 2521 3053 2560 oram
3085 2501 3348 2559 ﬂuminis
3380 2500 3644 2567 sedebat,

1996 2603 2062 2653 ut
2091 2598 2423 2653 observaret
2454 2613 2594 2652 num
2630 2612 2748 2668 qua
2778 2593 3160 2667 pertransiret
3188 2590 3553 2657 navicula,ut
3580 2604 3650 2644 ea

1994 2703 2316 2742 conscensa
2342 2702 2476 2741 cum
2510 2686 2837 2741 vectoribus
2868 2684 3225 2739 ascenderet.
3259 2681 3388 2735 Haec
3418 2678 3519 2733 ill.)
3549 2693 3643 2733 co-

1994 2776 2238 2849 gitante,
2267 2791 2374 2830 vox
2394 2775 2657 2846 quadam
2693 2774 2945 2845 desuper
2973 2773 3044 2827 ad
3095 2770 3261 2826 illum
3311 2770 3460 2823 facta
3508 2770 3597 2822 est
3630 2782 3643 2820 :

1995 2863 2350 2935 Antoni,quo
2380 2861 2618 2918 tendis?
2651 2879 2835 2935 quave
2865 2862 2935 2916 de
2965 2859 3185 2916 causa?
3214 2858 3313 2913 Ille
3348 2855 3489 2911 nihil
3520 2859 3644 2910 tur-

1995 2954 2190 3024 batus,
2225 2957 2423 3024 utpote
2454 2951 2665 3007 solitus
2695 2952 2779 3005 sic
2806 2965 2958 3021 saepe
3003 2946 3363 3020 compellari,
3397 2960 3643 3016 resron-

1996 3044 2084 3098 dit
2116 3060 2128 3097 :
2162 3042 2307 3107 Quia
2337 3041 2520 3095 turbs:
2552 3057 2665 3095 non
2700 3040 2904 3094 sinunt
2935 3054 3028 3093 me
3055 3034 3520 3110 quiescere,ideo
3553 3049 3645 3088 me

1994 3131 2054 3187 in
2086 3132 2446 3203 superiorem
2481 3129 2834 3185 Thebaidem
2869 3127 3130 3183 conferre
3162 3125 3410 3190 decrevi,
3457 3123 3530 3179 ad
3561 3122 3644 3176 vi-

1999 3222 2213 3277 tandas
2245 3221 2547 3292 fequentes
2581 3217 2713 3273 illas
2761 3215 3232 3289 perturbationes
3281 3211 3648 3283 maximeque

2005 3311 2158 3383 quod
2193 3325 2260 3365 ea
2281 3327 2310 3364 a
2343 3326 2435 3364 me
2462 3307 2763 3381 postulent
2794 3322 2922 3378 qua:
2942 3320 3130 3360 meam
3166 3305 3443 3376 superent
3475 3300 3653 3355 virtu-

1998 3399 2294 3456 tem.Tum
2326 3414 2436 3453 vox
2458 3398 2526 3452 ad
2555 3396 2722 3451 illum
2759 3413 2771 3451 :
2804 3394 2936 3451 Sive
2967 3394 3027 3448 in
3058 3392 3410 3448 Thebaidem
3443 3405 3650 3445 ascen-

2000 3490 2128 3555 das,
2160 3488 2373 3557 sive,ut
2403 3486 2735 3559 cogitas,ad
2768 3486 3032 3539 armenta
3068 3484 3245 3538 boum
3277 3485 3333 3536 te
3364 3478 3651 3546 conferas;

2002 3576 2180 3649 duplo
2213 3577 2492 3647 majorem
2517 3572 2840 3630 sustinebis
2862 3570 3310 3635 laborem.Quod
3331 3570 3380 3623 si
3413 3566 3654 3623 omnino

2002 3666 2302 3736 quiescere
2333 3664 2651 3735 desideras,
2686 3662 2829 3718 vade
2859 3676 3018 3717 nunc
3048 3660 3107 3714 in
3146 3658 3482 3715 interiorem
3513 3655 3653 3711 soli-

1643 3778 1897 3834 VEHSIO
1927 3778 2238 3835 EVAGRlI.

285 3874 391 3958 .48.
424 3873 686 3956 Quodam
718 3876 1233 3958 autem‘tempore,
1266 3889 1399 3958 cum
1432 3874 1503 3930 ab
1535 3876 1799 3958 omnium
1832 3894 1893 3932 se
1923 3878 2235 3958 amovisset
2266 3875 2469 3958 oculis,
2500 3880 2559 3958 e_t_
2590 3875 2788 3957 clauso
2813 3872 3170 3958 monasterio
3198 3868 3504 3958 neminem.
3524 3883 3644 3958 oLm-

241 3944 381 4002 nino
412 3946 761 4019 susciperet,
795 3939 1490 4019 Martiniamus‘militum
1528 3950 1894 4018 prepositus,
1927 3950 2096 4019 cujus
2122 3948 2239 4002 {ilia
2268 3939 2558 4002 immundi
2588 3946 2830 4018 spiritus
2854 3942 3329 4019 intestationibus
3347 3939 3646 4019 qgatieba-

238 4021 357 4086 tur,
387 4009 630 4091 pulsatis
661 4009 874 4073 ostium
898 4018 1269 4091 ,obsecrabgat,
1305 4025 1367 4071 ut
1399 4035 1505 4074 suo
1529 4009 1765 4091 pignori
1798 4009 2149 4087 subveniret,
2181 4026 2236 4075 et
2265 4022 2461 4075 exiens
2496 4009 2671 4074 Deum
2707 4036 2808 4091 pro
2842 4017 2957 4071 ﬁlia
2987 4019 3337 4091 precaretur.
3369 4009 3649 4091 Tumjlle

238 4082 465 4172 aperire
496 4090 730 4160 quidem
766 4090 1011 4172 minime
1041 4082 1638 4172 voluit,'pros.picie'n§
1675 4109 1805 4172 vero
1840 4095 2089 4165 desuper
2121 4082 2245 4172 ait}
2278 4092 2321 4146 Ο
2354 4091 2655 4162 homo,qui
2690 4082 2878 4145 meum
2916 4082 3108 4169 poscis
3134 4082 3468 4172 auxilium?
3503 4083 3646 4172 Nitor-

234 4154 372 4218 tilis
402 4166 461 4216 et
489 4154 596 4233 ego
627 4178 782 4228 sum,
817 4166 872 4217 et
902 4167 1015 4216 tuas
1049 4161 1244 4216 socius
1278 4154 1650 4233 fragilitatis;
1684 4165 1732 4218 si
1767 4171 1958 4219 autem
1991 4154 2181 4219 credis
2212 4163 2267 4216 in
2299 4154 2718 4228 Christum,cui
2754 4154 3297 4233 deservio,vade,_et_
3325 4154 3652 4233 secundum

240 4233 420 4288 ﬁdem
452 4225 615 4288 tuam
647 4250 749 4288 ora
769 4225 983 4297 Deum,
1008 4238 1067 4288 et
1096 4225 1402 4289 sanabitur
1428 4234 1547 4289 filia
1576 4225 1699 4289 tua.
1726 4235 2041 4290 Confestim
2078 4235 2169 4290 ille
2202 4236 2445 4289 credens
2477 4225 2705 4298 abiit,et
2734 4234 2997 4287 invocato
3020 4225 3184 4291 Jesu,
3216 4226 3398 4281 ﬁliam
3426 4225 3659 4298 reduxit

237 4304 820 4378 incolumem.Multa
850 4310 906 4378 et
934 4303 1048 4360 alia
1078 4304 1370 4378 mirabilia
1400 4321 1499 4376 per
1526 4305 1693 4360 illum
1719 4307 2001 4363 Dominus
2018 4313 2291 4378 operatus
2317 4312 2407 4360 est
2428 4314 2485 4360 et
2513 4306 2716 4360 merito
2743 4321 2753 4357 :
2790 4303 2893 4378 qui
2911 4302 3066 4357 enim
3093 4298 3363 4371 promisit
3384 4298 3444 4378 in
3471 4297 3657 4352 Evan-

240 4376 392 4450 gelio
424 4392 438 4430 :
473 4377 665 4443 Petita,
698 4381 751 4432 et
778 4376 1004 4431 dabitur
1032 4375 1197 4447 vobis,
1241 4370 1473 4450 invento
1505 4378 1603 4448 qui
1641 4386 1966 4432 mereretur
2014 4370 2276 4449 accipere
2302 4380 2441 4450 (82‘),
2475 4370 2995 4450 suamgpote'ntiam
3044 4370 3172 4450 non
3212 4370 3444 4450 negavit
3476 4385 3488 4423 :
3523 4384 3656 4424 nam

241 4442 441 4576 pigras
469 4451 811 4574 vexattqrutm
845 4454 978 4503 ante
1009 4442 1432 4504 monasterium
1466 4442 1593 4520 ejus
1624 4450 1822 4506 clauso
1856 4450 2123 4517 introitu,
2143 4442 2785 4515 'domientes,iidelibus
2818 4465 2917 4519 per
2939 4463 3071 4501 eum
3107 4445 3176 4500 ad
3207 4442 3504 4498 Christum
3529 4457 3656 4513 pre-

241 4537 290 4576 οι
341 4536 411 4574 us
441 4535 630 4576 nurga
673 4536 743 4576 an
781 4537 870 4576 ur.

236 4535 411 4576 οιουε
441 4535 870 4591 purgabantur,

322 4591 407 4647 49.
435 4582 679 4646 Ηωονὶιιί
706 4589 1018 4647 multitudo
1046 4590 1430 4654 venientium,
1465 4591 1854 4646 desideratam
1883 4591 2260 4647 solitudinem
2288 4592 2579 4655 auferens,
2613 4589 2782 4644 teadio
2814 4588 3206 4643 fuit.Meluens
3237 4586 3437 4655 itaque
3470 4599 3539 4638 ne
3570 4582 3653 4639 si-

240 4677 494 4735 gnorum
528 4663 765 4735 copiosa
794 4663 1094 4735 concessio
1126 4668 1227 4717 aut
1256 4679 1396 4735 suos
1414 4662 1647 4735 animos
1678 4664 1996 4724 extolleret.
2030 4668 2129 4718 aut
2159 4662 2305 4735 alios
2336 4664 2468 4733 plus
2498 4663 2569 4717 de
2600 4678 2683 4723 se,
2717 4678 2892 4731 quam
2929 4660 3203 4735 videbant
3237 4660 3291 4735 in
3328 4657 3654 4735 ipso,coge~

241 4728 333 4789 ret
361 4728 676 4807 aestimare.
708 4735 780 4791 ad
815 4734 1177 4807 superiorem
1208 4734 1565 4807 Thebaidem
1600 4751 1837 4806 pergere
1868 4736 2163 4807 cogitavit,
2201 4734 2298 4807 ubi
2332 4728 2531 4789 nullus
2563 4728 3161 4807 eumgagnosceret._Et
3190 4747 3223 4807 a
3255 4728 3533 4807 fratribus
3556 4740 3651 4779 ac-

243 4806 430 4877 ceptis
462 4807 736 4878 panibus,
771 4798 1011 4862 sedebat
1040 4822 1217 4877 super
1243 4806 1504 4860 ﬂuminis
1536 4798 1747 4877 ripam,
1780 4798 2094 4878 transitum
2130 4798 2294 4878 navis
2322 4798 2940 4878 observanslllo'talia
2970 4803 3395 4873 cogitante,vox
3427 4798 3497 4852 ad
3517 4812 3651 4878 eum

245 4867 504 4951 desuper
533 4878 688 4933 facta
720 4867 829 4945 est,
862 4878 1063 4933 dicens
1096 4867 1379 4951 fAntoni,
1413 4895 1525 4947 quo
1550 4867 1763 4951 pergis,
1796 4888 1852 4951 ret
1882 4876 2105 4950 quare?
2138 4880 2208 4951 At
2240 4877 2337 4933 ille
2388 4877 2906 4951 intrepiderquasi
2951 4867 3289 4951 consuetam
3341 4885 3543 4951 vocem
3571 4867 3653 4949 lq-

289 4939 484 5005 nentis
515 4939 876 5021 agnosceret,
912 4950 1216 5022 respondit
1247 4967 1260 5005 :
1294 4939 1578 5015 Quoniam
1613 4939 1724 5007 non
1754 4939 1960 5005 sinunt
1992 4966 2082 5005 me
2113 4950 2409 5019 quiescere
2440 4939 2883 5022 pop'uli,idc‘irco
2915 4948 2984 5022 ad
3020 4939 3655 5022 superioremfl‘hebai:

290 5036 380 5093 em
413 5022 498 5093 ire
526 5012 812 5093 optimum
848 5012 1353 5092 duxiipraecipue,
1384 5022 1525 5093 quia
1554 5027 1611 5076 et
1643 5024 1841 5093 exigor
1871 5040 1995 5091 qum
2028 5012 2295 5076 virtutem
2334 5012 2471 5076 meae
2495 5012 2997 5092 pusillanimitatis
3017 5012 3321 5093 excedunt.
3357 5014 3425 5068 Et
3446 5012 3657 5093 χοι-οἶά

244 5091 415 5166 illum
451 5092 530 5147 ait
564 5083 579 5149 Ξ
611 5094 684 5166 Si
702 5095 769 5149 ad
803 5083 1157 5166 Thebaidem
1193 5083 1482 5159 vadas,‘et
1515 5096 1581 5148 ad
1621 5083 1934 5166 pastoralia
1966 5096 2054 5163 (ut
2084 5093 2326 5166 cogitas)
2360 5083 2876 5164 pergasmiajorem
2911 5106 2977 5144 ac
3007 5087 3297 5166 duplicem
3334 5083 3658 5166 sustinebis

245 5163 519 5237 laborem
545 5180 557 5218 :
593 5164 643 5221 si
674 5157 873 5221 autem
898 5181 1030 5220 vere
1060 5157 1581 5237 quiescere'cupis,
1614 5157 1759 5222 vade
1790 5182 1946 5221 nunc
1972 5157 2048 5221 ad
2082 5157 2328 5237 interius
2360 5157 2708 5219 desertum."
2733 5167 2993 5237 Cumque
3022 5157 3338 5237 _Antoni_us
3396 5157 3612 5237 dicer-et
3643 5171 3657 5209 :

242 5235 386 5303 Quis
422 5236 567 5291 mihi
599 5237 792 5294 locum
824 5238 1020 5319 avium
1057 5229 1265 5308 poterit
1295 5229 1604 5294 ostendere
1624 5239 1652 5293 ‘I
1684 5239 1926 5311 ignarus
1956 5238 2113 5293 enim
2140 5254 2271 5292 sum
2300 5236 2563 5292 locorum
2598 5252 2612 5292 :
2645 5229 2954 5289 confestim
2986 5231 3037 5288 ei
3094 5232 3145 5287 is
3167 5230 3266 5302 qui
3290 5229 3660 5301 loquebatur,

320 5350 367 5386 θ’
397 5350 539 5408 Luc.
570 5368 650 5421 xx,
679 5352 734 5407 9.

323 5465 432 5537 (78)
473 5466 565 5521 Sic
598 5466 1192 5539 manuscripti.rEditi
1222 5484 1377 5539 vero,
1429 5466 1493 5521 Ei:
1527 5463 1584 5522 δὲ
1614 5466 1883 5531 πιστεύεις

247 5532 509 5615 εὕξῖςςτῶ
534 5540 651 5615 Sag:
681 5532 1173 5615 multisfomissis.
1250 5614 1253 5615 ν
1422 5609 1434 5615 _
1515 5610 1525 5615 ,
1587 5612 1625 5615 _
1778 5612 1787 5615 _

1998 5532 2176 5615 φῴῖήι
2202 5536 2374 5615 {P.ale'

319 5603 735 5691 (79),Sic_-lleg.
760 5612 821 5691 ἓ,
876 5610 1037 5667 tlolb.
1090 5613 1145 5678 2,
1206 5614 1263 5665 et
1313 5610 1393 5665 ita
1422 5609 1554 5681 legit
1587 5612 1888 5684 Evagrius.
2073 5603 2183 5680 (8'2)
2217 5610 2310 5664 Sic
2344 5608 2755 5691 manuscripti.
2780 5605 3042 5691 Bplland.
3076 5620 3232 5670 vero,
3266 5603 3504 5691 (μή-91ης
3530 5619 3653 5675 gra-

249 5676 364 5753 Alii
397 5676 449 5734 et
481 5680 639 5751 editi,
682 5676 965 5750 ἷκάθηντο.
1134 5676 1139 5678 ⁷
1479 5676 1502 5681 ⁷
1704 5676 1736 5684 ν
2003 5676 2141 5737 tiam
2169 5676 2479 5753 mereretur
2522 5676 2789 5753 accipere.
2826 5678 2981 5733 lni'ra
3013 5676 3423 5750 manuscripti,
3454 5691 3659 5748 purga-

326 5752 438 5825 (80)
470 5754 551 5810 Ita
579 5770 784 5812 omnes
811 5753 1216 5829 manuscripti.
1252 5753 1313 5809 lu
1371 5753 1544 5811 editis
1595 5757 1702 5807 τῶν
1735 5757 1898 5812 deest
2009 5755 2231 5810 bantur.
2265 5751 2554 5823 Bolland.,
2586 5751 2949 5811 curabuntur.

2068 5467 2180 5535 (81)
2216 5464 2311 5537 Sic
2351 5464 2739 5537 manuscripti
2776 5480 2922 5537 pene
2964 5478 3191 5518 omnes.
3224 5460 3375 5517 Editi
3423 5474 3582 5526 vero,
3626 5458 3661 5527 ἠ
