4074 6346
398 372 516 444 923

1056 382 1476 442 ATHANASII
1522 386 1692 444 OPP.
1738 384 1942 445 PARS
1992 389 2034 444 I.
2071 385 2593 449 —HISTORICA
2641 389 2736 448 ET
2781 386 3260 450 DOGMATICA.

3693 389 3814 448 924

397 515 554 571 diam
587 515 801 580 solum,
825 516 921 570 sed
957 531 1061 570 nec
1084 531 1261 586 super
1290 514 1445 569 aliud
1471 517 1718 587 quodvis
1745 521 2047 589 peccatum

2169 512 2250 569 ἐπὶ
2285 517 2436 589 μόνῳ
2463 523 2847 594 παροργισμῷ,
2899 515 3042 574 ἀλλᾶ
3089 514 3229 590 μηδὲ
3274 515 3359 571 ἐπὶ
3392 513 3537 592 ἄλλῃ
3573 517 3813 594 ἁμαρτίᾳ

398 610 665 662 nostrum
694 605 779 661 sol
813 605 1056 660 occidat.
1093 609 1204 659 Par
1237 604 1454 677 quippe
1498 610 1581 661 est
1630 611 1685 660 et
1744 607 1984 662 omnino
2015 621 2046 662 θ

393 713 452 752 re
485 699 706 764 nostra,
742 710 844 749 nec
879 691 1058 748 solem
1077 694 1148 748 ob
1180 693 1452 748 diurnam
1488 693 1799 764 malitiam,
1821 712 1924 750 nec
1954 694 2046 750 lu-

395 802 532 840 nam
556 785 629 840 ob
664 790 1016 838 nocturnum
1051 783 1476 853 peccatum,vel
1503 784 1718 840 malam
1751 785 2046 857 cogitatio~

398 890 555 940 nem,
590 890 696 928 nos
728 872 1140 926 condemnare.
1178 871 1250 927 Ut
1274 872 1451 943 igitur
1484 874 1538 926 in
1572 877 1698 929 tuto
1741 875 1819 928 sit
1851 875 2045 945 probi-

395 969 486 1020 tas
521 969 741 1029 nostra,
767 979 951 1034 operae
977 962 1229 1034 pretium
1284 963 1454 1016 fuerit
1512 962 1729 1018 dierum
1792 963 2044 1034 Apostoli

393 1051 725 1110 auscultare
776 1058 947 1120 atque
1004 1051 1335 1107 custodire:
1389 1051 1470 1106 ait
1516 1052 1705 1106 enim:
1755 1054 1846 1106 Vos
1905 1053 2048 1124 ipso:

392 1142 712 1215 dijudicate,
744 1150 796 1196 et
831 1157 916 1196 vos
948 1142 1094 1212 ipso:
1123 1141 1349 1212 probate
1372 1142 1432 1194 9°.
1456 1141 1723 1204 Quotidie
1748 1141 1945 1213 itaque
1976 1141 2047 1195 de

393 1231 624 1288 diurnis
641 1231 1061 1302 nocturnisque
1079 1230 1309 1285 actibus
1325 1231 1607 1285 rationem
1624 1231 1869 1301 quisque
1892 1231 2046 1301 apud

395 1338 459 1378 se
489 1321 687 1375 ineat:
725 1327 779 1374 et
811 1321 857 1374 si
892 1319 1232 1390 peccaverit,
1283 1318 1546 1386 desinat;
1580 1319 1626 1373 si
1681 1336 1790 1374 non
1848 1335 2048 1390 pecca-

394 1412 556 1476 verit,
593 1426 663 1464 ne
687 1408 989 1482 glorietur,
1025 1408 1121 1464 sed
1152 1408 1209 1462 in
1233 1409 1383 1462 bono
1411 1412 1765 1479 perseveret,
1801 1425 1904 1462 nec
1945 1425 2047 1462 ne-

395 1500 688 1573 gligenter
718 1504 1020 1570 agat,neve
1053 1497 1381 1570 proximum
1416 1497 2048 1569 damnet,velseipsum

394 1591 621 1662 justum
654 1588 946 1661 przedicet,
982 1593 1044 1643 ut
1071 1589 1151 1642 ait
1183 1587 1389 1643 beatus
1443 1587 1744 1659 apostolus
1807 1588 2048 1660 Paulus,

396 1679 580 1734 donec
610 1677 831 1733 venerit
866 1676 1282 1747 Dominus,qui
1310 1677 1654 1732 abscondita
1685 1680 2046 1733 scrutatur‘.

400 1768 563 1838 Saape
592 1766 804 1822 etenim
840 1765 1050 1822 accidit
1083 1770 1147 1819 ut
1169 1765 1338 1820 nobis
1369 1764 1588 1820 lateant
1619 1783 1745 1837 quae
1796 1765 2048 1837 agimus.

400 1873 529 1928 quis
552 1871 656 1910 nos
679 1854 914 1928 quidem
941 1855 1305 1926 ignoramus,
1328 1855 1428 1909 sed
1457 1856 1738 1910 Dominus
1762 1856 2050 1910 novitom-

402 1945 520 2001 nia.
554 1943 982 2016 Judicioigitur
1013 1943 1096 1998 illi
1127 1943 1434 2015 permisso,
1468 1944 1538 1998 de
1578 1941 1825 2000 aliorum
1878 1944 2050 2000 malis

400 2038 607 2090 mutuo
638 2031 1192 2100 doleamus,etalter
1223 2031 1654 2087 alteriusonera
1684 2036 1986 2104 portemus
2007 2034 2043 2094 ²,

401 2122 796 2194 nosmetipsos
817 2121 1244 2193 dijudicemus;
1269 2121 1315 2176 si
1343 2121 1481 2193 quid
1502 2121 1673 2188 desit,
1697 2123 1754 2176 id
1779 2121 2053 2195 supplere

406 2211 685 2268 nitamur.
711 2213 796 2266 Ad
828 2211 1086 2267 cavenda
1118 2214 1315 2266 autem
1351 2214 1587 2282 peccata
1609 2210 1665 2265 id
1681 2212 2050 2268 observetur:

403 2301 591 2372 Opera
620 2300 872 2372 quisque
903 2304 1168 2354 nostrum
1202 2316 1332 2366 sua,
1365 2304 1423 2354 et
1455 2304 1650 2355 motus
1683 2301 1887 2367 animi,
1933 2304 2058 2356 tan-

405 2406 583 2462 quam
609 2388 742 2443 nliis
776 2388 1842 2460 nuntiaturus,notetconscribatque:
1879 2395 2055 2461 atque

405 2478 681 2536 conﬁdite
711 2477 975 2532 futurum
1007 2493 1152 2544 esse,
1180 2481 1261 2543 ut,
1295 2493 1427 2531 cum
1463 2478 1798 2549 nospudeat
1819 2479 1892 2532 ab
1923 2478 2056 2534 aliis

407 2567 703 2639 cognosci,
738 2567 1016 2638 peccandi
1052 2583 1314 2638 prorsus,
1349 2567 1466 2621 imo
1498 2567 1635 2640 quid
1670 2585 1913 2640 pravum
1962 2585 2054 2624 co-

405 2655 655 2730 gitandi,
699 2655 870 2710 ﬁnem
907 2655 1211 2711 faciamus.
1246 2655 1387 2719 Quis
1417 2661 1505 2712 est
1553 2657 1707 2712 enim
1751 2657 1872 2728 qui,
1915 2659 2056 2712 dum

406 2750 626 2818 peccat,
658 2743 840 2799 videri
871 2744 1051 2799 velit?
1074 2749 1175 2799 aut
1206 2745 1337 2816 quis
1357 2751 1486 2816 post
1507 2752 1808 2817 peccatum
1834 2747 2056 2803 admis-

410 2851 542 2890 sum
569 2851 682 2889 non
719 2834 1002 2889 mentitur
1033 2832 1250 2889 latendi
1285 2835 1500 2891 causa?
1535 2835 1697 2890 Sicut
1749 2836 1942 2907 itaque
1999 2837 2056 2890 in

408 2924 660 2980 aliorum
674 2929 989 2996 conspectu
1014 2941 1319 2996 nunquam
1359 2924 1778 2994 scortabimur;
1804 2927 1959 2982 070
1980 2926 2061 2981 ita

412 3013 464 3069 si
497 3012 898 3085 cogitationes,
935 3017 998 3068 ut
1026 3012 1154 3069 aliis
1207 3013 1554 3083 nuntiaturi,
1603 3015 2058 3086 perscribamus,

418 3101 590 3157 nobis
620 3101 816 3174 potius
837 3102 907 3156 ab
931 3102 1200 3158 obscenis
1223 3102 1674 3175 cogitationibus
1705 3103 2059 3170 cavebimus,

419 3191 492 3245 ob
525 3190 816 3246 revelandi
859 3191 1163 3262 pudorem.
1208 3192 1451 3246 Perinde
1478 3193 1674 3264 itaque
1705 3192 1873 3248 nobis
1904 3194 2059 3264 ejus-

2156 605 2314 679 ἡμῶν
2347 609 2375 662 6
2407 605 2570 676 ἥλιος
2602 606 2826 684 ἐπιδύνῃ
2862 628 2874 642 ⁶
2909 607 3077 664 καλὸν
3105 609 3205 684 γὰρ
3237 609 3325 662 καὶ
3357 609 3670 684 ἀναγκαῖον,
3700 611 3809 682 μή·

2155 716 2212 750 τε
2243 696 2333 750 τὸν
2366 696 2528 765 ἥλιον
2548 698 2671 772 περὶ
2703 701 2971 774 ἡμερινῆς
3012 697 3222 768 κακίας,
3277 699 3415 770 μήτε
3442 698 3540 766 τὴν
3573 699 3811 769 σελήνην

2156 785 2278 859 περὶ
2308 795 2622 862 νυκτερινῆς
2678 787 2964 862 ἁμαρτίας,
3023 785 3058 856 ἢ
3107 784 3252 848 ὅλως
3304 784 3669 857 ἐνθνμήσεως,
3711 808 3810 842 κα-

2153 875 2506 947 ταγινώσκειν
2540 878 2722 948 ἡμῶν.
2757 878 2851 931 "lv’
2902 874 2991 929 οὖν
3035 879 3195 930 τοῦτο
3248 878 3381 948 ἡμῖν
3415 877 3808 952 περισώζηται,

2155 961 2321 1017 καλὸν
2352 964 2573 1018 ἀκοῦσαι
2603 968 2678 1037 (3)
2708 969 2803 1019 τοῦ
2855 960 3199 1019 Ἀποστόλου
3242 965 3332 1019 καὶ
3363 964 3592 1040 φυλάξαι
3628 984 3640 997 ’
3672 965 3805 1042 φησί

2156 1052 2258 1127 γάρ
2295 1071 2307 1085 ·
2370 1052 2622 1116 Ἑαντοῦς
2700 1052 3026 1128 ἀνακρίνετε,
3099 1053 3186 1107 καὶ
3266 1053 3486 1115 ἑαυτοὺς
3575 1051 3808 1127 δοκιμάο

2161 1147 2291 1211 ζετε.
2325 1143 2452 1196 Καθ’
2507 1143 2715 1218 ἡμέραν
2761 1144 2939 1198 τοίνυν
2981 1147 3086 1197 τῶν
3147 1145 3420 1218 ἡμερινῶν
3469 1143 3558 1198 καὶ
3583 1147 3690 1198 τῶν
3721 1166 3810 1198 νυ-

2157 1235 2412 1305 κτερινῶν
2473 1232 2716 1306 πράξεων
2771 1233 2861 1287 τὸν
2941 1231 3105 1306 λόγον
3172 1229 3395 1294 ἕκαστος
3450 1234 3575 1307 παρ’
3632 1234 3809 1297 ἑαυτῷ

2160 1315 2483 1392 λαμϐανέτω
2519 1341 2530 1353 ·
2564 1320 2674 1387 καὶ,
2709 1320 2753 1376 εἰ
2794 1321 2886 1394 μὶν
2947 1321 3178 1394 ἥμαρτε,
3228 1319 3478 1375 παυέσθω
3513 1340 3525 1352 ⁶
3559 1321 3606 1374 εἶ’
3635 1317 3692 1374 δὲ
3729 1325 3807 1394 μὴ

2158 1408 2390 1482 ἥμαρτε,
2453 1412 2529 1482 μή
2571 1412 2866 1486 καυχάσθω
2901 1430 2912 1442 ·
2963 1408 3088 1465 ἀλλ’
3147 1409 3446 1482 ἐπιμενὲτω
3502 1414 3581 1481 τῷ
3628 1408 3807 1482 καλῷ,

2159 1499 2245 1552 καὶ
2309 1499 2383 1571 μὴ
2434 1498 2730 1571 ἀμελείτω,
2795 1497 2935 1572 μηδὲ
2991 1501 3352 1575 κατακρινέτω
3403 1500 3495 1554 τὸν
3545 1497 3806 1570 πλησίον,

2165 1584 2303 1659 μηδὲ
2336 1585 2627 1642 δικαιοῦτω
2659 1589 2868 1654 ἑαυτὸν,
2903 1589 2975 1650 ὡς
3029 1590 3169 1642 εἶπεν
3222 1589 3250 1642 6
3285 1589 3546 1661 μακάριος
3572 1587 3809 1644 ἀπόστο-

2160 1676 2256 1738 λος
2291 1676 2527 1743 Παῦλος,
2559 1674 2662 1738 ’ἑως
2695 1677 2750 1731 ἂν
2781 1673 2912 1751 ἔλθῃ
2945 1679 2972 1732 6
3014 1677 3228 1753 Κύριος,
3263 1677 3291 1730 6
3320 1675 3386 1731 τὰ
3414 1678 3626 1753 κρυπτά
3657 1676 3810 1750 ἐρευ-

2160 1770 2285 1821 νῶν.
2320 1763 2601 1828 Πολλάκις
2654 1767 2756 1841 γάρ
2799 1765 2887 1820 καὶ
2934 1764 3177 1834 ἑαυτοὺς,
3238 1765 3290 1820 ἐν
3342 1767 3423 1826 οἷς
3473 1764 3807 1842 πράττομεν,

2163 1854 2496 1927 λανθάνομεν
2531 1874 2542 1886 ·
2576 1855 2665 1909 καὶ
2697 1857 2857 1927 ἡμεῖς
2893 1855 2987 1928 μὲν
3021 1855 3121 1909 οὐκ
3169 1851 3418 1928 οἴδαμεν,
3451 1855 3478 1909 6
3511 1851 3568 1909 δὲ
3610 1854 3812 1930 Κύριος

2161 1939 2565 2016 καταλαμϐάνει
2609 1943 2800 2000 πάντα.
2851 1943 3010 2016 Αὐτῷ
3060 1942 3149 1998 οὖν
3199 1943 3262 1998 τὸ
3319 1949 3489 2019 κρῖμα
3542 1941 3807 2010 διδόντες,

2160 2029 2439 2101 ἀλλήλοις
2489 2033 2922 2106 συμπάσχωμεν,
2970 2031 3059 2086 καὶ
3110 2028 3375 2102 ἀλλήλων
3421 2030 3515 2103 μὶν
3552 2031 3618 2086 τὰ
3665 2031 3808 2107 βάρη

2166 2121 2540 2196 βαστάζωμεν,
2591 2120 2810 2183 ἑαυτοὺς
2850 2118 2906 2175 δὲ
2946 2120 3338 2194 ἀνακρίνωμεκ,
3371 2119 3458 2175 καὶ
3491 2119 3524 2173 ἃ
3557 2121 3811 2196 ὑστεροῦ-

2168 2230 2286 2284 μεν,
2340 2208 2686 2286 ἀναπληροῦν
2747 2207 3156 2284 σπουδαζωμεν.
3207 2211 3384 2264 Ἔστω
3430 2207 3487 2264 δὲ
3532 2210 3620 2264 καὶ
3672 2208 3811 2279 αὕτη

2166 2299 2301 2372 πρὸς
2358 2296 2650 2374 ἀσφάλειαν
2704 2304 2800 2354 τοῦ
2867 2301 2941 2372 μὴ
3016 2299 3338 2375 ἁμαρτάνειν
3386 2301 3764 2374 παρατήρησις
3799 2318 3813 2331 ·

2164 2390 2428 2450 Ἕκαστος
2459 2389 2553 2450 τὰς
2585 2389 2800 2460 πράξεις
2830 2390 2916 2443 καὶ
2949 2389 3014 2442 τὰ
3053 2391 3328 2460 κινήματα
3367 2395 3468 2458 τῆς
3499 2391 3706 2464 ψυχῆς,
3739 2388 3817 2450 ὡς

2171 2474 2467 2550 μέλλοντες
2527 2475 2796 2547 ἀλλήλοις
2855 2477 3258 2552 ἀπαγγέλλειν,
3316 2478 3672 2550 σημειώμεθα
3724 2478 3819 2532 καὶ

2168 2568 2464 2642 γράφωμεν
2502 2585 2516 2598 ’
2549 2567 2638 2621 καὶ
2689 2566 2953 2642 θαῤῥεῖτε,
3015 2565 3120 2634 δτι,
3172 2565 3384 2628 πάντως
3429 2565 3820 2641 αἶσχυτόμενοι

2169 2663 2497 2731 γνωσθῆναι,
2529 2658 2847 2729 παυσόμεθα
2894 2661 2990 2710 τοῦ
3043 2656 3385 2732 ἁμαρτάνειν,
3420 2656 3509 2709 καὶ
3541 2653 3596 2709 ὅ)
3613 2677 3688 2716 ως
3720 2660 3822 2710 τοῦ

2171 2744 2512 2817 ἐνθυμεῖσθαί
2544 2766 2595 2799 τι
2626 2743 2853 2819 φαῦλον.
2902 2744 2998 2806 Τίς
3048 2745 3152 2819 γὰρ
3203 2746 3278 2817 (4)
3315 2743 3636 2820 ἁμαρτάνω»
3672 2741 3819 2807 θέλε.

2175 2832 2462 2909 βλέπεσθαι
2500 2832 2578 2902 ;ἢ
2637 2834 2720 2894 τίς
2778 2835 3112 2909 ἁμαρτήσας,
3169 2831 3231 2886 οὐ
3287 2831 3502 2904 μᾶλλον
3541 2829 3819 2906 ψεύδεται,

2173 2919 2450 2976 λανθάνειν
2484 2920 2657 2984 θὲλων
2689 2948 2703 2992 ;
2730 2925 2928 2996 ’Ὠςπερ
2961 2919 3052 2976 οὗν
3089 2919 3376 2996 βλέποντες
3407 2918 3825 2992 ἀλλήλους,οὐκ

2172 3011 2231 3064 ἂν
2261 3009 2679 3085 πορνεύσαιμεν,
2735 3009 2931 3078 οὕτως,
2982 3008 3068 3064 ἐὰν
3115 3010 3189 3071 ὡς
3243 3006 3672 3085 ἀπαγγέλλοντες
3714 3006 3821 3062 ἀλ-

2174 3100 2372 3171 λήλοις
2401 3099 2528 3162 τοὺς
2561 3097 2858 3176 λογισμοὺς
2889 3100 3207 3176 γράφωμεν,
3247 3096 3458 3172 μᾶλλον
3503 3100 3820 3173 τηρήσομεν

2174 3189 2395 3251 ἑαυτοὺς
2428 3189 2534 3243 ἀπὸ
2584 3187 2867 3265 λογισμῶν
2919 3187 3194 3265 ῥυπαρῶν,
3241 3187 3623 3262 αἰσχυνόμενοι
3675 3208 3823 3262 γνω-

420 3276 578 3330 modi
611 3276 851 3348 scriptio
883 3277 959 3332 sit
989 3281 1164 3350 atque
1196 3283 1523 3334 ascetarum
1564 3279 1737 3346 oculi,
1793 3284 1854 3335 ut
1900 3296 2052 3352 reque

2179 3281 2388 3348 σθῆται.
2422 3280 2598 3333 Ἔστω
2640 3277 2728 3332 οὖν
2780 3280 2916 3350 ἡμῖν
2965 3277 3026 3331 τὸ
3077 3277 3308 3352 γράμμα
3353 3277 3467 3330 ἀντι
3518 3275 3821 3354 ὀφθαλμῶν

417 3364 797 3438 scriptionem
830 3383 896 3421 ac
923 3365 1167 3421 aliorum
1202 3373 1581 3440 conspectum
1630 3371 2060 3436 erubescentes,

417 3470 596 3527 prava
627 3471 698 3510 ne
720 3455 1049 3528 cogitemus
1081 3456 1339 3528 quidem.
1375 3457 1504 3513 Haec
1541 3457 1590 3513 si
1650 3457 1817 3514 nobis
1879 3459 2064 3515 forma

2175 3369 2283 3423 τῶν
2341 3372 2707 3438 συνασκητῶν’
2762 3365 2870 3438 ἵνα,
2925 3365 3273 3441 ἐρυθριῶντες
3347 3365 3567 3440 γράφειν
3627 3365 3700 3427 ὠς
3757 3364 3822 3419 τὸ

2181 3455 2495 3532 βλέπεσθαι,
2529 3458 2657 3530 μήθ’
2698 3454 2844 3517 ὅλως
2895 3454 3281 3528 ἐνθυμηθῶμεν
3329 3454 3396 3509 τά
3451 3453 3824 3530 φαῦλαόῧτω

1829 3565 2078 3623 VERSIO
2118 3565 2430 3622 EVAGRII.

420 3657 598 3712 quam
632 3646 964 3697 nostrorum
999 3643 1184 3716 autin
1221 3643 1738 3710 nocteluna,autin
1772 3646 1959 3701 diesol
1986 3647 2150 3702 testis
2181 3647 2517 3701 abscederet
2547 3645 2708 3716 (5-6).
2735 3644 2895 3700 Illius
2926 3659 3160 3716 quoque
3177 3643 3531 3716 admonebat
3554 3644 3828 3716 praecepti

422 3729 712 3790 memores
744 3730 892 3790 esse,
925 3731 1040 3790 quo
1070 3715 1315 3790 dicitur:
1353 3717 1660 3788 Drjudirate
1687 3721 2052 3789 vosmetipsos,
2087 3727 2136 3772 et
2163 3719 2408 3790 probate,
2444 3723 2506 3771 ut
2531 3715 2967 3790 rationemidici
3001 3715 3304 3790 noctisque
3338 3715 3653 3790 facientes,
3675 3715 3726 3768 si
3761 3715 3823 3770 in

422 3801 486 3840 se
517 3785 790 3860 delictum
815 3787 1372 3860 deprehendissent,
1407 3785 1642 3860 peccare
1665 3785 2031 3845 desisterent.
2064 3785 2174 3844 Sin"
2196 3785 2400 3844 autem
2422 3789 2620 3844 nullus
2637 3805 2797 3844 error
2819 3787 3163 3858 decepisset,
3187 3785 3618 3860 perseverantes
3640 3786 3827 3860 insta-

425 3861 556 3912 rent
587 3858 780 3929 potius
811 3858 1279 3984 incmpto,quam
1307 3858 1637 3944 arrogantia
1656 3863 1863 3916 tumidi
1903 3871 1999 3916 aut
2021 3861 2168 3914 alios
2200 3867 2664 3926 contemnerent,
2723 3861 2832 3917 sibi
2858 3859 3151 3930 justitiam
3191 3858 3595 3924 ’vindicarent,
3647 3858 3826 3939 juxta

425 3945 600 3984 suum
628 3930 763 3984 dicti
796 3931 1052 3984 doctoris
1082 3946 1112 3984 e
1139 3933 1379 3984 oauium
1414 3934 1661 3984 dicentis
1681 3949 1694 3984 :
1717 3935 1894 3984 Nolite
1922 3936 2178 3984 iudicare
2209 3938 2341 3984 ante
2372 3943 2612 3984 (smnus:
2643 3933 2833 3984 magis
2863 3932 3071 3984 debere
3084 3947 3184 3984 eos
3214 3929 3448 3984 Christi.
3471 3930 3563 3984 cui
3594 3929 3706 3984 soli
3729 3945 3826 3984 oc-

423 3945 600 4053 supra
628 3930 763 3984 dicti
796 3929 1052 3986 doctoris
1082 3929 1379 4002 eloquium
1414 3929 1661 3989 dicentis
1681 3949 1694 3989 :
1717 3935 1894 3989 Nolite
1911 3936 2178 4005 judicare
2209 3938 2341 3989 ante
2372 3943 2612 4005 tempus;
2643 3933 2833 4005 magis
2861 3929 3071 3986 debere
3084 3947 3184 3986 eos
3214 3929 3448 4001 Christi,
3471 3930 3563 3984 cui
3594 3929 3706 3984 soli
3729 3945 3826 3985 oc-

424 4016 492 4053 cu
525 4005 582 4053 ta
614 4006 832 4053 natent.
868 4019 1160 4053 reservare
1192 4005 1428 4053 iudicio.
1457 4005 1667 4053 Multas
1698 4022 1844 4053 esse-
1881 4012 1944 4053 nt
1965 4005 2247 4053 scrintnm
2284 4011 2393 4053 est.
2428 4008 2570 4053 vias-
2603 4021 2728 4053 unm
2760 4004 3028 4053 videntur
3055 4003 3392 4053 hominibus
3416 4001 3723 4053 iustased
3761 4001 3826 4053 ﬁ-

424 4001 582 4056 culta
612 4006 1160 4076 patent,ireservare
1185 4001 1428 4074 judicio.
1457 4005 1667 4060 Multas
1698 4022 1846 4072 esse,
1881 4001 1944 4060 ut
1965 4005 2248 4076 scriptum
2284 4011 2393 4071 est,
2428 4001 2572 4072 vias,
2603 4021 2728 4075 quae
2746 4001 3028 4076 'videntur
3055 4001 3723 4076 bominibusjustae_,sed
3761 4001 3826 4054 ﬁ-

425 4089 532 4149 nes
558 4089 760 4149 earum
793 4075 862 4128 ad
893 4072 1244 4149 profundum
1282 4077 1840 4149 respicereinferni:
1875 4094 2027 4149 saepe
2060 4072 2384 4149 nostranon
2414 4093 2584 4148 posse
2599 4072 2703 4149 nos
2725 4075 3050 4147 intelligere
3079 4081 3501 4149 pe_ccata,saape
3524 4072 3828 4149 falliigno-

425 4144 650 4220 ratione
682 4146 757 4220 (7)_
784 4144 1114 4220 gestorum:
1149 4147 1306 4220 aliud
1342 4144 1471 4203 esse
1493 4148 1589 4204 Dei
1624 4155 1832 4204 cuncta
1864 4144 2482 4220 cernentisjudiciuin,
2515 4148 2614 4220 qui
2648 4165 2760 4202 non
2794 4164 2859 4202 ex
2891 4144 3198 4218 superficie
3229 4161 3561 4217 corporum,
3613 4144 3714 4199 sed
3759 4161 3830 4200 ex

424 4216 711 4271 mentium
735 4217 964 4292 judicat
991 4219 1220 4292 arcanis
1245 4237 1256 4286 ;
1291 4236 1524 4292 aequum
1552 4226 1744 4276 autem
1775 4237 1903 4276 esse
1927 4238 2031 4276 nos
2051 4216 2218 4276 nobis
2237 4216 2574 4292 compati,et
2603 4218 2848 4292 invicem
2878 4216 3056 4274 onera
3086 4223 3284 4292 nostra
3306 4216 3534 4292 portare
3552 4234 3578 4292 :_
3599 4220 3664 4271 ut
3683 4232 3828 4271 con-

429 4304 590 4343 cesso
621 4289 886 4365 examine
916 4289 1218 4365 Salvatori,
1238 4289 1528 4365 proprias
1548 4292 1938 4365 conscientias
1971 4289 2720 4365 nosmetipsos—judicantes
2740 4291 3126 4365 intueremur.
3161 4289 3395 4365 Necnon
3437 4289 3665 4365 dicebat
3696 4305 3829 4365 ma-

424 4374 600 4437 gnam
633 4375 759 4437 esse
790 4361 859 4414 ad
893 4361 1162 4437 virtutem
1194 4359 1376 4437 viam,
1406 4364 1454 4437 si
1487 4364 1705 4437 singuli
1727 4364 1812 4437 vel
1832 4365 2207 4420 observarent
2227 4359 2762 4437 'quid'agerent(8),
2784 4361 2868 4417 vel
2890 4362 3190 4437 universas
3215 4361 3498 4416 mentium
3523 4359 3830 4432 cogitatio-

429 4447 534 4508 nes
564 4431 846 4508 fratribus
873 4435 1174 4508 referrent.
1193 4433 1316 4508 Non
1341 4431 1494 4490 enim
1514 4431 1683 4508 posse
1712 4435 1965 4507 aliquem
1986 4431 2398 4508 peccarefcum
2416 4431 2706 4508 rélaturu‘s
2724 4431 2965 4490 'essetad
2993 4432 3172 4488 alium
3188 4448 3570 4508 quaecumque
3592 4431 3833 4503 peccas-

427 4505 515 4557 set
546 4520 558 4567 ;
593 4503 878 4586 et‘subire
909 4506 1187 4586 pudorem
1213 4507 1269 4560 in
1302 4503 1598 4586 publicum
1625 4503 1828 4586 turpia
1845 4503 2458 4586 proferendiDenique
2479 4506 2707 4586 nullum
2729 4503 3430 4586 peccantem,coram.alio
3461 4504 3830 4586 auderepec-

427 4589 556 4651 care
580 4573 855 4651 getiamsi
883 4573 1096 4651 peccet.
1123 4573 1316 4651 tamen
1349 4583 1559 4634 testem
1591 4573 1770 4634 vitare
1807 4573 2045 4651 peccati,
2083 4580 2314 4634 mentiri
2337 4573 2525 4651 magis
2556 4584 2612 4634 et
2642 4573 2874 4650 negare,
2907 4585 2965 4633 et
2993 4583 3161 4651 vetus
3191 4575 3470 4631 delictum
3503 4591 3648 4651 novo
3692 4573 3831 4651 infi-

429 4645 618 4723 ciandi
661 4645 1135 4723 angoredelicto.
1163 4649 1346 4723 Igitur
1375 4651 1544 4720 quasi
1578 4651 1693 4723 sub,
1720 4645 1924 4718 oculis,
1951 4652 2158 4719 aiebat,
2194 4653 2411 4706 nostris
2437 4645 2499 4723 et
2521 4645 2775 4723 cogitatu
2800 4649 3219 4723 confundimur
3247 4653 3304 4702 et
3333 4653 3488 4723 actu,
3519 4647 3567 4702 si
3619 4647 3833 4723 omnia

429 4718 1077 4794 r_eferenda”faciamus;
1104 4718 1287 4776 multo
1318 4718 1512 4777 autem
1548 4722 1754 4791 magis,
1789 4723 1835 4777 si
1870 4730 2105 4794 peccata
2137 4718 2338 4779 nostra
2371 4718 2621 4777 ﬁdeliter
2647 4722 3045 4778 describentes
3075 4721 3414 4794 digeramus
3453 4721 3510 4772 in
3535 4719 3828 4794 ordinem.

428 4791 593 4845 Tunc
619 4807 750 4845 vero
779 4793 1077 4865 annotatio
1108 4793 1449 4848 delictorum
1485 4789 1727 4849 fratrum
1752 4789 2043 4850 videbitur
2073 4796 2244 4850 oculi.
2281 4796 2337 4850 Si
2370 4794 2713 4849 timebimus
2743 4794 2961 4865 peccati
2985 4789 3164 4848 ceras‘
3204 4791 3491 4865 conscias,
3547 4789 3656 4861 ipsi
3721 4807 3832 4865 nos

427 4867 676 4934 arguent
697 4864 911 4936 apices,
938 4867 1296 4935 etquomodo
1329 4867 1734 4921 meretricibus
1766 4868 2030 4922 membra
2058 4867 2393 4934 miscentes,
2426 4863 2946 4921 confundunturad
2972 4864 3338 4936 praesentiam
3355 4868 3691 4936 eteterorum
3713 4863 3834 4936 ;_ita

427 4939 482 4988 et
515 4951 621 5021 nos
652 4934 1173 5021 erubescemu’s‘ad
1201 4937 1441 5021 litteras.
1476 4941 1605 4993 Haec
1636 4955 1902 5021 agamus,
1936 4938 2044 4994 hac
2074 4939 2304 4994 virtutis
2334 4937 2673 5010 gradiamur
2699 4938 2789 4993 via
2809 4939 2905 5009 (9),
2938 4934 2993 4992 et
3015 4952 3258 5008 corpora
3288 4935 3584 4991 mentibus
3623 4934 3831 5006 subju-

422 5012 647 5076 gentes,
681 5007 1040 5077 perniciosas
1062 5007 1275 5064 diaboli
1309 5026 1373 5064 eo
1405 5013 1666 5065 teramus
1681 5007 1962 5066 insidias.

496 5116 544 5149 '9
566 5115 610 5169 ll
641 5118 765 5170 Cor.
789 5133 910 5181 χιιι,
932 5119 988 5173 5.
1067 5121 1083 5154 ¹
1120 5119 1139 5172 Ι
1169 5119 1297 5174 Cor.
1333 5135 1406 5186 IV,
1432 5120 1505 5184 5;
1539 5121 1701 5174 Rom.
1735 5136 1799 5189 Il,
1834 5119 1920 5173 16.
1997 5119 2052 5169 ἰ

2169 5121 2230 5173 ιι.
2254 5133 2329 5185 νι,
2359 5120 2414 5171 2.

497 5222 689 5346 (3pm
722 5223 930 5314 [tegius
966 5226 1014 5287 1,
1047 5227 1100 5312 ξ,
1152 5226 1312 5280 Colb.
1358 5227 1410 5312 2‘
1451 5231 1506 5279 et
1553 5225 1724 5281 Savil.
1759 5225 1909 5279 Editi
1940 5242 2073 5281 vero

513 5309 546 5346 8.
571 5309 631 5346 ll.
687 5295 736 5346 Ιν
779 5313 869 5346 ουν
904 5293 954 5346 ἐν
990 5315 1166 5346 mutu)
1195 5296 1329 5346 ἡμὶν
1360 5317 1421 5346 το
1463 5295 1629 5346 καλὸν
1680 5296 2071 5346 πεοισώῖηται-

425 5297 481 5348 et
497 5289 754 5371 ‘a-lii,_"lvf
779 5289 869 5348 οὖν
904 5293 954 5348 ἐν
990 5289 1166 5367 ιούτῳ
1195 5296 1329 5368 ἡμὶν
1360 5296 1421 5350 τὸ
1463 5295 1629 5350 καλὸν
1680 5296 2072 5371 περισώζηται,

424 5362 591 5417 καλὸν
623 5363 866 5422 ἀκοῦσαι.

499 5437 576 5515 (4)
610 5439 703 5515 Sic
743 5455 975 5515 omnes“
1003 5439 1419 5515 manuscriptj.
1456 5439 1628 5510 Editi,
1674 5439 1741 5496 Ti
1793 5441 2077 5515 γάρ-Μοκ

431 5509 638 5585 Regius
668 5514 723 5585 ξ,
755 5511 980 5585 Colb._3
1011 5515 1067 5566 et
1096 5509 1640 5585 8ηνὶ1.,’βλὲπεσθαιι,
1699 5509 1874 5568 recte:
1923 5512 2074 5568 Editi

429 5584 485 5633 et
515 5580 635 5654 alii,
673 5579 1017 5654 βλάπτεσθαι.

503 5652 642 5725 (5-6)
670 5652 760 5707 Sic
786 5654 1168 5725 manuscripti
1190 5671 1414 5709 omnes.
1445 5654 1592 5709 Editi
1621 5660 1937 5724 vero,testes
1957 5655 2074 5710 abs-

430 5720 697 5776 cederent.
732 5729 855 5781 Mox
886 5726 1066 5797 aliqui
1089 5720 1507 5798 "manuscripti,
1553 5720 1812 5798 praecepti
1847 5742 1949 5799 quo
1986 5725 2071 5781 di-

2374 5223 2526 5349 Editi
2557 5239 2713 5294 vero,
2744 5225 3009 5295 praecepti
3044 5237 3307 5279 memores
3364 5237 3493 5292 esse,
3553 5220 3693 5294 quod
3741 5221 3837 5277 ἀι-

2185 5313 2230 5350 cz
2322 5312 2351 5350 δ
2416 5311 2481 5350 ιε.

2183 5311 2256 5351 ειι
2283 5311 2351 5350 ae
2378 5311 2481 5350 ms.

2199 5440 2208 5451 .
2257 5368 2332 5438 (7)
2353 5367 2453 5451 ‘S_ic
2486 5365 2876 5440 manuscripti
2899 5366 3136 5440 quidam
3171 5364 3407 5438 optime.
3467 5363 3613 5420 Editi
3673 5381 3834 5431 vero,

2186 5443 2243 5493 in
2277 5443 2511 5494 ratione.

2257 5510 2334 5581 (8)
2364 5510 2458 5565 Sic
2489 5509 2894 5581 manuscripti.
2921 5508 3247 5581 Editivero,
3280 5508 3409 5578 quid
3431 5523 3722 5581 gererem.

2277 5579 2332 5653 9)
2363 5582 2450 5655 Ita
2480 5579 2885 5655 manuscripti.
2914 5579 3093 5655 ‘Editi
3143 5585 3364 5649 autem,
3415 5579 3475 5636 Si
3530 5580 3644 5636 haec
3690 5597 3837 5650 aga-

2183 5668 2328 5725 mus,
2361 5654 2502 5710 hanc
2531 5656 2756 5711 virtutis
2786 5652 3121 5725 emetiamur
3152 5655 3321 5709 viam.
