4074 6328
321 408 437 470 925

1689 409 1872 470 VlTA
1915 407 1978 468 S.
2020 408 2365 471 ANTONII.

3605 403 3723 465 926

321 537 379 593 ὁὶ
425 543 718 601 τυποῦντες
772 537 1017 606 ἑαυτοὺς,
1100 538 1443 614 δυνησόμεθα
1498 538 1862 616 δουλαγωγεῖν
1905 539 1961 594 τὸ

2081 539 2310 595 vivendi
2346 541 2441 612 sit,
2493 557 2705 613 corpus
2755 541 3028 611 subigere
3076 539 3422 606 valebimus,
3473 526 3719 594 Domino

319 631 500 700 σῶμα,
529 628 619 682 καὶ
652 628 898 698 ἀρέσκειν
935 629 1027 702 μὶν
1059 634 1136 701 τῷ
1167 630 1368 707 Κυρίῳ,
1401 634 1583 685 πατεῖν
1629 627 1686 684 δὲ
1729 630 1825 693 τὰς
1869 632 1966 682 τοῦ

321 715 531 792 ἐχθροῦ
555 714 860 790 μεθοδείας.

387 808 475 864 56.
509 810 682 861 Ταῦτα
715 808 809 879 μὲν
840 812 956 870 τοῖς
986 807 1269 862 ἀπαντῶσι
1319 806 1691 884 παρήγγελλε·
1743 813 1857 869 τοῖς
1909 805 1966 862 δὲ

317 895 591 970 πάσχουσι
621 895 922 972 συνέπασχε
967 897 1056 951 καὶ
1102 897 1421 972 ετυνηύχετο⁹
1472 894 1743 958 πολλάκις
1787 917 1846 951 τε
1873 897 1962 950 καὶ

317 983 368 1038 ἓν
404 981 640 1046 πολλοῖς
675 986 702 1038 ὁ
753 984 958 1060 Κύριος
1010 987 1273 1056 ἐπήκουεν
1320 988 1428 1058 (9⁸)
1483 985 1666 1040 αὐτοῦ·
1716 986 1806 1040 καὶ
1841 982 1964 1040 οὔτε

317 1071 719 1146 ίπακουόμενος
754 1073 1044 1150 ἐκαυχᾶτο,
1080 1072 1203 1129 οὔτε
1239 1077 1314 1148 μή
1359 1075 1758 1148 ἐπακοσόμενος
1809 1069 1960 1150 ἐγόγ-

315 1167 494 1236 γυζεν’
528 1161 654 1217 ἀλλ’
681 1162 759 1216 ἀεὶ
787 1164 882 1235 μὲν
917 1163 1073 1225 αὐτὸς
1106 1163 1427 1239 ηὐχαρίστει
1455 1168 1535 1236 τῷ
1581 1162 1782 1238 Κυρίῳ,
1832 1164 1959 1226 τοὺς

317 1248 375 1305 δὶ
431 1253 741 1326 πάσχοντας
797 1250 1088 1326 παρεκάλει
1148 1255 1544 1328 μακροθυμεῖν,
1597 1253 1686 1307 καὶ
1741 1249 1958 1324 εἰδέναι,

316 1338 399 1394 δτι
431 1337 554 1395 οὕτε
578 1339 762 1408 αὐτοῦ,
824 1338 938 1405 οὗθ’
989 1339 1137 1404 ὅλως
1193 1341 1492 1416 ἀνθρώπων
1541 1341 1681 1396 ἐστὶν
1732 1343 1765 1410 ἡ
1801 1342 1958 1416 θερα-

315 1429 456 1499 πεία,
490 1427 634 1485 ἀλλὰ
669 1430 828 1501 μόνον
875 1435 971 1484 τοῦ
1017 1435 1150 1498 Θεοῦ
1192 1434 1287 1485 τοῦ
1333 1435 1645 1502 ποιοῦντος,
1678 1429 1767 1485 ὅτε
1791 1427 1957 1502 θέλει,

314 1517 403 1573 καὶ
435 1519 514 1579 οἷς
544 1516 799 1593 βούλεται
828 1521 963 1591 (10).
997 1520 1066 1576 Οἱ
1097 1519 1187 1573 οῦν
1220 1518 1523 1596 πάσχοντες
1558 1519 1630 1581 ὡς
1675 1519 1956 1593 θεραπείαν

315 1603 565 1683 ἐδέχοντό
595 1605 840 1669 καὶτοὺς
895 1606 1100 1682 λόγους
1149 1612 1244 1662 τοῦ
1294 1607 1566 1683 γέροντος,
1604 1607 1960 1681 μανθάνοντες

312 1695 399 1749 καὶ
432 1694 584 1749 αὐτοὶ
619 1695 695 1768 μὴ
728 1695 1044 1770 ὀλιγωρεῖν,
1082 1698 1448 1772 μακροθυμεῖν
1486 1695 1541 1752 δὲ
1585 1696 1819 1770 μᾶλλον·
1869 1697 1958 1752 καὶ

314 1785 367 1838 οἱ
397 1783 819 1859 θεραπευόμενοι
853 1783 909 1840 δὲ
941 1783 1290 1841 ἐδιδάσκοντο
1322 1788 1395 1859 μή
1429 1792 1508 1859 τῷ
1551 1786 1823 1860 Ἀντωνίῳ
1873 1786 1957 1841 εὖ·

313 1877 610 1948 χαριστεῖν,
645 1871 790 1929 ἀλλὰ
815 1879 896 1948 τῷ
927 1879 1040 1947 Θεῷ
1073 1876 1244 1948 μόνῳ.

382 1965 473 2020 57.
506 1961 601 2026 Εἷς
629 1967 758 2038 γοῦν
804 1964 1059 2040 Φρόντων
1100 1963 1461 2038 καλούμενος,
1521 1965 1626 2021 ἀπὸ
1686 1964 1962 2021 Παλατίου

311 2053 623 2126 τυγχάνων,
657 2053 745 2107 καὶ
771 2052 942 2117 πάθος
991 2050 1133 2128 ἔχων
1187 2051 1359 2109 δεινὸν
1411 2056 1509 2124 τήν
1559 2077 1616 2109 τε
1646 2057 1747 2130 γὰρ
1779 2055 1960 2131 γλῶτ-

310 2161 419 2196 των
466 2139 655 2195 ἑαυτοῦ
711 2143 968 2212 κατήσθιε
1001 2187 1014 2212 ,
1071 2141 1161 2197 καὶ
1210 2141 1338 2204 τοὺς
1393 2143 1709 2217 ὀφθαλμοὺς
1761 2139 1962 2217 ἔμελλε

317 2228 670 2305 βλάπτεσθαι,
721 2229 979 2286 εἷ’σελθὼν
1032 2230 1107 2294 εἰς
1162 2230 1224 2286 τὸ
1257 2228 1402 2305 ὅρος,
1431 2234 1586 2306 ἠξίου
1615 2234 1705 2288 τὸν
1755 2235 1961 2290 Ἀντώο

313 2339 426 2373 νιον
459 2315 696 2389 εὔξεσθαι
728 2319 850 2395 περὶ
884 2319 1067 2376 αὐτοῦ.
1103 2322 1159 2372 Ὀ
1209 2319 1265 2376 δὲ
1318 2322 1630 2395 εὐξάμενος,
1689 2321 1838 2400 ἔλεγε
1884 2329 1962 2396 τῷ

315 2404 618 2484 Φρόντωνι.
651 2409 907 2479 Ἀπελθε,
940 2414 1029 2467 καὶ
1086 2412 1372 2489 θεραπεύῃ,
1423 2417 1536 2470 Τοῦ
1587 2411 1643 2468 δὲ
1701 2417 1958 2489 βιασαμέ-

311 2519 425 2568 νου,
485 2497 573 2553 καὶ
637 2500 922 2572 μείναντος
973 2497 1123 2556 ἔνδον
1178 2500 1411 2576 ἡμέρας,
1467 2502 1690 2576 ἐπέμενε
1721 2503 1898 2580 λέγων
1932 2507 1960 2560 ὁ

311 2588 632 2649 Ἀντώνιος·
669 2591 746 2646 Οὐ
780 2585 982 2662 δυνήσῃ
1017 2587 1188 2662 μὲνων
1223 2586 1330 2643 ὦδε
1385 2591 1798 2664 θεραπευθῆναι.
1843 2594 1964 2664 Ἕξ-

314 2673 456 2747 ελθε,
487 2676 576 2730 καὶ
603 2678 802 2754 φθάσας
858 2677 932 2740 εἷς
981 2680 1080 2746 τὴν
1135 2675 1431 2752 Αἴγυπτον,
1481 2675 1600 2753 ὄψει
1653 2681 1712 2735 τὸ
1744 2682 1962 2756 γινόμε-

308 2786 400 2819 νον
432 2765 506 2827 είς
537 2765 594 2818 σε
627 2771 876 2839 σημεῖον.
932 2765 1224 2829 Ηιστεῦσας
1277 2767 1480 2830 ἐκεῖνος
1525 2767 1716 2839 ἐξῆλθε
1770 2771 1858 2825 καὶ
1887 2771 1962 2834 ὡς

315 2854 480 2926 μόνον
513 2851 620 2908 εἶδε
647 2855 747 2922 τὴν
780 2853 1078 2929 Αἴγυπτον,
1129 2854 1370 2910 πέπαυτο
1417 2861 1514 2911 τοῦ
1562 2857 1763 2921 πάθους
1825 2863 1960 2934 (11),

312 2944 400 2997 καὶ
435 2944 651 3018 γέγονεν
687 2945 842 3019 ὑγιὴς
873 2946 901 2998 ὁ
934 2942 1216 3021 ἄνθρωπος
1246 2946 1381 3000 κατᾶ
1408 2947 1499 3000 τὸν
1539 2946 1700 3024 λόγον
1754 2949 1962 3005 Ἀντω-

320 3032 460 3100 νίου,
495 3033 552 3087 ’ὸν
588 3032 872 3104 εὐξάμενος
906 3027 1070 3106 ἔμαθε
1099 3034 1245 3110 παρᾶ
1272 3039 1369 3089 τοῦ
1402 3042 1684 3112 Σωτῆρος.

391 3123 485 3177 58.
537 3120 809 3197 Παρθένος
871 3119 926 3176 δὲ
971 3143 1052 3184 τις
1102 3122 1206 3178 ἀπὸ
1261 3125 1567 3200 Βουσίρεως
1611 3133 1710 3196 τῆς
1761 3121 1966 3204 Τριπὸ-

324 3207 466 3272 λεως
495 3210 664 3274 πάθος
719 3211 834 3286 εἶχε
866 3208 1036 3266 δεινὸν
1069 3211 1156 3266 καθ
1189 3211 1306 3268 λίαν
1340 3213 1588 3290 αἰσχρόν.
1640 3216 1713 3270 Τὰ
1753 3238 1811 3271 τε
1859 3217 1962 3293 γὰρ

323 3295 529 3375 δάκρυα
568 3299 756 3368 αὐτῆς,
825 3301 910 3354 καὶ
963 3302 1017 3355 αἱ
1071 3301 1249 3374 μύξαι,
1299 3301 1390 3356 καί
1440 3304 1506 3358 τὰ
1555 3304 1613 3359 ἐκ
1660 3310 1766 3360 τῶν
1812 3305 1966 3361 ὠτων

322 3388 453 3463 ὑγρά
507 3387 776 3444 πίπτοντα
829 3389 1027 3465 χαμαὶ,
1089 3391 1373 3462 σκώΛηκες
1420 3391 1572 3456 εὐθὺς
1605 3393 1862 3469 ἐγίνοντο·
1895 3397 1960 3466 ἦν

320 3473 377 3531 δὲ
402 3479 491 3532 καὶ
520 3478 581 3532 τὸ
613 3482 770 3551 σῶμα
818 3478 1267 3554 παραλελυμὲνη,
1320 3482 1409 3535 καὶ
1461 3481 1591 3546 τοὺς
1648 3483 1965 3562 ὀφθαλμοὺς

319 3564 464 3641 εἶχεν
497 3565 559 3620 οὐ
591 3567 724 3622 κατὰ
755 3567 930 3645 φύσιν.
981 3568 1188 3640 Ταύτης
1222 3569 1272 3624 οἱ
1304 3575 1481 3645 γονεῖς
1515 3573 1772 3644 μαθόντες
1802 3574 1966 3652 ἀπερ-

317 3657 592 3730 χομένους
641 3657 775 3731 πρὸς
826 3654 916 3712 τὸν
963 3659 1256 3714 Ἀντώνιον
1320 3661 1596 3736 μοναχοῦς
1651 3663 1963 3719 πιστεῦσαν·-

313 3765 400 3805 τες
459 3750 538 3818 τῷ
595 3746 772 3819 Κυρίῳ
824 3751 902 3820 τῷ
957 3748 1054 3816 τὴν
1117 3748 1485 3825 αἱμορῥοῦσαν
1543 3754 1654 3824 (12)
1708 3755 1965 3829 θεραπεύ-

315 3854 488 3903 σαντι,
521 3836 758 3908 ἠξίωσαν
819 3839 952 3909 μετᾶ
1004 3843 1102 3906 τῆς
1152 3839 1414 3914 θυγατρός
1469 3837 1779 3896 συνοδεῦσαι
1835 3843 1964 3898 τού-

2079 628 2327 700 plaeere,
2363 635 2536 702 atque
2570 630 2815 684 insidias
2847 629 3070 684 inimici
3102 629 3345 684 calcare.

2144 809 2232 862 56.
2269 809 2392 864 Haec
2426 826 2487 866 se
2531 809 2886 864 adeuntibus
2947 809 3187 864 tradidit
3220 812 3524 881 priscepta.
3559 807 3717 863 Afﬂi-

2074 901 2421 970 ctorumque
2452 899 2632 953 vicem
2662 898 2897 953 dolebat
2930 903 2985 953 et
3020 915 3133 952 una
3159 914 3289 952 cum
3314 896 3430 952 illis
3455 897 3707 969 precaba

2071 989 2204 1048 tur;
2242 1004 2306 1042 ac
2339 1003 2488 1058 szppe
2538 987 2592 1040 in
2645 987 2964 1058 multisque
3020 987 3328 1042 exauditus
3377 1003 3408 1041 a
3465 987 3714 1041 Domino

2072 1075 2184 1131 fuit
2216 1092 2229 1130 :
2266 1093 2369 1130 nec
2400 1082 2596 1131 tamen
2630 1076 2726 1131 ille
2757 1093 2822 1132 ea
2855 1079 2926 1131 de
2967 1093 3144 1131 causa
3197 1075 3577 1148 gloriabatur,
3612 1091 3719 1132 nec

2071 1164 2116 1218 si
2155 1181 2264 1220 non
2301 1166 2676 1220 exaudiretur
2698 1167 3126 1230 murmurabat,
3170 1166 3270 1221 sed
3323 1181 3555 1237 semper
3590 1181 3719 1237 gra-

2069 1253 2166 1309 tiis
2199 1254 2446 1308 Domino
2477 1256 2642 1322 actis,
2675 1255 2909 1309 afﬂictis
2941 1261 3144 1309 auctor
3172 1259 3296 1309 erat
3326 1258 3391 1309 ut
3440 1255 3590 1309 bono
3621 1270 3716 1308 es-

2069 1348 2200 1398 sent
2225 1343 2442 1410 animo,
2471 1349 2824 1412 nossentque
2851 1343 3078 1398 necsibi
3107 1343 3499 1414 neccuiquam
3531 1341 3718 1398 homi-

2070 1448 2209 1487 num
2245 1433 2438 1488 inesse
2471 1432 2742 1487 medendi
2776 1431 3132 1497 facultatem,
3162 1432 3262 1486 sed
3299 1431 3405 1487 soli
3441 1432 3716 1501 Deo,qui,

2070 1540 2185 1596 quo
2217 1528 2478 1596 tempore
2509 1523 2844 1595 quibusque
2892 1523 3054 1593 libet,
3110 1523 3393 1579 beneﬁcia
3438 1522 3713 1595 impertit.

2049 1614 2204 1678 Quae
2232 1614 2409 1668 verba
2439 1613 2607 1685 aegris
2629 1611 2861 1668 medelae
2886 1611 3009 1668 loco
3029 1616 3195 1668 erant
3228 1629 3240 1667 :
3278 1611 3372 1684 qui
3400 1611 3557 1668 senis
3581 1626 3712 1666 eru-

2070 1702 2174 1757 diti
2204 1703 2598 1767 sermonibus,
2631 1701 2969 1757 ediscebant
3000 1718 3112 1756 non
3161 1700 3427 1756 animum
3462 1701 3712 1772 despon-

2069 1791 2227 1857 dere,
2259 1792 2358 1846 sed
2391 1790 2663 1847 alacriter
2691 1793 2885 1862 potius
2915 1791 3180 1859 tolerare,
3215 1795 3272 1846 et
3303 1791 3402 1862 qui
3433 1790 3714 1846 curaban-

1992 1900 2039 1965 B
2069 1885 2185 1947 tur,
2219 1897 2332 1936 non
2366 1881 2640 1945 Antonio,
2669 1881 2767 1936 sed
2806 1886 2914 1935 Deo
2945 1880 3050 1935 soli
3083 1880 3302 1952 gratias
3333 1897 3522 1952 agere.

2139 1971 2228 2024 57.
2261 1969 2504 2032 Quidam
2539 1972 2692 2023 certe
2724 1969 2806 2022 vir
2852 1969 3090 2024 nomine
3133 1969 3361 2032 Fronto,
3395 1967 3715 2036 Palatinus,

2071 2075 2204 2114 cum
2236 2057 2394 2130 gravi
2428 2059 2628 2113 morbo
2661 2057 2968 2124 laboraret,
3004 2057 3262 2129 linguam
3299 2057 3513 2128 quippe
3545 2072 3716 2111 suam

2070 2147 2346 2202 dentibus
2375 2146 2657 2216 laniabat,
2689 2151 2744 2202 et
2773 2145 2958 2202 oculis
2980 2145 3518 2218 periclitabatur,ad
3555 2161 3720 2200 mon-

2072 2242 2190 2293 tem
2219 2252 2586 2308 progrcssus,
2622 2235 2862 2308 rogabat
2896 2235 3230 2301 Antonium,
3281 2239 3344 2290 ut
3389 2233 3478 2289 sui
3530 2233 3720 2306 gratia

2071 2331 2427 2398 precaretur.
2465 2326 2736 2380 Precatus
2770 2323 2887 2391 ille,
2947 2324 3204 2380 Frontini
3266 2323 3497 2378 dicebat
3531 2340 3544 2378 2
3579 2321 3714 2388 Abi,

2073 2416 2396 2471 sanaberis.
2446 2415 2756 2470 Renitente
2810 2413 2932 2482 illo,
2984 2419 3156 2483 atque
3206 2411 3434 2484 aliquot
3480 2411 3558 2466 ibi
3591 2411 3718 2467 dies

2071 2503 2682 2572 commorante,instat
2712 2503 3003 2558 Antonius
3031 2520 3042 2556 :
3071 2503 3176 2557 Hic
3207 2503 3254 2556 si
3289 2517 3592 2557 remaneas
3622 2517 3717 2556 sa-

2072 2592 2198 2648 nari
2232 2610 2344 2648 non
2379 2592 2992 2665 poteris.Vade,atque
3027 2591 3124 2646 ubi
3160 2591 3214 2644 in
3249 2591 3558 2662 [Egyptum
3584 2606 3713 2661 per-

2072 2683 2317 2747 veneris,
2354 2681 2587 2753 signum
2627 2682 2680 2735 in
2715 2686 2770 2735 te
2803 2682 3018 2734 factum
3070 2679 3412 2750 conspicies.
3461 2677 3718 2734 Credidit

2072 2771 2186 2838 ille,
2222 2771 2476 2841 abiitque
2510 2789 2522 2826 :
2557 2776 2613 2824 et
2644 2774 2954 2841 conspecta
2986 2767 3173 2822 solum
3208 2769 3470 2840 .‘Egypto,
3512 2765 3717 2821 libera-

2070 2864 2166 2916 tus
2200 2862 2400 2915 morbo
2433 2863 2729 2929 est,atque
2761 2858 3185 2928 sanatusjuxta
3218 2855 3446 2912 Antonii
3471 2853 3714 2921 dictum,

2073 2951 2226 3024 quod
2261 2950 2447 3005 oranti
2485 2949 2564 3002 illi
2599 2948 2860 3004 Salvator
2894 2946 3264 3002 revelaverat.

2141 3131 2231 3184 58.
2265 3128 2443 3199 Virgo
2476 3127 2614 3181 item
2649 3125 2917 3196 quadam
2945 3141 3014 3179 ex
3036 3122 3300 3178 Busiride
3328 3119 3713 3192 Tripolitana,

2075 3219 2231 3292 gravi
2285 3217 2744 3289 turpissimoque
2793 3214 3100 3268 tenebatur
3157 3212 3380 3266 morbo.
3428 3211 3717 3282 Lacrymm

2078 3309 2292 3381 quippe
2323 3309 2472 3378 ejus,
2509 3321 2737 3371 mucus,
2781 3303 3130 3374 auriumque
3162 3301 3374 3355 humor
3414 3299 3470 3354 in
3503 3305 3718 3354 terram

2074 3397 2353 3470 delapsus
2381 3397 2526 3451 671
2568 3395 2624 3448 in
2657 3409 2883 3448 vermes
2917 3391 3111 3446 statim
3155 3391 3564 3457 vertebantur;
3599 3393 3723 3444 erat

2074 3493 2283 3560 praeter
2309 3485 2430 3540 haec
2471 3483 2808 3556 paralytica,
2859 3480 3176 3552 oculosque
3228 3479 3476 3534 habebat
3523 3483 3724 3534 contra

2076 3593 2251 3649 quam
2279 3579 2490 3630 natura
2521 3575 2711 3628 ferret.
2755 3571 2942 3640 Hujus
2991 3574 3282 3641 parentes,
3315 3584 3448 3623 eum
3482 3567 3721 3645 didicis-

2075 3671 2205 3721 sent
2237 3663 2522 3736 proficisci
2557 3659 2875 3716 monachos
2921 3661 2991 3714 ad
3047 3658 3388 3724 Antonium,
3440 3656 3724 3712 habentes

2076 3757 2133 3811 in
2171 3754 2416 3811 Domino
2436 3750 2745 3820 ﬁdem,qui
2765 3749 3071 3818 sanguinis
3104 3747 3260 3800 fluxu
3287 3745 3564 3800 afflictam
3591 3762 3722 3800 mu-

2075 3845 2274 3900 lierem
2308 3846 2614 3898 sanaverat
2643 3841 2974 3910 ",rogarunt
3005 3841 3068 3890 ut
3097 3853 3158 3890 se
3186 3853 3297 3889 una
3331 3851 3462 3888 cum
3501 3833 3724 3888 ﬁliaiti-

1707 3967 1970 4026 VERSIO
2014 3969 2326 4027 EVAGRII.

382 4063 474 4128 56,
503 4063 744 4119 Talibus
777 4079 1116 4119 sermonum
1150 4065 1544 4122 hortamentis
1572 4071 1629 4122 et
1657 4069 1957 4126 venientes
1989 4072 2060 4127 ad
2087 4087 2148 4126 se
2181 4067 2500 4124 monachos
2533 4064 2814 4120 incitabat
2845 4063 2915 4117 ad
2947 4060 3231 4122 studium,
3264 4063 3320 4114 et
3367 4057 3724 4131 patientibus

312 4133 1006 4210 condolebat.pluresque
1034 4153 1237 4210 eorum
1266 4139 1546 4193 Dominus
1578 4155 1681 4210 per
1712 4143 2029 4196 Antonium
2063 4139 2663 4209 liberavitNunqusm
2698 4142 2894 4210 tamen
2927 4133 3116 4188 autde
3149 4132 3546 4210 incolumitate
3564 4148 3725 4186 cura-

310 4212 505 4280 torum
536 4213 626 4262 est
651 4204 993 4280 inﬂatus'ad
1025 4207 1406 4275 gloriam,aut
1437 4204 1822 4268 contristatus
1852 4214 1923 4269 de
1953 4215 2211 4269 obsessis
2243 4213 2436 4268 adhuc
2468 4204 3272 4280 corporibusgmurmuravit:
3309 4204 3496 4274 magis
3527 4210 3722 4258 autem

313 4278 519 4353 eodem
548 4295 780 4353 semper
795 4279 990 4353 animo
1020 4285 1076 4334 et
1105 4280 1268 4353 vultu
1303 4283 1798 4353 manens,gratias
1823 4289 1934 4340 Deo
1967 4284 2542 4352 referabat,suadens
2571 4276 2871 4353 occupatis
2886 4283 2949 4353 ut
2978 4276 3398 4353 correptionem
3421 4292 3536 4353 qua
3556 4291 3723 4353 vexa:

313 4349 551 4428 bantur,
583 4346 900 4428 patientius
932 4353 1166 4428 terrent.
1201 4352 1324 4428 Non
1357 4353 1511 4407 enim
1546 4346 1778 4428 Avntonii
1807 4362 1908 4410 aut
1938 4346 2291 4428 cujusquam
2312 4355 2612 4428 hominum
2646 4346 2884 4428 omnino
2907 4349 3217 4428 banc-esse
3242 4346 3723 4428 medicinam,s_ed

311 4420 411 4475 Dei
444 4419 650 4498 solius,
683 4422 783 4498 qui
819 4427 875 4477 et
904 4423 1127 4498 quibus
1145 4423 1320 4479 vellet
1349 4431 1406 4479 et
1435 4441 1550 4498 quo
1584 4426 1752 4498 vellet
1779 4419 2039 4498 tempore
2073 4419 2236 4483 daret
2286 4427 2616 4482 sanitatem.
2671 4425 2756 4498 ita
2805 4419 3202 4498 consolatione
3256 4435 3369 4498 sua
3400 4424 3458 4474 et
3488 4425 3723 4474 vexatos

311 4492 716 4566 aequanimiter
747 4496 891 4548 ferre
921 4495 1329 4562 tentationem,
1363 4503 1419 4550 et
1441 4492 1563 4566 jam
1598 4492 2042 4563 liberatos,'non
2077 4500 2188 4555 sibi
2223 4502 2320 4554 sed
2357 4498 2473 4552 Deo
2504 4496 2752 4566 gratriss
2785 4494 2997 4547 referre
3030 4492 3291 4552 docebat.

513 4565 720 4642 Fronto
749 4571 946 4642 autem
975 4567 1216 4642 quidam
1249 4561 1324 4622 ex,
1349 4561 1632 4642 Palatinis
1664 4571 1776 4640 (13)
1808 4561 1906 4642 qui
1939 4571 2324 4626 infestissimo
2356 4561 2640 4624 daemonio
2665 4567 2988 4642 vexabatur
3019 4571 3171 4642 (nam
3206 4571 3261 4642 et
3292 4562 3553 4642 linguam
3593 4561 3722 4630 ejus

309 4633 570 4691 laniabat
605 4637 897 4714 dentibys,
932 4633 1315 4714 et'oculorum
1350 4640 1648 4714 nitebatur
1670 4633 1874 4697 lumen
1907 4639 2678 4714 exstinguere).perrexit_ad
2706 4635 3719 4714 montem,ro_gabatque_beatumse-

314 4723 446 4784 nem
483 4714 548 4761 ut
576 4725 681 4784 pro
705 4725 767 4762 se
797 4703 1110 4784 Dominum
1145 4716 1392 4781 rogaret.
1420 4711 1616 4766 Oravit
1644 4714 1954 4778 Antonius,
1988 4703 2251 4784 dixitque
2285 4703 2350 4768 ad
2387 4730 2518 4766 eum
2558 4730 2569 4766 :
2599 4709 2777 4770 Vade.
2813 4715 2868 4784 et
2912 4703 3232 4784 cur‘aberis.
3419 4703 3719 4784 incredulo

310 4779 510 4854 sibi,e_t
540 4779 815 4854 violenter
843 4781 1061 4836 ibidem
1090 4777 1294 4854 contra
1327 4788 1676 4854 praeceptum
1711 4777 2258 4844 remora’nti.ead'em
2293 4785 2631 4854 geminabat
2661 4780 3172 4854 Antonius,die§ns
3197 4795 3218 4854 _:
3255 4777 3356 4831 Hic
3387 4777 3716 4854 curari-non

313 4851 530 4926 poteris
561 4868 573 4905 :
606 4853 900 4922 egredere,
934 4857 992 4926 et
1017 4853 1239 4926 calcata
1271 4847 1742 4926 [Egyplo'statim
1791 4863 1846 4912 te
1877 4847 2537 4912 misericordiaLUbristi
2585 4859 2995 4926 consequetur.
3047 4851 3306 4926 Tandem
3362 4847 3628 4926 credidit,
3660 4851 3718 4926 et

309 4919 604 5002 profectus
633 4919 721 4978 est
754 4939 766 4976 :
801 4924 1020 5002 acvisa
1048 4925 1308 5002 .Egypto,
1337 4919 1663 4982 secundum
1699 4929 2145 4997 promissionem
2181 4931 2291 5000 (14)
2323 4929 2501 4991 senis,
2522 4943 2698 4997 quam
2731 4919 3093 4980 ei’Dominus
3122 4920 3309 4975 oranti
3345 4919 3714 4987 revelaverat,

309 4995 604 5048 infestatio
636 4996 886 5050 cessavit
913 4995 1154 5055 inimici.

377 5067 466 5120 58.
501 5065 676 5148 Virgo
703 5083 839 5148 vero
871 5069 1162 5148 quaedam,
1183 5084 1322 5148 quas
1344 5067 1416 5148 de
1447 5069 1668 5126 Busiris
1695 5070 2064 5148 Tripolitanae
2089 5070 2350 5148 regionis
2383 5069 2609 5125 civitate
2642 5068 2857 5148 ibidem
2890 5069 3032 5148 erat.
3053 5061 3365 5148 ‘ina‘uditis
3408 5078 3471 5143 ac
3504 5058 3713 5148 llebili-

304 5136 415 5214 bus
450 5135 1259 5214 morbislaborabatEtenim
1294 5140 1525 5214 narium
1559 5135 2278 5214 purgamentamculofum
2307 5139 2848 5214 lacrymaa,aurium‘
2877 5135 3148 5214 putridus
3171 5135 3464 5214 humorin
3500 5139 3714 5188 terram

303 5208 856 5277 cadens,cont'estim
889 5212 945 5266 in
977 5227 1206 5268 vermes
1228 5204 1901 5286 vertebantdrABgebat
1925 5204 2320 5271 calamitatem
2357 5204 2849 5285 corpus'paralysi
2874 5204 3458 5273 dissolutum,oculos
3479 5219 3715 5276 quoque

375 5337 396 5371 ³
426 5337 627 5393 Matth.
661 5355 738 5404 ιχ,
773 5341 862 5393 20.

375 5463 478 5534 (9‘)
511 5463 600 5519 Sic
629 5464 907 5538 RegiusZ
964 5470 1022 5522 et
1075 5465 1232 5522 Colb.
1263 5470 1312 5522 2.
1363 5467 1517 5524 Editi
1570 5471 1627 5525 et
1685 5467 1806 5526 alii.
1860 5468 1954 5524 ὑπ-

302 5534 610 5730 ἒζξζέἷέιὶρ
644 5607 780 5680 Reg,
807 5607 867 5673 2,
898 5606 1057 5664 Colb.
1091 5611 1124 5663 2
1156 5615 1214 5665 et
1263 5608 1436 5666 Savil.
1470 5610 1620 5666 Editi
1657 5629 1812 5681 vero,
1853 5607 1952 5666 ὅσα

307 5677 584 5751 βούλεται.
728 5677 751 5680 ⁷

373 5750 487 5822 (11)
518 5751 660 5806 'l‘res
686 5749 938 5822 codices,
971 5749 1034 5804 τὸ
1063 5751 1255 5815 πάθος.

2135 5471 2242 5540 (l2)
2270 5469 2364 5524 Sic
2397 5466 2612 5540 Regius
2643 5463 2988 5540 secundus_._
3017 5459 3384 5516 Colbertinus
3415 5459 3710 5514 secundus

2062 5531 2328 5612 et‘Savil.
2357 5531 2511 5595 Editi
2545 5544 2601 5593 et
2632 5536 2754 5612 alii:
2778 5531 3110 5612 Δειιίμιςξρἔυν.
3199 5607 3208 5612 Δ

2133 5613 2252 5684 (13)
2283 5611 2370 5667 Sic
2404 5608 2792 5680 manuscripti
2822 5601 3063 5679 quidam
3098 5607 3269 5661 recte.
3303 5601 3476 5669 Editi,
3508 5617 3577 5659 ex
3598 5606 3704 5658 Pa-

2061 5687 2356 5831 miiii'iia
2392 5751 2794 5824 manuscripti.
2828 5749 2985 5808 Editi
3020 5752 3239 5816 autem,
3276 5744 3697 5820 professionem.
