4074 6352
360 445 465 508 931
907 444 971 508 S.
1019 441 1441 507 ATHANAS"
1487 440 1660 507 OPP.
1707 441 1908 507 PARS
1953 442 1993 506 1.

2142 394 2559 507 ιιιετοιιιὸιι
2607 438 2707 507 ar
2753 439 3228 508 DOGMATlCA.
3648 445 3772 509 932

362 580 610 635 tiaverat
640 577 953 644 Antonius,
984 575 1286 633 observato
1329 576 1446 642 die,
1475 576 1851 633 advenientes
1881 592 1993 649 pos

2129 572 2288 636 αὐτὸς
2320 573 2603 651 ἐπιτρέψῃ,
2637 574 2711 637 ὡς
2736 579 2817 648 τῷ
2851 574 3075 652 μεγάλῳ
3105 573 3399 649 ἀποστόλῳ
3438 576 3635 651 Πὲτρῳ
3681 598 3781 632 πε-

363 668 490 724 dies
521 666 761 740 triginta
791 682 859 722 ex
887 665 1091 736 Nitria,
1128 664 1336 721 fratres
1367 665 1807 739 interrogarunt
1838 671 1993 737 atque

2123 663 2373 734 ποίηκεν.
2433 664 2495 722 Ὁ
2555 665 2650 738 μὲν
2710 664 2800 719 οὖν
2858 661 3140 738 Θεόδωρος
3202 665 3335 737 μετὰ
3389 666 3616 721 θάνατον
3675 672 3777 722 τοῦ

366 760 778 829 compererunt
805 772 872 811 ea
906 757 1033 827 ipsa
1064 753 1155 809 die
1186 759 1243 809 et
1274 754 1416 810 hora
1446 754 1659 810 obiisse
1690 758 2006 822 Amunem,

363 863 479 917 qua
506 846 633 916 ejus
666 844 925 900 animam
974 860 1210 900 sursum
1266 844 1399 899 lerri
1450 860 1626 900 senex
1654 843 1897 900 viderat.
1930 847 2009 899 Ac

364 934 598 1006 utrique
630 934 945 1007 puritatem
978 932 1186 988 animae
1215 932 1449 988 Antonii
1489 948 1863 1005 summOpere
1897 932 2009 987 mi-

362 1023 469 1079 rati
504 1026 665 1095 sunt,
695 1022 794 1094 qui
828 1039 861 1078 a
894 1021 1136 1095 triginta
1181 1021 1410 1077 dierum
1444 1021 1674 1078 itineris
1705 1020 2009 1077 intervallo

359 1111 557 1168 statim
592 1128 713 1168 rem
744 1109 1433 1182 didioerat,animamque
1449 1126 1689 1165 sursum
1714 1108 1846 1166 ferri
1878 1126 2011 1167 con-

360 1204 650 1275 spexerat.

2118 753 2323 827 Ἀμοῦν
2377 750 2681 829 διηγήσατο
2727 756 2908 809 τοῦτο’
2943 754 2995 808 οἱ
3044 750 3100 808 δὲ
3151 754 3410 830 μοναχοὶ,
3445 756 3529 817 οἷς
3558 754 3705 812 εἶπεν
3736 757 3766 812 6

2118 840 2407 903 ’Δντώνιος
2465 841 2588 918 περί
2638 846 2736 896 τοῦ
2793 842 3022 896 Θανάτου
3064 846 3161 897 τοῦ
3212 847 3440 916 ’Δμοῦν,
3491 842 3766 917 ἐσημειώ-

2118 950 2279 985 σαντο
2306 932 2405 1000 τὴν
2438 930 2670 1005 ἡμέραψ
2703 930 2791 985 καὶ
2824 928 3157 985 ἀνελθόντων
3204 935 3310 986 τῶν
3358 929 3608 1008 ἀδελφῶν
3660 934 3767 989 ἀπὸ

2116 1021 2213 1089 τῆς
2268 1019 2489 1095 Νιτρίας
2549 1020 2683 1093 μετᾶ
2719 1020 3010 1096 τριάκοντα
3069 1020 3300 1096 ἡμέρας,
3348 1020 3636 1092 ἐπύθοντο,
3670 1023 3763 1078 καὶ

2118 1101 2357 1184 ἔγνωσαν
2391 1106 2442 1163 ἐν
2476 1107 2648 1182 ἐκείνῃ
2677 1111 2744 1182 τῇ
2775 1104 2957 1183 ἡμέρᾳ
2993 1109 3080 1164 καὶ
3129 1112 3197 1183 τῇ
3250 1108 3365 1185 ὥρᾳ
3404 1117 3770 1185 κεκοιμῆσθαι

2118 1196 2209 1252 τὸν
2239 1197 2466 1270 Ἀμοῦν,
2498 1196 2549 1251 ἑν
2642 1197 2742 1266 τήν
2767 1199 2951 1274 ψυχην
2981 1193 3115 1253 εἶδεν
3167 1196 3571 1275 ἀναφερομένην
3612 1200 3641 1255 6
3678 1204 3767 1276 γέ-

358 1308 465 1365 ρων
526 1286 834 1343 αὖτοῦ.Καὶ
890 1284 1026 1341 πάνυ
1082 1286 1171 1341 καὶ
1231 1286 1382 1341 οὗτοι
1420 1287 1657 1342 κάκεῖνοι
1708 1285 1770 1341 τὸ
1824 1286 2053 1362 καθαρὸν
2106 1288 2205 1355 τῆς
2253 1287 2435 1362 ψυχῆς
2482 1284 2779 1358 ἐθαύμαζον
2804 1284 3117 1361 Ἀντωνίου,
3150 1290 3266 1349 πῶς
3315 1287 3378 1342 τὸ
3408 1286 3514 1343 ἀπὸ
3544 1284 3766 1359 διαστήο

363 1399 530 1453 ματος
558 1381 783 1455 ἡμερῶν
811 1374 1103 1453 δεκατριῶν
1134 1375 1422 1453 γενόμενον
1452 1378 1578 1452 παρ’
1608 1375 1742 1431 αὖτά
1769 1377 2075 1450 μεμάθηκε,
2102 1374 2193 1431 καὶ
2223 1377 2322 1445 τὴν
2356 1377 2540 1452 ψυχὴν
2572 1372 2705 1431 εἶδεν
2738 1374 3099 1452 ἀναγομένην.

426 1470 518 1525 61.
550 1466 871 1524 Archelaus
900 1467 1075 1522 etiam
1106 1482 1303 1523 comes
1324 1483 1457 1522 cum
1480 1465 1819 1523 offendisset
1840 1465 2008 1522 illum

2189 1467 2281 1521 61.
2315 1463 2412 1519 Καὶ
2463 1465 2570 1538 μὴν
2617 1465 2707 1520 καὶ
2755 1462 3063 1542 Ἀρχέλαός
3112 1485 3244 1520 ποτε
3292 1465 3322 1520 6
3352 1485 3556 1539 κομης,
3585 1465 3758 1541 εὗρων

357 1558 418 1613 in
450 1557 733 1613 exteriore
761 1561 980 1625 monte,
1022 1556 1244 1628 rogavit
1302 1559 1367 1611 ut
1421 1554 1615 1611 solum
1673 1560 1993 1628 precaretul

2120 1552 2281 1607 αὐτὸν
2341 1552 2393 1607 ἐν
2441 1557 2521 1625 τῷ
2569 1547 2681 1629 ὅρει
2729 1557 2807 1625 τῷ
2856 1550 2956 1624 ἔξω
2983 1556 3118 1626 (23),
3149 1554 3538 1628 προσεύξασθαι
3595 1554 3763 1628 μόνον

354 1644 540 1702 Deum
577 1661 679 1717 pro
714 1643 1035 1717 Polycratia
1068 1643 1360 1699 Laodicea:
1384 1642 1607 1715 virgine
1638 1643 2007 1714 admiranda,

355 1738 536 1807 atque
557 1733 919 1798 Cbristifera,
945 1750 1072 1805 quae
1094 1732 1439 1789 vehemente
1460 1731 1747 1789 stomachi
1776 1732 2008 1788 lateris-

354 1838 468 1896 que
497 1822 699 1879 dolore
737 1823 1114 1895 premebatur
1159 1821 1232 1877 ob
1285 1820 1529 1877 nimiam
1579 1818 2009 1877 exercitationis

352 1912 810 1982 contentionem,
837 1919 1009 1983 atque
1030 1915 1151 1967 toto
1170 1915 1295 1966 erat
1323 1926 1563 1983 corpore
1584 1910 1839 1966 infirma.
1869 1909 2007 1965 Ora-

348 2000 432 2057 vit
462 2000 769 2070 Antonius,
793 1999 1238 2072 observavitque
1261 2015 1459 2055 comes
1500 2015 1617 2071 qua
1639 1998 1734 2054 ille
1781 2003 2008 2055 orasset

2115 1641 2344 1712 ἠξίωσεν
2377 1641 2536 1697 αὐτὸν
2578 1643 2699 1717 περὶ
2757 1640 3160 1718 Πολυκρατείας
3218 1645 3315 1712 τῆς
3367 1641 3420 1697 ἐν
3477 1641 3767 1715 Λαοδικείᾳ

2116 1730 2433 1803 Θαυμαστῆς
2479 1731 2568 1786 καὶ
2615 1731 2993 1810 Χριστοφόρου
3042 1732 3328 1808 παρθὲνου.
3362 1732 3610 1808 Ἐπασχε
3657 1732 3761 1810 γὰρ

2115 1818 2289 1890 ἐκείνη
2324 1817 2509 1882 δεινῶς
2539 1820 2631 1876 τὸν
2666 1819 2943 1896 στόμαχον
2976 1820 3065 1875 καὶ
3096 1821 3157 1876 τὸ
3212 1818 3448 1896 πλευρὸν
3496 1821 3603 1877 ἀπὸ
3658 1828 3762 1892 τῆς

2115 1912 2244 1984 ἄγαν
2288 1910 2587 1980 ἀσκήσεως,
2620 1909 2711 1964 καὶ
2769 1908 2872 1980 ὅλη
2927 1909 2994 1977 ἧν
3041 1910 3267 1980 ἀσθενὴς
3307 1914 3385 1983 τῷ
3437 1911 3671 1983 σώματι.
3698 1912 3763 1968 Ὁ

2117 1997 2211 2071 μὲν
2240 1996 2330 2053 οὖν
2366 1999 2650 2060 Ἀντώνιος
2690 1995 2914 2074 ηὔχετο·
2964 2000 2993 2053 6
3039 1995 3096 2053 δὲ
3149 1998 3331 2072 κόμης
3386 1997 3764 2071 ἐσημειώσατο

351 2090 466 2158 die,
499 2106 566 2146 ac
616 2090 961 2145 Laodiceam
995 2089 1289 2161 profectus
1338 2104 1542 2144 sanam
1592 2089 1806 2160 reperit
1832 2088 1993 2160 virgi-

2115 2086 2211 2175 τὴν
2266 2087 2499 2175 ἡμέραν,
2533 2086 2583 2141 ἐν
2630 2088 2668 2158 ᾗ
2713 2087 2926 2162 γὲγονεν
2982 2086 3206 2163 δεύχήο
3237 2087 3340 2175 καὶ,
3384 2087 3638 2151 ἀπελθὼν
3689 2086 3767 2150 ei:

349 2196 508 2235 nem.
539 2179 1001 2250 Sciscitatusque
1032 2178 1266 2250 quando
1315 2180 1372 2232 et
1404 2194 1660 2247 quanam
1684 2175 1775 2233 die
1797 2176 2006 2232 fuisset

349 2268 555 2323 morbo
594 2269 800 2336 levata,
834 2266 1101 2321 chartam
1154 2265 1415 2337 protulit,
1450 2266 1507 2320 in
1560 2281 1674 2337 qua
1723 2264 2005 2321 orationis

347 2359 585 2426 tempus
616 2356 1332 2426 consrripserat.Cumque
1351 2370 1470 2409 rem
1496 2353 2004 2425 comperisset,os-

349 2444 539 2498 tendit
566 2443 763 2499 statim
798 2459 919 2498 rem
947 2441 1004 2497 in
1038 2442 1240 2498 charta
1270 2442 1625 2514 descriptam
1651 2458 1663 2496 :
1694 2442 2004 2514 miratique

351 2536 494 2589 sunt
524 2548 748 2602 omnes,
781 2532 984 2587 eodem
1018 2530 1177 2587 illam
1210 2538 1472 2603 tempore
1494 2529 1795 2586 doloribus
1818 2530 2001 2587 levas-

348 2640 414 2680 se
435 2622 890 2693 Dorniuum,quo
912 2636 1016 2692 pro
1047 2621 1176 2692 ipsa
1196 2621 1485 2676 Antonius
1517 2624 1728 2691 oraret,
1746 2619 2002 2677 Salvato-

351 2711 551 2784 risque
576 2709 946 2767 clementiam
979 2709 1109 2781 ejus
1140 2710 1329 2781 gratia
1357 2709 1713 2765 obsecraret.

421 2891 512 2947 6'2.
563 2896 972 2962 Saepenumero
1031 2887 1253 2960 aliquot
1311 2891 1443 2943 ante
1495 2887 1639 2958 dies,
1672 2887 1789 2944 imo
1850 2905 1998 2944 non-

352 2995 656 3050 nunquam
691 2982 828 3033 ante
851 2976 1404 3048 mensem,prmdixit
1429 2975 1668 3048 quinam
1692 2976 1998 3033 adventuri

348 3074 568 3132 essent,
601 3071 658 3123 et
686 3084 804 3139 qua
833 3067 904 3122 de
937 3066 1219 3121 causa.Et
1247 3064 1345 3121 alii
1374 3066 1612 3137 quidem
1643 3067 1773 3137 ejus
1804 3065 1996 3122 solum

348 3155 585 3211 videndi
608 3154 900 3211 desiderio
923 3152 1396 3221 accedebant,alii
1411 3154 1774 3210 infirmitatis
1797 3171 1996 3226 causa,

350 3243 445 3300 alii
479 3243 633 3316 quod
668 3260 700 3298 a
730 3242 1093 3298 daemonibus
1139 3247 1502 3297 vexarentur.
1538 3242 1836 3315 Nemoque
1865 3259 1995 3316 gra-

346 3333 614 3397 vabatur,
646 3337 750 3388 aut
779 3331 992 3387 durum
1051 3331 1379 3387 aestimabat
1426 3330 1653 3387 itineris
1694 3330 1994 3390 laborem:

347 3424 622 3493 percepta
652 3420 869 3492 quippe
898 3418 1151 3474 utilitate
1197 3419 1447 3491 quisque
1477 3419 1848 3491 remigrabat.
1882 3421 1990 3476 Ro-

2111 2174 2211 2242 τὴν
2263 2171 2602 2242 Λαοδίκειαν,
2635 2176 2781 2251 εὗρεν
2844 2175 2970 2250 ὑγιῆ
3028 2178 3127 2243 τήν
3179 2173 3459 2248 παρθένον.
3495 2176 3767 2231 Πυνθανό-

2117 2282 2277 2336 μενος
2311 2260 2387 2336 δὲ,
2417 2264 2549 2318 πότε
2605 2263 2694 2318 καὶ
2740 2264 2869 2335 ποίᾳ
2927 2265 3112 2339 ἡμέρᾳ
3166 2267 3278 2336 (24)
3334 2263 3601 2319 πέπαυται
3658 2266 3763 2334 τῆς

2114 2352 2410 2424 ἀσθενείας,
2441 2356 2747 2430 προήνεγκε
2803 2354 2894 2409 τὸν
2932 2354 3166 2429 χάρτην,
3200 2353 3251 2409 ἐν
3308 2354 3354 2425 ᾧ
3407 2354 3498 2409 τὸν
3558 2355 3761 2429 χρόνον

2109 2447 2211 2511 τῆς
2242 2441 2413 2518 εὐχῆς
2443 2437 2665 2518 ἔγραψε·
2712 2442 2799 2497 καὶ
2852 2443 3056 2516 μαθὼν,
3090 2436 3254 2513 ἔδειξε
3292 2444 3382 2497 καὶ
3413 2442 3571 2505 αὐτὸς
3603 2442 3764 2507 εὐθὺς

2110 2530 2209 2599 τὴν
2243 2530 2293 2585 ἐν
2325 2529 2403 2604 τῷ
2434 2532 2613 2607 χάρτῃ
2642 2533 2880 2609 γραφήν·
2912 2530 3002 2586 καὶ
3036 2534 3231 2594 πάντες
3281 2531 3586 2604 ἐθαύμασαν
3637 2530 3760 2586 ἐπι-

2109 2618 2329 2694 γνόντες
2358 2623 2493 2690 (25),
2528 2619 2610 2675 ὅτι
2652 2620 2775 2676 τότε
2818 2619 3084 2675 πὲπαυκεν
3118 2620 3146 2676 6
3178 2620 3377 2696 Κύριος
3424 2618 3589 2689 αὐτὴν
3650 2624 3763 2675 τῶν

2109 2707 2312 2781 πόνων,
2359 2707 2449 2763 ὅτε
2492 2709 2559 2777 ἦν
2608 2708 2910 2785 εὐχόμενος
2961 2709 2989 2765 6
3019 2709 3309 2771 ’Λντώνιος
3364 2708 3452 2764 καὶ
3506 2729 3755 2785 παρακαο

2113 2795 2226 2853 λῶν
2255 2798 2351 2866 τήν
2382 2797 2694 2873 ἀγαθότητα
2721 2802 2819 2853 τοῦ
2848 2804 3108 2873 Σωτῆρος
3141 2798 3264 2872 περὶ
3298 2797 3483 2868 αὐτῆς.

2177 2889 2267 2944 62.
2303 2885 2399 2941 Καὶ
2431 2887 2553 2963 περῖ
2585 2891 2693 2941 τῶν
2726 2885 3038 2963 ἐρχομὲνων
3069 2884 3126 2942 δὲ
3154 2888 3291 2961 πρὸς
3320 2886 3478 2942 αὐτὸν
3535 2884 3636 2942 πο)
3654 2885 3754 2942 λά-

2105 2996 2192 3037 κις
2223 2974 2487 3051 προέλεγε
2516 2976 2623 3063 πρὸ
2653 2979 2897 3063 ἡμερῶν,
2930 2976 2997 3045 ἦν
3023 2973 3080 3031 δὲ
3110 2975 3199 3032 ὅτε
3248 2975 3339 3031 καὶ
3387 2975 3493 3063 πρό
3554 2976 3754 3049 μηνὸς,

2104 3066 2195 3120 καὶ
2224 3065 2324 3134 τήν
2353 3064 2548 3131 αἰτίαν,
2577 3062 2648 3120 δι’
2676 3066 2736 3134 ἦν
2769 3061 3031 3141 ἤρχοντω
3066 3066 3119 3121 οἱ
3154 3066 3249 3138 μὶν
3298 3066 3403 3141 γὰρ
3451 3061 3605 3120 ἕνεκα
3635 3067 3753 3138 (26)

2103 3157 2200 3209 τοῦ
2235 3154 2399 3227 μόνον
2445 3151 2578 3209 ἰδεῖν
2626 3153 2787 3209 αὐτὸν
2836 3154 3100 3230 ἤρχοντο,
3132 3155 3184 3209 οἱ
3243 3150 3302 3209 δὲ
3341 3151 3408 3208 δι’
3459 3153 3755 3226 ἀσθὲνειαν,

2104 3241 2193 3297 καὶ
2228 3239 2391 3298 ἄλλοι
2450 3244 2754 3319 πάσχοντες
2808 3242 2910 3297 ὑπὸ
2960 3240 3258 3316 δαιμόνων.
3295 3243 3389 3297 Καὶ
3443 3242 3636 3304 πάντες
3688 3241 3753 3298 οὐ

2105 3328 2347 3405 σκυλμὸν
2393 3329 2517 3386 οὐδὲ
2565 3331 2765 3404 ζημίαν
2815 3333 3053 3407 ἡγοῦντο
3102 3332 3193 3387 τὸν
3239 3329 3408 3386 κόπον
3454 3337 3553 3401 τῆς
3597 3327 3752 3386 ὁδοῦ·

2105 3419 2409 3492 ἀνέκαμπτε
2459 3419 2561 3495 γὲιρ
2625 3417 2853 3483 ἕκαστος
2913 3417 3234 3492 αἰσθόμενος
3299 3422 3398 3487 τῆς
3458 3417 3751 3497 ὠφελείας.

3806 710 3913 819 1/

345 3508 636 3581 gabalque
664 3507 761 3563 ille
794 3512 857 3562 ut
909 3523 1079 3562 nemo
1110 3522 1171 3562 se
1202 3523 1306 3579 pro
1363 3507 1456 3563 bis
1503 3508 1674 3563 dictis
1706 3508 1991 3582 factisque

2115 3511 2333 3563 Γοιαῦτα
2360 3506 2415 3563 δὲ
2449 3507 2625 3584 λέγων
2655 3509 2741 3563 καὶ
2798 3505 3039 3584 βλέπων,
3073 3508 3226 3579 ἠξίου
3280 3505 3487 3580 μηδένα
3535 3509 3751 3581 θαυμά-

344 3598 679 3665 miraretur,
712 3597 811 3652 sed
848 3595 1042 3667 potius
1087 3595 1419 3665 Dominum,
1447 3595 1545 3667 qui
1605 3597 1774 3653 nobis
1801 3596 1989 3652 homi-

2115 3602 2207 3665 ζειν
2256 3596 2415 3651 αὐτὸν
2449 3595 2501 3652 ἐν
2532 3597 2731 3669 τούτῳ)
2764 3593 2913 3651 ἀλλᾶ
2951 3595 3163 3670 μᾶλλον
3199 3594 3490 3669 θαυμάζειν
3512 3598 3624 3668 (27)
3654 3596 3750 3651 τὸν

343 3686 519 3741 nibus
548 3701 669 3741 sua:
696 3700 796 3757 pro
830 3681 1105 3739 facultate
1129 3686 1331 3739 nostra
1361 3683 1710 3757 cognitionis
1738 3688 1987 3759 gratiam

2115 3685 2323 3759 Κύριον,
2373 3684 2454 3741 ὅτι
2505 3686 2815 3762 ἀνθρώποις
2883 3688 3023 3759 ἡμῖν
3077 3684 3221 3741 οὖσιν
3273 3683 3565 3761 ἐχαρίσατο
3612 3687 3750 3740 κατὰ

346 3774 695 3847 impertiret.

2115 3772 2327 3847 Ξύναμιν
2358 3775 2644 3849 γινώσκειν
2676 3774 2861 3830 αὐτόν.

1754 3888 2013 3947 VERSIO
2054 3891 2344 3948 EVAGRII

341 3982 450 4038 hoc
479 3985 613 4037 ante
642 3996 810 4037 suam
840 3978 1606 4053 mortem_i_ndicaret,atque
1637 3979 1716 4034 ila
1741 3980 2046 4053 confessus
2069 3985 2157 4036 est
2187 3996 2248 4037 se
2280 3982 2477 4037 subito
2510 3982 2564 4037 in
2600 3981 2842 4038 alteram
2868 3980 3054 4053 ripam
3080 3980 3260 4038 fuisse
3291 3981 3741 4053 transpositam,

341 4070 534 4127 neque
562 4069 695 4108 vero
725 4052 965 4127 omnino
995 4051 1171 4106 undis
1203 4050 1576 4127 impressisse
1607 4051 1855 4127 vestigia
1878 4052 2198 4127 :D‘ominici
2218 4056 2478 4127 corporis
2503 4055 2606 4108 hoc
2633 4050 3038 4127 tantummodo
3063 4053 3427 4127 privilegium
3453 4050 3747 4119 asserens,

341 4132 399 4183 et
429 4123 633 4197 eorum
664 4123 879 4194 quibus
911 4124 1056 4194 ipse,
1089 4127 1151 4197 ut
1180 4124 1442 4195 apostolo
1475 4124 1662 4187 Petro,
1694 4123 2403 4197 donaverit,utraquarum
2438 4124 3011 4197 levitatihumanum
3036 4123 3746 4197 corpus’insisteretﬂaac

341 4201 537 4257 autem
568 4193 907 4251 Theodorus
936 4193 1234 4265 promisso
1258 4199 1516 4265 tempore
1549 4210 1661 4249 non
1693 4195 1859 4266 dixit,
1891 4201 2019 4266 post
2064 4193 2192 4265 ejus
2225 4202 2469 4251 mortem
2534 4196 2750 4251 retulit.
2785 4196 3043 4251 Monachi
3076 4193 3231 4262 vero,
3262 4197 3478 4266 quibus
3517 4196 3747 4252 dixerat

339 4267 633 4324 Antonius
665 4268 734 4321 de
764 4272 950 4321 morte
997 4266 1323 4339 Ammonis,
1365 4269 1713 4339 notaverunt
1743 4265 1935 4322 diem:
1970 4272 2027 4339 et
2055 4266 2422 4323 venientibus
2480 4268 2547 4322 de
2606 4267 2792 4322 Nitria
2850 4269 3286 4339 fratribuspost
3317 4268 3441 4323 dies
3474 4268 3740 4339 triginta,

339 4340 728 4410 sciscitantes,
760 4342 1101 4410 repererunt
1130 4336 1228 4392 illo
1260 4337 1373 4410 die,
1408 4336 1620 4410 illaque
1652 4337 1794 4410 hora
1823 4338 2113 4394 dormisse
2139 4344 2504 4402 Ammonem,
2536 4356 2653 4410 qua
2678 4339 2937 4410 animam
2959 4337 3096 4409 'ejus
3122 4336 3253 4394 ferri
3290 4356 3465 4395 senex
3494 4336 3739 4395 viderat.

337 4412 578 4481 Utrique
610 4409 788 4480 igitur
816 4408 1130 4479 puritatem
1169 4409 1381 4463 mentis
1415 4409 1472 4463 in
1524 4409 1775 4464 Antonio
1806 4410 2000 4465 mirati
2031 4418 2190 4480 sunt,
2222 4412 2517 4482 quomodo
2547 4408 2628 4465 rei
2685 4417 2802 4465 tam
2855 4408 3026 4482 longe
3056 4416 3229 4482 gesta:
3260 4411 3464 4467 statim
3498 4412 3568 4465 ad
3601 4427 3738 4466 eum

337 4482 548 4534 luisset
581 4479 799 4534 perlata
827 4479 1101 4534 cognitio.

336 4479 548 4538 luisset
581 4479 799 4538 perlata
827 4479 1101 4538 cognitio.

405 4496 548 4537 isset
617 4496 799 4535 crista
827 4496 891 4534 co
941 4496 1101 4534 muo.

405 4555 498 4609 61.
528 4498 847 4624 Αξοοείουε
878 4496 1514 4624 ρευορυεΑοοιηεε,-ουω
1539 4566 1672 4624 eum
1706 4550 2107 4624 invenissetin
2140 4551 2407 4624 exteriori
2437 4556 2653 4618 monte,
2688 4551 2910 4624 rogavit
2943 4557 3006 4624 ut
3035 4556 3227 4606 oraret
3257 4568 3358 4622 pro
3392 4550 3737 4624 Polycratia,

336 4642 464 4697 qua)
494 4624 551 4678 in
593 4620 1037 4697 Laodiceaerat,
1066 4620 1400 4697 admirabili
1430 4622 1742 4697 etphristo
1775 4623 1968 4678 dedita
1999 4622 2239 4696 virgine.
2276 4623 2608 4697 Patiebatur
2634 4623 2787 4678 enim
2824 4622 3112 4697 pessimos
3142 4620 3514 4697 stomachiAet'
3538 4624 3739 4697 lateris

334 4691 587 4762 dolores,
621 4693 1039 4767 quosgjeiuniis
1098 4692 1295 4767 nimiis
1317 4763 1333 4767 _
1355 4691 1682 4767 vigiliisque
1738 4691 2124 4761 contraxerat,
2157 4701 2225 4767 et,
2270 4700 2393 4767 erat
2425 4696 2657 4767 penitus
2710 4691 2837 4749 toto
2867 4694 3094 4767 rdebil's
3125 4711 3385 4767 corpore.
3421 4693 3740 4767 oravitque

333 4763 708 4825 Antonius'et
732 4763 884 4821 diem
920 4782 1035 4837 quo
1067 4765 1252 4838 oratio
1310 4763 1499 4838 fuerat
1548 4763 1696 4838 facta
1753 4767 2054 4822 annotavit
2100 4763 2440 4838 Archelaus:
2477 4766 2645 4822 Redit
2705 4766 3067 4835 Laodiceam,
3100 4771 3157 4821 et
3189 4763 3407 4821 invenit
3447 4763 3734 4838 virginem

331 4840 705 4897 incolumem.
745 4835 1120 4893 Percontatus
1154 4836 1307 4890 diem
1337 4835 1625 4901 sanitatis,
1661 4838 1874 4909 reperit
1927 4844 2162 4909 tempus
2219 4837 2459 4893 medela:
2506 4854 2639 4909 cum
2672 4840 3047 4909 annotatione
3078 4853 3415 4908 congruere,
3448 4844 3503 4892 et
3533 4835 3740 4894 omnes

332 4912 608 4989 admirati
636 4915 805 4989 sunt,
832 4913 1327 4989 agnoscentes‘eo‘
1367 4912 1626 4989 tempore
1668 4908 1841 4989 illam
1881 4925 1914 4964 a
1944 4907 2187 4965 Domino
2238 4909 2418 4965 fuisse
2448 4926 2481 4964 a
2511 4907 2809 4964 doloribus
2841 4908 3169 4975 liberatam,
3202 4926 3317 4980 quo
3349 4926 3525 4965 orans
3553 4910 3737 4965 Anto-

332 4985 467 5040 nius
500 5001 600 5056 pro
632 4977 1110 5056 ipsa‘bonitatcm
1143 4977 1459 5056 Salvatoris
1488 4977 1868 5056 invocaverat.

400 5049 685 5126 62.'Saepe
715 5052 891 5108 etiam
922 5053 993 5107 ad
1027 5068 1089 5126 se
1120 5050 1510 5126 venientium,
1534 5056 1667 5126 ante
1700 5051 1915 5126 diceet
1940 5066 2195 5120 menses,
2226 5054 2520 5126 et__causas
2552 5049 2815 5126 praedixit
2844 5054 2901 5105 et
2949 5053 3230 5126 tempora.
3264 5050 3407 5105 Nam
3440 5051 3730 5126 quosdam

327 5127 563 5182 videndi
596 5120 731 5179 eum
760 5130 990 5179 tantum
1022 5121 1403 5188 desiderium,
1428 5121 1582 5194 alios
1642 5120 2034 5194 imbecillitas,
2068 5122 2402 5194 nonnullos
2431 5120 2671 5194 obsessa
2703 5138 2736 5176 a
2772 5120 3136 5177 daemonibus
3164 5138 3410 5194 corpora
3432 5120 3736 5194 pertrahe-

326 5199 490 5255 bant.
524 5197 704 5252 Nemo
732 5200 1223 5265 tamenrunquam
1257 5192 1616 5265 vexationem
1649 5198 1749 5249 aut
1777 5193 2195 5250 detrimentum
2226 5193 2500 5250 laboriosi
2531 5192 2759 5265 itineris
2781 5199 3141 5265 conquestus
3171 5192 3286 5249 est.
3313 5193 3736 5265 Regrediebanf

326 5275 425 5326 tur
453 5285 657 5324 omnes
686 5264 977 5338 spirituali
1010 5263 1140 5322 cibo
1172 5263 1348 5338 pleni.
1383 5271 1456 5338 At
1486 5264 1582 5320 ille
1615 5265 1987 5338 praecipiebat
2045 5282 2161 5321 non
2220 5283 2337 5321 suae
2371 5266 2523 5320 laudi
2558 5264 2706 5338 hanc
2736 5263 3185 5338 admirationem
3231 5265 3303 5320 ab
3335 5263 3422 5321 eis
3449 5264 3735 5338 applicari

326 5283 425 5326 tur
453 5285 657 5324 omnes
686 5283 977 5337 spirituali
1010 5283 1140 5322 OIDO
1172 5283 1348 5337 pleni.
1383 5283 1456 5321 Αι
1486 5283 1582 5320 me
1654 5283 1987 5338 recipiebat
2045 5283 2161 5321 non
2220 5283 2337 5321 suae
2371 5283 2523 5320 mum
2558 5283 2706 5319 nanc
2736 5283 3185 5320 anmirauonem
3231 5283 3277 5319 al

325 5343 573 5399 debere:
609 5341 708 5396 sed
742 5337 995 5401 Domini,
1029 5338 1129 5409 qui
1164 5337 1253 5393 sui
1286 5337 1582 5393 notionem
1615 5283 1951 5394 gominibus
1982 5354 2084 5410 pro
2115 5339 2429 5408 capacitate
2463 5336 2834 5392 mortalitatis
2864 5335 3194 5392 indulserit.
3268 5406 3277 5411 -

2085 5554 2112 5613 ἕ
2160 5489 2272 5561 (26)
2304 5488 2398 5544 Sic
2459 5488 2575 5543 duo
2626 5486 3033 5561 manuscripti.
3094 5486 3246 5544 Editi
3301 5504 3457 5554 vero,
3518 5486 3570 5541 οἱ
3634 5487 3733 5560 μὲν

2113 5579 2257 5613 νεκα.

2113 5579 2257 5615 νεκα.

2084 5702 2107 5759 Ι
2155 5626 2660 5763 ἓΖἹλὲοΙὺηὲᾄθξν
2704 5626 2956 5755 ’Ξοότοιςο
3007 5625 3154 5685 ἀλλὰ
3204 5626 3418 5701 μᾶλλον
3465 5626 3733 5701 δοξάζειν.

2114 5719 2148 5759 n
2178 5719 2285 5760 rat
2332 5719 2446 5763 em.
2609 5721 2683 5754 ων
2746 5720 2790 5755 ε.

2114 5719 2243 5760 utra
2269 5719 2446 5768 idem,
2494 5719 2683 5763 Mum
2712 5719 2790 5755 οε.

396 5494 510 5565 (23)
543 5493 624 5565 De
681 5494 878 5565 monte
946 5489 1205 5565 Antonii
1252 5489 1533 5565 exteriore
1564 5492 1644 5565 __et
1689 5488 1971 5565 interiore

329 5560 454 5622 fuse
488 5560 800 5621 Bollandus
834 5562 887 5617 in
924 5560 1242 5633 praemissis
1273 5561 1343 5616 ad
1370 5562 1840 5633 Αηιοηίἰγίιωη.

412 5637 503 5697 24)
533 5633 903 5692 Colbertinus
924 5629 1251 5701 secundus,
1284 5634 1400 5692 πῶς
1426 5651 1485 5685 τε
1528 5629 1618 5685 καὶ
1663 5630 1814 5698 πότε,
1852 5635 1962 5701 etc.

412 5637 503 5697 24)
533 5637 903 5692 Colbertinus
934 5637 1251 5701 secundus,
1284 5637 1400 5692 πῶς
1426 5651 1485 5685 τε
1528 5637 1618 5685 καὶ
1663 5637 1814 5698 πότε,
1852 5637 1962 5687 etc.

391 5637 507 5779 225)
542 5708 625 5779 [_ta
650 5722 854 5779 omnes
884 5704 1391 5779 manuscripti.__ln
1422 5701 1595 5779 editis
1633 5702 1786 5779 hac,
1812 5700 1968 5779 ἐθαύ-

329 5771 501 5852 μασαν
553 5774 880 5853 ἐπιγνόντες,
910 5775 1144 5831 desunt.
1190 5771 1365 5830 Silvii.
1418 5771 1718 5849 ἐθαύμαζον
1764 5774 1964 5832 habet.
