4074 6378
257 468 372 536 933

1619 461 1798 527 VlTA
1853 468 1916 524 S.
1963 460 2305 526 ANTONII.

3551 471 3668 531 934

330 603 421 658 63.
457 600 747 657 Κατελθὼν
783 593 839 653 δέ
863 617 996 652 ποτε
1034 595 1198 652 πάλιν
1251 596 1325 658 εἷς
1377 598 1443 650 τὰ
1491 594 1593 667 ἔξω
1644 597 1909 669 μοναστή-

2095 598 2185 651 63.
2220 597 2362 651 Cum
2400 597 2609 652 iterum
2643 596 3045 654 descendisset
3066 596 3381 672 aliquando
3413 605 3482 658 ad
3515 609 3668 660 exte-

269 713 378 768 ρια,
415 689 505 744 καὶ
536 689 788 762 ἀξιωθεὶς
821 686 896 748 εἷς
945 685 1143 740 πλοῖον
1193 683 1478 755 εἲσελθεῖν,
1528 685 1618 739 καὶ
1669 681 1913 755 εὔξασθαι

273 780 409 856 μετὰ
445 782 727 852 μοναχῶν,
763 777 929 850 μόνος
970 775 1132 836 αὐτὸς
1185 769 1510 829 ἀντελάϐετο
1559 771 1739 838 δεινῆς
1791 770 1915 827 δυσ-

268 867 432 930 ωδίας
465 867 555 922 καὶ
589 866 726 920 πάνυ
758 868 1104 941 πικρᾶς.Τῶν
1134 860 1192 917 δὲ
1224 863 1276 917 ἐν
1305 868 1384 935 τῷ
1413 862 1593 935 πλοίῳ
1621 863 1913 937 λεγόντων,

275 957 436 1033 ἰχθὺν
474 955 607 1010 εἶναι
637 954 726 1008 καὶ
754 955 982 1030 τάριχον
1017 951 1067 1007 ἐν
1098 958 1178 1024 τῷ
1207 951 1411 1024 πλοίῳ,
1442 953 1528 1006 καὶ
1551 951 1758 1006 τούτων
1787 951 1916 1005 εἶναι

266 1049 364 1117 τὴν
401 1045 604 1118 ὀσμὴν,
653 1043 813 1105 αὐτὸς
863 1040 1038 1112 ἄλλην
1081 1035 1260 1116 ἔλεγεν
1313 1040 1444 1095 εἶναι
1491 1041 1589 1108 τήν
1625 1036 1912 1093 δυσωδίαψ

269 1132 348 1193 ἔτι
382 1133 440 1190 δὶ
469 1135 638 1188 αὐτοῦ
670 1130 952 1208 λὲγοντος,
983 1129 1241 1206 νεώτερός
1268 1151 1351 1192 τις
1387 1128 1531 1205 ἔχων
1573 1126 1824 1202 δαίμονα,
1856 1128 1914 1189 ὃς

268 1223 640 1301 προεισελθὼν
696 1221 987 1297 ἐκρύπτετο
1048 1220 1099 1274 ἐν
1145 1224 1224 1292 τῷ
1266 1218 1472 1292 πλοίῳ,
1506 1217 1660 1282 εὐθὺς
1692 1217 1913 1291 ἀνέκρα-

269 1315 375 1386 ξεν.
400 1311 783 1385 Ἐπιτιμηθεὶς
817 1308 873 1364 δὲ
903 1311 930 1364 6
962 1306 1170 1383 δαίμων
1193 1307 1244 1363 ἐν
1275 1313 1355 1381 τῷ
1391 1307 1618 1380 ὀνόματι
1662 1312 1758 1361 τοῦ
1810 1314 1914 1360 Ku-

271 1403 390 1480 ρίου
423 1404 581 1475 ἡμῶν
610 1402 788 1470 Ἰησοῦ
822 1401 1074 1474 Χριστοῦ,
1109 1395 1322 1470 ἐξῆλοεο
1356 1396 1445 1452 καὶ
1480 1397 1506 1450 6
1561 1397 1653 1469 μὶν
1709 1392 1915 1471 ἅνθρω-

268 1514 370 1555 πος
398 1492 616 1567 γέγονεν
654 1489 834 1564 ὑγιήςο
864 1489 1056 1549 πάντες
1089 1485 1145 1542 δὲ
1175 1483 1436 1562 ἔγνωσαν,
1471 1485 1553 1541 ὅτι
1585 1483 1682 1540 τοῦ
1725 1482 1917 1558 δαίμο-

271 1603 362 1644 νος
394 1581 460 1650 ἦν
489 1582 525 1650 ἡ
560 1574 815 1634 δυσωδία.

341 1673 432 1728 64.
467 1669 563 1723 Καὶ
596 1665 766 1728 ἄλλος
795 1664 850 1720 δέ
883 1687 964 1727 τις
992 1669 1098 1719 τῶν
1133 1663 1400 1742 ἐπιφανῶν
1434 1661 1600 1732 ἦλθεν
1636 1659 1779 1738 ἔχων
1811 1659 1918 1716 δαί-

278 1780 416 1834 μονα
445 1759 583 1834 πρὸς
614 1755 794 1811 αὐτόν.
827 1756 927 1811 Ἦν
963 1751 1019 1809 δὲ
1051 1755 1078 1809 6
1110 1751 1318 1826 δαίμων
1364 1752 1565 1814 ἰκεῑνος
1616 1753 1727 1826 (28)
1776 1750 1919 1806 οὕτω

275 1846 474 1917 δεινὸς,
506 1847 582 1909 ὡς
610 1847 701 1901 τὸν
762 1841 1152 1920 ἐνεργούμενον
1216 1843 1292 1916 μὴ
1352 1843 1657 1918 γινώσκειν,
1710 1841 1755 1895 εἷ
1786 1840 1920 1916 πρὸς

2028 686 2177 741 riora
2208 685 2582 754 monasteria,
2619 692 2857 758 rogatus
2891 693 2952 742 ut
2982 690 3040 743 in
3074 690 3344 746 navicula
3389 708 3670 749 conscen-

2025 775 2205 846 deret,
2239 780 2294 830 et
2320 779 2510 830 oraret
2540 791 2673 830 cum
2709 776 3034 845 monachis,
3062 778 3548 837 molestissimum
3583 799 3673 838 so-

2025 863 2119 920 lus
2155 865 2391 920 fetorem
2442 865 2718 936 percepit.
2769 868 3032 937 Cumque
3073 873 3332 924 vectores
3391 871 3669 938 dicerent,

2026 951 2246 1023 piscem
2281 968 2409 1008 esse
2439 955 2594 1008 614
2615 965 2665 1008 el
2689 952 3112 1010 salsamentum
3139 957 3194 1010 in
3220 958 3674 1026 navicula,unde

2027 1041 2175 1096 fetor
2202 1041 2338 1098 talis
2369 1043 2604 1113 orietur,
2621 1042 2780 1098 aliud
2813 1043 2908 1100 ille
2938 1062 3067 1100 esse
3097 1046 3430 1103 afﬁrmabat
3461 1067 3474 1105 :
3509 1050 3671 1121 ipso-

2027 1144 2139 1200 que
2169 1130 2360 1185 adbuc
2393 1129 2664 1202 loquente
2695 1130 3034 1189 adolescens
3075 1135 3312 1205 quidam
3346 1137 3670 1194 damonem

2027 1217 2270 1286 habens,
2308 1219 2405 1290 qui
2440 1225 2788 1291 prevertens
2815 1220 2960 1276 alios
3005 1221 3062 1276 in
3101 1224 3230 1278 navi
3262 1242 3388 1281 sese
3418 1227 3673 1282 occulta-

2027 1311 2134 1376 rat,
2163 1309 2470 1379 derepente
2500 1308 2804 1364 exclamat.
2842 1311 3178 1382 lncrepatus
3200 1313 3425 1370 daemon
3462 1315 3520 1370 in
3577 1335 3672 1372 no-

2030 1395 2186 1452 mine
2217 1396 2444 1452 Domini
2502 1399 2636 1453 Jesu
2691 1398 2925 1466 Christi,
2987 1401 3146 1470 exiit,
3210 1419 3508 1474 sanusque
3567 1406 3675 1460 fuit

2028 1484 2223 1540 homo.
2252 1486 2398 1540 Tum
2433 1489 2798 1557 compertum
2831 1488 3108 1543 omnibus
3140 1490 3270 1558 fuit,
3316 1507 3384 1546 ex
3414 1492 3676 1549 daemone

2031 1573 2267 1629 fetorem
2301 1575 2658 1646 provenisse.

2101 1664 2189 1716 64.
2221 1662 2385 1717 Alius
2416 1663 2554 1718 item
2590 1662 2839 1720 illustris
2871 1665 3044 1722 homo
3076 1683 3108 1721 a
3148 1668 3410 1725 dmmone
3436 1675 3675 1727 vexatus

2031 1753 2224 1824 ipsum
2261 1751 2425 1817 adiit,
2459 1757 2516 1808 et
2547 1758 2665 1807 tam
2715 1753 2973 1810 furiosus
3024 1761 3146 1811 erat
3195 1758 3420 1814 deemon
3462 1759 3579 1829 ille,
3614 1765 3676 1817 ut

2029 1840 2272 1912 ignarus
2303 1844 2459 1896 esset
2479 1857 2542 1896 se
2573 1841 2645 1896 ad
2678 1844 2991 1898 Antonium
3025 1845 3260 1913 adduci,
3287 1847 3402 1903 imo
3425 1848 3517 1903 sui
3549 1865 3674 1904 cor-

275 1935 566 1994 Ἀντώνιον
617 1931 725 2008 ᾖεν
777 1930 923 1987 ἀλλὰ
968 1933 1055 1986 καὶ
1105 1935 1202 1986 τοῦ
1253 1931 1506 2004 σώματος
1543 1930 1706 1986 αἶ)τοῦ
1738 1931 1804 1984 τὰ
1832 1951 1917 1984 τε-

2037 1929 2188 2002 poris
2219 1930 2548 1985 comederet
2577 1936 2964 1988 excrementa.
2997 1935 3300 2006 Rogabant
3348 1936 3543 2009 itaque
3573 1938 3676 2010 qui

276 2028 431 2104 ριττᾶ
458 2026 766 2095 κατήσθιεν.
801 2023 870 2079 Ol
905 2022 998 2095 μὲν
1054 2019 1143 2075 οὗν
1194 2020 1485 2096 ἀγαγόντες
1539 2019 1722 2088 αὐτὸν,
1781 2039 1919 2095 παρ-

275 2115 506 2172 εκάλουν
556 2114 648 2168 τὸν
699 2112 991 2168 Ἀντώνιον
1038 2107 1285 2180 εὔξασθαι
1337 2109 1469 2184 ὑπὲρ
1531 2108 1716 2163 αὐτοῦ·
1779 2109 1806 2161 6
1866 2105 1922 2162 δὲ

277 2204 574 2265 Ἀντώνιος
625 2200 921 2274 συμπαθὼν
971 2203 1050 2271 τῷ
1089 2197 1372 2270 νεανίσκῳ,
1423 2195 1648 2273 ηὔχετοο
1702 2197 1788 2251 καὶ
1820 2199 1918 2266 τὴν

275 2293 441 2348 νύκτα
472 2298 642 2346 πᾶσαν
691 2288 1131 2365 συνηγρὺπνησεν
1194 2284 1359 2358 αὐτῷ.
1422 2286 1524 2342 Καὶ
1575 2287 1603 2340 6
1657 2287 1749 2359 μὲν
1801 2307 1920 2340 νεα-

275 2381 498 2451 νίσκος,
555 2379 804 2457 ἐξαίφνης
862 2376 1100 2432 ἐπελθὼν
1148 2376 1226 2447 τῷ
1306 2373 1580 2446 Ἀντωνίῳ
1650 2373 1772 2447 περὶ
1822 2376 1920 2443 τήν

275 2471 373 2538 ἓω,
406 2466 612 2540 ὥθησεν
647 2467 826 2522 αὐτόν’
860 2469 967 2520 τῶν
999 2462 1055 2518 δὲ
1086 2464 1177 2518 σὺν
1211 2461 1400 2535 ἐκείνῳ
1433 2458 1697 2526 ἐλθόντων
1723 2462 1921 2537 ἀγανα-

276 2558 570 2625 κτούντων,
600 2557 700 2634 ἔφη
734 2558 761 2610 6
795 2555 1101 2615 Ἀντώνιος”
1135 2554 1226 2621 Μὴ
1254 2551 1616 2627 χαλεπαίνετε
1647 2556 1724 2624 τῷ
1754 2553 1926 2606 νεαινί⁴

280 2667 415 2721 σκιρσ
453 2647 514 2702 οὐ
546 2646 649 2722 γὰρ
681 2643 841 2706 αὐτός
875 2642 1038 2713 ἐστιν,
1072 2639 1258 2696 ἆλλ²·ὁ
1288 2639 1340 2694 ἐν
1375 2640 1518 2712 αὐτῴ
1546 2638 1776 2714 δαίμωνο
1807 2639 1924 2694 ἐπι-

277 2735 531 2809 τιμηθεὶς
563 2731 640 2804 δέ,
673 2732 760 2787 καὶ
789 2729 1098 2794 κελευσθεὶς
1147 2727 1407 2799 ἐλαθῆναι
1441 2729 1516 2791 εἷς
1545 2727 1802 2803 ἀνύδρους
1833 2730 1923 2783 τό-

280 2847 436 2895 πους,
491 2823 685 2897 ἐμάνη,
737 2821 825 2876 καὶ
876 2825 1037 2875 τοῦτο
1086 2819 1372 2890 πεποίηκει
1425 2817 1679 2888 Δοξάζετε
1710 2816 1801 2872 οὖν
1833 2818 1923 2872 τὸν

282 2914 500 2990 Κύριονο
533 2913 594 2967 τὸ
623 2911 723 2988 γὰρ
773 2909 946 2971 οὕτως
997 2909 1156 2963 αὐτὸν
1205 2908 1445 2982 ὁρμῆσαι
1496 2908 1611 2960 κατ’
1662 2907 1796 2980 ἐμοῦ
1829 2928 1924 2977 ση-

285 3009 438 3077 μεῖον
475 3002 603 3074 ὑμῖν
635 2999 827 3075 γέγονε
854 3005 954 3068 τῆς
982 3001 1078 3052 τοῦ
1111 2994 1368 3070 δαίμονος
1396 2993 1600 3066 ἐξόδου.
1633 3000 1806 3052 Ταῦτα
1829 3001 1926 3051 τοῦ

280 3092 576 3148 Ἀντωνίου
608 3089 875 3155 εἰπόντος,
908 3086 1060 3148 εὐθὺς
1094 3087 1121 3140 6
1154 3089 1426 3147 νεανίσκος
1473 3086 1688 3161 γέγονεν
1739 3084 1922 3158 ὑγιής·

277 3180 368 3236 καὶ
400 3179 594 3236 λοιπὸν
626 3178 1001 3254 σωφρονήσας,
1035 3169 1190 3250 ἔγνω,
1215 3175 1356 3229 ὅπου
1384 3194 1442 3228 τε
1469 3174 1560 3246 ἦν,
1591 3173 1680 3229 καὶ
1725 3194 1925 3246 κατησ-

279 3269 478 3340 πάζετο
509 3270 600 3323 τὸν
631 3267 858 3344 γέροντα
888 3265 1223 3341 εὐχαριστῶν
1253 3268 1334 3336 τῷ
1359 3264 1494 3336 Θεῷ.

2035 2020 2230 2091 ipsum
2259 2018 2643 2086 adduxerant,
2677 2020 3018 2087 Antonium,
3055 2028 3116 2078 ut
3161 2030 3353 2079 oraret
3400 2043 3505 2097 pro
3550 2025 3670 2082 illo.

2035 2108 2318 2163 Antonius
2348 2107 2776 2164 adolescentem
2811 2111 3142 2178 miseratus,
3179 2114 3544 2185 precabatur,
3585 2121 3678 2171 to-

2035 2201 2273 2268 tamque
2306 2200 2534 2252 noctem
2567 2214 2696 2252 cum
2732 2214 2797 2253 eo
2832 2199 3368 2257 duxitinsomnem.
3411 2204 3673 2261 Juvenis-

2035 2303 2147 2356 que
2178 2287 2332 2340 circa
2362 2302 2585 2340 aurora:
2617 2292 2848 2358 tempus
2893 2289 3202 2360 derepente
3253 2291 3312 2345 in
3363 2294 3676 2349 Antonium

2032 2374 2286 2442 irruens,
2319 2375 2557 2447 impulit
2596 2392 2750 2431 eum.
2804 2376 2964 2439 Quod
3010 2394 3143 2433 cum
3195 2379 3431 2452 indigne
3463 2384 3680 2438 ferrent

2034 2463 2276 2518 comites
2308 2465 2432 2535 ejus
2468 2481 2480 2518 :
2516 2464 2596 2519 Ne
2629 2466 3134 2535 succenseatis,ait
3165 2470 3678 2538 Antonius,adole-

2034 2553 2216 2608 scenti
2251 2571 2263 2607 :
2300 2569 2490 2624 neque
2519 2553 2674 2608 enim
2712 2553 2854 2608 illud
2887 2555 3008 2626 agit
3035 2556 3176 2627 ipse,
3203 2559 3303 2612 sed
3337 2559 3434 2630 qui
3469 2561 3527 2615 in
3551 2561 3679 2632 ipso

2035 2645 2124 2697 est
2155 2641 2753 2714 daemoancrepatus
2783 2650 2978 2698 autem
3011 2645 3444 2718 damon,atque
3468 2650 3678 2720 jussus

2036 2731 2094 2784 in
2129 2730 2253 2784 loca
2284 2731 2448 2784 arida
2478 2732 2779 2803 aufugere,
2823 2732 2900 2800 id,
2935 2732 3126 2789 furore
3154 2736 3678 2810 percitus,aggres-

2037 2837 2138 2876 sus
2171 2824 2278 2875 est.
2317 2820 2559 2875 Domino
2580 2820 2779 2892 itaque
2807 2821 3053 2893 gloriam
3088 2824 3316 2881 referte.
3350 2826 3496 2882 Nam
3520 2829 3675 2899 quod

2035 2909 2131 2964 ille
2161 2909 2244 2964 sic
2274 2909 2554 2981 impetum
2588 2909 2646 2964 in
2682 2926 2772 2965 me
2805 2912 3024 2979 fecerit,
3059 2913 3338 2970 daemonis
3377 2917 3566 2972 exitus
3598 2918 3679 2973 si-

2035 3013 2216 3069 gnum
2251 2997 2412 3053 vobis
2447 2997 2572 3054 fuit.
2605 3001 2736 3054 Haac
2763 2997 3033 3069 loquente
3062 3003 3333 3073 Antonio,
3358 3005 3558 3060 statim
3584 3022 3682 3061 sa-

2038 3091 2211 3142 natus
2237 3091 2326 3142 est
2347 3087 2605 3157 juvenis,
2638 3091 2811 3159 atque
2841 3089 2913 3143 ad
2935 3105 3141 3145 sanam
3166 3092 3396 3148 rediens
3420 3098 3676 3150 mentem

2036 3176 2270 3248 agnovit
2295 3191 2410 3247 quo
2441 3180 2596 3232 esset
2634 3175 2783 3243 loco,
2835 3193 3153 3250 senemque
3200 3180 3564 3253 amplexatus
3594 3189 3685 3240 est

2038 3264 2252 3336 gratias
2285 3281 2464 3337 agens
2495 3265 2633 3321 Deo.

351 3328 442 3414 65.
481 3328 670 3412 [Ιολλᾶ
695 3328 756 3410 τε
785 3328 1183 3410 ἄλλατοιαῦτα
1215 3353 1522 3427 συμφώνως
1566 3353 1652 3406 καὶ
1700 3353 1921 3426 ὁμαλῶς

2038 3328 2071 3336 ν
2107 3356 2195 3410 65.
2231 3328 2357 3409 Alia
2386 3353 2478 3410 bis
2509 3354 2725 3410 similia
2757 3356 3048 3427 permulta
3078 3358 3334 3416 edidisse
3363 3361 3684 3419 Antonium

285 3448 533 3523 εἰρήκασι
587 3444 710 3521 περὶ
742 3445 908 3499 αὐτοῦ
938 3441 1186 3498 πλεῖστοι
1217 3445 1322 3495 τῶν
1357 3446 1612 3517 μοναχῶν
1660 3439 1731 3495 δι’
1762 3443 1928 3496 αὐτοῦ

284 3537 625 3612 γεγενῆσθαι.
659 3534 776 3590 Οὐκ
801 3531 875 3586 ἔτι
911 3529 968 3586 δὲ
995 3535 1165 3586 ταῦτα
1185 3529 1466 3602 Θαυματῖᾶ
1483 3534 1762 3599 τοσοῦτον,
1799 3530 1928 3584 ὅσον

283 3627 353 3682 τὰ
382 3623 526 3680 ἄλλα
558 3622 970 3696 θαυμασιυότεόα
1005 3617 1217 3694 μᾶλλον
1247 3618 1510 3694 φαίνεται.
1542 3616 1781 3675 Μέλλων
1828 3619 1928 3694 γὰρ

287 3713 480 3778 ἐσθίειν
509 3713 659 3780 ποτὲ,
714 3711 799 3766 καὶ
835 3709 1057 3771 ἄναστὰς
1091 3705 1332 3779 εὔξασθαι
1382 3708 1503 3782 περὶ
1557 3709 1654 3776 τὴν
1705 3707 1927 3778 ἐννάτῃν

287 3802 452 3880 ὥραν,
498 3800 692 3877 ᾔσθετο
738 3799 922 3854 ἑαυτὸν
975 3795 1280 3874 ἁρπαγέντα
1325 3800 1393 3870 τῇ
1445 3793 1675 3866 διανοίᾳ·
1723 3796 1834 3860 καὶ,
1866 3797 1930 3851 τὸ

282 3889 610 3967 παράδοξον,
661 3888 826 3950 ἑστὼς
882 3882 1106 3942 ἔϐλεπεν
1157 3885 1341 3940 ἑαυτὸν
1372 3886 1551 3960 ὥσπερ
1585 3883 1776 3954 ἔξωθεν
1809 3887 1928 3940 hau.

279 3985 380 4036 τοῦ
409 3979 720 4055 γινόμενον,
753 3976 840 4030 καὶ
871 3975 945 4036 ὡς
980 3975 1053 4035 εἷς
1081 3974 1174 4029 τὸν
1228 3974 1357 4046 ἀέρα
1405 3970 1773 4048 ὁδηγούμενοι]
1827 3975 1930 4030 ὑπό

278 4086 466 4125 τινων·
503 4067 612 4120 εἶτα
661 4063 888 4134 πικροὺς
936 4063 1025 4117 καὶ
1073 4060 1281 4124 δεινούς
1327 4083 1472 4124 τινας
1508 4063 1740 4125 ἑστῶτας
1773 4062 1824 4117 ἐν
1852 4070 1931 4136 τῷ

2040 3443 2229 3515 signa,
2262 3442 2499 3514 plurimi
2531 3444 2953 3500 monachorum
2980 3463 3214 3503 summo
3238 3465 3526 3506 consensu
3549 3469 3686 3508 nar-

2041 3532 2470 3602 rarunt.Neque
2499 3538 2884 3588 tamen-tanta
2913 3539 3051 3588 sunt
3069 3536 3457 3593 admiratione
3487 3539 3690 3612 digna,

2041 3626 2257 3693 quanta
2280 3620 2392 3674 alia
2419 3619 2703 3676 nonnulla
2727 3622 3164 3678 videntur.Cum
3197 3625 3514 3697 aliquando
3536 3645 3690 3686 com-

2040 3714 2275 3764 esturus
2301 3725 2450 3774 esse,
2485 3710 2583 3764 ubi
2615 3715 2887 3765 oraturus
2919 3714 3262 3770 surrexisset
3287 3716 3441 3772 circa
3472 3735 3690 3776 nonam

2043 3799 2269 3866 horam,
2303 3814 2430 3852 sese
2461 3804 2655 3853 mente
2685 3799 2875 3870 abripi
2906 3801 3110 3869 sensit,
3144 3806 3419 3875 quodque
3452 3823 3690 3875 prorsus

2041 3887 2395 3958 stupendum
2421 3891 2669 3954 est,cum
2694 3893 3032 3955 staret,sese
3058 3890 3202 3946 vidit
3220 3895 3504 3964 tanquam
3528 3901 3692 3952 extra

2041 3992 2103 4031 se
2137 3975 2422 4047 positum,
2446 3979 2502 4029 et
2532 3992 2634 4047 per
2663 3992 2856 4031 aerem
2890 3994 2923 4030 a
2945 3978 3305 4048 quibusdam
3339 3981 3684 4040 abductum.

2042 4064 2260 4119 Exinde
2293 4062 2583 4120 terribiles
2615 4067 2915 4135 tetrosque
2948 4066 3260 4122 nonnullos
3291 4069 3436 4125 vidit
3470 4072 3527 4127 in
3559 4088 3691 4129 aere

1683 4189 1938 4245 VERSlO
1971 4188 2278 4244 EVAGRII.

347 4293 437 4348 63.
472 4290 731 4354 Quodam
765 4293 952 4344 autem
983 4292 1245 4367 tempore
1276 4285 1653 4367 cumexisset
1683 4287 1753 4341 ad
1788 4289 2073 4367 exteriora
2125 4283 2512 4367 [DORQSle-Pla,‘
2549 4289 2605 4339 et
2653 4293 2896 4367 rogatus
2945 4291 3097 4367 esset
3129 4305 3162 4342 a
3211 4289 3488 4367 fratribus
3538 4296 3602 4348 ut
3630 4292 3692 4349 in

281 4366 408 4420 navi
465 4363 719 4434 quadam
754 4379 884 4415 cum
910 4356 1212 4434 monachis
1245 4357 1748 4434 proﬁciscentibus
1780 4364 1992 4434 oraret,
2027 4358 2310 4434 ascendit.
2345 4356 2591 4434 εἴβοιυβ
2621 4374 2688 4410 ex
2720 4356 2993 4434 Omnibus
3024 4361 3258 4415 Odorem
3312 4364 3497 4419 Sensit
3523 4369 3692 4422 δείδι’·

280 4427 518 4492 rimum.
554 4434 865 4488 Asserebat
895 4432 1086 4485 cuncti
1123 4427 1368 4508 piscium
1403 4429 1694 4508 salsorum
1730 4435 1784 4508 et
1815 4430 2168 4508 tarichorum
2201 4430 2256 4508 in
2285 4427 2419 4508 navi
2453 4429 2775 4508 positorum
2814 4432 2967 4508 hunc
2997 4447 3124 4485 esse
3186 4435 3420 4489 fetorem
3455 4437 3588 4508 (29).
3619 4440 3693 4494 At

283 4507 381 4564 ille
413 4507 652 4561 alterius
687 4505 762 4558 rei
798 4507 1039 4558 fetorem
1073 4499 1137 4557 se
1166 4500 1383 4556 sentire
1413 4501 1957 4556 alﬁrmavit.Adhuc
1989 4502 2262 4572 loquente
2282 4499 3003 4572 illo,_adolescensquidam
3034 4520 3340 4571 possessus
3371 4525 3404 4561 a
3428 4499 3693 4566 d‘aamone

285 4580 386 4651 qui
423 4579 945 4662 praecedensjuxta
974 4575 1329 4662 ca'rinamlse
1362 4573 1524 4662 navis
1558 4573 1915 4662 abscondere

2037 4570 2250 4653 .e‘pepm
2293 4570 2663 4662 exclamavit;
2708 4570 2830 4662 Quo
2861 4570 3055 4662 statim
3109 4591 3208 4646 per
3253 4579 3573 4636 Antonium
3626 4582 3687 4637 in

285 4641 521 4706 nomine
555 4641 993 4703 Domini'nostri
1028 4649 1162 4700 Jesu
1197 4643 1411 4701 Christi
1447 4648 1670 4709 curato,
1703 4643 2038 4699 intellexere
2071 4641 2326 4699 universi
2358 4642 2572 4697 diaboli
2606 4641 2772 4697 illum
2809 4645 2986 4700 fuisse
3020 4641 3280 4702 fetorem.

354 4723 443 4777 64.
476 4721 638 4776 Alius
671 4736 904 4791 quoque
935 4719 1002 4771 ad
1037 4735 1168 4791 eum
1202 4718 1308 4783 vir,
1346 4717 1496 4768 inter
1527 4732 1667 4770 suos
1697 4715 2334 4791 nobil_is,dafmonios_us
2367 4714 2868 4791 adduci_tur,tanta
2887 4734 3205 4788 oppressus
3236 4720 3555 4789 insania,ut
3576 4739 3689 4778 non

285 4794 461 4849 sciret
491 4810 552 4847 se
583 4787 710 4846 esse
743 4787 893 4859 apud
931 4789 1271 4855 Antonium,
1303 4803 1525 4868 necnon
1559 4793 1614 4842 et
1639 4787 1902 4868 corporis
1935 4788 2024 4843 sui
2056 4787 2354 4868 superflua
2385 4787 3126 4868 comederetpuamobrem
3151 4797 3389 4868 rogatus
3421 4787 3598 4848 senex
3615 4794 3688 4849 ab

283 4865 510 4934 bisqui
543 4881 675 4918 eum
708 4858 1096 4934 adduxerunt,
1131 4865 1194 4914 ut
1227 4877 1325 4930 pro
1359 4858 1454 4934 illo
1488 4859 1798 4934 Dominum
1833 4865 2041 4934 oraret,
2076 4859 2131 4913 in
2165 4865 2394 4934 tantum
2419 4859 2653 4934 juvenis
2685 4861 2932 4934 miseria:
2955 4863 3346 4927 condoluit,ut
3377 4870 3496 4918 tota
3525 4871 3692 4921 nocte

284 4929 638 5020 pervigilans
670 4951 800 4988 cum
837 4949 923 4994 eo,
961 4929 1240 5020 adversus
1275 4929 1547 5010 patientius
1579 4930 1868 5020 insaniam
1903 4932 2211 5013 laboraret.
2246 4931 2353 4984 Sed
2388 4946 2519 5020 c‘um
2547 4931 2671 5011 jam
2708 4932 3042 5020 lucesceret,
3077 4939 3135 5020 et
3162 4937 3691 5020 obsessus,impetu

282 5001 343 5063 in
378 5001 695 5062 Antonium
741 5007 909 5067 facto,
942 5005 1315 5058 vehementer
1345 5017 1476 5084 eum
1512 5002 1844 5084 impulisset
1878 5021 1896 5084 ξ
1928 5003 2100 5084 irasci
2133 5007 2452 5084 cmperupt,
2487 5003 2585 5073 qui
2609 5018 2744 5084 eum
2777 5005 3430 5084 adduxerunt.cur_seni
3462 5001 3695 5084 fecisset

283 5075 1231 5150 injuriamuuibus_Antoniusait
1263 5072 1497 5150 :_Nolite
1524 5073 1773 5150 alienam
1807 5074 2038 5150 culpam
2063 5072 2516 5150 juvenigmisero
2543 5075 2830 5150 ascribere
2866 5091 2877 5150 ς
2915 5076 3214 5150 ίυιποιχίεῐο
3243 5077 3690 5150 obsidentisest,

283 5144 399 5206 non
433 5150 653 5203 obsessi
685 5164 695 5200 :
734 5147 946 5200 idcirco
978 5153 1170 5200 autem
1203 5146 1259 5198 in
1295 5144 1444 5222 hanc
1467 5144 1932 5222 proruitdolens
1966 5144 2152 5201 hostis
2183 5148 2511 5222 audaciam,
2543 5147 2680 5222 quia
2719 5147 2999 5222 laedimus
3031 5148 3099 5200 ad
3137 5149 3360 5204 aridam
3394 5144 3692 5222 regionem

280 5224 364 5278 ire
394 5238 528 5277 eum
553 5218 754 5288 jussit,
787 5224 843 5272 et
871 5222 1095 5287 expulsi
1129 5218 1353 5290 Satanae
1385 5216 1665 5290 indicium
1702 5218 1809 5272 iste
1840 5219 2155 5290 adversum
2185 5234 2277 5290 me
2309 5217 2564 5287 impetus
2598 5216 2903 5290 t'uit.Nulla
2937 5226 3067 5288 post
3099 5223 3271 5274 verba
3304 5216 3692 5290 moraZadole-

287 5311 461 5351 scens
497 5297 722 5362 recepto
755 5306 952 5367 sensti,
1016 5294 1073 5343 et
1123 5289 1342 5361 gratias
1387 5305 1566 5360 agens
1623 5288 1759 5356 Deo,
1792 5294 1848 5345 et
1878 5289 2070 5345 locum
2102 5288 2200 5344 ubi
2232 5295 2386 5343 esset
2415 5288 2666 5358 agnovit,
2697 5292 2752 5342 et
2788 5294 2904 5343 toto
2952 5292 3269 5347 Antonium
3318 5288 3694 5367 complexans

283 5361 685 5443 deoscultatus
715 5366 804 5416 est
833 5361 1063 5443 affectu.
1104 5430 1139 5443 ﬂ
1339 5429 1377 5443 ν
1446 5430 1455 5440 _
1729 5434 1738 5443 ι
2196 5429 2209 5443 ¹
2687 5429 2724 5443 μ
3044 5431 3055 5443 ,
3106 5432 3139 5443 η

353 5439 444 5492 65.
479 5437 790 5490 lnnumera
821 5439 876 5487 et
902 5431 1016 5487 alia
1048 5429 1380 5508 istiusmodi
1411 5430 1580 5500 signa
1609 5434 1766 5508 sunt,
1802 5447 1930 5502 qure
1953 5503 1962 5508 _
1986 5429 2405 5508 monachorum
2457 5429 2727 5484 concordi
2777 5447 2929 5508 saepe
2979 5431 3257 5508 relatione
3288 5436 3690 5508 cognovimus.

287 5509 494 5566 Verum
529 5525 642 5562 non
675 5510 903 5560 tantum
943 5504 1033 5559 his
1063 5502 1431 5557 adhibendus
1462 5506 1551 5557 est
1581 5507 1786 5572 stupor
1819 5500 1834 5558 Ξ
1865 5503 2006 5574 quia
2037 5501 2218 5556 multo
2253 5500 2539 5572 plus,quae
2569 5500 3317 5572 sequuntur,conditionem
3342 5500 3554 5564 nostra
3578 5509 3693 5565 fra-

288 5580 531 5654 gilitatis
558 5579 863 5634 excedunt.
899 5580 1050 5632 Hora
1083 5574 1312 5630 circiter
1343 5589 1517 5638 nona,
1549 5589 1680 5628 cum
1715 5577 1848 5629 ante
1878 5575 2074 5630 cibum
2102 5590 2267 5629 orare
2297 5574 2589 5643 coepisset,
2624 5579 2856 5644 raptum
2890 5591 2952 5630 se
2983 5577 3168 5632 sensit
3197 5579 3253 5632 in
3279 5580 3510 5651 spiritu,
3544 5581 3694 5638 etab

358 5737 469 5808 (28)
527 5737 615 5808 In,
647 5731 819 5808 editis
878 5735 1028 5808 post,
1089 5728 1123 5808 6_
1170 5724 1405 5800 δαίμων,
1465 5725 1677 5808 legitur
1705 5725 1926 5798 ἐκεῖνος,

2109 5729 2224 5809 (_29)
2255 5728 2349 5784 Sic
2381 5727 2792 5800 manuscripti.
2837 5730 2983 5786 Editi
3015 5747 3168 5805 vero,
3216 5738 3490 5809 putorem,
3520 5741 3578 5796 et
3605 5737 3693 5797 sic

288 5799 420 5882 quae
449 5799 560 5865 vox
589 5807 754 5862 deest
776 5803 836 5859 in
869 5799 1227 5876 quibusdam
1261 5799 1700 5872 manuscriptis.

2049 5801 2222 5860 infra.
