4074 6332
201 428 319 490 937

1585 415 1770 476 VITA
1813 415 1877 476 S.
1923 415 2269 478 ANTONII.

3494 425 3614 486 938

200 583 294 624 τας
325 560 437 632 (34)
469 557 605 632 πρὸς
634 553 820 622 αὐτὸν,
851 553 974 628 περὶ
1019 557 1120 622 τῆς
1170 549 1443 627 διαγωγῆς
1490 556 1591 619 τῆς
1642 551 1850 623 ψυχῆς,

1993 567 2094 606 oco
2117 555 2248 623 post
2272 555 2520 609 mortem
2545 572 2558 621 ;
2593 554 2931 626 insequente
2964 563 3129 616 nocte
3151 559 3459 631 compellat
3478 559 3614 632 quis

202 650 292 705 καὶ
319 653 478 708 ποῖος
512 643 648 718 μετὰ
676 647 843 698 ταῦτα
871 640 1005 716 αὐτῇ
1036 640 1202 701 τόπος
1235 635 1402 711 ἔσται,
1428 642 1496 712 τῇ
1546 637 1667 708 ἑξῆς
1697 638 1844 692 νυκτὶ

204 736 362 794 καλεῖ
394 757 479 797 τις
538 733 696 788 αὑτὸν
757 729 980 800 ἄνωθεν,
1039 729 1235 804 λέγων·
1295 728 1567 794 Ἀντώνιε,
1623 727 1850 788 ἀναστὰς

207 824 408 901 ἔξεΛθε,
448 824 538 878 καὶ
591 821 776 898 βλέπε.
830 817 1091 890 Ἐξελθὼν
1141 817 1348 886 τοίνυν,
1399 815 1538 892 (ᾔδει
1581 818 1684 891 γάρ
1716 816 1850 870 τίσιν

215 914 502 973 ὑπακούειν
559 909 812 989 ὀφείλειο)
843 908 933 963 καὶ
981 907 1251 983 έοεώρησέ
1298 928 1418 960 τινα
1469 906 1673 981 μακρὸν
1730 905 1854 958 ἀνα-

213 1002 414 1078 ϐλέψας
444 1004 583 1072 (35),
617 997 769 1068 ἀειδῆ
802 997 891 1052 καὶ
924 992 1177 1074 φοϐερὸν,
1212 997 1417 1051 ἑστῶτα
1463 995 1552 1049 καὶ
1598 995 1859 1071 φθάνοντα

219 1097 386 1169 μέχρι
435 1095 542 1146 τῶν
585 1086 850 1165 νεφελῶν,
903 1086 992 1141 καὶ
1038 1080 1420 1148 ἀναϐαίνοντας
1474 1105 1623 1146 τινας
1677 1081 1858 1157 ὥσπερ

215 1180 647 1257 ἐπτερωμένους·
695 1177 937 1231 κάκεῖνον
992 1173 1295 1230 ἐκτείνοντα
1348 1173 1443 1234 τὰς
1505 1178 1711 1248 χεῖρας·
1769 1173 1855 1226 καὶ

213 1271 342 1333 τοὺς
378 1269 474 1343 μὲν
504 1267 888 1338 κωλυομένους
917 1265 1044 1338 παρ’
1076 1265 1260 1334 αὑτοῦ,
1292 1261 1418 1324 τοὺς
1449 1260 1505 1316 δὲ
1563 1263 1860 1336 ὑπεριπτα-

219 1360 435 1435 μένους,
467 1357 556 1413 καὶ
591 1354 901 1420 διελθόντας
933 1354 1147 1425 λοιπὸν,
1191 1352 1510 1426 ἀμερίμνως
1559 1351 1860 1425 ἀνάγεσθαι.

329 1451 339 1464 ί
417 1448 433 1466 κ
680 1442 708 1464 ’Υ
849 1448 871 1458 υ
1085 1442 1098 1460 Ι
1275 1439 1298 1458 Ἰ
1553 1438 1564 1456 \
1653 1436 1732 1456 ON!

219 1452 343 1506 Ἐπι
378 1467 471 1521 μεν
503 1448 615 1518 (36)
650 1466 739 1498 ουν
782 1464 899 1505 τοις
950 1462 1221 1503 τοιουτοις
1273 1447 1447 1515 ετριζε
1483 1461 1610 1500 τους
1643 1457 1864 1500 οοοντας

219 1541 247 1594 ὁ
283 1536 486 1613 μακρὸς
516 1533 739 1595 ἐκεῖνος·
774 1532 860 1587 ἐπὶ
911 1529 968 1586 δὲ
1012 1536 1131 1592 τοῖς
1182 1530 1601 1600 ἀποπίπτουσιν,
1653 1525 1860 1603 ἔχαιρε.

220 1627 318 1682 Καὶ
376 1623 531 1689 εὐθὺς
592 1623 728 1696 πρὸς
777 1620 1064 1678 ’Λντώνιον
1117 1619 1322 1696 ἐγένετο
1367 1620 1517 1696 φωνή
1557 1637 1568 1650 ·
1624 1619 1752 1673 Νόει
1799 1617 1861 1670 τὸ

224 1715 584 1793 βλεπόμενον·
619 1712 709 1768 καὶ
759 1707 1160 1785 διανοιχοείσης
1212 1708 1373 1763 αὐτοῦ
1419 1715 1516 1777 τῆς
1577 1704 1815 1767 διανοίας
1851 1749 1865 1774 ,

221 1806 416 1861 ἐνενόει
445 1807 552 1857 τῶν
603 1805 795 1876 ψυχῶν
828 1801 957 1854 εἶναι
1009 1800 1108 1868 τὴν
1142 1795 1404 1873 πάροδον,
1438 1797 1528 1852 καὶ
1573 1797 1664 1851 τὸν
1699 1795 1866 1851 ἑστῶ-

1959 655 2094 694 eum
2125 641 2603 712 desuper,aiens:
2641 645 3083 719 Antoni,surge,
3117 649 3411 721 egredere,
3439 652 3616 719 atque

1961 727 2109 783 vide.
2144 729 2426 801 Egressus
2458 731 2638 801 igitur
2666 734 2855 804 (norat
2899 735 3117 807 quippe
3177 737 3395 808 quibus
3445 737 3614 792 obse-

1965 818 2265 886 quendum
2295 821 2471 889 esset)
2499 821 2862 894 sublatisque
2887 825 3094 894 oculis,
3125 825 3270 879 vidit
3308 841 3614 897 procerum

1967 907 2282 974 quemdam
2311 907 2632 964 deformem
2661 927 2726 965 ac
2747 912 3088 978 terribilem,
3121 918 3402 982 stantem,
3439 918 3617 986 atque

1969 995 2155 1048 nubes
2186 997 2605 1068 attingentum,
2651 1005 2708 1054 et
2737 1003 3024 1071 quosdam
3050 1019 3150 1058 ceu
3185 1003 3370 1059 alatos
3413 1019 3614 1059 ascen-

1970 1083 2126 1149 dere,
2150 1083 2436 1156 illumque
2459 1103 2669 1143 manus
2691 1090 3018 1157 extendere,
3049 1096 3224 1161 atque
3282 1090 3430 1146 alios
3488 1091 3616 1161 qui-

1972 1171 2103 1226 dem
2135 1172 2407 1243 impediri
2468 1176 2538 1230 ab
2591 1175 2711 1243 illo,
2771 1176 2917 1234 alios
2973 1179 3246 1250 superius
3305 1177 3518 1246 volare,
3559 1182 3619 1234 et

1973 1260 2072 1314 ubi
2104 1262 2576 1331 pertransierunt,
2603 1266 2825 1336 absque
2852 1283 2992 1322 cura
3015 1274 3072 1322 et
3103 1267 3358 1338 periculo
3380 1284 3618 1324 sursum

1977 1349 2132 1403 ferri.
2165 1351 2424 1416 Quorum
2455 1367 2633 1407 causa
2655 1370 2932 1424 procerus
2965 1354 3062 1411 ille
3110 1356 3386 1411 dentibus
3417 1357 3626 1411 stride-

1974 1439 2107 1493 bat:
2145 1441 2214 1493 de
2245 1438 2518 1511 collapsis
2550 1446 2744 1497 autem
2777 1443 3098 1498 laetabatur.
3147 1444 3474 1514 Statimque
3511 1447 3624 1499 An-

1975 1527 2170 1582 tonius
2201 1545 2397 1584 vocem
2431 1531 2688 1588 audivit:
2722 1533 2874 1586 676
2906 1532 3168 1605 Intelligo
3221 1535 3375 1604 quod
3403 1532 3623 1588 vidisti.

1977 1620 2044 1670 Et
2070 1622 2272 1688 aperta
2314 1618 2426 1689 ipsi
2483 1625 2697 1686 mente,
2725 1621 3020 1693 cogitabat
3048 1623 3382 1677 animarum
3407 1622 3465 1677 id
3499 1639 3626 1678 esse

1976 1705 2312 1771 transitum,
2337 1712 2392 1762 et
2413 1712 2667 1764 stantem
2699 1709 2867 1766 illum
2899 1727 3231 1782 procerum,
3268 1727 3398 1767 esse
3429 1711 3628 1766 inimi-

1979 1811 2132 1858 cum,
2167 1796 2266 1865 qui
2298 1797 2673 1852 credentibus
2723 1799 3027 1867 invideret,
3077 1799 3311 1871 sibique
3350 1800 3630 1856 obnoxios

221 1915 289 1950 τα
323 1892 526 1967 μακρὸν
559 1890 693 1945 εἶναι
720 1889 812 1944 τὸν
865 1887 1060 1964 ἐχθρὸν
1116 1890 1222 1960 (37)
1271 1887 1361 1942 τὸν
1404 1888 1705 1964 φθονοῦντα
1753 1890 1869 1946 τοῖς

1993 1883 2461 1955 ipprehenderet,
2515 1887 2880 1957 transituque
2932 1893 3187 1944 arceret:
3239 1904 3481 1960 eosque,
3525 1887 3628 1960 qui

221 1987 478 2044 πιστοῖς·
530 1980 618 2035 καὶ
669 1977 796 2040 τοὺς
844 1977 937 2050 μὶν
990 1975 1315 2040 ὑπευθόνους
1369 1975 1514 2047 αὑτῷ
1563 1978 1866 2049 κρατοῦντα

223 2074 318 2128 καὶ
348 2069 631 2126 κωλύοντα
661 2064 917 2134 διελθεῖν,
948 2064 1074 2126 τοὺς
1123 2062 1178 2120 δέ
1229 2065 1306 2136 μή
1356 2064 1668 2126 πεισσέντας
1720 2062 1867 2134 αὐτῷ

230 2163 310 2236 μή
342 2158 636 2231 δυνάμενον
667 2160 879 2232 κρατεῖν
909 2155 982 2209 ὡς
1019 2148 1458 2229 ὑπερϐαίνοντας.
1493 2156 1667 2210 Τοῦτο
1707 2151 1872 2206 πάλιν

227 2249 507 2321 ἑωρακὼς,
539 2246 628 2301 καὶ
652 2244 830 2318 ὥσπερ
867 2242 1440 2316 ὑπομιμνησκόμενος,
1477 2239 1688 2314 μαλλον
1719 2242 1873 2315 ἠγω-

226 2338 410 2408 νίζετο
440 2335 767 2412 προκόπτειν
798 2338 912 2393 τοῖς
944 2328 1245 2406 ἔμπροσθεν
1293 2331 1412 2384 καθ’
1441 2330 1671 2402 ἡμέραν.
1733 2331 1876 2386 Ταῦ-

227 2449 298 2483 τα
327 2424 386 2482 δὲ
415 2426 525 2500 οὐχ
549 2423 683 2478 ἑκὼν
732 2418 1078 2496 ἀπήγγελλεν
1121 2420 1300 2483 αὐτός·
1333 2419 1383 2474 ἐν
1418 2415 1474 2472 δὲ
1498 2419 1576 2490 τῷ
1607 2416 1876 2492 χρονίζειν

229 2518 285 2572 ἐν
316 2521 434 2576 ταῖς
465 2515 657 2588 εὐχαῖς
707 2511 795 2566 καὶ
839 2511 956 2574 καθ’
1007 2510 1196 2564 ἑαυτὸν
1245 2510 1569 2581 θαυμάζειν,
1618 2509 1880 2561 πυνθανο-

234 2605 414 2680 μένων
443 2608 550 2658 τῶν
584 2602 850 2656 συνόντων
896 2601 985 2654 καὶ
1035 2593 1336 2653 θλιϐόντων
1378 2597 1558 2663 αὑτὸν,
1587 2597 1878 2672 ἠναγκάζε-

228 2716 295 2750 το
354 2692 574 2768 λέγειν,
631 2691 704 2751 ὡς
756 2690 935 2763 πατὴρ
1001 2686 1062 2742 οὐ
1121 2684 1416 2758 δυνάμενος
1466 2685 1715 2760 κρύπτειν
1762 2690 1877 2746 τοῖς

229 2783 465 2843 τέκνοις·
499 2777 644 2836 ἀλλὰ
670 2778 758 2833 καὶ
789 2776 1114 2852 ἡγούμενος,
1168 2773 1248 2829 ὅτι
1303 2775 1364 2828 τὸ
1418 2775 1511 2847 μέν
1559 2774 1721 2829 αὐτοῦ
1755 2774 1882 2828 σόν-

233 2870 380 2934 ειδός
426 2869 538 2925 ἐστι
581 2869 811 2944 καθαρὸν
839 2909 852 2934 ,
902 2864 1127 2927 ἐκείνοις
1166 2861 1224 2918 δὲ
1273 2865 1335 2918 τὸ
1381 2861 1636 2938 διήγημα
1679 2862 1882 2937 γίνεται

234 2960 376 3036 πρὸς
407 2957 694 3036 ὠφέλειαν,
750 2955 1070 3028 μανθάνουσι
1115 2958 1216 3022 τῆς
1258 2952 1536 3022 ἀσκήσεως
1590 2950 1723 3006 εἶναι
1752 2970 1882 3024 καρ-

237 3049 344 3105 πὸν
406 3047 622 3123 ἀγαθὸν,
676 3049 783 3099 τῶν
839 3063 898 3098 τε
966 3041 1146 3097 πόνων
1217 3040 1488 3104 πολλάκις
1548 3039 1888 3113 παραμύθιον

236 3137 474 3216 γίνεσθαι
505 3135 599 3196 τὰς
633 3133 917 3194 ὀπτασίας.

313 3228 404 3282 67.
438 3223 580 3300 Πρὸς
614 3220 671 3277 δὲ
843 3220 931 3275 καὶ
961 3220 1023 3275 τὸ
1053 3221 1186 3289 ἦθος
1219 3218 1522 3290 ἀνεξίκακος
1551 3218 1638 3286 ἦν,
1668 3217 1757 3271 καὶ
1786 3219 1884 3287 τήν

229 3316 418 3390 ψυχὴν
449 3313 846 3389 ταπεινόφρων·
895 3313 1144 3370 τοιοῦτος
1192 3308 1291 3384 γάρ
1345 3306 1441 3375 ὢν,
1469 3309 1560 3362 τόν
1601 3328 1659 3361 τε
1687 3308 1886 3362 κανόνα

229 3412 331 3474 τῆς
373 3400 698 3471 Ἐκκληςίας
750 3400 1034 3475 ὑπερφυῶς
1086 3396 1266 3470 ἐτίμα,
1318 3401 1405 3451 καὶ
1461 3395 1634 3451 πάντα
1686 3394 1884 3466 κληρι-

227 3494 324 3548 κὸν
355 3490 425 3565 τῇ
454 3494 591 3564 τιμῇ
620 3489 978 3564 προηγεῖσθαι
1010 3483 1203 3554 ἤθελεν
1235 3487 1446 3541 ἑαυτοῦ.
1473 3490 1597 3546 Τοῖς
1651 3486 1744 3557 μὶν
1778 3486 1881 3560 γὰρ

227 3581 548 3641 ἐπισκόποις
595 3578 684 3633 καὶ
737 3572 1122 3650 πρεσϐυτέροις
1177 3574 1276 3629 οὐκ
1323 3573 1509 3648 ᾐδεῖτο
1559 3572 1741 3628 κλῖναι
1780 3576 1880 3642 τὴν

229 3669 500 3749 κεφαλήν·
553 3665 796 3728 διάκενος
849 3662 905 3719 δὲ
950 3661 1003 3718 εἷ’
1049 3684 1180 3718 ποτε
1226 3664 1364 3738 πρὸς
1411 3661 1570 3717 αὐτόν
1615 3661 1882 3740 ὠφελείας

233 3748 400 3837 χάριν
447 3759 680 3828 ἀπήντα,
728 3755 796 3810 τὰ
845 3753 938 3826 μὶν
970 3752 1108 3827 πρὸς
1158 3749 1422 3829 ὠφέλειαν
1471 3748 1764 3825 διελέγετο·
1816 3753 1884 3806 τά

236 3849 298 3906 δὲ
327 3855 426 3918 τῆς
474 3845 644 3921 εὐχῆς
696 3843 844 3916 αὑτῷ
895 3842 1232 3916 παρεχώρει,
1263 3839 1361 3894 οὐκ
1390 3837 1709 3912 αἰδούμενος
1744 3863 1882 3914 μαν-

234 3937 414 3995 θάνειν
443 3933 532 3991 καί
583 3932 766 3994 αὐτός.
799 3931 897 3987 Καὶ
925 3931 1028 4006 γὰρ
1082 3927 1353 3994 πολλάκις
1399 3928 1744 3999 ἐπυνθάνετο,
1791 3933 1882 3985 καὶ

1985 1990 2098 2028 non
2129 1973 2243 2028 sibi
2277 1990 2496 2030 morem
2529 1982 2813 2046 gererent,
2849 1977 3097 2033 retinere
3130 1994 3244 2033 non
3284 1981 3506 2049 posset,
3543 1981 3631 2032 ut-

1985 2066 2116 2133 pote
2145 2079 2577 2136 supergressos.
2611 2065 2740 2120 Haec
2801 2083 2936 2122 cum
2967 2066 3230 2132 vidisset,
3273 2066 3440 2138 quasi
3471 2083 3634 2122 com-

1986 2152 2370 2218 monefactus,
2427 2153 2484 2208 id
2545 2154 2733 2226 magis
2775 2155 3081 2228 magisque
3120 2156 3533 2222 contendebat,
3568 2159 3634 2210 ut

1986 2240 2246 2310 quotidie
2274 2242 2346 2296 ad
2378 2257 2444 2297 ea
2476 2259 2602 2314 quae
2651 2250 2787 2300 ante
2839 2262 2902 2301 se
2931 2250 3128 2301 essent
3166 2245 3633 2316 progrederetur.

1989 2330 2117 2384 Haec
2148 2333 2343 2385 autem
2374 2330 2593 2388 invitus
2652 2333 2745 2388 ille
2795 2334 3185 2390 renuntiavit:
3245 2335 3345 2390 sed
3391 2350 3524 2389 eum
3575 2335 3636 2389 in

1988 2419 2353 2475 orationibus
2385 2421 2607 2476 diutius
2637 2423 3136 2487 immoraretur.et
3167 2423 3288 2478 haec
3324 2423 3640 2480 miraretur

1992 2508 2145 2563 intra
2175 2526 2258 2577 se,
2291 2509 2731 2568 sciscitantibus
2760 2513 2834 2569 iis
2863 2513 2963 2584 qui
3012 2515 3272 2582 aderant,
3308 2516 3483 2584 atque
3513 2529 3638 2569 mo-

1995 2597 2226 2653 lestiam
2279 2598 2703 2670 ingerentibus,
2764 2609 3000 2658 coactus
3061 2607 3148 2658 est
3205 2605 3262 2660 id
3324 2601 3641 2668 declarare,

1993 2687 2162 2758 quasi
2194 2687 2362 2742 Pater
2383 2688 2481 2759 qui
2516 2688 2654 2744 {iliis
2685 2690 2741 2744 id
2800 2691 2988 2748 celare
3045 2710 3159 2748 non
3212 2699 3442 2765 posset:
3479 2696 3642 2748 ratus

1993 2777 2194 2841 etiam,
2215 2792 2384 2831 suam
2418 2777 2528 2832 sibi
2562 2779 2976 2835 conscientiam
3023 2799 3227 2851 puram
3261 2799 3412 2851 esse,
3439 2797 3643 2836 narra-

1992 2864 2328 2934 tionemque
2381 2864 2496 2920 illis
2547 2867 2854 2937 perutilem
2911 2869 3052 2936 fore,
3129 2887 3263 2927 cum
3326 2871 3642 2934 discerent,

1995 2969 2172 3025 quam
2205 2953 2392 3009 bonus
2423 2961 2577 3010 esset
2599 2957 2860 3012 asceticze
2894 2958 3019 3013 vitae
3052 2959 3303 3028 fructus,
3341 2959 3643 3016 laborum-

1997 3057 2113 3113 que
2143 3058 2296 3113 sszpe
2325 3041 2599 3098 solatium
2627 3043 2881 3101 visiones
2907 3061 3056 3102 esse.

2069 3222 2159 3275 67.
2191 3221 2275 3276 Ad
2295 3221 2414 3277 hasc
2441 3222 2908 3293 patientissimus
2965 3229 3107 3296 erat,
3169 3227 3482 3298 animoque
3533 3226 3644 3281 hu-

2001 3309 2163 3365 mili:
2197 3327 2330 3366 cum
2364 3310 2497 3367 talis
2529 3313 2687 3367 enim
2711 3320 2883 3380 esset,
2912 3314 3179 3370 Ecclesia:
3223 3333 3507 3372 canouem
3541 3333 3648 3371 su-

1995 3417 2098 3472 pra
2131 3401 2370 3455 modum
2401 3401 2765 3456 observabat.
2801 3403 3047 3459 Omnem
3097 3403 3392 3460 clericum,
3428 3405 3646 3460 honore

1992 3490 2102 3544 sibi
2131 3490 2331 3558 praeire
2362 3490 2607 3544 volebat.
2659 3492 2781 3546 Non
2813 3493 3118 3548 verebatur
3147 3493 3303 3549 enim
3347 3493 3642 3565 episcopis

1993 3578 2463 3651 presbyterisque
2512 3580 2796 3636 inclinare
2843 3586 3038 3654 caput.
3072 3582 3365 3639 Diaconus
3428 3598 3562 3638 vero
3592 3583 3643 3638 si

1995 3668 2268 3723 utilitatis
2297 3668 2485 3740 gratia
2514 3669 2830 3739 accederet,
2864 3687 2990 3741 qua;
3022 3671 3188 3727 utilia
3217 3675 3414 3728 essent
3436 3670 3536 3727 ille
3557 3671 3644 3728 lo-

1993 3757 2302 3828 quebatur,
2336 3773 2464 3828 quae
2489 3757 2811 3812 orationem
2857 3775 2990 3814 vero
3041 3763 3326 3830 spectant,
3383 3759 3496 3830 ipsi
3552 3775 3644 3816 ce-

1993 3845 2184 3900 debat.
2209 3844 2404 3916 Neque
2434 3845 2743 3902 verebatur
2770 3845 2895 3917 ipse
2915 3848 2986 3902 ab
3018 3847 3152 3902 aliis
3179 3848 3475 3904 ediscere:
3505 3864 3641 3902 nam

1993 3934 2339 4006 plerumque
2371 3934 2798 4000 sciscitabatur,
2831 3940 3260 4007 praesentesque
3299 3935 3502 3991 audire
3548 3951 3644 3990 ro-

1647 4058 1892 4116 VERSlO
1931 4060 2242 4116 EVAGRII.

237 4179 455 4221 nomen
486 4161 614 4231 ejus
644 4157 1045 4231 inclamitans,
1076 4157 1194 4231 ait:
1232 4156 1459 4231 antoni,
1492 4173 1758 4231 exsurge,
1791 4159 1878 4212 exi
1910 4163 1966 4214 et
1981 4157 2260 4231 vide.AQui
2292 4159 2825 4229 egressus,sciebat
2856 4159 2966 4230 (39)
2986 4159 3141 4214 enim
3175 4159 3387 4228 quibus
3410 4176 3657 4231 respon-

239 4240 378 4292 dere
407 4227 662 4296 deberet,
696 4236 752 4284 et
781 4229 1025 4285 elevatis
1048 4229 1116 4284 ad
1150 4227 1356 4283 cmlum
1381 4230 1589 4302 oculis,
1622 4227 1764 4283 vidit
1789 4231 2106 4302 quemdam
2133 4227 2369 4300 longum
2395 4234 2569 4302 atque
2595 4227 3142 4302 terribilem,'caput
3167 4227 3354 4302 usque
3376 4231 3446 4286 ad
3473 4227 3662 4288 nubes

243 4306 627 4364 attollentem.
659 4302 1005 4357 Viditetiam
1040 4307 1324 4372 pennatos
1346 4301 1631 4369 quosdam
1665 4317 1726 4355 se
1755 4299 1991 4372 elevare
2011 4299 2314 4371 cupientes
2347 4302 2416 4355 ad
2446 4301 2679 4368 coelum,
2703 4308 2880 4372 atque
2911 4299 3073 4358 illum
3096 4299 3351 4358 extensis
3382 4304 3663 4360 manibus

245 4378 554 4452 prohibere
585 4383 954 4452 transgressu
981 4391 1001 4452 :_
1027 4371 1058 4428 ὁ
1082 4372 1315 4452 quibus
1347 4374 1492 4452 alips
1524 4372 1920 4452 apprehensos
1950 4371 2303 4452 elidebatad
2331 4379 2568 4452 terram,
2589 4374 2734 4429 alios
2766 4371 3254 4452 frustraretinere
3277 4378 3665 4452 contendens,

247 4443 480 4507 dolebat
509 4464 686 4519 super
707 4443 779 4502 se'
798 4446 868 4519 ad
902 4443 1156 4500 ccnlestia
1189 4443 1547 4519 transvolare
1571 4461 1584 4498 :
1619 4448 1671 4497 et
1701 4443 2022 4519 maximum
2047 4445 2600 4519 gaudium_mi_stum
2627 4462 2880 4519 imoerore
2901 4447 3412 4519 victivictoresque
3441 4443 3665 4503 tribue;

248 4525 409 4577 bant.
443 4515 765 4591 Statimque
795 4518 866 4572 ad
888 4534 1021 4572 eum
1047 4533 1153 4570 vox
1185 4515 1334 4570 facta
1356 4521 1464 4584 est,
1489 4515 1726 4591 dicens:
1765 4515 2183 4591 Animadverte
2205 4517 2358 4586 quod
2392 4517 2576 4591 vides.
2611 4518 2676 4571 Et
2707 4523 2844 4591 tunc
2897 4518 3069 4588 coepit
3125 4515 3458 4574 illumihato
3490 4519 3666 4574 corde

249 4591 593 4663 intelligere,
627 4587 958 4663 animarum
993 4605 1120 4644 esse
1151 4604 1556 4648 conscensum,
1583 4592 1640 4639 et
1669 4587 1968 4663 diabolum
1984 4589 2441 4663 prohibentem;
2477 4590 2574 4658 qui
2608 4597 2663 4644 et
2695 4589 2803 4644 sibi
2840 4587 3118 4663 retineret
3147 4591 3453 4663 obnoxios,
3503 4595 3560 4646 et
3602 4591 3666 4663 in

248 4659 610 4726 sanctorum,
644 4679 790 4733 quos
821 4660 1086 4731 decipere
1109 4677 1220 4714 non
1256 4659 1886 4733 proterat,cruciaret_ur
1913 4659 2123 4733 volatu.
2177 4659 2277 4713 His
2309 4659 2598 4714 visionum
2650 4662 2932 4732 exemplis
2965 4663 3264 4726 incitatus,
3299 4662 3558 4732 quotidie
3589 4662 3661 4716 ad

253 4737 496 4792 meliora
533 4730 850 4788 crescebat.
885 4730 1082 4803 Neque
1103 4732 1332 4797 veroid,
1365 4731 1518 4801 quod
1535 4730 1646 4783 sibi
1668 4730 1981 4803 revelatum
2013 4732 2220 4797 fuerat,
2235 4733 2713 4803 causajactantize
2739 4730 3012 4790 fratribus
3044 4730 3377 4790 indicabat:
3411 4734 3511 4788 sed
3531 4749 3668 4787 cum

255 4825 430 4865 orans
455 4805 687 4877 jugiter
710 4805 807 4860 Dei
839 4802 1101 4877 laudaret
1134 4803 1442 4877 auxilium,
1474 4802 1976 4877 interrogantibus
1999 4802 2456 4877 compellebatur
2485 4804 2709 4877 edicere
2735 4822 2746 4859 :
2783 4821 2888 4860 nec
2921 4806 3331 4876 spirituaiibus
3362 4804 3500 4859 ﬁliis
3523 4821 3672 4875 pura

255 4881 314 4935 in
350 4871 575 4934 Christ—0
598 4876 795 4931 anima
827 4875 1474 4948 occultaregquidquam
1507 4871 1756 4948 volebat,
1782 4876 2102 4948 praesertim
2132 4871 2262 4928 cum
2301 4875 2638 4945 huiusmodi
2681 4871 2985 4948 signorum
3045 4877 3248 4932 relatio
3308 4882 3365 4931 et
3405 4871 3670 4931 amorem

259 4951 622 5006 ministraret
654 4947 994 5017 prepositio,
1026 4951 1082 5002 et
1114 4944 1364 5000 frUctum
1391 4944 1606 5017 laboris
1637 4945 1990 4999 ostenderet.

331 5023 422 5076 67.
455 5016 772 5088 Nunquam
800 5018 897 5073 ille
919 5024 1016 5073 aut
1051 5021 1132 5074 ira
1167 5018 1364 5072 subita
1394 5016 1720 5090 concitatus
1746 5017 2086 5086 patientiam
2116 5017 2426 5090 rupit,aut
2474 5017 2869 5074 humilitatem
2898 5019 3078 5074 erexit
3109 5019 3166 5072 in
3202 5016 3470 5090 gloriam.
3525 5021 3674 5090 Nam

263 5091 942 5171 omnes_clerie.osusq_ue
969 5091 1038 5171 ad
1075 5090 1346 5171 ultimum
1370 5089 1618 5171 gradum
1654 5095 1786 5171 ante
1810 5105 1872 5143 se
1903 5105 2074 5171 orare
2101 5089 2478 5171 compellens,
2511 5091 2802 5171 episcOpis
2831 5089 3266 5171 quoqueatque
3297 5089 3676 5171 presbyteris,

267 5164 440 5238 quasi
466 5161 821 5218 humilitatis
851 5159 1200 5233 discipulus,
1227 5161 1298 5215 ad
1323 5159 1784 5215 benedicendum
1815 5177 1876 5215 se
1907 5159 2796 5232 caputsubmittebat.Diacones
2814 5159 3102 5232 veroMO),
3134 5161 3234 5232 qui
3267 5159 3338 5216 ad
3369 5159 3502 5217 eum
3519 5160 3679 5217 utili-

345 5325 456 5396 (34)
488 5325 581 5378 Sic
613 5321 1024 5396 manuscripti.
1047 5322 1209 5396 Editi
1240 5339 1398 5396 vero,
1432 5316 1813 5396 συνελθόντας.

347 5387 457 5468 (35)
489 5397 581 5451 Sic
613 5411 754 5450 mss.
794 5396 892 5468 ,Ιηᾷ
920 5387 1116 5468 editis,
1178 5387 1479 5468 ἀναϐλέψας
1521 5394 1717 5468 deest.
1770 5392 1928 5468 intra

272 5463 483 5542 omnes
506 5465 924 5538 manuscripti,
977 5463 1463 5542 ὑπεριπταμὲνους,
1521 5464 1697 5531 Editi,
1764 5463 1926 5536 ὑπερ-

276 5560 415 5594 ιπτω
426 5540 641 5612 μένους.

349 5605 457 5688 (_36)
491 5611 585 5688 _Sic
615 5624 821 5688 omnes
845 5680 854 5688 _
876 5609 998 5688 fere
1013 5626 1193 5688 “mss.
1254 5609 1348 5688 I_n_
1380 5607 1552 5688 editis
1604 5605 1696 5688 μέν
1746 5607 1928 5687 deest.

277 5680 436 5740 Infra
462 5681 616 5746 εὐθύς
647 5682 811 5738 deest
841 5680 900 5737 in
933 5681 1132 5748 editis,
1181 5681 1283 5738 sed
1336 5680 1587 5736 habetur
1631 5680 1688 5734 in
1740 5680 1928 5735 omni-

279 5755 391 5813 bus
424 5772 572 5813 mss.

561 5885 830 5947 PATIOL.
861 5884 976 5946 Gn.
1019 5881 1234 5946 XXVI.

2108 5322 2218 5396 (37)
2253 5323 2346 5396 Sic
2379 5339 2528 5396 mss.
2558 5323 2686 5396 cod.
2729 5322 2885 5396 ,Editi
2913 5339 3091 5396 vero,
3150 5324 3258 5374 τῶν
3309 5323 3502 5396 ψυχῶν
3550 5319 3681 5373 εἶναι

2035 5391 2127 5446 τὸν
2160 5391 2379 5518 ἐχθρόν,
2415 5394 2653 5449 omissis
2684 5394 2977 5480 plurimis;

2113 5465 2220 5518 (38)
2255 5503 2268 5517 .
2295 5483 2345 5518 Ic
2375 5464 2535 5518 Colb.
2567 5469 2620 5518 2.
2653 5465 2765 5518 Aln
2796 5485 2912 5518 πως
2947 5473 2973 5518 ὸ

2113 5462 2226 5532 (38)
2255 5462 2345 5520 Sic
2375 5464 2535 5520 Colb.
2567 5469 2620 5520 2.
2653 5462 2765 5520 Alii
2796 5469 2912 5526 πῶς
2947 5462 3024 5520 δέ.

2113 5537 2224 5604 (39)
2259 5537 2352 5591 Sic
2386 5537 2793 5609 manuscripti.
2853 5537 3000 5592 Editi
3051 5552 3204 5602 vero,
3251 5537 3349 5608 qui
3394 5550 3688 5606 exsurgens

2040 5623 2284 5678 egressus
2312 5612 2414 5676 est,
2447 5609 2668 5664 sciebat.

2041 5675 2226 5806 ὁμο)
2260 5679 2640 5764 Manuscripti
2671 5680 2914 5752 quidam
2967 5680 3226 5737 Diacones
3277 5679 3515 5736 habent.
3574 5675 3690 5733 Alii

2088 5766 2288 5806 zaconz.

2088 5766 2288 5808 ιαεοηι.

3336 5879 3414 5939 30
