4074 6346
403 455 522 516 939

936 456 1003 517 S.
1049 454 1478 516 ATHANASII
1525 455 1698 516 OPP.
1746 452 1944 514 PARS
1986 453 2035 513 Ι.

2173 450 2592 512 HISTORICA
2640 450 2739 512 ΕΤ
2778 449 3261 513 DOGMATIGA.

3696 453 3822 515 940

401 587 597 662 gebat,
629 591 687 644 et
715 587 760 644 si
795 587 1098 662 quidpiam
1133 587 1268 660 quis
1305 586 1452 643 utile
1479 586 1782 659 proferret,
1813 584 2045 642 utilitati

2165 581 2322 656 ἠξίου
2350 581 2497 657 παρᾶ
2523 585 2632 637 τῶν
2677 584 2944 637 συνοντῶν
2993 583 3105 657 (31)
3147 581 3382 638 ἀκούειν·
3432 583 3524 640 καὶ
3571 583 3808 659 ὡμολό-

400 677 515 732 sibi
572 677 755 733 fuisse
803 677 1111 732 fatebatur.
1145 669 1362 749 Magna
1402 674 1805 747 mirabilisque
1859 673 2049 730 vultui

400 767 530 838 ejus
560 766 747 822 inerat
772 765 983 838 gratia.
1018 765 1286 838 Illudque
1309 768 1585 838 praeterea
1613 765 1834 820 donum
1866 780 1899 818 a
1925 762 2048 818 Sal-

398 860 594 912 vatore
614 859 967 911 consecutus
996 859 1143 922 erat,
1175 857 1240 909 ut
1271 855 1343 924 si,
1368 854 1508 909 dum
1531 853 1590 909 in
1622 853 2047 909 monachorum

401 948 550 1000 cestu
585 945 836 1014 adesset,
870 943 1086 1016 aliquis
1123 960 1257 999 eum
1303 942 1416 1000 sibi
1459 946 1629 998 antea
1677 942 1941 1014 ignotum
1974 939 2052 995 vi-

400 1035 537 1090 dere
564 1033 757 1103 vellet,
809 1033 1010 1089 statim
1070 1033 1375 1100 accedens,
1413 1036 1860 1103 praetergressus
1883 1029 2049 1099 alios,

401 1124 474 1179 ad
502 1139 634 1178 eum
669 1129 1014 1192 accurreret,
1050 1121 1210 1177 illius
1235 1121 1404 1192 quasi
1449 1127 1688 1193 aspectu
1746 1122 2048 1174 attractus.

398 1211 598 1283 Neque
627 1215 823 1266 tamen
855 1209 1539 1277 statura,autlatitudine
1569 1208 1702 1264 aliis
1719 1207 2051 1281 prestabat,

402 1301 505 1357 sed
540 1316 770 1355 morum
800 1299 1225 1372 compositione
1275 1303 1452 1370 atque
1511 1298 1720 1353 anima:
1759 1297 2050 1370 puritate:

403 1405 687 1460 namque
731 1405 865 1444 cum
925 1388 1411 1462 imperturbatum
1477 1392 1706 1459 gereret
1774 1391 2052 1453 mentem,

401 1476 755 1550 tranquillos
787 1477 923 1533 item
957 1477 1164 1532 habuit
1192 1481 1462 1532 externos
1493 1491 1741 1544 sensus;
1774 1475 1855 1530 ita
1900 1477 1963 1529 ut
1987 1490 2056 1529 ex

404 1565 588 1622 animi
645 1564 846 1620 latitia
893 1564 1092 1621 vultus
1141 1563 1405 1621 hilaritas
1468 1563 1816 1636 proveniret,
1874 1569 1932 1618 et
1987 1579 2055 1618 ex

405 1655 666 1727 corporis
689 1653 946 1709 motibus
1004 1653 1212 1709 animm
1269 1657 1460 1708 status
1507 1651 1842 1719 sentiretur,
1885 1652 2056 1724 juxta

404 1743 764 1816 Seripturam
791 1760 804 1798 :
841 1742 1013 1799 Corde
1043 1745 1262 1800 ιεειαηιε
1287 1741 1444 1815 ﬂoret
1500 1741 1684 1796 vultus
1714 1759 1733 1796 :
1786 1742 1921 1797 dum
1953 1757 2052 1796 au-

409 1837 519 1888 tem
549 1835 605 1888 in
637 1847 870 1889 mar-ore
897 1835 993 1898 est,
1053 1831 1310 1900 dejicilur
1335 1831 1398 1884 ιο.
1451 1828 1546 1886 Sic
1599 1829 1781 1885 Jacob
1822 1828 2058 1900 agnovit

411 1921 602 1977 Laban
637 1920 884 1976 insidias
912 1936 1138 1993 parare,
1205 1919 1403 1992 aitque
1447 1919 1764 1974 uxoribus:
1816 1918 1934 1973 Non
1974 1935 2045 1973 est

2164 1915 2592 1994 εύφραινομὲνης
2628 1958 2643 1982 ,
2715 1913 2906 1979 θάλλει
2963 1917 3255 1992 πρόσωπον
3289 1936 3302 1949 ⁸

2084 1965 2132 2030 Β

405 2011 576 2080 facies
623 2010 801 2080 patri:
834 2009 1002 2063 veslri
1043 2009 1185 2063 sicut
1227 2007 1350 2063 heri
1402 2015 1456 2062 et
1488 2007 1690 2063 nudius
1737 2008 1933 2061 tertius
1986 2009 2051 2063 ¹¹.

401 2100 551 2155 677
587 2098 681 2154 Sic
710 2097 986 2154 Davidem
1020 2095 1538 2170 agnovitSamuel;
1573 2095 1850 2169 pulchros
1881 2095 2052 2168 quip-

399 2204 472 2259 pe
503 2186 755 2256 habebat
783 2185 1005 2256 oculos,
1037 2186 1243 2242 dentes
1284 2189 1564 2257 tanquam
1624 2184 1713 2240 lac
1745 2183 2046 2240 candidos.

398 2276 475 2331 Eo
507 2275 634 2347 ipso
665 2275 839 2330 modo
868 2275 1321 2346 dignoscebatur
1346 2274 1632 2330 Antonius
1659 2291 1672 2330 :
1727 2289 1845 2346 prae
1876 2289 2044 2328 men-

394 2363 474 2418 tis
503 2363 659 2418 enim
694 2362 1007 2418 serenitate
1067 2379 1369 2436 nunquam
1429 2362 1922 2435 perturbabatur:
1975 2378 2042 2418 ac

392 2469 510 2524 pra:
542 2451 724 2506 animi
750 2450 973 2519 laetitia,
1005 2467 1310 2524 nunquam
1344 2451 1496 2506 tristi
1529 2455 1653 2506 erat
1673 2450 1858 2506 vultu.

2157 692 2242 747 γει
2268 669 2618 746 ὥφελεῖσθαι,
2664 666 2722 726 εἴ
2755 691 2806 725 τι
2855 671 3136 746 χρήσιμόν
3181 693 3266 734 τις
3313 669 3491 748 ἔλεγε.
3537 673 3636 728 Καὶ
3690 675 3802 746 μὴν

2155 759 2246 814 καὶ
2278 760 2337 815 τὸ
2367 758 2662 834 πρόσωπον
2693 757 2856 813 αὐτοῦ
2885 757 3048 834 χάριν
3107 761 3227 835 εἶχε
3260 757 3479 829 πολλὴν
3510 760 3602 815 καὶ
3631 764 3815 837 παράο

2159 846 2335 920 δοξον.
2370 849 2504 924 Εἶχε
2534 845 2591 903 δὶ
2619 847 2708 903 καὶ
2735 851 2896 904 τοῦτο
2924 849 2988 903 τὸ
3017 849 3267 924 χάρισμα
3315 850 3461 924 παρᾶ
3483 854 3580 904 τοῦ
3613 855 3810 917 Σωτῆ-

2162 957 2275 1014 ρος·
2311 938 2355 993 εξ
2384 939 2485 1014 γὰρ
2519 938 2653 1010 μετὰ
2693 941 2791 992 τοῦ
2815 935 3063 1008 πλήθους
3118 942 3226 992 τῶν
3285 943 3542 1014 μοναχῶν
3599 947 3802 1015 παρῆν,

2159 1026 2247 1083 καὶ
2277 1031 2466 1081 τοῦτον
2497 1023 2626 1082 ἰδεῖν
2655 1047 2739 1090 τις
2767 1021 3025 1082 ἐϐούλετο
3060 1027 3136 1100 μὴ
3184 1027 3450 1104 πρότερον
3491 1028 3806 1102 γινώσκων,

2159 1112 2477 1188 προσελθὼν
2510 1114 2688 1187 εὐθὺς,
2717 1113 2843 1178 τοὺς
2879 1114 2973 1188 μὶν
3022 1114 3228 1178 ἄλλους
3282 1110 3619 1192 ὑπερίϐαινε,
3669 1119 3809 1190 πρὸς

2161 1204 2320 1259 αὐτὸν
2350 1201 2408 1258 δὶ
2433 1200 2678 1280 ἳτρεχεν,
2709 1203 2782 1265 ὡς
2816 1204 2918 1259 ὑπὸ
2946 1207 3056 1258 τῶν
3087 1199 3262 1278 ὄψεων
3296 1205 3463 1260 αὐτοῦ
3485 1203 3810 1281 ἑλκόμενος.

2161 1292 2286 1370 Οὐχ
2314 1290 2436 1367 ὕψει
2483 1291 2560 1361 δὲ,
2587 1290 2712 1347 ούδὶ
2740 1297 2817 1366 τῷ
2850 1291 3044 1349 πλάτει
3074 1290 3284 1372 διέφερε
3311 1298 3419 1350 τῶν
3446 1292 3811 1364 ἅλ).ων,ἆλλᾶ

2158 1387 2228 1457 τῇ
2255 1386 2361 1436 τῶν
2393 1383 2543 1452 ἠθῶν
2574 1381 2913 1450 καταστάσει,
2958 1381 3050 1437 καὶ
3099 1386 3168 1457 τῇ
3197 1389 3299 1452 τῆς
3328 1386 3515 1460 ψυχῆς
3566 1386 3811 1463 καθαρά-

2159 1493 2304 1543 τητι.
2335 1466 2638 1547 Ἀθορύϐου
2667 1471 2770 1548 γὰρ
2792 1470 2958 1542 οὔσης
2985 1477 3088 1541 τῆς
3118 1475 3326 1548 ψυχῆς,
3358 1472 3668 1551 ἀταράχους
3688 1474 3811 1552 εἶχε

2160 1561 2249 1616 καὶ
2275 1561 2368 1615 τὰς
2413 1556 2603 1631 ἔξωθεν
2637 1559 2930 1631 αἰσθήσειςο
2963 1561 3037 1623 ὡς
3070 1560 3175 1615 ἀπὸ
3203 1567 3304 1632 τῆς
3351 1567 3528 1638 χαρᾶς
3566 1566 3677 1636 (42)
3705 1573 3810 1634 τῆς

2161 1653 2346 1725 ψυχῆς
2374 1648 2564 1731 ἱλαρὸν
2592 1646 2738 1705 ἔχειν
2770 1649 2857 1704 καὶ
2886 1650 2949 1704 τὸ
2976 1649 3292 1725 πρόσωπον,
3313 1651 3402 1706 καὶ
3429 1650 3538 1707 ἀπὸ
3564 1657 3672 1708 τῶν
3703 1658 3808 1708 τοῦ

2163 1739 2414 1812 σώματος
2443 1739 2756 1812 κινημάτων
2788 1737 3060 1804 αἷσθίσθαι
3091 1740 3181 1794 καὶ
3222 1745 3366 1795 νοεῖν
3413 1741 3512 1810 τὴν
3561 1743 3662 1810 τῆς
3708 1745 3810 1816 ψυ-

2163 1830 2274 1903 χῆς
2340 1828 2701 1896 κατάστασιν,
2758 1828 2893 1882 κατᾶ
2946 1827 3007 1882 τὸ
3081 1828 3492 1906 γεγραμμένον·
3571 1827 3810 1906 Καρδίας

3376 1917 3429 1973 ἐν
3489 1915 3546 1974 δὲ
3605 1917 3807 1982 λύπαις

2163 2004 2356 2076 οῧσης,
2436 2005 2830 2080 σκυθρωπάζει.
2890 2002 3074 2070 οὕτως
3154 2001 3350 2063 Ἰακὼῦ
3427 2007 3634 2083 ἒπὲγνω
3710 2008 3807 2064 τὸν

2161 2089 2341 2148 Λὰϐχν
2398 2088 2699 2163 ἐπιϐουλὴν
2773 2092 3216 2168 ἐνθυμούμενον,
3295 2094 3386 2150 καί
3451 2117 3584 2174 φησι
3669 2101 3810 2172 πρὸς

2155 2181 2250 2244 τὰς
2308 2188 2598 2258 γυναῖκας·
2645 2180 2760 2239 Οὐκ
2811 2179 2920 2238 ἔστι
2979 2181 3041 2237 τὸ
3096 2181 3391 2257 πρόσωπον
3446 2188 3542 2238 τοῦ
3598 2187 3810 2262 πατρὸς

2155 2273 2316 2344 ἡμῶν
2375 2273 2448 2334 ὡς
2502 2271 2630 2347 χθὲς
2679 2272 2768 2326 καὶ
2824 2270 3014 2346 τρίτην
3074 2273 3322 2347 ἡμέραν
3378 2270 3551 2336 οὕτως
3607 2275 3636 2329 ὁ
3696 2281 3807 2330 Σα-

2155 2358 2336 2433 μουὴλ
2370 2359 2575 2434 ἒπὲγνω
2630 2360 2719 2414 τὸν
2779 2354 2965 2414 Δαϐίᾶ
3007 2359 3349 2436 χαροποιοὺς
3384 2363 3496 2435 (43)
3545 2361 3646 2438 γὰρ
3679 2363 3802 2439 εἶχε

2145 2449 2275 2512 τοὺς
2306 2447 2647 2526 ὀφθαλμοὺς,
2676 2447 2766 2503 καὶ
2795 2447 2923 2510 τοὺς
2956 2445 3180 2513 ὀδόντας
3227 2449 3304 2512 ὡς
3349 2447 3496 2526 γάλα
3542 2449 3800 2514 λευκούς.

390 2539 581 2602 Οὕτως
600 2538 697 2594 »καὶ
725 2540 754 2593 ὁ
784 2538 1072 2601 Ἃντώνιος
1105 2539 1512 2616 ἐπιγινώσκεται
1547 2537 1803 2594 οὐδέποτε
1832 2538 1935 2614 γὰρ
1969 2539 2306 2617 ἑταράττετο,
2337 2535 2691 2614 γαληνιώσης
2748 2533 2911 2592 αὐτοῦ
2956 2540 3055 2603 τῆς
3106 2539 3315 2614 ψυχῆς·
3361 2535 3620 2596 οὐδέποτε
3671 2561 3804 2595 σκυο

392 2628 609 2704 ορωπὸς
637 2627 869 2703 ἐγίνετο,
906 2627 1213 2704 χαιρούσης
1242 2627 1406 2682 αὐτοῦ
1435 2635 1534 2697 τῆς
1567 2625 1824 2689 διανοίας.

458 2720 550 2775 68.
576 2719 827 2790 Eratque
877 2734 1119 2790 prorsus
1161 2718 1493 2775 admirabili
1553 2719 1664 2774 ﬁde
1712 2723 1769 2774 et
1808 2718 2040 2790 pietate.

389 2810 533 2864 Cum
593 2807 918 2864 Meletianis
975 2807 1189 2880 quippe
1254 2806 1655 2864 scbismatieis
1741 2823 2040 2880 nunquam

391 2896 879 2953 communicavit:
913 2901 1271 2968 compertam
1301 2897 1738 2953 babenseorum
1773 2898 1842 2951 ab
1875 2897 2042 2952 initio

391 2985 678 3042 malitiam
715 2989 890 3058 atque
921 2985 1327 3042 deiectionem.
1361 2985 1477 3041 Nec
1525 3001 1659 3041 cum
1710 2984 2040 3042 Manicbmis

389 3091 678 3146 unquam,
726 3078 828 3130 aut
884 3073 1015 3130 aliis
1065 3073 1431 3147 quibuslibet
1487 3073 1795 3141 btereticis,
1854 3073 2041 3130 amice

389 3163 714 3219 collocutus
743 3166 857 3232 est,
889 3162 1002 3218 nisi
1050 3162 1406 3220 admonendi
1453 3179 1652 3229 causa,
1709 3167 1774 3218 ut
1815 3166 2040 3218 mutata

2223 2719 2314 2773 68.
2365 2715 2462 2770 Καὶ
2491 2714 2556 2770 τά
2584 2713 2761 2770 πίστει
2819 2711 2878 2770 δὶ
2927 2715 3066 2770 πάνυ
3113 2716 3420 2790 θαυμαστὸς
3469 2717 3536 2787 ἦν
3585 2719 3676 2774 καὶ
3706 2720 3797 2774 εὑ-

2151 2799 2337 2876 σεϐής.
2369 2801 2503 2859 Οὔτε
2528 2803 2629 2879 γὰρ
2663 2802 3019 2866 Μελετιανοῖς
3061 2809 3178 2867 τοῖς
3226 2811 3614 2882 σχισματικοῖς
3661 2828 3798 2864 ποτε

2150 2895 2560 2964 κεκοινώνηκεν,
2610 2889 2769 2954 εῗδὼς
2818 2891 2994 2947 αύτῶν
3038 2894 3139 2962 τὴν
3193 2893 3244 2965 ἐξ
3287 2893 3468 2971 ἀρχῆς
3524 2897 3794 2972 πονηρίαν

2149 2982 2238 3038 καῑ
2263 2980 2608 3037 ἀποστασίαν·
2662 2977 2784 3036 οὔτε
2813 2980 3160 3057 Μανιχαίοις,
3192 2981 3228 3051 ἢ
3278 2980 3474 3046 ἄλλοις
3522 2985 3662 3040 τισὶν
3709 2987 3795 3040 αἱ-

2149 3076 2383 3148 ρετικοῖς
2409 3067 2661 3143 ὡμίλησε
2689 3067 2902 3148 φιλικὰ,
2946 3070 2982 3139 ἢ
3019 3069 3186 3144 μόνον
3216 3067 3348 3148 ἄχρι
3379 3071 3661 3137 νουθεσίας
3689 3081 3795 3144 τῆς

2149 3157 2224 3222 εἶς
2275 3153 2544 3214 εὐσέϐειαν
2604 3160 2716 3233 (44)
2767 3153 3094 3232 μεταϐολῆςο
3143 3159 3446 3236 ἡγούμενος
3504 3160 3594 3216 καὶ
3650 3182 3793 3240 παρ-

387 3251 681 3308 sententia
729 3252 886 3323 piam
945 3254 1310 3307 sectarentur
1357 3251 1570 3306 fidem:
1607 3256 1795 3318 ratus,
1832 3267 2035 3308 eorum

2159 3246 2433 3324 ιγγὲλλων
2479 3248 2578 3316 τὴν
2625 3247 2831 3303 τούτων
2903 3247 3088 3326 φιλίαν
3131 3248 3221 3304 καὶ
3281 3248 3503 3322 ὁμιλίαν
3569 3247 3785 3326 βλάϐην

387 3338 709 3395 amicitiam
739 3342 797 3395 et
823 3338 1134 3412 colloquia,
1166 3339 1346 3395 animi
1377 3340 1661 3396 damnum
1700 3344 1876 3412 atque
1907 3356 2036 3413 per-

383 3428 599 3486 niciem
628 3443 780 3495 esse,
811 3428 966 3500 quod
992 3428 1132 3483 item
1163 3427 1310 3484 alios
1358 3429 1651 3485 monebat.
1705 3429 1800 3484 Sic
1853 3429 2031 3485 etiam

380 3518 729 3573 Arianorum
760 3516 1029 3572 heresim
1057 3517 1489 3582 exsecrabatur,
1512 3517 1907 3590 omnibusque
1929 3535 2033 3573 au-

2147 3338 2234 3393 καὶ
2265 3336 2542 3392 ἀπώλειαν
2591 3337 2722 3391 εἶναι
2752 3339 2960 3412 ψυχῆς.
3005 3333 3160 3392 Οὕτω
3206 3341 3334 3413 γοῦν
3385 3337 3475 3393 καὶ
3523 3339 3624 3410 τὴν
3674 3344 3788 3396 τῶν

2146 3427 2434 3502 Ἀρειανῶν
2477 3422 2680 3498 ᾄίρεσιν
2725 3419 3098 3496 ἕϐδελύσσετο,
3147 3425 3502 3502 παρήγγελλε
3549 3449 3610 3484 τε
3657 3434 3792 3484 πᾶσι

2148 3516 2288 3588 μήτε
2335 3511 2560 3592 ἐγγίζειν
2608 3512 2816 3584 αὐτοῖς,
2867 3515 3007 3586 μήτε
3051 3514 3151 3583 τὴν
3205 3515 3562 3571 κακοπιστίαν
3613 3516 3792 3573 αύτῶν

383 3609 508 3662 etor
526 3611 670 3677 erat,
701 3610 766 3662 ut
787 3622 859 3662 ne
889 3607 975 3662 vel
1008 3606 1078 3662 ad
1119 3622 1218 3662 eos
1268 3606 1629 3674 accederent,
1679 3606 1766 3662 vel
1799 3623 2030 3679 pravam

2159 3603 2311 3680 ἶχιιν.
2343 3602 2709 3667 ’Δπελθόντας
2736 3605 2865 3679 γοῦν
2913 3603 3046 3659 ποτε
3097 3624 3247 3668 τινας
3294 3605 3430 3681 πρὸς
3481 3604 3642 3662 αὐτὸν
3671 3611 3790 3662 τῶν

384 3711 588 3753 eorum
619 3698 986 3751 sectarentur
1012 3694 1209 3752 ﬁdem.
1267 3695 1564 3752 Adeuntes
1612 3711 1675 3752 se
1713 3694 2030 3768 aliquando

2160 3695 2594 3768 Αρειομανιτῶν,
2648 3689 2933 3766 ἀνακρίνας
2994 3691 3085 3748 καὶ
3165 3693 3350 3766 μαθὼν

3433 3689 3788 3768 ἀσεϐοῦντας,

1789 3836 2044 3895 VERSIO
2081 3836 2392 3894 EVAGRII.

381 3965 521 4022 tatis
540 3981 720 4047 causa
738 3965 1076 4047 veniebant,
1107 3980 1242 4020 cum
1277 3981 1384 4047 pro
1408 3963 1700 4047 adjutorio
1729 3980 1930 4047 eorum
1959 3963 2045 4047 eis
2069 3964 2461 4047 presentibus
2489 3963 2839 4047 disputaret,
2879 3968 2948 4024 ad
2976 3967 3267 4047 orandum
3315 3967 3633 4047 Dominum
3663 3968 3788 4047 sibi

382 4039 777 4111 praeponebat,
810 4053 925 4093 non
954 4036 1304 4111 erubescens
1335 4037 1537 4111 etipse
1563 4037 1771 4111 dicere.
1794 4036 1950 4111 ANam
1981 4036 2825 4111 etinterrogabatfrequeuter
2851 4055 2951 4111 eos
2980 4056 3116 4111 cum
3146 4039 3364 4111 quibus
3400 4045 3528 4097 erat
3557 4057 3571 4096 :
3622 4045 3683 4096 et
3729 4040 3782 4096 si

381 4107 594 4185 aliquid
612 4109 807 4185 absis
838 4109 1234 4185 necessarium
1265 4107 1550 4185 audierat,
1573 4125 1635 4164 se
1675 4108 1962 4164 fatebatur
1989 4107 2571 4185 adjuttrmfﬂabebat
2596 4107 2795 4185 autem
2826 4117 2882 4166 et
2912 4109 2971 4166 in
3003 4107 3470 4185 vultu—magnam
3491 4111 3782 4185 gratiam,

379 4185 440 4236 et
467 4179 812 4264 admirabile
841 4197 875 4235 a
901 4179 1193 4264 Salvatore
1223 4180 1401 4264 etiam
1435 4180 1542 4236 boc
1573 4196 1790 4264 munus
1821 4183 2140 4264 acceperat.
2175 4179 2234 4235 Si
2277 4180 2421 4264 Aquis
2476 4182 2631 4264 enim
2692 4183 2934 4264 ignarus
2963 4184 3111 4264 ejus,
3135 4179 3778 4264 inter'multitudinem

376 4253 799 4309 monachorum
830 4267 964 4306 eum
983 4251 1178 4306 videre
1208 4252 1618 4323 desiderasset,
1652 4251 1814 4306 nullo
1841 4252 2159 4314 indicante,
2190 4251 2875 4323 caeterispretermissis,
2909 4251 3007 4308 ad'
3040 4254 3360 4310 Antonium
3401 4257 3695 4323 currebat,
3722 4262 3782 4311 et

372 4325 582 4378 anima)
615 4323 938 4404 puritatem"
958 4324 1314 4404 agnoscebat
1341 4322 1623 4404 exnvultn,
1656 4329 1714 4378 et
1729 4324 2176 4404 _per_speculum
2207 4322 2741 4404 corporie,gratiam
2773 4332 2984 4404 sanctis
3012 4325 3224 4404 mentis
3249 4326 3594 4404 intuebatur
3617 4322 3780 4404 ;_nar_n

372 4394 882 4469 semper'bilarem
914 4394 1116 4449 faciem
1146 4411 1374 4466 gerens,
1407 4394 2000 4469 liquidoqostendsbat
2028 4394 2193 4469 se_de
2221 4394 2557 4469 omlestibus
2588 4397 2862 4469 cogitare,
2898 4397 3050 4452 sicut
3077 4398 3377 4469 Scriptura
3426 4399 3544 4455 ait:
3607 4398 3782 4454 Corde

374 4464 595 4538 (intente
615 4466 797 4521 vultus
826 4467 1102 4538 ﬂorelret
1133 4464 1190 4522 in
1209 4481 1443 4538 maerore
1472 4464 1768 4538 evasti/uta
1792 4467 2058 4520 tristalur.
2094 4464 2174 4520 ita
2206 4472 2262 4520 et
2289 4466 2465 4521 Jacob
2493 4464 2728 4538 agnovit
2761 4468 2954 4524 Laban
2989 4464 3257 4524 socerum
3318 4486 3494 4525 suum
3526 4470 3787 4526 insidias

372 4537 488 4594 sibi
519 4538 974 4600 machinantem,
1007 4537 1207 4592 dicens
1239 4539 1308 4593 ad
1345 4537 1491 4592 filias
1522 4537 1650 4607 ejus
1676 4553 1687 4590 :
1718 4538 1834 4591 Non
1863 4544 1942 4591 est
1959 4537 2128 4606 facies
2152 4546 2330 4607 patris
2354 4538 2523 4593 vestri
2538 4537 2690 4592 sicut
2719 4540 2840 4594 heri
2866 4549 2918 4595 et
2938 4539 3142 4595 nudius
3167 4541 3384 4596 tertius.
3418 4541 3512 4597 Sic
3541 4541 3786 4597 Samuel

371 4608 610 4684 agnovit
639 4608 816 4684 David
846 4625 858 4664 :
895 4608 1402 4684 laetificatosenim
1436 4609 1687 4684 habebat
1707 4607 1930 4672 oculos,
1961 4609 2231 4684 etdentes
2260 4609 2410 4663 sicut
2442 4610 2530 4664 lac
2561 4611 2860 4667 candidos.
2893 4612 3176 4667 Similiter
3203 4615 3638 4684 agnoscebatur
3668 4617 3789 4669 An-

371 4680 608 4738 tonius:
642 4681 780 4752 quia
811 4695 1042 4750 semper
1070 4681 1334 4736 eamdem
1367 4681 1572 4736 faciem
1595 4680 1749 4734 inter
1768 4697 2047 4751 prospera
2075 4685 2134 4735 et
2165 4681 2406 4736 adversa
2433 4684 2713 4750 retinens,
2739 4699 2844 4737 nec
2901 4683 3179 4740 secundis
3219 4680 3623 4750 extollebatur,
3677 4701 3788 4742 nec

374 4754 756 4825 frangebatur
783 4752 1066 4825 adversis.

446 4821 539 4880 68:
569 4825 708 4880 Erat
729 4830 928 4880 autem
961 4823 1019 4877 in
1044 4821 1172 4877 fidei
1219 4821 1434 4892 pietate
1456 4821 1746 4878 mirabilis
1776 4822 1906 4892 (45).
1943 4821 2250 4892 Nunquam
2283 4822 2798 4879 scbismaticorurn
2831 4841 2894 4880 se
2924 4824 3162 4881 miscuit
3189 4826 3782 4892 communioni,anti-

378 4913 556 4969 quam
581 4912 782 4969 eorum
808 4896 998 4969 sciens
1031 4893 1372 4969 pravitatem
1394 4899 1581 4969 atque
1610 4895 2173 4965 transgressionem:
2210 4911 2508 4969 nunquam
2540 4895 2873 4969 Manicbaais
2927 4901 3029 4951 aut
3065 4896 3197 4953 aliis
3243 4897 3534 4954 haereticis
3561 4897 3780 4954 saltem

374 4965 709 5024 emicabilia
735 4967 911 5020 verba
941 4965 1188 5034 largitus
1219 4971 1328 5031 est,
1351 4966 1462 5020 nisi
1486 4971 1715 5021 tantum
1737 4982 1804 5020 ea
1825 4982 1952 5037 quas
1982 4981 2082 5020 eos
2115 4965 2363 5035 possent
2383 4969 2454 5023 ab
2485 4967 2816 5037 iniquitatis
2846 4984 3039 5024 errore
3093 4984 3394 5025 revocare:
3420 4971 3781 5026 denuntians

373 5039 578 5095 talium
610 5039 900 5094 amicitias
922 5043 1100 5109 atque
1131 5053 1452 5108 sermones,
1487 5037 1872 5107 perditionem
1904 5053 2034 5092 esse
2063 5038 2291 5092 animas.
2325 5038 2418 5093 Sic
2438 5039 2614 5094 etiam
2641 5039 2888 5096 Arianos
2918 5040 3335 5109 detestabatur,
3388 5049 3455 5098 ut
3497 5041 3778 5097 omnibus

372 5111 608 5178 diceret,
640 5127 712 5166 ne
733 5111 907 5181 juxta
935 5125 1036 5165 eos
1065 5109 1303 5180 quidem
1334 5125 1464 5165 esse
1487 5109 1903 5166 accedendum.
1934 5113 2079 5165 Nam
2108 5125 2241 5164 cum
2273 5109 2570 5166 venissent
2609 5111 2850 5183 quidam
2881 5111 3278 5180 Ariomanitaa,
3311 5119 3539 5186 reperta
3565 5128 3773 5170 eorum

444 5267 489 5303 ¹⁰
508 5265 674 5321 Prov.
707 5281 798 5334 xv,
834 5263 922 5318 13.
956 5263 998 5299 ¹¹
1029 5265 1238 5319 Genes.
1272 5264 1500 5330 xxxi,5.

439 5417 553 5502 (μ)
584 5415 953 5502 εἰρριξὶόιιιη
987 5431 1132 5502 mss.
1166 5415 1314 5502 cod.'
1343 5414 1559 5471 rectius
1589 5431 1767 5487 quam
1815 5413 1914 5471 alii
1965 5421 2024 5471 et
2129 5415 2562 5502 Genuam-Litt:

370 5484 506 5546 editi
519 5484 546 5554 ,⁷
565 5489 663 5560 qui
696 5484 915 5542 habent
941 5484 1157 5539 πάντων
1192 5485 1459 5560 συνόντων

445 5558 703 5632 (42)’8ἱο
760 5575 966 5614 omnes
1031 5575 1204 5615 mss.
1277 5560 1338 5614 lu
1397 5558 1570 5613 editis
1605 5602 1620 5627 ,

375 5636 560 5772 defigi).
586 5705 724 5756 Mss.
751 5699 883 5763 Alii,
916 5695 1350 5774 χαροπούς,ιξ1ἰί
1397 5699 1731 5774 χαροποιούς
1754 5772 1760 5774 _
1781 5700 2014 5774 habent,

2204 5488 2316 5563 (ﬁt)
2345 5487 2437 5563 Sic
2463 5488 3121 5563 quidam_manuscripti
3163 5491 3376 5547 rectius
3405 5506 3581 5562 quam
3612 5491 3781 5561 editi,

1691 5560 1864 5634 χαρᾶς
1919 5563 2020 5625 τῆς
2129 5552 2648 5634 ᾳυξί-Ρξαρβηίπρὸς
2679 5552 2974 5616 εὐσέϐειαν.

2197 5630 2312 5702 (45)
2343 5630 2437 5686 Sic
2469 5630 2726 5704 maxima
2746 5648 2889 5704 pars
2915 5649 3059 5688 mss.
3094 5633 3245 5690 Editi
3275 5649 3430 5701 vero,
3480 5635 3613 5690 Erat
3670 5650 3780 5689 au-

2126 5709 2238 5779 tern
2264 5710 2315 5757 et
2348 5703 2405 5757 in
2440 5701 2603 5760 vultu
2659 5701 2938 5774 amabilis,
2984 5708 3034 5760 et
3064 5705 3124 5760 in
3155 5706 3290 5777 ﬁdei
3309 5707 3554 5779 puritate
3601 5707 3786 5762 mira-

377 5770 500 5844 que:
529 5770 637 5828 vox
664 5770 954 5841 nusquam
987 5770 1057 5825 de
1105 5770 1320 5827 Davide
1369 5770 1660 5844 reperitur
1707 5772 1884 5839 dicta,
1915 5770 2016 5827 sed
2127 5773 2276 5830 bilis.
