4074 6394
306 482 419 542 941
1686 481 1875 547 VITA
1916 482 1953 543 S

2071 483 2375 544 .NTONII.

3605 484 3726 545 942

298 607 513 683 ἐδίωξεν
542 609 648 666 ἀπὸ
697 615 795 666 τοῦ
824 604 1005 687 ὅρους,
1032 611 1207 689 λέγων
1248 607 1424 690 ὄφεων
1474 611 1563 667 ΐοῦ
1591 611 1843 689 χείρονας
1880 612 1953 667 εἶ’-

2071 615 2357 687 quosdam
2388 615 2906 687 Ariomanitarum,
2931 615 3229 688 explorata
3265 619 3324 672 et
3352 615 3593 689 cognita
3627 632 3730 672 eo.

298 721 385 755 ναι
415 698 543 762 τοὺς
573 698 775 777 λόγους
812 698 1007 760 αὐτῶν.

375 880 466 936 69.
499 879 598 933 Καὶ
625 878 979 953 ψευσαμένων
1039 876 1096 933 δὲ
1152 900 1285 935 ποτε
1342 883 1448 935 τῶν
1498 880 1816 954 Ἀρειανῶν,
1882 879 1955 941 ὠς

304 967 530 1030 ἐκείνοις
560 967 630 1023 τὰ
655 967 789 1023 αὐτὰ
819 971 1169 1047 φρονοῦντος,
1202 968 1494 1043 ἠγανάκτει
1544 968 1630 1023 καὶ
1688 968 1958 1041 ἐθυμοῦτο

304 1057 422 1111 κατ’
481 1055 719 1114 ἐκείνων.
773 1058 902 1113 Εἶτα
967 1056 1335 1132 παρακλαθεὶς
1382 1058 1529 1133 παρᾶ
1577 1078 1637 1112 τε
1672 1060 1779 1111 τῶν
1836 1055 1959 1110 ἐπι-

306 1146 526 1201 σκόπων
558 1146 649 1201 καὶ
677 1149 789 1201 τῶν
840 1143 1090 1220 ἀδελφῶν
1118 1148 1358 1220 πάντων,
1390 1145 1657 1217 κατῆλθεν
1710 1145 1816 1200 ἀπὸ
1864 1149 1959 1199 τοῦ

306 1233 506 1311 ὃροός·
564 1236 651 1290 καὶ
712 1234 970 1300 εἴσελθὼν
1032 1236 1111 1299 εἷς
1158 1238 1257 1307 τὴν
1310 1233 1711 1312 Ἀλεξάνδρειαν
1746 1282 1759 1307 ,
1832 1233 1960 1295 τοὺς

308 1322 619 1401 Ἀρειανοὺς
663 1323 994 1399 ἀπεκήρυξεν
1045 1327 1177 1400 (46)·
1231 1322 1435 1400 α’ίρεσιν
1486 1323 1722 1400 ἐσχάτην
1779 1322 1955 1399 λέγων

307 1413 438 1469 εἶναι
484 1412 705 1484 ταύτην,
736 1412 825 1468 καὶ
857 1411 1175 1490 πρόδρομον
1229 1418 1325 1468 τοῦ
1382 1413 1765 1489 Ἀντιχρίστου
1819 1414 1960 1486 (47).

308 1498 597 1559 ’Ἐδίδασκε
624 1522 684 1556 τε
708 1500 802 1557 τὸν
835 1500 967 1557 λαὸν
1001 1504 1077 1575 μὴ
1110 1505 1245 1558 εἶναι
1288 1500 1491 1575 κτίσμα
1548 1501 1639 1556 τὸν
1692 1502 1814 1555 Υἱὸν
1861 1506 1959 1555 τοῦ

307 1593 463 1658 Θεοῦ,
500 1587 643 1663 μηδὲ
674 1588 725 1660 ἐξ
757 1588 856 1644 οὐκ
885 1585 1052 1645 ὅντων
1085 1592 1421 1667 γεγενῆσθαι·
1474 1588 1602 1644 ἀλλ’
1650 1589 1733 1644 ὅτι
1784 1588 1958 1645 ἀίδιός

307 1679 418 1736 ἐστι
466 1682 567 1744 τῆς
609 1682 707 1733 τοῦ
757 1679 967 1753 Πατρὸς
1021 1677 1206 1741 οὐσίας
1243 1678 1418 1755 Λόγος
1446 1680 1536 1734 καὶ
1570 1677 1763 1756 Σοφία.
1824 1685 1900 1733 Δι’
1930 1679 1958 1732 ’ὀ

305 1769 396 1824 καὶ
423 1762 607 1829 ἀσεϐὲς
634 1765 744 1822 ἐστι
778 1766 977 1843 λέγειν.
1011 1770 1111 1824 Ἦν
1145 1768 1234 1824 ὅτε
1286 1768 1386 1823 οὐκ
1432 1770 1496 1837 ἦν
1553 1769 1685 1842 (48)’
1736 1767 1803 1837 ἦν
1856 1768 1957 1844 γὰρ

305 1858 388 1913 ἀεὶ
420 1858 449 1912 ὁ
481 1856 649 1934 Λόγος
680 1856 1039 1932 συνυπάρχων
1089 1862 1170 1930 τῷ
1222 1856 1412 1931 Πατρί·
1467 1855 1585 1921 ὅθεν
1641 1854 1782 1931 μηδὲ
1833 1857 1955 1930 μίαν

306 1943 462 2023 ἔχετε
485 1945 769 2001 κοινωνίαν
819 1946 953 2019 πρὸς
997 1945 1125 2008 τοὺς
1176 1940 1561 2020 ἀσεϐεστάτους
1621 1946 1953 2023 Ἀρειανούς·

308 2012 549 2110 όῦδεμία
599 2034 698 2110 γὰρ
776 2012 1033 2090 κοινωνία
1094 2034 1232 2114 φωτῖ
1309 2012 1713 2112 πρὸςσσκότος.
1772 2037 1956 2108 Ὑμεῖς
1991 2012 2036 2077 Β

315 2126 410 2197 μὲν
462 2124 563 2202 γαρ
621 2119 965 2189 εῦσεϐοῦντες
1019 2125 1330 2200 Χριστιανοί
1390 2124 1543 2180 ἐστε·
1602 2124 1796 2181 ἐκεῖνοι
1856 2122 1949 2194 δὲ,

307 2214 509 2288 κτίσμα
560 2212 805 2290 λέγοντες
850 2214 944 2270 τὸν
994 2214 1053 2269 ἐκ
1096 2218 1193 2269 τοῦ
1232 2213 1443 2291 Πατρὸς
1487 2216 1608 2269 Υἱὸν
1667 2219 1764 2269 τοῦ
1822 2218 1955 2269 Θεοῦ

308 2302 399 2358 καὶ
444 2302 651 2379 Λόγον,
703 2299 857 2357 οῦδὲν
909 2299 1250 2380 διαφέρουσιν
1302 2302 1544 2372 ἐθνικῶν,
1603 2303 1958 2380 λατρεύοντες

299 2394 369 2466 τῇ
400 2392 568 2446 κτίσει
599 2390 745 2467 παρά
782 2390 874 2446 τὸν
916 2391 1168 2446 κτίσαντα
1215 2386 1367 2447 Θεὸν.
1403 2393 1729 2447 Πιστεύσατε
1759 2388 1838 2461 δὲ,
1870 2390 1952 2446 ὅτι

300 2479 389 2535 καὶ
419 2479 555 2550 αὐτή
588 2482 622 2550 ἡ
654 2480 829 2542 κτίσις
876 2485 1021 2535 πᾶσα
1048 2480 1335 2557 ἀγανακτεῖ
1363 2483 1480 2536 κατ’
1508 2480 1705 2536 αὐτῶν·
1741 2480 1824 2536 ὅτι
1857 2482 1948 2535 τὸν

302 2569 524 2641 κτίστην
547 2569 637 2623 καὶ
688 2568 881 2645 Κύριον
911 2574 1008 2624 τοῦ
1046 2571 1265 2642 παντὸς,
1298 2570 1350 2625 ἐν
1381 2572 1426 2643 ᾧ
1455 2572 1522 2625 τὰ
1546 2568 1718 2626 πάντα
1741 2571 1950 2647 γέγονε,

302 2663 495 2715 τοῦτον
520 2662 638 2721 τοῖς
668 2663 918 2734 γενητοῖς
951 2660 1393 2735 συναριθμοῦσιν.

377 2839 468 2895 70.
516 2838 585 2895 Οἱ
647 2837 744 2910 μὲν
803 2835 893 2892 οῦν
957 2835 1082 2891 λαοί
1140 2838 1331 2900 πάντες
1386 2832 1611 2912 ἔχαιρον
1663 2836 1952 2898 ἀκούοντες

305 2927 454 3002 παρὰ
502 2930 600 2981 τοῦ
675 2924 927 2981 τοιούτου
1000 2923 1191 3001 ἀνδρὸς
1270 2927 1798 3000 ἀναθεματιζομὲνην
1851 2927 1949 2995 τὴν

306 3016 688 3092 χριστομάχον
722 3013 941 3092 α’ίρεσινσ
971 3015 1024 3069 oi
1072 3012 1129 3070 δὲ
1170 3022 1269 3085 τῆς
1318 3015 1534 3079 πόλεως
1579 3015 1769 3078 πάντες
1828 3036 1955 3069 συν-

308 3106 530 3182 ἑτρεχον
565 3103 695 3161 ἰδεῖν
721 3106 811 3161 τὸν
863 3105 1177 3163 Ἀντώνιον.
1220 3104 1495 3178 ’ἙΛληνές
1542 3127 1601 3161 τε
1648 3106 1739 3161 καὶ
1793 3105 1953 3161 αὐτοὶ

305 3190 683 3268 οἱλεγόμενοι
726 3192 901 3247 αὐτῶν
950 3193 1137 3267 ἱερεῖς,
1180 3192 1255 3255 ei;
1312 3195 1374 3248 τὸ
1418 3194 1682 3269 Κυριακὸν
1708 3191 1954 3270 ἤρχοντο

300 3279 572 3358 λέγοντες.
628 3281 908 3355 Ἀξιοῦμεν
970 3279 1100 3337 ἴδεῖν
1160 3283 1250 3338 τὸν
1306 3287 1404 3339 τοῦ
1448 3288 1581 3338 Θεοῦ
1638 3281 1949 3360 ἄνθρωπον

2068 720 2197 759 rum
2231 703 2630 775 impietate,ex
2654 707 2849 760 monte
2879 703 3115 776 repulit,
3157 704 3321 761 aiens
3379 707 3729 775 serpentum

2065 807 2287 847 veneno
2321 793 2548 864 pejores
2580 808 2783 847 eorum
2816 808 2945 848 esse
2977 808 3300 848 sermones.

2134 880 2223 935 69.
2257 881 2401 937 Cum
2434 880 2750 953 aliquando
2802 881 3033 937 mentiti
3085 881 3285 937 Ariani
3349 882 3731 939 dicerentne-

2067 986 2200 1024 cum
2224 969 2439 1026 sentire
2470 971 2813 1036 Antonium,
2841 986 2963 1025 rem
2995 970 3237 1043 indigne
3257 970 3417 1039 tulit,
3449 971 3731 1043 graviter-

2069 1074 2182 1131 que
2212 1058 2282 1113 iis
2315 1059 2721 1115 succensebat.
2757 1059 3138 1115 Hortantibus
3192 1059 3399 1116 deinde
3431 1060 3726 1132 episcopis

2068 1153 2126 1203 et
2153 1147 2431 1203 fratribus
2463 1148 2760 1221 omnibus,
2810 1148 3117 1204 descendit
3171 1150 3240 1204 de
3282 1153 3499 1217 monte,
3549 1153 3727 1220 atque

2069 1235 2374 1307 ingressus
2404 1236 2838 1306 Alexandriam,
2869 1237 3115 1293 Arianos
3168 1237 3403 1308 publico
3452 1253 3726 1294 sermone

2069 1325 2518 1381 condemnavit:
2553 1325 2717 1383 aiens
2738 1329 3093 1398 postremam
3126 1326 3392 1382 omnium
3424 1341 3552 1383 esse
3591 1342 3725 1383 eam

2068 1414 2335 1470 haeresim
2380 1418 2438 1470 et
2486 1413 2831 1470 Antichristi
2886 1415 3293 1486 prodromum.
3354 1414 3729 1488 Docebatque

2069 1502 2375 1575 populum,
2411 1502 2621 1558 Filium
2646 1503 2750 1559 Dei
2780 1520 2897 1558 non
2954 1519 3083 1559 esse
3132 1508 3485 1571 creaturam,
3538 1520 3729 1575 neque

2069 1608 2138 1647 ex
2170 1608 2282 1647 non
2316 1592 2687 1647 exstantibus
2721 1592 2937 1647 factum
2970 1608 3131 1660 esse;
3165 1593 3264 1647 sed
3293 1595 3574 1647 aeternum
3600 1583 3744 1648 esse.

2069 1680 2257 1736 Patris
2298 1680 2643 1741 substantias
2695 1679 2948 1735 Verbum
3006 1685 3064 1735 et
3119 1680 3503 1751 Sapientiam.
3566 1679 3731 1737 Unde

2066 1767 2318 1841 impium
2368 1774 2457 1825 est
2513 1768 2734 1824 dicere:
2797 1769 2935 1824 Erat
2992 1784 3127 1824 cum
3186 1785 3300 1824 non
3359 1773 3542 1825 esset.
3593 1770 3732 1825 Erat

2068 1857 2285 1929 quippe
2310 1873 2545 1930 semper
2572 1857 2832 1913 Verbum
2864 1874 2981 1913 una
3009 1873 3143 1913 cum
3186 1861 3351 1913 Patre
3385 1859 3677 1915 exsistens
3710 1877 3724 1915 :

2068 1962 2249 2018 quare
2305 1944 2530 2001 nullam
2588 1963 2723 2002 cum
2774 1946 3150 2018 impiissimis
3223 1946 3455 2003 Arianis
3512 1946 3725 2003 habete

2067 2036 2578 2094 communionem:
2611 2037 2778 2094 Nulla
2816 2040 2964 2095 enim
3022 2040 3451 2095 communicatio
3496 2039 3609 2094 luci
3651 2038 3723 2094 ad

2068 2128 2315 2181 tenebras
2365 2127 2431 2181 ‘9.
2470 2126 2587 2183 Vos
2619 2126 2836 2199 quippe
2894 2126 2986 2199 pie
3033 2127 3353 2184 sentientes
3409 2127 3721 2183 Christiani

2067 2215 2250 2271 estis:
2284 2214 2368 2269 illi
2398 2220 2595 2271 autem
2627 2233 2760 2272 cum
2792 2217 2990 2272 dicant
3019 2233 3153 2273 eum
3186 2216 3285 2289 qui
3326 2233 3396 2273 ex
3428 2218 3590 2273 Patre
3631 2220 3723 2273 est

2066 2304 2277 2359 Filium
2313 2305 2407 2360 Dei
2440 2309 2496 2361 et
2524 2304 2806 2371 Verbum,
2838 2321 2967 2361 esse
2997 2310 3339 2374 creaturam,
3376 2305 3523 2361 nihil
3555 2305 3723 2361 diffe-

2066 2402 2205 2453 runt
2272 2399 2343 2453 ab
2395 2398 2667 2464 ethnicis,
2726 2398 2827 2469 qui
2881 2400 3159 2454 creaturae
3208 2397 3470 2454 serviunt
3526 2396 3725 2470 potius

2067 2503 2247 2559 quam
2289 2487 2547 2543 Creatori
2599 2487 2714 2542 Deo
2737 2487 2801 2541 η.
2860 2487 3090 2542 Credite
3147 2491 3345 2542 autem
3396 2492 3726 2543 creaturam

2064 2576 2218 2631 678
2251 2592 2484 2631 omnem
2511 2576 2794 2632 adversus
2850 2592 2950 2632 eos
2980 2575 3275 2647 indignari
3304 2592 3317 2631 :
3352 2576 3507 2647 quod
3559 2574 3727 2631 Crea-

2064 2670 2245 2720 torem
2278 2665 2708 2736 Dominumque
2741 2663 3019 2734 universi,
3058 2664 3119 2719 in
3170 2681 3286 2736 quo
3337 2663 3536 2720 omnia
3569 2664 3725 2720 facta

2066 2757 2226 2823 sunt,
2260 2752 2438 2823 hunc,
2474 2753 2742 2824 inquam,
2766 2753 2934 2809 factis
2965 2754 3142 2809 rebus
3174 2757 3586 2809 annumerent.

2133 2844 2222 2896 70.
2259 2842 2588 2897 Laetabatur
2610 2858 2778 2913 porro
2840 2842 3093 2915 populus
3128 2842 3342 2912 omnis,
3393 2842 3639 2898 audiens
3687 2858 3723 2897 a

2063 2934 2226 2986 tanto
2251 2930 2370 2985 viro
2400 2929 2775 2985 anathemate
2797 2930 3138 2985 damnatam
3169 2929 3399 2985 Christo
3417 2929 3719 2987 inimicam

2066 3019 2642 3091 haeresim,civesque
2671 3034 2874 3074 omnes
2892 3019 3126 3075 videndi
3157 3018 3393 3075 Antonii
3424 3014 3718 3074 desiderio

2066 3107 2471 3164 accurrebant.
2506 3106 2766 3163 Gentiles
2799 3107 2937 3179 ipsi,
2968 3108 3086 3164 imo
3117 3124 3320 3163 eorum
3361 3107 3717 3176 sacerdotes,

2066 3201 2130 3254 ut
2165 3201 2390 3266 vocant,
2449 3197 2519 3252 ad
2580 3195 2953 3253 Dominicum
3014 3197 3374 3265 accedentes,
3412 3195 3718 3252 ‘aiebant:

2066 3287 2362 3359 Rogamus
2411 3290 2477 3341 ut
2524 3285 2825 3341 hominem
2884 3284 2985 3341 Dei
3032 3286 3227 3341 videre
3284 3286 3455 3341 nobis
3498 3284 3719 3342 liceat:

299 3372 496 3433 πάντες
551 3370 652 3449 γὰρ
709 3371 873 3427 αὐτὸν
927 3371 1098 3434 οὕτως
1156 3367 1383 3428 ἐκάλουν
1412 3416 1423 3429 .
1486 3374 1585 3427 Καὶ
1638 3374 1739 3449 γὰρ
1798 3372 1953 3427 κάκεῖ

2071 3392 2272 3431 omnes
2293 3373 2510 3447 quippe
2545 3375 2624 3430 ita
2648 3389 2781 3429 eum
2806 3374 3296 3447 appellabant.Ea
3313 3375 3454 3431 item
3478 3374 3541 3429 in
3573 3375 3718 3430 urbe

295 3459 545 3523 πολλοὺς
577 3458 648 3515 δι’
676 3459 841 3516 αὐτοῦ
888 3458 1195 3537 ἐκαθάρισεν
1247 3463 1276 3516 ὁ
1332 3461 1531 3536 Κύριος
1586 3462 1693 3516 ἀπὸ
1721 3494 1724 3509 γ
1753 3458 1954 3535 δαιμό-

290 3555 426 3620 νῶν,
454 3550 544 3605 καὶ
597 3544 896 3626 βλαϐέντας
943 3550 1041 3620 τὴν
1087 3547 1326 3606 διάνοιαν
1376 3549 1588 3608 icio-otto.
1636 3550 1853 3607 Πολλοὶ
1891 3549 1951 3605 δὲ

292 3640 386 3695 καὶ
415 3638 689 3711 Ἕλληνες
718 3640 903 3711 ἠξίουν
935 3639 1031 3695 κᾶν
1079 3640 1245 3713 μόνον
1294 3640 1554 3704 ἅπτεσθαι
1611 3644 1708 3695 τοῦ
1756 3639 1950 3715 γέρον-

287 3750 403 3800 τος,
432 3728 776 3791 πιστεύοντες
822 3726 1172 3806 ὡφελεῖσθαι·
1233 3730 1456 3803 Ἀμέλει
1502 3733 1757 3784 τοσοῦτοι
1788 3727 1948 3805 γεγό-

2068 3464 2285 3520 multos
2314 3464 2442 3535 ejus
2472 3480 2649 3535 opera
2694 3464 3000 3519 mundavit
3027 3463 3315 3519 Dominus
3371 3480 3406 3519 a
3435 3463 3723 3519 daemoni-

2061 3552 2380 3609 buszalios
2412 3557 2607 3609 mente
2636 3557 2837 3624 captos
2890 3552 3179 3609 liberavit.
3225 3552 3391 3608 Multi
3452 3551 3594 3608 item
3652 3568 3724 3608 ex

2059 3641 2377 3712 gentilibus
2406 3642 2695 3715 rogabant
2727 3646 2790 3697 ut
2833 3640 3041 3697 saltem
3077 3645 3320 3713 possent
3347 3657 3548 3697 senem
3580 3656 3720 3698 con-

2061 3729 2305 3803 tingere,
2337 3730 2395 3785 id
2420 3729 2534 3786 sibi
2557 3731 2933 3802 profuturum
2963 3730 3288 3786 credentes.
3322 3729 3532 3786 Exillis
3563 3733 3719 3787 certe

1682 3830 1942 3884 VERSIO
1970 3830 2281 3884 EVAGRII.

1682 3830 1731 3883 V

285 3923 422 3992 post
444 3917 940 3975 examinationsm
972 3918 1380 3976 inﬁdelissima
1409 3924 1589 3987 secta,
1611 3830 1953 3993 effuganvsiii

2071 3836 2108 3884 Α
2166 3834 2205 3884 Β
2268 3872 2281 3884 .

2071 3830 2376 3985 ieGmloInte,
2406 3919 2632 3985 dicens,
2665 3918 2850 3976 multo
2871 3918 3246 3991 serpentibus
3266 3917 3587 3976 deteriores
3616 3918 3717 3975 ho-

290 4008 426 4047 rum
456 4006 588 4046 6886
612 4005 934 4046 sermones.

357 4063 447 4117 69.
474 4061 886 4135 Mentientibus
913 4064 1109 4117 autem
1139 4061 1369 4119 Arianis
1398 4062 1715 4135 aliquando
1750 4062 2070 4135 Antonium
2102 4061 2183 4117 ita
2213 4066 2279 4117 ut
2328 4078 2390 4135 se
2419 4062 2673 4135 credere,
2731 4061 3060 4135 admiratus
3105 4076 3309 4135 eorum
3364 4060 3706 4135 audaciam,

278 4138 352 4206 et,
361 4131 512 4205 justi
532 4130 752 4206 doloris
783 4133 870 4206 ira
898 4138 1250 4206 commotus,
1283 4130 1639 4206 rogatusque
1669 4136 1741 4190 ab
1771 4134 2063 4206 episcopis
2085 4138 2259 4205 atque
2278 4133 2579 4206 universis
2606 4132 3322 4206 fratribus,Alexandriam
3347 4132 3661 4206 descendit
3685 4150 3699 4188 :

275 4203 480 4276 ibique
508 4203 903 4260 Ariornanitas
932 4205 1167 4275 publico
1197 4203 1466 4262 sermone
1488 4203 1918 4276 condemnavit,
1954 4203 2224 4261 ultimam
2273 4205 2425 4260 hanc
2455 4221 2584 4261 esse
2632 4205 2903 4260 haeresim
2959 4211 3017 4260 et
3070 4204 3696 4276 praecursoremAAnti-

274 4274 485 4333 christi
508 4277 833 4344 afﬁrmans,
868 4274 1318 4348 praadicavitque
1342 4279 1401 4332 in
1435 4278 1649 4349 populo
1683 4274 2044 4343 Filium'Dei,
2073 4294 2187 4332 non
2220 4277 2531 4349 facturam,
2567 4293 2679 4332 non
2701 4294 2771 4332 ex
2803 4276 2983 4349 nullis
3022 4274 3523 4349 sistantibus,sed
3561 4291 3702 4349 pro-

276 4349 493 4422 prium,
531 4350 709 4404 unius
738 4347 882 4422 cum
906 4352 1069 4404 Patre
1099 4347 1451 4405 substantiis
1483 4347 1605 4405 :‘ne
1631 4355 1898 4405 creatura
1931 4350 2146 4419 potius,
2178 4353 2279 4403 aut
2306 4348 2546 4422 adoptio
2578 4354 2689 4422 aut
2710 4348 3023 4422 appellatio
3074 4348 3385 4422 videretur.
3440 4347 3699 4418 Impium

278 4419 640 4503 essedicens
667 4419 755 4475 vel
789 4424 982 4503 mente
1001 4421 1342 4503 concipere:
1373 4422 1508 4503 Erat
1533 4421 1769 4503 quando
1803 4437 1916 4503 non
1948 4425 2105 4475 erat:
2140 4435 2275 4503 cum
2305 4420 2561 4503 Ver‘bnm
2584 4419 2691 4503 ‘Dei
2721 4422 2867 4503 Deus
2897 4419 3165 4503 (/19)..qu_i
3198 4425 3578 4503 estsemper,
3600 4424 3705 4503 Pas:

278 4492 356 4547 tri
386 4492 463 4548 sit
491 4498 836 4562 ooaaternus,
870 4494 1011 4565 quia
1038 4509 1107 4548 ex
1135 4509 1202 4548 eo
1233 4497 1407 4548 natus
1428 4496 1518 4565 est
1550 4497 1732 4556 Patre,

1765 4493 1864 4563 qui
1900 4507 2134 4562 semper
2161 4494 2268 4545 est.
2308 4490 2468 4546 Unde
2491 4490 2720 4546 aiebat:
2748 4490 2909 4563 Cum
2930 4490 3155 4563 Ariani
3211 4491 3375 4563 vobis
3436 4490 3598 4545 nulla
3628 4491 3707 4563 sit

278 4566 650 4631 conjunctio:
685 4565 813 4633 Quae
839 4562 988 4619 enim
1021 4566 1248 4621 societas
1273 4566 1389 4619 luci
1416 4564 1503 4619 ad
1519 4566 1770 4620 tenebras
1788 4562 1823 4618 .9
1856 4563 1964 4619 Vos
1991 4563 2241 4618 ﬁdeliter
2262 4563 2589 4628 credentes,
2623 4562 2940 4618 Christiani
2961 4563 3108 4618 estis
3144 4578 3156 4618 :
3189 4562 3276 4618 illi
3333 4562 3700 4626 Verbum,id

281 4640 373 4692 est
396 4635 623 4702 Filium,
658 4632 759 4707 qui
788 4653 857 4693 ex
886 4641 996 4692 Deo
1030 4637 1191 4691 Patre
1213 4642 1321 4700 est,
1353 4641 1681 4691 creaturam
1715 4635 1995 4700 dicentes,
2031 4632 2517 4707 nulloAintervallo
2549 4634 2890 4707 agentibus
2919 4637 3287 4706 separantur,
3313 4634 3711 4707 qui_serviunt

280 4712 559 4779 creatura
593 4704 785 4777 potius
824 4724 1002 4779 quam
1035 4708 1309 4776 Creatori,
1336 4707 1436 4778 qui
1461 4714 1549 4762 est
1582 4707 1920 4779 benedictus
1947 4708 2018 4779 in
2037 4704 2270 4779 saecula.
2331 4706 2481 4779 Ipsa,
2521 4706 2664 4779 mihi
2711 4707 2952 4772 credite,
2987 4704 3353 4779 irascuntur
3388 4704 3710 4779 elementa,

281 4782 341 4834 et
361 4778 553 4834 omnis
583 4775 786 4835 contra
810 4775 1091 4835 Krianum
1125 4775 1403 4846 furorem,
1428 4778 1750 4834 secundum
1786 4776 2047 4849 Apostoli
2074 4777 2327 4850 dictum,
2360 4778 2693 4850 ingemiscit
2731 4784 3018 4845 creatura,
3054 4779 3208 4850 quod
3242 4776 3357 4833 sibi
3388 4775 3706 4831 Dominum

282 4866 481 4913 suum,
506 4867 618 4922 per
645 4867 821 4922 quem
844 4851 1044 4906 omnia
1073 4855 1130 4906 et
1160 4852 1217 4905 in
1252 4867 1365 4922 quo
1397 4851 1596 4905 omnia
1622 4852 1773 4905 facta
1803 4848 1961 4913 sunt,
1996 4849 2187 4905 videat
2207 4848 2534 4922 aggregari.

353 4923 443 4993 70.
479 4918 612 4993 Haec
643 4918 783 4993 tanti
808 4922 912 4977 viri
945 4918 1300 4993 praedicatio,
1329 4922 1573 4993 exprimi
1611 4938 1723 4976 non
1756 4927 1968 4991 potest,
1994 4918 2592 4993 quantum’ad’ﬁdem
2634 4920 2885 4993 populos
2918 4920 3299 4993 roboraverit.
3338 4918 3710 4993 Lastabantur

281 4992 501 5062 quippe
535 4992 810 5047 hostilem
842 4998 898 5048 et
916 4991 1147 5049 Christo
1173 4991 1475 5049 inimicam
1510 4993 1776 5048 haeresim
1801 4991 2283 5048 anathematizari
2305 4994 2376 5048 ab
2412 4992 2679 5048 Ecclesiae
2712 4992 3008 5046 columna.
3040 4991 3213 5046 Nulla
3246 4996 3386 5045 tunc
3408 4991 3709 5057 aetas,nul-

281 5062 380 5119 lus
413 5079 587 5118 sexus
608 5064 766 5136 domi
800 5065 1295 5120 remansit.Taceo
1327 5065 1399 5119 de
1427 5063 1796 5119 Christianis.
1837 5065 2052 5135 Pagani
2105 5079 2359 5136 quoque,
2386 5069 2443 5118 et
2479 5063 2592 5134 ipsi
2631 5063 2928 5136 idolorum
2959 5063 3312 5129 sacerdotes,
3342 5062 3413 5117 ad
3452 5062 3710 5117 Domini-

280 5151 420 5191 cum
453 5133 839 5190 convolabant
868 5137 1164 5191 dicentes:
1205 5138 1516 5192 Precamur
1548 5144 1613 5190 ut
1640 5133 1947 5191 videamus
1969 5133 2265 5192 hominem
2299 5135 2435 5190 Dei:
2470 5133 2610 5206 quia
2640 5136 2749 5190 hoc
2781 5134 2935 5204 apud
2969 5137 3274 5190 universos
3334 5137 3459 5189 erat
3493 5150 3710 5189 nomen

282 5205 558 5263 Antonio.
592 5206 948 5263 Ambiebant
976 5224 1210 5279 quoque
1240 5208 1449 5265 saltem
1481 5208 1775 5263 ﬁmbriam
1806 5208 2137 5264 vestimenti
2170 5208 2300 5274 ejus
2332 5205 2639 5279 attingere,
2676 5208 2926 5261 multum
2951 5206 3063 5261 sibi
3095 5211 3152 5261 et
3174 5210 3395 5261 tactum
3428 5207 3712 5278 prodesse

367 5308 413 5344 ¹²
446 5307 493 5363 II
523 5307 653 5364 Cor.
685 5324 761 5377 vr,
796 5307 885 5363 44.
920 5308 965 5343 ¹³
994 5309 1155 5365 Rom.
1181 5325 1221 5377 ι,
1251 5310 1342 5365 25.

367 5406 481 5478 (46)
508 5409 748 5460 Gestum
780 5404 889 5462 hoc
922 5410 1011 5462 est
1040 5407 1112 5462 ab
1145 5423 1298 5463 anno
1324 5408 1430 5462 326
1456 5408 1527 5463 ad
1559 5408 1682 5463 335.
1710 5406 1854 5463 Vide
1885 5407 1942 5462 in

304 5479 423 5533 Vita
452 5478 761 5533 Athanasii.

369 5549 483 5619 (47)
531 5548 898 5620 Colbertinus
958 5549 1278 5616 secundus,
1335 5547 1732 5620 ἀντικειμένου.
1793 5551 1946 5605 Anu“-

295 5616 499 5695 ehi'isti
525 5616 885 5695 προδρόμους
930 5620 1231 5695 hareticos
1290 5628 1499 5695 vocant.
1548 5616 1649 5679 'SS.
1700 5622 1801 5677 PP.
1856 5621 1949 5695 Sic

298 5691 985 5764 Irenaeus'De'Gnesticis,
1019 5691 1120 5748 lib.
1156 5709 1196 5757 ι,
1230 5709 1287 5764 p.
1316 5694 1471 5759 68,et
1501 5698 1592 5749 sat
1616 5692 1948 5749 communis

306 5762 431 5836 fuit,
446 5764 824 5836 antiquorum
857 5769 1095 5820 Patrum
1121 5762 1339 5836 opinio,
1372 5765 1473 5835 qui
1532 5766 1818 5836 putabant
1849 5766 1947 5836 ju-

302 5834 437 5891 dicii
467 5835 621 5893 diem
652 5836 982 5894 imminere.
1019 5836 1115 5894 Sic
1145 5834 1285 5894 item
1316 5834 1643 5910 Cyprianus
1692 5837 1765 5893 ad
1813 5834 1950 5893 For-

2055 5410 2358 5462 tunatum.
2412 5405 2581 5476 Apud
2638 5403 3022 5460 Athanasium
3080 5420 3234 5474 vero,
3290 5402 3519 5476 quoties
3555 5404 3719 5459 Anti-

2056 5478 2264 5533 christi
2303 5476 2601 5548 prodromi
2633 5480 2914 5532 vocentur
2943 5476 3165 5540 Ariani,
3196 5477 3257 5531 in
3298 5476 3494 5533 Indice
3537 5492 3714 5548 gene-

2057 5550 2162 5605 rali
2195 5549 2392 5603 videre
2422 5553 2531 5604 est.

2129 5620 2245 5691 (/18)
2276 5618 2492 5691 Regius
2524 5621 2575 5681 1,
2606 5618 2770 5675 solus
2798 5616 2866 5686 ἦν
2900 5638 3059 5684 ποτε,
3088 5615 3178 5672 ὅτε
3208 5616 3307 5672 οῦκ
3338 5616 3428 5686 ἦν.

2132 5690 2242 5763 (49)
2279 5690 2440 5747 Multi
2472 5691 2724 5759 codices,
2755 5707 2880 5747 cum
2915 5692 3155 5747 Verbum
3215 5695 3373 5748 Deus.
3424 5694 3619 5748 Germ.
3656 5694 3711 5757 2,

2058 5781 2182 5819 cum
2222 5765 2452 5821 Verbum
2481 5764 2597 5819 Dei.
