4074 6346
353 412 475 476 943

899 412 963 472 S.
1009 409 1436 472 ATHANASII
1482 409 1658 472 OPP.
1703 409 1902 470 PARS
1947 409 1998 469 1.
2029 441 2107 452 —
2139 407 2549 472 HISTORICA
2601 411 2699 472 ET
2743 411 3223 476 DOGMATICA.

3653 419 3774 482 914

347 548 457 613 tot,
487 544 694 618 paucis
722 543 856 601 istis
888 542 1446 612 diebus,Christiani
1478 541 1664 599 etl'ecti
1691 543 2001 614 sunt,quot

2119 559 2239 596 νασι
2299 542 2614 618 Χριστιανοὶ
2669 541 2722 597 ἰν
2779 547 2900 606 ταῖς
2958 541 3173 622 ὀλίγαις
3229 547 3464 620 ἡμᾶραις
3517 547 3767 624 ὲκείναις,

352 634 500 692 alias
530 651 636 708 per
663 649 886 690 annum
919 632 1027 688 visi
1060 631 1297 689 fuerint.
1333 631 1553 688 Exinde
1577 647 1712 687 cum
1741 629 2011 687 nonnulli

352 723 466 779 rati
494 739 625 780 eum
655 726 820 778 tanta
853 719 1231 778 multitudine
1261 719 1512 788 turbari,
1545 719 1616 776 ab
1676 718 1774 776 illo
1805 735 2010 776 omnes

353 813 686 885 abigerent:
720 810 865 866 nihil
900 809 998 867 ille
1033 809 1304 866 turbatus
1335 809 1436 878 ait,
1470 825 1846 882 nequaquam
1879 807 2007 882 plu-

351 921 446 960 res
477 903 608 960 illos
638 919 768 960 esse
791 901 886 972 iis,
937 901 1296 974 quibuscum
1361 901 1418 956 in
1470 905 1668 957 monte
1722 903 2010 973 pugnaret

354 992 743 1050 daemonibus.

423 1084 516 1138 71.
567 1081 711 1137 Cum
765 1079 1238 1152 proficisceretur
1280 1085 1499 1144 autem,
1555 1077 1843 1151 illumque
1901 1094 2008 1134 nos

350 1170 592 1228 honoris
622 1186 800 1226 causa
830 1169 1285 1238 comitaremur;
1316 1173 1379 1225 ut
1428 1169 1500 1224 ad
1553 1172 1782 1241 portam
1815 1182 2011 1238 perve-

351 1261 571 1328 nimus,
605 1265 758 1316 retro
789 1257 1005 1315 mulier
1029 1257 1359 1314 clamabat:
1396 1258 1648 1326 Maneto,
1681 1256 1857 1312 homo
1889 1254 2005 1324 Dei,

354 1349 478 1406 filia
527 1365 659 1404 mea
703 1347 960 1420 graviter
1021 1363 1054 1404 a
1101 1347 1367 1404 damone
1419 1349 1694 1402 vexatur:
1749 1349 2006 1414 maneto,

347 1452 644 1509 quaeso,ne
673 1434 817 1491 mihi
845 1450 1081 1508 quoque
1111 1434 1368 1492 currenti
1385 1434 1463 1490 sit
1488 1431 1835 1507 periculum.
1855 1433 2004 1488 Tum

349 1527 444 1583 his
474 1540 660 1582 senex
675 1522 915 1592 auditis,
948 1523 1238 1595 nobisque
1270 1523 1636 1595 rogantibus,
1657 1521 1848 1577 libens
1870 1522 2007 1577 sub-

347 1615 522 1672 stitit.
557 1613 630 1670 Ut
659 1613 1160 1686 appropinquavit
1193 1612 1426 1678 mulier,
1477 1610 1673 1684 puella
1730 1610 2005 1682 humija-

348 1709 506 1762 ctata
526 1707 649 1760 est:
681 1701 936 1757 Antonio
969 1709 1164 1758 autem
1191 1704 1486 1772 precante,
1506 1705 1681 1771 atque
1703 1698 2006 1756 Christum

348 1794 710 1861 nominante,
743 1788 967 1863 puella,
1021 1805 1255 1860 egresso
1311 1788 1546 1862 impuro
1604 1787 1840 1861 spiritu,
1864 1804 2007 1844 sana

346 1882 620 1941 surrexit.
643 1880 792 1937 Tum
825 1885 1013 1935 mater
1043 1877 1466 1936 Deobenedixit
1491 1894 1504 1934 :
1539 1877 1856 1950 cunctique
1875 1893 2004 1950 gra-

345 1973 461 2029 tias
487 1969 1107 2045 egere.Gaudebatqus
1137 1967 1256 2039 ille,
1289 1968 1428 2024 dum
1457 1967 1516 2022 in
1543 1966 2002 2041 montem,quasi

343 2062 404 2118 in
429 2058 724 2134 propriam
756 2056 870 2114 sibi
893 2057 1156 2129 domum,
1180 2057 1545 2130 remigraret.

414 2151 509 2205 72.
536 2146 858 2204 Prudentia
885 2151 1010 2204 erat
1047 2146 1368 2219 singulari:
1429 2148 1702 2218 quodque
1760 2144 2000 2212 mirum,

339 2237 577 2295 tametsi
609 2235 838 2292 litteras
863 2252 974 2290 non
1009 2234 1312 2301 didicerat,
1345 2233 1463 2290 acri
1497 2237 1692 2288 tamen
1717 2236 1778 2288 et
1807 2230 1998 2304 sagaci

343 2331 470 2382 erat
525 2325 782 2397 ingenio.
833 2323 1162 2396 Aliquando
1219 2323 1291 2378 ad
1337 2339 1468 2378 eum
1530 2337 1826 2378 accessere
1884 2321 2000 2377 duo

345 2413 527 2472 Graeci
561 2411 917 2487 philosOphi,
951 2411 1058 2468 rati
1083 2428 1144 2468 se
1199 2409 1436 2467 Antonii
1469 2426 1642 2483 posse
1673 2407 1996 2482 periculum

350 2504 576 2560 facere:
637 2502 737 2574 qui
788 2506 915 2556 tum
974 2504 1101 2557 erat
1137 2499 1197 2556 in
1247 2499 1529 2557 exteriore
1588 2502 1804 2556 monte.
1844 2498 1998 2554 079

347 2591 692 2665 Agnitisque
732 2607 800 2646 ex
867 2587 1030 2644 vultu
1063 2589 1222 2656 viris,
1265 2587 1500 2660 illisque
1530 2603 1865 2656 occurrens,
1899 2603 2002 2660 per

345 2681 726 2753 interpretem
759 2677 870 2734 ait:
905 2678 1052 2743 Quid
1085 2682 1314 2734 tantum
1337 2675 1683 2748 suscepistis
1713 2675 1997 2744 laborem,

347 2787 380 2826 ο
413 2767 766 2842 philosophi,
801 2773 866 2823 ut
905 2766 1154 2822 stultum
1195 2765 1494 2822 hominem
1550 2764 1940 2822 conveniretis
1969 2763 1998 2821 7

348 2855 858 2930 Respondentibus
896 2853 1036 2926 illis,
1080 2871 1450 2928 nequaquam
1497 2853 1745 2909 stultum
1801 2853 1996 2926 ipsum

346 2961 496 3015 esse,
528 2946 629 3003 sed
663 2960 946 3019 perquam
1006 2944 1377 3017 prudentem,
1411 2942 1558 2998 dixit
1590 2961 1602 2998 :
1635 2942 1695 2998 Si
1747 2942 1994 2998 stultum

2119 628 2280 690 δσους
2335 627 2392 683 ἂν
2453 649 2538 691 τις
2595 626 2730 685 εἶδεν
2782 627 3010 704 ἐνιαυτῷ
3065 635 3177 706 (50)
3219 633 3564 708 γενομὲνους.
3615 637 3768 706 Εἶτα,

2116 721 2280 772 τινῶν
2312 717 2648 791 νομιζόντων
2679 716 2740 774 ἐκ
2766 721 2875 774 τῶν
2923 714 3114 796 ὄχλων
3168 720 3328 776 αὐτὸν
3387 725 3769 799 ταραττεσθαι,

2117 807 2204 860 καὶ
2241 803 2330 860 διὰ
2357 811 2518 862 τοῦτο
2549 807 2966 886 ἀποτρεπόντων
2997 809 3090 864 ἀπ’
3128 809 3294 866 αὐτοῦ
3333 812 3560 882 πάντας,
3603 814 3769 877 αὐτὸς

2119 893 2180 949 ού
2228 897 2627 971 ταραττόμενος
2685 891 2860 972 ἔλεγε,
2927 899 3003 973 μή
3063 896 3290 963 πλείους
3351 901 3484 956 εἶναι
3542 901 3768 966 τούτους

2118 982 2336 1038 ἐκείνων
2374 985 2491 1057 μεθ’
2523 985 2596 1039 ὧν
2631 984 2684 1040 ἐν
2713 991 2794 1060 τῷ
2823 982 2938 1063 ὄρει
2969 985 3275 1062 παλαίομεν
3310 985 3605 1063 δαιμόνων.

2186 1073 2277 1128 71.
2309 1073 2436 1129 Ὀτε
2493 1069 2551 1127 δὶ
2603 1070 2896 1149 ἀπεδήμει,
2951 1075 3042 1130 καὶ
3100 1075 3526 1152 προεπέμπομεν
3585 1078 3769 1151 αὐτὸν,

2117 1160 2191 1222 ὡς
2221 1157 2524 1235 ἐφθάσαμεν
2557 1161 2634 1225 ε“ς
2662 1163 2761 1231 τὴν
2810 1161 3015 1235 πύλην,
3047 1159 3266 1230 ὅπισθὲν
3295 1187 3378 1232 τις
3437 1161 3568 1223 ἐϐόα
3609 1172 3764 1244 γυνή·

2118 1250 2342 1317 Μεῖνον,
2403 1247 2649 1326 ἄνθρωπε
2708 1256 2804 1307 τοῦ
2853 1257 3008 1321 Θεοῦ,
3069 1255 3104 1323 ἡ
3153 1255 3390 1331 θυγάτηρ
3440 1276 3544 1330 μου
3577 1254 3770 1322 δεινῶς

2120 1338 2225 1392 ὑπὸ
2257 1335 2515 1412 δαίμονος
2549 1338 2882 1416 ἐνοχλεῖται·
2920 1347 3128 1416 μεῖνον,
3150 1341 3476 1419 πάρακαλῶ,
3511 1346 3589 1419 μὴ
3611 1346 3768 1422 κάγὼ

2114 1423 2440 1482 κινδυνεύσω
2482 1427 2773 1505 τρέχουσα.
2830 1431 3094 1494 Ἀκούσας
3143 1433 3172 1488 ὁ
3219 1431 3416 1509 γὲρων,
3466 1433 3556 1489 καὶ
3604 1435 3768 1506 ἀξιω-

2117 1517 2224 1579 θεές
2278 1518 2402 1592 παρ’
2445 1518 2629 1590 ἡμῶν,
2681 1516 2855 1582 θὲλων
2905 1513 3155 1593 ἔμεινεν.
3203 1522 3292 1585 Ὠς
3338 1519 3396 1578 δὲ
3441 1521 3668 1600 ἤγγισεν
3729 1528 3768 1596 ὴ

2111 1605 2270 1678 γυνὴ,
2305 1608 2338 1675 ἡ
2388 1606 2484 1679 μὶν
2531 1612 2658 1670 παῖς
2708 1601 2931 1684 ἔρῥιπτο
2982 1609 3179 1685 χαμαίο
3228 1615 3325 1665 τοῦ
3358 1608 3417 1667 δὲ
3471 1612 3766 1669 ’Δντωνίου

2113 1693 2570 1769 προσευξαμένου,
2602 1695 2693 1750 καὶ
2725 1695 2816 1752 τὸν
2851 1697 3080 1772 Χριστὸν
3115 1698 3506 1775 ὀνομάσαντος,
3553 1702 3768 1779 ἠγέρθη

2113 1784 2149 1852 ἡ
2181 1788 2308 1844 παῖς
2341 1783 2524 1858 ὑγιὴς,
2556 1782 2861 1854 ἐξελθόντος
2890 1787 2986 1842 τοὸ
3016 1787 3320 1864 ἀκαθάρτου
3365 1786 3643 1864 δαίμονος.
3694 1793 3770 1850 Ἥ

2113 1891 2172 1925 τε
2205 1873 2391 1948 μήτηρ
2423 1870 2633 1948 εὐλόγει
2665 1874 2754 1928 τὸν
2787 1875 2936 1947 Θεὸν,
2969 1876 3058 1931 καὶ
3116 1876 3308 1941 πάντες
3364 1877 3764 1956 ηὐχαρίστουν.

2113 1960 2208 2014 Καὶ
2239 1961 2404 2023 αὐτὸς
2437 1958 2495 2016 δὶ
2545 1956 2764 2038 ἔχαιρεν
2813 1961 3141 2039 ἄποδημῶν,
3174 1966 3248 2030 ὡς
3280 1966 3356 2030 εἷς
3385 1968 3478 2022 τὸν
3510 1965 3655 2024 ἴδιον
3687 1974 3771 2024 οῖ-

2105 2070 2222 2120 κον,
2258 2049 2334 2112 εἴς
2365 2051 2428 2106 τὸ
2460 2046 2606 2126 ὅρος.

2178 2142 2268 2198 72.
2302 2137 2400 2194 Καὶ
2442 2136 2707 2217 φρόνιμος
2765 2139 2823 2197 δὲ
2879 2143 2945 2213 ἦν
2998 2141 3140 2200 λίαν·
3191 2145 3279 2200 καὶ
3321 2145 3384 2201 τὸ
3430 2147 3766 2221 θαυμαστὸν,

2108 2229 2214 2298 δτι,
2245 2230 2542 2304 γράμματα
2595 2230 2672 2304 μή
2723 2232 2935 2304 μαθὼν,
2984 2232 3242 2310 ἀγχίνους
3293 2234 3362 2304 ἦν
3408 2234 3499 2290 καὶ
3543 2239 3768 2302 συνετὸς

2108 2317 2415 2394 ἅνθρωπος.
2449 2317 2586 2373 Ποτὶ
2609 2322 2739 2394 γοῦν
2771 2318 3069 2399 φιλόσοφοι
3109 2318 3204 2377 δύο
3255 2321 3432 2392 ἦλθον
3479 2324 3615 2401 πρὸς
3664 2323 3766 2380 αὖ·

2105 2405 2198 2460 τὸν
2248 2404 2560 2476 Ἓλληνες,
2602 2406 2916 2480 νομίζοντες
2979 2407 3228 2465 δύνασθαι
3302 2412 3396 2466 τὸν
3465 2413 3762 2468 ’Λντώνιον

2106 2501 2376 2572 πειρᾶσαν
2409 2495 2476 2565 ἦν
2528 2493 2586 2551 δὲ
2637 2495 2688 2552 ἐν
2732 2501 2812 2571 τῷ
2856 2495 2968 2573 ὄρει
3019 2503 3099 2572 τῷ
3127 2496 3247 2571 ἔξω
3284 2500 3312 2555 ὁ
3344 2497 3402 2556 δὶ
3433 2503 3547 2576 (51)
3577 2501 3638 2557 ἐκ
3661 2506 3762 2557 τοῦ

2105 2583 2402 2660 προσώπου
2431 2585 2605 2647 συνεὶς
2636 2583 2762 2648 τοὺς
2809 2586 3148 2663 ἅνθρώπους,
3199 2585 3431 2659 ἐξελθὼν
3487 2590 3623 2666 πρὸς
3653 2587 3755 2644 αύ-

2105 2673 2251 2743 τοὺς,
2305 2668 2405 2752 ἔφη
2455 2671 2526 2728 δι’
2583 2673 2886 2750 ἑρμηνέωςο
2939 2676 3008 2734 Τί
3047 2679 3306 2733 τοσοῦτον
3359 2676 3646 2750 ἐσκύλητε,
3707 2683 3755 2734 ὦ

2106 2761 2426 2838 φιλόσοφοι,
2459 2763 2594 2836 πρὸς
2629 2765 2813 2839 μωρὸν
2848 2761 3164 2840 ἄνθρωπονς
3195 2767 3318 2822 Τῶν
3352 2763 3411 2822 δὶ
3459 2766 3754 2837 εἴπόντων,

2108 2852 2185 2924 μή
2220 2852 2349 2906 εἶναι
2385 2852 2567 2928 μωρὸν
2601 2850 2781 2922 αὐτὸν,
2815 2850 2960 2908 ἀλλᾶ
2987 2853 3075 2909 καὶ
3106 2853 3255 2927 μάλα
3303 2854 3599 2932 φρόνιμον,
3650 2852 3756 2932 ἔφη

2104 2942 2243 3016 πρὸς
2273 2939 2488 3004 αὐτούς’
2532 2941 2597 2998 Et
2649 2942 2743 3016 μὲν
2792 2943 2931 3017 πρὸς
2986 2944 3174 3018 μωρὸν
3225 2941 3445 3018 ἤλθετε,
3503 2946 3759 3022 περιττὸς

345 3035 578 3093 adiistis
607 3035 928 3100 hominem,
956 3032 1102 3090 illud
1133 3038 1289 3090 certe
1319 3032 1480 3089 inani
1510 3031 1707 3089 labore
1732 3049 1746 3088 :
1779 3031 1871 3088 sin
1904 3049 1997 3089 me

2117 3030 2256 3102 ὅμῶν
2290 3029 2318 3084 ὁ
2347 3030 2610 3102 κάματοςο
2645 3029 2691 3085 εί
2733 3026 2791 3086 δὶ
2845 3031 3093 3104 νομίζετὲ
3149 3052 3216 3105 με
3272 3031 3540 3111 φρόνιμον
3599 3035 3760 3104 εἶναι,

237 3136 244 3141 ·
343 3124 694 3197 prudentem
723 3121 1115 3194 arbitramini,
1145 3120 1290 3177 mihi
1347 3125 1534 3178 estote
1577 3120 1825 3191 similes,
1857 3137 1994 3179 cum

2117 3117 2307 3194 γίνεσθε
2337 3117 2412 3180 ὡς
2459 3115 2589 3194 ἐγώ”
2643 3115 2724 3174 δεῖ
2772 3117 2875 3195 γὰρ
2922 3119 2992 3174 τὰ
3034 3117 3178 3175 καλὰ
3207 3122 3516 3194 μιμεῖσθαι.
3577 3121 3676 3177 Καὶ
3711 3120 3762 3178 εἰ

345 3229 476 3286 quis
505 3213 659 3268 bona
687 3216 826 3268 sunt
847 3210 1067 3267 imitari
1125 3227 1231 3282 par
1287 3209 1386 3266 sit.
1445 3210 1593 3265 Nam
1649 3211 1700 3266 si
1749 3226 1855 3283 ego
1893 3227 1995 3266 vos

2117 3207 2202 3279 μὲν
2236 3205 2345 3282 ἐγὼ
2403 3206 2539 3283 πρὸς
2593 3206 2732 3281 ὑμᾶς
2790 3207 3040 3284 ήρχόμεν
3091 3206 3454 3285 ἕμιμησάμην
3489 3209 3548 3265 ἂν
3587 3211 3757 3283 ὑμᾶς·

346 3278 651 3368 adiissem,
681 3316 783 3356 vos
812 3278 1150 3355 imitaturus
1179 3315 1374 3356 eram:
1407 3314 1540 3354 cum
1570 3302 1766 3354 autem
1785 3278 1867 3354 ad
1904 3316 1996 3356 me

2117 3296 2151 3352 ιί
2178 3293 2237 3351 δὲ
2275 3278 2456 3373 *ὑμεῖς
2501 3278 2640 3372 πρὸς
2692 3278 3058 3372 ἐμὴ-γίνεσθε
3110 3278 3202 3361 ὧς-
3244 3278 3372 3374 ἐγώ·
3413 3278 3761 3374 ⁷Χριστιανὸς

344 3406 449 3448 vos
476 3385 861 3456 secesseritis,
896 3387 1008 3443 mei
1039 3386 1265 3444 similes
1305 3385 1643 3443 efficiamini
1669 3403 1682 3443 :
1710 3385 1994 3444 Christia-

2117 3386 2208 3462 γάρ
2239 3383 2376 3458 εἶμι.
2409 3386 2476 3442 Οἱ
2509 3382 2566 3440 δὶ
2596 3386 2960 3458 θαυμάζοντες
3001 3387 3315 3464 ἀνεχώρουν
3370 3382 3600 3444 ἔϐλεπον
3650 3388 3756 3465 γὰρ

345 3494 461 3536 nus
490 3476 708 3550 quippe
738 3492 894 3533 sum.
953 3475 1237 3532 Admirati
1296 3474 1380 3531 illi
1430 3475 1767 3532 abscessere
1809 3493 1822 3531 :
1858 3493 1995 3532 nam

2117 3474 2194 3529 καὶ
2225 3470 2489 3546 δαίμονας
2517 3468 2890 3552 φοϐουμένους
2920 3475 3010 3531 τὸν
3044 3476 3361 3534 Ἄντώνιον.

344 3569 555 3640 praeter
574 3565 695 3623 hac
715 3564 979 3623 viderant
1007 3565 1303 3621 daemones
1335 3563 1658 3622 Antonium
1676 3564 2080 3622 reformidare.

1692 3704 1946 3763 VERSIO
1965 3705 2286 3766 EVAGRII.

344 3823 666 3900 credentes.
700 3825 851 3900 Quot
879 3826 1021 3900 tunc
1041 3819 1331 3900 diabolica
1360 3819 1668 3900 obsidione
1687 3824 1746 3877 et
1760 3820 1950 3900 variis
1978 3820 2424 3900 infirmitatibus
2451 3819 2681 3900 liberati
2703 3821 2742 3900 ?_
2763 3824 2911 3900 Quot
2955 3823 3300 3900 simulacris
3351 3829 3554 3900 erepta
3609 3829 3754 3900 sunt

345 3894 578 3969 spolia?
597 3895 807 3969 Quanti
831 3894 1012 3969 etiam
1037 3893 1110 3948 ab
1137 3909 1333 3948 errore
1350 3892 1660 3969 gentilium
1691 3894 1945 3969 retracti,
1977 3894 2383 3964 nostrojuncti
2414 3899 2558 3949 sunt
2584 3894 2744 3969 gregi
2762 3897 2796 3969 i'
2821 3896 2969 3952 tanti
2999 3901 3176 3967 certe,
3199 3902 3266 3953 ut
3282 3892 3602 3969 paucorum
3625 3897 3752 3953 die-

347 3964 477 4024 rum
510 3966 700 4038 spatio
730 3983 798 4022 ex
828 3964 1511 4038 idolorumisuperstion‘e
1539 3964 1841 4038 conversio
1870 3981 2103 4038 omnem
2138 3980 2242 4036 per
2268 3964 2880 4038 annumrcredentium
2911 3964 3171 4025 vinceret
3194 3964 3754 4026 turbam.Pmterea

348 4035 1575 4112 eumirruentemmultitudinemcomitrs
1596 4035 1960 4112 repellerent,
1983 4035 2344 4112 aestimantes
2374 4037 2543 4112 tudio
2565 4037 2657 4112 illi
2683 4043 3035 4112 conventum
3057 4040 3256 4112 populi
3283 4039 3424 4108 fore,
3457 4041 3556 4097 ille
3587 4047 3755 4096 tran-

349 4109 531 4184 quillo
562 4110 760 4166 animo
789 4110 1054 4184 dicebat:
1092 4107 1368 4179 Nunquid
1393 4106 1484 4162 hic
1512 4106 2070 4184 cmtuddasmonum
2103 4111 2406 4184 major‘est
2423 4109 2612 4164 turbis
2629 4107 2938 4183 ?nunquid
2959 4106 3416 4184 obsequentium
3436 4113 3761 4168 multitudo

349 4178 796 4240 colluctatorum
827 4181 887 4235 in
920 4185 1120 4236 monte
1149 4178 1481 4234 nostrorum
1513 4179 1758 4235 catervis
1789 4184 1879 4234 est
1908 4178 2319 4235 numerosior?

417 4256 510 4309 71.
536 4254 764 4326 Accidit
791 4253 965 4326 etiam
998 4257 1065 4306 ut
1090 4267 1224 4326 curn
1250 4266 1388 4306 eum
1420 4251 1760 4326 redeuntem
1787 4251 1939 4306 circa
1963 4254 2192 4326 portam
2219 4265 2736 4326 prosequeremur,
2766 4268 2802 4308 a
2829 4256 2992 4325 tergo
3022 4253 3290 4326 quadam
3322 4252 3538 4309 mulier
3551 4252 3760 4310 clami-

349 4329 522 4395 taret,
553 4325 792 4380 dicens:
829 4324 1132 4398 Exspecta,
1164 4321 1338 4377 homo
1373 4321 1488 4390 Dei,
1523 4321 1643 4377 filia
1667 4338 1801 4398 mea
1831 4321 2201 4398 atrocissimo
2221 4321 2778 4398 'vexatur_d§emonio
2802 4321 3131 4398 :_exs'pec'ta,
3162 4326 3426 4393 obsecro,
3455 4330 3757 4398 exspecta,

352 4413 425 4452 ne
453 4393 515 4468 et
533 4412 644 4468 ego
675 4410 917 4468 currens
947 4393 1057 4468 (5?)
1089 4394 1391 4448 inteream.
1422 4397 1540 4468 Hoc
1570 4394 1790 4463 audito,
1826 4393 2114 4468 mirabilis
2143 4409 2321 4468 senex
2349 4410 2382 4468 a
2403 4393 2571 4449 nobis
2608 4393 2968 4468 admonitus,
3027 4393 3230 4453 volens
3281 4403 3477 4453 tamen
3500 4393 3580 4453 et'
3601 4397 3757 4468 ipse,

350 4465 652 4540 paululum
680 4467 962 4540 substitit.
998 4465 1800 4540 Cumquerappropinquante
1830 4467 2097 4540 muliere,
2129 4465 2323 4536 puella
2351 4467 2566 4536 iaceret
2589 4467 2846 4540 explosa,
2871 4468 3054 4540 oravit
3068 4469 3284 4524 tacitus
3314 4465 3643 4540 Dominum
3657 4465 3758 4525 Jeé

349 4537 522 4612 sum}
557 4545 615 4612 et
645 4539 715 4593 ad
750 4539 1219 4612 nominationem
1233 4539 1378 4612 ejus
1392 4538 1591 4592 statim
1621 4537 1864 4612 spiritus
1886 4538 2162 4612 impurus
2185 4543 2582 4612 _egre_ss_us_e_st
2613 4553 2627 4594 :
2660 4539 3756 4612 puellaincolumis,populusinlaudi-

349 4611 461 4667 bus
491 4609 613 4677 Dei,
648 4614 834 4666 mater
865 4610 922 4664 in
956 4610 1172 4680 gaudio
1196 4609 1324 4682 fuit.
1362 4609 1716 4682 lpsegautem
1747 4608 2074 4682 laetabatur,
2097 4608 2246 4682 quia
2265 4610 2337 4682 ad
2369 4608 2765 4682 desideratam
2782 4608 3505 4682 solitudinemremeabat
3528 4613 3665 4682 (53).

413 4683 508 4756 72.
542 4683 681 4740 Erat
711 4687 909 4756 autem
940 4679 1104 4756 valde
1125 4679 1380 4752 sapiens,
1413 4679 1605 4756 et__hoc
1637 4680 1711 4756 in_
1727 4696 1789 4736 se
1822 4679 2088 4756 mirabile
2113 4679 2386 4756 habebat,
2408 4682 2560 4756 quia
2589 4697 2722 4756 cum
2753 4679 2980 4739 litteras
3005 4700 3121 4740 non
3145 4679 3758 4756 didicisset,ingenio-

347 4753 622 4827 sissimus
651 4758 706 4810 et
729 4750 1225 4827 prudentissimus
1248 4757 1388 4808 erat.
1419 4751 1752 4827 Aliquando
1783 4752 1994 4827 etenim
2028 4750 2359 4827 philosophi
2392 4750 2508 4806 duo
2539 4752 2785 4827 gentiles
2833 4760 3120 4810 venerunt
3147 4755 3219 4810 ad
3267 4771 3425 4827 eum,
3457 4750 3758 4827 putantes

347 4826 668 4882 Antonium
701 4823 761 4880 se
785 4841 956 4896 posse
977 4825 1276 4898 decipere:
1301 4828 1424 4878 erat
1453 4823 1671 4898 vero‘in
1704 4825 1970 4898 exteriori
1999 4831 2212 4898 monte.
2239 4825 2394 4889 Quos
2425 4840 2558 4898 cum
2591 4825 2854 4898 vidisset,
2875 4841 3137 4898 paganos
3158 4825 3442 4883 intellexit
3462 4823 3532 4882 ex
3559 4828 3754 4883 vultu:

346 4903 404 4954 et
433 4899 754 4970 procedens
789 4895 864 4952 ad
896 4914 1016 4960 eos,
1049 4895 1150 4970 per
1179 4895 1556 4970 interpretem
1585 4895 1668 4951 ita
1693 4895 2045 4970 ccepit‘loqui
2071 4912 2084 4950 :
2119 4895 2306 4970 Quare
2334 4901 2451 4970 tam
2485 4895 2656 4970 longe
2698 4897 2772 4970 ad
2813 4895 3063 4953 stultum
3126 4899 3428 4954 hominem
3455 4898 3756 4970 sapientes

345 4987 408 5026 se
432 4966 632 5044 vexare
656 4970 1006 5044 voluerunt?
1037 4968 1160 5023 Illis
1179 4966 1510 5044 dicentibus
1541 4983 1657 5044 no_n
1680 4982 1808 5022 esse
1839 4966 2003 5044 illum
2047 4967 2318 5044 stultum,
2352 4966 2454 5044 sed
2486 4973 2545 5044 et
2591 4968 2843 5044 nimium
2896 4971 3246 5044 sapientem,
3302 4966 3614 5044 vigilanter
3660 4986 3757 5026 re-

344 5041 615 5125 spondit:
651 5041 711 5125 §i
735 5043 812 5125 ad
844 5043 1092 5125 stpltum
1125 5037 1395 5125 venistis,
1407 5039 1752 5125 superfluus
1768 5043 1857 5094 est
1881 5038 2047 5125 labor
2074 5043 2298 5125 vester:
2333 5038 2381 5122 si
2416 5042 2612 5125 autem
2645 5037 2987 5125 putatis‘me
3015 5037 3342 5125 sapientem
3362 5037 3541 5125 'esse,
3575 5047 3632 5098 et
3663 5059 3757 5098 sa-

341 5109 624 5197 pientiam
655 5111 869 5196 habere
901 5113 1120 5168 bonum
1151 5109 1606 5193 estnimilamini
1640 5109 1754 5180 (54)
1777 5111 1930 5194 quod
1957 5110 2250 5236 (probatis,
2283 5109 2424 5182 quia
2453 5110 2605 5194 bona
2625 5109 2897 5168 convenit
2927 5109 3166 5170 imitari.
3189 5112 3250 5169 8i
3283 5129 3390 5186 ego
3415 5114 3488 5171 ad
3516 5109 3622 5170 vos
3653 5129 3752 5169 ve-

341 5201 584 5236 nissem.
611 5200 712 5236 vos
733 5185 994 5236 imitarer
1023 5201 1037 5236 :
1063 5182 1162 5236 sed
1194 5198 1330 5236 auia
1361 5198 1464 5236 vos
1492 5181 1560 5236 ad
1597 5197 1691 5236 me
1720 5197 1889 5236 auasx
1920 5199 1950 5236 a
2015 5188 2339 5236 sapientem
2371 5187 2637 5236 venistis.
2670 5187 2874 5236 estote.
2906 5184 3063 5236 sicut
3091 5201 3198 5236 em
3220 5201 3378 5236 sum-
3404 5185 3752 5236 Christiani.

339 5181 584 5270 nissem,
611 5200 712 5240 vos
733 5185 994 5270 imitarer
1023 5201 1037 5251 ;
1057 5182 1162 5270 sed
1194 5181 1330 5270 quia
1361 5198 1464 5236 vos
1492 5181 1889 5270 adme‘quasi
1920 5181 1990 5237 ad
2015 5181 2339 5266 sapientem
2371 5181 2637 5270 venistis,
2670 5187 2874 5248 estote,
2906 5184 3198 5270 sicut‘ego
3220 5181 3378 5254 sum,
3404 5185 3754 5243 Christiani.

336 5257 763 5314 Abscesserunt
782 5255 1139 5328 philosophi,
1171 5251 1491 5326 utrumque
1514 5251 1814 5324 mirantes,
1835 5258 1894 5310 et
1921 5251 2168 5310 acumen
2191 5253 2438 5326 ingenii,
2461 5257 2520 5310 et
2548 5255 2884 5312 daemonum
2905 5251 3303 5330 expulsiones.

2095 5446 2720 5526 taygolbqrrediebat.
2752 5449 2938 5526 _Paulo
2978 5454 3112 5524 post
3163 5468 3304 5510 mss.
3338 5453 3605 5526 quidam,
3640 5471 3758 5512 non

2093 5518 2393 5586 didicisset,
2417 5520 2719 5576 immobili:
2745 5522 2904 5578 homo
2930 5518 3328 5581 eimansuetus
3355 5518 3498 5582 'erat.

2130 5663 2140 5674 ο
2165 5591 2281 5678 (542
2309 5595 2397 5678 Ita
2427 5592 2598 5678 multi
2629 5593 3047 5678 manuscripti.
3085 5595 3238 5678 Editi
3264 5612 3420 5670 vero,
3451 5601 3505 5655 et
3521 5599 3753 5655 canicu-

2095 5663 2231 5718 tiam
2260 5662 2477 5730 habere,
2501 5665 2703 5722 bonum
2731 5670 2814 5722 est
2842 5674 2904 5723 ut
2923 5662 3244 5726 imitemini.

431 5451 523 5518 50)
548 5456 688 5508 Tres
721 5465 888 5518 mss.,
920 5447 972 5503 tv
1005 5445 1256 5518 ἐνιαυτῷ.

431 5513 522 5594 513
547 5525 640 5579 Sic
670 5513 910 5595 quidam
932 5537 1088 5595 mss.
1123 5513 1272 5576 Editi
1303 5535 1458 5586 vero,
1491 5513 1677 5595 (bC‘Sé.

410 5589 521 5666 (52)
552 5597 637 5651 lta
666 5589 810 5650 mss.
841 5594 990 5666 Editi
1019 5608 1174 5665 vero,
1207 5608 1486 5666 corruens,
1520 5589 1718 5666 minus
1739 5594 1912 5646 recte.

408 5661 523 5734 (53)
555 5666 704 5722 Editi
735 5683 867 5723 cum
923 5665 1116 5721 Germ.
1159 5661 1213 5724 1.
1273 5664 1416 5730 sola,
1473 5661 1788 5734 repedabat,
1820 5666 1985 5718 Gem-

338 5741 478 5792 met.
507 5738 557 5808 1,
590 5743 646 5794 et
667 5738 860 5794 Germ.
890 5739 945 5806 2,
977 5739 1274 5794 remeabat.
1331 5741 1616 5805 Desmar.,
1675 5735 1982 5791 reverteba-
