4074 6378
356 469 476 528 945

1733 467 1916 526 VlTA
1969 469 2031 525 S.
2084 468 2428 530 ANTONII.

3657 467 3773 525 946

425 597 522 657 73.
563 593 791 652 Ἀλλων
822 591 879 649 δὲ
909 593 1074 650 πάλιν
1105 592 1367 649 τοιούτων
1409 595 1829 665 ἀπαντησάντων
1873 596 2004 670 πρὸς

2193 601 2276 655 73.
2315 601 2460 658 Aliis
2493 605 2752 675 {rursum
2810 603 2902 658 his
2950 601 3244 658 similibus
3287 616 3349 655 se
3396 600 3455 653 in
3509 597 3776 653 exteriori

359 685 519 742 αὐτὸν
553 684 604 741 έν
627 689 706 758 τῷ
744 681 855 755 ὅρει
887 687 966 756 τῷ
1015 679 1137 755 ἔξω,
1187 684 1273 738 καὶ
1329 684 1664 758 νομιζόντων
1699 683 2010 760 χλευάζειν,

359 797 442 831 οτι
497 777 573 848 μὴ
626 774 909 848 μεμάθηκε
960 774 1275 849 γράμματα,
1335 770 1477 849 λέγει
1537 773 1673 847 πρὸς
1734 771 1929 836 αὐτοὺς
1983 774 2012 826 6

357 865 650 925 Ἀντώνιος
685 881 696 893 ·
759 865 944 936 Ὑμεῖς
978 859 1034 916 δὲ
1087 861 1139 915 τί
1187 860 1414 936 λέγετε;
1465 861 1524 914 Τί
1580 862 1804 936 πρῶπόν
1856 861 1964 915 ἐστι
1997 905 2011 929 ,

354 959 482 1016 νοῦς
516 954 550 1023 ἢ
585 953 937 1030 γράμματα;
987 951 1077 1006 καὶ
1130 951 1183 1005 τί
1227 949 1374 1011 τίνος
1428 949 1631 1020 αἷίτιον,
1681 951 1708 1004 ὁ
1750 955 1874 1012 νοῦς
1902 951 2008 1005 τῶν

354 1043 720 1118 γραμμάτων,
754 1042 789 1110 ἢ
849 1041 915 1094 τὰ
971 1040 1273 1116 γράμματα
1328 1043 1424 1094 τοῦ
1479 1043 1619 1109 νοῦ;
1669 1044 1783 1094 Τῶν
1835 1037 1891 1094 δὲ
1930 1038 2010 1093 εἰ-

354 1132 570 1186 πόντων
599 1134 815 1206 πρῶτον
856 1127 991 1183 εἶναι
1043 1128 1133 1182 τὸν
1180 1133 1326 1196 νοῦν,
1374 1129 1464 1182 καὶ
1509 1133 1615 1182 τῶν
1667 1128 2006 1203 γραμμάτων

355 1217 579 1296 εὑρέτην
615 1239 628 1253 ο
665 1215 764 1296 ἔφη
801 1218 828 1272 ὁ
860 1218 1146 1281 Ἀντώνιος
1179 1235 1193 1250 ⁸
1237 1222 1302 1296 ᾫ
1348 1216 1525 1271 τοίνυν
1578 1218 1605 1272 ὁ
1649 1221 1770 1279 νοῦς
1826 1217 2008 1292 ὑγιαί-

351 1309 666 1381 νει,τούτῳ
879 1307 977 1361 οὐκ
1024 1308 1284 1383 ἀναγκαῖα
1346 1307 1412 1361 τὰ
1466 1305 1780 1382 γράμματα.
1839 1311 2008 1362 Τοῦτο

351 1398 439 1453 καὶ
489 1396 616 1460 τοὺς
675 1395 943 1468 παρόντας
989 1396 1080 1450 καὶ
1128 1394 1322 1457 αὐτοὺς
1372 1394 1680 1466 ἐξέπληξεν.
1731 1394 2010 1464 Ἀπῆλθον

352 1485 444 1541 οῦν
504 1487 891 1560 θαυμάζοντες,
942 1484 1024 1539 ὅτι
1075 1484 1344 1555 τοσαύτην
1410 1480 1638 1540 ἔϐλεπον
1699 1483 1750 1540 έν
1812 1484 2006 1559 ἰδιώτῃ

355 1574 562 1630 σύνεσιν
603 1592 614 1608 ·
654 1574 872 1652 καὶγὰρ
927 1575 1037 1649 οὐχ
1088 1573 1162 1636 ὡς
1213 1572 1264 1629 έν
1315 1570 1428 1649 ὄρει
1458 1573 1701 1652 τραφεὶς,
1734 1574 1886 1629 κάκεῖ
1919 1573 2010 1649 γέ-

355 1685 462 1740 ρων
491 1665 809 1740 γενόμενος,
842 1661 1030 1739 ἐίγριον
1063 1663 1176 1739 εἶχε
1199 1664 1262 1718 τὸ
1292 1662 1427 1732 ἦθος
1463 1683 1474 1696 ο
1500 1661 1647 1720 ἀλλὰ
1675 1665 1763 1718 καὶ
1796 1663 2009 1741 χαρίεις

355 1753 422 1823 ἦν
464 1753 554 1808 καὶ
585 1752 891 1818 πολιτικός.
941 1754 1048 1810 Τὸν
1101 1750 1159 1807 δὲ
1207 1751 1368 1828 λόγον
1402 1754 1543 1828 εἶχεν
1595 1752 1896 1828 ἠρτυμένον
1929 1757 2009 1825 τῷ

354 1843 485 1916 θείῳ
517 1839 675 1898 ἅλατι
711 1863 723 1876 ·
759 1840 898 1897 ὥστε
934 1839 1141 1916 μηδένα
1180 1844 1415 1920 φθονεῖν,
1455 1841 1668 1918 χαίρειν
1697 1839 1754 1896 δὲ
1789 1839 2004 1915 μᾶλλον

351 1931 434 1988 ἐπ’
466 1933 616 2006 αὐτῷ
645 1930 848 1996 πάντας
875 1930 1002 1993 τοὺς
1037 1930 1373 2005 ἐρχομένους
1403 1931 1539 2008 πρὸς
1579 1930 1755 1989 αὐτόν.

421 2024 512 2078 74.
549 2021 772 2095 ’Δμέλει
821 2020 954 2095 μετὰ
1001 2024 1170 2075 ταῦτα
1198 2023 1312 2092 (56)
1359 2017 1527 2074 πάλιν
1577 2019 1845 2084 ἐλθόντων
1891 2021 2002 2074 ἑτέ-

354 2130 463 2186 ρων
492 2114 653 2165 τινῶν
691 2131 703 2144 ο
737 2109 874 2179 ἦσαν
908 2107 965 2164 δὲ
987 2107 1137 2164 οῦτοι
1174 2112 1280 2163 τῶν
1329 2110 1457 2186 παρ’
1495 2107 1734 2179 Ἕλλησι
1778 2106 2000 2163 δοκούν-

351 2219 458 2254 των
494 2199 628 2254 εἷναι
661 2204 840 2277 σοφῶν
880 2219 891 2231 ο
925 2198 1016 2253 καὶ
1067 2196 1438 2253 ἀπαιτούντων
1485 2199 1647 2252 αὐτὸν
1683 2195 1843 2271 λόγον
1875 2195 2000 2273 περὶ

347 2294 448 2359 τῆς
497 2289 616 2353 καθ’
663 2290 811 2361 ἡμᾶς
865 2287 917 2343 έν
970 2289 1188 2363 Χριστῷ
1235 2286 1466 2349 πίστεως
1509 2304 1523 2319 ⁸
1574 2285 1997 2362 ἐπιχειρούντων

353 2374 410 2432 δὲ
469 2375 882 2452 συλλογίζεσθαι
931 2377 1053 2452 περὶ
1108 2381 1205 2431 τοῦ
1280 2375 1633 2453 κηρύγματος
1677 2379 1770 2430 τοῦ
1831 2373 1998 2440 θείου.

352 2470 605 2544 σταυροῦ³
637 2467 726 2521 καὶ
766 2463 1126 2541 βουλομένων
1175 2464 1452 2540 χλευέζειν
1487 2485 1498 2497 ·
1533 2465 1720 2541 ὀλίγον
1756 2463 1999 2541 ἐπισχὼν

353 2557 380 2610 6
434 2557 740 2624 ’Δντώνιος,
799 2555 889 2609 καὶ
940 2558 1156 2629 πρῶτον
1203 2554 1468 2629 οἰκτείρας
1529 2553 1721 2617 αὐτοῦς
1789 2553 1874 2608 ἐπὶ
1929 2557 1998 2627 τῇ

353 2643 610 2722 ἀγνωσία,
669 2642 820 2719 ἔλεγε
870 2641 938 2698 δι’
988 2643 1288 2720 ἑρμηνέως,
1343 2648 1438 2698 τοῦ
1473 2642 1656 2706 καλῶς
1703 2643 1769 2698 τὰ
1797 2642 1999 2698 ἐκείνου

352 2729 806 2810 διερμηνεύοντος
844 2753 856 2766 ·
885 2731 944 2787 Τί
995 2730 1223 2788 κάλλιόν
1275 2730 1407 2801 ἐστι,
1443 2733 1668 2807 σταυρὸν
1703 2729 1996 2806 ὁμολορεῖν

352 2821 685 2897 ἢμοιχείπς
743 2822 834 2876 καὶ
892 2819 1283 2899 παιδοφθορίας
1337 2820 1664 2897 προσάπτειν
1709 2826 1827 2883 τοῖς
1877 2826 2000 2895 παρ’

352 2911 477 2984 ὑμῖν
503 2910 828 2986 λεγομένοις
861 2916 1001 2975 θεοῖς
1034 2929 1047 2980 ;
1080 2911 1157 2967 Τὸ
1217 2911 1310 2984 μὶν
1359 2911 1457 2987 γὰρ
1492 2911 1617 2985 παρ’
1647 2913 1807 2984 ἡμῶν
1841 2908 1999 2984 λεγό-

354 3019 518 3073 μενον
575 2996 795 3075 ἀνδρίας
851 2998 962 3054 ἐστὶ
1015 3001 1333 3074 τεκμήριον,
1374 2999 1489 3054 -καὶ
1547 3000 1997 3076 καταφρονήσεως

2124 695 2321 747 monte
2353 693 2720 761 adeuntibus,
2752 691 3056 762 illudendi,
3093 695 3155 746 ut
3185 689 3524 762 sperabant,
3573 703 3774 756 causa,

2125 781 2279 850 quod
2313 781 2639 838 litterarum
2673 787 2828 839 esset
2860 781 3194 855 imperitus,
3251 777 3627 850 interrogavit
3677 792 3776 831 eos

2123 870 2411 926 Antonius
2468 889 2478 926 :
2536 873 2680 938 Quid
2733 891 2832 928 vos
2879 870 3122 927 dicitis?
3151 869 3437 934 Quidnam
3472 868 3634 939 prius
3665 870 3775 931 est,

2123 975 2284 1014 mens
2319 959 2546 1030 litteris,
2581 965 2635 1016 ct
2686 962 2827 1034 quid
2877 961 3087 1016 horum
3143 957 3386 1013 alterius
3435 972 3613 1012 causa
3664 959 3773 1021 est,

2122 1063 2362 1104 mensne
2407 1047 2760 1116 litterarum,
2814 1066 2886 1104 an
2940 1048 3148 1103 litterae
3198 1045 3414 1100 mentis
3463 1042 3619 1115 (57)?
3669 1041 3778 1106 Qui

2120 1152 2253 1191 cum
2289 1142 2542 1194 mentem
2575 1139 2834 1194 dicerent
2868 1137 3122 1209 priorem
3143 1134 3540 1191 etlitterarum
3573 1133 3778 1186 inven-

2118 1224 2344 1297 tricem,
2379 1227 2460 1282 ait
2506 1227 2801 1283 Antonius
2850 1243 2862 1280 :
2916 1227 3018 1281 Cui
3069 1242 3205 1297 ergo
3255 1241 3398 1279 sana
3447 1237 3614 1276 mens
3664 1223 3775 1288 est,

2119 1313 2258 1369 huio
2291 1331 2403 1371 non
2439 1316 2779 1371 necessariae
2812 1315 3038 1371 littera.
3074 1317 3195 1380 Quo
3227 1328 3496 1369 sermone
3526 1315 3645 1366 tam
3678 1307 3778 1380 qui

2120 1403 2363 1458 aderant
2393 1403 2513 1474 alii,
2547 1423 2723 1476 quam
2753 1404 2871 1470 isti,
2926 1406 3302 1474 Obstupuere.
3351 1399 3779 1456 Abscesserunt

2120 1491 2300 1564 igitur
2330 1493 2412 1548 illi
2448 1494 2643 1549 mirati
2678 1498 2902 1549 tantam
2935 1493 2994 1547 in
3031 1493 3214 1548 idiota
3255 1489 3492 1545 homine
3541 1487 3778 1558 sapien-

2119 1581 2259 1636 tiam
2295 1599 2308 1638 :
2342 1582 2478 1638 licet
2507 1583 2664 1638 enim
2711 1582 2769 1637 in
2834 1587 3030 1637 monte
3078 1581 3394 1644 enutritus,
3446 1576 3526 1631 ibi
3573 1591 3780 1631 conse-

2120 1669 2365 1741 nuisset,
2395 1688 2762 1744 nequaquam
2796 1671 3044 1743 agrestis
3074 1673 3198 1726 erat
3229 1667 3512 1734 moribus,
3548 1666 3648 1721 sed
3681 1681 3778 1720 co-

2120 1760 2232 1814 mis
2264 1760 2658 1830 urbanusque.
2712 1759 3034 1832 Divinoque
3089 1758 3211 1814 sale
3260 1756 3534 1812 conditus
3583 1769 3776 1809 sermo

2116 1847 2277 1904 illius
2311 1849 2454 1917 fuit;
2489 1850 2569 1904 ita
2602 1854 2668 1904 ut
2699 1866 2868 1905 nemo
2902 1849 3189 1903 invideret
3219 1846 3351 1918 ipsi,
3378 1846 3478 1900 sed
3509 1843 3778 1899 laetaren-

2117 1941 2214 1991 tur
2244 1938 2440 2009 potius
2474 1937 2725 1994 universi
2760 1938 2858 2010 qui
2893 1939 2964 1992 ad
2995 1953 3130 1993 eum
3163 1935 3523 1991 accederent.

2188 2027 2607 2096 744Enimvero
2638 2027 3041 2083 accidentibus
3077 2026 3286 2081 iterum
3323 2022 3679 2094 quibusdam
3711 2037 3781 2076 ex

2110 2116 2183 2171 iis
2206 2116 2304 2188 qui
2327 2117 2480 2188 apud
2499 2117 2726 2172 Graecos
2746 2117 3040 2188 sapientes
3061 2112 3762 2181 videntur,rationemque

2111 2206 2550 2276 reposcentibus
2584 2206 2653 2261 de
2684 2206 2797 2261 fide
2829 2209 3031 2260 nostra
3061 2203 3120 2258 in
3152 2202 3469 2268 Christum,
3522 2198 3760 2255 nitenti-

2110 2295 2340 2365 busque
2383 2299 2586 2367 argute
2632 2296 2703 2350 de
2749 2294 2957 2349 divinas
2990 2292 3178 2348 crucis
3210 2288 3644 2364 praadicatione,
3678 2287 3761 2342 ri-

2110 2383 2285 2438 dendi
2317 2399 2515 2452 causa,
2550 2383 2882 2455 disputare;
2919 2381 3225 2454 paululum
3283 2382 3544 2434 moratus
3592 2378 3760 2433 Anto-

2111 2471 2265 2540 nius,
2299 2470 2650 2543 illorumque
2679 2470 3068 2544 ignorantiam
3102 2469 3266 2542 prius
3301 2467 3634 2537 miseratus,
3662 2481 3766 2536 per

2110 2557 2536 2630 peritissimum
2568 2559 2947 2630 interpretem
2997 2557 3118 2612 haec
3167 2557 3400 2612 locutus
3452 2558 3559 2610 est.
3611 2553 3763 2619 Quid

2111 2646 2500 2718 praestabilius
2530 2652 2641 2715 est,
2669 2663 2977 2703 crucemne
3011 2645 3296 2715 confiteri,
3331 2660 3404 2699 an
3449 2641 3762 2713 adulteria,

2109 2739 2643 2808 praaposteramque
2669 2735 2976 2791 libidinem
3011 2735 3124 2791 diis
3154 2734 3242 2806 (ut
3288 2732 3528 2801 vocatis)
3579 2730 3766 2786 ascri-

2108 2823 2292 2878 bere?
2336 2823 2497 2886 Quod
2550 2840 2656 2879 nos
2697 2823 3016 2895 loquimur,
3070 2821 3433 2878 fortitudinis
3466 2825 3551 2876 est
3586 2835 3763 2892 argu-

2111 2917 2398 2979 mentum,
2434 2915 2780 2984 certumque
2809 2915 3157 2983 contempta:
3190 2909 3398 2965 mortis
3428 2908 3717 2964 indicium
3744 2922 3759 2962 :

2107 3005 2302 3056 vestra
2332 3005 2551 3070 autem,
2602 3006 2741 3056 sunt
2789 3000 3039 3056 lasciviae
3091 2999 3298 3055 morbi.
3354 2997 3572 3054 Deinde
3619 2996 3762 3068 quid

347 3089 577 3144 Θανάτου
631 3088 953 3165 γνώρισμα·
1015 3088 1082 3143 τὰ
1140 3085 1197 3143 δὲ
1258 3089 1486 3164 ὑμέτερα
1545 3087 1829 3163 ἀσελγείας
1886 3086 1996 3142 ἐστὶ

2118 3093 2347 3161 praestat
2382 3106 2396 3145 :
2429 3090 2583 3145 680
2615 3090 2950 3145 Verbumne
2977 3089 3072 3144 Dei
3100 3089 3288 3143 dicere
3319 3104 3434 3142 non
3467 3090 3765 3141 mutatum

350 3178 516 3248 πάθη.
548 3180 776 3234 Ἔπειτα
799 3175 851 3231 τί
888 3175 1102 3251 βέλτιόν
1149 3176 1280 3246 ἐστι,
1334 3175 1532 3253 λέγειν,
1567 3175 1650 3231 ὅτι
1681 3177 1708 3231 ὁ
1739 3181 1834 3230 τοῦ
1867 3181 1998 3230 Θεοῦ

2118 3195 2236 3235 esse
2259 3204 2273 3246 ς
2297 3179 2397 3233 sed
2427 3179 2581 3235 idem
2613 3179 2810 3251 ipsum
2841 3179 3273 3249 exsistens,pro
3305 3175 3495 3232 salute
3524 3179 3581 3230 et
3610 3175 3762 3230 bono

348 3265 526 3341 Λόγος
561 3265 659 3320 οὐκ
689 3263 891 3341 ἐτράπη
932 3285 944 3297 ·
972 3263 1098 3321 ἀλλ’
1125 3266 1152 3320 ὁ
1185 3264 1343 3327 αὐτὸς
1376 3262 1472 3333 ὣν,
1507 3264 1594 3320 ἐπὶ
1637 3263 1880 3342 σῶτηρίᾳ
1908 3266 1997 3320 καὶ

2118 3268 2419 3323 hominum
2453 3286 2664 3342 corpus
2696 3269 3094 3340 assumpsisse
3142 3267 3492 3335 humanum,
3543 3268 3607 3319 ut
3654 3265 3764 3319 hu-

346 3340 619 3431 εύεργεσίᾳ
670 3340 778 3410 τῶν
831 3354 1123 3430 ἀνθρώπων
1178 3353 1438 3430 ἀνείληφε
1507 3358 1679 3428 σῶμα.
1723 3340 1998 3430 ἀνθρώπι-

2118 3373 2298 3411 manaa
2332 3340 2623 3430 particeps
2653 3357 2921 3430 originis,
2952 3356 3160 3411 divinaa
3191 3354 3460 3411 homines
3493 3370 3558 3408 ac
3589 3353 3761 3425 spiri-

344 3442 598 3514 vov,'iva,
655 3448 724 3518 τῇ
781 3443 1073 3519 ἀνθραπίνῃ
1130 3445 1330 3519 γενέσει
1386 3445 1741 3514 κοινωνήσας,
1792 3445 1996 3517 ποιήσῃ

2118 3445 2281 3502 malis
2313 3451 2533 3502 naturis
2564 3447 2878 3518 participes
2909 3447 3212 3513 redderet;
3247 3461 3317 3498 an
3352 3443 3614 3499 divinum
3648 3441 3766 3497 Nu-

343 3533 470 3596 τοὺς
500 3535 817 3611 ἀνθρώπους
846 3540 1175 3603 κοινωνῆσαι
1221 3533 1365 3595 θείας
1396 3533 1484 3587 καὶ
1513 3536 1700 3610 νοερᾶς
1735 3533 1943 3610 φύσεως
1979 3552 1992 3566 ·

2118 3551 2236 3590 :nen
2268 3535 2458 3591 brutis
2485 3535 2884 3591 animantibus
2934 3533 3284 3602 assimilare,
3349 3549 3415 3586 ac
3465 3535 3770 3604 propterea

345 3621 381 3692 ἢ
413 3620 464 3677 έν
497 3620 728 3699 ἀλόγοις
762 3622 1043 3696 ἐξομοιοῦν
1075 3624 1136 3677 τὸ
1185 3627 1361 3694 Θεῖον,
1393 3621 1482 3677 καὶ
1515 3619 1604 3677 διὰ
1631 3625 1793 3677 τοῦτο
1821 3615 1992 3676 σέϐειν

2118 3623 2872 3697 1uadrupedes,serpentes,
2896 3623 3325 3693 hominumque
3349 3620 3639 3694 imagines
3670 3637 3767 3676 co-

1747 3773 2006 3834 VERSIO
2044 3774 2359 3831 EVAGRII.

413 3899 507 3954 73.
537 3899 701 3982 Alios
731 3915 970 4026 quoque
1001 3901 1276 3986 similiter
1307 3901 1513 3957 mundi
1545 3901 1988 3985 sapientestqui
2019 3917 2152 3985 eum
2185 3901 2425 3984 irridere
2457 3901 2789 3983 cupiebant,
2825 3900 2963 3972 quia
3010 3899 3233 3982 litteras
3285 3899 3618 3980 ignoraret,
3658 3897 3764 3952 tali

413 3973 752 4026 sputatlone
781 3971 868 4026 col
897 3977 1095 4026 mavxt.
1127 3975 1328 4026 dicens
1361 3990 1373 4026 :
1410 3975 1773 4026 Resnondete
1805 3973 1973 4026 mlhl.
2006 3974 2146 4026 Ollld
2177 3989 2581 4026 nrius.sensus
2611 3991 2684 4026 an
2715 3971 2950 4026 litterae?
2965 3976 3021 4026 et
3050 3972 3192 4026 auid
3225 3986 3393 4026 emus
3424 3970 3759 4024 exordium?

347 3969 1102 4052 disputatione'_coiligavit,_
1117 3974 1328 4052 dicens
1361 3990 1381 4052 :_
1410 3969 1773 4052 Respondete
1805 3969 2146 4052 mihi,__quid
2177 3969 2581 4052 prius,_s_ensu's
2611 3991 2684 4052 an
2715 3969 2950 4028 litterae?
2965 3976 3021 4026 et
3050 3971 3192 4052 quid
3225 3969 3759 4052 cujus-exordium?

350 4040 565 4114 sensus
594 4056 663 4096 ex
691 4040 1031 4110 litterisfan
1066 4040 1269 4100 litterae
1301 4040 1568 4100 oriuntur
1593 4061 1662 4101 ex
1692 4046 1913 4101 sensu?
1943 4040 2064 4101 I'lli's
2091 4040 2516 4114 asserentibus,
2540 4045 2675 4114 quia
2705 4060 2914 4100 sensus
2945 4040 3336 4114 esse'tauotor
3364 4044 3534 4114 atque
3566 4040 3766 4094 inven-

347 4118 440 4194 tor
469 4113 822 4194 litterarum,
857 4115 938 4169 ait
969 4133 982 4170 :
1015 4115 1202 4187 Igitur
1232 4117 1405 4194 sicui
1437 4133 1644 4194 sensus
1677 4117 1990 4194 incolumis
2029 4122 2136 4194 est,
2170 4112 2517 4194 biclitteras
2549 4112 2665 4194 non
2695 4114 2970 4194 requirit:
3019 4113 3158 4194 Quis
3212 4112 3584 4194 pressentium
3609 4115 3768 4194 “post

343 4185 501 4240 hanc
531 4183 1001 4261 colluctationem
1033 4182 1148 4242 rion
1172 4189 1746 4261 exclamaveritpum
1782 4182 2196 4261 obstupuerint
2229 4193 2290 4261 et
2305 4189 2430 4261 ipsi
2463 4188 2563 4258 qui
2595 4189 2732 4243 victi
2763 4182 2921 4261 sunt,
2956 4189 3184 4240 tantam
3215 4182 3274 4240 in
3307 4184 3578 4254 imperito
3609 4182 3764 4238 litte-

342 4272 553 4340 rarum
584 4257 966 4340 sagacitatem
1000 4260 1181 4314 animi
1213 4260 1613 4340 admirantes?
1640 4267 1840 4340 Neque
1871 4257 2050 4340 enim,
2081 4264 2146 4314 ut
2187 4257 2527 4340 sollitudine
2550 4259 2934 4340 etamentib'us
2964 4260 3250 4325 versatus,
3302 4261 3477 4340 atque
3525 4270 3762 4340 omnem

339 4327 562 4405 ibid-em
595 4327 837 4401 exigens
869 4330 1068 4405 vitam,
1101 4331 1348 4405 agrestis
1371 4336 1427 4386 et
1451 4332 1676 4405 rigidus
1707 4327 1849 4405 erat,
1885 4333 1985 4387 sed
2007 4333 2522 4405 jucundusatque
2552 4331 2824 4386 affabilis.
2856 4329 3223 4405 Sermonem,
3253 4327 3577 4405 secundum
3611 4332 3763 4396 Apo-

340 4398 472 4475 stoli
509 4398 891 4475 praeceptum,
925 4403 1118 4458 divino
1139 4398 1449 4458 'conditum
1482 4398 1603 4458 sale
1636 4404 1985 4475 proferebat,
2009 4398 2102 4458 ita
2134 4408 2196 4458 ut
2227 4398 2448 4457 invidia
2481 4409 2722 4466 careret,
2754 4407 2811 4458 et
2841 4417 3038 4455 amore
3068 4401 3333 4454 omnium
3362 4399 3666 4475 potiretur.

411 4471 884 4547 743’lnter:ha‘.c,'
909 4475 1076 4546 quasi
1111 4491 1320 4547 parum
1354 4481 1509 4531 esset
1538 4471 2047 4544 bis—gentilitatem
2083 4476 2273 4547 fuisse
2295 4481 2654 4547 superatam,
2689 4479 2744 4529 et
2768 4474 2962 4547 tertio
3012 4477 3299 4528 venerunt
3502 4472 3573 4525 ad
3621 4485 3760 4547 eum

341 4542 1197 4628 omnis‘secularis_'prudentia:
1231 4547 1386 4628 nube
1406 4547 1622 4628 caecati,
1654 4542 1829 4628 atque
1861 4547 2150 4628 universis
2181 4542 2562 4628 philosophiae
2605 4545 2813 4628 studiis
2846 4545 3333 4628 artium,suor_um
3365 4543 3477 4628 (58)
3511 4542 3759 4628 aestima-

343 4615 508 4691 tione
530 4615 979 4691 doetissimiIHi
1010 4635 1143 4674 cum
1178 4619 1460 4675 rationem
1493 4621 1564 4691 ab
1596 4635 1662 4674 eo
1694 4615 2381 4691 eiigerenttideijquam
2411 4615 2476 4691 in
2509 4618 2734 4691 Christo
2767 4617 3072 4691 habemus,
3104 4623 3160 4670 et
3190 4617 3515 4670 niterentur
3550 4617 3760 4691 arguta

342 4685 776 4756 sophismatum
808 4690 1265 4763 interrogatione
1296 4692 1365 4746 de
1397 4690 1592 4745 divina
1623 4684 1957 4746 cruce'eum
1989 4684 2254 4763 illudere,
2291 4690 2348 4744 in
2372 4688 2670 4763 silentium
2706 4689 3017 4763 paululum
3055 4704 3190 4763 voce
3238 4702 3594 4763 compressa,
3643 4684 3758 4760 pri-

342 4773 505 4834 mum
558 4775 760 4834 eorum
812 4758 1124 4818 miseratus
1156 4779 1408 4818 errorem
1440 4767 1529 4818 est
1563 4778 1577 4817 :
1612 4763 1822 4817 deinde
1853 4779 1956 4834 per
1985 4761 2683 4834 interpretem,iquiejus
2707 4758 2889 4834 verba
2920 4759 3373 4834 diligentissime
3402 4759 3461 4811 in
3489 4758 3753 4811 Graecum

342 4827 564 4905 solebat
591 4833 916 4905 exprimere
945 4851 1297 4900 sermonem,
1331 4834 1414 4889 ita
1444 4851 1686 4890 exorsus
1717 4840 1826 4904 est,
1853 4827 2059 4888 dicens
2094 4850 2106 4888 :
2141 4827 2288 4897 Quid
2324 4827 2627 4905 pulchrius
2659 4838 2765 4902 est,
2795 4833 3004 4904 quidve
3030 4827 3360 4905 honestius,
3395 4844 3626 4883 crucem
3662 4843 3754 4905 co-

341 4900 591 4982 lere,‘_an_
620 4900 938 4982 adulteria,
969 4906 1370 4982 parricidium,
1403 4905 1489 4960 vel
1522 4900 1821 4982 incestum
1845 4905 1936 4982 his
1962 4900 2444 4982 assignareq'uos
2474 4905 2675 4982 colitis
2714 4900 2900 4982 {cum
2934 4902 3205 4982 insltero
3255 4903 3332 4982 sit
3381 4903 3753 4982 contemptus

342 4971 810 5050 mortis,insigne
833 4970 1150 5044 virtutum;
1185 4980 1243 5033 in
1277 4970 1457 5050 altero
1489 4979 1678 5050 turpis
1710 4970 2330 5050 religio,obscénitatis'
2356 4977 2634 5048 magistra
2657 4974 2680 5030 Ρ
2703 4976 2848 5050 Quid
2883 4974 3214 5050 meliusiest
3247 4971 3617 5050 dicere_,_quo_d
3651 4970 3754 5026 Dei

340 5043 599 5120 Verbum,
631 5043 877 5120 manens
910 5052 973 5103 ut
1003 5043 1225 5114 erat,ob
1257 5048 1508 5104 salutem
1542 5043 1802 5106 nostram
1819 5043 2160 5105 humanum
2195 5065 2408 5120 corpus
2439 5043 2918 5120 assumpserimit
2939 5046 3217 5120 societate
3249 5043 3751 5120 mortalitatisnos

341 5112 612 5192 eveheret
636 5117 705 5171 ad
742 5112 1422 5192 cmlum,participesque
1453 5126 1678 5177 natura:
1707 5121 1959 5177 scelestis
1989 5122 2243 5176 efﬁceret
2275 5112 2490 5188 z'an,ut
2521 5120 2632 5190 ipsi
2650 5112 3189 5192 'asseritis,_divinae
3223 5116 3435 5192 mentis
3466 5115 3749 5192 haustum

339 5186 412 5265 ad
447 5189 675 5265 terrena
702 5186 1033 5265 veneranda
1063 5186 1410 5265 submittere
1440 5193 1575 5265 (59),
1610 5198 1667 5249 et
1697 5194 1988 5265 pecudum
2021 5197 2195 5263 atque
2225 5186 2587 5265 serpentium
2619 5191 2842 5265 formis
2865 5188 3096 5265 ccelgste
3131 5203 3358 5265 nomen
3392 5186 3705 5265 inciudere
3731 5187 3754 5239 Ρ

337 5258 461 5340 Quo
493 5273 590 5340 ore
619 5258 1082 5340 Christianorum
1113 5258 1519 5321 credulitatem
1537 5258 1777 5340 aude-tis
1803 5258 2717 5340 irridere,d'icentiu'm_Christum
2748 5261 2953 5340 Filium
2973 5259 3073 5340 Dei
3096 5258 3222 5340 sine
3253 5259 3343 5314 sui
3368 5258 3752 5340 detrimento,

335 5333 395 5385 et
423 5330 668 5402 cmpisse
699 5347 830 5390 esse
859 5335 1012 5404 quod
1048 5351 1165 5391 non
1194 5340 1340 5405 erat,
1371 5341 1428 5394 et
1455 5337 1748 5396 mansisse
1773 5338 1930 5410 quod
1960 5330 2150 5394 fuerat
2185 5353 2197 5392 :
2231 5352 2364 5392 cum
2395 5335 2508 5406 ipsi
2538 5333 2798 5390 animam
2846 5334 2917 5388 de
2967 5331 3302 5388 coelestibus
3351 5330 3747 5399 detrahentes,

404 5525 516 5668 S55)
548 5530 634 5612 Ita
665 5546 809 5587 mss.
843 5535 909 5588 In
941 5530 1114 5589 editis
1133 5530 1311 5605 τούτῳ
1343 5535 1525 5592 deest.
2089 5533 2256 5605 prior
2285 5531 2477 5588 ani-ma
2505 5547 2670 5602 quam
2698 5531 2902 5598 littera,
2923 5537 2974 5608 et
2999 5530 3158 5602 prior
3184 5542 3360 5585 sermo
3389 5542 3557 5600 quam
3587 5525 3746 5592 liber,

429 5599 517 5668 56)
544 5605 634 5658 Sic
665 5604 1075 5668 manuscripti.
1109 5605 1172 5662 In
1223 5605 1396 5662 editis
1443 5606 1694 5664 habetur
1720 5605 1810 5662 καί
1850 5610 1986 5664 ante
2093 5609 2149 5660 et
2172 5606 2333 5668 prior
2359 5619 2550 5659 sensus
2579 5619 2746 5668 quam
2772 5603 2967 5668 stylus.

429 5599 517 5686 5‘6)
544 5600 634 5685 sic
665 5604 1075 5694 manuscripti.
1109 5605 1172 5662 In
1223 5599 1396 5662 editis
1443 5606 1694 5664 habetur
1720 5605 1810 5662 καί
1850 5610 1986 5664 ante
2089 5599 2149 5660 ξι
2217 5606 2333 5659 rior
2359 5599 2550 5659 sensui:
2579 5619 2746 5676 quam
2772 5599 2967 5675 stylusi

429 5689 479 5752 τοι
504 5674 856 5757 ταυτακΜοΧ
910 5675 1105 5750 ὶτερων
1167 5677 1330 5735 deest
1358 5677 1418 5733 in
1450 5679 1644 5747 editis,
1675 5681 1777 5736 sed
1809 5679 1985 5735 babe-
2187 5677 2275 5743 58)
2308 5676 2400 5731 Sic
2431 5674 2819 5758 manuscripti
2849 5679 2967 5730 rect

429 5758 523 5797 im
557 5746 834 5804 omnibus
864 5763 1008 5804 mss.
2176 5748 2281 5817 59)
2327 5748 2411 5803 Ita
2457 5746 2848 5821 manuscripti
2895 5762 2967 5804 on

434 5813 526 5876 57)
557 5815 796 5876 Tertull.
827 5821 904 5876 De
931 5821 1249 5876 testimonio
1284 5821 1512 5876 animae.
1545 5838 1672 5876 ean.
1720 5823 1792 5876 5:
1836 5821 1991 5876 Certe
2096 5835 2161 5876 su
2197 5819 2430 5876 mittere.

345 5669 479 5758 μιτᾶε
503 5669 856 5758 ταῦτακῇίοκ
910 5669 1105 5750 ἑτέρων
1167 5677 1330 5735 deest
1358 5677 1418 5733 in
1450 5679 1644 5747 editis,
1675 5681 1777 5736 sed
1809 5679 1985 5735 habe-
2167 5669 2275 5758 (§§)
2308 5676 2400 5758 S_ic
2431 5669 3022 5758 manuscripti'recte.
3054 5669 3213 5758 Editi
3235 5687 3392 5758 vero,
3423 5684 3672 5758 suarum.

339 5741 523 5821 tum;
557 5745 834 5821 gmnibus
864 5741 1008 5804 mssl
1625 5741 1639 5747 ’
2165 5741 2281 5821 (59)
2310 5748 2411 5821 ita
2457 5741 2848 5821 manuscripti
2895 5760 3121 5804 omnes.
3171 5743 3326 5802 Editi
3377 5741 3536 5814 vero,
3585 5746 3751 5814 caput

414 5813 526 5887 (57)
557 5815 796 5876 Tertull.
827 5821 904 5878 De
931 5821 1249 5880 testimonio
1284 5821 1512 5892 animae,
1545 5838 1672 5895 cap.
1720 5823 1792 5879 5:
1836 5821 1991 5880 Certe
2096 5813 2430 5878 submittere.
