4074 6346
342 400 458 459 947

344 619 645 683 Quomodo
680 620 860 690 igitur
889 619 1116 674 audetis
1149 635 1254 674 nos
1279 619 1540 686 irridere,
1582 618 1684 690 qui
1707 619 2003 673 Christum

346 708 598 764 dicimus
632 708 930 762 hominem
967 709 1180 762 factum
1216 707 1596 779 apparuisse;
1628 725 1760 762 cum
1790 725 1888 762 vos
1939 723 2006 761 ex

349 797 495 851 coelo
546 798 800 851 animam
834 796 1228 862 detrahentes,
1263 813 1388 851 eam
1422 797 1631 852 dicatis
1663 813 1910 861 errasse,
1951 801 2007 851 et

350 902 419 939 ex
449 885 729 940 cmlorum
761 883 980 939 fornice
1013 885 1315 956 delapsam
1348 902 1475 940 esse
1500 887 1559 940 in
1611 884 1868 958 corpus?
1919 888 2005 940 at-

353 990 467 1045 que
500 974 724 1028 utinam
759 974 816 1027 in
850 973 1176 1028 humanum
1213 975 1518 1041 duntaxat,
1550 981 1606 1030 et
1630 993 1743 1030 non
1774 977 1831 1028 in
1871 992 2006 1045 qua-

353 1063 647 1134 drupedes
680 1079 912 1134 quoque
943 1068 999 1118 et
1029 1063 1086 1117 in
1121 1068 1423 1134 serpentes
1455 1065 1732 1119 transiret
1780 1063 2004 1118 decide-

351 1156 579 1222 retque.
631 1151 842 1206 Nostra
893 1151 1111 1222 quippe
1145 1152 1287 1206 ﬁdes
1319 1153 1376 1206 in
1413 1152 1659 1207 salutem
1696 1152 2004 1206 hominum

350 1241 534 1296 fuisse
563 1239 778 1295 Christi
815 1241 1132 1295 adventum
1166 1241 1442 1296 afﬁrmat.
1468 1240 1582 1296 Vos
1614 1245 1810 1315 autem
1852 1257 2008 1295 erra-

351 1329 430 1384 tis
463 1345 596 1384 oum
647 1329 718 1384 de
769 1329 1120 1400 non-genita
1171 1330 1370 1384 anima
1417 1331 1589 1384 verba
1641 1329 1852 1384 facitis.
1894 1329 2008 1384 Nos

348 1417 741 1489 possibilia,et
770 1434 896 1487 quae
933 1417 988 1470 in
1025 1417 1615 1472 beneﬁcentissimam
1648 1434 1787 1490 erga
1818 1417 2007 1471 homi-

347 1522 454 1561 nes
488 1505 914 1560 Providentiam
949 1506 1184 1574 cadunt,
1230 1507 1541 1572 sentimus,
1597 1522 1733 1561 nam
1788 1506 1843 1559 id
1897 1505 2008 1558 im-

345 1594 626 1666 possibile
656 1594 770 1650 Deo
805 1611 1176 1666 nequaquam
1208 1599 1328 1661 est;
1359 1612 1459 1650 vos
1490 1595 1811 1667 imaginem
1848 1611 2009 1649 men-

346 1683 423 1738 tis
450 1682 707 1738 animam
737 1682 1005 1748 dicendo,
1036 1683 1237 1754 lapsus
1265 1683 1316 1738 ei
1348 1683 1671 1750 ascribitis,
1730 1683 2011 1738 mutatio-

347 1770 524 1842 nique
590 1771 900 1826 obnoxiam
968 1771 1337 1838 fabulamini,
1407 1774 1722 1844 ipsamque
1773 1773 2012 1827 demum

351 1865 609 1916 mentem
659 1867 895 1933 propter
945 1861 1231 1926 animam,
1285 1861 1633 1916 mutabilem
1704 1860 2009 1915 inducitis.

349 1949 547 2018 Qualis
581 1951 736 2006 enim
769 1951 983 2023 imago,
1003 1951 1138 2007 talis
1170 1953 1246 2008 sit
1277 1957 1503 2024 Oportet
1534 1953 1583 2007 is
1610 1952 1783 2023 cujus
1814 1951 2008 2020 imago

348 2046 460 2096 est.
489 2041 630 2097 Cum
667 2057 836 2113 porro
868 2041 939 2095 de
971 2046 1164 2097 mente
1195 2041 1334 2097 talia
1379 2041 1756 2112 existimatis,
1805 2041 2009 2096 adver-

351 2129 456 2185 tite
486 2145 586 2184 vos
617 2129 678 2185 in
706 2128 919 2185 mentis
951 2133 1185 2186 Patrem
1221 2129 1649 2202 blasphemare.

419 2395 511 2450 75.
546 2394 790 2450 Crucem
821 2411 953 2452 vero
984 2397 1139 2467 quod
1173 2400 1419 2469 spectat,
1446 2397 1586 2468 quid
1621 2395 2014 2468 praestabilius

357 2483 644 2554 dixeritis,
680 2485 1083 2555 improborum
1133 2485 1442 2541 hominum
1496 2485 1728 2540 insidiis
1781 2501 2016 2540 crucem

363 2571 635 2641 tolerare,
686 2579 742 2628 et
791 2572 1199 2645 qualecunque
1235 2575 1440 2629 mortis
1472 2589 1658 2646 genus
1689 2591 1802 2629 non
1836 2575 2014 2628 refor-

364 2661 622 2728 midare;
657 2678 727 2716 an
761 2677 985 2716 errores
1015 2662 1258 2717 Osiridis
1286 2667 1341 2717 et
1375 2663 1567 2728 lsidis,
1619 2662 1866 2716 insidias
1908 2662 2017 2733 Ty-

364 2749 600 2822 phonis,
632 2750 867 2804 Saturni
901 2751 1120 2821 fugam,
1156 2749 1471 2806 liberorum
1515 2751 1917 2806 devorationes
1965 2754 2021 2804 et

369 2839 684 2911 parricidia
716 2838 977 2895 fabulose
1009 2856 1246 2894 narrare
1266 2840 1292 2893 ?
1316 2843 1444 2894 Haec
1475 2841 1691 2911 quippe
1714 2844 1905 2895 vestra
1933 2844 2023 2894 est

372 2929 680 3002 sapientia.
713 2933 825 2986 Cur
860 2945 989 2984 vero
1022 2928 1077 2983 in
1112 2946 1340 2985 crucem
1373 2931 1815 2999 cachinnantes,
1867 2930 2013 2984 681

371 3018 860 3074 resurrectionem
896 3035 1007 3072 non
1045 3017 1480 3082 miramini?Qui
1513 3018 1666 3073 enim
1703 3018 1852 3072 hanc
1876 3035 2020 3083 rem,

368 3106 430 3161 hi
468 3107 596 3176 ,ipsi
645 3105 804 3162 illam
851 3106 1271 3178 conscripsere.
1326 3111 1439 3161 Aut
1486 3124 1590 3161 cur
1639 3108 1788 3161 facta
1834 3106 2024 3162 crucis

375 3195 691 3265 mentione,
724 3195 1039 3250 siiscitatos
1071 3200 1332 3250 mortuos
1362 3195 1570 3263 siletis,
1596 3212 1817 3250 necnon
1846 3212 2024 3250 CtBCOS

879 398 942 458 S.
989 398 1415 459 ATHANASlI
1461 399 1634 459 OPP.
1681 399 1880 459 PARS
1927 399 1976 457 l.
2012 429 2089 441 —
2117 399 2534 460 HISTORICA
2581 400 2680 460 ET
2728 399 3210 461 DOGMATICA.

346 530 513 586 lere?
538 533 616 586 Ea
649 530 804 586 enim
836 535 1095 586 vestrum
1128 530 1482 601 sapientium
1536 535 1674 585 sunt
1726 530 1993 585 numina.

2130 525 2432 602 τετράποδα,
2487 529 2575 583 καὶ

3650 401 3770 461 948

2669 530 2885 600 ἑρπετὰ,
2965 528 3057 583 καὶ
3134 527 3435 604 ἀνθρώπων
3509 526 3766 591 εἷ’κόναςὶ

2113 618 2292 671 Ταῦτα
2350 617 2452 692 γὰρ
2517 619 2666 690 ὑμῶν
2730 619 2837 672 ἐστι
2894 623 2998 672 τῶν
3061 639 3239 695 σοφῶν
3309 619 3377 671 τὰ
3433 612 3767 690 σεϐάσματα.

2117 708 2224 776 (60)
2277 706 2402 767 Πῶς
2447 704 2504 760 δὶ
2551 706 2842 776 χλευάζειν
2885 707 3127 779 τολμᾶτε
3171 710 3340 779 ἡμᾶς,
3392 705 3647 781 λέγοντας
3675 709 3769 761 τὸν

2116 795 2346 868 Χριστὸν
2403 797 2685 872 ἄνθρωπον
2744 799 3153 871 πεφανερῶσθαι
3200 814 3212 826 ⁸
3275 796 3412 851 ὅπου
3469 817 3528 871 γε
3583 797 3762 868 ὑμεῖς,

2116 881 2179 956 bl»
2209 888 2304 937 τοῦ
2336 883 2568 958 οὐρανοῦ
2599 888 2712 958 (61)
2759 887 2858 953 τὴν
2908 887 3095 960 ψυχὴν
3143 885 3494 960 χωρίζοντες,
3540 886 3772 962 φάσκετε

2114 971 2490 1042 πεπλανῆσθαι
2530 975 2696 1042 αὐτὴν
2755 975 2844 1028 καὶ
2902 976 3239 1028 πεπτωκέναι
3289 974 3395 1028 ἀπὸ
3443 977 3544 1043 τῆς
3575 972 3774 1046 ἀψίδος

2113 1066 2218 1116 τῶν
2253 1062 2493 1137 οὐρανῶν
2527 1063 2604 1124 εἶς
2632 1068 2789 1136 σῶμα
2824 1083 2836 1095 ·
2882 1063 2970 1117 καὶ
3022 1059 3132 1126 εἷ’θε
3183 1063 3258 1124 εἰς
3303 1061 3640 1137 ἀνθρώπινον
3679 1062 3776 1135 μό-

2115 1171 2228 1220 νον,
2273 1151 2362 1204 καὶ
2418 1153 2493 1223 μὴ
2554 1151 2627 1214 εἷς
2685 1149 2988 1227 τετράποδα
3031 1152 3120 1206 καὶ
3171 1151 3367 1226 ἑρπετὰ
3434 1145 3772 1223 μεταϐαίνειν

2115 1241 2203 1293 καὶ
2267 1241 2633 1310 μεταπίπτειν.
2696 1242 2759 1297 Ἠ
2831 1241 2924 1314 μὲν
2984 1240 3083 1316 γὰρ
3157 1239 3394 1315 ἡμετέρα
3450 1241 3630 1300 πίστις
3687 1237 3775 1293 ἐπὶ

2118 1327 2359 1398 σωτηρίᾳ
2388 1333 2494 1382 τῶν
2540 1329 2841 1403 ἀνθρώπων
2891 1330 2988 1397 τὴν
3050 1333 3145 1382 τοῦ
3193 1330 3427 1403 Χριστοῦ
3478 1327 3774 1404 παρουσίαν

2120 1415 2260 1490 λεγει
2297 1436 2309 1448 ·
2347 1417 2499 1488 ὑμεῖς
2532 1414 2589 1471 δὲ
2618 1416 2913 1488 πλανᾶσθε,
2956 1416 3038 1472 ὅτι
3089 1416 3211 1491 περὶ
3261 1418 3556 1493 ἆγεννήτου
3586 1420 3775 1491 ψυχῆς

2119 1504 2413 1578 ἐξηγεῖσθε.
2449 1507 2547 1560 Καὶ
2596 1510 2759 1580 ἡμεῖς
2809 1508 2904 1580 μὶν
2953 1509 3014 1560 τὸ
3059 1503 3282 1561 δυνατὸν
3323 1505 3414 1560 καί
3463 1505 3776 1584 φιλάνθρω-

2120 1615 2220 1648 πον
2253 1601 2352 1663 τῆς
2388 1595 2652 1669 Προτοίας
2706 1600 3034 1672 φρονοῦμεν,
3067 1594 3148 1650 ὅτι
3199 1595 3288 1649 καὶ
3317 1599 3480 1649 τοῦτο
3513 1594 3612 1649 οὐκ
3640 1591 3780 1648 ἀδύ-

2119 1703 2276 1736 νατον
2311 1683 2375 1751 ἧν
2407 1688 2488 1755 τῷ
2517 1688 2633 1755 Θεῷ
2668 1701 2681 1715 ⁸
2720 1685 2873 1757 ὑμεῖς
2907 1682 2983 1754 δί,
3009 1684 3192 1739 εἰκόνα
3211 1687 3308 1738 τοῦ
3334 1688 3425 1738 νοῦ
3458 1684 3556 1751 τὴν
3587 1684 3774 1759 ψυχὴν

2123 1770 2388 1845 λέγοντες,
2459 1773 2727 1844 πτώματα
2783 1773 3120 1844 προσάπτετε
3179 1772 3336 1840 αὐτῇ,
3394 1772 3483 1826 καὶ
3539 1774 3778 1847 τρεπτὴν

2122 1861 2293 1928 αὐτὴν
2331 1858 2691 1934 μυθολογεῖτι
2725 1879 2739 1893 ⁶
2788 1862 2878 1915 καὶ
2931 1861 3122 1916 λοιπὸν
3173 1861 3261 1915 καὶ
3316 1859 3475 1915 αὐτὸν
3531 1862 3624 1916 τὸν
3655 1865 3783 1915 νοῦν

2122 1946 2210 2002 διὰ
2251 1950 2349 2015 τὴν
2398 1950 2582 2024 ψυχὴν
2640 1950 2869 2025 τρεπτὸν
2926 1950 3183 2024 εἶσάγετε.
3234 1951 3435 2007 Ὁποια
3490 1950 3590 2025 γὰρ
3641 1950 3709 2018 ἦν
3743 1952 3779 2018 ἡ

2119 2037 2300 2109 εἷ’κὼν,
2341 2043 2588 2093 τοιοῦτον
2639 2039 2842 2114 ἀνάγκη
2889 2039 3136 2094 κάκεῖνον
3180 2037 3333 2110 εἶναι,
3363 2039 3424 2092 οὗ
3457 2037 3599 2093 ἐστιν
3633 2040 3668 2106 ἡ
3707 2037 3787 2093 εἷ-

2118 2128 2250 2182 κών.
2281 2129 2397 2184 ’¹Οτ’
2453 2126 2513 2181 ἃν
2555 2125 2613 2183 δὲ
2660 2127 2783 2202 περὶ
2830 2132 2927 2182 τοῦ
2982 2131 3078 2182 νοῦ
3124 2131 3351 2182 τοιαῦτα
3393 2127 3662 2200 νομίζετε,
3699 2126 3785 2180 ἐν·

2121 2220 2397 2288 θυμεῖσθε,
2455 2215 2537 2271 ὅτι
2594 2217 2684 2272 καὶ
2743 2216 2817 2278 είς
2889 2215 3047 2271 αὐτὸν
3116 2216 3208 2270 τὸν
3262 2217 3474 2292 Πατέρα
3531 2220 3627 2271 τοῦ
3683 2219 3784 2270 νοῦ

2123 2300 2338 2382 ϐλασφη
2353 2310 2522 2377 μεῖτε.

2194 2396 2283 2450 75.
2319 2394 2444 2469 Περὶ
2496 2392 2553 2448 δὲ
2608 2399 2705 2449 τοῦ
2761 2398 2991 2469 σταυροῦ
3047 2393 3100 2448 τί
3156 2392 3372 2470 βέλτιον
3427 2393 3490 2448 ἃν
3548 2392 3780 2462 εἴποιτε,

2126 2477 2424 2551 ἐπιϐουλῆς
2508 2482 2847 2559 ἐπειγομένης
2931 2484 3076 2559 παρᾶ
3157 2487 3410 2558 πονηρῶν
3489 2483 3784 2556 ὑπομὶνειν

2126 2572 2373 2646 σταυρὸν.
2409 2572 2608 2644 καὶμὴ
2665 2575 2922 2643 πτήσσειν
2968 2574 3058 2627 τὸν
3107 2572 3256 2634 ὅπως
3313 2571 3516 2642 δήποτε
3546 2571 3773 2626 Θάνατον

2128 2660 2506 2733 ἐπαγόμενον·
2660 2660 2867 2722 πλάνας
2924 2657 3201 2737 Ὀσίριδος
3259 2661 3346 2715 καὶ
3407 2657 3627 2728 Ἴσιδος,
3683 2659 3774 2715 καὶ

2129 2748 2427 2823 ἐπιβουλὰς
2473 2754 2746 2826 Τυφῶνος,
2803 2750 2892 2804 καὶ
2942 2751 3148 2824 Κρόνου
3207 2750 3400 2827 φυγήν,
3442 2750 3533 2803 καὶ
3578 2750 3785 2804 τέκνων

2129 2838 2489 2905 καταπόσεις,
2543 2838 2631 2892 καὶ
2696 2838 3088 2914 πατροκτονίας
3161 2836 3528 2914 μυθολογεῖνς
3613 2842 3793 2892 Ταῦτα

2130 2928 2233 3001 γὰρ
2297 2929 2447 2998 ὑμῶν
2495 2926 2605 2981 ἐστι
2651 2929 2718 2982 τὰ
2775 2926 2932 3004 σοφά.
2997 2931 3120 2988 Πῶς
3173 2923 3252 2994 δὲ,
3310 2925 3670 3002 χλευάζοντες
3700 2927 3794 2981 τὸν

2136 3017 2384 3088 σταυρὸν,
2421 3015 2481 3069 οὐ
2542 3015 2839 3089 Θαυμάζετε
2886 3018 2984 3085 τήν
3031 3016 3314 3070 ἀνάστασιν
3351 3035 3364 3085 ;
3397 3017 3463 3072 Οἱ
3493 3016 3593 3089 γὰρ
3623 3020 3788 3070 τοῦτο

2134 3103 2376 3168 εἰπόντες
2405 3104 2621 3160 κάκεῖνο
2682 3099 2938 3179 ἔγραψαν.
2995 3107 3065 3161 Ἦ
3125 3102 3311 3171 διὰτί,
3351 3105 3786 3176 μνημονεύοντες

2131 3199 2228 3248 τοῦ
2295 3199 2547 3269 στα·)ροῦ,
2602 3199 2839 3248 σιωπᾶτε
2887 3191 3008 3269 περῖ
3056 3198 3162 3248 τῶν
3212 3191 3532 3268 ἑγερθέντων
3571 3197 3774 3268 νεκρῶν

370 3283 564 3339 visum
597 3289 960 3351 consecutos,
1003 3289 1238 3338 sanatos
1287 3284 1657 3355 paralyticos,
1709 3285 2018 3339 mundatos

2140 3282 2228 3337 καὶ
2284 3288 2389 3337 τῶν
2436 3277 2853 3356 ἀναϐλεψάντων
2924 3282 3168 3360 τυφλῶν,
3245 3282 3484 3336 καὶτῶν
3541 3282 3798 3355 Θεραπευ-

376 3372 662 3443 leprosos,
715 3372 1014 3428 incessum
1063 3389 1243 3444 supra
1293 3389 1473 3441 mare,
1521 3371 1751 3444 aliaque
1780 3371 1949 3444 signa
1979 3386 2018 3429 e‘

2144 3372 2338 3426 Θιντων
2390 3369 2798 3447 παραλυτικῶν,
2847 3375 2956 3426 τῶν
3010 3392 3068 3426 τε
3116 3370 3544 3447 ωθαρισθὲντων
3577 3368 3795 3425 λεποῶν

1775 3506 2036 3562 VERSIO
2077 3506 2391 3564 EVAGRII.

384 3637 502 3677 non
534 3624 758 3694 tantum
795 3621 1099 3676 hominum
1132 3623 1232 3678 sed
1266 3625 1322 3676 et
1353 3621 1712 3694 serpentium
1737 3626 1795 3676 et
1816 3623 2104 3692 pecudum
2139 3621 2376 3677 soleatis
2408 3622 2596 3693 sepire
2615 3623 2726 3694 (62)
2745 3620 3451 3694 corporibus?Cbristiana
3479 3618 3799 3694 credulitas

389 3711 492 3766 pro
523 3693 713 3766 salute
745 3694 950 3766 mundi
990 3695 1169 3748 Deum
1204 3710 1379 3748 suum
1413 3693 1646 3766 venisse
1666 3698 1916 3749 testatur
1950 3712 1961 3749 :
1996 3711 2095 3750 vos
2124 3709 2258 3766 vero
2289 3695 2551 3766 innatam
2585 3693 3280 3764 animam’prmdicantes,
3332 3693 3484 3766 ultro
3531 3693 3799 3766 citroque

388 3763 753 3838 transfertis.
777 3765 1102 3820 Christiana
1135 3766 1299 3831 tides,
1333 3782 1459 3838 quae
1491 3765 1979 3838 omnipotentiam
2011 3765 2113 3822 Dei
2142 3764 2632 3838 clementiamque
2658 3763 3419 3838 veneratur,consequenter
3446 3763 3802 3838 incarnatio-

390 3854 524 3892 nem
558 3837 700 3892 dicit
731 3837 909 3892 fuisse
943 3838 1302 3908 possibilem,
1335 3837 1418 3891 ita
1449 3836 1674 3903 tamen,
1703 3845 1765 3891 ut
1795 3855 1909 3892 non
1954 3837 2317 3893 evacuaverit
2364 3836 2625 3909 dignatio
2675 3838 3016 3909 dignitatem
3071 3853 3085 3891 :
3135 3853 3232 3891 vos
3285 3836 3387 3909 qui
3425 3836 3686 3891 animam
3730 3851 3800 3890 ex

389 3910 865 3980 splendidissimo
901 3907 992 3964 Dei
1028 3911 1183 3963 fonte
1216 3914 1551 3964 manantem
1585 3910 1832 3981 turpiter
1857 3910 2147 3964 decidisse
2168 3907 2563 3980 jactatis,'qui
2596 3907 2940 3964 mutabilem
2962 3913 3020 3981 et
3047 3907 3487 3981 convertibilem
3513 3923 3640 3962 eam
3668 3911 3803 3977 post

390 3979 481 4037 sui
515 3981 967 4035 diminutianem
1001 3981 1231 4035 audetis
1261 3997 1541 4044 asserere,
1567 3979 1700 4047 jam'
1722 3981 1880 4034 illam
1914 3997 2147 4052 quoque
2181 3979 2787 4049 naturam,dominam
2821 3979 3190 4052 saeculorum,
3223 3995 3326 4050 per
3355 3979 3562 4052 animae
3593 3982 3802 4032 contu-

389 4052 593 4108 melias
626 4052 809 4123 impia
839 4053 1038 4116 lingua
1068 4054 1365 4106 temeratis
1400 4070 1411 4107 :
1450 4055 1640 4123 imago
1665 4051 1974 4123 enim,un
2009 4051 2335 4107 secundum
2369 4069 2466 4106 vos
2498 4052 2823 4108 naturalem
2857 4051 3304 4123 similitudinem
3339 4051 3430 4106 sui
3461 4051 3674 4104 retinet
3702 4066 3803 4104 au-

388 4124 685 4190 ctoris,cui
717 4122 835 4196 una
867 4131 954 4178 est
984 4140 1052 4179 ex
1083 4124 1435 4196 quodefluit
1463 4122 1927 4195 (63‘feademque
1959 4123 2679 4196 substantia,humilitates
2710 4125 2978 4196 proprias
3007 4128 3065 4179 et
3093 4122 3340 4193 injurias
3363 4127 3802 4196 consequenter

386 4197 458 4250 ad
486 4212 655 4251 suam
689 4195 970 4268 originem
1007 4193 2343 4268 remittit.igituranimadvertite,contumelias
2375 4193 3062 4268 animorum,ad'patrem
3095 4201 3182 4264 (ut
3211 4193 3542 4266 appellatis)
3570 4209 3802 4262 earum,

391 4283 492 4338 per
521 4272 774 4322 vestram
810 4266 1234 4338 blaSphemiam
1268 4267 1610 4321 redundare.

457 4339 547 4392 75.
581 4341 729 4394 Crux
761 4332 974 4393 Christi
1003 4339 1234 4393 Domini
1273 4339 1366 4392 Dei
1402 4339 1582 4393 nostri
1635 4338 1728 4392 hic
1777 4336 1946 4391 nobis
1992 4337 2299 4409 ingeritur.
2351 4337 2535 4409 Rogo,
2586 4354 2711 4409 qua:
2761 4338 2883 4393 haec
2931 4341 3020 4393 est
3072 4333 3374 4409 religionis
3419 4332 3805 4409 obscenitas?

389 4424 580 4463 nonne
612 4409 805 4480 potius
830 4416 920 4465 est
951 4427 1180 4465 crucem
1214 4415 1313 4465 aut
1346 4409 1595 4480 alicujus
1627 4409 1854 4479 generis
1880 4406 2150 4474 mortem,
2184 4406 2495 4481 abiniquis
2529 4406 2868 4465 hominibus
2897 4409 3118 4481 illatam
3155 4406 3442 4481 patienter
3470 4406 3802 4481 sustinere,

388 4497 566 4551 quam
604 4476 770 4553 l—sidis
801 4481 1072 4552 plangere
1105 4489 1233 4549 post
1265 4482 1474 4535 Osirim
1497 4476 1682 4552 vagos
1715 4481 2080 4553 incertosque
2112 4476 2455 4536 discursus?
2489 4481 2932 4553 Pudeat,qu:eso
2963 4476 3442 4553 vos,insidia_rum
3467 4476 3801 4553 Typhonis:

391 4549 606 4624 pudeat
634 4549 869 4607 Saturni
901 4549 1043 4624 fuga:
1073 4558 1128 4607 et
1161 4554 1547 4608 devorationis
1578 4549 2023 4607 creduliissimae
2062 4549 3160 4624 liberorumErubescite—parricidium
3190 4551 3346 4606 Jovis
3377 4557 3434 4605 et
3465 4549 3796 4624 incestum:

389 4619 714 4706 erubescit;
748 4619 1131 4706 raptumejus
1157 4631 1212 4705 et
1243 4625 1455 4680 coitum
1492 4624 1802 4678 mulierum
1832 4630 2006 4704 atque
2039 4641 2374 4695 puerorum.
2413 4624 2720 4706 llle,_sicut
2749 4619 2925 4680 vestri
2956 4624 3187 4694 fingunt
3219 4627 3421 4748 ploetaa,
3448 4623 3515 4703 ad
3567 4619 3805 4702 eXplen-

390 4696 532 4748 dum
566 4712 1006 4748 immanissima:
1035 4697 1295 4748 libidinis
1328 4698 1603 4748 furorem-
1639 4694 1842 4748 molles
1872 4696 2032 4748 dedit
2054 4699 2112 4748 in
2146 4713 2404 4748 amorem
2437 4702 2668 4748 vagitu
2702 4714 2714 4748 :
2749 4696 2845 4748 ille
2877 4696 2935 4748 in
2967 4696 3193 4748 Danaes
3269 4700 3391 4748 uXit
3441 4709 3632 4748 Sinus.
3678 4708 3803 4748 ipse

390 4696 532 4750 dum
566 4693 1006 4750 immanissimas
1033 4693 1295 4768 libidinis
1328 4698 1604 4763 furorem,
1639 4694 1842 4750 molles
1872 4693 2112 4750 dedit'in
2146 4713 2404 4752 amorem
2437 4696 2668 4768 vagitus
2702 4714 2714 4751 :
2749 4696 2845 4751 ille
2877 4696 2935 4751 in
2967 4693 3193 4751 Danaes
3225 4693 3391 4768 fluxit
3441 4694 3632 4758 sinus,
3678 4693 3803 4764 ipse

390 4771 618 4840 amator
646 4774 702 4822 et
733 4768 984 4839 pretium
1022 4785 1033 4821 :
1075 4767 1170 4822 ille
1204 4768 1538 4840 modulatus
1571 4768 1950 4840 alesiLeda‘os
1983 4769 2256 4840 expetivit
2285 4764 2591 4840 amplexus
2626 4785 2639 4825 :
2671 4768 2768 4822 ille
2799 4768 2856 4822 in
2882 4767 3182 4840 proprium
3217 4764 3458 4821 saeviens
3488 4780 3808 4830 sexum,re-

388 4838 562 4911 gium
586 4838 832 4911 puerum
868 4840 1152 4894 ministris
1185 4840 1388 4894 avibus
1421 4839 1646 4909 polluit.
1683 4839 1833 4911 Hinc,
1862 4856 1962 4894 vos
1994 4839 2251 4901 creditis,
2293 4838 2415 4895 haec
2467 4839 2680 4903 colitis,
2728 4839 2849 4895 hmc
2883 4838 3034 4895 sunt
3075 4842 3410 4911 vestrorum
3455 4840 3804 4911 ornamenta

391 4907 767 4982 templorum.
800 4912 1003 4982 IEquo,
1038 4912 1334 4982 deprecor,
1366 4907 1466 4980 pro
1500 4915 1691 4965 vestra
1721 4910 1931 4977 salute,
1969 4916 2167 4966 nostra
2198 4913 2354 4968 dicta
2388 4911 2886 4982 pensatejudicio.
2917 4916 3238 4974 Cuncta,an
3267 4907 3413 4982 nihil
3445 4908 3803 4982 credendum

384 4983 442 5056 in
472 4979 638 5056 libris
668 4979 1015 5038 Christianis
1047 4979 1176 5056 est?
1204 4983 1258 5056 Si
1295 4979 1604 5056 nii:il,fgne_c
1636 4982 1824 5056 crucis
1857 4998 2110 5053 quoque,
2133 4985 2234 5056 cui
2269 4979 2600 5056 detrahitis,
2633 4979 2843 5056 nomen
2878 4982 3215 5056 agnoscitis.
3261 4979 3320 5036 Si
3360 4980 3630 5056 universa
3680 4995 3807 5056 cre-

384 5055 576 5109 denda
602 5061 759 5125 sunt,
793 5071 917 5122 cur,
945 5071 1080 5111 cum
1111 5055 1170 5109 in
1205 5053 1414 5110 iisdem
1447 5054 1617 5109 libris
1645 5053 1803 5110 cruci
1835 5050 2182 5111 resurrectio
2212 5055 2544 5127 capuletur,
2576 5050 3218 5128 passionem'divinam
3268 5050 3482 5108 stolido
3529 5050 3805 5107 laceratis

2155 5233 2214 5286 ὲκ
2243 5237 2340 5286 τοῦ
2371 5235 2534 5287 οὐνοῦ
2585 5235 2880 5300 scribitur,
2931 5236 3086 5290 unde
3137 5229 3308 5289 facile
3356 5232 3576 5286 factum
3607 5236 3715 5298 est,
3751 5227 3809 5283 ἐκ

2151 5308 2248 5358 τοῦ
2279 5309 2395 5358 νοῦ.
2430 5310 2556 5362 Mox
2586 5324 2788 5363 omnes
2819 5307 2978 5375 editi,
3013 5304 3304 5377 ὁρίζοντες,
3343 5309 3551 5375 pra-ter
3581 5302 3720 5377 Reg.
3753 5304 3807 5367 1,

2155 5378 2389 5452 optima:
2423 5385 2592 5452 notis,
2628 5380 2729 5450 qui
2760 5378 2934 5435 habet
2976 5376 3329 5452 χωρίζοντες,
3381 5379 3437 5431 et
3478 5391 3609 5430 cum
3662 5376 3805 5430 Eva-

2155 5449 2276 5520 grio
2308 5450 2620 5506 consentit.

2227 5521 2339 5646 (612)
2384 5521 2475 5577 Sic
2531 5537 2738 5578 omnes
2785 5539 2935 5595 pene
2983 5517 3391 5591 manuscripti.
3449 5517 3602 5574 Editi
3649 5533 3805 5584 vero,

2227 5608 2274 5646 ›ε
2301 5607 2399 5646 ire.

2152 5607 2399 5661 sepelire.

2229 5665 2339 5737 ((53)
2368 5663 2458 5720 Sic
2493 5665 2898 5739 manuscripti,
2931 5667 3184 5738 deﬂuxit.

463 5233 571 5303 (60)
604 5234 733 5290 Haec
769 5235 940 5290 verba
973 5235 1265 5291 habentur
1298 5235 1354 5288 in
1407 5233 1678 5289 Oratione
1725 5233 2046 5290 Jiisliniani

393 5304 460 5359 ad
497 5309 784 5372 Mennam,
849 5315 1002 5361 lomo
1053 5307 1258 5377 quinto
1302 5307 1632 5369 Concilior.)
1667 5323 1722 5375 p.
1759 5307 1884 5376 652,
1917 5322 2044 5377 quin

390 5377 750 5435 contulimus
782 5395 915 5433 cum
954 5379 1066 5434 his.
1102 5379 1298 5451 ,Paulo
1353 5385 1499 5451 post,
1530 5378 1776 5433 Colbert.
1810 5379 1864 5444 2,
1895 5395 2042 5451 γεγε-

391 5454 581 5526 νῆσθαι
632 5450 1204 5526 καὶρπε-φανερῶσβαι.
1251 5452 1316 5505 In
1353 5448 1559 5518 “editis,
1610 5448 2042 5526 πεφανερῶσθαι,

392 5521 608 5590 solum,
643 5520 882 5579 omissis
913 5520 1156 5578 castoris.

467 5589 976 5663 (tillColbertinus
1006 5595 1300 5651 secundus
1333 5594 1514 5661 solus,
1570 5591 1627 5646 ἐκ
1663 5595 1758 5645 τοῦ
1791 5589 2041 5665 οὐρανοῦ,

398 5671 814 5739 qu_em_t_amen
862 5667 1189 5739 sequimur,
1247 5667 1386 5736 quia
1430 5671 1712 5739 consonat
1742 5668 2045 5739 cu_r_n_l£va-

397 5734 543 5807 grio.
579 5735 727 5793 Editi
757 5743 815 5794 et
844 5734 964 5809 alii,
999 5736 1056 5791 ἐκ
1082 5741 1178 5792 τοῦ
1206 5734 1317 5793 vol}.
1353 5739 1418 5794 In
1462 5737 1676 5794 Graecis
1723 5735 2046 5803 codicibus,
