4074 6338
296 391 412 449 949

1656 381 1840 440 VlTA
1886 381 1949 441 S.
1996 384 2343 446 ΑΝΤΟΝΙΙ.

3583 392 3702 451 950

291 519 381 575 καὶ
410 523 510 587 τῆς
542 515 629 571 ἰπὶ
658 515 758 584 τὴν
791 512 1058 568 θάλασσαν
1091 512 1443 587 πεζοπορίας,
1483 514 1592 565 τῶν
1640 531 1696 565 τε
1744 507 1930 565 ἄλλων

2066 516 2344 588 prodigia,
2380 535 2506 590 quae
2536 520 2832 576 Christum
2861 536 2978 574 non
3009 520 3307 576 hominem
3337 523 3698 588 tantum,sed

293 606 536 682 σημείων
602 604 693 659 καὶ
768 601 1085 679 τεραστίων,
1160 602 1292 676 ἅπερ
1367 599 1547 655 οὐκέτι
1625 597 1934 676 ἄνθρωπον,

292 696 438 754 ἀλλά
469 697 595 752 Θεὸν
631 692 865 749 δείκνυσι
918 691 1008 746 τόν
1068 692 1332 767 Χριστόνς
1387 691 1530 744 Πάνυ
1588 711 1680 762 μοι
1731 687 1939 744 δοκεῖτε

293 785 498 841 ἀδικεῖν
529 782 769 853 ἑαυτοὺς,
819 783 908 836 καὶ
964 781 1040 854 μὴ
1090 780 1325 854 γνησίως
1357 777 1770 853 ἐντετυχηκέναι
1817 783 1936 840 ταῖς

296 880 538 952 Γραφαῖς
594 875 779 946 ἡμῶν.
831 869 982 928 Ἀλλ’
1038 868 1388 945 ἐντυγχάνετε
1439 869 1532 942 μὶν
1592 869 1784 941 ὑμεῖς,
1849 867 1938 922 καὶ

298 963 566 1040 βλέπετε,
616 961 700 1018 ὅτι
757 961 790 1016 ἃ
836 959 1128 1030 πεποίηκεν
1190 960 1217 1013 6
1271 959 1502 1034 Χριστὸς
1541 1002 1554 1027 ,
1605 960 1732 1012 Θεὸν
1778 958 1938 1012 αὐτὸν

295 1051 762 1125 ἀποδεικνύουσιν,
813 1046 1229 1123 ἐπιδημήσαντα
1276 1048 1360 1104 ἐπὶ
1412 1047 1659 1124 σωτηρίᾳ
1698 1051 1806 1102 τῶν
1856 1046 1942 1101 ἀν-

296 1144 553 1220 θρώπων.

363 1235 456 1304 ⁵76,
490 1229 688 1286 Εἴπατε
720 1228 777 1285 δὲ
805 1231 895 1286 καὶ
931 1232 1084 1303 ὑμεῖς
1113 1231 1248 1301 ἡμῖν
1280 1227 1348 1282 τὰ
1379 1224 1628 1300 ὑμετερά.
1669 1224 1734 1282 Τί
1787 1222 1833 1278 δ’
1879 1226 1938 1278 ἂν

297 1319 503 1376 εἴποιτε
531 1319 654 1397 περὶ
685 1329 790 1374 των
824 1319 1057 1396 ἀλόγων,
1109 1318 1144 1387 ἢ
1195 1316 1420 1393 ἀλογίαν
1469 1316 1557 1370 καὶ
1609 1313 1938 1390 ἀγριότητα;

296 1409 419 1465 Ἐὰν
453 1407 531 1480 δὲ,
566 1411 639 1471 ὡς
687 1409 890 1479 ἀκούω,
943 1408 1212 1479 θελήσητε
1262 1404 1442 1481 λέγειν
1505 1408 1746 1478 μυθικῶς
1797 1403 1944 1478 λέγε-

297 1501 416 1554 σθαι
445 1503 611 1554 ταῦτα
641 1499 766 1574 παρ’
802 1500 950 1571 ὑμῖν·
984 1497 1075 1552 καὶ
1104 1495 1472 1570 ἀλληγορεῖτε
1522 1497 1628 1566 (64)
1689 1493 1936 1568 ἁρπαγὴν

297 1589 486 1664 Κόρης
514 1588 591 1651 εἰς
638 1589 736 1658 τὴν
782 1595 907 1663 γῆν,
958 1587 1046 1642 καὶ
1090 1585 1381 1664 Ἡφαίστου
1434 1582 1734 1659 χωλότητα
1775 1582 1850 1644 εἷς
1880 1581 1943 1636 τὸ

299 1682 430 1752 πῦρ,
463 1679 552 1732 καὶ
580 1679 752 1752 ’Ἥραν
787 1677 861 1739 εἰς
889 1678 980 1732 τὸν
1016 1676 1166 1749 ἀέρα,
1197 1675 1286 1728 καὶ
1337 1671 1668 1727 Ἀπόλλωνα
1719 1670 1793 1732 εἷς
1848 1671 1943 1724 τὸν

299 1764 487 1835 ἥλιον,
519 1766 608 1820 καὶ
639 1771 901 1838 ’Ἄρτεμιν
939 1765 1031 1838 μὶν
1064 1763 1140 1826 εἷς
1169 1763 1266 1831 τὴν
1320 1759 1574 1832 σελήνην,
1607 1761 1697 1814 τὸν
1750 1756 1806 1813 δὲ
1841 1762 1944 1815 llo-

301 1851 529 1909 σειδῶνα
560 1854 636 1916 εἷς
668 1855 764 1923 τὴν
799 1853 1090 1918 θάλασσαν’
1127 1848 1278 1906 οὐδὲν
1312 1851 1474 1920 ἧττον
1507 1851 1666 1904 αὐτὸν
1721 1847 1782 1902 οὐ
1814 1849 1942 1903 Θεὸν
1977 1883 2023 1946 Β

305 1938 539 2015 σέϐεσθε,
573 1941 718 1998 ἀλλά
746 1942 813 2017 τῇ
858 1942 1025 1997 κτίσει
1060 1937 1345 2016 λατρεόετε
1372 1941 1518 2015 παρὰ
1545 1939 1636 1993 τὸν
1660 1937 1725 1992 τὰ
1776 1936 1949 1991 πάντα

303 2032 558 2087 κτίσαντα
587 2027 737 2088 Θεὸν.
771 2031 835 2089 Εἰ
893 2032 1016 2108 γάρ,
1071 2031 1153 2086 δτι
1210 2027 1354 2098 καλὴ
1405 2032 1440 2098 ἡ
1489 2029 1684 2097 κτίσις,
1725 2030 1948 2082 τοιαῦτα

306 2123 664 2193 συνεθήκατεο
725 2120 850 2176 ἀλλ’
909 2118 1014 2175 ἔδει
1076 2119 1240 2194 μέχρι
1297 2123 1394 2174 τοῦ
1453 2116 1720 2190 Θαυμάσαι
1781 2115 1944 2189 μόνον

307 2211 444 2284 ὑμᾶς
475 2209 740 2286 γενέσθαι,
789 2210 878 2265 καὶ
927 2210 1002 2284 μὴ
1052 2210 1368 2273 θεοποιῆσαι
1422 2208 1487 2260 τὰ
1519 2208 1822 2279 ποιήματον
1855 2202 1948 2258 τίνα

307 2301 384 2372 μή
410 2301 509 2369 τὴν
540 2300 637 2355 τοῦ
669 2303 1019 2374 Δημιουργοῦ
1047 2299 1214 2371 τιμὴν
1237 2302 1353 2358 τοῖς
1379 2301 1630 2372 γενητοῖς
1650 2296 1944 2371 παρέχητε·

305 2390 453 2446 Ἑπεί
484 2390 767 2462 ὥραΙὺμᾶς
791 2390 878 2444 καὶ
937 2392 1034 2443 τοῦ
1087 2386 1468 2463 ἀρχιτέκτονος
1498 2387 1596 2454 τήν
1651 2385 1816 2457 τιμὴν
1869 2383 1946 2446 εἰς

300 2479 402 2547 τὴν
451 2479 539 2533 ὑπ’
598 2476 762 2532 αὐτοῦ
806 2475 1102 2553 γενομένην
1155 2475 1325 2530 οἰκίαν
1391 2475 1723 2552 μεταφέρειν,
1784 2473 1817 2541 ἢ
1849 2474 1948 2542 τὴν

300 2570 396 2620 τοῦ
432 2571 734 2642 στρατηγοῦ
783 2566 858 2628 εἰς
911 2566 1000 2620 τὸν
1044 2565 1402 2640 στρατιώτην.
1460 2563 1527 2620 Τί
1575 2563 1756 2617 τοίνυν
1809 2563 1946 2636 πρὸς

301 2659 470 2710 ταῦτα
499 2654 706 2732 λέγετε,
731 2653 819 2709 ’ἱνα
846 2652 1140 2731 γνῶμεν,εἲ
1165 2654 1308 2738 ἄξιόν
1332 2673 1384 2706 τι
1417 2649 1628 2728 χλεύης
1659 2653 1686 2706 6
1719 2651 1945 2726 σταυρὸς

303 2746 422 2818 ὶχει
447 2787 462 2812 ,

374 2834 464 2890 77.
519 2831 769 2888 Ἐκείνων
827 2828 885 2884 δὲ
941 2827 1344 2904 διαπορούντων
1415 2828 1504 2884 καὶ
1567 2843 1947 2904 στρεφομενων

306 2915 412 2974 ὧδε
457 2918 702 2992 κάκεῖσε,
757 2915 1039 2992 μειδιάσας
1092 2919 1119 2971 ὁ
1169 2917 1454 2978 ’Δντώνιος
1505 2913 1605 2993 ἔφη
1656 2915 1820 2970 πάλιν
1879 2913 1947 2970 δι’

307 3008 587 3082 ἑρμηνέως
618 3010 750 3081 (65)’
800 3011 975 3062 Ταῦτα
1033 3007 1126 3080 μὶν
1176 3006 1263 3060 καὶ
1311 3007 1399 3060 ἀπ’
1449 3006 1616 3075 αὐτῆς
1642 3012 1741 3075 τῆς
1775 3001 1949 3079 ὅψεως

304 3093 420 3170 ἔχει
452 3097 543 3152 τὸν
574 3091 822 3173 ἔλεγχοψ
859 3093 1046 3165 ἐπειδή
1077 3092 1134 3150 δὲ
1168 3093 1385 3168 μᾶλλον
1436 3095 1590 3168 ὑμεῖς
1647 3100 1763 3156 τοῖς
1813 3094 1950 3148 ἀπο-

306 3181 594 3247 δεικτικοῖς
655 3181 841 3261 λόγοις
903 3181 1254 3258 έπερείδεσθε,
1311 3184 1399 3238 καὶ
1466 3183 1666 3253 ταύτην
1729 3181 1948 3259 ἔχοντες

2046 601 2231 660 Deum
2267 607 2718 664 demonstrant?
2751 609 3002 664 Multum
3052 609 3326 665 videmini
3360 610 3503 665 mihi
3534 611 3700 666 vobis

2049 693 2194 764 ipsis
2227 694 2435 767 iniqui,
2471 715 2576 753 nec
2618 697 2844 753 sincero
2893 697 3088 753 animo
3121 698 3454 770 Scripturas
3487 699 3701 770 legisse

2050 787 2301 839 nostras.
2352 785 2461 840 Sed
2513 786 2767 857 legitote,
2816 790 2871 841 et
2927 787 3211 842 advertite
3260 805 3385 860 quae
3431 787 3699 843 Christus

2050 871 2186 942 egit,
2214 877 2393 928 Deum
2426 873 2624 946 ipsum
2659 893 2760 948 pro
2794 874 2983 931 salute
3032 876 3339 931 hominum
3381 875 3696 932 advenien-

2049 964 2166 1014 tem
2201 963 2598 1033 comprobare.

2120 1227 2211 1281 76.
2243 1226 2374 1283 Jam
2408 1244 2534 1300 quae
2583 1230 2651 1285 ad
2686 1247 2787 1286 vos
2830 1231 3040 1287 attinet
3069 1231 3399 1302 loquimini.
3450 1233 3597 1297 Quid
3629 1232 3699 1288 de

2054 1315 2243 1370 brutis
2292 1315 2576 1383 dixeritis,
2627 1318 2739 1374 nisi
2790 1320 3078 1375 feritatem
3125 1325 3181 1375 et
3223 1321 3702 1377 immanitatem?

2053 1404 2213 1468 Quod
2250 1405 2320 1475 si,
2357 1410 2419 1460 ut
2449 1407 2644 1474 audio,
2677 1407 2799 1462 haec
2830 1408 3093 1464 fabulose
3124 1427 3156 1464 a
3187 1410 3352 1465 vobis
3381 1410 3535 1466 dicta
3565 1427 3703 1466 con-

2054 1493 2316 1564 tenditis,
2349 1499 2405 1549 et
2436 1511 2536 1566 per
2560 1497 2922 1568 Proserpinae
2954 1498 3463 1570 raptum,ﬁgurate
3486 1504 3704 1555 terram

2054 1580 2400 1652 signiﬁcatis
2423 1601 2436 1652 ;
2463 1601 2566 1655 per
2587 1584 2832 1641 Vulcani
2851 1587 3562 1659 claudicationem,ignem
3583 1605 3708 1659 ;per

2054 1671 2369 1736 Junonem,
2399 1689 2592 1728 aerem
2620 1693 2632 1742 ;
2667 1691 2770 1744 per
2798 1675 3148 1747 Apollinem,
3181 1675 3363 1731 solem
3391 1693 3404 1744 ;
3438 1691 3540 1746 per
3571 1675 3704 1731 Dia-

2056 1776 2216 1825 nam,
2251 1759 2451 1816 lunam
2481 1778 2493 1829 ;
2524 1779 2626 1833 per
2654 1763 3010 1834 Neptunum,
3063 1781 3220 1818 mare
3253 1782 3266 1832 ;
3301 1763 3484 1818 nihilo
3517 1762 3706 1835 magis

2055 1847 2250 1918 ipsum
2281 1849 2464 1904 Deum
2497 1850 2688 1906 colitis
2715 1869 2727 1918 ;
2762 1852 2861 1906 sed
2895 1851 3104 1907 creatis
3137 1852 3312 1906 rebu
3343 1850 3573 1907 servitis
3601 1867 3706 1922 po-

2055 1937 2172 1992 tius
2205 1955 2380 2009 quam
2413 1939 2678 1994 omnium
2733 1941 2980 1996 creatori
3022 1941 3155 1996 Deo.
3208 1941 3366 2004 Quod
3401 1941 3446 1996 si
3482 1940 3604 1994 haec
3632 1939 3706 1995 ob

2056 2031 2383 2082 creatorum
2432 2028 2935 2099 pulchritudinem
2985 2031 3298 2084 commenti
3351 2029 3514 2097 estis,
3561 2029 3706 2083 satis

2056 2120 2178 2172 erat
2201 2133 2270 2171 ea
2291 2115 2512 2185 mirari,
2541 2133 2646 2172 nec
2666 2117 2899 2189 opificia
2919 2135 3022 2189 pro
3043 2118 3158 2174 diis
3180 2118 3414 2186 habere,
3438 2135 3510 2174 ne
3531 2119 3704 2175 Crea-

2056 2204 2200 2259 toris
2233 2203 2510 2260 honorem
2542 2205 2711 2261 factis
2739 2207 2914 2262 rebus
2946 2206 3338 2263 ascriberetis.
3372 2207 3599 2278 Alioqui
3623 2223 3710 2261 re~

2057 2297 2170 2349 stat
2200 2297 2264 2349 ut
2295 2293 2595 2348 architecti
2626 2295 2908 2350 honorem
2941 2297 3012 2350 ad
3045 2296 3285 2350 domum
3318 2295 3389 2351 ab
3419 2295 3519 2350 illo
3551 2299 3706 2350 stru-

2057 2387 2210 2438 ctam
2242 2383 2633 2451 transferatis,
2667 2387 2768 2438 aut
2813 2384 2980 2440 ducis
3029 2386 3102 2440 ad
3138 2384 3400 2440 militem.
3453 2383 3599 2450 Quid
3632 2384 3705 2439 ad

2055 2472 2176 2529 haec
2205 2471 2405 2544 igitur,
2426 2477 2491 2527 ut
2521 2472 2782 2528 sciamus
2801 2489 2940 2529 num
2976 2473 3116 2546 quid
3140 2473 3262 2530 risu
3294 2471 3540 2545 dignum
3562 2489 3708 2529 crux

2055 2561 2270 2617 habeat
2287 2561 2315 2616 ?

2126 2829 2216 2882 77.
2255 2829 2668 2885 llaesitantibus
2713 2830 2853 2902 illis,
2886 2833 3060 2902 atque
3110 2831 3223 2887 huc
3271 2831 3528 2903 illucque
3577 2847 3708 2888 sese

2059 2916 2872 2987 convertentibus,subridens
2900 2919 3186 2976 Antonius
3205 2937 3306 2992 per
3327 2921 3708 2993 interpretem

2059 3023 2292 3061 rursum
2329 3007 2445 3062 ait:
2473 3007 2602 3062 Haec
2627 3008 2814 3078 primo
2838 3014 3076 3081 aspectu
3110 3009 3193 3065 ita
3225 3027 3286 3066 se
3302 3010 3516 3066 habere
3549 3027 3711 3066 coar-

2058 3099 2337 3167 guuntur.
2363 3098 2643 3151 Caeterum
2668 3097 2807 3168 quia
2827 3098 3190 3170 argumentis
3212 3099 3409 3172 potius
3428 3086 3708 3166 nitimini,

2061 3189 2118 3240 et.
2147 3184 2254 3240 hac
2281 3186 2420 3240 estis
2452 3185 2722 3241 instructi
2753 3191 2897 3254 arte,
2925 3204 3115 3259 neque
3143 3205 3245 3244 vos
3276 3187 3452 3244 vultis
3485 3189 3711 3260 absque

300 3273 400 3342 τὴν
431 3273 654 3348 τέχνην,
690 3272 950 3349 βούλεσθε
979 3275 1065 3328 καὶ
1099 3276 1246 3346 ἡμᾶς
1281 3274 1356 3345 μὴ
1390 3270 1511 3328 ἄνευ
1553 3280 1652 3342 τῆς
1704 3270 1792 3327 διὰ
1838 3277 1945 3327 τῶν

2066 3273 2510 3344 probationibus
2565 3279 2747 3330 Deum
2798 3276 3017 3344 colere;
3072 3293 3174 3332 vos
3224 3279 3483 3350 primum
3515 3277 3713 3346 dicite,

304 3359 484 3438 λόγων
524 3359 848 3432 ἀποδείξεως
907 3357 1195 3417 Θεοσεϐεῖνο
1256 3359 1438 3417 εἷ’πατε
1494 3366 1709 3436 πρῶτον
1772 3363 1948 3435 ὑμεῖς,

296 3451 364 3504 τὰ
393 3453 706 3529 πράγματα,
739 3451 829 3506 καὶ
866 3450 1163 3526 μάλισταὴ
1217 3451 1340 3525 περὶ
1392 3455 1489 3506 τοῦ
1539 3455 1672 3506 Θεοῦ
1728 3455 1946 3526 γνῶσις,

2062 3367 2274 3418 Rerum
2309 3367 2364 3418 et
2395 3363 2769 3436 potissimum
2802 3364 2902 3420 Dei
2931 3366 3184 3438 cognitio
3217 3382 3334 3438 qua
3363 3367 3586 3422 ratione
3619 3383 3714 3422 ac-

2063 3456 2260 3507 curate
2283 3451 2625 3524 percipitur,
2651 3453 3089 3510 ratiociniorum
3113 3456 3715 3526 demonstratione,an

1700 3585 1963 3641 VERSIO
2002 3585 2313 3642 EVAGRII.

299 3685 553 3761 eloquio,
586 3689 642 3761 et
673 3704 788 3742 non
839 3688 1042 3744 statim
1079 3688 1332 3760 jungitis
1364 3702 1643 3761 caecorum
1701 3687 1919 3752 visum,
1951 3686 2266 3761 _surdorum
2299 3686 2618 3761 _auditum,
2669 3687 3010 3761 claudorum
3069 3704 3339 3759 gressum
3373 3691 3506 3761 (66),
3537 3689 3712 3761 lepra:

299 3760 798 3828 emundationem,
832 3761 1089 3814 serviens
1112 3759 1439 3815 ambulanti
1464 3760 1577 3814 Deo
1600 3777 1705 3814 suo
1729 3775 1908 3825 mare,
1934 3759 2266 3812 daemonum
2293 3759 2477 3828 fugas,
2505 3759 2987 3814 resurrectionem
3013 3759 3398 3829 mortuorum,
3430 3759 3486 3816 et
3507 3759 3716 3816 defun-

299 3835 527 3886 ctorum
559 3833 631 3886 ab
663 3832 864 3886 inferis
897 3833 1168 3887 reditus?
1199 3832 1330 3886 Haec
1357 3833 1555 3886 omnia
1584 3829 2162 3902 Scripturisdivinis,
2196 3847 2342 3902 quas
2365 3829 2769 3900 interpellatis,
2794 3830 3014 3886 inserta
3041 3838 3202 3896 sunt,
3233 3840 3289 3888 et
3307 3833 3513 3888 iisdem
3546 3834 3715 3888 volu-

301 3903 566 3957 minibus
590 3904 968 3974 continentur
989 3903 1275 3974 prasconia
1307 3904 1656 3973 majestatis,
1681 3901 1736 3958 et
1753 3901 1955 3974 mortis
1976 3902 2278 3974 dedecora.
2305 3901 2690 3974 Quamobrem
2723 3901 2873 3974 odio,
2903 3919 3015 3973 quo
3041 3904 3252 3958 imbuti
3275 3907 3436 3970 estis,
3463 3904 3709 3974 abjecto,

298 3974 610 4028 invenietis
641 3973 820 4038 illico,
851 3979 908 4029 et
942 3972 1120 4029 Deum
1151 3991 1352 4030 verum
1382 3972 1509 4030 esse
1534 3979 1757 4044 Jesum,
1791 3979 1847 4029 et
1875 3973 2086 4028 salutis
2119 3972 2391 4027 humana:
2423 3973 2610 4043 gratia
2642 3972 3336 4044 fragilem’assumpsisse
3369 3972 3659 4030 natur—am.

369 4045 459 4098 76.
490 4044 752 4118 Vestram
785 4049 980 4100 tamen
1013 4046 1200 4110 nobis,
1235 4047 1282 4102 si
1317 4063 1429 4102 non
1464 4048 1662 4118 pudet,
1699 4052 1936 4118 narrate,
1959 4045 2320 4114 religionem.
2353 4044 2462 4118 _Sed
2485 4061 2643 4118 quas
2672 4061 2834 4118 error
2862 4045 3062 4100 infelix
3094 4048 3300 4116 poterit
3334 4049 3544 4102 referre
3576 4047 3707 4102 cul-

297 4119 460 4189 turas
489 4116 561 4189 de
589 4119 752 4171 tanta
781 4118 1258 4189 rerumfmditate
1289 4116 1752 4189 atque—vecordia
1773 4119 1798 4172 Τ
1832 4116 1944 4171 nisi
1966 4118 2110 4172 forte
2141 4120 2230 4182 (ut
2261 4116 2706 4189 audio)_fabu_las
2737 4117 2993 4189 efferatis
3026 4119 3265 4172 deorum
3298 4123 3625 4173 vestrorum
3650 4122 3708 4174 et

298 4188 686 4244 obscenitates
709 4187 1189 4260 etiorudelitates,
1221 4195 1278 4244 et
1305 4185 1588 4246 vanitates
1620 4196 1677 4244 et
1703 4195 1942 4253 mortes,
1974 4193 2235 4260 tegentes
2267 4203 2364 4242 eas
2396 4185 3129 4260 allegoricisvelaminibus
3158 4206 3170 4244 ξ
3197 4189 3410 4244 Libera
3443 4197 3700 4260 raptum,

298 4266 510 4314 terram
543 4259 1012 4331 ;semiclaupum
1034 4260 1362 4316 Vulcanum
1387 4269 1444 4317 et
1466 4261 1940 4330 debilem,ignem
1968 4258 2308 4328 ;Junonem,
2332 4274 2521 4312 aerem
2552 4276 2564 4326 ;
2592 4258 2931 4331 Apollinem,
2956 4260 3134 4316 solem
3161 4282 3175 4328 ς
3201 4258 3706 4330 Dianam,lunam;

298 4331 657 4402 Neptunum,
691 4329 912 4400 maria;
947 4339 1002 4388 et
1032 4331 1343 4387 libidinum
1379 4333 1698 4404 principem
1723 4329 1947 4398 J0vem,
1982 4331 2253 4386 mtherem
2279 4331 2757 4404 interpretantes.
2791 4329 2926 4404 Nec,
2960 4339 3091 4400 post
3134 4332 3283 4388 hanc
3313 4329 3711 4389 excusationis

298 4401 727 4473 procacitatem,
752 4404 959 4472 Deum,
992 4406 1092 4460 sed
1117 4401 1433 4468 creaturas,
1463 4401 1793 4473 contempto
1816 4407 2100 4471 Creatore,
2135 4401 2456 4472 suscipitis.
2492 4402 2650 4466 Quod
2677 4402 2726 4456 si
2758 4402 3128 4472 pulchritudo
3154 4422 3258 4461 vos
3284 4405 3708 4462 elementorum

299 4475 370 4528 ad
406 4492 573 4530 suam
607 4476 784 4531 traxit
813 4477 1271 4544 venerationem,
1305 4479 1545 4532 modum
1580 4479 1665 4531 fas
1695 4480 1819 4531 erat
1846 4475 2176 4540 custodire;
2210 4479 2266 4528 et
2297 4475 2603 4544 oportebat
2624 4474 2823 4528 mirari
2857 4480 3107 4540 tantum,
3143 4494 3248 4532 nec
3276 4478 3459 4534 colere
3491 4497 3503 4544 ;
3537 4495 3607 4532 ne
3632 4478 3712 4531 fa-

299 4551 475 4601 cturaa
506 4548 800 4603 veneratio
830 4549 1120 4604 Creatoris
1150 4555 1305 4605 esset
1336 4549 1552 4620 injuria
1605 4549 1750 4602 Nam
1783 4544 2480 4620 secundum__itiustnod_i,
2509 4561 2684 4620 quam
2716 4563 2827 4620 vos
2870 4549 3211 4619 sequimini,
3243 4550 3523 4605 rationem
3559 4567 3710 4620 prie-

299 4624 678 4692 posteram,et
709 4620 1009 4676 architecti
1035 4622 1220 4676 honor
1250 4615 1526 4692 migrabit
1555 4621 1626 4675 ad
1651 4621 1988 4685 domum,et
2009 4618 2220 4692 modici
2241 4615 2486 4692 scientia
2517 4617 2586 4692 ad
2613 4617 2869 4692 remedia
2899 4615 3247 4690 conferetur,
3273 4623 3538 4677 omnium
3560 4615 3709 4691 quo-

299 4706 411 4765 q_u_e_
438 4691 729 4765 artificum
753 4693 962 4765 merita
991 4693 1079 4748 vel
1105 4693 1307 4748 laudes
1337 4688 1411 4747 ad
1443 4709 1621 4765 opera
1641 4692 2084 4748 transferentur.
2118 4689 2264 4752 Quid
2289 4689 2359 4743 ad
2384 4689 2503 4744 hazc
2524 4688 2741 4756 dicitis,
2767 4694 2830 4745 ut
2851 4688 3241 4763 agnoscamus
3265 4694 3394 4749 duae
3422 4693 3498 4749 sit
3517 4688 3707 4748 crucis

301 4762 562 4841 ridiculae
594 4763 757 4841 vobis
789 4764 1181 4841 ignominiosa
1209 4762 1499 4841 confessio
1516 4765 1562 4841 ‘?_
1620 4839 1626 4841 _
1856 4835 1868 4841 _
1899 4833 1932 4841 __
2090 4832 2102 4841 _
2135 4832 2144 4841 .
2314 4831 2327 4841 _
2481 4830 2492 4841 .

367 4834 458 4906 7_7.
492 4834 608 4889 Hac
641 4830 1032 4906 disputatione
1055 4837 1528 4892 convertentibus
1549 4836 1702 4890 inter
1732 4851 1792 4890 se
1815 4832 2182 4906 philosophis
2203 4831 2422 4894 oculos,
2446 4830 2744 4906 simulque
2775 4833 3570 4906 mussitantibus,subridens
3591 4836 3706 4889 An-

300 4903 518 4970 tonius,
553 4903 926 4980 rursuinper
957 4908 1332 4980 interpretem
1364 4909 1480 4964 ait:
1514 4903 1853 4980 Przedurum
1886 4903 2138 4980 namque
2169 4909 2377 4959 cuncto
2406 4903 2832 4980 videturOperi,
2868 4908 3098 4980 quoties
3121 4908 3283 4977 justo
3314 4907 3600 4962 universae
3624 4906 3711 4980 rei

299 4980 497 5051 tenore
528 4976 764 5047 calcato,
797 4976 1014 5034 laboris
1048 4976 1258 5034 merita
1284 4980 1453 5034 factis
1485 4979 1672 5051 magis
1695 4995 1872 5049 quam
1904 4977 2226 5051 factoribus
2249 4978 2620 5051 astruuntur.
2650 4976 2950 5051 Elementa
2971 4976 3230 5051 quidem,
3276 4985 3337 5033 ut
3365 4979 3706 5042 memoravi,

298 5063 365 5100 ex
398 5046 524 5122 ipso
557 5046 870 5120 conspectu
903 5068 1072 5122 suam
1104 5052 1488 5122 comprobant
1518 5046 1874 5106 servitutem.
1909 5049 2019 5122 Sed
2052 5047 2329 5119 quoniam
2360 5063 2461 5102 vos
2492 5047 2892 5122 observatione
2925 5046 3607 5122 dialectica,necessaria,
3644 5053 3709 5104 ut

299 5118 540 5195 putatis,
574 5118 818 5195 quaeque
848 5121 1145 5194 colligitis,
1180 5118 1288 5179 hoc
1320 5139 1553 5195 quoque
1584 5122 1826 5178 artificio
1857 5118 2172 5195 etiamnos
2205 5123 2465 5195 nostram
2499 5118 2834 5195 religionem
2869 5118 3565 5195 compellitis'afﬁrmare.
3601 5122 3707 5176 Re-

298 5190 758 5266 spondete'mihi
785 5211 797 5266 ς
831 5190 1086 5266 cognitio
1118 5190 1216 5251 Dei
1241 5190 1736 5266 quemadmodum
1769 5192 2138 5250 manifestius
2170 5192 2545 5266 approbatur,
2580 5207 2682 5260 per
2712 5190 3113 5247 collectionem
3146 5195 3475 5262 verborum,
3509 5213 3578 5249 an
3605 5210 3710 5265 per

295 5262 696 5335 operationem
724 5264 860 5321 fidei
881 5262 996 5322 ‘I'et
1025 5267 1165 5338 quid
1189 5262 1491 5340 antiquius
1512 5271 1620 5336 est,
1656 5267 2030 5339 operatioaue
2063 5263 2196 5320 fidei
2228 5262 2549 5334 diSputatio
2571 5279 2674 5333 per
2703 5269 3050 5335 argumenta
3081 5268 3401 5337 procedens
3426 5271 3447 5322 Ρ
3471 5262 3708 5322 Illis—re-

372 5426 498 5505 (64)
522 5426 606 5482 Ita
635 5443 840 5505 omnes
890 5444 1035 5505 mss.
1091 5429 1244 5505 Editi
1273 5447 1440 5505 vero,
1473 5430 1564 5505 ut
1593 5426 1956 5505 ἀλληγορεῖτε

299 5501 398 5568 τὴν
430 5503 555 5572 γῆν,
589 5499 836 5572 omissis
858 5500 1239 5572 quibusdam.
1273 5504 1430 5557 Infra
1477 5502 1616 5558 editi
1647 5499 1852 5572 omnes
1902 5507 1958 5557 et

303 5568 550 5645 quidam
583 5568 939 5645 ωεεηούδὶν
969 5570 1132 5639 ἧττον
1169 5571 1342 5645 ,αὐτὸν
1391 5573 1480 5628 τὸν
1534 5573 1662 5628 Θεὸν
1718 5569 1955 5642 σέϐεσθε,

301 5642 864 5723 contrariapmnino
923 5644 1236 5702 sententia.
1297 5645 1510 5718 Regius
1578 5648 1872 5704 secundus
1903 5649 1960 5702 et

300 5711 474 5773 Savil.
511 5719 574 5772 ut
602 5714 662 5772 in
693 5720 875 5774 textu.

2143 5426 2340 5496 (651m
2367 5432 2610 5503 quidam
2666 5428 3079 5503 manuscripti.
3142 5430 3205 5503 In
3265 5431 3438 5486 editis
3487 5448 3622 5488 vero
3656 5437 3716 5490 et

2069 5504 2312 5574 caeteris,
2342 5499 2490 5574 haec,
2522 5501 2686 5557 πάλιν
2723 5499 2790 5555 δι’
2823 5499 3122 5574 ἑρμηνέως,
3158 5502 3390 5558 desunt.

2141 5572 2254 5647 (66)
2288 5576 2380 5630 Sic
2410 5572 2796 5647 manuscripti
2829 5572 3067 5646 quidam
3101 5589 3231 5630 cum
3266 5575 3455 5631 editis.
3491 5575 3598 5631 Alii
3628 5593 3720 5635 ve-

2070 5658 2155 5715 ro,
2187 5663 2430 5703 cursum.
