  <div class='ocr_page' id='page_1' title='image "/cluster/home/n/w/nwhite01/storage/ocr_20150623/26/hvd.32044019208479/543.png"; bbox 0 0 4074 6328; ppageno 0'>
   <div class='ocr_carea' id='block_1_1' title="bbox 389 398 502 458">
    <p class='ocr_par' dir='ltr' id='par_1_1' title="bbox 389 398 502 458">
     <span class='ocr_line' id='line_1_1' title="bbox 389 398 502 458; baseline 0 -1"><span class='ocrx_word' id='word_1_1' title='bbox 389 398 502 458; x_wconf 77' lang='grc'>951</span> 
     </span>
    </p>
   </div>
   <div class='ocr_carea' id='block_1_2' title="bbox 929 400 3260 464">
    <p class='ocr_par' dir='ltr' id='par_1_2' title="bbox 929 400 3260 464">
     <span class='ocr_line' id='line_1_2' title="bbox 929 400 3260 464; baseline -0.001 -1"><span class='ocrx_word' id='word_1_2' title='bbox 929 405 994 463; x_wconf 93' lang='lat' dir='ltr'>S.</span> <span class='ocrx_word' id='word_1_3' title='bbox 1042 403 1467 464; x_wconf 80' lang='lat' dir='ltr'>ATHANASII</span> <span class='ocrx_word' id='word_1_4' title='bbox 1512 405 1687 464; x_wconf 89' lang='lat' dir='ltr'>OPP.</span> <span class='ocrx_word' id='word_1_5' title='bbox 1731 403 1935 463; x_wconf 77' lang='lat' dir='ltr'>PARS</span> <span class='ocrx_word' id='word_1_6' title='bbox 1979 403 2028 462; x_wconf 89' lang='grc' dir='ltr'>Ι.</span> <span class='ocrx_word' id='word_1_7' title='bbox 2061 429 2138 446; x_wconf 85' lang='grc'><strong>-</strong></span> <span class='ocrx_word' id='word_1_8' title='bbox 2178 400 2593 462; x_wconf 77' lang='lat' dir='ltr'>HISTORICA</span> <span class='ocrx_word' id='word_1_9' title='bbox 2637 404 2736 463; x_wconf 86' lang='lat' dir='ltr'><strong>ET</strong></span> <span class='ocrx_word' id='word_1_10' title='bbox 2779 404 3260 464; x_wconf 79' lang='lat' dir='ltr'>DOGMATICA.</span> 
     </span>
    </p>
   </div>
   <div class='ocr_carea' id='block_1_3' title="bbox 3682 405 3804 464">
    <p class='ocr_par' dir='ltr' id='par_1_3' title="bbox 3682 405 3804 464">
     <span class='ocr_line' id='line_1_3' title="bbox 3682 405 3804 464; baseline -0.016 0"><span class='ocrx_word' id='word_1_11' title='bbox 3682 405 3804 464; x_wconf 76' lang='grc'>952</span> 
     </span>
    </p>
   </div>
   <div class='ocr_carea' id='block_1_4' title="bbox 393 524 2058 606">
    <p class='ocr_par' dir='ltr' id='par_1_4' title="bbox 393 527 2042 606">
     <span class='ocr_line' id='line_1_4' title="bbox 393 527 2042 606; baseline 0.002 -25"><span class='ocrx_word' id='word_1_12' title='bbox 393 527 527 583; x_wconf 91' lang='lat' dir='ltr'>ﬁdei</span> <span class='ocrx_word' id='word_1_13' title='bbox 563 530 898 600; x_wconf 80' lang='lat' dir='ltr'>operatione</span> <span class='ocrx_word' id='word_1_14' title='bbox 919 531 948 585; x_wconf 74' lang='lat' dir='ltr'><strong><em>‘I</em></strong></span> <span class='ocrx_word' id='word_1_15' title='bbox 979 537 1081 587; x_wconf 88' lang='lat' dir='ltr'>aut</span> <span class='ocrx_word' id='word_1_16' title='bbox 1104 533 1244 604; x_wconf 90' lang='lat' dir='ltr'>quid</span> <span class='ocrx_word' id='word_1_17' title='bbox 1279 532 1756 606; x_wconf 88' lang='lat' dir='ltr'>antiquius,ﬁdes</span> <span class='ocrx_word' id='word_1_18' title='bbox 1787 549 1915 604; x_wconf 64' lang='lat' dir='ltr'>quae</span> <span class='ocrx_word' id='word_1_19' title='bbox 1939 548 2042 604; x_wconf 89' lang='lat' dir='ltr'>per</span> 
     </span>
    </p>
   </div>
   <div class='ocr_carea' id='block_1_5' title="bbox 2175 524 3798 606">
    <p class='ocr_par' dir='ltr' id='par_1_5' title="bbox 2175 524 3798 606">
     <span class='ocr_line' id='line_1_5' title="bbox 2175 524 3798 606; baseline 0.004 -24"><span class='ocrx_word' id='word_1_20' title='bbox 2175 534 2270 590; x_wconf 73' lang='grc' dir='ltr'>πῶς</span> <span class='ocrx_word' id='word_1_21' title='bbox 2302 524 2539 604; x_wconf 75' lang='grc' dir='ltr'>ἀκριϐῶς</span> <span class='ocrx_word' id='word_1_22' title='bbox 2565 528 2996 605; x_wconf 83' lang='grc' dir='ltr'>διαγινώσκεται,</span> <span class='ocrx_word' id='word_1_23' title='bbox 3031 529 3102 585; x_wconf 89' lang='grc' dir='ltr'>δι’</span> <span class='ocrx_word' id='word_1_24' title='bbox 3131 530 3446 602; x_wconf 80' lang='grc' dir='ltr'>ἀποδείξεω,</span> <span class='ocrx_word' id='word_1_25' title='bbox 3509 530 3715 606; x_wconf 89' lang='grc' dir='ltr'>λόγων,</span> <span class='ocrx_word' id='word_1_26' title='bbox 3762 533 3798 602; x_wconf 70' lang='grc' dir='ltr'><strong>ἢ</strong></span> 
     </span>
    </p>
   </div>
   <div class='ocr_carea' id='block_1_6' title="bbox 396 618 2044 692">
    <p class='ocr_par' dir='ltr' id='par_1_6' title="bbox 396 618 2044 692">
     <span class='ocr_line' id='line_1_6' title="bbox 396 618 2044 692; baseline 0.003 -23"><span class='ocrx_word' id='word_1_27' title='bbox 396 618 793 688; x_wconf 82' lang='lat' dir='ltr'>operationem</span> <span class='ocrx_word' id='word_1_28' title='bbox 826 620 1092 691; x_wconf 89' lang='lat' dir='ltr'>habetur,</span> <span class='ocrx_word' id='word_1_29' title='bbox 1128 638 1200 677; x_wconf 90' lang='lat' dir='ltr'>an</span> <span class='ocrx_word' id='word_1_30' title='bbox 1233 623 1597 692; x_wconf 73' lang='lat' dir='ltr'>argumentis</span> <span class='ocrx_word' id='word_1_31' title='bbox 1625 622 1773 677; x_wconf 87' lang='lat' dir='ltr'>facta</span> <span class='ocrx_word' id='word_1_32' title='bbox 1805 623 2044 676; x_wconf 80' lang='lat' dir='ltr'>demon-</span> 
     </span>
    </p>
   </div>
   <div class='ocr_carea' id='block_1_7' title="bbox 401 705 2048 782">
    <p class='ocr_par' dir='ltr' id='par_1_7' title="bbox 401 705 2048 782">
     <span class='ocr_line' id='line_1_7' title="bbox 401 705 2048 782; baseline 0.004 -24"><span class='ocrx_word' id='word_1_33' title='bbox 401 705 607 760; x_wconf 88' lang='lat' dir='ltr'>stratio</span> <span class='ocrx_word' id='word_1_34' title='bbox 632 708 653 759; x_wconf 76' lang='grc' dir='ltr'>Ρ</span> <span class='ocrx_word' id='word_1_35' title='bbox 681 707 834 763; x_wconf 70' lang='grc'>682</span> <span class='ocrx_word' id='word_1_36' title='bbox 861 708 982 762; x_wconf 90' lang='lat' dir='ltr'>Illis</span> <span class='ocrx_word' id='word_1_37' title='bbox 1013 710 1453 781; x_wconf 86' lang='lat' dir='ltr'>reponentibus,</span> <span class='ocrx_word' id='word_1_38' title='bbox 1489 710 1879 782; x_wconf 81' lang='lat' dir='ltr'>antiquiorem</span> <span class='ocrx_word' id='word_1_39' title='bbox 1917 725 2048 764; x_wconf 86' lang='lat' dir='ltr'>esse</span> 
     </span>
    </p>
   </div>
   <div class='ocr_carea' id='block_1_8' title="bbox 401 792 2048 870">
    <p class='ocr_par' dir='ltr' id='par_1_8' title="bbox 401 792 2048 870">
     <span class='ocr_line' id='line_1_8' title="bbox 401 792 2048 870; baseline 0.004 -25"><span class='ocrx_word' id='word_1_40' title='bbox 401 792 575 846; x_wconf 90' lang='lat' dir='ltr'>ﬁdem</span> <span class='ocrx_word' id='word_1_41' title='bbox 611 810 734 863; x_wconf 68' lang='lat' dir='ltr'>quae</span> <span class='ocrx_word' id='word_1_42' title='bbox 767 812 869 867; x_wconf 89' lang='lat' dir='ltr'>per</span> <span class='ocrx_word' id='word_1_43' title='bbox 889 798 1288 867; x_wconf 78' lang='lat' dir='ltr'>operationem</span> <span class='ocrx_word' id='word_1_44' title='bbox 1313 799 1579 869; x_wconf 88' lang='lat' dir='ltr'>habetur,</span> <span class='ocrx_word' id='word_1_45' title='bbox 1611 815 1855 870; x_wconf 85' lang='lat' dir='ltr'>esseque</span> <span class='ocrx_word' id='word_1_46' title='bbox 1886 798 2048 853; x_wconf 89' lang='lat' dir='ltr'>illam</span> 
     </span>
    </p>
   </div>
   <div class='ocr_carea' id='block_1_9' title="bbox 401 885 2049 955">
    <p class='ocr_par' dir='ltr' id='par_1_9' title="bbox 401 885 2049 955">
     <span class='ocr_line' id='line_1_9' title="bbox 401 885 2049 955; baseline 0.002 -20"><span class='ocrx_word' id='word_1_47' title='bbox 401 886 733 937; x_wconf 84' lang='lat' dir='ltr'>accuratam</span> <span class='ocrx_word' id='word_1_48' title='bbox 767 885 1184 955; x_wconf 87' lang='lat' dir='ltr'>cognitionem,</span> <span class='ocrx_word' id='word_1_49' title='bbox 1219 887 1300 941; x_wconf 86' lang='lat' dir='ltr'>ait</span> <span class='ocrx_word' id='word_1_50' title='bbox 1331 889 1658 942; x_wconf 78' lang='lat' dir='ltr'>Antonius:</span> <span class='ocrx_word' id='word_1_51' title='bbox 1704 887 1874 942; x_wconf 80' lang='lat' dir='ltr'>Recte</span> <span class='ocrx_word' id='word_1_52' title='bbox 1901 887 2049 940; x_wconf 82' lang='lat' dir='ltr'>dixi-</span> 
     </span>
    </p>
   </div>
   <div class='ocr_carea' id='block_1_10' title="bbox 403 968 2055 1042">
    <p class='ocr_par' dir='ltr' id='par_1_10' title="bbox 403 968 2055 1042">
     <span class='ocr_line' id='line_1_10' title="bbox 403 968 2055 1042; baseline 0.005 -21"><span class='ocrx_word' id='word_1_53' title='bbox 403 968 546 1022; x_wconf 89' lang='lat' dir='ltr'>stis:</span> <span class='ocrx_word' id='word_1_54' title='bbox 585 986 718 1024; x_wconf 85' lang='lat' dir='ltr'>nam</span> <span class='ocrx_word' id='word_1_55' title='bbox 754 972 896 1028; x_wconf 84' lang='lat' dir='ltr'>ﬁdes</span> <span class='ocrx_word' id='word_1_56' title='bbox 929 989 997 1027; x_wconf 83' lang='lat' dir='ltr'>ex</span> <span class='ocrx_word' id='word_1_57' title='bbox 1029 976 1208 1029; x_wconf 90' lang='lat' dir='ltr'>animi</span> <span class='ocrx_word' id='word_1_58' title='bbox 1242 976 1450 1031; x_wconf 83' lang='lat' dir='ltr'>aﬂ&#39;ectu</span> <span class='ocrx_word' id='word_1_59' title='bbox 1498 975 1716 1042; x_wconf 90' lang='lat' dir='ltr'>oritur;</span> <span class='ocrx_word' id='word_1_60' title='bbox 1751 975 2055 1031; x_wconf 87' lang='lat' dir='ltr'>dialectica</span> 
     </span>
    </p>
   </div>
   <div class='ocr_carea' id='block_1_11' title="bbox 401 1064 2055 1135">
    <p class='ocr_par' dir='ltr' id='par_1_11' title="bbox 401 1064 2055 1135">
     <span class='ocr_line' id='line_1_11' title="bbox 401 1064 2055 1135; baseline 0.005 -26"><span class='ocrx_word' id='word_1_61' title='bbox 401 1073 534 1112; x_wconf 86' lang='lat' dir='ltr'>vero</span> <span class='ocrx_word' id='word_1_62' title='bbox 566 1064 870 1115; x_wconf 89' lang='lat' dir='ltr'>auctorum</span> <span class='ocrx_word' id='word_1_63' title='bbox 905 1079 1147 1118; x_wconf 91' lang='lat' dir='ltr'>suorum</span> <span class='ocrx_word' id='word_1_64' title='bbox 1180 1069 1302 1119; x_wconf 86' lang='lat' dir='ltr'>arte</span> <span class='ocrx_word' id='word_1_65' title='bbox 1351 1066 1669 1120; x_wconf 86' lang='lat' dir='ltr'>constituta</span> <span class='ocrx_word' id='word_1_66' title='bbox 1712 1070 1818 1120; x_wconf 91' lang='lat' dir='ltr'>est.</span> <span class='ocrx_word' id='word_1_67' title='bbox 1853 1070 2055 1135; x_wconf 80' lang='lat' dir='ltr'>Itaque</span> 
     </span>
    </p>
   </div>
   <div class='ocr_carea' id='block_1_12' title="bbox 402 1144 2056 1224">
    <p class='ocr_par' dir='ltr' id='par_1_12' title="bbox 402 1144 2056 1224">
     <span class='ocr_line' id='line_1_12' title="bbox 402 1144 2056 1224; baseline 0.004 -25"><span class='ocrx_word' id='word_1_68' title='bbox 402 1144 620 1216; x_wconf 86' lang='lat' dir='ltr'>quibus</span> <span class='ocrx_word' id='word_1_69' title='bbox 650 1148 816 1204; x_wconf 84' lang='lat' dir='ltr'>adest</span> <span class='ocrx_word' id='word_1_70' title='bbox 845 1151 1103 1222; x_wconf 90' lang='lat' dir='ltr'>operatio</span> <span class='ocrx_word' id='word_1_71' title='bbox 1139 1151 1239 1207; x_wconf 88' lang='lat' dir='ltr'>illa</span> <span class='ocrx_word' id='word_1_72' title='bbox 1287 1169 1388 1224; x_wconf 91' lang='lat' dir='ltr'>per</span> <span class='ocrx_word' id='word_1_73' title='bbox 1419 1153 1615 1220; x_wconf 89' lang='lat' dir='ltr'>ﬁdem,</span> <span class='ocrx_word' id='word_1_74' title='bbox 1647 1153 1761 1208; x_wconf 85' lang='lat' dir='ltr'>illis</span> <span class='ocrx_word' id='word_1_75' title='bbox 1813 1153 2056 1207; x_wconf 91' lang='lat' dir='ltr'>minime</span> 
     </span>
    </p>
   </div>
   <div class='ocr_carea' id='block_1_13' title="bbox 403 1235 2058 1311">
    <p class='ocr_par' dir='ltr' id='par_1_13' title="bbox 403 1235 2058 1311">
     <span class='ocr_line' id='line_1_13' title="bbox 403 1235 2058 1311; baseline 0.005 -24"><span class='ocrx_word' id='word_1_76' title='bbox 403 1235 756 1302; x_wconf 90' lang='lat' dir='ltr'>necessaria,</span> <span class='ocrx_word' id='word_1_77' title='bbox 791 1237 908 1292; x_wconf 90' lang='lat' dir='ltr'>imo</span> <span class='ocrx_word' id='word_1_78' title='bbox 943 1239 1086 1294; x_wconf 81' lang='lat' dir='ltr'>forte</span> <span class='ocrx_word' id='word_1_79' title='bbox 1115 1256 1547 1311; x_wconf 88' lang='lat' dir='ltr'>supervacanea</span> <span class='ocrx_word' id='word_1_80' title='bbox 1577 1247 1667 1296; x_wconf 88' lang='lat' dir='ltr'>est</span> <span class='ocrx_word' id='word_1_81' title='bbox 1697 1242 2058 1296; x_wconf 88' lang='lat' dir='ltr'>demonstra-</span> 
     </span>
    </p>
   </div>
   <div class='ocr_carea' id='block_1_14' title="bbox 403 1321 2059 1402">
    <p class='ocr_par' dir='ltr' id='par_1_14' title="bbox 403 1321 2059 1402">
     <span class='ocr_line' id='line_1_14' title="bbox 403 1321 2059 1402; baseline 0.004 -26"><span class='ocrx_word' id='word_1_82' title='bbox 403 1321 487 1376; x_wconf 89' lang='lat' dir='ltr'>tio</span> <span class='ocrx_word' id='word_1_83' title='bbox 524 1327 892 1396; x_wconf 82' lang='lat' dir='ltr'>argumentis</span> <span class='ocrx_word' id='word_1_84' title='bbox 926 1328 1094 1382; x_wconf 82' lang='lat' dir='ltr'>facta.</span> <span class='ocrx_word' id='word_1_85' title='bbox 1129 1329 1428 1400; x_wconf 88' lang='lat' dir='ltr'>Siquidem</span> <span class='ocrx_word' id='word_1_86' title='bbox 1452 1331 1606 1402; x_wconf 88' lang='lat' dir='ltr'>quod</span> <span class='ocrx_word' id='word_1_87' title='bbox 1633 1346 1739 1385; x_wconf 90' lang='lat' dir='ltr'>nos</span> <span class='ocrx_word' id='word_1_88' title='bbox 1762 1330 1871 1384; x_wconf 89' lang='lat' dir='ltr'>ﬁde</span> <span class='ocrx_word' id='word_1_89' title='bbox 1892 1328 2059 1383; x_wconf 90' lang='lat' dir='ltr'>intel-</span> 
     </span>
    </p>
   </div>
   <div class='ocr_carea' id='block_1_15' title="bbox 405 1409 2056 1488">
    <p class='ocr_par' dir='ltr' id='par_1_15' title="bbox 405 1409 2056 1488">
     <span class='ocr_line' id='line_1_15' title="bbox 405 1409 2056 1488; baseline 0.005 -24"><span class='ocrx_word' id='word_1_90' title='bbox 405 1409 670 1482; x_wconf 89' lang='lat' dir='ltr'>ligimus,</span> <span class='ocrx_word' id='word_1_91' title='bbox 704 1414 762 1468; x_wconf 98' lang='lat' dir='ltr'>id</span> <span class='ocrx_word' id='word_1_92' title='bbox 803 1432 904 1470; x_wconf 88' lang='lat' dir='ltr'>vos</span> <span class='ocrx_word' id='word_1_93' title='bbox 953 1419 1317 1488; x_wconf 85' lang='lat' dir='ltr'>argumentis</span> <span class='ocrx_word' id='word_1_94' title='bbox 1365 1418 1710 1474; x_wconf 90' lang='lat' dir='ltr'>concludere</span> <span class='ocrx_word' id='word_1_95' title='bbox 1763 1417 2056 1473; x_wconf 88' lang='lat' dir='ltr'>nitimini:</span> 
     </span>
    </p>
   </div>
   <div class='ocr_carea' id='block_1_16' title="bbox 408 1499 2058 1579">
    <p class='ocr_par' dir='ltr' id='par_1_16' title="bbox 408 1499 2058 1579">
     <span class='ocr_line' id='line_1_16' title="bbox 408 1499 2058 1579; baseline 0.005 -26"><span class='ocrx_word' id='word_1_96' title='bbox 408 1499 530 1554; x_wconf 89' lang='lat' dir='ltr'>imo</span> <span class='ocrx_word' id='word_1_97' title='bbox 559 1517 710 1573; x_wconf 68' lang='lat' dir='ltr'>saepe</span> <span class='ocrx_word' id='word_1_98' title='bbox 742 1519 870 1574; x_wconf 69' lang='lat' dir='ltr'>qua:</span> <span class='ocrx_word' id='word_1_99' title='bbox 903 1521 1007 1560; x_wconf 81' lang='lat' dir='ltr'>nos</span> <span class='ocrx_word' id='word_1_100' title='bbox 1040 1505 1449 1578; x_wconf 82' lang='lat' dir='ltr'>intelligimus.</span> <span class='ocrx_word' id='word_1_101' title='bbox 1484 1523 1554 1562; x_wconf 91' lang='lat' dir='ltr'>ne</span> <span class='ocrx_word' id='word_1_102' title='bbox 1587 1508 1907 1579; x_wconf 82' lang='lat' dir='ltr'>exprimere</span> <span class='ocrx_word' id='word_1_103' title='bbox 1929 1508 2058 1578; x_wconf 87' lang='lat' dir='ltr'>qui-</span> 
     </span>
    </p>
   </div>
   <div class='ocr_carea' id='block_1_17' title="bbox 415 1589 2064 1668">
    <p class='ocr_par' dir='ltr' id='par_1_17' title="bbox 415 1589 2064 1668">
     <span class='ocr_line' id='line_1_17' title="bbox 415 1589 2064 1668; baseline 0.006 -27"><span class='ocrx_word' id='word_1_104' title='bbox 415 1589 548 1643; x_wconf 88' lang='lat' dir='ltr'>dem</span> <span class='ocrx_word' id='word_1_105' title='bbox 582 1593 845 1661; x_wconf 85' lang='lat' dir='ltr'>potestis.</span> <span class='ocrx_word' id='word_1_106' title='bbox 872 1596 1248 1650; x_wconf 68' lang='lat' dir='ltr'>Praastantior</span> <span class='ocrx_word' id='word_1_107' title='bbox 1269 1597 1464 1667; x_wconf 89' lang='lat' dir='ltr'>itaque</span> <span class='ocrx_word' id='word_1_108' title='bbox 1495 1601 1551 1651; x_wconf 91' lang='lat' dir='ltr'>et</span> <span class='ocrx_word' id='word_1_109' title='bbox 1581 1597 1806 1651; x_wconf 94' lang='lat' dir='ltr'>ﬁrmior</span> <span class='ocrx_word' id='word_1_110' title='bbox 1826 1602 1914 1652; x_wconf 90' lang='lat' dir='ltr'>est</span> <span class='ocrx_word' id='word_1_111' title='bbox 1935 1612 2064 1668; x_wconf 90' lang='lat' dir='ltr'>ope-</span> 
     </span>
    </p>
   </div>
   <div class='ocr_carea' id='block_1_18' title="bbox 416 1677 1922 1757">
    <p class='ocr_par' dir='ltr' id='par_1_18' title="bbox 416 1677 1922 1757">
     <span class='ocr_line' id='line_1_18' title="bbox 416 1677 1922 1757; baseline 0.006 -27"><span class='ocrx_word' id='word_1_112' title='bbox 416 1677 567 1732; x_wconf 86' lang='lat' dir='ltr'>ratio</span> <span class='ocrx_word' id='word_1_113' title='bbox 598 1695 701 1750; x_wconf 88' lang='lat' dir='ltr'>per</span> <span class='ocrx_word' id='word_1_114' title='bbox 730 1680 904 1736; x_wconf 90' lang='lat' dir='ltr'>ﬁdem</span> <span class='ocrx_word' id='word_1_115' title='bbox 936 1683 1275 1754; x_wconf 87' lang='lat' dir='ltr'>sophisticis</span> <span class='ocrx_word' id='word_1_116' title='bbox 1306 1684 1516 1741; x_wconf 86' lang='lat' dir='ltr'>vestris</span> <span class='ocrx_word' id='word_1_117' title='bbox 1543 1685 1922 1757; x_wconf 87' lang='lat' dir='ltr'>argumentis.</span> 
     </span>
    </p>
   </div>
   <div class='ocr_carea' id='block_1_19' title="bbox 2017 1828 2072 1838">
    <p class='ocr_par' dir='ltr' id='par_1_19' title="bbox 2017 1828 2072 1838">
     <span class='ocr_line' id='line_1_19' title="bbox 2017 1828 2072 1838; baseline 0 0"><span class='ocrx_word' id='word_1_118' title='bbox 2017 1828 2072 1838; x_wconf 68' lang='grc' dir='ltr'>σοι·</span> 
     </span>
    </p>
   </div>
   <div class='ocr_carea' id='block_1_20' title="bbox 491 1857 2065 1937">
    <p class='ocr_par' dir='ltr' id='par_1_20' title="bbox 491 1857 2065 1937">
     <span class='ocr_line' id='line_1_20' title="bbox 491 1857 2065 1937; baseline 0.006 -27"><span class='ocrx_word' id='word_1_119' title='bbox 491 1857 582 1912; x_wconf 88' lang='grc'>78.</span> <span class='ocrx_word' id='word_1_120' title='bbox 614 1861 728 1914; x_wconf 86' lang='lat' dir='ltr'>Nos</span> <span class='ocrx_word' id='word_1_121' title='bbox 760 1864 914 1916; x_wconf 89' lang='lat' dir='ltr'>certe</span> <span class='ocrx_word' id='word_1_122' title='bbox 943 1861 1280 1932; x_wconf 89' lang='lat' dir='ltr'>Christiani,</span> <span class='ocrx_word' id='word_1_123' title='bbox 1317 1881 1431 1919; x_wconf 93' lang='lat' dir='ltr'>non</span> <span class='ocrx_word' id='word_1_124' title='bbox 1458 1865 1517 1920; x_wconf 93' lang='lat' dir='ltr'>in</span> <span class='ocrx_word' id='word_1_125' title='bbox 1567 1865 1857 1937; x_wconf 89' lang='lat' dir='ltr'>sapientia</span> <span class='ocrx_word' id='word_1_126' title='bbox 1886 1865 2065 1920; x_wconf 90' lang='lat' dir='ltr'>ratio-</span> 
     </span>
    </p>
   </div>
   <div class='ocr_carea' id='block_1_21' title="bbox 422 1950 2068 2024">
    <p class='ocr_par' dir='ltr' id='par_1_21' title="bbox 422 1950 2068 2024">
     <span class='ocr_line' id='line_1_21' title="bbox 422 1950 2068 2024; baseline 0.006 -25"><span class='ocrx_word' id='word_1_127' title='bbox 422 1961 564 2001; x_wconf 90' lang='lat' dir='ltr'>num</span> <span class='ocrx_word' id='word_1_128' title='bbox 578 1950 906 2006; x_wconf 72' lang='lat' dir='ltr'>Grzecarum</span> <span class='ocrx_word' id='word_1_129' title='bbox 922 1953 1264 2023; x_wconf 83' lang='lat' dir='ltr'>mysterium</span> <span class='ocrx_word' id='word_1_130' title='bbox 1285 1953 1570 2009; x_wconf 85' lang='lat' dir='ltr'>habemus</span> <span class='ocrx_word' id='word_1_131' title='bbox 1590 1955 1756 2024; x_wconf 74' lang='lat' dir='ltr'>“,sed</span> <span class='ocrx_word' id='word_1_132' title='bbox 1778 1954 1837 2008; x_wconf 92' lang='lat' dir='ltr'>in</span> <span class='ocrx_word' id='word_1_133' title='bbox 1856 1955 2068 2009; x_wconf 82' lang='lat' dir='ltr'>virtute</span> 
     </span>
    </p>
   </div>
   <div class='ocr_carea' id='block_1_22' title="bbox 420 2037 2069 2116">
    <p class='ocr_par' dir='ltr' id='par_1_22' title="bbox 420 2037 2069 2116">
     <span class='ocr_line' id='line_1_22' title="bbox 420 2037 2069 2116; baseline 0.005 -25"><span class='ocrx_word' id='word_1_134' title='bbox 420 2037 557 2092; x_wconf 89' lang='lat' dir='ltr'>ﬁdei</span> <span class='ocrx_word' id='word_1_135' title='bbox 588 2054 715 2108; x_wconf 63' lang='lat' dir='ltr'>qua</span> <span class='ocrx_word' id='word_1_136' title='bbox 737 2055 772 2093; x_wconf 90' lang='lat' dir='ltr'>a</span> <span class='ocrx_word' id='word_1_137' title='bbox 801 2039 916 2094; x_wconf 92' lang='lat' dir='ltr'>Deo</span> <span class='ocrx_word' id='word_1_138' title='bbox 944 2041 1112 2097; x_wconf 88' lang='lat' dir='ltr'>nobis</span> <span class='ocrx_word' id='word_1_139' title='bbox 1135 2059 1236 2114; x_wconf 91' lang='lat' dir='ltr'>per</span> <span class='ocrx_word' id='word_1_140' title='bbox 1253 2043 1457 2098; x_wconf 86' lang='lat' dir='ltr'>Jesum</span> <span class='ocrx_word' id='word_1_141' title='bbox 1479 2043 1774 2099; x_wconf 89' lang='lat' dir='ltr'>Christum</span> <span class='ocrx_word' id='word_1_142' title='bbox 1797 2043 2069 2116; x_wconf 88' lang='lat' dir='ltr'>suppedi-</span> 
     </span>
    </p>
   </div>
   <div class='ocr_carea' id='block_1_23' title="bbox 420 2129 2066 2204">
    <p class='ocr_par' dir='ltr' id='par_1_23' title="bbox 420 2129 2066 2204">
     <span class='ocr_line' id='line_1_23' title="bbox 420 2129 2066 2204; baseline 0.004 -23"><span class='ocrx_word' id='word_1_143' title='bbox 420 2130 597 2182; x_wconf 88' lang='lat' dir='ltr'>tatur.</span> <span class='ocrx_word' id='word_1_144' title='bbox 631 2129 794 2192; x_wconf 87' lang='lat' dir='ltr'>Quod</span> <span class='ocrx_word' id='word_1_145' title='bbox 827 2134 1022 2185; x_wconf 90' lang='lat' dir='ltr'>autem</span> <span class='ocrx_word' id='word_1_146' title='bbox 1040 2147 1172 2186; x_wconf 90' lang='lat' dir='ltr'>vera</span> <span class='ocrx_word' id='word_1_147' title='bbox 1195 2131 1311 2186; x_wconf 91' lang='lat' dir='ltr'>sint</span> <span class='ocrx_word' id='word_1_148' title='bbox 1342 2148 1468 2204; x_wconf 69' lang='lat' dir='ltr'>quae</span> <span class='ocrx_word' id='word_1_149' title='bbox 1495 2132 1721 2204; x_wconf 90' lang='lat' dir='ltr'>loquor,</span> <span class='ocrx_word' id='word_1_150' title='bbox 1755 2131 1890 2187; x_wconf 92' lang='lat' dir='ltr'>hinc</span> <span class='ocrx_word' id='word_1_151' title='bbox 1913 2149 2066 2188; x_wconf 85' lang='lat' dir='ltr'>com-</span> 
     </span>
    </p>
   </div>
   <div class='ocr_carea' id='block_1_24' title="bbox 420 2217 2068 2293">
    <p class='ocr_par' dir='ltr' id='par_1_24' title="bbox 420 2217 2068 2293">
     <span class='ocr_line' id='line_1_24' title="bbox 420 2217 2068 2293; baseline 0.004 -24"><span class='ocrx_word' id='word_1_152' title='bbox 420 2217 724 2286; x_wconf 87' lang='lat' dir='ltr'>probatur,</span> <span class='ocrx_word' id='word_1_153' title='bbox 757 2220 908 2288; x_wconf 91' lang='lat' dir='ltr'>quod</span> <span class='ocrx_word' id='word_1_154' title='bbox 941 2235 1069 2285; x_wconf 89' lang='lat' dir='ltr'>nos,</span> <span class='ocrx_word' id='word_1_155' title='bbox 1103 2219 1233 2275; x_wconf 90' lang='lat' dir='ltr'>licet</span> <span class='ocrx_word' id='word_1_156' title='bbox 1263 2219 1590 2276; x_wconf 88' lang='lat' dir='ltr'>litterarum</span> <span class='ocrx_word' id='word_1_157' title='bbox 1641 2222 1850 2293; x_wconf 88' lang='lat' dir='ltr'>ignari,</span> <span class='ocrx_word' id='word_1_158' title='bbox 1885 2221 2068 2276; x_wconf 83' lang='lat' dir='ltr'>credi-</span> 
     </span>
    </p>
   </div>
   <div class='ocr_carea' id='block_1_25' title="bbox 418 2307 2064 2382">
    <p class='ocr_par' dir='ltr' id='par_1_25' title="bbox 418 2307 2064 2382">
     <span class='ocr_line' id='line_1_25' title="bbox 418 2307 2064 2382; baseline 0.004 -22"><span class='ocrx_word' id='word_1_159' title='bbox 418 2322 553 2361; x_wconf 88' lang='lat' dir='ltr'>mus</span> <span class='ocrx_word' id='word_1_160' title='bbox 583 2307 642 2362; x_wconf 92' lang='lat' dir='ltr'>in</span> <span class='ocrx_word' id='word_1_161' title='bbox 676 2307 881 2379; x_wconf 90' lang='lat' dir='ltr'>Deum,</span> <span class='ocrx_word' id='word_1_162' title='bbox 914 2326 979 2364; x_wconf 91' lang='lat' dir='ltr'>ac</span> <span class='ocrx_word' id='word_1_163' title='bbox 1011 2325 1114 2380; x_wconf 90' lang='lat' dir='ltr'>per</span> <span class='ocrx_word' id='word_1_164' title='bbox 1142 2311 1271 2380; x_wconf 86' lang='lat' dir='ltr'>ejus</span> <span class='ocrx_word' id='word_1_165' title='bbox 1311 2327 1510 2382; x_wconf 84' lang='lat' dir='ltr'>Opera,</span> <span class='ocrx_word' id='word_1_166' title='bbox 1540 2311 1727 2382; x_wconf 91' lang='lat' dir='ltr'>ipsius</span> <span class='ocrx_word' id='word_1_167' title='bbox 1775 2311 1831 2365; x_wconf 91' lang='lat' dir='ltr'>in</span> <span class='ocrx_word' id='word_1_168' title='bbox 1867 2312 2064 2367; x_wconf 90' lang='lat' dir='ltr'>omnia</span> 
     </span>
    </p>
   </div>
   <div class='ocr_carea' id='block_1_26' title="bbox 412 2395 2063 2466">
    <p class='ocr_par' dir='ltr' id='par_1_26' title="bbox 412 2395 2063 2466">
     <span class='ocr_line' id='line_1_26' title="bbox 412 2395 2063 2466; baseline 0.005 -18"><span class='ocrx_word' id='word_1_169' title='bbox 412 2395 833 2466; x_wconf 83' lang='lat' dir='ltr'>providentiam</span> <span class='ocrx_word' id='word_1_170' title='bbox 871 2398 1330 2462; x_wconf 87' lang='lat' dir='ltr'>novimus.0uod</span> <span class='ocrx_word' id='word_1_171' title='bbox 1364 2404 1559 2454; x_wconf 88' lang='lat' dir='ltr'>autem</span> <span class='ocrx_word' id='word_1_172' title='bbox 1579 2401 1782 2456; x_wconf 78' lang='lat' dir='ltr'>efﬁcax</span> <span class='ocrx_word' id='word_1_173' title='bbox 1813 2401 1886 2455; x_wconf 88' lang='lat' dir='ltr'>sit</span> <span class='ocrx_word' id='word_1_174' title='bbox 1918 2401 2063 2456; x_wconf 89' lang='lat' dir='ltr'>ﬁdes</span> 
     </span>
    </p>
   </div>
   <div class='ocr_carea' id='block_1_27' title="bbox 409 2485 2061 2559">
    <p class='ocr_par' dir='ltr' id='par_1_27' title="bbox 409 2485 2061 2559">
     <span class='ocr_line' id='line_1_27' title="bbox 409 2485 2061 2559; baseline 0.003 -21"><span class='ocrx_word' id='word_1_175' title='bbox 409 2489 631 2554; x_wconf 88' lang='lat' dir='ltr'>nostra,</span> <span class='ocrx_word' id='word_1_176' title='bbox 655 2485 791 2541; x_wconf 90' lang='lat' dir='ltr'>hinc</span> <span class='ocrx_word' id='word_1_177' title='bbox 813 2487 1161 2555; x_wconf 88' lang='lat' dir='ltr'>ostenditur,</span> <span class='ocrx_word' id='word_1_178' title='bbox 1180 2489 1332 2559; x_wconf 91' lang='lat' dir='ltr'>quod</span> <span class='ocrx_word' id='word_1_179' title='bbox 1360 2488 1530 2544; x_wconf 91' lang='lat' dir='ltr'>nobis</span> <span class='ocrx_word' id='word_1_180' title='bbox 1550 2489 1660 2544; x_wconf 90' lang='lat' dir='ltr'>ﬁde</span> <span class='ocrx_word' id='word_1_181' title='bbox 1679 2489 1738 2543; x_wconf 90' lang='lat' dir='ltr'>in</span> <span class='ocrx_word' id='word_1_182' title='bbox 1761 2489 2061 2544; x_wconf 88' lang='lat' dir='ltr'>Christum</span> 
     </span>
    </p>
   </div>
   <div class='ocr_carea' id='block_1_28' title="bbox 405 2571 2060 2648">
    <p class='ocr_par' dir='ltr' id='par_1_28' title="bbox 405 2571 2060 2648">
     <span class='ocr_line' id='line_1_28' title="bbox 405 2571 2060 2648; baseline 0.004 -21"><span class='ocrx_word' id='word_1_183' title='bbox 405 2571 643 2642; x_wconf 84' lang='lat' dir='ltr'>innixis,</span> <span class='ocrx_word' id='word_1_184' title='bbox 675 2575 839 2631; x_wconf 90' lang='lat' dir='ltr'>vobis</span> <span class='ocrx_word' id='word_1_185' title='bbox 869 2593 1002 2631; x_wconf 91' lang='lat' dir='ltr'>vero</span> <span class='ocrx_word' id='word_1_186' title='bbox 1034 2576 1372 2648; x_wconf 87' lang='lat' dir='ltr'>sophisticis</span> <span class='ocrx_word' id='word_1_187' title='bbox 1403 2578 1951 2648; x_wconf 88' lang='lat' dir='ltr'>disceptationibus,</span> <span class='ocrx_word' id='word_1_188' title='bbox 1967 2595 2060 2633; x_wconf 87' lang='lat' dir='ltr'>ve-</span> 
     </span>
    </p>
   </div>
   <div class='ocr_carea' id='block_1_29' title="bbox 408 2664 2062 2737">
    <p class='ocr_par' dir='ltr' id='par_1_29' title="bbox 408 2664 2062 2737">
     <span class='ocr_line' id='line_1_29' title="bbox 408 2664 2062 2737; baseline 0.004 -21"><span class='ocrx_word' id='word_1_189' title='bbox 408 2667 531 2717; x_wconf 87' lang='lat' dir='ltr'>stra</span> <span class='ocrx_word' id='word_1_190' title='bbox 561 2664 796 2734; x_wconf 90' lang='lat' dir='ltr'>quidem</span> <span class='ocrx_word' id='word_1_191' title='bbox 832 2664 1121 2720; x_wconf 82' lang='lat' dir='ltr'>idolorum</span> <span class='ocrx_word' id='word_1_192' title='bbox 1171 2670 1440 2737; x_wconf 90' lang='lat' dir='ltr'>portenta</span> <span class='ocrx_word' id='word_1_193' title='bbox 1483 2666 1829 2734; x_wconf 89' lang='lat' dir='ltr'>abolentur;</span> <span class='ocrx_word' id='word_1_194' title='bbox 1865 2674 2062 2722; x_wconf 81' lang='lat' dir='ltr'>nostra</span> 
     </span>
    </p>
   </div>
   <div class='ocr_carea' id='block_1_30' title="bbox 409 2753 2062 2828">
    <p class='ocr_par' dir='ltr' id='par_1_30' title="bbox 409 2753 2062 2828">
     <span class='ocr_line' id='line_1_30' title="bbox 409 2753 2062 2828; baseline 0.002 -20"><span class='ocrx_word' id='word_1_195' title='bbox 409 2769 541 2808; x_wconf 88' lang='lat' dir='ltr'>vero</span> <span class='ocrx_word' id='word_1_196' title='bbox 574 2754 720 2810; x_wconf 89' lang='lat' dir='ltr'>ﬁdes</span> <span class='ocrx_word' id='word_1_197' title='bbox 753 2753 968 2825; x_wconf 90' lang='lat' dir='ltr'>ubique</span> <span class='ocrx_word' id='word_1_198' title='bbox 1022 2761 1395 2826; x_wconf 84' lang='lat' dir='ltr'>propagatur.</span> <span class='ocrx_word' id='word_1_199' title='bbox 1446 2755 1563 2810; x_wconf 92' lang='lat' dir='ltr'>Vos</span> <span class='ocrx_word' id='word_1_200' title='bbox 1611 2760 1973 2828; x_wconf 86' lang='lat' dir='ltr'>argumentis</span> <span class='ocrx_word' id='word_1_201' title='bbox 2005 2760 2062 2812; x_wconf 87' lang='lat' dir='ltr'>et</span> 
     </span>
    </p>
   </div>
   <div class='ocr_carea' id='block_1_31' title="bbox 410 2841 2062 2917">
    <p class='ocr_par' dir='ltr' id='par_1_31' title="bbox 410 2841 2062 2917">
     <span class='ocr_line' id='line_1_31' title="bbox 410 2841 2062 2917; baseline 0.002 -21"><span class='ocrx_word' id='word_1_202' title='bbox 410 2841 876 2912; x_wconf 90' lang='lat' dir='ltr'>sopbismatibus</span> <span class='ocrx_word' id='word_1_203' title='bbox 909 2844 1201 2900; x_wconf 90' lang='lat' dir='ltr'>neminem</span> <span class='ocrx_word' id='word_1_204' title='bbox 1234 2845 1695 2900; x_wconf 88' lang='lat' dir='ltr'>Christianorum</span> <span class='ocrx_word' id='word_1_205' title='bbox 1720 2847 1789 2900; x_wconf 90' lang='lat' dir='ltr'>ad</span> <span class='ocrx_word' id='word_1_206' title='bbox 1823 2846 2062 2917; x_wconf 89' lang='lat' dir='ltr'>pagani-</span> 
     </span>
    </p>
   </div>
   <div class='ocr_carea' id='block_1_32' title="bbox 410 2932 2060 3006">
    <p class='ocr_par' dir='ltr' id='par_1_32' title="bbox 410 2932 2060 3006">
     <span class='ocr_line' id='line_1_32' title="bbox 410 2932 2060 3006; baseline 0.001 -19"><span class='ocrx_word' id='word_1_207' title='bbox 410 2949 605 2988; x_wconf 89' lang='lat' dir='ltr'>smum</span> <span class='ocrx_word' id='word_1_208' title='bbox 640 2932 982 3001; x_wconf 87' lang='lat' dir='ltr'>lraducitis;</span> <span class='ocrx_word' id='word_1_209' title='bbox 1018 2950 1123 2988; x_wconf 91' lang='lat' dir='ltr'>nos</span> <span class='ocrx_word' id='word_1_210' title='bbox 1156 2935 1328 2989; x_wconf 80' lang='lat' dir='ltr'>ﬁdem</span> <span class='ocrx_word' id='word_1_211' title='bbox 1359 2951 1496 3006; x_wconf 89' lang='lat' dir='ltr'>erga</span> <span class='ocrx_word' id='word_1_212' title='bbox 1526 2934 1824 2990; x_wconf 83' lang='lat' dir='ltr'>Christum</span> <span class='ocrx_word' id='word_1_213' title='bbox 1857 2935 2060 2989; x_wconf 89' lang='lat' dir='ltr'>docen-</span> 
     </span>
    </p>
   </div>
   <div class='ocr_carea' id='block_1_33' title="bbox 409 3023 2059 3095">
    <p class='ocr_par' dir='ltr' id='par_1_33' title="bbox 409 3023 2059 3095">
     <span class='ocr_line' id='line_1_33' title="bbox 409 3023 2059 3095; baseline 0.001 -19"><span class='ocrx_word' id='word_1_214' title='bbox 409 3026 521 3089; x_wconf 90' lang='lat' dir='ltr'>tes,</span> <span class='ocrx_word' id='word_1_215' title='bbox 551 3033 804 3078; x_wconf 83' lang='lat' dir='ltr'>vestram</span> <span class='ocrx_word' id='word_1_216' title='bbox 840 3023 1161 3078; x_wconf 89' lang='lat' dir='ltr'>minuimus</span> <span class='ocrx_word' id='word_1_217' title='bbox 1199 3023 1698 3095; x_wconf 81' lang='lat' dir='ltr'>superstitionem,</span> <span class='ocrx_word' id='word_1_218' title='bbox 1731 3040 2059 3094; x_wconf 89' lang='lat' dir='ltr'>agnoscen-</span> 
     </span>
    </p>
   </div>
   <div class='ocr_carea' id='block_1_34' title="bbox 409 3110 2054 3178">
    <p class='ocr_par' dir='ltr' id='par_1_34' title="bbox 409 3110 2054 3178">
     <span class='ocr_line' id='line_1_34' title="bbox 409 3110 2054 3178; baseline 0.001 -13"><span class='ocrx_word' id='word_1_219' title='bbox 409 3110 568 3167; x_wconf 88' lang='lat' dir='ltr'>tibus</span> <span class='ocrx_word' id='word_1_220' title='bbox 596 3111 892 3178; x_wconf 90' lang='lat' dir='ltr'>omnibus,</span> <span class='ocrx_word' id='word_1_221' title='bbox 926 3111 1222 3166; x_wconf 86' lang='lat' dir='ltr'>Christum</span> <span class='ocrx_word' id='word_1_222' title='bbox 1255 3112 1437 3166; x_wconf 90' lang='lat' dir='ltr'>Deum</span> <span class='ocrx_word' id='word_1_223' title='bbox 1461 3129 1588 3167; x_wconf 90' lang='lat' dir='ltr'>esse</span> <span class='ocrx_word' id='word_1_224' title='bbox 1614 3117 1667 3167; x_wconf 92' lang='lat' dir='ltr'>et</span> <span class='ocrx_word' id='word_1_225' title='bbox 1697 3113 1792 3167; x_wconf 89' lang='lat' dir='ltr'>Dei</span> <span class='ocrx_word' id='word_1_226' title='bbox 1830 3111 2054 3167; x_wconf 86' lang='lat' dir='ltr'>Filium.</span> 
     </span>
    </p>
   </div>
   <div class='ocr_carea' id='block_1_35' title="bbox 407 3199 2057 3271">
    <p class='ocr_par' dir='ltr' id='par_1_35' title="bbox 407 3199 2057 3271">
     <span class='ocr_line' id='line_1_35' title="bbox 407 3199 2057 3271; baseline 0.003 -19"><span class='ocrx_word' id='word_1_227' title='bbox 407 3199 524 3255; x_wconf 87' lang='lat' dir='ltr'>Vos</span> <span class='ocrx_word' id='word_1_228' title='bbox 556 3200 890 3271; x_wconf 86' lang='lat' dir='ltr'>eloquentia</span> <span class='ocrx_word' id='word_1_229' title='bbox 936 3206 1127 3256; x_wconf 89' lang='lat' dir='ltr'>vestra</span> <span class='ocrx_word' id='word_1_230' title='bbox 1176 3200 1387 3256; x_wconf 87' lang='lat' dir='ltr'>Christi</span> <span class='ocrx_word' id='word_1_231' title='bbox 1439 3201 1766 3256; x_wconf 85' lang='lat' dir='ltr'>doctrinam</span> <span class='ocrx_word' id='word_1_232' title='bbox 1812 3201 2057 3257; x_wconf 89' lang='lat' dir='ltr'>minime</span> 
     </span>
    </p>
   </div>
   <div class='ocr_carea' id='block_1_36' title="bbox 2157 616 3804 696">
    <p class='ocr_par' dir='ltr' id='par_1_36' title="bbox 2157 616 3804 696">
     <span class='ocr_line' id='line_1_36' title="bbox 2157 616 3804 696; baseline 0.003 -25"><span class='ocrx_word' id='word_1_233' title='bbox 2157 616 2227 671; x_wconf 88' lang='grc' dir='ltr'>δι’</span> <span class='ocrx_word' id='word_1_234' title='bbox 2275 618 2534 694; x_wconf 80' lang='grc' dir='ltr'>ἐνεργείας</span> <span class='ocrx_word' id='word_1_235' title='bbox 2580 620 2846 688; x_wconf 86' lang='grc' dir='ltr'>πίστεως;</span> <span class='ocrx_word' id='word_1_236' title='bbox 2893 623 2978 675; x_wconf 78' lang='grc' dir='ltr'>καὶ</span> <span class='ocrx_word' id='word_1_237' title='bbox 3025 620 3076 674; x_wconf 89' lang='grc' dir='ltr'>τί</span> <span class='ocrx_word' id='word_1_238' title='bbox 3123 617 3486 696; x_wconf 77' lang='grc' dir='ltr'>πρεσϐύτερόν</span> <span class='ocrx_word' id='word_1_239' title='bbox 3544 620 3706 691; x_wconf 89' lang='grc' dir='ltr'>ἐστιν,</span> <span class='ocrx_word' id='word_1_240' title='bbox 3768 625 3804 691; x_wconf 91' lang='grc' dir='ltr'>ἡ</span> 
     </span>
    </p>
   </div>
   <div class='ocr_carea' id='block_1_37' title="bbox 2159 704 3803 784">
    <p class='ocr_par' dir='ltr' id='par_1_37' title="bbox 2159 704 3803 784">
     <span class='ocr_line' id='line_1_37' title="bbox 2159 704 3803 784; baseline 0.002 -24"><span class='ocrx_word' id='word_1_241' title='bbox 2159 704 2228 760; x_wconf 85' lang='grc' dir='ltr'>δι’</span> <span class='ocrx_word' id='word_1_242' title='bbox 2261 706 2525 782; x_wconf 74' lang='grc' dir='ltr'>ἐνεργείας</span> <span class='ocrx_word' id='word_1_243' title='bbox 2555 709 2757 777; x_wconf 89' lang='grc' dir='ltr'>πίστις,</span> <span class='ocrx_word' id='word_1_244' title='bbox 2791 709 2825 778; x_wconf 70' lang='grc' dir='ltr'><strong>ἢ</strong></span> <span class='ocrx_word' id='word_1_245' title='bbox 2867 712 2900 778; x_wconf 85' lang='grc' dir='ltr'>ἡ</span> <span class='ocrx_word' id='word_1_246' title='bbox 2953 707 3042 763; x_wconf 69' lang='grc' dir='ltr'>διὰ</span> <span class='ocrx_word' id='word_1_247' title='bbox 3087 708 3267 784; x_wconf 89' lang='grc' dir='ltr'>λόγων</span> <span class='ocrx_word' id='word_1_248' title='bbox 3319 708 3626 780; x_wconf 70' lang='grc' dir='ltr'>ἀπόδειξις,</span> <span class='ocrx_word' id='word_1_249' title='bbox 3685 716 3803 766; x_wconf 81' lang='grc' dir='ltr'>Τῶν</span> 
     </span>
    </p>
   </div>
   <div class='ocr_carea' id='block_1_38' title="bbox 2161 791 3809 875">
    <p class='ocr_par' dir='ltr' id='par_1_38' title="bbox 2161 791 3809 875">
     <span class='ocr_line' id='line_1_38' title="bbox 2161 791 3809 875; baseline 0.004 -27"><span class='ocrx_word' id='word_1_250' title='bbox 2161 791 2216 848; x_wconf 76' lang='grc' dir='ltr'>δὲ</span> <span class='ocrx_word' id='word_1_251' title='bbox 2267 796 2734 869; x_wconf 67' lang='grc' dir='ltr'>ἀποκριναμένων,</span> <span class='ocrx_word' id='word_1_252' title='bbox 2782 793 3143 872; x_wconf 74' lang='grc' dir='ltr'>πρεσϐυτέραν</span> <span class='ocrx_word' id='word_1_253' title='bbox 3207 800 3339 853; x_wconf 78' lang='grc' dir='ltr'>εἶναι</span> <span class='ocrx_word' id='word_1_254' title='bbox 3397 799 3497 866; x_wconf 79' lang='grc' dir='ltr'>τήν</span> <span class='ocrx_word' id='word_1_255' title='bbox 3532 797 3600 853; x_wconf 86' lang='grc' dir='ltr'>δι’</span> <span class='ocrx_word' id='word_1_256' title='bbox 3658 799 3809 875; x_wconf 86' lang='grc' dir='ltr'>ἐνερ-</span> 
     </span>
    </p>
   </div>
   <div class='ocr_carea' id='block_1_39' title="bbox 2161 883 3810 964">
    <p class='ocr_par' dir='ltr' id='par_1_39' title="bbox 2161 883 3810 964">
     <span class='ocr_line' id='line_1_39' title="bbox 2161 883 3810 964; baseline 0.002 -27"><span class='ocrx_word' id='word_1_257' title='bbox 2161 884 2307 957; x_wconf 83' lang='grc' dir='ltr'>γείας</span> <span class='ocrx_word' id='word_1_258' title='bbox 2354 885 2564 954; x_wconf 83' lang='grc' dir='ltr'>πίστιν,</span> <span class='ocrx_word' id='word_1_259' title='bbox 2617 887 2704 939; x_wconf 84' lang='grc' dir='ltr'>καὶ</span> <span class='ocrx_word' id='word_1_260' title='bbox 2749 887 2948 956; x_wconf 76' lang='grc' dir='ltr'>ταύτην</span> <span class='ocrx_word' id='word_1_261' title='bbox 2998 887 3130 940; x_wconf 77' lang='grc' dir='ltr'>εἶναι</span> <span class='ocrx_word' id='word_1_262' title='bbox 3178 889 3276 956; x_wconf 81' lang='grc' dir='ltr'>τὴν</span> <span class='ocrx_word' id='word_1_263' title='bbox 3327 883 3526 962; x_wconf 79' lang='grc' dir='ltr'>ἀκριϐῆ</span> <span class='ocrx_word' id='word_1_264' title='bbox 3587 895 3810 964; x_wconf 80' lang='grc' dir='ltr'>γνῶσιν·</span> 
     </span>
    </p>
   </div>
   <div class='ocr_carea' id='block_1_40' title="bbox 2162 970 3800 1051">
    <p class='ocr_par' dir='ltr' id='par_1_40' title="bbox 2162 970 3800 1051">
     <span class='ocr_line' id='line_1_40' title="bbox 2162 970 3800 1051; baseline 0.003 -26"><span class='ocrx_word' id='word_1_265' title='bbox 2162 970 2259 1047; x_wconf 71' lang='grc' dir='ltr'>ἔφη</span> <span class='ocrx_word' id='word_1_266' title='bbox 2296 973 2323 1026; x_wconf 84' lang='grc' dir='ltr'>ὁ</span> <span class='ocrx_word' id='word_1_267' title='bbox 2358 974 2665 1035; x_wconf 60' lang='grc' dir='ltr'>’Δντὼνιος</span> <span class='ocrx_word' id='word_1_268' title='bbox 2702 973 2895 1036; x_wconf 81' lang='grc' dir='ltr'>Καλῶς</span> <span class='ocrx_word' id='word_1_269' title='bbox 2947 973 3146 1029; x_wconf 80' lang='grc' dir='ltr'>εἶ’πατε·</span> <span class='ocrx_word' id='word_1_270' title='bbox 3208 978 3242 1044; x_wconf 89' lang='grc' dir='ltr'>ἡ</span> <span class='ocrx_word' id='word_1_271' title='bbox 3305 976 3396 1049; x_wconf 87' lang='grc' dir='ltr'>μέν</span> <span class='ocrx_word' id='word_1_272' title='bbox 3456 978 3555 1051; x_wconf 69' lang='grc' dir='ltr'>γὰρ</span> <span class='ocrx_word' id='word_1_273' title='bbox 3613 977 3800 1038; x_wconf 79' lang='grc' dir='ltr'>πίστις</span> 
     </span>
    </p>
   </div>
   <div class='ocr_carea' id='block_1_41' title="bbox 2165 1059 3808 1138">
    <p class='ocr_par' dir='ltr' id='par_1_41' title="bbox 2165 1059 3808 1138">
     <span class='ocr_line' id='line_1_41' title="bbox 2165 1059 3808 1138; baseline 0.005 -24"><span class='ocrx_word' id='word_1_274' title='bbox 2165 1061 2270 1114; x_wconf 86' lang='grc' dir='ltr'>ἀπὸ</span> <span class='ocrx_word' id='word_1_275' title='bbox 2301 1059 2591 1125; x_wconf 66' lang='grc' dir='ltr'>διαθέσεως</span> <span class='ocrx_word' id='word_1_276' title='bbox 2635 1065 2820 1138; x_wconf 76' lang='grc' dir='ltr'>ψυχῆς</span> <span class='ocrx_word' id='word_1_277' title='bbox 2861 1064 3086 1138; x_wconf 87' lang='grc' dir='ltr'>γίνεται’</span> <span class='ocrx_word' id='word_1_278' title='bbox 3136 1066 3170 1133; x_wconf 87' lang='grc' dir='ltr'>ἡ</span> <span class='ocrx_word' id='word_1_279' title='bbox 3224 1061 3282 1118; x_wconf 70' lang='grc' dir='ltr'>δὲ</span> <span class='ocrx_word' id='word_1_280' title='bbox 3335 1063 3651 1135; x_wconf 84' lang='grc' dir='ltr'>διαλεκτικὴ</span> <span class='ocrx_word' id='word_1_281' title='bbox 3698 1067 3808 1122; x_wconf 78' lang='grc' dir='ltr'>ἀπὸ</span> 
     </span>
    </p>
   </div>
   <div class='ocr_carea' id='block_1_42' title="bbox 2163 1151 3890 1231">
    <p class='ocr_par' dir='ltr' id='par_1_42' title="bbox 2163 1151 3890 1231">
     <span class='ocr_line' id='line_1_42' title="bbox 2163 1151 3890 1231; baseline 0.004 -29"><span class='ocrx_word' id='word_1_282' title='bbox 2163 1151 2363 1224; x_wconf 69' lang='grc' dir='ltr'>τέχνης</span> <span class='ocrx_word' id='word_1_283' title='bbox 2393 1155 2500 1206; x_wconf 83' lang='grc' dir='ltr'>τῶν</span> <span class='ocrx_word' id='word_1_284' title='bbox 2554 1151 2900 1216; x_wconf 70' lang='grc' dir='ltr'>συντιθέντων</span> <span class='ocrx_word' id='word_1_285' title='bbox 2951 1151 3114 1207; x_wconf 77' lang='grc' dir='ltr'>ἐστίν.</span> <span class='ocrx_word' id='word_1_286' title='bbox 3163 1153 3375 1209; x_wconf 82' lang='grc' dir='ltr'>Οὐκοῦν</span> <span class='ocrx_word' id='word_1_287' title='bbox 3423 1155 3504 1216; x_wconf 82' lang='grc' dir='ltr'>οἷς</span> <span class='ocrx_word' id='word_1_288' title='bbox 3553 1157 3811 1231; x_wconf 82' lang='grc' dir='ltr'>πάρεστιν</span> <span class='ocrx_word' id='word_1_289' title='bbox 3877 1167 3890 1179; x_wconf 81' lang='lat'><strong>‘</strong></span> 
     </span>
    </p>
   </div>
   <div class='ocr_carea' id='block_1_43' title="bbox 2165 1235 3816 1319">
    <p class='ocr_par' dir='ltr' id='par_1_43' title="bbox 2165 1235 3816 1319">
     <span class='ocr_line' id='line_1_43' title="bbox 2165 1235 3816 1319; baseline 0.004 -28"><span class='ocrx_word' id='word_1_290' title='bbox 2165 1239 2199 1306; x_wconf 78' lang='grc' dir='ltr'>ἡ</span> <span class='ocrx_word' id='word_1_291' title='bbox 2235 1235 2322 1293; x_wconf 73' lang='grc' dir='ltr'>διὰ</span> <span class='ocrx_word' id='word_1_292' title='bbox 2346 1239 2577 1303; x_wconf 89' lang='grc' dir='ltr'>πίστεως</span> <span class='ocrx_word' id='word_1_293' title='bbox 2607 1239 2863 1316; x_wconf 67' lang='grc' dir='ltr'>ἐνέργεια,</span> <span class='ocrx_word' id='word_1_294' title='bbox 2912 1242 3128 1304; x_wconf 75' lang='grc' dir='ltr'>τούτοις</span> <span class='ocrx_word' id='word_1_295' title='bbox 3152 1241 3250 1296; x_wconf 78' lang='grc' dir='ltr'>οὐκ</span> <span class='ocrx_word' id='word_1_296' title='bbox 3295 1241 3572 1318; x_wconf 82' lang='grc' dir='ltr'>ἀναγκαία,</span> <span class='ocrx_word' id='word_1_297' title='bbox 3600 1243 3634 1311; x_wconf 72' lang='grc' dir='ltr'>ἢ</span> <span class='ocrx_word' id='word_1_298' title='bbox 3666 1245 3816 1319; x_wconf 86' lang='grc' dir='ltr'>τάχα</span> 
     </span>
    </p>
   </div>
   <div class='ocr_carea' id='block_1_44' title="bbox 2166 1326 3812 1407">
    <p class='ocr_par' dir='ltr' id='par_1_44' title="bbox 2166 1326 3812 1407">
     <span class='ocr_line' id='line_1_44' title="bbox 2166 1326 3812 1407; baseline 0.004 -27"><span class='ocrx_word' id='word_1_299' title='bbox 2166 1327 2256 1381; x_wconf 86' lang='grc' dir='ltr'>καὶ</span> <span class='ocrx_word' id='word_1_300' title='bbox 2307 1331 2530 1402; x_wconf 85' lang='grc' dir='ltr'>περιττή</span> <span class='ocrx_word' id='word_1_301' title='bbox 2581 1329 2615 1398; x_wconf 82' lang='grc' dir='ltr'>ἡ</span> <span class='ocrx_word' id='word_1_302' title='bbox 2669 1326 2757 1383; x_wconf 80' lang='grc' dir='ltr'>διὰ</span> <span class='ocrx_word' id='word_1_303' title='bbox 2799 1329 2979 1404; x_wconf 89' lang='grc' dir='ltr'>λόγων</span> <span class='ocrx_word' id='word_1_304' title='bbox 3027 1327 3318 1402; x_wconf 76' lang='grc' dir='ltr'>ἀπόδειξις.</span> <span class='ocrx_word' id='word_1_305' title='bbox 3369 1329 3468 1386; x_wconf 70' lang='grc' dir='ltr'>Καὶ</span> <span class='ocrx_word' id='word_1_306' title='bbox 3515 1332 3618 1407; x_wconf 77' lang='grc' dir='ltr'>γὰρ</span> <span class='ocrx_word' id='word_1_307' title='bbox 3677 1332 3812 1407; x_wconf 78' lang='grc' dir='ltr'>ὅπερ</span> 
     </span>
    </p>
   </div>
   <div class='ocr_carea' id='block_1_45' title="bbox 2169 1417 3815 1496">
    <p class='ocr_par' dir='ltr' id='par_1_45' title="bbox 2169 1417 3815 1496">
     <span class='ocr_line' id='line_1_45' title="bbox 2169 1417 3815 1496; baseline 0.002 -26"><span class='ocrx_word' id='word_1_308' title='bbox 2169 1418 2332 1487; x_wconf 87' lang='grc' dir='ltr'>ἡμεῖς</span> <span class='ocrx_word' id='word_1_309' title='bbox 2374 1417 2432 1471; x_wconf 87' lang='grc' dir='ltr'>ἐκ</span> <span class='ocrx_word' id='word_1_310' title='bbox 2475 1417 2707 1479; x_wconf 86' lang='grc' dir='ltr'>πίστεως</span> <span class='ocrx_word' id='word_1_311' title='bbox 2754 1422 3003 1491; x_wconf 76' lang='grc' dir='ltr'>νοοῦμεν,</span> <span class='ocrx_word' id='word_1_312' title='bbox 3055 1418 3216 1474; x_wconf 82' lang='grc' dir='ltr'>τοῦτο</span> <span class='ocrx_word' id='word_1_313' title='bbox 3267 1419 3420 1492; x_wconf 84' lang='grc' dir='ltr'>ὑμεῖς</span> <span class='ocrx_word' id='word_1_314' title='bbox 3481 1419 3570 1475; x_wconf 83' lang='grc' dir='ltr'>διὰ</span> <span class='ocrx_word' id='word_1_315' title='bbox 3629 1421 3815 1496; x_wconf 85' lang='grc' dir='ltr'>Λόγων</span> 
     </span>
    </p>
   </div>
   <div class='ocr_carea' id='block_1_46' title="bbox 2169 1504 3821 1579">
    <p class='ocr_par' dir='ltr' id='par_1_46' title="bbox 2169 1504 3821 1579">
     <span class='ocr_line' id='line_1_46' title="bbox 2169 1504 3821 1579; baseline 0.004 -21"><span class='ocrx_word' id='word_1_316' title='bbox 2169 1504 2579 1574; x_wconf 73' lang='grc' dir='ltr'>κατασκευάζειν</span> <span class='ocrx_word' id='word_1_317' title='bbox 2640 1511 2894 1579; x_wconf 78' lang='grc' dir='ltr'>πειρᾶσθε</span> <span class='ocrx_word' id='word_1_318' title='bbox 2956 1509 3108 1578; x_wconf 81' lang='grc'>(67)·</span> <span class='ocrx_word' id='word_1_319' title='bbox 3180 1507 3268 1561; x_wconf 84' lang='grc' dir='ltr'>καὶ</span> <span class='ocrx_word' id='word_1_320' title='bbox 3345 1505 3619 1572; x_wconf 83' lang='grc' dir='ltr'>πολλάκις</span> <span class='ocrx_word' id='word_1_321' title='bbox 3691 1507 3821 1565; x_wconf 76' lang='grc' dir='ltr'>οὐδὲ</span> 
     </span>
    </p>
   </div>
   <div class='ocr_carea' id='block_1_47' title="bbox 2172 1593 3823 1674">
    <p class='ocr_par' dir='ltr' id='par_1_47' title="bbox 2172 1593 3823 1674">
     <span class='ocr_line' id='line_1_47' title="bbox 2172 1593 3823 1674; baseline 0.004 -27"><span class='ocrx_word' id='word_1_322' title='bbox 2172 1594 2366 1670; x_wconf 76' lang='grc' dir='ltr'>φράσαι</span> <span class='ocrx_word' id='word_1_323' title='bbox 2401 1596 2687 1667; x_wconf 76' lang='grc' dir='ltr'>ἃνοοῦμεν</span> <span class='ocrx_word' id='word_1_324' title='bbox 2747 1593 2990 1659; x_wconf 81' lang='grc' dir='ltr'>δύνασθε·</span> <span class='ocrx_word' id='word_1_325' title='bbox 3053 1596 3189 1650; x_wconf 83' lang='grc' dir='ltr'>ὥστε</span> <span class='ocrx_word' id='word_1_326' title='bbox 3250 1595 3480 1672; x_wconf 85' lang='grc' dir='ltr'>βελτίων</span> <span class='ocrx_word' id='word_1_327' title='bbox 3534 1599 3623 1652; x_wconf 86' lang='grc' dir='ltr'>καὶ</span> <span class='ocrx_word' id='word_1_328' title='bbox 3677 1598 3823 1674; x_wconf 84' lang='grc' dir='ltr'>ὀχυ-</span> 
     </span>
    </p>
   </div>
   <div class='ocr_carea' id='block_1_48' title="bbox 2175 1681 3825 1764">
    <p class='ocr_par' dir='ltr' id='par_1_48' title="bbox 2175 1681 3825 1764">
     <span class='ocr_line' id='line_1_48' title="bbox 2175 1681 3825 1764; baseline 0.003 -28"><span class='ocrx_word' id='word_1_329' title='bbox 2175 1685 2380 1759; x_wconf 77' lang='grc' dir='ltr'>ρωτέρα</span> <span class='ocrx_word' id='word_1_330' title='bbox 2406 1686 2440 1752; x_wconf 81' lang='grc' dir='ltr'>ἡ</span> <span class='ocrx_word' id='word_1_331' title='bbox 2474 1681 2562 1738; x_wconf 79' lang='grc' dir='ltr'>διὰ</span> <span class='ocrx_word' id='word_1_332' title='bbox 2591 1685 2823 1748; x_wconf 82' lang='grc' dir='ltr'>πίστεως</span> <span class='ocrx_word' id='word_1_333' title='bbox 2851 1683 3090 1759; x_wconf 69' lang='grc' dir='ltr'>ἐνέργεια</span> <span class='ocrx_word' id='word_1_334' title='bbox 3132 1690 3238 1740; x_wconf 80' lang='grc' dir='ltr'>τῶν</span> <span class='ocrx_word' id='word_1_335' title='bbox 3290 1691 3614 1764; x_wconf 78' lang='grc' dir='ltr'>σοφιστικῶν</span> <span class='ocrx_word' id='word_1_336' title='bbox 3668 1687 3825 1762; x_wconf 79' lang='grc' dir='ltr'>ὑμῶν</span> 
     </span>
    </p>
   </div>
   <div class='ocr_carea' id='block_1_49' title="bbox 2176 1771 3240 1847">
    <p class='ocr_par' dir='ltr' id='par_1_49' title="bbox 2176 1771 3240 1847">
     <span class='ocr_line' id='line_1_49' title="bbox 2176 1771 3240 1847; baseline 0.004 -21"><span class='ocrx_word' id='word_1_337' title='bbox 2176 1771 2582 1847; x_wconf 81' lang='grc' dir='ltr'>συλλογισμῶν.</span> <span class='ocrx_word' id='word_1_338' title='bbox 3235 1827 3240 1830; x_wconf 90' lang='grc'>.</span> 
     </span>
    </p>
   </div>
   <div class='ocr_carea' id='block_1_50' title="bbox 2243 1863 3821 1943">
    <p class='ocr_par' dir='ltr' id='par_1_50' title="bbox 2243 1863 3821 1943">
     <span class='ocr_line' id='line_1_50' title="bbox 2243 1863 3821 1943; baseline 0.003 -27"><span class='ocrx_word' id='word_1_339' title='bbox 2243 1865 2332 1920; x_wconf 92' lang='lat'>78.</span> <span class='ocrx_word' id='word_1_340' title='bbox 2370 1865 2559 1935; x_wconf 85' lang='grc' dir='ltr'>Ἡμεῖς</span> <span class='ocrx_word' id='word_1_341' title='bbox 2591 1863 2767 1918; x_wconf 85' lang='grc' dir='ltr'>τοίνυν</span> <span class='ocrx_word' id='word_1_342' title='bbox 2803 1863 2853 1918; x_wconf 73' lang='grc' dir='ltr'>οἱ</span> <span class='ocrx_word' id='word_1_343' title='bbox 2884 1865 3192 1938; x_wconf 80' lang='grc' dir='ltr'>Χριστιανοὶ</span> <span class='ocrx_word' id='word_1_344' title='bbox 3229 1866 3331 1920; x_wconf 79' lang='grc' dir='ltr'>οὐκ</span> <span class='ocrx_word' id='word_1_345' title='bbox 3363 1865 3414 1920; x_wconf 83' lang='grc' dir='ltr'>ἐν</span> <span class='ocrx_word' id='word_1_346' title='bbox 3446 1864 3608 1943; x_wconf 77' lang='grc' dir='ltr'>σοφίᾳ</span> <span class='ocrx_word' id='word_1_347' title='bbox 3639 1864 3821 1941; x_wconf 88' lang='grc' dir='ltr'>λόγων</span> 
     </span>
    </p>
   </div>
   <div class='ocr_carea' id='block_1_51' title="bbox 2178 1951 3822 2028">
    <p class='ocr_par' dir='ltr' id='par_1_51' title="bbox 2178 1951 3822 2028">
     <span class='ocr_line' id='line_1_51' title="bbox 2178 1951 3822 2028; baseline 0.001 -21"><span class='ocrx_word' id='word_1_348' title='bbox 2178 1951 2517 2023; x_wconf 82' lang='grc' dir='ltr'>Ἑλληνικῶν</span> <span class='ocrx_word' id='word_1_349' title='bbox 2551 1951 2750 2028; x_wconf 73' lang='grc' dir='ltr'>ἔχομεν</span> <span class='ocrx_word' id='word_1_350' title='bbox 2809 1953 2871 2008; x_wconf 87' lang='grc' dir='ltr'>τὸ</span> <span class='ocrx_word' id='word_1_351' title='bbox 2929 1955 3247 2027; x_wconf 77' lang='grc' dir='ltr'>μυστήριον·</span> <span class='ocrx_word' id='word_1_352' title='bbox 3297 1953 3423 2009; x_wconf 82' lang='grc' dir='ltr'>ἀλλ’</span> <span class='ocrx_word' id='word_1_353' title='bbox 3477 1953 3527 2009; x_wconf 84' lang='grc' dir='ltr'>ἐν</span> <span class='ocrx_word' id='word_1_354' title='bbox 3591 1952 3822 2028; x_wconf 85' lang='grc' dir='ltr'>δυνάμει</span> 
     </span>
    </p>
   </div>
   <div class='ocr_carea' id='block_1_52' title="bbox 2174 2040 3825 2118">
    <p class='ocr_par' dir='ltr' id='par_1_52' title="bbox 2174 2040 3825 2118">
     <span class='ocr_line' id='line_1_52' title="bbox 2174 2040 3825 2118; baseline 0.002 -23"><span class='ocrx_word' id='word_1_355' title='bbox 2174 2042 2403 2103; x_wconf 84' lang='grc' dir='ltr'>πίστεως</span> <span class='ocrx_word' id='word_1_356' title='bbox 2453 2041 2972 2117; x_wconf 74' lang='grc' dir='ltr'>ἐπιχορηγουμίνης</span> <span class='ocrx_word' id='word_1_357' title='bbox 3021 2045 3160 2114; x_wconf 87' lang='grc' dir='ltr'>ἡμῖν</span> <span class='ocrx_word' id='word_1_358' title='bbox 3209 2040 3296 2097; x_wconf 70' lang='grc' dir='ltr'>διὰ</span> <span class='ocrx_word' id='word_1_359' title='bbox 3345 2045 3528 2112; x_wconf 83' lang='grc' dir='ltr'>Ἰησοῦ</span> <span class='ocrx_word' id='word_1_360' title='bbox 3583 2045 3825 2118; x_wconf 77' lang='grc' dir='ltr'>Χριστοῦ</span> 
     </span>
    </p>
   </div>
   <div class='ocr_carea' id='block_1_53' title="bbox 2174 2129 3820 2206">
    <p class='ocr_par' dir='ltr' id='par_1_53' title="bbox 2174 2129 3820 2206">
     <span class='ocr_line' id='line_1_53' title="bbox 2174 2129 3820 2206; baseline 0 -21"><span class='ocrx_word' id='word_1_361' title='bbox 2174 2133 2318 2204; x_wconf 84' lang='grc' dir='ltr'>παρά</span> <span class='ocrx_word' id='word_1_362' title='bbox 2349 2136 2500 2187; x_wconf 86' lang='grc' dir='ltr'>Θεοῦ.</span> <span class='ocrx_word' id='word_1_363' title='bbox 2536 2131 2631 2186; x_wconf 78' lang='grc' dir='ltr'>Καὶ</span> <span class='ocrx_word' id='word_1_364' title='bbox 2666 2130 2748 2186; x_wconf 76' lang='grc' dir='ltr'>ὅτι</span> <span class='ocrx_word' id='word_1_365' title='bbox 2781 2129 2994 2201; x_wconf 71' lang='grc' dir='ltr'>ἀληθής</span> <span class='ocrx_word' id='word_1_366' title='bbox 3025 2130 3166 2185; x_wconf 85' lang='grc' dir='ltr'>ἐστιν</span> <span class='ocrx_word' id='word_1_367' title='bbox 3199 2132 3226 2185; x_wconf 88' lang='grc' dir='ltr'>ὁ</span> <span class='ocrx_word' id='word_1_368' title='bbox 3278 2130 3464 2206; x_wconf 85' lang='grc' dir='ltr'>λόγος,</span> <span class='ocrx_word' id='word_1_369' title='bbox 3527 2129 3645 2186; x_wconf 76' lang='grc' dir='ltr'>ἰδοὺ</span> <span class='ocrx_word' id='word_1_370' title='bbox 3704 2137 3820 2205; x_wconf 80' lang='grc' dir='ltr'>νῦν,</span> 
     </span>
    </p>
   </div>
   <div class='ocr_carea' id='block_1_54' title="bbox 2179 2219 3820 2294">
    <p class='ocr_par' dir='ltr' id='par_1_54' title="bbox 2179 2219 3820 2294">
     <span class='ocr_line' id='line_1_54' title="bbox 2179 2219 3820 2294; baseline 0.001 -20"><span class='ocrx_word' id='word_1_371' title='bbox 2179 2223 2252 2291; x_wconf 76' lang='grc' dir='ltr'>μὴ</span> <span class='ocrx_word' id='word_1_372' title='bbox 2312 2220 2571 2293; x_wconf 80' lang='grc' dir='ltr'>μαθόντες</span> <span class='ocrx_word' id='word_1_373' title='bbox 2621 2222 2784 2292; x_wconf 81' lang='grc' dir='ltr'>ἡμεῖς</span> <span class='ocrx_word' id='word_1_374' title='bbox 2829 2219 3128 2294; x_wconf 84' lang='grc' dir='ltr'>γράμματα</span> <span class='ocrx_word' id='word_1_375' title='bbox 3159 2265 3174 2288; x_wconf 87' lang='grc'>,</span> <span class='ocrx_word' id='word_1_376' title='bbox 3222 2220 3547 2293; x_wconf 72' lang='grc' dir='ltr'>πιστεύομεν</span> <span class='ocrx_word' id='word_1_377' title='bbox 3600 2220 3677 2282; x_wconf 81' lang='grc' dir='ltr'>εἰς</span> <span class='ocrx_word' id='word_1_378' title='bbox 3723 2221 3820 2275; x_wconf 88' lang='grc' dir='ltr'>τὸν</span> 
     </span>
    </p>
   </div>
   <div class='ocr_carea' id='block_1_55' title="bbox 2173 2306 3822 2385">
    <p class='ocr_par' dir='ltr' id='par_1_55' title="bbox 2173 2306 3822 2385">
     <span class='ocr_line' id='line_1_55' title="bbox 2173 2306 3822 2385; baseline 0.001 -23"><span class='ocrx_word' id='word_1_379' title='bbox 2173 2310 2326 2378; x_wconf 84' lang='grc' dir='ltr'>Θεὸν,</span> <span class='ocrx_word' id='word_1_380' title='bbox 2356 2308 2800 2385; x_wconf 83' lang='grc' dir='ltr'>ἐπιγινώσκοντες</span> <span class='ocrx_word' id='word_1_381' title='bbox 2852 2306 2941 2362; x_wconf 78' lang='grc' dir='ltr'>διὰ</span> <span class='ocrx_word' id='word_1_382' title='bbox 2988 2313 3094 2362; x_wconf 82' lang='grc' dir='ltr'>τῶν</span> <span class='ocrx_word' id='word_1_383' title='bbox 3146 2310 3471 2381; x_wconf 86' lang='grc' dir='ltr'>ποιημάτων</span> <span class='ocrx_word' id='word_1_384' title='bbox 3523 2309 3686 2364; x_wconf 77' lang='grc' dir='ltr'>αὐτοῦ</span> <span class='ocrx_word' id='word_1_385' title='bbox 3715 2312 3822 2379; x_wconf 71' lang='grc' dir='ltr'>τὴν</span> 
     </span>
    </p>
   </div>
   <div class='ocr_carea' id='block_1_56' title="bbox 2175 2396 3826 2473">
    <p class='ocr_par' dir='ltr' id='par_1_56' title="bbox 2175 2396 3826 2473">
     <span class='ocr_line' id='line_1_56' title="bbox 2175 2396 3826 2473; baseline 0 -21"><span class='ocrx_word' id='word_1_386' title='bbox 2175 2398 2248 2460; x_wconf 77' lang='grc' dir='ltr'>εἷς</span> <span class='ocrx_word' id='word_1_387' title='bbox 2304 2401 2474 2453; x_wconf 84' lang='grc' dir='ltr'>πάντα</span> <span class='ocrx_word' id='word_1_388' title='bbox 2530 2400 2778 2472; x_wconf 88' lang='grc' dir='ltr'>πρόνοια.</span> <span class='ocrx_word' id='word_1_389' title='bbox 2815 2397 2916 2454; x_wconf 82' lang='grc' dir='ltr'>Καὶ</span> <span class='ocrx_word' id='word_1_390' title='bbox 2949 2396 3032 2452; x_wconf 78' lang='grc' dir='ltr'>ὅτι</span> <span class='ocrx_word' id='word_1_391' title='bbox 3085 2397 3305 2473; x_wconf 68' lang='grc' dir='ltr'>ἐνεργής</span> <span class='ocrx_word' id='word_1_392' title='bbox 3356 2397 3496 2452; x_wconf 87' lang='grc' dir='ltr'>ἐστιν</span> <span class='ocrx_word' id='word_1_393' title='bbox 3546 2400 3579 2467; x_wconf 85' lang='grc' dir='ltr'>ἡ</span> <span class='ocrx_word' id='word_1_394' title='bbox 3640 2399 3826 2463; x_wconf 86' lang='grc' dir='ltr'>πίστις</span> 
     </span>
    </p>
   </div>
   <div class='ocr_carea' id='block_1_57' title="bbox 2171 2484 3824 2561">
    <p class='ocr_par' dir='ltr' id='par_1_57' title="bbox 2171 2484 3824 2561">
     <span class='ocr_line' id='line_1_57' title="bbox 2171 2484 3824 2561; baseline 0.001 -21"><span class='ocrx_word' id='word_1_395' title='bbox 2171 2491 2357 2560; x_wconf 80' lang='grc' dir='ltr'>ἡμῶν,</span> <span class='ocrx_word' id='word_1_396' title='bbox 2392 2485 2509 2542; x_wconf 71' lang='grc' dir='ltr'>ἰδοὺ</span> <span class='ocrx_word' id='word_1_397' title='bbox 2541 2493 2630 2542; x_wconf 91' lang='grc' dir='ltr'>νῦν</span> <span class='ocrx_word' id='word_1_398' title='bbox 2683 2490 2847 2560; x_wconf 89' lang='grc' dir='ltr'>ἡμεῖς</span> <span class='ocrx_word' id='word_1_399' title='bbox 2906 2484 3292 2561; x_wconf 85' lang='grc' dir='ltr'>ἐπερειδόμεθα</span> <span class='ocrx_word' id='word_1_400' title='bbox 3348 2488 3462 2560; x_wconf 86' lang='grc'>(68)</span> <span class='ocrx_word' id='word_1_401' title='bbox 3514 2490 3582 2560; x_wconf 81' lang='grc' dir='ltr'>τῇ</span> <span class='ocrx_word' id='word_1_402' title='bbox 3642 2487 3824 2542; x_wconf 87' lang='grc' dir='ltr'>πίστει</span> 
     </span>
    </p>
   </div>
   <div class='ocr_carea' id='block_1_58' title="bbox 2171 2573 3822 2652">
    <p class='ocr_par' dir='ltr' id='par_1_58' title="bbox 2171 2573 3822 2652">
     <span class='ocr_line' id='line_1_58' title="bbox 2171 2573 3822 2652; baseline -0.001 -22"><span class='ocrx_word' id='word_1_403' title='bbox 2171 2581 2236 2647; x_wconf 76' lang='grc' dir='ltr'>τῇ</span> <span class='ocrx_word' id='word_1_404' title='bbox 2273 2576 2346 2640; x_wconf 77' lang='grc' dir='ltr'>εἷς</span> <span class='ocrx_word' id='word_1_405' title='bbox 2369 2578 2460 2631; x_wconf 84' lang='grc' dir='ltr'>τὸν</span> <span class='ocrx_word' id='word_1_406' title='bbox 2489 2577 2742 2652; x_wconf 87' lang='grc' dir='ltr'>Χριστὸν,</span> <span class='ocrx_word' id='word_1_407' title='bbox 2776 2577 2930 2649; x_wconf 83' lang='grc' dir='ltr'>ὑμεῖς</span> <span class='ocrx_word' id='word_1_408' title='bbox 2959 2573 3017 2630; x_wconf 71' lang='grc' dir='ltr'>δὲ</span> <span class='ocrx_word' id='word_1_409' title='bbox 3049 2580 3385 2652; x_wconf 78' lang='grc' dir='ltr'>σοφιστικαῖς</span> <span class='ocrx_word' id='word_1_410' title='bbox 3419 2574 3822 2651; x_wconf 83' lang='grc' dir='ltr'>λογομαχίαις,</span> 
     </span>
    </p>
   </div>
   <div class='ocr_carea' id='block_1_59' title="bbox 2174 2663 3816 2742">
    <p class='ocr_par' dir='ltr' id='par_1_59' title="bbox 2174 2663 3816 2742">
     <span class='ocr_line' id='line_1_59' title="bbox 2174 2663 3816 2742; baseline -0.002 -20"><span class='ocrx_word' id='word_1_411' title='bbox 2174 2666 2273 2722; x_wconf 80' lang='grc' dir='ltr'>Καὶ</span> <span class='ocrx_word' id='word_1_412' title='bbox 2305 2666 2370 2720; x_wconf 80' lang='grc' dir='ltr'>τὰ</span> <span class='ocrx_word' id='word_1_413' title='bbox 2403 2668 2498 2738; x_wconf 80' lang='grc' dir='ltr'>μὶν</span> <span class='ocrx_word' id='word_1_414' title='bbox 2528 2668 2653 2741; x_wconf 88' lang='grc' dir='ltr'>παρ’</span> <span class='ocrx_word' id='word_1_415' title='bbox 2683 2665 2812 2738; x_wconf 73' lang='grc' dir='ltr'>ὑμῖν</span> <span class='ocrx_word' id='word_1_416' title='bbox 2865 2669 2972 2720; x_wconf 81' lang='grc' dir='ltr'>τῶν</span> <span class='ocrx_word' id='word_1_417' title='bbox 3005 2663 3250 2720; x_wconf 74' lang='grc' dir='ltr'>εῖδώλων</span> <span class='ocrx_word' id='word_1_418' title='bbox 3303 2665 3555 2742; x_wconf 75' lang='grc' dir='ltr'>φάσματα</span> <span class='ocrx_word' id='word_1_419' title='bbox 3611 2685 3816 2739; x_wconf 89' lang='grc' dir='ltr'>καταρ-</span> 
     </span>
    </p>
   </div>
   <div class='ocr_carea' id='block_1_60' title="bbox 2170 2751 3819 2830">
    <p class='ocr_par' dir='ltr' id='par_1_60' title="bbox 2170 2751 3819 2830">
     <span class='ocr_line' id='line_1_60' title="bbox 2170 2751 3819 2830; baseline 0.001 -22"><span class='ocrx_word' id='word_1_420' title='bbox 2170 2760 2364 2830; x_wconf 87' lang='grc' dir='ltr'>γεῖται,</span> <span class='ocrx_word' id='word_1_421' title='bbox 2399 2757 2432 2823; x_wconf 88' lang='grc' dir='ltr'>ἡ</span> <span class='ocrx_word' id='word_1_422' title='bbox 2481 2751 2539 2809; x_wconf 74' lang='grc' dir='ltr'>δὲ</span> <span class='ocrx_word' id='word_1_423' title='bbox 2567 2755 2692 2828; x_wconf 87' lang='grc' dir='ltr'>παρ’</span> <span class='ocrx_word' id='word_1_424' title='bbox 2723 2757 2858 2826; x_wconf 85' lang='grc' dir='ltr'>ἡμῖν</span> <span class='ocrx_word' id='word_1_425' title='bbox 2890 2752 3068 2815; x_wconf 90' lang='grc' dir='ltr'>πίστις</span> <span class='ocrx_word' id='word_1_426' title='bbox 3106 2752 3461 2808; x_wconf 70' lang='grc' dir='ltr'>ἐπεκτείνεται</span> <span class='ocrx_word' id='word_1_427' title='bbox 3510 2758 3819 2829; x_wconf 88' lang='grc' dir='ltr'>πανταχοῦ.</span> 
     </span>
    </p>
   </div>
   <div class='ocr_carea' id='block_1_61' title="bbox 2171 2841 3818 2919">
    <p class='ocr_par' dir='ltr' id='par_1_61' title="bbox 2171 2841 3818 2919">
     <span class='ocr_line' id='line_1_61' title="bbox 2171 2841 3818 2919; baseline -0.001 -21"><span class='ocrx_word' id='word_1_428' title='bbox 2171 2844 2266 2898; x_wconf 78' lang='grc' dir='ltr'>Καὶ</span> <span class='ocrx_word' id='word_1_429' title='bbox 2319 2845 2471 2916; x_wconf 78' lang='grc' dir='ltr'>ὑμεῖς</span> <span class='ocrx_word' id='word_1_430' title='bbox 2519 2844 2611 2916; x_wconf 76' lang='grc' dir='ltr'>μὲν</span> <span class='ocrx_word' id='word_1_431' title='bbox 2664 2841 3120 2916; x_wconf 84' lang='grc' dir='ltr'>συλλογιζόμενοι</span> <span class='ocrx_word' id='word_1_432' title='bbox 3179 2841 3266 2895; x_wconf 84' lang='grc' dir='ltr'>καὶ</span> <span class='ocrx_word' id='word_1_433' title='bbox 3326 2841 3700 2919; x_wconf 75' lang='grc' dir='ltr'>σοφιζόμενοι,</span> <span class='ocrx_word' id='word_1_434' title='bbox 3755 2842 3818 2896; x_wconf 75' lang='grc' dir='ltr'>οὐ</span> 
     </span>
    </p>
   </div>
   <div class='ocr_carea' id='block_1_62' title="bbox 2174 2926 3810 3005">
    <p class='ocr_par' dir='ltr' id='par_1_62' title="bbox 2174 2926 3810 3005">
     <span class='ocr_line' id='line_1_62' title="bbox 2174 2926 3810 3005; baseline -0.002 -18"><span class='ocrx_word' id='word_1_435' title='bbox 2174 2933 2516 3005; x_wconf 69' lang='grc' dir='ltr'>μεταπείθετε</span> <span class='ocrx_word' id='word_1_436' title='bbox 2592 2933 2695 2986; x_wconf 82' lang='grc' dir='ltr'>ἀπὸ</span> <span class='ocrx_word' id='word_1_437' title='bbox 2776 2934 3198 3005; x_wconf 84' lang='grc' dir='ltr'>Χριστιανισμοῦ</span> <span class='ocrx_word' id='word_1_438' title='bbox 3260 2929 3336 2992; x_wconf 84' lang='grc' dir='ltr'>ε’ίς</span> <span class='ocrx_word' id='word_1_439' title='bbox 3415 2926 3810 3002; x_wconf 80' lang='grc' dir='ltr'>Ἑλληνισμόν·</span> 
     </span>
    </p>
   </div>
   <div class='ocr_carea' id='block_1_63' title="bbox 2169 3016 3817 3095">
    <p class='ocr_par' dir='ltr' id='par_1_63' title="bbox 2169 3016 3817 3095">
     <span class='ocr_line' id='line_1_63' title="bbox 2169 3016 3817 3095; baseline -0.003 -19"><span class='ocrx_word' id='word_1_440' title='bbox 2169 3025 2330 3094; x_wconf 80' lang='grc' dir='ltr'>ἡμεῖς</span> <span class='ocrx_word' id='word_1_441' title='bbox 2366 3019 2421 3076; x_wconf 74' lang='grc' dir='ltr'>δὲ</span> <span class='ocrx_word' id='word_1_442' title='bbox 2451 3024 2546 3090; x_wconf 59' lang='grc' dir='ltr'>τὴν</span> <span class='ocrx_word' id='word_1_443' title='bbox 2581 3020 2656 3083; x_wconf 79' lang='grc' dir='ltr'>εἷς</span> <span class='ocrx_word' id='word_1_444' title='bbox 2699 3020 2923 3095; x_wconf 85' lang='grc' dir='ltr'>Χριστὸν</span> <span class='ocrx_word' id='word_1_445' title='bbox 2974 3021 3154 3074; x_wconf 85' lang='grc' dir='ltr'>πίστιν</span> <span class='ocrx_word' id='word_1_446' title='bbox 3204 3016 3565 3085; x_wconf 80' lang='grc' dir='ltr'>διδάσκοντες,</span> <span class='ocrx_word' id='word_1_447' title='bbox 3618 3017 3817 3092; x_wconf 80' lang='grc' dir='ltr'>ψιλοῦ-</span> 
     </span>
    </p>
   </div>
   <div class='ocr_carea' id='block_1_64' title="bbox 2173 3107 3815 3184">
    <p class='ocr_par' dir='ltr' id='par_1_64' title="bbox 2173 3107 3815 3184">
     <span class='ocr_line' id='line_1_64' title="bbox 2173 3107 3815 3184; baseline -0.002 -19"><span class='ocrx_word' id='word_1_448' title='bbox 2173 3132 2265 3184; x_wconf 90' lang='grc' dir='ltr'>μεν</span> <span class='ocrx_word' id='word_1_449' title='bbox 2319 3113 2444 3183; x_wconf 81' lang='grc' dir='ltr'>ὑμῖν</span> <span class='ocrx_word' id='word_1_450' title='bbox 2478 3112 2574 3178; x_wconf 75' lang='grc' dir='ltr'>τήν</span> <span class='ocrx_word' id='word_1_451' title='bbox 2605 3107 3051 3182; x_wconf 81' lang='grc' dir='ltr'>δεισιδαιμονίαν,</span> <span class='ocrx_word' id='word_1_452' title='bbox 3083 3107 3549 3183; x_wconf 86' lang='grc' dir='ltr'>ἐπιγινωσκόντων</span> <span class='ocrx_word' id='word_1_453' title='bbox 3599 3107 3815 3163; x_wconf 84' lang='grc' dir='ltr'>πάντων</span> 
     </span>
    </p>
   </div>
   <div class='ocr_carea' id='block_1_65' title="bbox 2168 3196 3820 3267">
    <p class='ocr_par' dir='ltr' id='par_1_65' title="bbox 2168 3196 3820 3267">
     <span class='ocr_line' id='line_1_65' title="bbox 2168 3196 3820 3267; baseline -0.002 -13"><span class='ocrx_word' id='word_1_454' title='bbox 2168 3202 2259 3254; x_wconf 85' lang='grc' dir='ltr'>τὸν</span> <span class='ocrx_word' id='word_1_455' title='bbox 2318 3201 2544 3266; x_wconf 80' lang='grc' dir='ltr'>Χριστὸν</span> <span class='ocrx_word' id='word_1_456' title='bbox 2601 3201 2732 3253; x_wconf 77' lang='grc' dir='ltr'>εἶναι</span> <span class='ocrx_word' id='word_1_457' title='bbox 2790 3198 2937 3267; x_wconf 74' lang='grc' dir='ltr'>Θεὸν,</span> <span class='ocrx_word' id='word_1_458' title='bbox 2996 3199 3086 3252; x_wconf 79' lang='grc' dir='ltr'>καὶ</span> <span class='ocrx_word' id='word_1_459' title='bbox 3133 3196 3230 3252; x_wconf 83' lang='grc' dir='ltr'>τοῦ</span> <span class='ocrx_word' id='word_1_460' title='bbox 3287 3200 3425 3252; x_wconf 78' lang='grc' dir='ltr'>Θεοῦ</span> <span class='ocrx_word' id='word_1_461' title='bbox 3490 3197 3634 3253; x_wconf 71' lang='grc' dir='ltr'>Υῖὸν.</span> <span class='ocrx_word' id='word_1_462' title='bbox 3718 3199 3820 3251; x_wconf 81' lang='grc' dir='ltr'>Καὶ</span> 
     </span>
    </p>
   </div>
   <div class='ocr_carea' id='block_1_66' title="bbox 406 3260 2058 3361">
    <p class='ocr_par' dir='ltr' id='par_1_66' title="bbox 406 3287 2058 3359">
     <span class='ocr_line' id='line_1_66' title="bbox 406 3287 2058 3359; baseline 0.001 -17"><span class='ocrx_word' id='word_1_463' title='bbox 406 3287 744 3359; x_wconf 89' lang='lat' dir='ltr'>impeditis;</span> <span class='ocrx_word' id='word_1_464' title='bbox 780 3305 886 3344; x_wconf 91' lang='lat' dir='ltr'>nos</span> <span class='ocrx_word' id='word_1_465' title='bbox 933 3289 1229 3344; x_wconf 82' lang='lat' dir='ltr'>Christum</span> <span class='ocrx_word' id='word_1_466' title='bbox 1279 3290 1621 3344; x_wconf 87' lang='lat' dir='ltr'>cruciﬁxum</span> <span class='ocrx_word' id='word_1_467' title='bbox 1664 3290 2058 3359; x_wconf 88' lang='lat' dir='ltr'>nominantes,</span> 
     </span>
    </p>
   </div>
   <div class='ocr_carea' id='block_1_67' title="bbox 2175 3260 3818 3361">
    <p class='ocr_par' dir='ltr' id='par_1_67' title="bbox 2176 3260 3818 3361">
     <span class='ocr_line' id='line_1_67' title="bbox 2176 3260 3818 3361; baseline -0.002 -19"><span class='ocrx_word' id='word_1_468' title='bbox 2176 3290 2328 3361; x_wconf 83' lang='grc' dir='ltr'>ὑμεῖς</span> <span class='ocrx_word' id='word_1_469' title='bbox 2367 3260 2475 3361; x_wconf 69' lang='grc' dir='ltr'>¹μὲν</span> <span class='ocrx_word' id='word_1_470' title='bbox 2529 3291 2597 3361; x_wconf 81' lang='grc' dir='ltr'>τῇ</span> <span class='ocrx_word' id='word_1_471' title='bbox 2655 3260 2976 3358; x_wconf 80' lang='grc' dir='ltr'>καλλιεπείᾳ</span> <span class='ocrx_word' id='word_1_472' title='bbox 3034 3285 3136 3340; x_wconf 82' lang='grc' dir='ltr'>οὐκ</span> <span class='ocrx_word' id='word_1_473' title='bbox 3192 3283 3514 3358; x_wconf 81' lang='grc' dir='ltr'>ἐμποδίζετε</span> <span class='ocrx_word' id='word_1_474' title='bbox 3573 3287 3686 3356; x_wconf 80' lang='grc'>(69)</span> <span class='ocrx_word' id='word_1_475' title='bbox 3715 3286 3818 3355; x_wconf 79' lang='grc' dir='ltr'>τήν</span> 
     </span>
    </p>
   </div>
   <div class='ocr_carea' id='block_1_68' title="bbox 406 3377 2056 3449">
    <p class='ocr_par' dir='ltr' id='par_1_68' title="bbox 406 3377 2056 3449">
     <span class='ocr_line' id='line_1_68' title="bbox 406 3377 2056 3449; baseline 0.002 -18"><span class='ocrx_word' id='word_1_476' title='bbox 406 3393 610 3432; x_wconf 92' lang='lat' dir='ltr'>omnes</span> <span class='ocrx_word' id='word_1_477' title='bbox 642 3377 917 3449; x_wconf 82' lang='lat' dir='ltr'>fugamus</span> <span class='ocrx_word' id='word_1_478' title='bbox 971 3380 1288 3448; x_wconf 81' lang='lat' dir='ltr'>daemones,</span> <span class='ocrx_word' id='word_1_479' title='bbox 1324 3395 1471 3449; x_wconf 91' lang='lat' dir='ltr'>quos</span> <span class='ocrx_word' id='word_1_480' title='bbox 1522 3384 1585 3434; x_wconf 90' lang='lat' dir='ltr'>ut</span> <span class='ocrx_word' id='word_1_481' title='bbox 1633 3380 1771 3434; x_wconf 91' lang='lat' dir='ltr'>deos</span> <span class='ocrx_word' id='word_1_482' title='bbox 1811 3380 2056 3435; x_wconf 88' lang='lat' dir='ltr'>timetis.</span> 
     </span>
    </p>
   </div>
   <div class='ocr_carea' id='block_1_69' title="bbox 405 3466 2059 3540">
    <p class='ocr_par' dir='ltr' id='par_1_69' title="bbox 405 3466 2059 3540">
     <span class='ocr_line' id='line_1_69' title="bbox 405 3466 2059 3540; baseline 0.003 -21"><span class='ocrx_word' id='word_1_483' title='bbox 405 3469 473 3520; x_wconf 88' lang='lat' dir='ltr'>Et</span> <span class='ocrx_word' id='word_1_484' title='bbox 503 3466 602 3522; x_wconf 92' lang='lat' dir='ltr'>ubi</span> <span class='ocrx_word' id='word_1_485' title='bbox 633 3467 870 3538; x_wconf 86' lang='lat' dir='ltr'>signum</span> <span class='ocrx_word' id='word_1_486' title='bbox 922 3467 1112 3523; x_wconf 90' lang='lat' dir='ltr'>crucis</span> <span class='ocrx_word' id='word_1_487' title='bbox 1159 3469 1468 3535; x_wconf 83' lang='lat' dir='ltr'>formatur,</span> <span class='ocrx_word' id='word_1_488' title='bbox 1505 3469 1733 3540; x_wconf 88' lang='lat' dir='ltr'>magica</span> <span class='ocrx_word' id='word_1_489' title='bbox 1777 3486 1873 3524; x_wconf 90' lang='lat' dir='ltr'>ars</span> <span class='ocrx_word' id='word_1_490' title='bbox 1910 3469 2059 3524; x_wconf 91' lang='lat' dir='ltr'>vires</span> 
     </span>
    </p>
   </div>
   <div class='ocr_carea' id='block_1_70' title="bbox 407 3554 1879 3627">
    <p class='ocr_par' dir='ltr' id='par_1_70' title="bbox 407 3554 1879 3627">
     <span class='ocr_line' id='line_1_70' title="bbox 407 3554 1879 3627; baseline 0.003 -17"><span class='ocrx_word' id='word_1_491' title='bbox 407 3554 645 3624; x_wconf 88' lang='lat' dir='ltr'>amittit,</span> <span class='ocrx_word' id='word_1_492' title='bbox 679 3559 855 3627; x_wconf 86' lang='lat' dir='ltr'>atque</span> <span class='ocrx_word' id='word_1_493' title='bbox 886 3557 1163 3612; x_wconf 89' lang='lat' dir='ltr'>veneﬁcia</span> <span class='ocrx_word' id='word_1_494' title='bbox 1194 3556 1339 3612; x_wconf 91' lang='lat' dir='ltr'>nihil</span> <span class='ocrx_word' id='word_1_495' title='bbox 1371 3557 1602 3613; x_wconf 91' lang='lat' dir='ltr'>virtutis</span> <span class='ocrx_word' id='word_1_496' title='bbox 1641 3557 1879 3614; x_wconf 88' lang='lat' dir='ltr'>habent.</span> 
     </span>
    </p>
   </div>
   <div class='ocr_carea' id='block_1_71' title="bbox 476 3824 2060 3896">
    <p class='ocr_par' dir='ltr' id='par_1_71' title="bbox 476 3824 2060 3896">
     <span class='ocr_line' id='line_1_71' title="bbox 476 3824 2060 3896; baseline 0.004 -19"><span class='ocrx_word' id='word_1_497' title='bbox 476 3825 566 3880; x_wconf 83' lang='grc'>79.</span> <span class='ocrx_word' id='word_1_498' title='bbox 600 3824 780 3881; x_wconf 90' lang='lat' dir='ltr'>Dicite</span> <span class='ocrx_word' id='word_1_499' title='bbox 811 3841 968 3896; x_wconf 88' lang='lat' dir='ltr'>ergo,</span> <span class='ocrx_word' id='word_1_500' title='bbox 1003 3825 1242 3881; x_wconf 90' lang='lat' dir='ltr'>ubinam</span> <span class='ocrx_word' id='word_1_501' title='bbox 1269 3831 1408 3882; x_wconf 91' lang='lat' dir='ltr'>sunt</span> <span class='ocrx_word' id='word_1_502' title='bbox 1432 3825 1672 3882; x_wconf 86' lang='lat' dir='ltr'>oracula</span> <span class='ocrx_word' id='word_1_503' title='bbox 1699 3827 1936 3883; x_wconf 87' lang='lat' dir='ltr'>vestra?</span> <span class='ocrx_word' id='word_1_504' title='bbox 1959 3828 2060 3884; x_wconf 91' lang='lat' dir='ltr'>ubi</span> 
     </span>
    </p>
   </div>
   <div class='ocr_carea' id='block_1_72' title="bbox 406 3913 2059 3988">
    <p class='ocr_par' dir='ltr' id='par_1_72' title="bbox 406 3913 2059 3988">
     <span class='ocr_line' id='line_1_72' title="bbox 406 3913 2059 3988; baseline 0.002 -18"><span class='ocrx_word' id='word_1_505' title='bbox 406 3913 806 3987; x_wconf 64' lang='lat' dir='ltr'>Egyptiorum</span> <span class='ocrx_word' id='word_1_506' title='bbox 829 3914 1259 3970; x_wconf 87' lang='lat' dir='ltr'>incantationes</span> <span class='ocrx_word' id='word_1_507' title='bbox 1283 3914 1310 3969; x_wconf 88' lang='lat'><strong>?</strong></span> <span class='ocrx_word' id='word_1_508' title='bbox 1331 3915 1791 3988; x_wconf 89' lang='lat' dir='ltr'>ubimagnorum</span> <span class='ocrx_word' id='word_1_509' title='bbox 1816 3915 2059 3988; x_wconf 86' lang='lat' dir='ltr'>phanta-</span> 
     </span>
    </p>
   </div>
   <div class='ocr_carea' id='block_1_73' title="bbox 2167 3371 3818 3452">
    <p class='ocr_par' dir='ltr' id='par_1_73' title="bbox 2167 3371 3818 3452">
     <span class='ocr_line' id='line_1_73' title="bbox 2167 3371 3818 3452; baseline -0.002 -20"><span class='ocrx_word' id='word_1_510' title='bbox 2167 3383 2264 3432; x_wconf 90' lang='grc' dir='ltr'>τοῦ</span> <span class='ocrx_word' id='word_1_511' title='bbox 2323 3377 2558 3452; x_wconf 77' lang='grc' dir='ltr'>Χριστοῦ</span> <span class='ocrx_word' id='word_1_512' title='bbox 2613 3373 2981 3430; x_wconf 85' lang='grc' dir='ltr'>διδασκαλίαν·</span> <span class='ocrx_word' id='word_1_513' title='bbox 3066 3377 3229 3447; x_wconf 86' lang='grc' dir='ltr'>ἡμεῖς</span> <span class='ocrx_word' id='word_1_514' title='bbox 3303 3371 3380 3440; x_wconf 78' lang='grc' dir='ltr'>δὶ,</span> <span class='ocrx_word' id='word_1_515' title='bbox 3457 3374 3818 3447; x_wconf 80' lang='grc' dir='ltr'>ὀνομάζοντες</span> 
     </span>
    </p>
   </div>
   <div class='ocr_carea' id='block_1_74' title="bbox 2167 3461 3818 3539">
    <p class='ocr_par' dir='ltr' id='par_1_74' title="bbox 2167 3461 3818 3539">
     <span class='ocr_line' id='line_1_74' title="bbox 2167 3461 3818 3539; baseline -0.002 -18"><span class='ocrx_word' id='word_1_516' title='bbox 2167 3469 2258 3521; x_wconf 88' lang='grc' dir='ltr'>τὸν</span> <span class='ocrx_word' id='word_1_517' title='bbox 2291 3465 2695 3539; x_wconf 72' lang='grc' dir='ltr'>ἐσταυρωμένον</span> <span class='ocrx_word' id='word_1_518' title='bbox 2728 3465 2979 3538; x_wconf 86' lang='grc' dir='ltr'>Χριστὸν,</span> <span class='ocrx_word' id='word_1_519' title='bbox 3013 3466 3213 3526; x_wconf 82' lang='grc' dir='ltr'>πάντας</span> <span class='ocrx_word' id='word_1_520' title='bbox 3247 3462 3518 3537; x_wconf 85' lang='grc' dir='ltr'>διώκομεν</span> <span class='ocrx_word' id='word_1_521' title='bbox 3553 3461 3818 3536; x_wconf 82' lang='grc' dir='ltr'>δαίμονας</span> 
     </span>
    </p>
   </div>
   <div class='ocr_carea' id='block_1_75' title="bbox 2169 3550 3817 3630">
    <p class='ocr_par' dir='ltr' id='par_1_75' title="bbox 2169 3550 3817 3630">
     <span class='ocr_line' id='line_1_75' title="bbox 2169 3550 3817 3630; baseline -0.002 -20"><span class='ocrx_word' id='word_1_522' title='bbox 2169 3557 2262 3614; x_wconf 73' lang='grc' dir='ltr'>οὕς</span> <span class='ocrx_word' id='word_1_523' title='bbox 2296 3557 2448 3630; x_wconf 86' lang='grc' dir='ltr'>ὑμεῖς</span> <span class='ocrx_word' id='word_1_524' title='bbox 2501 3551 2752 3623; x_wconf 74' lang='grc' dir='ltr'>φοϐεῖσθε</span> <span class='ocrx_word' id='word_1_525' title='bbox 2783 3555 2855 3616; x_wconf 84' lang='grc' dir='ltr'>ὡς</span> <span class='ocrx_word' id='word_1_526' title='bbox 2887 3554 3061 3616; x_wconf 76' lang='grc' dir='ltr'>Θεοός.</span> <span class='ocrx_word' id='word_1_527' title='bbox 3123 3555 3224 3611; x_wconf 86' lang='grc' dir='ltr'>Καὶ</span> <span class='ocrx_word' id='word_1_528' title='bbox 3283 3550 3406 3616; x_wconf 74' lang='grc' dir='ltr'>ἔνθα</span> <span class='ocrx_word' id='word_1_529' title='bbox 3460 3553 3523 3608; x_wconf 86' lang='grc' dir='ltr'>τὸ</span> <span class='ocrx_word' id='word_1_530' title='bbox 3584 3559 3817 3626; x_wconf 81' lang='grc' dir='ltr'>σημεῖον</span> 
     </span>
    </p>
   </div>
   <div class='ocr_carea' id='block_1_76' title="bbox 2166 3641 3818 3719">
    <p class='ocr_par' dir='ltr' id='par_1_76' title="bbox 2166 3641 3818 3719">
     <span class='ocr_line' id='line_1_76' title="bbox 2166 3641 3818 3719; baseline -0.003 -18"><span class='ocrx_word' id='word_1_531' title='bbox 2166 3650 2263 3701; x_wconf 91' lang='grc' dir='ltr'>τοῦ</span> <span class='ocrx_word' id='word_1_532' title='bbox 2295 3649 2523 3718; x_wconf 86' lang='grc' dir='ltr'>σταυροῦ</span> <span class='ocrx_word' id='word_1_533' title='bbox 2551 3644 2776 3719; x_wconf 87' lang='grc' dir='ltr'>γίνεται,</span> <span class='ocrx_word' id='word_1_534' title='bbox 2807 3645 3017 3708; x_wconf 81' lang='grc' dir='ltr'>ἀσθενεῖ</span> <span class='ocrx_word' id='word_1_535' title='bbox 3050 3644 3143 3716; x_wconf 80' lang='grc' dir='ltr'>μὶν</span> <span class='ocrx_word' id='word_1_536' title='bbox 3175 3642 3395 3719; x_wconf 86' lang='grc' dir='ltr'>μαγεία,</span> <span class='ocrx_word' id='word_1_537' title='bbox 3454 3641 3554 3697; x_wconf 78' lang='grc' dir='ltr'>οὐκ</span> <span class='ocrx_word' id='word_1_538' title='bbox 3609 3641 3818 3718; x_wconf 74' lang='grc' dir='ltr'>ἐνεργεῖ</span> 
     </span>
    </p>
   </div>
   <div class='ocr_carea' id='block_1_77' title="bbox 2171 3733 2582 3812">
    <p class='ocr_par' dir='ltr' id='par_1_77' title="bbox 2171 3733 2582 3812">
     <span class='ocr_line' id='line_1_77' title="bbox 2171 3733 2582 3812; baseline 0.002 -23"><span class='ocrx_word' id='word_1_539' title='bbox 2171 3733 2226 3790; x_wconf 76' lang='grc' dir='ltr'>δὲ</span> <span class='ocrx_word' id='word_1_540' title='bbox 2253 3733 2582 3812; x_wconf 77' lang='grc' dir='ltr'>φαρμακεία.</span> 
     </span>
    </p>
   </div>
   <div class='ocr_carea' id='block_1_78' title="bbox 2237 3819 3822 3898">
    <p class='ocr_par' dir='ltr' id='par_1_78' title="bbox 2237 3819 3822 3898">
     <span class='ocr_line' id='line_1_78' title="bbox 2237 3819 3822 3898; baseline -0.004 -18"><span class='ocrx_word' id='word_1_541' title='bbox 2237 3826 2326 3880; x_wconf 88' lang='lat'>79.</span> <span class='ocrx_word' id='word_1_542' title='bbox 2361 3820 2562 3877; x_wconf 58' lang='grc' dir='ltr'>Εἴπατε</span> <span class='ocrx_word' id='word_1_543' title='bbox 2592 3825 2743 3898; x_wconf 88' lang='grc' dir='ltr'>γοῦν,</span> <span class='ocrx_word' id='word_1_544' title='bbox 2795 3825 2900 3875; x_wconf 89' lang='grc' dir='ltr'>ποῦ</span> <span class='ocrx_word' id='word_1_545' title='bbox 2931 3825 3021 3875; x_wconf 89' lang='grc' dir='ltr'>νῦν</span> <span class='ocrx_word' id='word_1_546' title='bbox 3063 3822 3216 3894; x_wconf 79' lang='grc' dir='ltr'>ὑμῶν</span> <span class='ocrx_word' id='word_1_547' title='bbox 3269 3819 3336 3874; x_wconf 76' lang='grc' dir='ltr'>τὰ</span> <span class='ocrx_word' id='word_1_548' title='bbox 3391 3823 3648 3894; x_wconf 86' lang='grc' dir='ltr'>μαντεῖα;</span> <span class='ocrx_word' id='word_1_549' title='bbox 3709 3823 3822 3874; x_wconf 88' lang='grc' dir='ltr'>ποῦ</span> 
     </span>
    </p>
   </div>
   <div class='ocr_carea' id='block_1_79' title="bbox 2168 3907 3817 3987">
    <p class='ocr_par' dir='ltr' id='par_1_79' title="bbox 2168 3907 3817 3987">
     <span class='ocr_line' id='line_1_79' title="bbox 2168 3907 3817 3987; baseline -0.003 -19"><span class='ocrx_word' id='word_1_550' title='bbox 2168 3915 2221 3968; x_wconf 77' lang='grc' dir='ltr'>αἱ</span> <span class='ocrx_word' id='word_1_551' title='bbox 2260 3918 2366 3968; x_wconf 80' lang='grc' dir='ltr'>τῶν</span> <span class='ocrx_word' id='word_1_552' title='bbox 2399 3911 2706 3986; x_wconf 79' lang='grc' dir='ltr'>Αίγυπτίων</span> <span class='ocrx_word' id='word_1_553' title='bbox 2740 3907 3028 3980; x_wconf 84' lang='grc' dir='ltr'>ἐπαοιδαί;</span> <span class='ocrx_word' id='word_1_554' title='bbox 3062 3914 3168 3966; x_wconf 88' lang='grc' dir='ltr'>ποῦ</span> <span class='ocrx_word' id='word_1_555' title='bbox 3196 3913 3304 3964; x_wconf 80' lang='grc' dir='ltr'>τῶν</span> <span class='ocrx_word' id='word_1_556' title='bbox 3336 3909 3524 3986; x_wconf 86' lang='grc' dir='ltr'>μάγων</span> <span class='ocrx_word' id='word_1_557' title='bbox 3580 3910 3633 3964; x_wconf 74' lang='grc' dir='ltr'>αἱ</span> <span class='ocrx_word' id='word_1_558' title='bbox 3683 3931 3817 3987; x_wconf 74' lang='grc' dir='ltr'>φαν-</span> 
     </span>
    </p>
   </div>
   <div class='ocr_carea' id='block_1_80' title="bbox 1813 4030 2413 4089">
    <p class='ocr_par' dir='ltr' id='par_1_80' title="bbox 1813 4030 2413 4089">
     <span class='ocr_line' id='line_1_80' title="bbox 1813 4030 2413 4089; baseline -0.003 -2"><span class='ocrx_word' id='word_1_559' title='bbox 1813 4033 2067 4089; x_wconf 78' lang='lat' dir='ltr'>VERSIO</span> <span class='ocrx_word' id='word_1_560' title='bbox 2105 4030 2413 4089; x_wconf 77' lang='lat' dir='ltr'>EVAGRII.</span> 
     </span>
    </p>
   </div>
   <div class='ocr_carea' id='block_1_81' title="bbox 409 4127 3825 4203">
    <p class='ocr_par' dir='ltr' id='par_1_81' title="bbox 409 4127 3825 4203">
     <span class='ocr_line' id='line_1_81' title="bbox 409 4127 3825 4203; baseline -0.001 -16"><span class='ocrx_word' id='word_1_561' title='bbox 409 4130 837 4203; x_wconf 89' lang='lat' dir='ltr'>spondentibus</span> <span class='ocrx_word' id='word_1_562' title='bbox 871 4131 1188 4186; x_wconf 89' lang='lat' dir='ltr'>ﬁrmiorem</span> <span class='ocrx_word' id='word_1_563' title='bbox 1213 4131 1585 4186; x_wconf 83' lang='lat' dir='ltr'>sermonibus</span> <span class='ocrx_word' id='word_1_564' title='bbox 1612 4132 2009 4202; x_wconf 90' lang='lat' dir='ltr'>operationem</span> <span class='ocrx_word' id='word_1_565' title='bbox 2039 4147 2187 4198; x_wconf 87' lang='lat' dir='ltr'>esse,</span> <span class='ocrx_word' id='word_1_566' title='bbox 2221 4136 2276 4184; x_wconf 87' lang='lat' dir='ltr'>et</span> <span class='ocrx_word' id='word_1_567' title='bbox 2299 4129 2449 4203; x_wconf 87' lang='lat' dir='ltr'>hanc</span> <span class='ocrx_word' id='word_1_568' title='bbox 2472 4128 2754 4203; x_wconf 81' lang='lat' dir='ltr'>liquidam</span> <span class='ocrx_word' id='word_1_569' title='bbox 2779 4129 2849 4183; x_wconf 92' lang='lat' dir='ltr'>de</span> <span class='ocrx_word' id='word_1_570' title='bbox 2882 4130 2991 4184; x_wconf 93' lang='lat' dir='ltr'>Deo</span> <span class='ocrx_word' id='word_1_571' title='bbox 3018 4127 3412 4203; x_wconf 78' lang='lat' dir='ltr'>cognitionem</span> <span class='ocrx_word' id='word_1_572' title='bbox 3439 4127 3622 4203; x_wconf 84' lang='lat' dir='ltr'>;_bene</span> <span class='ocrx_word' id='word_1_573' title='bbox 3645 4142 3745 4183; x_wconf 89' lang='lat' dir='ltr'>eos</span> <span class='ocrx_word' id='word_1_574' title='bbox 3766 4132 3825 4183; x_wconf 91' lang='lat' dir='ltr'>et</span> 
     </span>
    </p>
   </div>
   <div class='ocr_carea' id='block_1_82' title="bbox 410 4199 3823 4275">
    <p class='ocr_par' dir='ltr' id='par_1_82' title="bbox 410 4199 3823 4275">
     <span class='ocr_line' id='line_1_82' title="bbox 410 4199 3823 4275; baseline -0.001 -16"><span class='ocrx_word' id='word_1_575' title='bbox 410 4199 534 4275; x_wconf 83' lang='lat' dir='ltr'>ipse</span> <span class='ocrx_word' id='word_1_576' title='bbox 565 4203 784 4257; x_wconf 84' lang='lat' dir='ltr'>dixisse</span> <span class='ocrx_word' id='word_1_577' title='bbox 816 4204 1150 4269; x_wconf 88' lang='lat' dir='ltr'>consensit;</span> <span class='ocrx_word' id='word_1_578' title='bbox 1187 4205 1325 4274; x_wconf 87' lang='lat' dir='ltr'>quia</span> <span class='ocrx_word' id='word_1_579' title='bbox 1354 4199 1770 4274; x_wconf 80' lang='lat' dir='ltr'>operationem,</span> <span class='ocrx_word' id='word_1_580' title='bbox 1808 4206 1904 4275; x_wconf 90' lang='lat' dir='ltr'>qui</span> <span class='ocrx_word' id='word_1_581' title='bbox 1937 4220 2002 4258; x_wconf 81' lang='lat' dir='ltr'>ex</span> <span class='ocrx_word' id='word_1_582' title='bbox 2036 4204 2147 4258; x_wconf 89' lang='lat' dir='ltr'>ﬁde</span> <span class='ocrx_word' id='word_1_583' title='bbox 2180 4202 2500 4275; x_wconf 89' lang='lat' dir='ltr'>descendit,</span> <span class='ocrx_word' id='word_1_584' title='bbox 2532 4199 2713 4275; x_wconf 73' lang='lat' dir='ltr'>animi</span> <span class='ocrx_word' id='word_1_585' title='bbox 2760 4205 2999 4272; x_wconf 85' lang='lat' dir='ltr'>generat</span> <span class='ocrx_word' id='word_1_586' title='bbox 3029 4199 3306 4275; x_wconf 68' lang='lat' dir='ltr'>affectus;</span> <span class='ocrx_word' id='word_1_587' title='bbox 3359 4199 3658 4275; x_wconf 86' lang='lat' dir='ltr'>dialectica</span> <span class='ocrx_word' id='word_1_588' title='bbox 3686 4216 3823 4275; x_wconf 79' lang='lat' dir='ltr'>vero</span> 
     </span>
    </p>
   </div>
   <div class='ocr_carea' id='block_1_83' title="bbox 412 4272 3825 4347">
    <p class='ocr_par' dir='ltr' id='par_1_83' title="bbox 412 4272 3825 4347">
     <span class='ocr_line' id='line_1_83' title="bbox 412 4272 3825 4347; baseline -0.001 -17"><span class='ocrx_word' id='word_1_589' title='bbox 412 4272 805 4347; x_wconf 83' lang='lat' dir='ltr'>disputatione</span> <span class='ocrx_word' id='word_1_590' title='bbox 835 4292 902 4328; x_wconf 85' lang='lat' dir='ltr'>ex</span> <span class='ocrx_word' id='word_1_591' title='bbox 933 4275 1180 4347; x_wconf 90' lang='lat' dir='ltr'>artiﬁcio</span> <span class='ocrx_word' id='word_1_592' title='bbox 1204 4272 1689 4347; x_wconf 74' lang='lat' dir='ltr'>componentium</span> <span class='ocrx_word' id='word_1_593' title='bbox 1722 4272 1977 4346; x_wconf 81' lang='lat' dir='ltr'>sumpsit</span> <span class='ocrx_word' id='word_1_594' title='bbox 2004 4274 2390 4347; x_wconf 87' lang='lat' dir='ltr'>oppositiouis</span> <span class='ocrx_word' id='word_1_595' title='bbox 2414 4273 2737 4347; x_wconf 80' lang='lat' dir='ltr'>exordium.</span> <span class='ocrx_word' id='word_1_596' title='bbox 2773 4277 2915 4327; x_wconf 92' lang='lat' dir='ltr'>Cum</span> <span class='ocrx_word' id='word_1_597' title='bbox 2939 4287 3096 4344; x_wconf 89' lang='lat' dir='ltr'>ergo,</span> <span class='ocrx_word' id='word_1_598' title='bbox 3130 4273 3230 4339; x_wconf 84' lang='lat' dir='ltr'>ait,</span> <span class='ocrx_word' id='word_1_599' title='bbox 3264 4273 3658 4343; x_wconf 86' lang='lat' dir='ltr'>operationem</span> <span class='ocrx_word' id='word_1_600' title='bbox 3687 4272 3825 4326; x_wconf 88' lang='lat' dir='ltr'>ﬁdei</span> 
     </span>
    </p>
   </div>
   <div class='ocr_carea' id='block_1_84' title="bbox 415 4345 3821 4471">
    <p class='ocr_par' dir='ltr' id='par_1_84' title="bbox 415 4345 3821 4471">
     <span class='ocr_line' id='line_1_84' title="bbox 415 4345 3821 4418; baseline -0.001 -17"><span class='ocrx_word' id='word_1_601' title='bbox 415 4345 610 4402; x_wconf 71' lang='lat' dir='ltr'>animo</span> <span class='ocrx_word' id='word_1_602' title='bbox 643 4346 816 4400; x_wconf 87' lang='lat' dir='ltr'>sitam</span> <span class='ocrx_word' id='word_1_603' title='bbox 852 4348 983 4417; x_wconf 88' lang='lat' dir='ltr'>quis</span> <span class='ocrx_word' id='word_1_604' title='bbox 1016 4346 1306 4414; x_wconf 86' lang='lat' dir='ltr'>habuerit,</span> <span class='ocrx_word' id='word_1_605' title='bbox 1339 4345 1635 4418; x_wconf 79' lang='lat' dir='ltr'>superflua</span> <span class='ocrx_word' id='word_1_606' title='bbox 1668 4348 1777 4401; x_wconf 88' lang='lat' dir='ltr'>erit</span> <span class='ocrx_word' id='word_1_607' title='bbox 1807 4345 2113 4402; x_wconf 78' lang='lat' dir='ltr'>verborum</span> <span class='ocrx_word' id='word_1_608' title='bbox 2147 4345 2514 4417; x_wconf 86' lang='lat' dir='ltr'>compositio,</span> <span class='ocrx_word' id='word_1_609' title='bbox 2589 4362 2651 4400; x_wconf 90' lang='lat' dir='ltr'>er</span> <span class='ocrx_word' id='word_1_610' title='bbox 2682 4361 2857 4416; x_wconf 88' lang='lat' dir='ltr'>quam</span> <span class='ocrx_word' id='word_1_611' title='bbox 2890 4359 3065 4399; x_wconf 90' lang='lat' dir='ltr'>conce</span> <span class='ocrx_word' id='word_1_612' title='bbox 3111 4349 3228 4399; x_wconf 89' lang='lat' dir='ltr'>tam</span> <span class='ocrx_word' id='word_1_613' title='bbox 3263 4360 3437 4400; x_wconf 89' lang='lat' dir='ltr'>sensu</span> <span class='ocrx_word' id='word_1_614' title='bbox 3475 4349 3672 4398; x_wconf 90' lang='lat' dir='ltr'>nostro</span> <span class='ocrx_word' id='word_1_615' title='bbox 3696 4359 3821 4398; x_wconf 88' lang='lat' dir='ltr'>cre-</span> 
     </span>
     <span class='ocr_line' id='line_1_85' title="bbox 415 4361 3821 4471; baseline -0 0"><span class='ocrx_word' id='word_1_616' title='bbox 415 4418 722 4471; x_wconf 87' lang='lat' dir='ltr'>dulitatem</span> <span class='ocrx_word' id='word_1_617' title='bbox 756 4419 990 4471; x_wconf 86' lang='lat' dir='ltr'>tentatis</span> <span class='ocrx_word' id='word_1_618' title='bbox 1020 4418 1282 4471; x_wconf 83' lang='lat' dir='ltr'>evellere.</span> <span class='ocrx_word' id='word_1_619' title='bbox 1315 4425 1370 4471; x_wconf 86' lang='lat' dir='ltr'>et</span> <span class='ocrx_word' id='word_1_620' title='bbox 1403 4426 1595 4471; x_wconf 89' lang='lat' dir='ltr'>tamen</span> <span class='ocrx_word' id='word_1_621' title='bbox 1631 4436 1777 4471; x_wconf 72' lang='lat' dir='ltr'>szcoe</span> <span class='ocrx_word' id='word_1_622' title='bbox 1806 4423 2035 4471; x_wconf 85' lang='lat' dir='ltr'>nostras</span> <span class='ocrx_word' id='word_1_623' title='bbox 2065 4418 2350 4471; x_wconf 87' lang='lat' dir='ltr'>exnlicare</span> <span class='ocrx_word' id='word_1_624' title='bbox 2397 4362 2814 4471; x_wconf 45' lang='lat' dir='ltr'>intellrinentias</span> <span class='ocrx_word' id='word_1_625' title='bbox 2846 4433 2960 4471; x_wconf 89' lang='lat' dir='ltr'>non</span> <span class='ocrx_word' id='word_1_626' title='bbox 2992 4361 3216 4471; x_wconf 46' lang='lat' dir='ltr'>valetis.</span> <span class='ocrx_word' id='word_1_627' title='bbox 3249 4415 3336 4471; x_wconf 89' lang='lat' dir='ltr'>Ita</span> <span class='ocrx_word' id='word_1_628' title='bbox 3380 4414 3658 4471; x_wconf 89' lang='lat' dir='ltr'>solidiora</span> <span class='ocrx_word' id='word_1_629' title='bbox 3682 4417 3821 4470; x_wconf 81' lang='lat' dir='ltr'>sunt</span> 
     </span>
    </p>
   </div>
   <div class='ocr_carea' id='block_1_85' title="bbox 2566 4433 2580 4471">
    <p class='ocr_par' dir='ltr' id='par_1_85' title="bbox 2566 4433 2580 4471">
     <span class='ocr_line' id='line_1_86' title="bbox 2566 4433 2580 4471; baseline 0 0"><span class='ocrx_word' id='word_1_630' title='bbox 2566 4433 2580 4471; x_wconf 86' lang='grc' dir='ltr'>ι</span> 
     </span>
    </p>
   </div>
   <div class='ocr_carea' id='block_1_86' title="bbox 414 4418 2515 4490">
    <p class='ocr_par' dir='ltr' id='par_1_86' title="bbox 414 4418 2515 4490">
     <span class='ocr_line' id='line_1_87' title="bbox 414 4418 2515 4490; baseline 0 -17"><span class='ocrx_word' id='word_1_631' title='bbox 414 4418 722 4473; x_wconf 86' lang='lat' dir='ltr'>dulitatem</span> <span class='ocrx_word' id='word_1_632' title='bbox 756 4419 990 4472; x_wconf 86' lang='lat' dir='ltr'>tentatis</span> <span class='ocrx_word' id='word_1_633' title='bbox 1020 4418 1282 4485; x_wconf 83' lang='lat' dir='ltr'>evellere,</span> <span class='ocrx_word' id='word_1_634' title='bbox 1315 4425 1370 4473; x_wconf 87' lang='lat' dir='ltr'>et</span> <span class='ocrx_word' id='word_1_635' title='bbox 1403 4426 1595 4473; x_wconf 89' lang='lat' dir='ltr'>tamen</span> <span class='ocrx_word' id='word_1_636' title='bbox 1631 4436 1777 4488; x_wconf 72' lang='lat' dir='ltr'>sche</span> <span class='ocrx_word' id='word_1_637' title='bbox 1806 4423 2035 4474; x_wconf 86' lang='lat' dir='ltr'>nostras</span> <span class='ocrx_word' id='word_1_638' title='bbox 2065 4418 2360 4490; x_wconf 82' lang='lat' dir='ltr'>explicare</span> <span class='ocrx_word' id='word_1_639' title='bbox 2397 4418 2515 4473; x_wconf 91' lang='lat' dir='ltr'>inte</span> 
     </span>
    </p>
   </div>
   <div class='ocr_carea' id='block_1_87' title="bbox 2587 4414 3826 4489">
    <p class='ocr_par' dir='ltr' id='par_1_87' title="bbox 2587 4414 3826 4489">
     <span class='ocr_line' id='line_1_88' title="bbox 2587 4414 3826 4489; baseline -0.002 -17"><span class='ocrx_word' id='word_1_640' title='bbox 2587 4414 2814 4489; x_wconf 83' lang='lat' dir='ltr'>gentias</span> <span class='ocrx_word' id='word_1_641' title='bbox 2846 4433 2960 4472; x_wconf 89' lang='lat' dir='ltr'>non</span> <span class='ocrx_word' id='word_1_642' title='bbox 2992 4414 3216 4472; x_wconf 86' lang='lat' dir='ltr'>valetis.</span> <span class='ocrx_word' id='word_1_643' title='bbox 3249 4415 3336 4472; x_wconf 90' lang='lat' dir='ltr'>Ita</span> <span class='ocrx_word' id='word_1_644' title='bbox 3380 4414 3658 4471; x_wconf 88' lang='lat' dir='ltr'>solidiora</span> <span class='ocrx_word' id='word_1_645' title='bbox 3682 4417 3826 4470; x_wconf 89' lang='lat' dir='ltr'>sunt</span> 
     </span>
    </p>
   </div>
   <div class='ocr_carea' id='block_1_88' title="bbox 418 4489 2424 4560">
    <p class='ocr_par' dir='ltr' id='par_1_88' title="bbox 418 4489 2424 4560">
     <span class='ocr_line' id='line_1_89' title="bbox 418 4489 2424 4560; baseline 0 -16"><span class='ocrx_word' id='word_1_646' title='bbox 418 4491 859 4560; x_wconf 17' lang='lat' dir='ltr'>mentisiopera,</span> <span class='ocrx_word' id='word_1_647' title='bbox 895 4506 1066 4559; x_wconf 79' lang='lat' dir='ltr'>quam</span> <span class='ocrx_word' id='word_1_648' title='bbox 1101 4491 1528 4560; x_wconf 79' lang='lat' dir='ltr'>sopbismatum</span> <span class='ocrx_word' id='word_1_649' title='bbox 1563 4492 1672 4558; x_wconf 77' lang='lat'>(70)</span> <span class='ocrx_word' id='word_1_650' title='bbox 1706 4491 2076 4545; x_wconf 80' lang='lat' dir='ltr'>fraudulenta</span> <span class='ocrx_word' id='word_1_651' title='bbox 2106 4489 2424 4546; x_wconf 83' lang='lat' dir='ltr'>conclusio.</span> 
     </span>
    </p>
   </div>
   <div class='ocr_carea' id='block_1_89' title="bbox 488 4556 3820 4633">
    <p class='ocr_par' dir='ltr' id='par_1_89' title="bbox 488 4556 3820 4633">
     <span class='ocr_line' id='line_1_90' title="bbox 488 4556 3820 4633; baseline -0.001 -20"><span class='ocrx_word' id='word_1_652' title='bbox 488 4561 578 4614; x_wconf 87' lang='lat'>78.</span> <span class='ocrx_word' id='word_1_653' title='bbox 612 4556 727 4633; x_wconf 79' lang='lat' dir='ltr'>Nos</span> <span class='ocrx_word' id='word_1_654' title='bbox 758 4556 1069 4615; x_wconf 82' lang='lat' dir='ltr'>Christiani</span> <span class='ocrx_word' id='word_1_655' title='bbox 1104 4556 1445 4633; x_wconf 57' lang='lat' dir='ltr'>mysterium</span> <span class='ocrx_word' id='word_1_656' title='bbox 1497 4556 1624 4617; x_wconf 85' lang='lat' dir='ltr'>vitae</span> <span class='ocrx_word' id='word_1_657' title='bbox 1661 4556 1883 4616; x_wconf 64' lang='lat' dir='ltr'>nostrae</span> <span class='ocrx_word' id='word_1_658' title='bbox 1935 4579 2047 4617; x_wconf 91' lang='lat' dir='ltr'>non</span> <span class='ocrx_word' id='word_1_659' title='bbox 2081 4561 2140 4616; x_wconf 88' lang='lat' dir='ltr'>in</span> <span class='ocrx_word' id='word_1_660' title='bbox 2191 4560 2497 4633; x_wconf 12' lang='lat' dir='ltr'>sapientiai</span> <span class='ocrx_word' id='word_1_661' title='bbox 2532 4559 2734 4633; x_wconf 88' lang='lat' dir='ltr'>mundi</span> <span class='ocrx_word' id='word_1_662' title='bbox 2762 4557 3046 4633; x_wconf 80' lang='lat' dir='ltr'>habemus</span> <span class='ocrx_word' id='word_1_663' title='bbox 3095 4557 3438 4630; x_wconf 89' lang='lat' dir='ltr'>repositum,</span> <span class='ocrx_word' id='word_1_664' title='bbox 3471 4557 3570 4612; x_wconf 90' lang='lat' dir='ltr'>sed</span> <span class='ocrx_word' id='word_1_665' title='bbox 3613 4556 3672 4611; x_wconf 89' lang='lat' dir='ltr'>in</span> <span class='ocrx_word' id='word_1_666' title='bbox 3704 4556 3820 4633; x_wconf 82' lang='lat' dir='ltr'>vir-</span> 
     </span>
    </p>
   </div>
   <div class='ocr_carea' id='block_1_90' title="bbox 421 4629 3824 4704">
    <p class='ocr_par' dir='ltr' id='par_1_90' title="bbox 421 4629 3824 4704">
     <span class='ocr_line' id='line_1_91' title="bbox 421 4629 3824 4704; baseline -0.001 -17"><span class='ocrx_word' id='word_1_667' title='bbox 421 4636 546 4687; x_wconf 91' lang='lat' dir='ltr'>tute</span> <span class='ocrx_word' id='word_1_668' title='bbox 577 4631 732 4697; x_wconf 87' lang='lat' dir='ltr'>ﬁdei,</span> <span class='ocrx_word' id='word_1_669' title='bbox 765 4649 891 4702; x_wconf 73' lang='lat' dir='ltr'>quze</span> <span class='ocrx_word' id='word_1_670' title='bbox 927 4633 1092 4687; x_wconf 85' lang='lat' dir='ltr'>nobis</span> <span class='ocrx_word' id='word_1_671' title='bbox 1125 4629 1301 4688; x_wconf 56' lang='lat' dir='ltr'>a&#39;Deo</span> <span class='ocrx_word' id='word_1_672' title='bbox 1329 4635 1549 4688; x_wconf 87' lang='lat' dir='ltr'>tributa</span> <span class='ocrx_word' id='word_1_673' title='bbox 1581 4651 1681 4704; x_wconf 90' lang='lat' dir='ltr'>per</span> <span class='ocrx_word' id='word_1_674' title='bbox 1711 4633 2003 4688; x_wconf 87' lang='lat' dir='ltr'>Christum</span> <span class='ocrx_word' id='word_1_675' title='bbox 2027 4640 2136 4689; x_wconf 90' lang='lat' dir='ltr'>est.</span> <span class='ocrx_word' id='word_1_676' title='bbox 2171 4629 2327 4688; x_wconf 80' lang='lat' dir='ltr'>Hanc</span> <span class='ocrx_word' id='word_1_677' title='bbox 2358 4632 2634 4687; x_wconf 88' lang='lat' dir='ltr'>orationis</span> <span class='ocrx_word' id='word_1_678' title='bbox 2657 4648 2795 4704; x_wconf 54' lang='lat' dir='ltr'>mea:</span> <span class='ocrx_word' id='word_1_679' title='bbox 2821 4630 3142 4704; x_wconf 85' lang='lat' dir='ltr'>veritatem,</span> <span class='ocrx_word' id='word_1_680' title='bbox 3163 4629 3386 4704; x_wconf 76' lang='lat' dir='ltr'>rerum,</span> <span class='ocrx_word' id='word_1_681' title='bbox 3412 4646 3536 4704; x_wconf 59' lang='lat' dir='ltr'>qua;</span> <span class='ocrx_word' id='word_1_682' title='bbox 3559 4629 3824 4704; x_wconf 80' lang='lat' dir='ltr'>quotidie</span> 
     </span>
    </p>
   </div>
   <div class='ocr_carea' id='block_1_91' title="bbox 421 4700 3824 4775">
    <p class='ocr_par' dir='ltr' id='par_1_91' title="bbox 421 4700 3824 4775">
     <span class='ocr_line' id='line_1_92' title="bbox 421 4700 3824 4775; baseline -0.001 -17"><span class='ocrx_word' id='word_1_683' title='bbox 421 4710 724 4774; x_wconf 82' lang='lat' dir='ltr'>geruntur,</span> <span class='ocrx_word' id='word_1_684' title='bbox 755 4700 896 4758; x_wconf 74' lang='lat' dir='ltr'>ordo</span> <span class='ocrx_word' id='word_1_685' title='bbox 928 4706 1501 4759; x_wconf 84' lang='lat' dir='ltr'>commendat.Nobis</span> <span class='ocrx_word' id='word_1_686' title='bbox 1522 4700 1810 4775; x_wconf 81' lang='lat' dir='ltr'>imperitis</span> <span class='ocrx_word' id='word_1_687' title='bbox 1837 4711 1890 4760; x_wconf 88' lang='lat' dir='ltr'>et</span> <span class='ocrx_word' id='word_1_688' title='bbox 1922 4705 2245 4760; x_wconf 89' lang='lat' dir='ltr'>litterarum</span> <span class='ocrx_word' id='word_1_689' title='bbox 2268 4711 2586 4760; x_wconf 85' lang='lat' dir='ltr'>vestrarum</span> <span class='ocrx_word' id='word_1_690' title='bbox 2617 4703 2832 4771; x_wconf 78' lang='lat' dir='ltr'>ignaris</span> <span class='ocrx_word' id='word_1_691' title='bbox 2854 4703 2923 4756; x_wconf 85' lang='lat' dir='ltr'>ad</span> <span class='ocrx_word' id='word_1_692' title='bbox 2954 4703 3046 4758; x_wconf 87' lang='lat' dir='ltr'>Dei</span> <span class='ocrx_word' id='word_1_693' title='bbox 3065 4703 3453 4775; x_wconf 88' lang='lat' dir='ltr'>cognitionem</span> <span class='ocrx_word' id='word_1_694' title='bbox 3481 4702 3609 4771; x_wconf 83' lang='lat' dir='ltr'>ejus</span> <span class='ocrx_word' id='word_1_695' title='bbox 3629 4700 3824 4756; x_wconf 80' lang='lat' dir='ltr'>solum</span> 
     </span>
    </p>
   </div>
   <div class='ocr_carea' id='block_1_92' title="bbox 422 4774 3822 4848">
    <p class='ocr_par' dir='ltr' id='par_1_92' title="bbox 422 4774 3822 4848">
     <span class='ocr_line' id='line_1_93' title="bbox 422 4774 3822 4848; baseline -0.001 -20"><span class='ocrx_word' id='word_1_696' title='bbox 422 4777 598 4831; x_wconf 86' lang='lat' dir='ltr'>verba</span> <span class='ocrx_word' id='word_1_697' title='bbox 632 4777 953 4830; x_wconf 80' lang='lat' dir='ltr'>sufﬁciunt.</span> <span class='ocrx_word' id='word_1_698' title='bbox 991 4781 1130 4831; x_wconf 78' lang='lat' dir='ltr'>Ecce</span> <span class='ocrx_word' id='word_1_699' title='bbox 1162 4793 1267 4831; x_wconf 88' lang='lat' dir='ltr'>nos</span> <span class='ocrx_word' id='word_1_700' title='bbox 1298 4782 1382 4830; x_wconf 90' lang='lat' dir='ltr'>tot</span> <span class='ocrx_word' id='word_1_701' title='bbox 1411 4774 1755 4846; x_wconf 75' lang='lat' dir='ltr'>gentilitatis</span> <span class='ocrx_word' id='word_1_702' title='bbox 1786 4777 2061 4848; x_wconf 81' lang='lat' dir='ltr'>gregibus</span> <span class='ocrx_word' id='word_1_703' title='bbox 2092 4777 2393 4840; x_wconf 89' lang='lat' dir='ltr'>abstracti,</span> <span class='ocrx_word' id='word_1_704' title='bbox 2426 4777 2484 4830; x_wconf 91' lang='lat' dir='ltr'>in</span> <span class='ocrx_word' id='word_1_705' title='bbox 2517 4775 3081 4848; x_wconf 86' lang='lat' dir='ltr'>universumorbem</span> <span class='ocrx_word' id='word_1_706' title='bbox 3109 4774 3369 4846; x_wconf 92' lang='lat' dir='ltr'>quotidie</span> <span class='ocrx_word' id='word_1_707' title='bbox 3394 4789 3822 4848; x_wconf 68' lang='lat' dir='ltr'>propagamur;</span> 
     </span>
    </p>
   </div>
   <div class='ocr_carea' id='block_1_93' title="bbox 422 4844 3824 4919">
    <p class='ocr_par' dir='ltr' id='par_1_93' title="bbox 422 4844 3824 4919">
     <span class='ocr_line' id='line_1_94' title="bbox 422 4844 3824 4919; baseline -0.001 -18"><span class='ocrx_word' id='word_1_708' title='bbox 422 4849 588 4904; x_wconf 84' lang='lat' dir='ltr'>vobis</span> <span class='ocrx_word' id='word_1_709' title='bbox 619 4864 750 4902; x_wconf 93' lang='lat' dir='ltr'>vero</span> <span class='ocrx_word' id='word_1_710' title='bbox 783 4853 912 4918; x_wconf 90' lang='lat' dir='ltr'>post</span> <span class='ocrx_word' id='word_1_711' title='bbox 943 4848 1248 4902; x_wconf 75' lang='lat' dir='ltr'>adventum</span> <span class='ocrx_word' id='word_1_712' title='bbox 1278 4844 1528 4914; x_wconf 80' lang='lat' dir='ltr'>Domini,</span> <span class='ocrx_word' id='word_1_713' title='bbox 1565 4844 2254 4919; x_wconf 43' lang='lat' dir='ltr'>nodosae&#39;sophismatum</span> <span class='ocrx_word' id='word_1_714' title='bbox 2288 4849 2624 4902; x_wconf 86' lang='lat' dir='ltr'>defecerunt</span> <span class='ocrx_word' id='word_1_715' title='bbox 2652 4846 2940 4919; x_wconf 70' lang='lat' dir='ltr'>versutize.</span> <span class='ocrx_word' id='word_1_716' title='bbox 2975 4844 3255 4919; x_wconf 30' lang='lat' dir='ltr'>Ecce‘nos</span> <span class='ocrx_word' id='word_1_717' title='bbox 3285 4844 3572 4918; x_wconf 87' lang='lat' dir='ltr'>suplicem</span> <span class='ocrx_word' id='word_1_718' title='bbox 3603 4844 3824 4919; x_wconf 79' lang='lat' dir='ltr'>Christi</span> 
     </span>
    </p>
   </div>
   <div class='ocr_carea' id='block_1_94' title="bbox 421 4915 3826 4991">
    <p class='ocr_par' dir='ltr' id='par_1_94' title="bbox 421 4915 3826 4991">
     <span class='ocr_line' id='line_1_95' title="bbox 421 4915 3826 4991; baseline -0.001 -18"><span class='ocrx_word' id='word_1_719' title='bbox 421 4919 593 4975; x_wconf 88' lang='lat' dir='ltr'>ﬁdem</span> <span class='ocrx_word' id='word_1_720' title='bbox 630 4915 923 4983; x_wconf 86' lang='lat' dir='ltr'>docentes,</span> <span class='ocrx_word' id='word_1_721' title='bbox 955 4920 1343 4974; x_wconf 87' lang='lat' dir='ltr'>idololatriam</span> <span class='ocrx_word' id='word_1_722' title='bbox 1369 4920 1808 4986; x_wconf 86' lang='lat' dir='ltr'>debellavimus,</span> <span class='ocrx_word' id='word_1_723' title='bbox 1839 4915 2016 4990; x_wconf 39' lang='lat' dir='ltr'>et—per</span> <span class='ocrx_word' id='word_1_724' title='bbox 2046 4921 2513 4991; x_wconf 72' lang='lat' dir='ltr'>praedicationem</span> <span class='ocrx_word' id='word_1_725' title='bbox 2536 4917 2940 4990; x_wconf 66' lang='lat' dir='ltr'>ignominiosae</span> <span class='ocrx_word' id='word_1_726' title='bbox 2972 4918 3184 4991; x_wconf 85' lang='lat' dir='ltr'>crucis.</span> <span class='ocrx_word' id='word_1_727' title='bbox 3209 4915 3412 4974; x_wconf 75' lang='lat' dir='ltr'>aurata</span> <span class='ocrx_word' id='word_1_728' title='bbox 3439 4915 3656 4988; x_wconf 89' lang='lat' dir='ltr'>templa</span> <span class='ocrx_word' id='word_1_729' title='bbox 3676 4915 3826 4971; x_wconf 85' lang='lat' dir='ltr'>ceci-</span> 
     </span>
    </p>
   </div>
   <div class='ocr_carea' id='block_1_95' title="bbox 421 4990 3826 5062">
    <p class='ocr_par' dir='ltr' id='par_1_95' title="bbox 421 4990 3826 5062">
     <span class='ocr_line' id='line_1_96' title="bbox 421 4990 3826 5062; baseline -0.001 -17"><span class='ocrx_word' id='word_1_730' title='bbox 421 4993 654 5046; x_wconf 88' lang='lat' dir='ltr'>derunt.</span> <span class='ocrx_word' id='word_1_731' title='bbox 690 4992 826 5058; x_wconf 90' lang='lat' dir='ltr'>Vos,</span> <span class='ocrx_word' id='word_1_732' title='bbox 863 4992 906 5046; x_wconf 91' lang='lat' dir='ltr'>si</span> <span class='ocrx_word' id='word_1_733' title='bbox 944 4992 1205 5060; x_wconf 85' lang='lat' dir='ltr'>potestis,</span> <span class='ocrx_word' id='word_1_734' title='bbox 1241 4992 1548 5057; x_wconf 88' lang='lat' dir='ltr'>ostendite,</span> <span class='ocrx_word' id='word_1_735' title='bbox 1585 4993 1796 5062; x_wconf 88' lang='lat' dir='ltr'>quibus</span> <span class='ocrx_word' id='word_1_736' title='bbox 1829 4990 2192 5048; x_wconf 87' lang='lat' dir='ltr'>contextione</span> <span class='ocrx_word' id='word_1_737' title='bbox 2223 4993 2529 5047; x_wconf 88' lang='lat' dir='ltr'>verborum</span> <span class='ocrx_word' id='word_1_738' title='bbox 2563 4991 2949 5062; x_wconf 89' lang='lat' dir='ltr'>gentilitatem</span> <span class='ocrx_word' id='word_1_739' title='bbox 2982 4990 3208 5045; x_wconf 89' lang='lat' dir='ltr'>Christo</span> <span class='ocrx_word' id='word_1_740' title='bbox 3257 5005 3592 5061; x_wconf 69' lang='lat' dir='ltr'>praeponere</span> <span class='ocrx_word' id='word_1_741' title='bbox 3622 5005 3826 5062; x_wconf 50' lang='lat' dir='ltr'>suaso:</span> 
     </span>
    </p>
   </div>
   <div class='ocr_carea' id='block_1_96' title="bbox 419 5059 3827 5136">
    <p class='ocr_par' dir='ltr' id='par_1_96' title="bbox 419 5059 3827 5136">
     <span class='ocr_line' id='line_1_97' title="bbox 419 5059 3827 5136; baseline -0.001 -21"><span class='ocrx_word' id='word_1_742' title='bbox 419 5063 569 5136; x_wconf 84' lang='lat' dir='ltr'>ritis.</span> <span class='ocrx_word' id='word_1_743' title='bbox 603 5067 711 5136; x_wconf 84' lang='lat' dir='ltr'>Per</span> <span class='ocrx_word' id='word_1_744' title='bbox 739 5059 1095 5136; x_wconf 24' lang='lat' dir='ltr'>omnes’jam</span> <span class='ocrx_word' id='word_1_745' title='bbox 1121 5069 1304 5136; x_wconf 84' lang='lat' dir='ltr'>terras</span> <span class='ocrx_word' id='word_1_746' title='bbox 1337 5080 1508 5136; x_wconf 80' lang='lat' dir='ltr'>verus</span> <span class='ocrx_word' id='word_1_747' title='bbox 1535 5059 1634 5136; x_wconf 81' lang='lat' dir='ltr'>Dei</span> <span class='ocrx_word' id='word_1_748' title='bbox 1672 5063 1846 5118; x_wconf 84' lang='lat' dir='ltr'>Filius</span> <span class='ocrx_word' id='word_1_749' title='bbox 1877 5064 2142 5119; x_wconf 90' lang='lat' dir='ltr'>Christus</span> <span class='ocrx_word' id='word_1_750' title='bbox 2189 5070 2278 5119; x_wconf 90' lang='lat' dir='ltr'>est</span> <span class='ocrx_word' id='word_1_751' title='bbox 2311 5064 2543 5136; x_wconf 88' lang='lat' dir='ltr'>agnitus</span> <span class='ocrx_word' id='word_1_752' title='bbox 2613 5061 2760 5136; x_wconf 82' lang='lat' dir='ltr'>nihil</span> <span class='ocrx_word' id='word_1_753' title='bbox 2805 5062 3138 5136; x_wconf 81' lang='lat' dir='ltr'>eloquentia</span> <span class='ocrx_word' id='word_1_754' title='bbox 3186 5059 3640 5136; x_wconf 46' lang='lat' dir='ltr'>sophis&#39;maturn2</span> <span class='ocrx_word' id='word_1_755' title='bbox 3676 5059 3827 5114; x_wconf 90' lang='lat' dir='ltr'>nihil</span> 
     </span>
    </p>
   </div>
   <div class='ocr_carea' id='block_1_97' title="bbox 416 5131 3827 5207">
    <p class='ocr_par' dir='ltr' id='par_1_97' title="bbox 416 5131 3827 5207">
     <span class='ocr_line' id='line_1_98' title="bbox 416 5131 3827 5207; baseline -0.001 -20"><span class='ocrx_word' id='word_1_756' title='bbox 416 5135 734 5206; x_wconf 85' lang='lat' dir='ltr'>disputatio</span> <span class='ocrx_word' id='word_1_757' title='bbox 770 5131 1150 5206; x_wconf 66' lang='lat' dir='ltr'>philosophia:</span> <span class='ocrx_word' id='word_1_758' title='bbox 1185 5134 1546 5207; x_wconf 89' lang='lat' dir='ltr'>multitudini</span> <span class='ocrx_word' id='word_1_759' title='bbox 1572 5140 1762 5207; x_wconf 89' lang='lat' dir='ltr'>potest</span> <span class='ocrx_word' id='word_1_760' title='bbox 1784 5137 1988 5192; x_wconf 85' lang='lat' dir='ltr'>obesse</span> <span class='ocrx_word' id='word_1_761' title='bbox 2019 5131 2404 5192; x_wconf 77' lang='lat' dir='ltr'>credentium.</span> <span class='ocrx_word' id='word_1_762' title='bbox 2426 5134 2776 5188; x_wconf 88' lang='lat' dir='ltr'>Cruciﬁxum</span> <span class='ocrx_word' id='word_1_763' title='bbox 2810 5131 3207 5207; x_wconf 66' lang='lat' dir='ltr'>nominamus,</span> <span class='ocrx_word' id='word_1_764' title='bbox 3241 5131 3297 5207; x_wconf 77' lang='lat' dir='ltr'>et</span> <span class='ocrx_word' id='word_1_765' title='bbox 3327 5131 3585 5207; x_wconf 78' lang='lat' dir='ltr'>universi</span> <span class='ocrx_word' id='word_1_766' title='bbox 3610 5133 3827 5207; x_wconf 71' lang='lat' dir='ltr'>demo-</span> 
     </span>
    </p>
   </div>
   <div class='ocr_carea' id='block_1_98' title="bbox 414 5203 3829 5282">
    <p class='ocr_par' dir='ltr' id='par_1_98' title="bbox 414 5203 3829 5282">
     <span class='ocr_line' id='line_1_99' title="bbox 414 5203 3829 5282; baseline -0 -22"><span class='ocrx_word' id='word_1_767' title='bbox 414 5203 539 5282; x_wconf 67' lang='lat' dir='ltr'>nes,</span> <span class='ocrx_word' id='word_1_768' title='bbox 574 5223 722 5277; x_wconf 91' lang='lat' dir='ltr'>quos</span> <span class='ocrx_word' id='word_1_769' title='bbox 755 5203 852 5261; x_wconf 73' lang='lat' dir='ltr'>vos</span> <span class='ocrx_word' id='word_1_770' title='bbox 884 5211 948 5261; x_wconf 90' lang='lat' dir='ltr'>ut</span> <span class='ocrx_word' id='word_1_771' title='bbox 973 5203 1111 5262; x_wconf 82' lang='lat' dir='ltr'>deos</span> <span class='ocrx_word' id='word_1_772' title='bbox 1143 5206 1355 5275; x_wconf 91' lang='lat' dir='ltr'>colitis,</span> <span class='ocrx_word' id='word_1_773' title='bbox 1391 5203 1654 5279; x_wconf 81' lang='lat' dir='ltr'>rugiunt,</span> <span class='ocrx_word' id='word_1_774' title='bbox 1689 5213 1862 5279; x_wconf 88' lang='lat' dir='ltr'>atque</span> <span class='ocrx_word' id='word_1_775' title='bbox 1892 5226 1959 5264; x_wconf 89' lang='lat' dir='ltr'>ex</span> <span class='ocrx_word' id='word_1_776' title='bbox 1989 5208 2245 5264; x_wconf 89' lang='lat' dir='ltr'>obsessis</span> <span class='ocrx_word' id='word_1_777' title='bbox 2267 5207 2609 5282; x_wconf 90' lang='lat' dir='ltr'>corporibus</span> <span class='ocrx_word' id='word_1_778' title='bbox 2641 5207 2711 5262; x_wconf 91' lang='lat' dir='ltr'>ad</span> <span class='ocrx_word' id='word_1_779' title='bbox 2744 5205 3001 5278; x_wconf 90' lang='lat' dir='ltr'>primum</span> <span class='ocrx_word' id='word_1_780' title='bbox 3025 5205 3339 5262; x_wconf 73' lang='lat' dir='ltr'>Dominica:</span> <span class='ocrx_word' id='word_1_781' title='bbox 3365 5203 3556 5261; x_wconf 91' lang='lat' dir='ltr'>crucis</span> <span class='ocrx_word' id='word_1_782' title='bbox 3588 5203 3829 5276; x_wconf 86' lang='lat' dir='ltr'>signum</span> 
     </span>
    </p>
   </div>
   <div class='ocr_carea' id='block_1_99' title="bbox 409 5279 709 5404">
    <p class='ocr_par' dir='ltr' id='par_1_99' title="bbox 409 5279 709 5404">
     <span class='ocr_line' id='line_1_100' title="bbox 409 5279 709 5404; baseline -0.003 -71"><span class='ocrx_word' id='word_1_783' title='bbox 409 5279 709 5404; x_wconf 56' lang='lat' dir='ltr'>fugantur.</span> 
     </span>
     <span class='ocr_line' id='line_1_101' title="bbox 517 5350 709 5404; baseline 0 0"><span class='ocrx_word' id='word_1_784' title='bbox 517 5351 568 5404; x_wconf 86' lang='lat'>9.</span> <span class='ocrx_word' id='word_1_785' title='bbox 604 5350 709 5404; x_wconf 87' lang='lat' dir='ltr'>Ubi</span> 
     </span>
    </p>
   </div>
   <div class='ocr_carea' id='block_1_100' title="bbox 517 5346 3834 5425">
    <p class='ocr_par' dir='ltr' id='par_1_100' title="bbox 517 5346 3834 5425">
     <span class='ocr_line' id='line_1_102' title="bbox 517 5346 3834 5425; baseline -0 -21"><span class='ocrx_word' id='word_1_786' title='bbox 517 5351 568 5405; x_wconf 86' lang='lat'>9.</span> <span class='ocrx_word' id='word_1_787' title='bbox 604 5350 712 5406; x_wconf 91' lang='lat' dir='ltr'>Ubi</span> <span class='ocrx_word' id='word_1_788' title='bbox 744 5353 884 5406; x_wconf 90' lang='lat' dir='ltr'>sunt</span> <span class='ocrx_word' id='word_1_789' title='bbox 914 5349 1016 5406; x_wconf 91' lang='lat' dir='ltr'>illa</span> <span class='ocrx_word' id='word_1_790' title='bbox 1046 5350 1314 5407; x_wconf 85' lang='lat' dir='ltr'>fabulosa</span> <span class='ocrx_word' id='word_1_791' title='bbox 1343 5350 1579 5408; x_wconf 89' lang='lat' dir='ltr'>oracula</span> <span class='ocrx_word' id='word_1_792' title='bbox 1604 5354 1626 5406; x_wconf 73' lang='grc' dir='ltr'><strong><em>Ρ</em></strong></span> <span class='ocrx_word' id='word_1_793' title='bbox 1648 5351 1745 5407; x_wconf 92' lang='lat' dir='ltr'>ubi</span> <span class='ocrx_word' id='word_1_794' title='bbox 1769 5351 2171 5425; x_wconf 63' lang='lat' dir='ltr'>ngyptiorum</span> <span class='ocrx_word' id='word_1_795' title='bbox 2196 5349 2670 5409; x_wconf 85' lang='lat' dir='ltr'>incantationes?</span> <span class='ocrx_word' id='word_1_796' title='bbox 2692 5364 2804 5420; x_wconf 91' lang='lat' dir='ltr'>quo</span> <span class='ocrx_word' id='word_1_797' title='bbox 2827 5364 3176 5422; x_wconf 84' lang='lat' dir='ltr'>magnorum</span> <span class='ocrx_word' id='word_1_798' title='bbox 3204 5349 3500 5421; x_wconf 83' lang='lat' dir='ltr'>profecere</span> <span class='ocrx_word' id='word_1_799' title='bbox 3522 5346 3834 5406; x_wconf 78' lang='lat' dir='ltr'>carmina?</span> 
     </span>
    </p>
   </div>
   <div class='ocr_carea' id='block_1_101' title="bbox 484 5480 929 5549">
    <p class='ocr_par' dir='ltr' id='par_1_101' title="bbox 484 5480 929 5549">
     <span class='ocr_line' id='line_1_103' title="bbox 484 5480 929 5549; baseline -0.004 -13"><span class='ocrx_word' id='word_1_800' title='bbox 484 5481 530 5516; x_wconf 78' lang='lat'>“</span> <span class='ocrx_word' id='word_1_801' title='bbox 559 5480 580 5536; x_wconf 87' lang='grc' dir='ltr'><strong>Ι</strong></span> <span class='ocrx_word' id='word_1_802' title='bbox 611 5483 736 5536; x_wconf 90' lang='lat' dir='ltr'>Cor.</span> <span class='ocrx_word' id='word_1_803' title='bbox 769 5497 812 5549; x_wconf 84' lang='lat'>1,</span> <span class='ocrx_word' id='word_1_804' title='bbox 848 5481 929 5535; x_wconf 86' lang='grc'>17.</span> 
     </span>
    </p>
   </div>
   <div class='ocr_carea' id='block_1_102' title="bbox 483 5605 1842 5682">
    <p class='ocr_par' dir='ltr' id='par_1_102' title="bbox 483 5605 1842 5682">
     <span class='ocr_line' id='line_1_104' title="bbox 483 5605 1842 5682; baseline 0.002 -22"><span class='ocrx_word' id='word_1_805' title='bbox 483 5605 598 5682; x_wconf 59' lang='grc' dir='ltr'>(δῖ)</span> <span class='ocrx_word' id='word_1_806' title='bbox 628 5607 721 5682; x_wconf 69' lang='lat' dir='ltr'>Sic</span> <span class='ocrx_word' id='word_1_807' title='bbox 747 5623 951 5682; x_wconf 85' lang='lat' dir='ltr'>omnes</span> <span class='ocrx_word' id='word_1_808' title='bbox 982 5606 1387 5679; x_wconf 68' lang='lat' dir='ltr'>m&#39;tnuscripti.</span> <span class='ocrx_word' id='word_1_809' title='bbox 1422 5609 1596 5682; x_wconf 84' lang='lat' dir='ltr'>Editi,</span> <span class='ocrx_word' id='word_1_810' title='bbox 1629 5608 1842 5682; x_wconf 74' lang='grc' dir='ltr'>ὁρᾶσθε.</span> 
     </span>
    </p>
   </div>
   <div class='ocr_carea' id='block_1_103' title="bbox 421 5678 2058 5826">
    <p class='ocr_par' dir='ltr' id='par_1_103' title="bbox 421 5678 2058 5826">
     <span class='ocr_line' id='line_1_105' title="bbox 421 5678 2058 5826; baseline -0.001 -91"><span class='ocrx_word' id='word_1_811' title='bbox 421 5678 716 5826; x_wconf 53' lang='grc' dir='ltr'>δόὶῗὲζιηιι</span> <span class='ocrx_word' id='word_1_812' title='bbox 749 5679 865 5734; x_wconf 82' lang='lat' dir='ltr'>fere</span> <span class='ocrx_word' id='word_1_813' title='bbox 895 5693 1100 5734; x_wconf 90' lang='lat' dir='ltr'>omnes</span> <span class='ocrx_word' id='word_1_814' title='bbox 1152 5678 1554 5753; x_wconf 28' lang='lat' dir='ltr'>man’uscripli.</span> <span class='ocrx_word' id='word_1_815' title='bbox 1610 5678 1780 5749; x_wconf 76' lang='lat' dir='ltr'>Editi,</span> <span class='ocrx_word' id='word_1_816' title='bbox 1841 5681 2058 5756; x_wconf 82' lang='grc' dir='ltr'>ἀπερει-</span> 
     </span>
    </p>
   </div>
   <div class='ocr_carea' id='block_1_104' title="bbox 2244 5599 3821 5680">
    <p class='ocr_par' dir='ltr' id='par_1_104' title="bbox 2244 5599 3821 5680">
     <span class='ocr_line' id='line_1_106' title="bbox 2244 5599 3821 5680; baseline -0.006 -17"><span class='ocrx_word' id='word_1_817' title='bbox 2244 5608 2357 5680; x_wconf 71' lang='lat'>(69)</span> <span class='ocrx_word' id='word_1_818' title='bbox 2388 5607 2479 5680; x_wconf 82' lang='lat' dir='ltr'>Sic</span> <span class='ocrx_word' id='word_1_819' title='bbox 2510 5605 2894 5680; x_wconf 12' lang='lat' dir='ltr'>manuscriptri</span> <span class='ocrx_word' id='word_1_820' title='bbox 2925 5621 3151 5680; x_wconf 84' lang='lat' dir='ltr'>omnes.</span> <span class='ocrx_word' id='word_1_821' title='bbox 3184 5604 3338 5664; x_wconf 89' lang='lat' dir='ltr'>Editi</span> <span class='ocrx_word' id='word_1_822' title='bbox 3366 5620 3521 5671; x_wconf 88' lang='lat' dir='ltr'>vero,</span> <span class='ocrx_word' id='word_1_823' title='bbox 3544 5599 3632 5657; x_wconf 85' lang='grc' dir='ltr'>καὶ</span> <span class='ocrx_word' id='word_1_824' title='bbox 3668 5599 3821 5675; x_wconf 80' lang='grc' dir='ltr'>ὑμῶν</span> 
     </span>
    </p>
   </div>
   <div class='ocr_carea' id='block_1_105' title="bbox 2171 5676 3172 5751">
    <p class='ocr_par' dir='ltr' id='par_1_105' title="bbox 2171 5676 3172 5751">
     <span class='ocr_line' id='line_1_107' title="bbox 2171 5676 3172 5751; baseline 0.003 -19"><span class='ocrx_word' id='word_1_825' title='bbox 2171 5676 2271 5733; x_wconf 78' lang='grc' dir='ltr'>οὐκ</span> <span class='ocrx_word' id='word_1_826' title='bbox 2299 5676 2642 5751; x_wconf 82' lang='grc' dir='ltr'>ἐμποδίζετε,</span> <span class='ocrx_word' id='word_1_827' title='bbox 2664 5676 2918 5751; x_wconf 74' lang='lat' dir='ltr'>omissis</span> <span class='ocrx_word' id='word_1_828' title='bbox 2949 5679 3172 5735; x_wconf 89' lang='lat' dir='ltr'>multis.</span> 
     </span>
    </p>
   </div>
   <div class='ocr_carea' id='block_1_106' title="bbox 2135 5747 3476 5826">
    <p class='ocr_par' dir='ltr' id='par_1_106' title="bbox 2135 5747 3476 5826">
     <span class='ocr_line' id='line_1_108' title="bbox 2135 5747 3476 5826; baseline 0.001 -22"><span class='ocrx_word' id='word_1_829' title='bbox 2135 5783 2138 5786; x_wconf 66' lang='grc'>‹</span> <span class='ocrx_word' id='word_1_830' title='bbox 2241 5747 2354 5826; x_wconf 85' lang='lat'>(70)</span> <span class='ocrx_word' id='word_1_831' title='bbox 2386 5747 2766 5824; x_wconf 78' lang='lat' dir='ltr'>Manuscripti</span> <span class='ocrx_word' id='word_1_832' title='bbox 2797 5751 3060 5823; x_wconf 81' lang='lat' dir='ltr'>quidam,</span> <span class='ocrx_word' id='word_1_833' title='bbox 3093 5747 3476 5825; x_wconf 75' lang='lat' dir='ltr'>sophistarum.</span> 
     </span>
    </p>
   </div>
  </div>
