4074 6332
404 378 520 437 955

953 377 1018 436 S.
1064 376 1494 436 ATHANASII
1538 376 1709 437 OPP.
1758 374 1955 435 PARS
2003 373 2047 432 l.
2088 401 2163 419 --
2194 371 2605 433 HISTOBICA
2654 372 2754 432 ET
2798 370 3274 432 DOGMATICA.

3699 370 3823 428 956

404 511 580 576 atque
610 506 716 561 viri
749 507 1057 579 prudentia
1088 523 1310 561 necnon
1343 509 1499 561 edito
1523 508 1691 578 signo
1741 506 2051 577 stupefacti

2180 501 2395 572 ἔστησαν
2449 503 2500 555 οἱ
2551 498 2828 577 ἅνθρωποι
2886 497 3213 575 ὁλόκληροι,
3270 501 3673 576 σωφρονοῦντες
3730 498 3823 552 καὶ

404 600 562 651 sunt.
597 597 885 651 Antonius
916 611 1048 650 vero
1097 596 1216 649 ait:
1251 599 1368 650 Cur
1399 595 1700 651 miramini
1733 595 1760 649 ‘?
1809 611 1923 649 non
1955 611 2060 649 nos

405 683 528 738 haec
558 683 916 755 agimus,sed
949 683 1215 738 Christus
1245 701 1345 755 per
1375 701 1474 739 eos
1497 684 1597 754 qui
1629 685 1682 738 in
1708 701 1768 738 se
1791 685 2060 751 credunt,

409 774 529 828 haec
561 778 854 844 operatur.
887 773 1113 827 Credite
1145 772 1343 844 itaque
1365 790 1466 828 vos
1497 773 1632 845 ipsi,
1665 772 2062 844 videbitisque

410 868 611 916 nostra
643 878 757 915 non
778 861 1086 916 verborum
1110 862 1424 917 artiﬁcium
1459 864 1715 931 esse,sed
1737 862 1908 917 ﬁdem
1935 878 2061 933 qua

409 967 511 1023 per
543 949 912 1005 dilectionem
937 951 992 1005 in
1019 950 1315 1006 Christum
1342 958 1648 1024 operatur:
1676 967 1853 1022 quam
1879 950 1925 1004 si
1962 967 2062 1004 na-

410 1039 484 1092 cti
521 1038 890 1100 fueritis,non
927 1039 1172 1094 ulterius
1205 1045 1553 1113 argumenta
1581 1041 1890 1096 verborum
1931 1055 2063 1110 per-

411 1127 656 1200 quiretis
684 1128 872 1182 :684
903 1129 1001 1182 sed
1032 1129 1205 1183 ﬁdem
1239 1129 1297 1184 in
1329 1129 1630 1184 Christum
1666 1129 1936 1184 sufﬁcere
1966 1144 2064 1182 vo-

410 1217 498 1271 bis
530 1215 962 1272 existimabitis.
989 1216 1283 1273 Hactenus
1306 1219 1543 1273 Antonii
1576 1220 1766 1272 verba.
1806 1215 1895 1271 Illi
1955 1217 2063 1271 hoc

411 1321 638 1376 quoque
671 1305 962 1371 admirati,
993 1322 1307 1378 senemque
1339 1306 1673 1378 amplexati,
1734 1306 2062 1360 dicessere:

412 1411 592 1466 seque
617 1411 685 1450 ex
713 1411 778 1449 eo
814 1395 1124 1450 utilitatem
1162 1396 1388 1468 cepisse
1422 1397 1561 1452 fassi
1585 1402 1743 1451 sunt.

2172 590 2614 668 εὐχαριστοῦντες
2643 595 2722 662 τῷ
2769 591 2948 664 Κυρίῳ
2981 587 3198 644 λοιπόν.
3254 593 3352 642 Καὶ
3410 588 3463 642 οἱ
3510 587 3603 661 μὶν
3656 585 3822 663 λεγό-

2175 701 2324 752 μενοι
2357 679 2647 756 φιλόσοφοι
2682 678 3008 750 ἐθαύμαζον,
3039 677 3127 731 καὶ
3161 675 3383 747 ἀληθῶς
3432 676 3825 749 ἐξεπλήττοντο

2173 769 2258 822 ἐπὶ
2286 772 2352 842 τῇ
2387 770 2588 822 συνέσει
2621 772 2716 822 τοῦ
2749 765 2964 841 ἀνδρὸς,
3013 766 3102 820 καὶ
3145 771 3225 838 τῷ
3251 766 3531 839 γενομένῳ
3564 766 3776 839 σημείῳ
3812 785 3825 797 ⁸

2181 859 2192 871 ο
2247 855 2269 873 σε
2352 859 2363 879 ν
2505 859 2514 877 ι
2695 852 2719 876 ,ι
2926 857 2936 876 ι
3153 855 3202 890 ιγ
3340 853 3353 874 ν
3404 855 3417 874 κ
3540 854 3562 889 ,ι
3679 874 3690 886 _
3767 854 3780 874 ν

2174 876 2201 911 o
2243 859 2300 912 οὲ
2368 863 2642 918 Αντωνιος
2695 878 2818 934 εφη,
2877 861 2936 909 Τι
2991 857 3289 928 Θαυμαεετε
3336 875 3419 910 επι
3471 876 3647 928 τοδτῳ
3680 900 3692 926 ,
3726 877 3830 909 ουκ

2174 949 2330 1019 ἐσμὲν
2367 950 2528 1019 ἡμεῖς
2563 948 2614 1002 οἱ
2641 950 2945 1017 ποιοῦντες,
2999 944 3125 1000 ἀλλ’
3174 945 3201 999 6
3231 945 3460 1020 Χριστός
3486 943 3649 1017 ἐστιν,
3683 945 3710 998 6
3742 942 3836 999 διὰ

2171 1041 2277 1090 τῶν
2311 1035 2385 1097 εἰς
2433 1037 2594 1090 αὐτὸν
2643 1035 3006 1090 πιστευὸντων
3051 1038 3216 1088 ταῦτα
3265 1037 3464 1091 ποιῶν.
3503 1033 3835 1090 ΙΙιστεῦσατε

2176 1124 2268 1180 οὖν
2299 1127 2385 1179 καὶ
2425 1127 2582 1198 ὑμεῖς
2615 1147 2628 1159 ·
2691 1125 2779 1180 καὶ
2833 1120 3047 1198 ὄψεσθε,
3101 1123 3184 1179 ὅτι
3234 1123 3298 1178 οὐ
3337 1123 3504 1199 τέχνη
3539 1121 3721 1198 λόγων
3763 1123 3835 1178 τὰ

2174 1215 2298 1286 παρ’
2329 1215 2468 1286 ἡμῖν
2501 1213 2661 1270 ἐστιν.
2715 1211 2860 1269 ἀλλὰ
2910 1212 3087 1276 πίστις
3138 1210 3207 1268 δι’
3257 1211 3473 1288 ἀγάπης
3501 1215 3600 1281 τῆς
3634 1211 3710 1274 sic
3739 1213 3834 1267 τὸν

2176 1303 2404 1378 Χριστὸν
2437 1302 2832 1378 ἐνεργουμένης
2859 1323 2871 1336 ο
2924 1302 3111 1370 ἥντινα
3164 1301 3249 1356 ἐὰν
3275 1302 3503 1376 σχοίητε
3533 1302 3621 1356 καὶ
3657 1302 3836 1374 ὑμεῖς,

2177 1391 2356 1446 οὐκέτι
2387 1393 2481 1454 τὰς
2517 1390 2605 1446 διὰ
2637 1391 2819 1467 λόγων
2864 1389 3170 1462 ἀποδείξεισ
3199 1393 3459 1462 ζητήσετε
3492 1413 3504 1426 ·
3540 1389 3666 1445 ἀλλ’
3707 1390 3837 1446 αὖτ-

416 1485 553 1556 ἀρκη
586 1483 684 1549 τὴν
743 1482 816 1543 εἰς
878 1483 967 1536 τὸν
1028 1484 1253 1554 Χριστὸν
1314 1485 1493 1538 πίστιν
1552 1485 1846 1558 ἡγήσεσθε.
1890 1487 2067 1536 Ταῦτα
2117 1486 2214 1536 τοῦ
2273 1483 2567 1536 ’Δντωνίου
2623 1481 2690 1535 τὰ
2747 1480 2968 1556 ῥήματα
3003 1503 3014 1515 ·
3067 1479 3261 1536 ἐκεῖνοι
3321 1477 3377 1535 δὲ
3424 1479 3514 1535 καὶ
3567 1479 3834 1552 ἐντούτῳ

414 1571 795 1642 θαυμάζοντες,
828 1570 1163 1644 ἀνεχώρουν,
1197 1573 1668 1644 κατασπαζόμενοι
1701 1571 1886 1642 αὐτὸν,
1908 1571 1996 1625 καὶ
2025 1567 2428 1646 ὁμολογοῦντες
2462 1569 2785 1648 ὠφελεῖσθαι
2818 1571 2945 1645 παρ’
2976 1569 3160 1625 αὐτοῦ.

482 1664 572 1718 81.
607 1663 780 1717 Porro
828 1663 1056 1717 Antonii
1109 1663 1264 1718 fama
1322 1665 1392 1718 ad
1450 1665 1831 1736 imperatores
1884 1678 2069 1734 usque

2246 1664 2335 1716 81.
2371 1667 2597 1724 ’Ἐσθασε
2628 1658 2684 1715 δὲ
2727 1661 2816 1715 καὶ
2869 1659 3034 1736 μέχρι
3095 1658 3360 1734 βασιλέων
3395 1661 3430 1729 ἡ
3465 1657 3587 1734 περὶ
3629 1659 3836 1714 Ἀντω-

415 1752 702 1824 pervenit.
738 1751 868 1806 Haec
898 1751 1053 1806 enim
1097 1769 1228 1807 cum
1292 1752 1598 1808 didicisset
1646 1751 2069 1808 Constantinus

418 1847 742 1913 Augustus,
778 1841 1035 1912 itemque
1066 1841 1170 1896 ﬁlii
1201 1843 1328 1912 ejus
1360 1843 1736 1897 Constantius
1799 1848 1856 1896 et
1913 1843 2068 1897 Con-

419 1935 586 1986 stans
615 1929 879 2002 Augusti,
917 1930 999 1984 illi
1031 1934 1313 2002 tanquam
1345 1931 1492 2002 patri
1517 1931 1822 2002 scripsere,
1849 1930 2072 1986 litteras

420 2023 624 2074 mutuo
649 2019 719 2073 ab
753 2018 852 2073 illo
885 2019 1147 2090 accipere
1178 2024 1572 2091 peroptantes.
1601 2024 1667 2074 At
1696 2019 1794 2074 ille
1853 2034 2072 2090 nequa-

424 2125 602 2180 quam
636 2107 834 2179 magni
863 2107 1109 2163 faciebat
1139 2126 1237 2164 eas
1261 2108 1487 2164 litteras
1513 2127 1525 2164 :
1561 2125 1666 2163 nec
1698 2108 1792 2163 his
1818 2107 2074 2179 acceptis

423 2195 687 2268 epistolis
717 2195 957 2268 gavisus
980 2198 1200 2252 estzsed
1235 2196 1370 2253 talis
1391 2202 1534 2263 erat,
1573 2197 1765 2268 qualis
1787 2197 2075 2253 antescri-

426 2291 555 2358 ptas
587 2285 687 2339 illa
718 2285 788 2339 ab
821 2285 1297 2357 imperatoribus.
1319 2289 1462 2340 Cum
1489 2286 1853 2341 deferrentur
1879 2289 2073 2341 autem

425 2374 764 2445 huiusmodi
796 2373 1024 2438 littera:,
1058 2374 1258 2428 accitis
1294 2374 1835 2443 monachis,aiebat:
1862 2374 1943 2428 Ne
1969 2373 2075 2428 mi-

424 2461 633 2518 remini
665 2462 710 2515 si
745 2463 815 2516 ad
850 2479 955 2516 nos
981 2463 1198 2517 scribat
1223 2463 1566 2533 imperator,
1602 2463 1775 2518 homo
1807 2479 1938 2517 cum
1965 2463 2071 2517 sit:

427 2552 528 2606 sed
563 2551 855 2605 miramini
892 2550 1089 2621 potius
1123 2552 1276 2622 quod
1311 2551 1496 2623 legem
1536 2551 1878 2607 hominibus
1931 2551 2072 2606 scri-

415 2640 596 2712 pserit
631 2644 800 2706 Deus,
833 2643 888 2694 et
929 2657 1029 2710 per
1060 2640 1363 2711 proprium
1402 2640 1610 2694 Filium
1656 2639 1964 2694 nobiscum
1993 2637 2078 2694 Ἰο-

415 2733 589 2784 eutus
621 2727 698 2783 sit
729 2730 792 2782 ‘5.
828 2729 896 2782 Et
926 2745 1059 2783 vero
1093 2728 1328 2783 nolebat
1350 2728 1576 2784 litteras
1608 2728 1738 2784 illas
1788 2727 2078 2816 accipere.

416 2818 600 2887 aiens,
634 2834 695 2872 se
721 2819 942 2873 nescire
973 2819 1262 2887 ejusmodi
1319 2818 1528 2873 litteris
1585 2818 1929 2873 rescribere.
1965 2818 2074 2872 Sed

415 2907 786 2962 hortantibus
804 2907 1548 2979 monachis,aientibusque
1562 2907 1928 2963 Christianos
1949 2921 2080 2959 esse

415 2997 823 3067 imperatores,
854 2995 1297 3066 periculumque
1355 2997 1474 3050 fore
1533 3013 1604 3050 ne
1662 3013 1722 3050 se
1764 2994 1844 3048 ita
1874 2993 2073 3064 sperni

2180 1749 2297 1804 νίου
2329 1751 2509 1826 φήμη.
2543 1754 2718 1804 Ταῦτα
2760 1749 2860 1825 γὰρ
2922 1749 3180 1822 μαθόντες
3229 1753 3628 1808 Κωνσταντῖνος
3659 1748 3686 1801 6
3732 1744 3845 1803 Αὕ-

2181 1859 2432 1914 γουστος,
2462 1838 2550 1892 καὶ
2584 1839 2634 1892 o't
2683 1837 2791 1892 υἱοὶ
2837 1839 3004 1893 αὐτοῦ
3054 1836 3428 1901 Κωνστάντιας
3457 1838 3544 1892 καὶ
3583 1837 3840 1896 Κώνστας

2183 1929 2234 1982 oi
2261 1925 2588 2002 Αὔγουστοι,
2634 1924 2867 2004 ἔγραφον
2909 1925 3055 2000 αὖτῷ
3105 1927 3180 1988 ὡς
3229 1927 3416 2001 πατρὶ,
3464 1926 3554 1980 καὶ
3585 1922 3836 2000 ηὔχοντο

2183 2011 2478 2089 λαμϐάνειν
2527 2016 2822 2094 ἀντίγραφα
2869 2019 2979 2089 (76)
3030 2017 3154 2091 παρ’
3200 2015 3384 2072 αὐτοῦ.
3417 2012 3569 2072 Ἀλλ’
3616 2011 3740 2068 οὔτε
3768 2013 3840 2068 τὰ

2181 2105 2476 2181 γράμματα
2535 2105 2656 2180 περὶ
2701 2104 2917 2162 πολλοῦ
2961 2126 3109 2168 τινος
3154 2105 3413 2172 ἐποιεῖτο,
3447 2100 3570 2158 οὔτε
3599 2102 3686 2158 ἐπὶ
3716 2109 3842 2165 ταῖς

2183 2191 2502 2256 ἐπιστολαῖς
2534 2193 2774 2270 ἐγεγήθει
2810 2213 2822 2227 ·
2856 2195 2884 2248 6
2927 2193 3084 2256 αὐτὸς
3139 2191 3197 2248 δὲ
3225 2195 3311 2263 ἦν,
3345 2194 3455 2255 οἶος
3484 2193 3573 2248 καὶ
3604 2193 3711 2267 πρὸ
3739 2197 3842 2248 τοῦ

2183 2284 2402 2360 γράφειν
2445 2282 2590 2353 αὖτῷ
2635 2282 2731 2338 τοὺ
2786 2281 3060 2357 βασιλέας.
3111 2283 3242 2340 ’Ὁτι
3287 2279 3344 2337 δὶ
3376 2281 3658 2354 ἐκομίζετο
3689 2281 3843 2353 αὐτῷ

2183 2372 2248 2426 τὰ
2277 2373 2595 2446 γράμματα,
2639 2369 2820 2426 ἐκάλει
2877 2371 3003 2433 τοὺς
3051 2370 3344 2446 μεναχοὺς,
3387 2369 3476 2424 καὶ
3509 2364 3662 2445 ἔλεγε
3695 2388 3709 2401 ⁸
3745 2371 3843 2437 Μὴ

2184 2461 2504 2532 Θαυμάζετε,
2538 2459 2586 2514 εἴ
2626 2461 2815 2538 γράφει
2873 2459 3126 2535 βασιλεὺς
3173 2461 3311 2535 πρὸς
3352 2461 3522 2532 ἡμᾶς,
3554 2459 3844 2534 ἄνθρωπος

2184 2550 2284 2624 γάρ
2311 2548 2451 2602 ἐστιν
2487 2567 2498 2581 '
2529 2546 2673 2603 ἀλλὰ
2706 2547 2919 2621 μᾶλλον
2955 2548 3252 2622 θαυμάζετε
3275 2551 3409 2621 (77),
3435 2547 3518 2602 ὅτι
3544 2547 3571 2600 6
3593 2547 3724 2608 Θεὸς
3745 2547 3841 2602 τὸν

2185 2637 2353 2710 νόμον
2383 2636 2690 2711 ἀνθρώποις
2746 2634 2966 2712 ἔγραψε,
3007 2638 3096 2691 καὶ
3147 2634 3235 2691 διὰ
3282 2634 3379 2692 τοῦ
3413 2634 3554 2691 ἰδίου
3585 2637 3716 2690 Tini}
3749 2635 3844 2690 λε-

2187 2724 2426 2795 λάληκεν
2457 2727 2615 2797 ἡμῖν.
2668 2720 2960 2781 Ἐϐούλετο
3019 2725 3112 2797 μὲν
3169 2724 3258 2779 οὖν
3318 2726 3395 2798 μὴ
3456 2720 3706 2798 δέχεσθαι
3738 2724 3839 2785 τὰς

2187 2813 2496 2874 ἐπιστολὰς.
2532 2811 2704 2889 λέγων
2755 2813 2853 2867 οὐκ
2901 2810 3092 2868 εἶδὲναι
3138 2813 3276 2887 πρὸς
3323 2813 3390 2868 τὰ
3420 2815 3662 2883 τοιαῦτα,
3697 2812 3843 2866 ἀντι-

2187 2904 2409 2980 γράφειν
2447 2921 2458 2932 ·
2484 2901 2815 2977 προτραπεὶς
2848 2899 2904 2956 δὲ
2946 2901 3089 2976 παρὰ
3129 2907 3236 2956 τῶν
3274 2904 3556 2976 μοναχῶν,
3589 2899 3672 2954 ὅτι
3705 2901 3841 2976 Χρι-

2188 2991 2390 3046 στιανοί
2423 2990 2553 3044 εἶσιν
2587 2989 2636 3044 oi
2681 2989 2944 3065 βασιλεῖς,
2986 2991 3073 3045 xui
3119 2989 3211 3044 *ἱνα
3253 2991 3328 3062 μὴ
3380 2989 3453 3051 ὡς
3503 2987 3842 3065 προρῥιφέν-

2105 3039 2146 3104 C

414 3085 657 3156 indigne
688 3084 924 3148 ferrent,
955 3085 1245 3139 concessit
1268 3089 1332 3139 ut
1373 3102 1453 3140 eae
1487 3084 1819 3155 legerentur
1852 3099 1864 3136 :
1901 3087 2074 3152 atque

420 3173 740 3244 rescripsit,
775 3172 1024 3228 laudans
1055 3174 1214 3244 ipsos
1237 3175 1391 3244 quod
1414 3174 1708 3228 Christum
1739 3173 2069 3236 adorarent;

419 3261 714 3332 dabatque
744 3261 962 3316 monita
992 3261 1241 3316 salutem
1274 3261 1902 3333 spectantiazmonebat
1932 3259 2071 3314 item

419 3366 494 3405 ne
526 3348 836 3421 praesentia
859 3361 1054 3421 magni
1087 3349 1468 3419 facerent,sed
1504 3349 1698 3421 potius
1724 3349 1836 3403 dici
1861 3348 2072 3419 judicii

418 3437 886 3508 recordarentur,
909 3437 1242 3510 scirentque
1265 3439 1565 3494 Christum
1599 3437 1791 3493 solum
1823 3442 1879 3492 et
1915 3440 2074 3492 ater-

1839 3558 2093 3616 VERSIO
2131 3558 2423 3614 EVAGRII

428 3660 516 3712 est
548 3655 1244 3730 sapientia.Expaverunt
1273 3657 1426 3712 enim
1453 3663 1758 3730 stupentes
1778 3657 1858 3730 ad
1883 3656 2203 3723 hominem,
2230 3656 2321 3730 cui
2346 3659 2475 3728 post
2505 3659 2732 3712 tantum
2765 3655 3092 3730 ingenium,
3118 3655 3381 3730 afflueret
3410 3654 3717 3730 signorum
3741 3654 3842 3730 _di-

431 3725 840 3799 vinalargitio.
876 3725 1067 3784 Atille
1108 3729 1377 3784 universa
1405 3725 1658 3794 Christo,
1691 3729 1788 3800 qui
1817 3734 2070 3796 curarat,
2104 3725 2429 3794 ascribens,
2457 3743 2601 3800 usus
2628 3734 2718 3783 est
2751 3725 3072 3800 affatu7(79)
3097 3727 3411 3797 reciproco,
3442 3725 3498 3781 et
3528 3727 3627 3782 ait:
3645 3725 3842 3800 Nolite

433 3817 526 3880 me
553 3797 760 3880 putare
785 3800 879 3880 his
913 3802 1227 3880 sanitatem
1255 3802 1487 3880 dedisse
1514 3818 1526 3854 :
1555 3797 1819 3880 Christus
1853 3819 1954 3880 per
1986 3817 2182 3880 servos
2206 3817 2359 3880 suos
2388 3801 2498 3853 ista
2529 3798 2813 3880 miracula
2844 3797 3237 3880 l'acit._Credite
3255 3797 3842 3880 etAvos,et.vi‘debitis

429 3868 569 3942 quia
599 3872 806 3926 devota
831 3877 941 3926 Deo
974 3873 1137 3936 ﬁdes,
1175 3889 1289 3927 non
1313 3873 1656 3943 eloquentiae
1679 3868 1870 3928 vanus
1895 3878 2122 3943 tumor,
2142 3870 2283 3926 talia
2314 3870 2484 3941 signa
2515 3876 2828 3943 mereatur.
2863 3872 3172 3942 Coni'ugite
3203 3872 3270 3926 ad
3297 3868 3564 3943 cruciﬁxi
3613 3869 3803 3943 legem
3828 3911 3842 3936 ,

432 3941 658 4022 nosque
688 3945 816 4012 ejus
843 3941 1520 4022 imitaminitamulasﬁt
1552 3946 1656 3999 hac
1691 3944 2078 4022 scientia,ha_c
2101 3942 2649 4022 ﬁde_(80)_c_ontenti_,
2674 3941 2836 4022 nulla
2865 3941 3143 4022 deinceps
3173 3941 3468 4022 saecularis
3499 3941 3842 4022 impruden-

431 4016 521 4069 tim
562 4021 908 4085 argumenta
939 4017 1232 4085 quaeratis.
1270 4017 1559 4071 Hactenus
1591 4019 1839 4070 Antonio
1870 4017 2120 4079 dicente,
2152 4014 2299 4068 miro
2317 4013 2648 4086 philosOphi
2681 4020 2772 4069 stu
2787 4031 2922 4084 pore
2949 4013 3365 4086 perculsi,cum
3407 4013 3724 4068 honoriﬁco
3757 4030 3846 4066 sa-

431 4086 735 4158 lutatuﬁab
767 4102 832 4141 eo
875 4088 1233 4152 recedentes,
1265 4088 1517 4142 multum
1554 4090 1683 4157 ejus
1715 4088 1823 4142 sibi
1850 4088 2182 4141 fatebantur
2214 4085 2502 4158 profuisse
2533 4092 2934 4158 conspectum.

501 4159 589 4212 81.
615 4157 731 4211 Ηοο
763 4158 821 4210 in
844 4175 908 4210 eo
942 4158 1209 4213 mirabile
1236 4166 1343 4224 est,
1369 4166 1429 4214 ut
1459 4153 1757 4214 hominem
1795 4160 1851 4213 in
1885 4164 2141 4213 extremo
2175 4153 2378 4211 mundi
2410 4156 2594 4212 limite
2625 4153 3011 4221 conditum,et
3035 4157 3192 4210 l'avor
3213 4153 3633 4227 principum_,et
3651 4153 3846 4227 omnis

438 4228 755 4283 celebraret
778 4229 910 4283 aula
934 4231 1168 4298 regalis.
1194 4235 1338 4285 Nam
1363 4237 1419 4286 et
1457 4232 1874 4285 Constantinus
1907 4233 2231 4300 Augustus,
2265 4233 2320 4283 et
2350 4227 2664 4297 ejusliberi
2705 4229 2994 4284 Constans
3028 4225 3228 4297 atque
3259 4225 3668 4300 Constantius,_
3701 4225 3847 4300 talia

436 4307 874 4373 cognoscentes,
905 4303 1106 4356 crebro
1133 4304 1201 4355 ad
1236 4319 1392 4370 eum,
1426 4302 1592 4372 quasi
1626 4303 1694 4356 ad
1730 4309 1976 4373 patrem,
2003 4297 2441 4373 missisglitteris
2471 4301 2948 4366 obsecrabant,ut
2977 4300 3289 4373 reciprocis
3323 4314 3422 4373 eos
3469 4297 3705 4373 scriptis
3754 4297 3846 4350 hi-

435 4369 666 4445 lar’aret.
698 4377 772 4426 At
800 4372 896 4426 ille
927 4374 1215 4442 ejusmodi
1248 4369 1515 4440 manens,
1551 4369 1744 4445 qualis
1767 4380 2167 4445 etantequam
2205 4371 2408 4445 litterae
2440 4373 2508 4445 ad
2542 4373 3082 4445 eumvenirentmec
3105 4369 3460 4445 salutatione
3507 4369 3844 4445 principum

437 4443 798 4516 movebatur,
835 4450 891 4497 et
919 4439 1199 4516 tanquam
1239 4464 1351 4500 non
1386 4439 1640 4516 acceptis
1673 4444 1902 4510 littoris,
1929 4439 2256 4516 convocatis
2285 4444 2588 4516 monachis
2619 4444 2846 4516 aiebat:
2883 4444 3067 4516 Reges
3099 4439 3294 4497 saeculi
3328 4439 3605 4516 epistolas
3635 4441 3706 4494 ad
3741 4456 3848 4495 nos

435 4515 747 4582 miserunt,
775 4516 1014 4584 quiebic
1046 4513 1390 4572 Christianis
1421 4513 1752 4572 adhibenda
1777 4516 2008 4570 miratio
2044 4514 2296 4570 est?licet
2328 4515 2482 4570 enim
2518 4516 2746 4570 diversa
2774 4515 2850 4571 sit
2878 4513 3156 4582 dignitas,
3188 4518 3444 4584 attamen
3495 4513 3698 4584 eadem
3748 4528 3848 4566 na-

435 4586 636 4639 scendi
676 4583 1078 4657 moriendique
1107 4589 1358 4643 conditio
1389 4595 1497 4644 est.
1532 4593 1647 4642 Ista
1678 4595 1817 4642 sunt
1846 4587 2212 4643 veneratione
2244 4588 2399 4640 omni
2436 4587 2800 4657 percolenda,
2823 4585 2923 4640 illa
2955 4590 3077 4639 toto
3109 4583 3286 4638 animi
3311 4583 3516 4657 sﬁ‘ectu
3543 4583 3849 4657 retinenda

429 4661 587 4722 sunt,
630 4658 782 4728 quod
816 4655 1153 4731 hominibus
1187 4661 1340 4716 Deus
1371 4660 1555 4730 legem
1579 4661 1900 4731 scripserit.
1932 4661 2085 4730 quod
2111 4674 2212 4730 per
2227 4655 2628 4731 h‘ilium‘suum
2667 4659 2916 4730 propriis
2940 4657 3232 4712 Ecclesiae
3262 4655 3836 4731 ditaveri_t_eloqui_is.

434 4731 570 4792 Quae
603 4726 910 4784 monachis
939 4736 1027 4785 est
1049 4731 1190 4785 ratio
1222 4749 1354 4786 cum
1388 4726 1654 4802 epistolis
1685 4726 3117 4802 regum‘KEuraécipiamlitteras,quibusconsueta
3137 4728 3394 4802 nesciam
3419 4727 3658 4802 reddere
3689 4726 3850 4782 salu-

429 4802 666 4875 tationis
699 4803 1008 4875 obsequia?
1043 4803 1226 4875 Igitur
1254 4798 1491 4874 rogatus
1524 4806 1597 4858 ab
1625 4798 1916 4858 universis
1949 4798 2249 4867 fratribus,
2284 4807 2347 4875 ut
2383 4798 2753 4875 Christianos
2784 4818 2949 4875 reges
2979 4798 3344 4875 suis_lit_teris
3377 4798 3850 4875 refrigeraret,ne

430 4873 650 4946 scilicet
670 4890 771 4943 per
797 4870 1854 4946 silentiumejusexasperarenturmd
1890 4878 2196 4945 susceptas
2219 4873 2494 4942 epistolas
2523 4870 3557 4946 convenientiarescripsit.Laudavit
3589 4870 3848 4946 primum

429 4945 586 5018 quod
615 4941 910 5018 Christum
945 4941 1222 5012 colerent,
1249 4941 1460 5001 deinde
1492 4947 1776 5002 salutaria
1799 4941 2191 5017 persuasian
2225 4941 2510 5018 magnam
2538 4951 2813 5018 putarent
2833 4941 3527 5018 regiampotestatemme
3547 4941 3853 5018 praesentis

431 5014 623 5070 carnis
655 5016 901 5088 imperio
933 5023 1250 5084 tumentes,
1285 5023 1342 5073 et
1373 5036 1434 5073 se
1456 5019 1724 5074 homines
1756 5014 1885 5073 esse
1909 5014 2651 5088 nescirent,etjudicandos
2682 5035 2715 5073 a
2753 5014 2986 5074 Christo
3018 5014 3598 5070 obliviscerenturzad
3627 5018 3852 5084 postre-

433 5103 596 5141 mum
619 5087 940 5144 clementiae
973 5089 1448 5161 ciroa'subjectos
1478 5089 1977 5162 etjustitiae,curae
2001 5105 2232 5161 quoque
2254 5087 2495 5162 inopum
2528 5090 3037 5159 admonuit,atque
3066 5103 3251 5143 unum
3285 5087 3707 5160 sempiternum
3723 5102 3854 5142 esse

505 5220 546 5254 ¹⁶
577 5218 752 5284 Hebr,
785 5237 823 5287 ι,
857 5209 926 5276 2(

2183 3102 2269 3142 τες
2301 3083 2411 3152 (78)
2470 3077 2958 3151 σκανδαλισθιῖηιν,
3013 3079 3298 3156 ἐπέτρεπεν
3357 3077 3840 3152 ἇναγικώσκεσθαι.

2184 3169 2286 3227 Καὶ
2321 3169 2666 3246 ἀντέγραφεν,
2700 3165 3112 3244 ἀποδεχόμενος
3145 3169 3211 3241 μὶ
3232 3166 3450 3238 αὐτοὺς,
3475 3165 3555 3221 ὅτι
3588 3165 3680 3220 τὸν
3706 3167 3840 3241 Χρι-

2184 3260 2305 3313 στὸν
2355 3261 2742 3331 προσκυνοῦσι,
2793 3252 3147 3312 συνεϐούλευε
3197 3254 3254 3311 δὲ
3301 3256 3368 3311 τὰ
3401 3255 3478 3318 εἷς
3514 3253 3789 3329 σωτηρίαν
3826 3272 3839 3286 ·

2183 3347 2269 3401 καὶ
2309 3347 2384 3419 μὴ
2439 3345 2649 3422 μεγάλα
2695 3347 2941 3422 ἡγεῖσθαι
2988 3348 3056 3401 τὰ
3102 3345 3362 3422 παρόντα,
3416 3343 3561 3400 ἀλλὰ
3625 3341 3838 3416 μᾶλλον

2188 3433 2547 3507 μνημονεύειν
2579 3455 2677 3503 της
2731 3432 3047 3507 μελλούσης
3091 3434 3338 3512 κρίσεως,
3389 3434 3475 3488 xui
3508 3429 3728 3501 εἷ’δέναι,
3757 3433 3843 3486 ὅτι

506 5355 618 5425 (76)
644 5355 737 5410 Sic
770 5355 907 5429 Reg.
941 5359 995 5424 2,
1029 5358 1190 5414 Colb.
1212 5360 1266 5428 2,
1298 5364 1355 5415 et
1383 5358 1558 5414 Savil.
1588 5360 1733 5415 Editi
1766 5365 1823 5416 et
1848 5360 1966 5426 alii,
1997 5359 2093 5412 ἀν-
2201 5360 2259 5414 in
2293 5359 2445 5415 aliis.

431 5445 738 5505 τιγραμμα.
775 5427 904 5484 Μοὶι
935 5447 1078 5486 mss.
1133 5427 1280 5503 pene
1331 5448 1557 5502 omnes,
1611 5429 1695 5485 ἐπὶ
1745 5436 1880 5493 ταῖς.
1920 5432 2064 5487 Editi

2211 5500 2223 5505 Δ
2275 5432 2381 5502 (78)
2411 5429 2570 5505 Colb.
2617 5433 2671 5497 2,
2734 5428 3179 5505 ᾀπορῤιφθένςεες,
3231 5445 3348 5484 non
3394 5427 3566 5485 male.
3619 5427 3760 5501 Reg.
3795 5428 3852 5498 2,

435 5497 728 5576 “Elia??-
1135 5497 1151 5503 ‘
1368 5574 1386 5576 _
1839 5575 1842 5576 ν
1887 5575 1892 5576 γ
2200 5497 2580 5576 ἀπορηθέντες.
2613 5503 2812 5576 Savil.,
2842 5497 3230 5576 ἄπορηβὲντος.

508 5573 746 5658 (77)“Sic
778 5588 1330 5658 omne’shpenamnss.
1368 5574 1430 5628 In
1480 5573 2090 5658 aliisnet‘cditis‘non
2413 5573 2505 5658 §ic
2538 5591 2681 5658 mss.
2714 5573 3165 5658 Editi‘quidam,
3199 5573 3420 5657 afﬂatu.

436 5641 1101 5728 reperiturhpuuiuﬁs—ts.
1163 5645 1357 5728 Infra,
1405 5650 1536 5718 post
1591 5641 1869 5728 ἐϐούλετο,
1917 5647 2067 5728 _de_es

2267 5641 2508 5728 {80_)'Sic
2538 5646 2802 5705 Desmar.
2831 5641 2967 5715 Alii,
3008 5645 3108 5702 hac
3137 5641 3393 5702 scientia
3410 5643 3534 5716 fide.
3558 5641 3732 5711 Editi,
3755 5641 3857 5698 hoc

446 5713 536 5784 μὲν
567 5713 628 5768 in
661 5713 830 5771 editis
863 5713 920 5772 et
952 5718 1012 5772 in
1047 5713 1455 5789 compluribus
1505 5734 1675 5791 mss.,
1707 5720 1808 5777 sed
1839 5713 2092 5778 habetur
2197 5713 2442 5776 scientia:
2459 5719 2589 5792 line.
