4074 6346
222 383 342 445 957

1588 385 1777 446 VITA
1822 385 1887 444 S.
1932 383 2286 445 ANTONII.

3518 381 3637 441 958

226 519 254 572 ὁ
285 517 519 592 Χριστὸς
555 514 718 588 μόνος
753 513 963 582 ἀληθὴς
993 513 1082 567 καὶ
1142 513 1364 575 αἰώνιός
1417 514 1528 569 ἐστι
1592 515 1870 590 βασιλεύς.

2002 535 2126 572 ium
2153 534 2281 573 esse
2311 517 3015 590 imperatorem.Bogabat
3045 519 3110 570 ut
3138 515 3491 571 humanitati
3515 519 3642 570 stu-

228 604 664 679 Φιλανθρὼπους
693 624 752 658 τε
781 602 975 664 αὐτοὺς
1005 605 1141 657 εἶναι
1194 603 1369 673 ἠξίου,
1426 605 1515 658 καὶ
1575 606 1875 682 φροντίζειν

225 698 324 749 τοῦ
357 690 568 747 δικαίου
598 691 688 746 καὶ
720 688 828 746 τῶν
855 693 1370 766 πτωχῶν.Κάκεῖνοι
1405 690 1695 767 δεχόμενοι
1726 691 1878 768 ἔχαι-

230 803 347 858 ρον.
383 781 541 838 Οὕτω
574 779 718 855 παρᾶ
747 784 907 833 πᾶσιν
939 779 1005 847 ἦν
1039 778 1373 858 προσφιλὴς,
1405 781 1493 835 καὶ
1518 781 1709 844 πάντες
1739 779 1883 857 ἔχειν

232 869 395 926 αὐτὸν
428 869 581 940 ῆξίου
612 869 836 942 πατέρα.

301 962 392 1015 82.
420 963 675 1021 Τοιοῦτος
706 955 772 1026 δὴ
806 954 898 1012 οὖν
929 956 1356 1031 γινωσκόμενος,
1409 959 1497 1012 καὶ
1548 959 1689 1013 οὕτω
1747 960 1884 1034 πρὸς

227 1048 356 1110 τοὺς
412 1048 759 1109 ἀπαντῶντας
838 1046 1290 1122 ἀποκρινόμενος,
1366 1048 1660 1120 ὑπέστρεφε
1717 1047 1882 1102 πάλιν

233 1138 310 1201 εἷς
341 1139 404 1192 τὸ
438 1133 586 1191 ἔνδον
647 1132 796 1209 ὄρος.
855 1136 952 1192 Καὶ
1003 1143 1105 1206 τῆς
1161 1138 1254 1208 μὲν
1295 1138 1559 1206 συνήθους
1604 1137 1883 1207 ἀσκήσεως

235 1224 441 1302 εἷ’χετοο
474 1223 746 1287 πολλάκις
779 1222 836 1279 δὲ
870 1224 1003 1298 μετὰ
1031 1229 1137 1278 τῶν
1175 1225 1576 1300 εἶ’σερχομὲνων
1606 1226 1738 1298 πρὸς
1791 1225 1885 1280 αύ-

233 1317 324 1370 τὸν
368 1316 749 1388 καθεζόμενος,
799 1315 890 1368 καὶ
939 1318 1274 1389 περιπατῶν,
1327 1315 1653 1384 ἀπηνεοῦτο,
1704 1314 1778 1375 ὡς
1836 1313 1887 1369 ἐν

233 1409 313 1477 τῷ
343 1403 548 1472 Δανιὴλ
580 1404 900 1478 γέγραπται.
950 1402 1048 1456 Καὶ
1082 1402 1240 1464 αὐτὸς
1273 1403 1369 1475 μὶν
1404 1404 1518 1476 μεθ’
1552 1404 1695 1478 ὥρας
1743 1401 1886 1476 ὡμί-

235 1492 411 1548 λειτᾶ
441 1491 714 1547 ἀκόλουθα
741 1497 859 1554 τοῖς
912 1495 1156 1545 συνοῦσιν
1205 1489 1464 1568 ἀδελφοῖς
1515 1491 1679 1563 αύτῷ·
1729 1493 1780 1545 οἱ
1830 1489 1887 1546 δὲ

234 1581 476 1642 συνόντες
506 1579 805 1654 ᾐσθάνοντό
832 1601 949 1634 τινα
998 1579 1224 1654 θεωρίαν
1279 1579 1438 1634 αὐτὸν
1495 1580 1736 1655 βλέπειν.
1789 1579 1887 1634 Καὶ

235 1672 338 1746 γὰρ
371 1670 460 1725 καὶ
489 1671 557 1725 τὰ
588 1669 642 1724 ἓν
674 1669 932 1746 Αῗ’γύπτῳ
963 1668 1224 1744 γινόμενα
1253 1666 1548 1736 πολλάκις,
1588 1669 1638 1722 ἐν
1666 1673 1746 1741 τῷ
1776 1670 1887 1742 ὀρει

234 1759 520 1836 τυγχάνων
554 1754 751 1814 ἔϐλεπε
801 1761 912 1832 (84)
955 1759 1045 1812 καὶ
1096 1756 1399 1832 διηγήσατο
1451 1758 1762 1834 Σαραπίωνι
1811 1764 1889 1830 τῷ

1991 610 2214 679 derent,
2252 626 2315 663 ac
2347 625 2547 663 curam
2572 609 2819 679 justitiaa
2870 623 3129 678 pauperu
3144 623 3318 678 mque
3349 609 3637 678 gererent.

1992 697 2212 762 Quibus
2244 697 2325 750 illi
2357 698 2631 767 acceptis,
2675 697 3045 751 laetabantur.
3077 697 3168 749 Sic
3197 701 3475 766 acceptus
3508 711 3639 748 om-

1995 785 2168 840 nibus
2201 786 2533 856 charusque
2567 787 2695 856 fuit,
2727 801 2977 855 eumque
3007 801 3208 839 omnes
3263 790 3486 854 patrem
3529 781 3642 837 sibi

1993 889 2122 928 esse
2153 876 2458 944 rogabant.

2063 964 2151 1016 8'2.
2185 963 2272 1017 Ita
2303 969 2476 1018 notus
2508 981 2640 1018 cum
2675 967 2850 1027 esset,
2903 979 2967 1017 ac
3014 978 3146 1016 cum
3200 978 3262 1016 se
3291 961 3645 1017 adeuntibus

1994 1052 2076 1106 ita
2108 1051 2534 1122 respondisset,
2566 1053 2634 1107 ad
2670 1052 3004 1106 interiorem
3037 1068 3242 1106 rursus
3292 1055 3549 1106 montem
3583 1067 3646 1105 se

1994 1140 2241 1195 contulit
2273 1156 2285 1193 :
2320 1145 2495 1211 atque
2529 1159 2630 1212 pro
2662 1157 2824 1194 more
2880 1140 3191 1194 asceticam
3234 1139 3413 1194 coluit
3441 1139 3643 1194 vitam.

1996 1229 2158 1300 Saepe
2190 1245 2321 1283 cum
2356 1230 2584 1284 sederet
2617 1229 2965 1284 unacumiis
2981 1227 3078 1299 qui
3103 1227 3647 1293 advenerant,item-

1997 1334 2110 1388 que
2142 1333 2275 1372 cum
2311 1317 2735 1378 deambularet,
2769 1317 3228 1379 obmutescebat,
3281 1315 3364 1369 uti
3414 1315 3484 1370 de
3536 1315 3647 1370 Da-

1997 1405 2147 1460 nielc
2179 1405 2464 1477 scriptum
2501 1413 2590 1460 est
2621 1405 3015 1477 ".Elapsaque
3048 1405 3353 1471 hora,cum
3388 1420 3646 1476 praesen-

1996 1495 2154 1550 tibus
2188 1496 2437 1550 fratibus
2468 1500 2892 1564 consequenter
2931 1493 3220 1564 colloquia
3263 1494 3598 1548 resumebat
3632 1508 3646 1547 :

1999 1584 2447 1654 sentiebantque
2476 1583 2583 1652 illi,
2617 1583 2817 1654 aliqua
2847 1582 3015 1636 illum
3047 1582 3269 1636 visione
3299 1585 3648 1653 occupatum

1999 1689 2147 1728 esse.
2184 1671 2534 1743 Plerumque
2565 1672 2719 1726 enim
2755 1672 2814 1725 in
2847 1671 2994 1726 685
3043 1676 3239 1726 monte
3287 1686 3420 1724 cum
3471 1675 3646 1745 esset,

2001 1779 2127 1833 quae
2158 1761 2215 1816 in
2251 1762 2491 1833 Aigypto
2524 1761 2729 1815 fierent
2757 1760 3078 1823 videbat,et
3102 1759 3408 1829 Sarapioni
3441 1775 3650 1813 narra-

236 1847 558 1920 ἐπισκόπῳ,
612 1845 763 1902 ἔνδον
821 1845 934 1902 ὄντι
1003 1847 1093 1901 καὶ
1143 1845 1399 1922 γλὲποντι
1454 1849 1542 1901 τὸν
1605 1848 1887 1902 Ἀντώνιον

2002 1851 2101 1906 bat
2121 1851 2422 1921 episcopo:
2461 1852 2561 1920 qui
2591 1865 2725 1904 cum
2748 1849 3001 1911 adesset,
3022 1848 3341 1903 Antonium
3373 1849 3649 1903 cernebat

236 1936 618 2013 ἀσχοληθέντα
645 1940 712 2010 τῇ
746 1936 992 2007 ὀπτασίᾳ.
1039 1937 1178 1992 ΙΙοτὶ
1219 1939 1344 2010 γοῦν
1389 1935 1747 2008 καθεζόμενος
1796 1937 1885 1990 καὶ

238 2026 623 2102 ἐργαζόμεννς,
681 2025 861 2101 ὥσπερ
921 2024 972 2079 ἐν
1034 2024 1275 2079 ἐκστάσει
1323 2023 1532 2101 γὲγονε,
1564 2025 1651 2079 καὶ
1711 2023 1886 2086 πολὺς

235 2117 304 2186 ἦν
339 2115 390 2169 ἐν
421 2118 490 2188 τῇ
523 2115 724 2190 θεωρίᾳ
753 2115 1040 2183 στενάζων.
1096 2113 1227 2169 Εἶτα
1264 2115 1379 2186 μεθ’
1439 2114 1580 2187 ὥραν
1635 2113 1889 2190 στραφεὶς

222 2203 358 2281 πρὸς
386 2203 524 2266 τοὺς
559 2202 842 2269 συνόντας,
883 2202 1144 2272 ὶστὲναζε,
1197 2200 1284 2258 καί
1339 2198 1601 2277 ἔντρομος
1656 2202 1886 2278 γενόμε-

235 2314 351 2359 νος,
383 2289 614 2367 ηὔχετο,
646 2291 735 2346 καὶ
791 2292 1055 2364 κάμπτων
1108 2291 1175 2346 τὰ
1225 2290 1448 2367 γύνατα,
1506 2287 1745 2363 διέμενεν
1797 2290 1884 2345 ἐπὶ

229 2382 395 2438 πολύ.
431 2381 537 2438 Καὶ
569 2381 798 2442 ἀναστὰς
831 2378 1040 2436 ἔκλαιεν
1098 2381 1126 2435 ὁ
1174 2381 1369 2456 γέρων.
1428 2386 1724 2456 Ἕντρομοι
1769 2381 1885 2435 τοί-

232 2493 324 2526 νυν
381 2471 664 2546 γενόμενοι
726 2471 778 2523 οἱ
833 2469 1104 2537 συνόντες,
1166 2469 1257 2523 καὶ
1315 2469 1451 2523 πάνυ
1531 2463 1882 2546 φοϐηθέντες,

240 2559 424 2630 ἠξίουν
463 2563 648 2632 μαθεῖν
676 2559 802 2630 παρ’
855 2557 1038 2612 αὐτοῦ’
1099 2557 1190 2612 καὶ
1243 2556 1386 2612 πολὺ
1419 2554 1747 2632 διώχλησαν
1778 2553 1882 2618 ἕως

244 2647 483 2724 βιασθεὶς
539 2643 689 2721 εἷίπῃ.
748 2647 809 2703 Ὁ
861 2643 919 2700 δὲ
966 2646 1055 2700 καὶ
1104 2644 1246 2700 οὕτω
1310 2645 1446 2721 μέγα
1503 2645 1770 2715 στενάξας.
1820 2647 1886 2699 Ὠ

239 2737 419 2806 τὲκνα,
457 2735 696 2810 βέλτιον,
728 2731 937 2808 ἔλεγεν,
989 2735 1297 2802 αποθανεῖν,
1349 2735 1455 2809 πρὸ
1503 2738 1598 2788 τοῦ
1645 2733 1886 2808 γενέσθαι

243 2825 312 2878 τὰ
338 2829 438 2893 τῆς
468 2822 718 2898 θεωρίας.
775 2826 889 2876 Τῶν
940 2820 996 2876 δὲ
1042 2822 1205 2878 πάλιν
1257 2823 1569 2895 ἀξιούντων,
1620 2820 1884 2898 δακρύσας

243 2909 419 2987 ἔλεγε,
451 2910 656 2968 Μέλλει
701 2912 797 2980 τὴν
857 2910 1183 2981 Ἐκκλησίαν
1240 2913 1373 2987 ὀργὴ
1429 2907 1886 2984 καταλαμϐάνειν,

245 3003 334 3056 καὶ
393 2999 583 3074 μέλλει
615 2997 1004 3074 παραδίδοσθαι
1035 2999 1344 3075 ἀνθρώποις
1395 2999 1612 3073 ὁμοίοις
1661 2998 1889 3074 ἀλόγοις

246 3091 514 3160 κτήνεσιν.
547 3086 704 3143 Εἶδον
735 3089 836 3164 γὰρ
864 3089 964 3157 τὴν
1001 3087 1264 3163 τράπεζαν
1314 3093 1410 3144 τοῦ
1459 3092 1756 3163 Κυριακοῦ,
1798 3091 1886 3143 καὶ

247 3177 372 3253 περὶ
404 3177 570 3245 αὐτὴν
601 3179 833 3239 ἑστῶτας
865 3178 1129 3250 ἡμιόνους
1159 3175 1347 3250 κύκλῳ
1395 3179 1752 3253 πανταχόθεν,
1803 3179 1888 3232 καὶ

1995 1938 2204 1994 visioni
2241 1950 2610 2009 occupatum.
2662 1938 2993 2008 Aliquando
3026 1937 3204 2008 igitur
3251 1953 3384 1991 cum
3433 1938 3646 1992 sedens

1995 2027 2525 2100 operaretur,quasi
2551 2024 2713 2082 extra
2743 2043 2803 2081 se
2836 2031 3039 2098 raptus
3071 2025 3563 2096 est,multumque
3586 2024 3646 2079 in

1996 2115 2488 2187 contemplatione
2537 2115 2892 2185 ingemebat,
2939 2118 3114 2185 atque
3180 2113 3639 2168 contremiscens

1995 2205 2365 2277 precabatur,
2400 2204 2683 2275 ﬂexisque
2713 2203 3079 2275 genibus,ita
3107 2202 3206 2258 diu
3237 2208 3500 2259 moratus
3530 2206 3644 2258 est.

1995 2297 2557 2365 Surgensquesenex
2580 2293 2930 2348 flebat.Tum
2955 2292 3277 2346 tremefacti
3310 2308 3513 2347 omnes
3545 2292 3648 2363 qui

2002 2384 2330 2452 aderant,et
2351 2382 2669 2437 admodum
2705 2380 3164 2452 perterriti,quid
3199 2380 3343 2435 illud
3367 2387 3520 2436 esset
3542 2381 3652 2437 sci-

2002 2471 2387 2536 scitabantur,
2425 2469 2798 2540 multumque
2830 2471 3138 2539 urgebant,
3177 2469 3362 2524 donec
3409 2476 3646 2525 coactus

1995 2576 2118 2616 rem
2139 2559 2389 2631 aperiret
2417 2575 2552 2614 cum
2587 2558 2816 2630 magnis
2848 2558 3184 2629 gemitibus.
3219 2558 3262 2613 Ο
3297 2557 3418 2628 filii,
3460 2559 3645 2627 aiens,

1996 2652 2303 2720 praestaret
2333 2665 2474 2703 sane
2497 2648 2666 2714 mori,
2701 2652 2896 2719 potius
2929 2663 3105 2718 quam
3139 2663 3265 2718 qua:
3315 2664 3348 2702 a
3381 2664 3470 2702 me
3521 2649 3650 2704 visa

1998 2742 2137 2794 sunt
2168 2738 2386 2792 ﬁerent.
2423 2736 2786 2809 Rogantibus
2819 2735 3184 2806 iterumillis,
3217 2737 3645 2809 collacrymans

2002 2826 2146 2882 dixit
2179 2844 2191 2882 :
2224 2825 2539 2881 Ecclesium
2573 2825 2659 2879 ira
2690 2825 2889 2879 divina
2918 2826 3193 2880 invasura
3225 2827 3647 2892 est,tradetur-

2001 2933 2115 2988 que
2140 2914 2240 2969 illa
2269 2914 2610 2969 hominibus
2632 2914 2730 2984 qui
2747 2914 3036 2982 jumentis
3056 2913 3472 2984 insipientibus
3491 2915 3654 2969 simi-

1997 3004 2084 3059 les
2117 3003 2443 3058 erunt.Vidi
2477 3002 2691 3073 quippe
2723 3019 2988 3057 mensam
3020 3002 3306 3057 Dominici
3347 3002 3524 3058 mulis
3542 3020 3650 3057 un-

2001 3092 2180 3163 dique
2210 3090 2792 3162 circumsessam,qui
2826 3093 2955 3161 ejus
2983 3091 3262 3146 interiora
3282 3091 3362 3146 ita
3391 3090 3650 3146 calcibus

2001 3181 2476 3254 petebant,quasi
2501 3180 2742 3235 confuse
2757 3179 3220 3235 subsultantium
3242 3180 3652 3250 jumentorum

248 3266 595 3336 λακτίζοντας
648 3267 713 3321 τὰ
767 3263 915 3321 ἔνδον
974 3269 1086 3340 (82)
1144 3262 1340 3337 οὕτως,
1400 3267 1474 3330 ὡς
1531 3264 1590 3321 ἂν
1641 3268 1883 3330 ἀτάκτως

2002 3253 2338 3325 calcitratus
2371 3269 2592 3324 fierent.
2623 3267 2893 3323 Sentistis
2926 3267 3096 3340 plane
3127 3273 3414 3339 quantum
3453 3267 3648 3340 suspi-

1647 3375 1905 3432 VERSIO
1944 3376 2233 3433 EVAGRII

246 3466 456 3537 Regem
480 3464 745 3537 omnium
770 3463 1115 3520 saculorum
1144 3464 1347 3520 Jesum
1382 3463 1675 3520 Christum
1699 3465 1964 3537 epistolis
1985 3470 2235 3520 testatus
2264 3465 2481 3520 est.His
2513 3465 2802 3537 principes
2826 3464 3112 3537 susceptis
3135 3463 3649 3537 vehementissime

246 3535 613 3592 laetabantur.
648 3536 861 3591 Sancta
888 3552 1116 3607 quoque
1145 3538 1301 3608 apud
1332 3541 1581 3608 cunctos
1607 3535 1842 3591 Antonii
1874 3537 2157 3608 ﬂagrabat
2178 3537 2484 3608 opinio,ita
2515 3535 2579 3591 ut
2608 3535 2734 3608 ejus
2763 3553 2824 3591 se
2846 3535 3306 3608 ﬁlios’cuperent
3331 3535 3645 3593 nominari.

248 3609 460 3679 Magna
488 3608 704 3663 etenim
731 3624 866 3663 cum
897 3607 1346 3663 advenientibus
1367 3607 1704 3675 affabilitas,
1738 3607 2002 3663 omnium
2035 3610 2093 3663 in
2123 3625 2184 3663 se
2215 3607 2477 3663 studium
2510 3607 2889 3663 converterat.
2973 3623 2994 3679 ﬁ

315 3678 406 3736 82.
437 3683 755 3750 Postquam
787 3694 923 3750 ergo
954 3679 1199 3750 gentiles
1227 3680 1534 3746 confutati,
1566 3696 1726 3749 reges
1759 3680 2065 3747 admoniti,
2102 3681 2308 3734 fratres
2339 3682 2409 3734 ab
2436 3696 2502 3734 eo
2533 3687 2674 3734 sunt
2704 3678 3098 3734 consolatione
3129 3678 3360 3733 relevati
3385 3680 3501 3750 ;ad
3554 3678 3644 3733 in-

252 3752 522 3823 teriorem
557 3749 835 3817 montem,
862 3749 1024 3823 etad
1058 3752 1307 3823 rigorem
1339 3751 1579 3823 solitum
1613 3767 1917 3823 regressus
1946 3756 2033 3806 est
2069 3769 2080 3806 :
2117 3752 2308 3821 ibique
2340 3768 2493 3823 saepe
2523 3767 2656 3805 cum
2689 3750 3122 3805 introeuntibus
3154 3749 3543 3805 deambulans
3563 3750 3645 3805 vel

247 3822 532 3892 residens,
565 3823 857 3892 stupebat,
892 3820 1063 3876 sicuti
1099 3820 1153 3875 in
1190 3821 1420 3878 Daniele
1449 3820 1734 3892 scriptum
1768 3827 1856 3878 est
1889 3839 1901 3877 :
1937 3827 1992 3878 et
2024 3820 2341 3891 interjectis
2373 3820 2650 3876 horarum
2683 3823 2912 3891 spatiis,
2955 3823 3375 3892 consequentia
3406 3838 3646 3891 respon-

255 3895 448 3963 debat,
481 3899 545 3948 ut
573 3893 1045 3964 intelligerentur
1075 3893 1276 3964 aliqua
1304 3894 1670 3949 revelationis
1700 3894 1915 3949 vidisse
1945 3899 2186 3948 secreta.
2222 3895 2365 3948 Nam
2397 3898 2454 3948 et
2485 3893 2542 3946 in
2576 3901 2770 3948 monte
2803 3894 3127 3964 positus,ea
3159 3910 3283 3962 quae
3316 3892 3373 3946 in
3407 3897 3648 3963 z’Egypto

251 3965 827 4036 longegerebantur,
861 3965 1204 4035 praevidens,
1237 3966 1508 4036 episcopo
1539 3966 1837 4036 Serapioni
1871 3965 1950 4020 ibi
1983 3967 2300 4020 constituto
2333 3965 2609 4019 narravit.
2645 3965 3065 4019 Lamentabilis
3097 3964 3363 4036 sequitur
3385 3965 3558 4036 visio,
3593 3967 3650 4017 et

249 4035 410 4092 omni
443 4035 832 4108 lacrymarum
866 4035 1405 4108 fonte‘plangenda.
1437 4035 1578 4092 Cum
1611 4035 1765 4092 enim
1799 4037 2079 4093 fratribus
2112 4039 2264 4092 circa
2296 4053 2356 4092 se
2387 4037 2728 4091 sedentibus
2757 4035 3492 4108 operareturdntentegﬁxit
3513 4052 3650 4108 ocu-

249 4108 340 4163 los
373 4108 431 4161 in
464 4105 670 4182 coelum
700 4123 940 4182 gemens
971 4105 1146 4182 atque
1177 4105 1472 4182 supirans,
1503 4114 1560 4164 et
1586 4113 1716 4182 post
1747 4109 2114 4182 aliquantum
2165 4109 2418 4182 spatium
2471 4105 2839 4182 revelationis
2889 4106 3404 4182 incoepta),_nimio
3450 4105 3646 4162 dolore

251 4179 608 4263 contremuit
641 4185 740 4263 τοι
771 4179 967 4263 statim
989 4179 1410 4263 .ﬁxis‘genihus
1441 4178 1965 4263 ante—Deivultum
2000 4178 2339 4263 provolutus
2370 4181 2673 4263 oravittut
2699 4178 3012 4263 clementia
3044 4195 3154 4263 sua
3183 4179 3447 4263 futurum
3481 4194 3643 4263 aver-

251 4256 400 4324 teret
429 4251 642 4306 scelus.
674 4252 1006 4324 Succedunt
1035 4249 1280 4306 orationi
1308 4251 1602 4324 flacrymaa,
1627 4257 1818 4307 metus
1847 4249 2330 4324 ingensinvadit
2357 4256 2673 4324 praesentes
2709 4267 2720 4305 :
2757 4252 3165 4324 obsecrantut
3194 4255 3367 4324 tantes
3414 4249 3648 4304 calami-

251 4323 391 4378 tatis
419 4329 739 4395 exponeret
761 4323 1042 4378 visionem
1069 4340 1090 4395 7:
1127 4321 1751 4395 singultus—occupant
1795 4321 2017 4390 ﬂeam,
2065 4323 2265 4394 lingua
2309 4321 2540 4378 fletibus
2570 4323 2940 4395 praepeditur,
2975 4328 3030 4375 et
3079 4321 3383 4395 ingmedio
3432 4327 3647 4376 conatu

250 4411 441 4468 sermo
473 4393 698 4468 gemitu
729 4393 1316 4468 interrumpitur.Vix
1343 4398 1582 4468 tandem
1612 4393 1747 4450 cum
1779 4393 2186 4468 vociferatione
2216 4395 2483 4468 luctuosa
2501 4395 2580 4468 ait
2607 4411 2617 4448 :
2656 4394 2860 4448 Melius
2894 4393 3647 4468 erat,o_ﬁlioli,impendens

251 4465 549 4550 piaculu—m
582 4467 699 4522 cita
731 4471 913 4523 morte
939 4465 1588 4550 lucrari.Sic.incipiens
1618 4484 1853 4550 rursum
1883 4465 2865 4550 lacrymis_vincitur,et.inter.zegra
2887 4465 3144 4550 suspiria
3173 4467 3406 4550 tandem
3435 4466 3649 4536 pectori

253 4535 634 4611 commodam
665 4555 864 4594 vocem
896 4556 909 4594 :
944 4542 1238 4611 Magnum,
1271 4535 1482 4609 inquit,
1517 4539 1814 4610 quoddam
1847 4542 1902 4593 et
1931 4535 2216 4611 universis
2249 4535 2853 4611 saeculisinauditum
2885 4535 3154 4611 imminet
3203 4537 3404 4611 nefas;
3436 4535 3649 4611 magno

254 4610 399 4665 ﬁdes
429 4611 717 4666 catholica
745 4611 980 4666 turbine
1011 4608 1399 4677 subvertetur,
1430 4615 1487 4666 et
1515 4608 1784 4666 homines
1809 4609 2095 4677 jumentis
2127 4609 2351 4664 similes
2380 4609 2593 4664 Christi
2621 4617 2821 4664 sancta
2870 4609 3167 4679 diripient.
3219 4610 3349 4663 Vidi
3380 4609 3534 4664 enim
3569 4608 3650 4663 al-

257 4686 385 4736 tare
421 4682 644 4737 Domini
699 4682 996 4738 mulorum
1046 4683 1473 4738 circumdatum
1525 4682 1926 4750 multitudine,
1979 4681 2078 4753 qui
2127 4681 2345 4735 crebris
2397 4679 2644 4753 calcium
2699 4681 2916 4736 ictibus
2967 4681 3356 4753 dissipabant.
3405 4681 3536 4753 Haec
3567 4683 3656 4734 est

256 4769 442 4808 causa
471 4755 798 4826 gemituum
847 4770 1134 4820 meorum,
1185 4772 1332 4826 quos
1381 4753 1661 4826 audistis.
1699 4754 1766 4808 Et
1799 4754 1950 4808 facta
1987 4751 2076 4808 est
2120 4751 2504 4826 vox_Domini
2556 4753 2756 4807 dicens
2807 4769 2819 4806 :
2867 4751 3335 4826 Abominabitur
3367 4751 3646 4826 altarium

254 4841 451 4898 meum
476 4823 612 4898 (83).
639 4827 760 4898 ,Nec
789 4823 1261 4894 mora,visionein
1295 4827 1563 4898 sequitur
1591 4825 1830 4898 effectus
1865 4842 1877 4881 :
1907 4841 2041 4880 nam
2066 4829 2198 4895 post
2229 4824 2372 4879 duos
2404 4841 2588 4879 annos
2612 4841 2760 4879 saeva
2783 4825 3129 4898 Arianorum
3155 4823 3366 4898 irrupit
3396 4823 3649 4898 insania.

251 4897 414 4969 Tunc
445 4895 822 4969 eCclesiarum
859 4899 1093 4953 fuerunt
1120 4898 1335 4969 rapinae
1371 4895 1394 4967 ;’
1415 4903 1555 4954 tunc
1586 4897 1916 4953 divinorum
1947 4897 2248 4969 temeratio
2281 4913 2575 4965 vasorum,
2609 4901 2749 4969 tunc
2782 4896 3424 4969 pollutisiethnicorum
3461 4895 3647 4950 mani-

252 4968 364 5022 bus
395 4983 562 5024 sacra
593 4968 817 5040 polluta
845 4974 985 5026 sunt
1013 4967 1342 5028 ministeria
1369 4971 1516 5042 (84);
1547 4973 1688 5026 tunc
1718 4985 2082 5042 paganorum
2116 4968 2349 5041 epicum
2384 4968 2658 5041 prasidia
2681 4969 2964 5024 adversus
2987 4967 3281 5022 Christum
3315 4970 3654 5038 comparata

328 5064 371 5100 ¹⁷
401 5064 548 5120 Dan.
583 5082 659 5136 iv,
697 5067 782 5121 16.

322 5162 434 5234 (81)
466 5162 559 5239 Sic
584 5163 743 5239 Colb,
774 5165 828 5236 2,
863 5181 1037 5239 quem
1068 5166 1387 5238 sequimur.
1419 5166 1573 5239 Editi
1601 5183 1896 5239 νοῐιο,τυγ-

249 5232 433 5309 χάνων
465 5233 554 5287 καὶ
589 5232 830 5310 βλέπων,
863 5232 1057 5292 minus
1089 5232 1260 5294 recte.
1294 5238 1468 5294 Paulo
1518 5244 1651 5310 post
1699 5232 1896 5309 sequi-

251 5308 387 5378 mur
416 5310 557 5378 Reg.
592 5308 661 5376 ‘2,
695 5308 853 5364 Colb.
887 5310 921 5362 2
951 5314 1009 5364 et
1033 5310 1275 5365 Savil.In
1309 5310 1436 5366 aliis
1468 5315 1526 5366 et
1553 5308 1894 5378 editishasc,

247 5377 336 5455 καὶ
368 5375 1182 5455 ἐργαζόμενος,ἀθευῐιωηῖτα
1210 5382 1268 5436 in
1303 5382 1642 5455 editis,ant_e
1666 5375 1894 5455 ηὔχετο,

247 5449 550 5534 legebatur
579 5449 826 5522 ἀναστάς,
858 5468 1035 5534 quam
1064 5469 1278 5522 vocem,
1313 5453 1466 5524 quod
1487 5449 1652 5510 desit
1673 5449 1896 5525 i’n'pluQ

250 5539 431 5596 rimis
457 5540 620 5596 mss,
653 5540 1064 5596 expunxnmus.

329 5593 440 5670 (82)
471 5590 687 5670 omnes
727 5590 1136 5670 manuscripti,
1193 5592 1320 5658 τοὺς
1379 5590 1550 5652 ἔνδον.
1611 5595 1786 5664 Editi,
1831 5593 1899 5649 τὰ

255 5660 432 5741 ἔνδον,
463 5672 522 5741 et
549 5668 628 5724 ila
660 5667 797 5738 legit
827 5669 1029 5741 Evagr.

326 5738 436 5813 (83)
469 5738 559 5797 sic
576 5737 779 5802 omnes
797 5737 1114 5814 pene—mss.
1129 5743 1187 5799 et
1209 5737 1352 5800 editi
1370 5742 1506 5797 ante
1525 5737 1897 5812 Bollandum,

2007 5164 2106 5237 qui
2141 5164 2320 5221 habet
2349 5167 2526 5221 altare
2554 5181 2754 5220 meum.

2077 5238 2188 5308 (84)
2222 5238 2510 5303 Desmar,,
2542 5237 2972 5309 mysteﬂaﬂuae
2997 5235 3096 5309 hic
3128 5235 3199 5291 de
3231 5234 3471 5306 pollutis
3503 5251 3655 5309 mys-

2005 5306 2110 5363 riis
2143 5309 2370 5363 addidit
2399 5306 2704 5377 Evagri’us,
2738 5308 2797 5361 in
2829 5308 3042 5362 Graecis
3075 5309 3417 5373 absunt,sed
3449 5306 3654 5378 legun-

2005 5383 2103 5433 tur
2132 5397 2332 5463 supra,
2365 5396 2500 5463 pag.
2536 5381 2654 5434 118.
2689 5380 3548 5463 Quod'sequitunautemzc‘um
3567 5396 3655 5434 as-

2005 5454 2314 5522 sumptione
2331 5452 2649 5520 palmarum
2679 5469 2697 5504 :
2729 5451 2868 5521 quod
2885 5451 3218 5508 idololatria:
3248 5451 3400 5523 apud
3415 5452 3652 5506 Alexan-

2005 5523 2189 5596 driqm
2219 5524 2433 5596 insigne
2460 5523 2558 5590 est,
2590 5523 2647 5577 in
2681 5525 2873 5596 (lusco
2905 5541 3016 5579 non
3049 5523 3281 5596 legitur,
3313 5524 3655 5596 videturque

2007 5593 2411 5666 explicationis
2441 5611 2620 5649 causa
2654 5594 2940 5650 additum.
2976 5595 3045 5651 Et
3075 5593 3211 5650 sane
3259 5595 3542 5666 quiddam
3571 5595 3648 5650 si-

2009 5665 2144 5749 mile
2171 5665 2406 5749 legitur.
2437 5666 2670 5749 ρας..ρο
2701 5667 3016 5749 εμριιᾳμιρὶί
3040 5667 3109 5722 de
3140 5665 3537 5749 strohitis,seu
3561 5667 3648 5740 pi-

2007 5738 2133 5796 neis
2161 5737 2414 5798 nucibus
2440 5737 2749 5797 sacriﬁcati
2778 5737 2899 5812 agit
2923 5737 3307 5798 Athanasius.
