4074 6350
441 448 558 508 959

991 451 1057 512 8.
1104 449 1528 512 ATHANASII
1572 447 1744 510 OPP.
1793 444 1992 509 PARS
2037 443 2086 504 Ι.
2119 473 2194 486 -
2227 441 2644 503 HISTORICA
2691 443 2792 503 ET
2837 441 3316 504 DOGMATICA.

3737 445 3864 504 960

446 580 603 634 ravi:
638 581 832 635 audivi
857 583 1072 653 quippe
1094 598 1291 636 vocem
1309 583 1631 636 dicentem:
1666 579 1862 634 Altare
1895 594 2087 633 meum

2212 574 2554 648 σκιρτώντων
2604 577 2818 643 κτηνῶν
2864 573 3076 649 γένοιτο
3132 572 3490 647 λακτίσματα.
3551 572 3743 636 ΙΙάτως
3795 572 3859 629 δὲ

445 667 761 738 polluetur.
795 669 922 724 Hac
950 687 1125 726 senex
1155 671 1296 724 vidit
1325 689 1345 724 .“
1377 677 1433 724 et
1464 675 1594 741 post
1619 667 1920 724 biennium
1952 684 2094 723 con-

447 756 582 828 tigit
613 773 679 813 ea
712 775 842 829 quae
873 776 1058 830 nuper
1090 761 1198 814 fuit
1227 761 1575 814 Arianorum
1609 758 1876 829 irruptio,
1910 757 2090 812 eccle-

445 846 782 918 siarumque
815 849 1064 920 direptio
1099 865 1112 903 :
1148 866 1281 903 cum
1309 849 1515 918 (sacra)
1560 865 1702 903 vasa
1747 848 1797 901 vi
1831 847 2090 918 abrepta,

445 935 692 991 ethnicis
725 938 1081 1008 asportanda
1111 938 1402 992 tradidere
1435 955 1448 992 :
1483 954 1598 1008 quo
1630 943 1891 1009 tempore
1921 952 1989 990 ex
2016 934 2093 989 of-

447 1024 637 1080 ﬁcinis
662 1025 928 1080 ethnicos
951 1026 1076 1081 suis
1101 1026 1382 1081 interesse
1409 1026 1726 1098 synaxibus
1759 1029 2090 1095 coegerunt,

444 1112 636 1184 iisque
668 1116 1075 1184 praesentibus,
1105 1133 1233 1186 quae
1257 1115 1425 1170 libuit
1455 1116 1512 1169 in
1545 1131 1712 1170 sacra
1735 1131 1938 1169 mensa
1963 1130 2090 1185 per-

441 1205 929 1274 petrarunt.Tum
964 1205 1232 1259 novimus
1251 1221 1477 1271 omnes,
1497 1204 1791 1258 mulorum
1824 1201 2089 1259 calcitra-

444 1296 541 1346 tus
567 1308 635 1346 ea
671 1292 920 1348 Antonio
953 1294 1671 1364 prisnuntiasse,quaajam
1703 1292 1898 1347 Ariani
1921 1291 2088 1362 quasi

441 1379 613 1434 bruta
636 1379 911 1448 jumenta
933 1381 1738 1452 perpetrant.Postvisionem
1771 1386 1968 1435 autem
1991 1396 2090 1435 eos

439 1466 541 1538 qui
574 1483 774 1523 secum
807 1474 974 1524 erant
1005 1469 1344 1526 consolatus
1386 1474 1498 1525 est.
1530 1469 1610 1524 Ne
1660 1468 1857 1524 animo
1889 1468 2087 1523 conci-

439 1555 614 1618 datis,
649 1555 831 1625 aiens,
867 1556 966 1610 filii
1005 1574 1017 1623 ;
1051 1561 1116 1612 ut
1141 1557 1297 1613 enim
1329 1557 1514 1612 iratus
1544 1562 1633 1612 est
1663 1557 1970 1620 Dominus,
2004 1557 2090 1611 sic

438 1643 630 1697 denuo
665 1643 951 1698 medelam
975 1645 1298 1710 rdhibebit,
1319 1650 1375 1699 et
1403 1644 1516 1699 cito
1548 1643 1862 1716 pristinum
1899 1643 2088 1698 Eccle-

440 1730 529 1786 sia
559 1737 833 1788 ornatum
859 1733 1613 1806 recuperabit,t‘ulgehitque
1637 1733 1705 1788 de
1735 1749 1896 1788 more
1919 1750 1933 1788 :
1960 1732 2088 1804 pul-

439 1837 536 1876 sos
551 1822 778 1877 restitui
803 1822 1446 1894 cernetis,impietatem
1464 1824 1535 1877 ad
1558 1821 1805 1877 latibula
1822 1823 2090 1877 secedere

440 1911 850 1982 sua,piamque
885 1912 1056 2013 fidem
1093 1911 1273 1967 libere
1305 1911 1543 2011 omnino
1570 1911 1723 2010 886
1747 1927 1811 1966 ac
1845 1912 2092 2013 fidenter
2123 1950 2166 2013 Β

439 2015 612 2071 agere
647 2001 889 2073 ubique.
923 2000 1116 2056 solum
1148 2018 1217 2056 ne
1249 2017 1382 2056 cum
1415 2000 1647 2055 Arianis
1678 2017 1780 2056 vos
1814 1999 2089 2068 polluatis

441 2087 827 2159 Nequaquam
858 2087 1016 2143 enim
1064 2087 1464 2160 apostolorum
1515 2092 1603 2142 est
1649 2086 1938 2157 ejusmodi
1985 2085 2088 2140 do-

440 2175 649 2245 ctrina,
683 2177 784 2232 sed
815 2177 1176 2243 daamonum,
1209 2177 1513 2247 patrisque
1537 2175 1799 2247 ipsorum
1847 2173 2087 2244 diaboli,

441 2264 755 2335 potiusque
785 2263 886 2319 illa
917 2270 1082 2319 ortus
1135 2270 1310 2335 atque
1358 2264 1604 2319 rationis
1655 2279 1860 2335 expers
1898 2268 2004 2332 est,
2038 2271 2092 2319 et

443 2367 558 2407 non
592 2369 746 2407 sanae
781 2354 1016 2420 mentis,
1051 2358 1115 2408 ut
1146 2353 1290 2407 muli
1324 2353 1548 2407 ratione
1579 2357 1862 2408 carentes.

2203 658 2450 736 ᾔσθεσθε,
2499 662 2654 739 φησὶ,
2715 667 2833 724 πῶς
2892 663 3185 732 ἐστέναζον·
3256 683 3463 732 ηκουσα
3515 663 3615 739 γὰρ
3667 667 3856 741 φωνῆς

2205 749 2499 825 λεγούσης·
2536 749 2972 827 Βδελυχθήσεται
3001 752 3064 806 τὸ
3091 750 3472 826 θυσιαστήριόν
3509 773 3632 824 μου.
3667 756 3854 810 Ταῦτα

2205 841 2251 894 εἴ
2281 839 2330 893 ἐν
2363 841 2390 893 ὁ
2419 839 2609 914 γὲρων’
2670 840 2758 894 καὶ
2819 842 2952 912 μετά
3011 838 3105 895 δύο
3159 839 3249 911 ἔτη
3300 842 3516 916 γέγονεν
3566 843 3600 910 ἡ
3633 845 3723 894 νῦν
3754 839 3858 920 ἔφ-

2203 926 2329 990 οδος
2385 935 2493 982 των
2559 929 2872 1004 Ἀρειανῶν,
2939 935 3031 985 καῖ
3104 931 3138 998 ἡ
3210 930 3424 1006 ἁρπαγὴ
3477 934 3584 984 τῶν
3644 927 3857 996 ἐκκληο

2204 1022 2334 1072 σιῶν
2364 1019 2499 1090 (85),
2532 1016 2620 1072 ὅτε
2661 1019 2751 1072 καὶ
2804 1018 2868 1072 τὰ
2901 1018 3061 1089 σκεύη
3128 1018 3260 1092 μετὰ
3319 1018 3438 1092 βίας
3492 1020 3853 1094 ἁρπάσαντες,

2202 1103 2271 1160 δι’
2301 1105 2524 1160 ἐθνικῶν
2560 1105 2778 1162 ἐποίουν
2830 1108 3202 1183 βαστάζεσθαιο
3257 1106 3344 1162 ὅτε
3388 1107 3478 1162 καὶ
3523 1107 3650 1171 τοὺς
3703 1107 3856 1173 ἐθνι-

2199 1194 2327 1258 κοὺς
2382 1196 2486 1250 ἀπὸ
2531 1200 2636 1250 τῶν
2703 1194 3072 1273 ἐργαστηρίων
3125 1199 3234 1271 (86)
3280 1198 3580 1272 ἠνάγκαζον
3632 1198 3857 1273 συνάγε-

2200 1286 2319 1339 σθαι
2357 1291 2470 1358 μεθ’
2516 1285 2711 1340 αὐτῶν·
2763 1285 2852 1340 καὶ
2903 1281 3184 1362 παρόντων
3245 1286 3420 1341 αὐτῶν
3469 1283 3729 1361 ἔπραττον
3763 1286 3853 1341 ἰπὶ

2197 1381 2296 1443 τῆς
2323 1373 2596 1450 τραπὲζης
2628 1375 2702 1438 ὡς
2732 1373 2953 1444 ἤθελον.
2987 1374 3119 1430 Τότε
3149 1376 3344 1438 πάντες
3393 1377 3557 1449 ἡμεῖς
3607 1374 3852 1451 ἐπέγνω-

2201 1483 2319 1535 μεν,
2371 1462 2463 1517 -ὅτι
2521 1463 2587 1518 τὰ
2641 1461 2985 1536 λακτίσματα
3030 1468 3136 1519 τῶν
3193 1463 3441 1537 ἡμιόνων
3487 1468 3655 1520 ταῦτα
3706 1485 3854 1538 προ·

2199 1553 2402 1623 εμήνυε
2452 1556 2530 1623 τῷ
2581 1551 2886 1624 ’Δντωνίῳ,
2958 1550 2990 1606 ἃ
3041 1557 3133 1606 νῦν
3202 1554 3255 1608 οἱ
3308 1554 3575 1630 ’Δρειανοὶ
3632 1551 3855 1630 ἀλόγως

2199 1641 2525 1715 πράττουσιν
2577 1641 2650 1702 ὡς
2698 1642 2764 1695 τὰ
2822 1643 3017 1712 κτήνη.
3071 1643 3162 1704 Ὠς
3219 1639 3276 1697 δὲ
3329 1643 3529 1714 ταύτην
3588 1639 3696 1698 εἶδε
3746 1643 3848 1711 τὴν

2197 1729 2445 1803 Θεωρίαν,
2477 1728 2603 1791 τοὺς
2638 1730 2892 1793 συνόντας
2942 1730 3296 1805 παρεκάλεσε,
3329 1729 3531 1808 λέγων.
3580 1733 3670 1802 Μὴ
3717 1731 3851 1795 ἀθυ-

2202 1823 2372 1889 μεῖτε,
2405 1820 2582 1874 τέκνα·
2647 1818 2827 1894 ὥσπερ
2879 1818 2982 1895 γὰρ
3041 1819 3287 1895 ὠργίσθη
3348 1822 3375 1876 ὁ
3433 1819 3654 1895 Κύριος,
3703 1819 3852 1874 οὕτω

2199 1905 2364 1960 πάλιν
2421 1906 2625 1961 ἰάσεται
2654 1950 2666 1964 .
2724 1907 2821 1962 Καὶ
2871 1907 3037 1964 πάλιν
3085 1910 3304 1984 ταχέως
3354 1907 3696 1982 ἀπολήψεται
3752 1910 3848 1963 τὸν

2199 1995 2390 2065 ἑαυτῆς
2418 1997 2625 2069 κόσμον
2659 1998 2693 2066 ἡ
2729 1995 3047 2070 Ἐκκλησία,
3079 1998 3168 2053 καὶ
3219 2000 3465 2070 συνήθως
3514 1997 3854 2072 ἀναλάμψει·

2198 2086 2286 2139 καὶ
2338 2081 2530 2158 ὄψεσθε
2576 2080 2703 2148 τοὺς
2757 2083 3086 2161 διωχθέντας
3147 2086 3706 2161 ἀποκαθισταμένους,
3757 2088 3850 2142 καὶ

2197 2176 2296 2243 την
2333 2175 2426 2248 μὶν
2457 2170 2700 2229 ἀσέϐειαν
2732 2175 2894 2231 πάλιν
2932 2177 3005 2238 εἰς
3036 2176 3163 2240 τοὺς
3197 2175 3372 2240 ἰδίους
3422 2175 3670 2256 φωλεοὺς
3722 2178 3854 2232 ἀνα·

2200 2268 2512 2338 χωροῦσαν,
2561 2265 2660 2333 τήν
2725 2260 2781 2318 δὲ
2841 2260 3032 2336 εὐσεϐῆ
3090 2265 3270 2323 πίστιν
3329 2265 3850 2343 παρρησιαζομένην

2204 2353 2337 2424 μετᾶ
2366 2351 2540 2423 πάσης
2574 2350 2882 2428 ἐλευθερίας
2913 2354 3215 2430 πανταχοῦ·
3271 2355 3434 2429 μόνον
3488 2356 3564 2427 μὴ
3620 2356 3855 2428 μιάνητε

446 2438 669 2501 ἑαυτοὺς
706 2441 839 2513 μετὰ
863 2446 972 2495 τῶν
1008 2442 1317 2513 Ἀρειανῶν.
1378 2439 1490 2496 Οὐκ
1519 2438 1627 2495 ἔστι
1674 2440 1773 2515 γὰρ
1803 2445 1908 2494 τῶν
1943 2439 2262 2495 ἀποστόλων
2314 2440 2446 2512 αὕτη
2495 2443 2529 2510 ἡ
2583 2438 2922 2513 διδασκαλία,
2973 2443 3120 2499 ἀλλὰ
3161 2450 3270 2500 τῶν
3303 2442 3600 2518 δαιμόνων,
3625 2443 3716 2498 καὶ
3748 2447 3849 2498 τοῦ

445 2529 647 2603 πατρὸς
683 2529 858 2582 αὐτῶν
890 2533 985 2582 τοῦ
1011 2524 1293 2583 διαϐόλουσ
1329 2529 1416 2582 καὶ
1454 2527 1666 2602 μᾶλλον
1700 2526 1910 2603 ἄγονος,
1942 2529 2031 2583 καὶ
2091 2528 2310 2604 ἄλογος,
2368 2530 2456 2584 καὶ
2491 2527 2727 2593 διανοίας
2759 2528 2898 2587 ἐστίν
2930 2532 3029 2588 οὐκ
3058 2533 3247 2609 ὀρθῆς,
3281 2534 3356 2596 ὡς
3385 2535 3421 2603 ἡ
3452 2538 3562 2588 τῶν
3593 2533 3846 2606 ἡμιόνων
3892 2583 3900 2595 ,

441 2613 658 2690 ἀλογία.

511 2707 600 2760 83.
635 2711 929 2762 Hactenus
965 2708 1199 2763 Antonii
1223 2708 1537 2780 gesta.Non
1570 2707 1736 2763 decet
1765 2712 1959 2763 autem
1985 2724 2091 2763 nos

441 2795 612 2850 ﬁdem
645 2796 924 2868 derogare
955 2801 1038 2851 tot
1067 2799 1361 2867 tantisque
1395 2796 1467 2850 ab
1502 2813 1616 2851 uno
1649 2795 1887 2851 homine
1917 2796 2090 2850 editis

441 2884 764 2940 miraculis.
797 2885 926 2940 Hinc
957 2885 1112 2940 enim
1147 2883 1460 2941 Salvatoris
1503 2889 1592 2940 est
1623 2883 1957 2955 promissio,
1992 2883 2089 2954 qui

442 2973 523 3028 ait
558 2990 570 3028 :
606 2974 666 3028 Si
696 2974 1006 3029 habueritis
1033 2974 1195 3044 ﬁdem
1226 2982 1284 3028 ut
1331 2991 1571 3042 granum
1616 2973 1848 3045 sinapis,
1894 2973 2090 3028 dicetis

437 3064 566 3117 huic
595 3063 768 3117 monti
803 3079 815 3118 :
853 3065 988 3117 Hinc
1035 3067 1396 3131 transmigra,
1446 3071 1497 3117 et
1545 3063 2005 3132 transmigrabit:
2037 3064 2088 3116 et

2271 2709 2361 2764 83.
2394 2709 2631 2764 Τοιαῦτα
2663 2709 2757 2783 μὶν
2788 2709 2856 2764 τὰ
2879 2713 2974 2764 τοῦ
3003 2709 3310 2767 Ἀντωνίου.
3345 2709 3422 2768 Οὐ
3465 2707 3548 2765 δεῖ
3594 2707 3652 2764 δὲ
3698 2713 3850 2784 ἡμᾶς

2199 2794 2462 2853 άπιστεῖν.
2496 2796 2539 2852 εἱ
2593 2795 2663 2852 δι’
2713 2799 3001 2872 ἀνθρώπου
3051 2803 3284 2854 τοσαῦτα
3326 2798 3518 2876 γέγονε
3579 2801 3848 2873 θαύματα.

2199 2887 2313 2940 Τοῦ
2341 2885 2441 2961 γὰρ
2505 2886 2763 2961 Σωτῆρός
2821 2886 2960 2941 ἐστιν
3022 2885 3341 2964 ἐπαγγελία,
3403 2886 3680 2962 λεγοντος·
3723 2888 3846 2946 Ἐὰν

2199 2971 2368 3049 ἔχητε
2426 2973 2606 3029 πίστιν
2653 2976 2728 3037 ὡς
2775 2975 2970 3031 κόκκον
3029 2982 3295 3038 σινάπεως
3353 2980 3490 3050 (87),
3550 2975 3722 3051 ἐρεῖτε
3772 2981 3852 3048 τῷ

2200 3059 2312 3138 ὄρει
2374 3064 2573 3135 τούτῳ·
2653 3060 2936 3135 Μετάϐηθι
2994 3064 3255 3138 ἐντεῦθεν,
3311 3065 3400 3120 καὶ
3464 3061 3846 3139 μεταϐήσεται·

439 3152 584 3205 nihil
618 3152 952 3222 impossibile
983 3153 1086 3208 erit
1102 3153 1247 3207 vobis
1272 3151 1670 3221 “.Etlrursum
1698 3153 2087 3218 :Amen,amen

2202 3151 2284 3206 καὶ
2371 3150 2529 3206 οὐδὶν
2606 3149 2925 3223 ἀδυνατήσει
3003 3155 3153 3228 ὑμῖν.
3231 3155 3328 3209 Καὶ
3386 3152 3573 3209 πάλιν·
3645 3153 3849 3226 ’Λμήν,

438 3241 557 3295 dico
583 3241 754 3306 vobis,
786 3242 838 3296 si
864 3241 999 3312 quid
1027 3243 1301 3312 petieritis
1335 3241 1559 3295 Patrem
1607 3243 1663 3295 in
1698 3241 1920 3296 nomine
1948 3256 2084 3308 meo,

436 3329 1025 3397 dabitvobis.Petite,et
1040 3331 1325 3401 accipietis
1341 3330 1539 3401 *°.lpse
1553 3329 1769 3400 quippe
1783 3329 2088 3400 discipulis

438 3418 828 3491 omnibusque
848 3420 905 3474 in
938 3436 999 3475 se
1031 3420 1404 3475 credentibus
1432 3419 1513 3474 ait
1542 3435 1554 3473 :
1585 3421 1842 3489 Inﬁrmos
1871 3429 2087 3482 curate;

435 3506 701 3563 dwmones
731 3510 912 3581 ejicite
941 3527 959 3563 :
989 3511 1164 3580 gratis
1195 3510 1512 3580 accepistis,
1543 3511 1720 3579 gratis
1747 3508 1873 3564 date
1896 3509 1962 3563 9°.

2199 3240 2343 3312 ἀμὴν
2403 3239 2549 3316 λέγω
2611 3243 2761 3314 ὑμῖνι
2825 3241 2912 3297 ἐάν
2962 3263 3012 3296 τι
3062 3242 3325 3313 αἰτήσητε
3352 3243 3445 3296 τὸν
3492 3240 3703 3317 Πατᾶρα
3732 3245 3848 3315 (88)

2198 3328 2252 3384 ἐν
2284 3334 2362 3402 τῷ
2416 3329 2644 3402 ὀνόματί
2707 3352 2834 3403 μου,
2895 3327 3055 3384 δώσει
3117 3331 3267 3404 ὑμῖν.
3321 3331 3552 3399 Αἷτεῖτε,
3609 3331 3700 3385 καὶ
3751 3330 3852 3401 λή-

2198 3421 2381 3491 ψεσθε.
2416 3420 2517 3474 Καί
2555 3417 2712 3481 αὐτός
2765 3419 2904 3474 ἐστιν
2951 3420 2978 3474 ὁ
3025 3425 3140 3482 τοῖς
3195 3422 3465 3493 μαθηταῖς
3515 3418 3712 3494 λέγων,
3756 3422 3850 3474 καὶ

2198 3513 2327 3561 πᾶσι
2383 3513 2498 3570 τοῖς
2551 3507 2892 3563 πιστεύουσιν
2946 3507 3023 3570 εἷς
3081 3508 3261 3564 αὐτον·
3324 3510 3708 3573 Ἀσθενοῦντας
3759 3509 3849 3562 θε-

438 3594 714 3670 ραπεύετε·
750 3592 1008 3670 δαίμονας
1042 3590 1352 3651 ἐκϐάλλετε·
1389 3592 1594 3671 δωρεὰν
1627 3590 1868 3668 ἐλάϐετε,
1899 3593 2104 3670 δωρεὰν
2138 3593 2278 3652 δότε.

1827 3831 2078 3888 VERSIO
2118 3829 2430 3889 EVAGRII.

440 4031 571 4070 cum
607 4015 1014 4088 assumptione
1041 4015 1372 4088 palmarum
1416 4032 1428 4070 :
1463 4015 1616 4086 quod
1651 4013 1992 4070 idololatria
2033 4015 2188 4087 apud
2239 4015 2653 4072 Alexandriam
2705 4015 2936 4088 insigne
2957 4019 3072 4088 est.
3121 4015 3205 4069 Ad
3245 4012 3567 4088 ecclesiam
3611 4028 3856 4086 pergere

437 4087 940 4159 compellebantur
968 4085 1308 4153 Christiani,
1339 4092 1404 4142 ut
1437 4085 1787 4141 Arianorum
1821 4088 2018 4156 pepuli
2051 4085 2448 4143 crederentur.
2477 4090 2626 4144 Proh
2661 4085 2854 4144 scelus
2881 4088 2892 4142 Ι
2928 4087 3132 4142 Horret
3163 4086 3399 4159 animus
3424 4085 3708 4159 replicare
3725 4085 3854 4155 qua

441 4156 604 4230 gesta
637 4165 775 4214 sunt
805 4176 817 4214 :
851 4160 1143 4229 virginum
1179 4165 1701 4231 matronarumque
1732 4163 1970 4229 ereptus
2002 4159 2190 4231 pudor
2222 4175 2235 4214 :
2272 4161 2516 4231 sanguis
2547 4160 2741 4215 ovium
2775 4159 2985 4214 Christi
3017 4157 3330 4231 inphristi
3377 4156 3855 4231 temploeﬂusus

441 4227 769 4286 veneranda
802 4227 1077 4301 respersit
1109 4231 1316 4285 altaria
1349 4227 1796 4303 :baptisterium
1827 4227 1928 4301 pro
1959 4227 2262 4303 voluntate
2284 4227 2592 4302 gentilium
2626 4231 2917 4303 pollutum
2949 4235 3058 4303 est.
3091 4228 3250 4283 Nihil
3290 4229 3477 4284 defuit
3506 4227 3723 4303 visioni
3758 4245 3856 4283 ve-

443 4303 654 4375 ritatis,
687 4307 750 4356 ut
779 4298 1128 4357 monstravit
1159 4303 1419 4366 effectus,
1453 4298 1604 4372 quod
1639 4298 2074 4375 calcitrantium
2109 4298 2406 4375 midor'um
2451 4298 2933 4375 indisc'iplinatio,
2966 4301 3510 4375 Arianorumesset
3554 4298 3852 4375 impietas.

442 4375 551 4427 Sed
585 4374 759 4428 istam
792 4375 1094 4428 tristitiam
1129 4371 1543 4444 consequentis
1575 4372 1944 4427 revelationis
1977 4374 2362 4445 prosperitate
2396 4373 2618 4430 solatus
2647 4371 2758 4440 est,
2782 4380 2840 4430 et
2870 4375 2950 4428 ait
2979 4391 2990 4429 :
3025 4373 3231 4445 Nolite,
3265 4372 3449 4445 lilioli,
3484 4371 3716 4426 maerori
3752 4387 3855 4445 vos

442 4447 674 4515 penitus
705 4447 841 4499 dare
874 4463 886 4500 :
923 4451 987 4499 ut
1016 4446 1170 4500 enim
1205 4442 1389 4500 iratus
1419 4454 1507 4499 est
1539 4445 1841 4508 Dominus,
1875 4442 2225 4500 sic—rursum
2273 4447 2668 4516 miserebitur,
2701 4452 2760 4501 et
2806 4463 2982 4501 suum
3014 4446 3125 4499 cito
3171 4444 3432 4516 Ecclesia
3481 4442 3854 4516 recuperabit

440 4513 710 4570 ornatum
747 4534 759 4571 :
794 4533 1012 4587 eosque
1039 4517 1138 4587 qui
1171 4517 1228 4571 in
1263 4517 1771 4588 persecutionibus
1804 4517 1977 4588 fidem
2012 4516 2244 4588 Domini
2279 4513 2677 4584 servaverunt,
2710 4518 2881 4573 solito
2907 4516 3176 4572 videbitis
3227 4514 3450 4588 fulgore
3495 4513 3849 4588 relucentes.

447 4588 829 4662 Revertantur
861 4586 929 4662 ad
969 4586 1159 4662 foveas
1191 4586 1330 4644 suas
1362 4594 1682 4662 serpentes,
1707 4593 1762 4643 et
1795 4587 1999 4662 religio
2031 4587 2276 4662 longius,
2316 4590 2739 4662 propagabitur
2771 4606 2784 4644 :
2819 4593 3048 4662 tantum
3100 4586 3340 4662 videtef
3361 4603 3454 4662 ne
3479 4586 3615 4662 fidei
3643 4591 3851 4662 vestra

440 4660 747 4715 sinceritas
779 4659 992 4715 Ariana
1020 4660 1149 4715 labe
1180 4658 1496 4716 sordescat.
1526 4660 1652 4714 Non
1684 4658 2214 4732 apostolorum,ssd
2247 4658 2580 4716 demo—num
2614 4666 2669 4716 et
2701 4660 2882 4732 patris
2931 4675 3151 4732 eorum
3183 4658 3397 4714 diaboli
3441 4659 3555 4714 ista
3585 4659 3854 4714 doctrina

437 4737 528 4786 est
557 4748 568 4785 :
603 4733 676 4787 ob
699 4732 752 4785 id
787 4748 888 4802 per
915 4732 1306 4799 insipientiam
1333 4729 1770 4804 jumentorum,
1796 4731 2009 4786 similis
2041 4733 2332 4803 pecudum
2366 4749 2566 4788 eorum
2597 4729 2912 4804 expressus
2941 4738 3031 4788 est
3059 4729 3295 4804 animus

509 4805 598 4878 83.
632 4804 755 4858 Huc
787 4799 975 4878 usque
1007 4806 1311 4878 Antonius.
1335 4799 1460 4878 ’8οᾷ
1494 4821 1600 4858 nos
1633 4803 1875 4878 minime
1904 4799 2502 4878 convenitdiffidere,
2518 4809 2644 4878 tam
2662 4799 2882 4878 grande
2912 4802 3264 4878 miraculum
3297 4817 3399 4873 per
3429 4799 3726 4878 hominem
3751 4816 3848 4878 po-

439 4876 625 4929 tuisse
655 4877 942 4946 portendi.
1003 4875 1320 4931 Salvatoris
1350 4876 1508 4930 enim
1541 4875 1852 4946 promissio
1886 4880 1973 4930 est
2004 4876 2118 4931 ista
2148 4875 2260 4945 (89)
2291 4875 2539 4932 dicentis
2573 4894 2586 4932 :
2620 4874 2688 4932 Si
2710 4876 3020 4931 habueritis
3041 4875 3211 4946 ﬁdem
3240 4882 3300 4928 ut
3329 4889 3568 4942 granum
3609 4874 3847 4946 sinapis,

438 4946 626 5002 dicetis
654 4944 828 5002 monti
854 4947 984 5020 huic
1012 4964 1030 5000 :
1067 4946 1327 5020 Transfer
1359 4951 1428 5016 te,
1461 4951 1513 5002 et
1542 4944 1934 5020 trans/eretur,
1967 4955 2016 5002 et
2048 4946 2192 5020 nihil
2224 4947 2560 5020 impossibile
2587 4951 2693 5003 erit
2722 4948 2870 5004 vobis
2903 4965 2920 5000 :
2952 4952 3008 5001 et
3034 4944 3249 5020 iterum
3285 4961 3311 5020 :_
3333 4947 3523 5020 Amen,
3546 4944 3852 5020 amen‘dico

437 5019 605 5090 probis.
645 5035 802 5074 omne
829 5018 967 5088 quod
998 5015 1274 5090 petieritis
1303 5015 1522 5074 Patrem
1555 5020 1612 5072 in
1642 5019 1870 5072 nomine
1898 5035 2034 5083 meo,
2067 5019 2217 5073 dabit
2247 5015 2415 5074 vobis.
2449 5021 2624 5074 Petite
2652 5029 2701 5074 et
2731 5020 3027 5089 accipietis.
3062 5017 3191 5090 Ipse
3216 5017 3377 5090 enim
3410 5016 3534 5070 suis
3583 5015 3853 5090 discipu-

437 5088 511 5143 lis
543 5087 901 5162 etguniverso
930 5087 1294 5145 credentium
1329 5091 1512 5162 gregi,
1539 5106 1696 5144 nunc
1730 5090 2161 5162 subjectionem
2197 5090 2557 5159 daemonum,
2596 5107 2752 5147 nunc
2797 5087 3110 5159 variarum,
3136 5089 3548 5144 inﬁrmitatum
3572 5087 3860 5160 pollicens

437 5159 826 5230 curationem,
858 5162 1052 5216 aiebat
1081 5179 1094 5217 :
1133 5163 1315 5218 Gratis
1332 5159 1648 5234 accepistis,
1680 5164 1853 5231 gratis
1883 5161 2034 5217 date.

502 5393 544 5429 ¹⁸
578 5394 778 5451 Matth.
810 5409 951 5465 xvu,
985 5395 1070 5450 19.
1151 5395 1196 5432 ¹⁰
1221 5393 1436 5451 Joann.
1469 5411 1582 5464 xw,
1614 5395 1705 5467 23,
1735 5393 1826 5449 2L
1903 5395 1947 5430 ²⁰
1979 5397 2087 5452 Mat

2214 5412 2270 5465 x,
2300 5395 2360 5456 8.

502 5627 614 5705 (85)
645 5627 776 5684 Haec
806 5633 970 5705 gesta
1003 5634 1143 5705 sunt
1175 5646 1334 5705 anno
1364 5629 1489 5686 341.
1520 5629 1664 5705 Vide
1720 5648 1898 5705 supra
1956 5630 2086 5700 Epi-
2273 5629 2383 5705 (87)
2416 5628 2519 5705 ’ξίοΔ
2539 5628 2784 5705 plurimi
2814 5648 2959 5688 mss.
2986 5629 3098 5705 Alii
3139 5645 3275 5686 cum
3301 5626 3496 5705 editis,
3546 5625 3847 5705 συνάπεως.

426 5699 624 5753 stolam
657 5699 1000 5772 encyclicam
1030 5703 1099 5757 ad
1128 5704 1435 5774 episcopos,
1464 5719 1518 5772 p.
1551 5703 1642 5756 87.
1795 5699 1814 5705 ⁷
2001 5699 2006 5700 “
2293 5699 2385 5769 88)
2415 5699 2664 5765 Quidam
2697 5703 3091 5776 ωεε.,ῐ1ατὲρα
3165 5705 3322 5758 ou.In
3355 5699 3487 5757 aliis
3521 5719 3626 5772 μου
3658 5701 3846 5757 deest.

497 5771 609 5843 (86)
643 5769 1006 5828 Golbertinus
1039 5774 1365 5844 secundus,
1399 5773 1583 5844 solus,
1617 5772 1908 5844 ἐργασιῶν,
2272 5701 2383 5844 (89)
2417 5772 2511 5831 Sic
2542 5774 2954 5844 manuscripti.
2985 5723 3162 5844 Editi',L
3191 5777 3270 5832 est
3298 5774 3395 5830 ita.

497 5771 609 5843 (86)
643 5769 1006 5828 Golbertinus
1039 5769 1365 5845 secundus,
1399 5769 1583 5846 solus,
1617 5772 1908 5850 ἐργασιῶν,
2273 5769 2383 5846 (89)
2417 5772 2511 5831 Sic
2542 5769 2954 5849 manuscripti.
2985 5769 3159 5847 E‘diti,
3191 5777 3270 5832 est
3298 5774 3395 5830 ita.
