4074 6360
163 398 276 460 961

1540 389 1718 450 VITA
1774 390 1836 450 S.
1885 390 2235 452 ANTONII.

3477 401 3598 460 962

241 528 330 583 84.
356 523 442 582 Οὐ
472 522 822 599 προστάττων
1030 522 1158 595 γοῦν
1211 517 1526 595 ἐθεράπευεν
1556 519 1583 572 6
1615 519 1832 588 ’Av'ruS-_

2013 522 2102 579 84.
2122 522 2432 594 Nonjussu
2449 525 2648 598 itaque
2662 530 2909 585 sanabat
2923 530 3335 599 Antonius,sed
3353 533 3595 599 orando,

179 637 326 684 νιος,
360 613 486 669 ἀλλ’
515 610 817 687 εὐχόμενος
855 609 950 664 καὶ
996 610 1088 664 τὸν
1127 610 1353 684 Χριστὸν
1386 607 1670 680 ὀνομάζων
1709 627 1722 640 ⁸
1756 610 1830 670 ὡς

175 710 310 759 πᾶσι
365 700 593 779 φανερὸν
649 696 918 773 γενέσθαι,
979 694 1062 750 δτι
1112 695 1211 749 οὐκ
1256 697 1320 763 ἧν
1374 694 1534 757 αὐτὸς
1573 695 1601 748 6
1633 698 1831 763 ποιῶν,

177 791 305 848 ἀλλ’
363 792 392 844 6
451 788 686 864 Κύριος,
748 783 817 839 δι’
875 783 1171 843 Ἀντωνίου
1225 782 1831 861 φιλανθρωπευόμενος,

175 882 269 938 καὶ
301 877 608 956 θεραπεύων
641 874 767 937 τοὺς
820 874 1153 950 πάσχοντας.
1209 871 1504 928 Ἀντωνίου
1553 869 1610 926 δὲ
1667 872 1830 944 μόνον

175 974 212 1040 ἡ
249 969 387 1043 εὑχή
419 967 506 1021 καὶ
539 968 574 1034 ἡ
613 965 862 1034 ἄσκησις,
887 963 954 1032 ἧς
1004 959 1179 1017 ἕνεκεν
1235 960 1284 1016 ἐν
1333 966 1412 1033 τῷ
1439 957 1553 1036 ὄρει
1584 962 1833 1034 καθήμε-

174 1081 287 1128 νος,
325 1056 513 1133 ἔχάιρε
563 1055 657 1127 μὲν
704 1056 774 1127 τῇ
818 1056 927 1107 τῶν
978 1051 1132 1115 θείων
1190 1050 1414 1124 θεωρίᾳ,
1469 1048 1724 1105 ἐλυπεῖτο
1779 1047 1836 1104 δὲ

178 1145 576 1223 διοχλούμενος
627 1144 728 1198 ὑπὸ
781 1140 1005 1197 πολλῶν
1057 1141 1148 1195 καὶ
1187 1140 1483 1212 ἑλκόμενος
1507 1159 1582 1201 εις
1613 1139 1676 1194 τὸ
1707 1135 1836 1215 ὅρος

177 1240 241 1293 τὸ
271 1234 391 1310 ἔξω.
425 1234 524 1289 Καὶ
558 1232 661 1309 γὰρ
706 1232 795 1286 καὶ
846 1228 1124 1286 δισκασταὶ
1164 1228 1356 1290 πάντες
1386 1229 1569 1299 ἠξίουν
1605 1227 1708 1283 ἀπὸ
1739 1232 1836 1282 τοῦ

179 1325 341 1402 ὅρους
379 1323 537 1379 αύτὸν
586 1320 964 1396 κατέρχεσθαι,
999 1319 1114 1375 ἐπεὶ
1164 1320 1239 1392 μὴ
1291 1317 1516 1373 δυνατὸν
1545 1320 1610 1387 ἧν
1641 1317 1836 1380 αὑτοὺς

181 1413 441 1471 εἰσελθεῖν
501 1411 630 1482 ἐκεῖ,
683 1408 770 1465 διὰ
819 1408 946 1471 τοὺς
987 1406 1419 1471 ἀκολουθοῦντας
1463 1411 1569 1462 τῶν
1617 1404 1836 1476 δικαζο-

188 1505 386 1577 μένων.
429 1501 639 1574 Ἠξίουν
695 1497 752 1554 δὲ
796 1497 970 1571 ὅμως,
1015 1495 1109 1552 ’ίνα
1157 1491 1286 1570 ἔλθῃ
1331 1495 1421 1551 καὶ
1475 1498 1640 1569 μὸνον
1677 1495 1838 1550 αὐτὸν

187 1591 374 1647 ἴδωσιν
409 1610 424 1624 ·
457 1591 623 1652 αὐτὸς
659 1591 753 1662 μὲν
787 1586 878 1642 οὗν
925 1585 1231 1663 ἐξετρέπετο
1281 1586 1370 1640 καὶ
1415 1591 1714 1661 παρῃτεῖτο
1745 1586 1842 1647 τὰς

185 1683 324 1758 πρὸς
351 1679 576 1741 τούτους
607 1676 769 1739 ὁδούς
802 1695 815 1709 °
850 1676 901 1731 οἷ
947 1673 1004 1730 δὲ
1034 1675 1314 1748 ἐπέμενον,
1347 1675 1437 1729 καὶ
1469 1672 1682 1748 μᾶλλον
1710 1674 1838 1736 τοὺς

191 1769 517 1831 ὑπευθύνους
546 1764 700 1829 ὄντας
761 1766 864 1822 ὑπὸ
910 1766 1244 1841 στρατιώτας
1286 1765 1675 1840 προσέπεμπον
1708 1782 1720 1795 ·
1747 1761 1841 1818 ’ίνα

1941 610 2360 684 Christumque
2395 617 2793 684 nominando;
2828 618 2910 672 ita
2951 623 3015 672 ut
3046 618 3240 689 palam
3293 624 3449 674 esset
3480 637 3595 676 non

1943 701 2136 771 ipsum
2169 718 2236 756 ea
2266 703 2563 768 edere,sed
2588 704 3096 776 Domino,Antonii
3124 707 3469 775 ministerio,
3496 709 3597 764 be—

1945 789 2152 844 neﬁcia
2181 795 2235 845 et
2267 791 2629 848 curationem
2660 795 3018 864 patientibus
3049 795 3347 866 impertire
3376 815 3387 863 ;
3421 797 3504 852 ita
3537 801 3601 852 ut

1943 879 2176 934 Antonii
2210 885 2365 934 esset
2397 882 2584 936 oratio
2616 887 2844 938 tantum
2877 889 2932 938 et
2964 885 3214 939 ascetica
3257 885 3395 953 vita,
3429 888 3600 956 cujus

1944 983 2049 1036 ope
2083 984 2211 1022 cum
2246 970 2305 1022 in
2341 975 2537 1025 monte
2567 972 2816 1039 sederet,
2851 972 3180 1028 divinarum
3234 989 3428 1028 rerum
3463 991 3600 1030 con-

1945 1055 2323 1126 templatione
2353 1059 2687 1130 gaudebat:
2745 1061 2843 1115 sed
2895 1060 3128 1117 dolebat
3158 1078 3291 1117 cum
3333 1080 3364 1117 a
3394 1063 3599 1118 multis

1945 1149 2270 1214 vexaretur,
2306 1150 2479 1218 atque
2504 1149 2572 1202 ad
2607 1148 2947 1205 exteriorem
2972 1151 3408 1221 pertraheretur
3431 1169 3602 1208 mon-

1945 1237 2087 1288 tem.
2123 1235 2360 1291 Judices
2411 1253 2665 1308 namque
2715 1255 2918 1294 omnes
2949 1241 3234 1311 rogabant
3282 1241 3448 1296 illum
3480 1246 3544 1296 ut
3573 1256 3603 1297 e

1946 1327 2144 1378 monte
2173 1324 2731 1397 descenderet,quod
2764 1343 3135 1400 nequaquam
3161 1328 3270 1382 sibi
3298 1328 3601 1395 liceret,ob

1949 1428 2076 1467 reos
2109 1412 2205 1484 qui
2239 1429 2437 1468 secum
2471 1420 2637 1470 erant
2668 1420 2726 1471 et
2773 1417 3192 1487 sequebantur,
3225 1419 3295 1472 ad
3339 1422 3599 1474 montem

1949 1501 2197 1573 ingredi.
2235 1503 2617 1559 Postulabant
2664 1508 2857 1560 tamen
2899 1510 2964 1560 ut
3009 1505 3324 1575 accederet,
3357 1509 3604 1578 ejusque

1950 1590 2140 1645 solum
2173 1597 2411 1664 aspectu
2448 1593 2800 1658 fruerentur,
2831 1611 3006 1666 quam
3040 1611 3160 1649 rem
3204 1612 3338 1650 cum
3370 1612 3606 1651 aversa-

1951 1683 2111 1734 retur
2141 1680 2257 1746 ille,
2292 1683 2588 1737 abnuebat
2607 1683 2828 1754 egredi.
2857 1683 3077 1738 Instare
3107 1683 3284 1754 illi,ac
3317 1684 3428 1739 sub
3456 1684 3608 1740 mili-

1948 1773 2074 1824 tum
2109 1770 2370 1824 custodia
2423 1787 2549 1826 reos
2608 1771 2679 1826 ad
2731 1771 2898 1826 illum
2956 1772 3207 1841 mittere,
3260 1777 3323 1827 ut
3369 1773 3604 1829 illorum

183 1861 279 1916 κᾶν
311 1858 400 1914 διὰ
424 1860 522 1928 τὴν
570 1855 789 1911 ἐκείνων
842 1855 1108 1933 πρόφασιν
1158 1850 1418 1928 κατέλθῃ.
1465 1854 1700 1928 Πάσχων
1745 1850 1836 1965 οἱΞν

1955 1857 2158 1914 saltem
2178 1876 2354 1914 causa
2372 1859 3137 1917 descenderet.Necessitate
3154 1861 3331 1933 igitur
3345 1866 3606 1932 coactus,

188 1951 446 2026 ἀνάγκην,
478 1948 565 2002 καὶ
618 1947 758 2018 ὁρῶν
801 1942 998 2006 αὐτοὺς
1051 1941 1446 2019 ἀδυρομένους,
1492 1943 1700 2018 ἤρχετο
1750 1941 1844 2014 μὲν

183 2039 264 2102 εἷς
295 2038 359 2093 τὸ
390 2033 516 2114 ὅρος
542 2035 606 2090 τὸ
637 2033 736 2106 ἔξω
762 2055 774 2069 ·
809 2034 911 2088 οὐκ
943 2032 1229 2111 ἀνωφελὴς
1261 2030 1318 2086 δὲ
1341 2031 1504 2087 πάλιν
1535 2032 1602 2100 ἦν
1627 2033 1653 2086 ὁ
1678 2030 1844 2086 σκυλ-

191 2129 294 2203 μὸς
327 2128 495 2182 αὐτοῦ
531 2146 544 2160 ο
603 2122 842 2185 πολλοῖς
896 2123 988 2196 μὲν
1038 2122 1138 2198 γὰρ
1187 2121 1258 2184 είς
1285 2117 1468 2192 ὄνησιν
1500 2121 1721 2196 ἐγίνετο,
1754 2121 1844 2175 καὶ

183 2219 262 2279 εἷς
296 2211 603 2290 εὐεργεσίαν
631 2213 666 2281 ἠ
713 2208 892 2286 ἄφιξις
940 2210 1125 2266 αὐτοῦ.
1168 2210 1305 2272 Τοὺς
1339 2209 1395 2266 δὲ
1425 2207 1677 2271 δικαστὰς
1710 2207 1848 2286 ὠφέ-

196 2307 304 2375 λει,
355 2299 749 2380 συμϐουλεύων
795 2301 1008 2356 πάντων
1059 2300 1270 2374 μᾶλλον
1329 2300 1637 2376 προκρίνεῐν
1667 2301 1730 2354 τὸ
1762 2297 1846 2354 δί-

194 2416 348 2452 καιον
386 2416 398 2428 ·
431 2395 522 2449 καὶ
567 2387 848 2471 φοϐεῖσθαι
895 2391 986 2445 τὸν
1037 2391 1187 2460 Θεὸν,
1242 2388 1331 2444 καὶ
1371 2387 1587 2456 εῗδέναι,
1630 2390 1710 2444 ὅτι
1745 2387 1846 2462 οτίῳ

198 2485 420 2561 κρίματι
465 2481 729 2560 κρίνουσι,
781 2481 1152 2553 κριθήσονται.
1200 2478 1354 2547 Πλὴν
1399 2479 1496 2549 τήν
1540 2478 1592 2533 ἐν
1623 2483 1702 2551 τῷ
1731 2474 1844 2554 ὄρει

203 2573 488 2650 διατριοήν
521 2570 736 2627 πάντων
774 2567 987 2642 μᾶλλον
1018 2567 1222 2644 ἠγάπα.

272 2667 361 2721 85.
424 2663 564 2719 ΙΙοτὲ
613 2661 706 2716 οὖν
768 2659 885 2735 βίαν
942 2657 1198 2729 τοιαύτην
1257 2657 1443 2722 παθὼν
1519 2659 1665 2733 παρὰ
1736 2663 1844 2712 τῶν

203 2753 388 2831 χρείαν
440 2750 702 2827 ἐχόντων,
756 2749 846 2803 καὶ
897 2752 995 2802 τοῦ
1048 2745 1422 2823 στρατηλάτου
1480 2744 1568 2801 διὰ
1619 2745 1844 2802 πολλῶν

204 2844 526 2913 ἀξιώσαντος
596 2837 754 2893 αὐτὸν
808 2835 1088 2900 κατελθεῖν
1125 2854 1138 2868 ⁸
1172 2834 1369 2906 ἐλθὼν,
1427 2835 1514 2889 καὶ
1577 2833 1852 2908 ὁμιλήσας

205 2931 384 3006 ὀλίγα,
415 2930 482 2984 τὰ
520 2927 600 2983 εἷς
651 2926 924 3002 σωτηρίαν
969 2924 1256 3003 φθάνοντα,
1305 2924 1396 2978 καὶ
1443 2925 1563 3000 περὶ
1601 2927 1711 2997 (91)
1741 2929 1849 2978 τῶν

205 3018 498 3093 δεομὲσων,
556 3015 837 3091 ἠπείγετο.
886 3019 991 3069 Τοῦ
1043 3011 1100 3068 δὲ
1156 3012 1453 3088 λεγομένου
1503 3010 1695 3075 δουκὸς
1736 3012 1852 3082 ἀξι-

205 3115 393 3170 οὗντος
425 3106 584 3162 αὐτὸν
633 3099 1013 3181 ἐμϐραδύνειν,
1060 3098 1212 3176 ἔλεγε
1265 3103 1339 3174 μὴ
1385 3099 1638 3166 δύνασθαι
1663 3101 1850 3177 χρονί-

207 3205 311 3268 ζειν
367 3197 480 3271 μετ’
538 3194 735 3266 αὐτῶν,
785 3193 875 3247 καὶ
917 3189 1314 3267 παραδείγματι
1358 3190 1602 3268 χαρίεντι
1660 3194 1850 3245 τοῦτον

204 3285 380 3342 ἔπειθε
431 3283 604 3361 λέγων
640 3303 652 3316 ⁶

206 3379 342 3451 ξηρᾷ
377 3378 448 3452 γῇ
484 3371 834 3441 τελευτῶσιν,
886 3371 1059 3434 οὕτως
1109 3371 1160 3425 οἱ
1210 3369 1447 3445 μοναχοί
1505 3367 1856 3446 βραδύνοντες

212 3465 324 3540 μεθ’
359 3465 529 3536 ὑμῶν,
579 3463 668 3516 καὶ
720 3462 841 3538 πορ’
876 3462 1004 3534 ὑμῖν
1059 3453 1488 3536 ἐκδιατρίϐοντες
1542 3457 1850 3514 ἐκλύονται.

704 3265 908 3359 ⁸ίΩσπερ
961 3265 1013 3337 oi.
1074 3265 1259 3357 ῗγθύες
1318 3265 1724 3356 ἐγχρονίζοντες
1779 3284 1848 3354 τῇ
1881 3265 1923 3332 C

1953 1946 2202 2019 illosque
2246 1964 2490 2004 cernens
2534 1947 3036 2022 collacrymantes,
3070 1951 3131 2004 in
3171 1952 3512 2006 exteriorem
3545 1967 3606 2008 se

1955 2037 2200 2092 contulit
2229 2041 2484 2093 montem
2512 2053 2524 2091 :
2575 2055 2702 2110 quae
2744 2038 2902 2094 illius
2956 2039 3293 2111 defetigatio
3324 2039 3479 2094 haud
3512 2040 3608 2096 in-

1955 2125 2120 2180 utilis
2153 2126 2297 2181 fuit:
2333 2127 2536 2182 multis
2558 2127 2712 2182 enim
2742 2129 3070 2198 commoda,
3099 2129 3302 2184 multis
3324 2130 3607 2185 beneficia

1955 2214 2204 2271 contulit
2230 2216 2516 2271 adventus
2543 2217 2690 2287 ejus.
2732 2217 3162 2289 Judicibusque
3205 2217 3352 2290 ipsis
3383 2219 3607 2274 emolu-

1958 2307 2152 2359 mento
2175 2308 2334 2360 erat:
2361 2321 2508 2376 quos
2530 2305 2882 2361 hortabatur
2905 2308 3081 2377 utjus
3099 2311 3155 2361 et
3173 2323 3403 2378 aequum
3425 2307 3610 2362 omni-

1957 2393 2070 2449 bus
2101 2393 2471 2465 anteferrent,
2507 2394 2689 2450 Deum
2737 2394 3028 2460 timerent,
3076 2401 3456 2467 nossentque,
3491 2413 3607 2468 quo

1947 2483 2172 2553 judicio
2190 2482 2758 2553 judicarent,eodem
2781 2500 2908 2539 sese
2931 2485 3290 2555 judicandos
3310 2485 3376 2540 ³³.
3397 2485 3608 2541 Nullus

1957 2572 2009 2627 ei
2040 2571 2202 2626 locus
2233 2589 2395 2644 aeque
2425 2573 2638 2628 charus
2671 2572 2779 2628 fuit
2811 2577 2985 2644 atque
3017 2591 3186 2629 mons
3217 2574 3333 2630 ille.

2029 2662 2178 2717 687
2215 2663 2302 2716 85.
2335 2666 2474 2717 Cum
2509 2661 2824 2734 aliquando
2857 2663 2937 2717 ita
2966 2663 3018 2716 vi
3061 2663 3404 2736 compulsus
3435 2664 3506 2720 ab
3536 2664 3610 2720 iis

1959 2749 2177 2820 quibus
2199 2765 2268 2803 ex
2294 2766 2402 2804 usu
2426 2750 2482 2804 id
2511 2750 2923 2822 erat,duceque
2941 2757 3181 2822 rogante
3203 2753 3400 2824 ipsum
3425 2758 3490 2808 ut
3511 2754 3612 2809 de-

1961 2838 2282 2905 scenderet,
2315 2839 2590 2904 venisset,
2624 2839 2826 2910 paucis
2871 2856 3007 2895 eum
3060 2840 3354 2896 allocutus
3393 2843 3608 2912 verbis,

1960 2943 2084 2998 quae
2116 2931 2244 2981 tum
2277 2927 2526 2982 salutem
2560 2928 2841 2998 ejus,tum
2865 2945 2962 2983 eos
2988 2929 3083 3000 qui
3109 2945 3341 3001 suaope
3363 2931 3612 3001 egebant

1962 3019 2311 3086 spectarent,
2345 3015 2571 3088 regredi
2603 3016 2934 3072 festinabat.
2953 3022 3105 3072 Duce
3126 3023 3353 3088 vero,ut
3379 3023 3610 3086 vocant,

1962 3107 2203 3175 rogante
2235 3119 2458 3159 moram
2487 3108 2551 3159 ut
2585 3104 2819 3170 faceret,
2850 3120 2910 3160 se
2937 3105 3159 3160 diutius
3192 3123 3324 3162 cum
3353 3106 3472 3162 illis
3495 3125 3614 3163 mo-

1963 3192 2077 3247 rari
2110 3209 2226 3248 non
2259 3209 2430 3265 posse
2459 3194 2784 3265 respondit,
2807 3193 3116 3266 lepidoque
3146 3195 3203 3250 id
3232 3195 3312 3250 illi
3347 3197 3614 3269 exemplo

1963 3283 2276 3353 persuasit.
2309 3281 2469 3337 Sicut
2501 3282 2714 3354 pisces,
2756 3283 2857 3353 ait,
2908 3283 2967 3337 in
2999 3284 3163 3338 arida
3215 3288 3368 3340 terra
3399 3285 3613 3341 immo-

1964 3371 2147 3426 rando
2178 3371 2510 3426 moriuntur
2536 3389 2548 3438 ;
2573 3371 2656 3426 sic
2682 3371 2952 3427 monachi
2975 3372 3273 3428 vobiscum
3294 3380 3614 3446 morantes,

1963 3460 2239 3532 apudque
2255 3475 2360 3515 vos
2381 3459 2605 3515 diutius
2626 3465 2948 3528 versantes,
2967 3465 3320 3517 enervantur
3338 3467 3423 3518 :ut
3440 3463 3619 3535 igitur

210 3560 298 3610 Δεῖ
338 3551 453 3622 οὖν,
505 3550 684 3626 ὥσπερ
733 3549 824 3605 τὸν
883 3548 1042 3625 ἰχθὺν
1102 3547 1176 3610 εἷς
1222 3549 1322 3616 τήν
1353 3547 1646 3617 θάλασσαν,
1680 3546 1854 3608 οὕτως

1965 3548 2228 3620 piscibus
2258 3549 2329 3603 ad
2363 3563 2542 3613 mare,
2576 3548 2658 3604 sic
2691 3549 2861 3604 nobis
2889 3550 2961 3604 ad
2995 3554 3253 3605 montem
3294 3567 3615 3623 properan-

209 3645 359 3717 ἡμᾶς
379 3640 454 3704 εἰς
473 3642 535 3697 τὸ
568 3636 695 3717 ὅρος
742 3638 1046 3714 ἐπείγεσθαι
1077 3657 1089 3669 ·
1141 3638 1356 3710 μήποτε
1403 3630 1853 3710 ἐμϐραδύνοντες,

1965 3637 2128 3704 dum,
2163 3653 2236 3692 ne
2265 3640 2634 3708 cunctantes,
2667 3653 2866 3693 eorum
2901 3653 3027 3710 quae
3049 3639 3210 3694 intus
3241 3644 3381 3696 sunt
3409 3640 3618 3696 oblivi-

1612 3787 1864 3845 VERSIO
1901 3789 2218 3846 EVAGRII.

279 3920 367 3976 84.
401 3916 699 3989 Numquid
730 3933 848 3989 suis
877 3915 1113 3971 virtutis
1139 3914 1385 3989 imperio
1416 3913 1659 3989 curabat
1685 3913 1978 3989 Antonius
2001 3911 2030 3966 ?
2063 3910 2326 3986 nunquid
2362 3929 2480 3968 suae
2513 3913 2920 3989 possibilitatis
2950 3915 3270 3989 arbitratur
3298 3931 3426 3989 esse
3457 3915 3615 3988 quod

210 3993 468 4048 fecerat?
491 3985 888 4058 Orationibus,
914 4003 1028 4042 non
1054 3985 1379 4058 praeceptis,
1401 3985 1698 4041 damones
1722 3985 2030 4056 morbique
2054 3985 2380 4058 cesserunt,
2399 3990 2456 4040 et
2477 3985 2548 4040 ad
2573 3985 2786 4040 Christi
2817 3988 3039 4042 Domini
3068 3987 3248 4041 nostri
3273 3985 3622 4042 nominatio-

208 4080 344 4120 nem
358 4061 872 4143 semperuniversa
889 4057 1140 4130 perfecta
1157 4057 1313 4112 sunt.
1335 4057 1512 4143 Nemo
1529 4059 1864 4143 sapientum
1885 4059 2208 4143 sanitatum
2228 4057 2672 4112 admirationem
2698 4058 2949 4143 ascribat
2966 4059 3343 4143 Antonio,sed
3365 4059 3615 4115 Domino

206 4137 368 4202 Jesu,
403 4128 507 4205 qui
534 4131 766 4188 solitam
798 4128 936 4205 erga
961 4138 1227 4205 oraturas
1260 4145 1399 4184 suas
1430 4129 1710 4205 exhibens
1737 4128 2224 4205 benevolentiam,
2258 4145 2413 4205 nunc
2444 4145 2678 4205 quoque
2713 4147 2810 4199 per
2840 4129 3087 4205 electum
3123 4131 3612 4205 lainulumsuum

211 4201 582 4278 indulgenter
609 4201 886 4260 exercuit.
940 4201 1231 4278 Antonius
1284 4205 1513 4278 tantum
1562 4201 1784 4278 orabat,
1835 4207 1892 4256 et
1939 4201 2019 4278 ob
2042 4201 2171 4254 vita
2221 4202 2628 4278 ejus__merita,
2658 4207 2875 4278 cuncta
2906 4202 3192 4278 Dominus
3238 4203 3617 4278 largiebatur.

213 4269 624 4361 Swpevautem,
659 4281 714 4361 et
741 4279 942 4356 contra
970 4273 1368 4361 voluptatem,
1387 4273 1454 4326 ad
1485 4272 1827 4361 exteriprem
1864 4276 2125 4361 montem
2157 4269 2504 4361 a‘fratribus
2538 4273 2984 4361 perducebatu‘r.
3007 4275 3087 4361 ﬁt
3112 4269 3616 4361 cumjudices‘qui

213 4351 283 4406 ad
307 4343 566 4404 interius
596 4345 1010 4402 archisterium
1042 4346 1172 4416 (92),
1209 4348 1440 4416 pr0pter
1469 4343 1844 4413 asperitatem
1877 4343 2127 4410 itineris,
2162 4347 2217 4396 et
2247 4343 2696 4413 obsequentium
2745 4343 3204 4410 multitudinem,
3237 4353 3289 4398 et
3323 4343 3616 4400 horridam

215 4422 587 4476 solitudinem
621 4420 704 4475 ire
737 4436 850 4475 non
884 4415 1167 4489 poterant,
1205 4415 1477 4488 praecario
1498 4420 1834 4489 quaererent
1864 4421 1938 4489 ut
1958 4419 2084 4484 ejus
2118 4418 2449 4468 fruerentur
2479 4417 2830 4484 aspectibus,
2865 4433 2968 4470 nec
3010 4417 3320 4487 impetrare
3352 4424 3614 4488 possent,

217 4493 356 4564 quia
389 4491 803 4548 molestissime
835 4487 1055 4564 ferebat
1084 4490 1447 4564 vexationem
1467 4487 1893 4564 rdisc-ursuum;
1925 4487 2431 4564 ipsoscatenatos,
2465 4504 2612 4558 quos
2643 4493 2744 4541 aut
2777 4490 3058 4564 noxietas,
3095 4496 3197 4543 aut
3231 4487 3390 4564 vigor
3422 4489 3620 4564 publi-

218 4557 321 4620 cus
352 4565 801 4632 constrinxerat,
835 4563 905 4617 ad
940 4578 1071 4616 eum
1105 4561 1500 4626 destinabant,
1534 4557 1783 4613 scientes
1811 4559 1956 4612 tales
1988 4559 2059 4613 ab
2085 4557 2334 4632 Antonio
2366 4557 2675 4629 non’posse
2706 4561 2996 4632 contemni
3029 4557 3048 4615 ι
3069 4557 3320 4626 quorum
3356 4557 3622 4616 {lactibus

220 4642 529 4707 superatus
562 4627 1008 4707 pertrahebatur
1038 4633 1120 4707 ad
1141 4633 1485 4707 exteriorem,
1517 4635 1797 4707 montem,
1823 4645 2148 4707 agnoscens
2170 4627 2432 4707 laborem
2486 4627 2657 4707 suum
2696 4630 2897 4688 utilem
2923 4632 3172 4707 miseris
3223 4633 3376 4687 fore:
3414 4634 3629 4707 suade-

217 4701 433 4778 batque
457 4701 778 4775 judicibus,
814 4707 914 4776 qui
944 4722 1075 4760 eum
1112 4704 1516 4778 invitaverant,
1537 4706 1616 4778 Aut
1646 4701 1702 4778 in
1737 4701 2026 4756 sententia
2057 4701 2422 4778 proferenda,
2455 4706 2508 4778 et
2541 4701 2670 4778 odio
2703 4708 2758 4778 et
2786 4704 3006 4778 gratiae,
3046 4705 3309 4758 timorem
3348 4703 3628 4778 Deiante-

218 4762 500 4851 ponerent
528 4798 540 4845 ;
577 4796 680 4833 nec
711 4762 978 4851 ignorare
1008 4793 1107 4831 eos
1138 4777 1367 4851 debere,
1401 4762 1554 4845 quod
1587 4773 1872 4851 scriptum
1903 4779 1992 4851 est
2021 4789 2034 4851 ξ
2061 4762 2438 4851 'Qa‘ocuynque
2480 4775 2690 4851 iudicio
2704 4762 3106 4846 judice-veritis,
3164 4779 3223 4829 in
3254 4792 3313 4831 eo
3329 4777 3630 4846 judicabi-

215 4845 311 4907 iur
337 4852 405 4906 (te
434 4851 600 4905 vobis.
633 4845 907 4904 Attamen
939 4850 1089 4902 inter
1121 4847 1343 4902 medios
1375 4861 1678 4900 sermones
1708 4845 1894 4900 charte
1926 4845 2035 4899 sibi
2069 4845 2406 4899 solitudinis
2436 4845 2866 4901 recordabatur.

283 4926 372 4978 85.
403 4921 539 4976 Post
561 4927 820 4976 coactam
853 4921 1059 4998 itaque
1086 4919 1477 4990 praesentiam,
1513 4933 1686 4988 quam
1719 4915 2137 4998 ducis_preces,
2170 4922 2226 4971 et
2257 4917 2409 4987 quod
2447 4919 2639 4998 verius
2685 4924 2802 4998 est,
2836 4917 3183 4998 miserorum
3239 4917 3632 4998 ﬂetus‘eator:

213 4998 394 5058 serat,
429 4997 560 5063 post
592 4991 871 5063 salutaria
905 4988 1146 5060 monita,
1180 4995 1313 5062 post
1345 5005 1576 5050 reorum
1605 4989 2198 5063 commendationem,
2222 4990 2612 5063 quorumdam
2647 4990 2824 5044 etiam
2849 4988 3630 5063 absolutionem,postulanti

210 5065 370 5134 duci,
405 5059 471 5117 ut
502 5062 674 5134 paulo
705 5063 928 5133 largius
958 5059 1144 5134 eidem
1164 5059 1343 5134 suam
1378 5060 1748 5134 praesentiam
1770 5059 2158 5134 indulgerem,
2183 5060 2403 5134 ait,non
2435 5077 2605 5132 posse
2632 5078 2694 5115 se
2723 5061 2946 5115 diutius
2970 5060 3192 5134 ibidem
3220 5061 3633 5134 morari,grato

215 5131 364 5192 usus
389 5131 676 5203 exemplo,
709 5131 885 5204 quod,
921 5133 1092 5212 sicuti
1120 5132 1309 5212 pisces
1341 5133 1413 5186 ab
1445 5147 1599 5212 aqua
1629 5131 1871 5212 extracti
1893 5131 2026 5212 mox
2057 5132 2332 5212 inarenti
2359 5131 2515 5212 terra
2545 5139 2931 5212 morerentur,
2965 5133 3123 5212 itaet
3154 5131 3471 5212 monachos
3495 5147 3632 5212 cum

207 5207 594 5264 ssecularibus
626 5203 991 5260 retardantes
1023 5203 1297 5260 humanis
1330 5205 1531 5259 statim
1565 5203 1774 5258 resolvi
1806 5203 2403 5259 confabulationibus.
2454 5204 2536 5258 Ob
2567 5204 2622 5258 id
2671 5220 2830 5275 ergo,
2859 5204 3071 5273 inquit,
3123 5204 3416 5263 convenit.
3448 5208 3512 5258 ut
3543 5203 3632 5274 pi-

209 5297 339 5337 sces
368 5279 440 5335 ad
473 5294 655 5348 mare,
685 5278 765 5333 ita
798 5294 904 5333 nos
930 5277 1002 5334 ad
1035 5282 1293 5333 montem
1327 5277 1603 5332 festinare
1634 5276 1766 5347 (93),
1801 5291 1891 5346 ne,
1925 5275 2298 5331 tardantibus
2329 5275 2520 5346 nobis,
2552 5275 2751 5346 aliqua
2782 5275 3068 5347 propositi
3093 5275 3372 5331 succedat
3392 5275 3631 5331 oblivio.

285 5436 328 5470 ²¹
362 5432 567 5490 Matth.
601 5449 699 5502 vn,
732 5433 789 5491 2.

294 5590 406 5659 (90)
437 5589 528 5645 Sic
561 5587 974 5662 manuscripti,
1007 5586 1223 5642 rectius
1256 5600 1433 5658 quam
1466 5582 1630 5650 editi,
1655 5583 1756 5654 qui
1778 5582 1878 5638 ha-

223 5662 843 5742 beat.r@??eu‘bv-..
1349 5727 1381 5742 ..
1503 5725 1516 5742 ι
1601 5726 1632 5742 -.
1842 5721 1854 5742 ρ

300 5733 412 5806 (91)
437 5725 806 5819 Ἐᾶὶιὶηπαρά,
828 5732 889 5788 in
913 5746 1179 5789 manusc.
1204 5727 1478 5785 omnibus
1503 5725 1716 5799 legitur
1730 5725 1875 5799 περί.

2062 5583 2171 5652 (92)
2207 5586 2342 5652 Lege
2372 5581 2744 5636 asceterium.

2060 5651 2167 5725 (93)
2198 5651 2290 5709 Sic
2317 5653 2719 5726 manuscripti.
2752 5651 2924 5719 Editi,
2947 5653 3294 5724 festinemus.
