  <div class='ocr_page' id='page_1' title='image "/cluster/home/n/w/nwhite01/storage/ocr_20150623/26/hvd.32044019208479/549.png"; bbox 0 0 4074 6350; ppageno 0'>
   <div class='ocr_carea' id='block_1_1' title="bbox 430 452 3869 521">
    <p class='ocr_par' dir='ltr' id='par_1_1' title="bbox 430 452 3869 521">
     <span class='ocr_line' id='line_1_1' title="bbox 430 452 3869 521; baseline -0 -4"><span class='ocrx_word' id='word_1_1' title='bbox 430 456 550 518; x_wconf 83' lang='grc'><strong>963</strong></span> <span class='ocrx_word' id='word_1_2' title='bbox 942 458 1033 519; x_wconf 87' lang='lat' dir='ltr'><strong>.S.</strong></span> <span class='ocrx_word' id='word_1_3' title='bbox 1079 454 1505 519; x_wconf 80' lang='lat' dir='ltr'><strong>ATHANASII</strong></span> <span class='ocrx_word' id='word_1_4' title='bbox 1549 458 1728 521; x_wconf 90' lang='lat' dir='ltr'><strong>OPP.</strong></span> <span class='ocrx_word' id='word_1_5' title='bbox 1775 456 1974 519; x_wconf 77' lang='lat' dir='ltr'><strong>PARS</strong></span> <span class='ocrx_word' id='word_1_6' title='bbox 2018 458 2065 518; x_wconf 89' lang='lat' dir='ltr'><strong>l.</strong></span> <span class='ocrx_word' id='word_1_7' title='bbox 2096 487 2177 501; x_wconf 93' lang='lat'><strong><em>—</em></strong></span> <span class='ocrx_word' id='word_1_8' title='bbox 2209 452 2630 519; x_wconf 82' lang='lat' dir='ltr'><strong>HISTORICA</strong></span> <span class='ocrx_word' id='word_1_9' title='bbox 2671 454 2774 516; x_wconf 80' lang='lat' dir='ltr'><strong>ET</strong></span> <span class='ocrx_word' id='word_1_10' title='bbox 2817 452 3298 517; x_wconf 77' lang='lat' dir='ltr'><strong>DOGMATICA.</strong></span> <span class='ocrx_word' id='word_1_11' title='bbox 3724 456 3869 516; x_wconf 62' lang='lat'><strong>96-!</strong></span> 
     </span>
    </p>
   </div>
   <div class='ocr_carea' id='block_1_2' title="bbox 431 580 2040 663">
    <p class='ocr_par' dir='ltr' id='par_1_2' title="bbox 431 586 2040 663">
     <span class='ocr_line' id='line_1_2' title="bbox 431 586 2040 663; baseline 0 -18"><span class='ocrx_word' id='word_1_12' title='bbox 431 604 688 646; x_wconf 88' lang='lat' dir='ltr'><strong>scamur.</strong></span> <span class='ocrx_word' id='word_1_13' title='bbox 724 588 949 655; x_wconf 82' lang='lat' dir='ltr'><strong>Quibus</strong></span> <span class='ocrx_word' id='word_1_14' title='bbox 990 588 1108 644; x_wconf 81' lang='lat' dir='ltr'><strong>dux</strong></span> <span class='ocrx_word' id='word_1_15' title='bbox 1154 586 1396 659; x_wconf 81' lang='lat' dir='ltr'><strong>auditis,</strong></span> <span class='ocrx_word' id='word_1_16' title='bbox 1450 587 1702 662; x_wconf 83' lang='lat' dir='ltr'><strong>aliisque</strong></span> <span class='ocrx_word' id='word_1_17' title='bbox 1747 589 2040 663; x_wconf 76' lang='lat' dir='ltr'><strong>permulti:</strong></span> 
     </span>
    </p>
   </div>
   <div class='ocr_carea' id='block_1_3' title="bbox 2249 580 3858 663">
    <p class='ocr_par' dir='ltr' id='par_1_3' title="bbox 2249 580 3858 661">
     <span class='ocr_line' id='line_1_3' title="bbox 2249 580 3858 661; baseline -0.001 -20"><span class='ocrx_word' id='word_1_18' title='bbox 2249 585 2580 661; x_wconf 79' lang='grc' dir='ltr'>ιιλαθώμεθα</span> <span class='ocrx_word' id='word_1_19' title='bbox 2619 590 2726 641; x_wconf 82' lang='grc' dir='ltr'><strong>τῶν</strong></span> <span class='ocrx_word' id='word_1_20' title='bbox 2768 581 2944 640; x_wconf 84' lang='grc' dir='ltr'>ἔνδον·</span> <span class='ocrx_word' id='word_1_21' title='bbox 2994 583 3257 647; x_wconf 76' lang='grc' dir='ltr'><strong>Ἀκούσας</strong></span> <span class='ocrx_word' id='word_1_22' title='bbox 3307 580 3365 640; x_wconf 76' lang='grc' dir='ltr'>δὶ</span> <span class='ocrx_word' id='word_1_23' title='bbox 3408 584 3438 640; x_wconf 91' lang='lat'><strong>6</strong></span> <span class='ocrx_word' id='word_1_24' title='bbox 3467 582 3858 659; x_wconf 77' lang='grc' dir='ltr'><strong>στρατηλάτης</strong></span> 
     </span>
    </p>
   </div>
   <div class='ocr_carea' id='block_1_4' title="bbox 433 670 2042 751">
    <p class='ocr_par' dir='ltr' id='par_1_4' title="bbox 433 675 2042 745">
     <span class='ocr_line' id='line_1_4' title="bbox 433 675 2042 745; baseline 0 -12"><span class='ocrx_word' id='word_1_25' title='bbox 433 678 777 745; x_wconf 79' lang='lat' dir='ltr'><strong>admiratus,</strong></span> <span class='ocrx_word' id='word_1_26' title='bbox 810 694 939 733; x_wconf 91' lang='lat' dir='ltr'><strong>vere</strong></span> <span class='ocrx_word' id='word_1_27' title='bbox 970 675 1139 732; x_wconf 87' lang='lat' dir='ltr'><strong>illum</strong></span> <span class='ocrx_word' id='word_1_28' title='bbox 1161 675 1259 732; x_wconf 87' lang='lat' dir='ltr'><strong>Dei</strong></span> <span class='ocrx_word' id='word_1_29' title='bbox 1292 693 1527 733; x_wconf 87' lang='lat' dir='ltr'><strong>servum</strong></span> <span class='ocrx_word' id='word_1_30' title='bbox 1554 694 1685 735; x_wconf 90' lang='lat' dir='ltr'><strong>esse</strong></span> <span class='ocrx_word' id='word_1_31' title='bbox 1715 679 1899 734; x_wconf 81' lang='lat' dir='ltr'><strong>dixit:</strong></span> <span class='ocrx_word' id='word_1_32' title='bbox 1932 678 2042 734; x_wconf 90' lang='lat' dir='ltr'><strong>und</strong></span> 
     </span>
    </p>
   </div>
   <div class='ocr_carea' id='block_1_5' title="bbox 2247 670 3856 751">
    <p class='ocr_par' dir='ltr' id='par_1_5' title="bbox 2247 670 3856 751">
     <span class='ocr_line' id='line_1_5' title="bbox 2247 670 3856 751; baseline -0.001 -21"><span class='ocrx_word' id='word_1_33' title='bbox 2247 680 2361 731; x_wconf 85' lang='grc' dir='ltr'>ιῦτα</span> <span class='ocrx_word' id='word_1_34' title='bbox 2387 676 2515 751; x_wconf 86' lang='grc' dir='ltr'>παρ’</span> <span class='ocrx_word' id='word_1_35' title='bbox 2559 676 2750 744; x_wconf 82' lang='grc' dir='ltr'>αὐτοῦ,</span> <span class='ocrx_word' id='word_1_36' title='bbox 2800 673 2892 729; x_wconf 81' lang='grc' dir='ltr'><strong>καὶ</strong></span> <span class='ocrx_word' id='word_1_37' title='bbox 2935 670 3094 749; x_wconf 69' lang='grc' dir='ltr'>ἕτερα</span> <span class='ocrx_word' id='word_1_38' title='bbox 3135 670 3345 741; x_wconf 80' lang='grc' dir='ltr'>πολλὰ,</span> <span class='ocrx_word' id='word_1_39' title='bbox 3390 672 3688 747; x_wconf 74' lang='grc' dir='ltr'><strong>θαυμάσας,</strong></span> <span class='ocrx_word' id='word_1_40' title='bbox 3724 671 3856 729; x_wconf 84' lang='grc' dir='ltr'>ἔλε-</span> 
     </span>
    </p>
   </div>
   <div class='ocr_carea' id='block_1_6' title="bbox 434 759 2043 839">
    <p class='ocr_par' dir='ltr' id='par_1_6' title="bbox 434 766 2043 838">
     <span class='ocr_line' id='line_1_6' title="bbox 434 766 2043 838; baseline 0 -16"><span class='ocrx_word' id='word_1_41' title='bbox 434 783 691 838; x_wconf 87' lang='lat' dir='ltr'><strong>namque</strong></span> <span class='ocrx_word' id='word_1_42' title='bbox 722 766 910 822; x_wconf 72' lang='lat' dir='ltr'><strong>idiota:</strong></span> <span class='ocrx_word' id='word_1_43' title='bbox 944 782 1110 821; x_wconf 90' lang='lat' dir='ltr'><strong>mens</strong></span> <span class='ocrx_word' id='word_1_44' title='bbox 1137 768 1299 821; x_wconf 90' lang='lat' dir='ltr'><strong>tanta</strong></span> <span class='ocrx_word' id='word_1_45' title='bbox 1321 771 1377 821; x_wconf 93' lang='lat' dir='ltr'><strong>et</strong></span> <span class='ocrx_word' id='word_1_46' title='bbox 1403 771 1521 822; x_wconf 88' lang='lat' dir='ltr'><strong>tam</strong></span> <span class='ocrx_word' id='word_1_47' title='bbox 1544 766 1758 823; x_wconf 84' lang='lat' dir='ltr'><strong>eximia</strong></span> <span class='ocrx_word' id='word_1_48' title='bbox 1789 768 2043 836; x_wconf 77' lang='lat' dir='ltr'><strong>esset,nii</strong></span> 
     </span>
    </p>
   </div>
   <div class='ocr_carea' id='block_1_7' title="bbox 2243 759 3852 839">
    <p class='ocr_par' dir='ltr' id='par_1_7' title="bbox 2243 759 3852 838">
     <span class='ocr_line' id='line_1_7' title="bbox 2243 759 3852 838; baseline -0.001 -20"><span class='ocrx_word' id='word_1_49' title='bbox 2243 786 2311 832; x_wconf 76' lang='lat' dir='ltr'><strong>iV,</strong></span> <span class='ocrx_word' id='word_1_50' title='bbox 2342 762 2565 835; x_wconf 82' lang='grc' dir='ltr'>ἀληθῶς</span> <span class='ocrx_word' id='word_1_51' title='bbox 2597 764 2731 818; x_wconf 75' lang='grc' dir='ltr'>εἶναι</span> <span class='ocrx_word' id='word_1_52' title='bbox 2763 767 2952 818; x_wconf 86' lang='grc' dir='ltr'>τοῦτον</span> <span class='ocrx_word' id='word_1_53' title='bbox 2988 759 3183 817; x_wconf 83' lang='grc' dir='ltr'>δοῦλον</span> <span class='ocrx_word' id='word_1_54' title='bbox 3214 765 3310 816; x_wconf 91' lang='grc' dir='ltr'><strong>τοῦ</strong></span> <span class='ocrx_word' id='word_1_55' title='bbox 3340 766 3477 817; x_wconf 83' lang='grc' dir='ltr'><strong>Θεοῦ</strong></span> <span class='ocrx_word' id='word_1_56' title='bbox 3511 782 3524 796; x_wconf 77' lang='grc' dir='ltr'><strong>ο</strong></span> <span class='ocrx_word' id='word_1_57' title='bbox 3553 761 3713 818; x_wconf 83' lang='grc' dir='ltr'>πόθεν</span> <span class='ocrx_word' id='word_1_58' title='bbox 3745 763 3852 838; x_wconf 74' lang='grc' dir='ltr'><strong>γὰρ</strong></span> 
     </span>
    </p>
   </div>
   <div class='ocr_carea' id='block_1_8' title="bbox 434 849 2043 929">
    <p class='ocr_par' dir='ltr' id='par_1_8' title="bbox 434 854 960 926">
     <span class='ocr_line' id='line_1_8' title="bbox 434 854 960 926; baseline -0.002 -16"><span class='ocrx_word' id='word_1_59' title='bbox 434 872 468 910; x_wconf 89' lang='lat' dir='ltr'><strong>a</strong></span> <span class='ocrx_word' id='word_1_60' title='bbox 495 855 613 910; x_wconf 92' lang='lat' dir='ltr'><strong>Deo</strong></span> <span class='ocrx_word' id='word_1_61' title='bbox 644 854 960 926; x_wconf 82' lang='lat' dir='ltr'><strong>diligitur?</strong></span> 
     </span>
    </p>
   </div>
   <div class='ocr_carea' id='block_1_9' title="bbox 2247 849 3856 929">
    <p class='ocr_par' dir='ltr' id='par_1_9' title="bbox 2247 850 3856 929">
     <span class='ocr_line' id='line_1_9' title="bbox 2247 850 3856 929; baseline 0 -22"><span class='ocrx_word' id='word_1_62' title='bbox 2247 853 2390 927; x_wconf 70' lang='grc' dir='ltr'>ῑιώτῃ</span> <span class='ocrx_word' id='word_1_63' title='bbox 2436 856 2683 914; x_wconf 89' lang='grc' dir='ltr'>τοιοῦτος</span> <span class='ocrx_word' id='word_1_64' title='bbox 2728 851 2820 906; x_wconf 82' lang='grc' dir='ltr'><strong>καὶ</strong></span> <span class='ocrx_word' id='word_1_65' title='bbox 2870 855 3127 913; x_wconf 89' lang='grc' dir='ltr'>τοσοῦτος</span> <span class='ocrx_word' id='word_1_66' title='bbox 3155 854 3298 923; x_wconf 89' lang='grc' dir='ltr'>νοῦς,</span> <span class='ocrx_word' id='word_1_67' title='bbox 3331 850 3375 905; x_wconf 82' lang='grc' dir='ltr'>εἶ</span> <span class='ocrx_word' id='word_1_68' title='bbox 3411 853 3487 923; x_wconf 86' lang='grc' dir='ltr'><strong>μή</strong></span> <span class='ocrx_word' id='word_1_69' title='bbox 3522 850 3587 921; x_wconf 72' lang='grc' dir='ltr'>ἦν</span> <span class='ocrx_word' id='word_1_70' title='bbox 3618 851 3856 929; x_wconf 80' lang='grc' dir='ltr'>ἀγαπώ-</span> 
     </span>
    </p>
   </div>
   <div class='ocr_carea' id='block_1_10' title="bbox 2200 942 2824 1015">
    <p class='ocr_par' dir='ltr' id='par_1_10' title="bbox 2200 942 2824 1015">
     <span class='ocr_line' id='line_1_10' title="bbox 2200 942 2824 1015; baseline 0 -20"><span class='ocrx_word' id='word_1_71' title='bbox 2200 963 2350 1015; x_wconf 80' lang='grc' dir='ltr'>μενοι</span> <span class='ocrx_word' id='word_1_72' title='bbox 2389 942 2491 997; x_wconf 84' lang='grc' dir='ltr'><strong>ὑπὸ</strong></span> <span class='ocrx_word' id='word_1_73' title='bbox 2508 945 2610 997; x_wconf 89' lang='grc' dir='ltr'><strong>τοῦ</strong></span> <span class='ocrx_word' id='word_1_74' title='bbox 2641 945 2776 995; x_wconf 88' lang='grc' dir='ltr'>Θεοῦ</span> <span class='ocrx_word' id='word_1_75' title='bbox 2810 959 2824 1010; x_wconf 88' lang='grc'>;</span> 
     </span>
    </p>
   </div>
   <div class='ocr_carea' id='block_1_11' title="bbox 507 1026 2116 1106">
    <p class='ocr_par' dir='ltr' id='par_1_11' title="bbox 507 1032 2092 1104">
     <span class='ocr_line' id='line_1_11' title="bbox 507 1032 2092 1104; baseline 0.001 -18"><span class='ocrx_word' id='word_1_76' title='bbox 507 1034 597 1087; x_wconf 89' lang='lat'><strong>86.</strong></span> <span class='ocrx_word' id='word_1_77' title='bbox 633 1032 883 1098; x_wconf 86' lang='lat' dir='ltr'><strong>Quidam</strong></span> <span class='ocrx_word' id='word_1_78' title='bbox 913 1032 1049 1088; x_wconf 86' lang='lat' dir='ltr'><strong>item</strong></span> <span class='ocrx_word' id='word_1_79' title='bbox 1082 1033 1218 1104; x_wconf 88' lang='lat' dir='ltr'><strong>dux,</strong></span> <span class='ocrx_word' id='word_1_80' title='bbox 1270 1033 1538 1091; x_wconf 89' lang='lat' dir='ltr'><strong>Balacius</strong></span> <span class='ocrx_word' id='word_1_81' title='bbox 1584 1034 1847 1102; x_wconf 85' lang='lat' dir='ltr'><strong>nomine,</strong></span> <span class='ocrx_word' id='word_1_82' title='bbox 1877 1033 2092 1089; x_wconf 82' lang='lat' dir='ltr'><strong>acriter</strong></span> 
     </span>
    </p>
   </div>
   <div class='ocr_carea' id='block_1_12' title="bbox 2243 1026 3852 1106">
    <p class='ocr_par' dir='ltr' id='par_1_12' title="bbox 2266 1026 3852 1106">
     <span class='ocr_line' id='line_1_12' title="bbox 2266 1026 3852 1106; baseline -0.001 -18"><span class='ocrx_word' id='word_1_83' title='bbox 2266 1034 2356 1088; x_wconf 86' lang='lat'><strong>86.</strong></span> <span class='ocrx_word' id='word_1_84' title='bbox 2390 1033 2485 1093; x_wconf 82' lang='grc' dir='ltr'><strong>Εἷς</strong></span> <span class='ocrx_word' id='word_1_85' title='bbox 2520 1028 2577 1085; x_wconf 67' lang='grc' dir='ltr'>δὲ</span> <span class='ocrx_word' id='word_1_86' title='bbox 2622 1051 2704 1093; x_wconf 88' lang='grc' dir='ltr'><strong>τις</strong></span> <span class='ocrx_word' id='word_1_87' title='bbox 2756 1027 3159 1106; x_wconf 80' lang='grc' dir='ltr'>στρατηλάτης,</span> <span class='ocrx_word' id='word_1_88' title='bbox 3204 1028 3471 1092; x_wconf 83' lang='grc' dir='ltr'>Βαλάκιος</span> <span class='ocrx_word' id='word_1_89' title='bbox 3522 1026 3579 1084; x_wconf 68' lang='grc' dir='ltr'>δὲ</span> <span class='ocrx_word' id='word_1_90' title='bbox 3624 1029 3690 1099; x_wconf 76' lang='grc' dir='ltr'><strong>ἧν</strong></span> <span class='ocrx_word' id='word_1_91' title='bbox 3725 1026 3852 1086; x_wconf 80' lang='grc' dir='ltr'>ὄνο-</span> 
     </span>
    </p>
   </div>
   <div class='ocr_carea' id='block_1_13' title="bbox 439 1115 2048 1195">
    <p class='ocr_par' dir='ltr' id='par_1_13' title="bbox 439 1121 2048 1195">
     <span class='ocr_line' id='line_1_13' title="bbox 439 1121 2048 1195; baseline -0.001 -17"><span class='ocrx_word' id='word_1_92' title='bbox 439 1138 546 1178; x_wconf 89' lang='lat' dir='ltr'><strong>nos</strong></span> <span class='ocrx_word' id='word_1_93' title='bbox 567 1121 929 1178; x_wconf 89' lang='lat' dir='ltr'><strong>Christianos</strong></span> <span class='ocrx_word' id='word_1_94' title='bbox 957 1124 1517 1194; x_wconf 90' lang='lat' dir='ltr'><strong>persequebatur,ob</strong></span> <span class='ocrx_word' id='word_1_95' title='bbox 1536 1123 1799 1179; x_wconf 86' lang='lat' dir='ltr'><strong>studium</strong></span> <span class='ocrx_word' id='word_1_96' title='bbox 1831 1139 1969 1195; x_wconf 86' lang='lat' dir='ltr'><strong>erga</strong></span> <span class='ocrx_word' id='word_1_97' title='bbox 1989 1138 2048 1177; x_wconf 71' lang='lat' dir='ltr'><strong>ne</strong></span> 
     </span>
    </p>
   </div>
   <div class='ocr_carea' id='block_1_14' title="bbox 2246 1115 3855 1195">
    <p class='ocr_par' dir='ltr' id='par_1_14' title="bbox 2246 1115 3855 1195">
     <span class='ocr_line' id='line_1_14' title="bbox 2246 1115 3855 1195; baseline 0.001 -21"><span class='ocrx_word' id='word_1_98' title='bbox 2246 1141 2274 1174; x_wconf 91' lang='grc' dir='ltr'><strong>α</strong></span> <span class='ocrx_word' id='word_1_99' title='bbox 2302 1119 2468 1191; x_wconf 79' lang='grc' dir='ltr'>αὐτῷ,</span> <span class='ocrx_word' id='word_1_100' title='bbox 2500 1124 2709 1195; x_wconf 81' lang='grc' dir='ltr'>πικρῶς</span> <span class='ocrx_word' id='word_1_101' title='bbox 2755 1115 2977 1174; x_wconf 76' lang='grc' dir='ltr'>ἐδίωκεν</span> <span class='ocrx_word' id='word_1_102' title='bbox 3029 1120 3175 1192; x_wconf 78' lang='grc' dir='ltr'>ἡμᾶς</span> <span class='ocrx_word' id='word_1_103' title='bbox 3221 1117 3350 1182; x_wconf 79' lang='grc' dir='ltr'>τοὺς</span> <span class='ocrx_word' id='word_1_104' title='bbox 3378 1119 3733 1188; x_wconf 82' lang='grc' dir='ltr'>Χριστιανοὺς</span> <span class='ocrx_word' id='word_1_105' title='bbox 3760 1117 3855 1175; x_wconf 74' lang='grc' dir='ltr'><strong>διὰ</strong></span> 
     </span>
    </p>
   </div>
   <div class='ocr_carea' id='block_1_15' title="bbox 436 1205 2045 1282">
    <p class='ocr_par' dir='ltr' id='par_1_15' title="bbox 436 1210 2045 1279">
     <span class='ocr_line' id='line_1_15' title="bbox 436 1210 2045 1279; baseline -0.001 -13"><span class='ocrx_word' id='word_1_106' title='bbox 436 1211 615 1267; x_wconf 85' lang='lat' dir='ltr'><strong>farios</strong></span> <span class='ocrx_word' id='word_1_107' title='bbox 652 1211 910 1268; x_wconf 72' lang='lat' dir='ltr'><strong>Arianos.</strong></span> <span class='ocrx_word' id='word_1_108' title='bbox 945 1212 997 1266; x_wconf 89' lang='lat' dir='ltr'><strong>Is</strong></span> <span class='ocrx_word' id='word_1_109' title='bbox 1028 1227 1160 1266; x_wconf 90' lang='lat' dir='ltr'><strong>cum</strong></span> <span class='ocrx_word' id='word_1_110' title='bbox 1193 1212 1445 1268; x_wconf 78' lang='lat' dir='ltr'><strong>crudelis</strong></span> <span class='ocrx_word' id='word_1_111' title='bbox 1477 1212 1619 1268; x_wconf 88' lang='lat' dir='ltr'><strong>adeo</strong></span> <span class='ocrx_word' id='word_1_112' title='bbox 1659 1216 1837 1279; x_wconf 81' lang='lat' dir='ltr'><strong>esset,</strong></span> <span class='ocrx_word' id='word_1_113' title='bbox 1875 1217 1938 1266; x_wconf 90' lang='lat' dir='ltr'><strong>ut</strong></span> <span class='ocrx_word' id='word_1_114' title='bbox 1970 1210 2045 1265; x_wconf 78' lang='lat' dir='ltr'><strong>vii</strong></span> 
     </span>
    </p>
   </div>
   <div class='ocr_carea' id='block_1_16' title="bbox 2243 1205 3852 1282">
    <p class='ocr_par' dir='ltr' id='par_1_16' title="bbox 2243 1205 3852 1282">
     <span class='ocr_line' id='line_1_16' title="bbox 2243 1205 3852 1282; baseline 0.001 -20"><span class='ocrx_word' id='word_1_115' title='bbox 2243 1211 2294 1278; x_wconf 63' lang='grc' dir='ltr'>ἦν</span> <span class='ocrx_word' id='word_1_116' title='bbox 2342 1209 2474 1282; x_wconf 74' lang='grc' dir='ltr'>ὑπὲρ</span> <span class='ocrx_word' id='word_1_117' title='bbox 2530 1208 2637 1263; x_wconf 88' lang='grc' dir='ltr'>τὼν</span> <span class='ocrx_word' id='word_1_118' title='bbox 2693 1205 3023 1281; x_wconf 82' lang='grc' dir='ltr'>δυσωνύμων</span> <span class='ocrx_word' id='word_1_119' title='bbox 3078 1208 3365 1282; x_wconf 82' lang='grc' dir='ltr'>Ἀρειανῶν</span> <span class='ocrx_word' id='word_1_120' title='bbox 3424 1205 3686 1278; x_wconf 88' lang='grc' dir='ltr'>σπουδήν.</span> <span class='ocrx_word' id='word_1_121' title='bbox 3750 1209 3852 1264; x_wconf 77' lang='grc' dir='ltr'>Καὶ</span> 
     </span>
    </p>
   </div>
   <div class='ocr_carea' id='block_1_17' title="bbox 436 1294 2045 1372">
    <p class='ocr_par' dir='ltr' id='par_1_17' title="bbox 436 1300 2045 1372">
     <span class='ocr_line' id='line_1_17' title="bbox 436 1300 2045 1372; baseline -0.001 -16"><span class='ocrx_word' id='word_1_122' title='bbox 436 1301 599 1372; x_wconf 82' lang='lat' dir='ltr'><strong>gines</strong></span> <span class='ocrx_word' id='word_1_123' title='bbox 630 1300 977 1371; x_wconf 84' lang='lat' dir='ltr'><strong>verberaret,</strong></span> <span class='ocrx_word' id='word_1_124' title='bbox 1022 1302 1345 1356; x_wconf 88' lang='lat' dir='ltr'><strong>monachos</strong></span> <span class='ocrx_word' id='word_1_125' title='bbox 1397 1302 1635 1357; x_wconf 90' lang='lat' dir='ltr'><strong>rudaret</strong></span> <span class='ocrx_word' id='word_1_126' title='bbox 1683 1307 1858 1372; x_wconf 89' lang='lat' dir='ltr'><strong>atque</strong></span> <span class='ocrx_word' id='word_1_127' title='bbox 1888 1300 2045 1372; x_wconf 85' lang='lat' dir='ltr'><strong>ﬂagri</strong></span> 
     </span>
    </p>
   </div>
   <div class='ocr_carea' id='block_1_18' title="bbox 2241 1294 3850 1372">
    <p class='ocr_par' dir='ltr' id='par_1_18' title="bbox 2241 1294 3850 1370">
     <span class='ocr_line' id='line_1_18' title="bbox 2241 1294 3850 1370; baseline -0.001 -18"><span class='ocrx_word' id='word_1_128' title='bbox 2241 1294 2388 1366; x_wconf 81' lang='grc' dir='ltr'>τοιδὴ</span> <span class='ocrx_word' id='word_1_129' title='bbox 2417 1302 2674 1352; x_wconf 91' lang='grc' dir='ltr'>τοσοῦτον</span> <span class='ocrx_word' id='word_1_130' title='bbox 2719 1297 2786 1366; x_wconf 80' lang='grc' dir='ltr'>ἦν</span> <span class='ocrx_word' id='word_1_131' title='bbox 2839 1296 3013 1369; x_wconf 81' lang='grc' dir='ltr'>ὠμὸς,</span> <span class='ocrx_word' id='word_1_132' title='bbox 3055 1296 3131 1358; x_wconf 85' lang='grc' dir='ltr'>ὡς</span> <span class='ocrx_word' id='word_1_133' title='bbox 3162 1295 3251 1350; x_wconf 84' lang='grc' dir='ltr'><strong>καὶ</strong></span> <span class='ocrx_word' id='word_1_134' title='bbox 3280 1296 3578 1370; x_wconf 65' lang='grc' dir='ltr'>παρθένους</span> <span class='ocrx_word' id='word_1_135' title='bbox 3605 1296 3850 1368; x_wconf 78' lang='grc' dir='ltr'><strong>τύπτειν,</strong></span> 
     </span>
    </p>
   </div>
   <div class='ocr_carea' id='block_1_19' title="bbox 436 1384 2045 1460">
    <p class='ocr_par' dir='ltr' id='par_1_19' title="bbox 436 1389 2045 1460">
     <span class='ocr_line' id='line_1_19' title="bbox 436 1389 2045 1460; baseline -0.001 -15"><span class='ocrx_word' id='word_1_136' title='bbox 436 1390 719 1457; x_wconf 75' lang='lat' dir='ltr'><strong>caederet;</strong></span> <span class='ocrx_word' id='word_1_137' title='bbox 755 1389 933 1444; x_wconf 91' lang='lat' dir='ltr'><strong>mittit</strong></span> <span class='ocrx_word' id='word_1_138' title='bbox 959 1390 1030 1444; x_wconf 91' lang='lat' dir='ltr'><strong>ad</strong></span> <span class='ocrx_word' id='word_1_139' title='bbox 1062 1389 1228 1445; x_wconf 91' lang='lat' dir='ltr'><strong>illum</strong></span> <span class='ocrx_word' id='word_1_140' title='bbox 1272 1391 1561 1446; x_wconf 82' lang='lat' dir='ltr'><strong>Antonius</strong></span> <span class='ocrx_word' id='word_1_141' title='bbox 1590 1390 1873 1460; x_wconf 87' lang='lat' dir='ltr'><strong>scriptam</strong></span> <span class='ocrx_word' id='word_1_142' title='bbox 1908 1390 2045 1460; x_wconf 90' lang='lat' dir='ltr'><strong>huju</strong></span> 
     </span>
    </p>
   </div>
   <div class='ocr_carea' id='block_1_20' title="bbox 2244 1384 3853 1460">
    <p class='ocr_par' dir='ltr' id='par_1_20' title="bbox 2244 1384 3853 1460">
     <span class='ocr_line' id='line_1_20' title="bbox 2244 1384 3853 1460; baseline 0.001 -19"><span class='ocrx_word' id='word_1_143' title='bbox 2244 1387 2284 1441; x_wconf 83' lang='grc' dir='ltr'><strong>ιὶ</strong></span> <span class='ocrx_word' id='word_1_144' title='bbox 2346 1386 2680 1459; x_wconf 86' lang='grc' dir='ltr'>μονάζοντας</span> <span class='ocrx_word' id='word_1_145' title='bbox 2726 1389 2963 1460; x_wconf 78' lang='grc' dir='ltr'>γυμνοῦν</span> <span class='ocrx_word' id='word_1_146' title='bbox 3014 1384 3102 1440; x_wconf 84' lang='grc' dir='ltr'><strong>καὶ</strong></span> <span class='ocrx_word' id='word_1_147' title='bbox 3151 1384 3423 1457; x_wconf 78' lang='grc' dir='ltr'>μαστίζειν</span> <span class='ocrx_word' id='word_1_148' title='bbox 3457 1402 3473 1420; x_wconf 88' lang='grc'><strong>·</strong></span> <span class='ocrx_word' id='word_1_149' title='bbox 3523 1385 3853 1442; x_wconf 72' lang='grc' dir='ltr'>ἀποστέλλει</span> 
     </span>
    </p>
   </div>
   <div class='ocr_carea' id='block_1_21' title="bbox 436 1467 2045 1551">
    <p class='ocr_par' dir='ltr' id='par_1_21' title="bbox 436 1476 2044 1548">
     <span class='ocr_line' id='line_1_21' title="bbox 436 1476 2044 1548; baseline -0.001 -15"><span class='ocrx_word' id='word_1_150' title='bbox 436 1479 743 1534; x_wconf 66' lang='lat' dir='ltr'><strong>sententias</strong></span> <span class='ocrx_word' id='word_1_151' title='bbox 787 1476 1135 1548; x_wconf 90' lang='lat' dir='ltr'><strong>epistolam:</strong></span> <span class='ocrx_word' id='word_1_152' title='bbox 1170 1478 1347 1535; x_wconf 87' lang='lat' dir='ltr'><strong>Video</strong></span> <span class='ocrx_word' id='word_1_153' title='bbox 1401 1479 1547 1534; x_wconf 91' lang='lat' dir='ltr'><strong>iram</strong></span> <span class='ocrx_word' id='word_1_154' title='bbox 1600 1478 1910 1534; x_wconf 89' lang='lat' dir='ltr'><strong>imminere</strong></span> <span class='ocrx_word' id='word_1_155' title='bbox 1940 1477 2044 1533; x_wconf 86' lang='lat' dir='ltr'><strong>tibi</strong></span> 
     </span>
    </p>
   </div>
   <div class='ocr_carea' id='block_1_22' title="bbox 2245 1467 3854 1551">
    <p class='ocr_par' dir='ltr' id='par_1_22' title="bbox 2245 1467 3854 1551">
     <span class='ocr_line' id='line_1_22' title="bbox 2245 1467 3854 1551; baseline 0.001 -22"><span class='ocrx_word' id='word_1_156' title='bbox 2245 1475 2331 1550; x_wconf 73' lang='grc' dir='ltr'>ρὸς</span> <span class='ocrx_word' id='word_1_157' title='bbox 2361 1473 2519 1529; x_wconf 81' lang='grc' dir='ltr'>αὐτὸν</span> <span class='ocrx_word' id='word_1_158' title='bbox 2569 1475 2598 1529; x_wconf 97' lang='lat'><strong>6</strong></span> <span class='ocrx_word' id='word_1_159' title='bbox 2655 1474 2967 1545; x_wconf 85' lang='grc' dir='ltr'>Ἀντώνιος,</span> <span class='ocrx_word' id='word_1_160' title='bbox 3024 1473 3112 1528; x_wconf 87' lang='grc' dir='ltr'><strong>καὶ</strong></span> <span class='ocrx_word' id='word_1_161' title='bbox 3160 1472 3354 1551; x_wconf 79' lang='grc' dir='ltr'>γράφει</span> <span class='ocrx_word' id='word_1_162' title='bbox 3401 1478 3646 1529; x_wconf 89' lang='grc' dir='ltr'>τοιοῦτον</span> <span class='ocrx_word' id='word_1_163' title='bbox 3681 1467 3854 1550; x_wconf 82' lang='grc' dir='ltr'>ἔχου-</span> 
     </span>
    </p>
   </div>
   <div class='ocr_carea' id='block_1_23' title="bbox 435 1560 2044 1640">
    <p class='ocr_par' dir='ltr' id='par_1_23' title="bbox 435 1565 2044 1640">
     <span class='ocr_line' id='line_1_23' title="bbox 435 1565 2044 1640; baseline 0 -19"><span class='ocrx_word' id='word_1_164' title='bbox 435 1567 637 1622; x_wconf 86' lang='lat' dir='ltr'><strong>desine</strong></span> <span class='ocrx_word' id='word_1_165' title='bbox 668 1567 863 1638; x_wconf 88' lang='lat' dir='ltr'><strong>itaque</strong></span> <span class='ocrx_word' id='word_1_166' title='bbox 894 1566 1246 1623; x_wconf 81' lang='lat' dir='ltr'><strong>christianos</strong></span> <span class='ocrx_word' id='word_1_167' title='bbox 1277 1567 1571 1640; x_wconf 84' lang='lat' dir='ltr'><strong>persequi,</strong></span> <span class='ocrx_word' id='word_1_168' title='bbox 1607 1583 1678 1623; x_wconf 94' lang='lat' dir='ltr'><strong>ne</strong></span> <span class='ocrx_word' id='word_1_169' title='bbox 1728 1572 1784 1622; x_wconf 83' lang='lat' dir='ltr'><strong>te</strong></span> <span class='ocrx_word' id='word_1_170' title='bbox 1828 1568 1974 1623; x_wconf 80' lang='lat' dir='ltr'><strong>forte</strong></span> <span class='ocrx_word' id='word_1_171' title='bbox 2001 1565 2044 1621; x_wconf 84' lang='lat' dir='ltr'><strong>ir</strong></span> 
     </span>
    </p>
   </div>
   <div class='ocr_carea' id='block_1_24' title="bbox 2243 1560 3852 1640">
    <p class='ocr_par' dir='ltr' id='par_1_24' title="bbox 2243 1560 3852 1639">
     <span class='ocr_line' id='line_1_24' title="bbox 2243 1560 3852 1639; baseline 0 -21"><span class='ocrx_word' id='word_1_172' title='bbox 2243 1585 2287 1618; x_wconf 92' lang='grc' dir='ltr'><strong>ιν</strong></span> <span class='ocrx_word' id='word_1_173' title='bbox 2333 1568 2459 1618; x_wconf 89' lang='grc' dir='ltr'>νοῦν</span> <span class='ocrx_word' id='word_1_174' title='bbox 2509 1562 2802 1633; x_wconf 70' lang='grc' dir='ltr'>ἐπιστολήν</span> <span class='ocrx_word' id='word_1_175' title='bbox 2840 1570 2854 1595; x_wconf 89' lang='lat'><strong><em>‘</em></strong></span> <span class='ocrx_word' id='word_1_176' title='bbox 2901 1564 3048 1638; x_wconf 84' lang='grc' dir='ltr'>Ὀρῶ</span> <span class='ocrx_word' id='word_1_177' title='bbox 3095 1562 3261 1637; x_wconf 76' lang='grc' dir='ltr'>ὀργὴν</span> <span class='ocrx_word' id='word_1_178' title='bbox 3314 1560 3694 1639; x_wconf 67' lang='grc' dir='ltr'>ἐπερχομένην</span> <span class='ocrx_word' id='word_1_179' title='bbox 3761 1562 3852 1618; x_wconf 69' lang='grc' dir='ltr'>ἐπὶ</span> 
     </span>
    </p>
   </div>
   <div class='ocr_carea' id='block_1_25' title="bbox 435 1649 2044 1728">
    <p class='ocr_par' dir='ltr' id='par_1_25' title="bbox 435 1656 2044 1728">
     <span class='ocr_line' id='line_1_25' title="bbox 435 1656 2044 1728; baseline 0 -17"><span class='ocrx_word' id='word_1_180' title='bbox 435 1657 537 1712; x_wconf 92' lang='lat' dir='ltr'><strong>Dei</strong></span> <span class='ocrx_word' id='word_1_181' title='bbox 567 1656 1003 1728; x_wconf 84' lang='lat' dir='ltr'><strong>apprehendat:</strong></span> <span class='ocrx_word' id='word_1_182' title='bbox 1047 1656 1298 1727; x_wconf 89' lang='lat' dir='ltr'><strong>jamjam</strong></span> <span class='ocrx_word' id='word_1_183' title='bbox 1347 1656 1502 1711; x_wconf 89' lang='lat' dir='ltr'><strong>enim</strong></span> <span class='ocrx_word' id='word_1_184' title='bbox 1554 1661 1609 1711; x_wconf 92' lang='lat' dir='ltr'><strong>te</strong></span> <span class='ocrx_word' id='word_1_185' title='bbox 1657 1658 1932 1712; x_wconf 82' lang='lat' dir='ltr'><strong>invasura</strong></span> <span class='ocrx_word' id='word_1_186' title='bbox 1975 1672 2044 1711; x_wconf 65' lang='lat' dir='ltr'><strong>es‘</strong></span> 
     </span>
    </p>
   </div>
   <div class='ocr_carea' id='block_1_26' title="bbox 2240 1649 3849 1728">
    <p class='ocr_par' dir='ltr' id='par_1_26' title="bbox 2240 1649 3849 1726">
     <span class='ocr_line' id='line_1_26' title="bbox 2240 1649 3849 1726; baseline -0.001 -18"><span class='ocrx_word' id='word_1_187' title='bbox 2312 1656 2511 1707; x_wconf 87' lang='grc' dir='ltr'>παῦσαι</span> <span class='ocrx_word' id='word_1_188' title='bbox 2570 1650 2663 1707; x_wconf 82' lang='grc' dir='ltr'><strong>οῦν</strong></span> <span class='ocrx_word' id='word_1_189' title='bbox 2702 1649 2917 1707; x_wconf 78' lang='grc' dir='ltr'>διώκων</span> <span class='ocrx_word' id='word_1_190' title='bbox 2969 1649 3343 1726; x_wconf 79' lang='grc' dir='ltr'>Χριστιανοὺς,</span> <span class='ocrx_word' id='word_1_191' title='bbox 3394 1653 3470 1724; x_wconf 87' lang='grc' dir='ltr'><strong>μή</strong></span> <span class='ocrx_word' id='word_1_192' title='bbox 3530 1652 3663 1707; x_wconf 70' lang='grc' dir='ltr'>ποτέ</span> <span class='ocrx_word' id='word_1_193' title='bbox 3720 1672 3779 1707; x_wconf 86' lang='grc' dir='ltr'><strong>σε</strong></span> <span class='ocrx_word' id='word_1_194' title='bbox 3813 1656 3849 1722; x_wconf 74' lang='grc' dir='ltr'>ἡ</span> 
     </span>
    </p>
   </div>
   <div class='ocr_carea' id='block_1_27' title="bbox 437 1735 2046 1817">
    <p class='ocr_par' dir='ltr' id='par_1_27' title="bbox 437 1743 2046 1817">
     <span class='ocr_line' id='line_1_27' title="bbox 437 1743 2046 1817; baseline -0.002 -15"><span class='ocrx_word' id='word_1_195' title='bbox 437 1746 588 1802; x_wconf 85' lang='lat' dir='ltr'><strong>Risit</strong></span> <span class='ocrx_word' id='word_1_196' title='bbox 616 1743 906 1811; x_wconf 84' lang='lat' dir='ltr'><strong>Balacius,</strong></span> <span class='ocrx_word' id='word_1_197' title='bbox 937 1745 997 1799; x_wconf 90' lang='lat' dir='ltr'><strong>in</strong></span> <span class='ocrx_word' id='word_1_198' title='bbox 1028 1744 1335 1815; x_wconf 83' lang='lat' dir='ltr'><strong>epistolam</strong></span> <span class='ocrx_word' id='word_1_199' title='bbox 1388 1745 1551 1800; x_wconf 87' lang='lat' dir='ltr'><strong>humi</strong></span> <span class='ocrx_word' id='word_1_200' title='bbox 1594 1746 1912 1817; x_wconf 89' lang='lat' dir='ltr'><strong>projectam</strong></span> <span class='ocrx_word' id='word_1_201' title='bbox 1944 1761 2046 1800; x_wconf 92' lang='lat' dir='ltr'><strong>con</strong></span> 
     </span>
    </p>
   </div>
   <div class='ocr_carea' id='block_1_28' title="bbox 2239 1735 3848 1817">
    <p class='ocr_par' dir='ltr' id='par_1_28' title="bbox 2239 1735 3848 1817">
     <span class='ocr_line' id='line_1_28' title="bbox 2239 1735 3848 1817; baseline 0.001 -20"><span class='ocrx_word' id='word_1_202' title='bbox 2239 1750 2332 1817; x_wconf 79' lang='grc' dir='ltr'><strong>&gt;γή</strong></span> <span class='ocrx_word' id='word_1_203' title='bbox 2383 1735 2666 1815; x_wconf 78' lang='grc' dir='ltr'>καταλάϐᾗ</span> <span class='ocrx_word' id='word_1_204' title='bbox 2703 1761 2715 1773; x_wconf 91' lang='grc'>·</span> <span class='ocrx_word' id='word_1_205' title='bbox 2766 1740 2960 1814; x_wconf 81' lang='grc' dir='ltr'>μέλΑει</span> <span class='ocrx_word' id='word_1_206' title='bbox 3006 1740 3107 1816; x_wconf 78' lang='grc' dir='ltr'><strong>γὰρ</strong></span> <span class='ocrx_word' id='word_1_207' title='bbox 3152 1737 3260 1810; x_wconf 78' lang='grc' dir='ltr'>ἤδη</span> <span class='ocrx_word' id='word_1_208' title='bbox 3315 1739 3402 1795; x_wconf 81' lang='grc' dir='ltr'>ἐπὶ</span> <span class='ocrx_word' id='word_1_209' title='bbox 3456 1738 3514 1796; x_wconf 73' lang='grc' dir='ltr'>δέ</span> <span class='ocrx_word' id='word_1_210' title='bbox 3569 1738 3848 1817; x_wconf 83' lang='grc' dir='ltr'>ἔρχεσθαι.</span> 
     </span>
    </p>
   </div>
   <div class='ocr_carea' id='block_1_29' title="bbox 436 1827 2045 1906">
    <p class='ocr_par' dir='ltr' id='par_1_29' title="bbox 436 1832 2045 1906">
     <span class='ocr_line' id='line_1_29' title="bbox 436 1832 2045 1906; baseline -0.002 -16"><span class='ocrx_word' id='word_1_211' title='bbox 436 1834 617 1906; x_wconf 88' lang='lat' dir='ltr'><strong>spuit,</strong></span> <span class='ocrx_word' id='word_1_212' title='bbox 648 1832 1087 1905; x_wconf 88' lang='lat' dir='ltr'><strong>tabellariisque</strong></span> <span class='ocrx_word' id='word_1_213' title='bbox 1116 1832 1333 1903; x_wconf 87' lang='lat' dir='ltr'><strong>injuria</strong></span> <span class='ocrx_word' id='word_1_214' title='bbox 1371 1834 1595 1890; x_wconf 78' lang='lat' dir='ltr'><strong>affectis</strong></span> <span class='ocrx_word' id='word_1_215' title='bbox 1635 1833 1838 1905; x_wconf 89' lang='lat' dir='ltr'><strong>jussit,</strong></span> <span class='ocrx_word' id='word_1_216' title='bbox 1871 1839 1936 1888; x_wconf 91' lang='lat' dir='ltr'><strong>ut</strong></span> <span class='ocrx_word' id='word_1_217' title='bbox 1965 1833 2045 1888; x_wconf 67' lang='lat' dir='ltr'><strong>his</strong></span> 
     </span>
    </p>
   </div>
   <div class='ocr_carea' id='block_1_30' title="bbox 2244 1827 3853 1906">
    <p class='ocr_par' dir='ltr' id='par_1_30' title="bbox 2244 1827 3853 1906">
     <span class='ocr_line' id='line_1_30' title="bbox 2244 1827 3853 1906; baseline 0.001 -22"><span class='ocrx_word' id='word_1_218' title='bbox 2244 1838 2253 1884; x_wconf 70' lang='grc' dir='ltr'><strong>ι</strong></span> <span class='ocrx_word' id='word_1_219' title='bbox 2293 1828 2349 1885; x_wconf 77' lang='grc' dir='ltr'>δὲ</span> <span class='ocrx_word' id='word_1_220' title='bbox 2388 1829 2686 1900; x_wconf 82' lang='grc' dir='ltr'>Βαλάκιος,</span> <span class='ocrx_word' id='word_1_221' title='bbox 2733 1828 2988 1905; x_wconf 79' lang='grc' dir='ltr'>γελάσας,</span> <span class='ocrx_word' id='word_1_222' title='bbox 3030 1830 3129 1898; x_wconf 86' lang='grc' dir='ltr'><strong>τήν</strong></span> <span class='ocrx_word' id='word_1_223' title='bbox 3170 1829 3266 1902; x_wconf 73' lang='grc' dir='ltr'>μὲν</span> <span class='ocrx_word' id='word_1_224' title='bbox 3319 1827 3614 1899; x_wconf 76' lang='grc' dir='ltr'>ἐπιστολὴν</span> <span class='ocrx_word' id='word_1_225' title='bbox 3658 1827 3853 1906; x_wconf 78' lang='grc' dir='ltr'>ἕῤῥϊψε</span> 
     </span>
    </p>
   </div>
   <div class='ocr_carea' id='block_1_31' title="bbox 433 1915 2042 2032">
    <p class='ocr_par' dir='ltr' id='par_1_31' title="bbox 433 1920 2042 2032">
     <span class='ocr_line' id='line_1_31' title="bbox 433 1920 2042 1986; baseline -0.001 -9"><span class='ocrx_word' id='word_1_226' title='bbox 433 1920 684 1977; x_wconf 88' lang='lat' dir='ltr'><strong>Antonio</strong></span> <span class='ocrx_word' id='word_1_227' title='bbox 712 1922 1151 1977; x_wconf 86' lang='lat' dir='ltr'><strong>renuntiarent:</strong></span> <span class='ocrx_word' id='word_1_228' title='bbox 1186 1922 1333 1986; x_wconf 89' lang='lat' dir='ltr'><strong>Quia</strong></span> <span class='ocrx_word' id='word_1_229' title='bbox 1364 1921 1784 1978; x_wconf 88' lang='lat' dir='ltr'><strong>monachorum</strong></span> <span class='ocrx_word' id='word_1_230' title='bbox 1816 1938 1957 1978; x_wconf 89' lang='lat' dir='ltr'><strong>cura</strong></span> <span class='ocrx_word' id='word_1_231' title='bbox 1979 1921 2042 1976; x_wconf 70' lang='grc' dir='ltr'><strong>ιιι</strong></span> 
     </span>
     <span class='ocr_line' id='line_1_32' title="bbox 439 2010 2042 2032; baseline 0 0"><span class='ocrx_word' id='word_1_232' title='bbox 439 2015 518 2032; x_wconf 70' lang='grc' dir='ltr'><strong>--Α</strong></span> <span class='ocrx_word' id='word_1_233' title='bbox 563 2015 614 2032; x_wconf 68' lang='grc' dir='ltr'><strong>Δ-</strong></span> <span class='ocrx_word' id='word_1_234' title='bbox 641 2011 753 2032; x_wconf 68' lang='grc'><strong>2-...</strong></span> <span class='ocrx_word' id='word_1_235' title='bbox 796 2010 1022 2032; x_wconf 50' lang='grc' dir='ltr'><strong>-.ιΑμε-..</strong></span> <span class='ocrx_word' id='word_1_236' title='bbox 1062 2011 1318 2032; x_wconf 34' lang='grc' dir='ltr'><strong>λγ--,ιμ-...</strong></span> <span class='ocrx_word' id='word_1_237' title='bbox 1352 2011 1559 2032; x_wconf 68' lang='lat' dir='ltr'><strong>_I____2_</strong></span> <span class='ocrx_word' id='word_1_238' title='bbox 1586 2012 1833 2032; x_wconf 66' lang='lat'><strong>___2____-</strong></span> <span class='ocrx_word' id='word_1_239' title='bbox 1864 2011 2042 2032; x_wconf 67' lang='lat' dir='ltr'><strong>j:_L--.</strong></span> 
     </span>
    </p>
   </div>
   <div class='ocr_carea' id='block_1_32' title="bbox 2241 1915 3850 2032">
    <p class='ocr_par' dir='ltr' id='par_1_32' title="bbox 2241 1915 3850 2032">
     <span class='ocr_line' id='line_1_33' title="bbox 2241 1915 3850 1994; baseline 0 -20"><span class='ocrx_word' id='word_1_240' title='bbox 2241 1918 2394 1993; x_wconf 82' lang='grc' dir='ltr'>αμαὶ,</span> <span class='ocrx_word' id='word_1_241' title='bbox 2427 1919 2632 1982; x_wconf 80' lang='grc' dir='ltr'>πτύσας</span> <span class='ocrx_word' id='word_1_242' title='bbox 2678 1919 2754 1981; x_wconf 81' lang='grc' dir='ltr'>εἷς</span> <span class='ocrx_word' id='word_1_243' title='bbox 2797 1918 2987 1988; x_wconf 73' lang='grc' dir='ltr'>αὐτὴν,</span> <span class='ocrx_word' id='word_1_244' title='bbox 3029 1918 3157 1981; x_wconf 79' lang='grc' dir='ltr'>τοὺς</span> <span class='ocrx_word' id='word_1_245' title='bbox 3190 1915 3248 1974; x_wconf 66' lang='grc' dir='ltr'>δὲ</span> <span class='ocrx_word' id='word_1_246' title='bbox 3277 1917 3607 1991; x_wconf 77' lang='grc' dir='ltr'>κομίσαντας</span> <span class='ocrx_word' id='word_1_247' title='bbox 3635 1917 3850 1994; x_wconf 75' lang='grc' dir='ltr'>ὕλρισε,</span> 
     </span>
     <span class='ocr_line' id='line_1_34' title="bbox 2246 2005 3842 2032; baseline 0 0"><span class='ocrx_word' id='word_1_248' title='bbox 2246 2028 2379 2032; x_wconf 60' lang='lat'><strong>__--_-.</strong></span> <span class='ocrx_word' id='word_1_249' title='bbox 2408 2005 2490 2032; x_wconf 65' lang='lat'><strong>.-(\</strong></span> <span class='ocrx_word' id='word_1_250' title='bbox 2513 2029 2567 2032; x_wconf 72' lang='lat'><strong>__-</strong></span> <span class='ocrx_word' id='word_1_251' title='bbox 2617 2006 2882 2032; x_wconf 67' lang='lat' dir='ltr'><strong>).______-l\\</strong></span> <span class='ocrx_word' id='word_1_252' title='bbox 2902 2028 2972 2032; x_wconf 52' lang='grc' dir='ltr'><strong>Α...</strong></span> <span class='ocrx_word' id='word_1_253' title='bbox 3034 2009 3174 2032; x_wconf 56' lang='grc' dir='ltr'>’Δμ-.</span> <span class='ocrx_word' id='word_1_254' title='bbox 3194 2029 3200 2032; x_wconf 94' lang='grc'>.</span> <span class='ocrx_word' id='word_1_255' title='bbox 3230 2007 3305 2032; x_wconf 37' lang='grc' dir='ltr'><strong>.1-ν</strong></span> <span class='ocrx_word' id='word_1_256' title='bbox 3370 2011 3533 2032; x_wconf 71' lang='grc' dir='ltr'><strong>-..ε-ε---</strong></span> <span class='ocrx_word' id='word_1_257' title='bbox 3562 2029 3571 2032; x_wconf 84' lang='grc'><strong>-</strong></span> <span class='ocrx_word' id='word_1_258' title='bbox 3620 2006 3842 2032; x_wconf 60' lang='lat' dir='ltr'><strong>vm___5_s</strong></span> 
     </span>
    </p>
   </div>
   <div class='ocr_carea' id='block_1_33' title="bbox 432 2005 2041 2085">
    <p class='ocr_par' dir='ltr' id='par_1_33' title="bbox 432 2010 2041 2083">
     <span class='ocr_line' id='line_1_35' title="bbox 432 2010 2041 2083; baseline -0.003 -16"><span class='ocrx_word' id='word_1_259' title='bbox 432 2015 541 2081; x_wconf 86' lang='lat' dir='ltr'><strong>est,</strong></span> <span class='ocrx_word' id='word_1_260' title='bbox 563 2011 759 2082; x_wconf 89' lang='lat' dir='ltr'><strong>tejam</strong></span> <span class='ocrx_word' id='word_1_261' title='bbox 793 2010 1041 2066; x_wconf 88' lang='lat' dir='ltr'><strong>adoriar.</strong></span> <span class='ocrx_word' id='word_1_262' title='bbox 1062 2011 1323 2067; x_wconf 90' lang='lat' dir='ltr'><strong>Necdum</strong></span> <span class='ocrx_word' id='word_1_263' title='bbox 1345 2011 1561 2083; x_wconf 81' lang='lat' dir='ltr'><strong>elapsis</strong></span> <span class='ocrx_word' id='word_1_264' title='bbox 1580 2012 1839 2083; x_wconf 90' lang='lat' dir='ltr'><strong>quinque</strong></span> <span class='ocrx_word' id='word_1_265' title='bbox 1858 2011 2041 2066; x_wconf 76' lang='lat' dir='ltr'><strong>diebu:</strong></span> 
     </span>
    </p>
   </div>
   <div class='ocr_carea' id='block_1_34' title="bbox 2240 2005 3849 2085">
    <p class='ocr_par' dir='ltr' id='par_1_34' title="bbox 2242 2005 3849 2085">
     <span class='ocr_line' id='line_1_36' title="bbox 2242 2005 3849 2085; baseline 0 -23"><span class='ocrx_word' id='word_1_266' title='bbox 2242 2005 2569 2085; x_wconf 88' lang='grc' dir='ltr'>αραγγείλας</span> <span class='ocrx_word' id='word_1_267' title='bbox 2611 2006 2973 2083; x_wconf 70' lang='grc' dir='ltr'>ἀπαγγέλλειν</span> <span class='ocrx_word' id='word_1_268' title='bbox 3034 2007 3312 2080; x_wconf 86' lang='grc' dir='ltr'>Ἀντωνίῳ</span> <span class='ocrx_word' id='word_1_269' title='bbox 3367 2011 3572 2062; x_wconf 88' lang='grc' dir='ltr'>ταῦτα·</span> <span class='ocrx_word' id='word_1_270' title='bbox 3620 2006 3849 2077; x_wconf 80' lang='grc' dir='ltr'>Ἐπειδὴ</span> 
     </span>
    </p>
   </div>
   <div class='ocr_carea' id='block_1_35' title="bbox 433 2093 2042 2174">
    <p class='ocr_par' dir='ltr' id='par_1_35' title="bbox 433 2098 2042 2172">
     <span class='ocr_line' id='line_1_37' title="bbox 433 2098 2042 2172; baseline 0.001 -19"><span class='ocrx_word' id='word_1_271' title='bbox 433 2098 522 2155; x_wconf 89' lang='lat' dir='ltr'><strong>ira</strong></span> <span class='ocrx_word' id='word_1_272' title='bbox 551 2100 938 2172; x_wconf 86' lang='lat' dir='ltr'><strong>apprehendit</strong></span> <span class='ocrx_word' id='word_1_273' title='bbox 966 2116 1101 2155; x_wconf 90' lang='lat' dir='ltr'><strong>eum</strong></span> <span class='ocrx_word' id='word_1_274' title='bbox 1130 2118 1143 2156; x_wconf 88' lang='lat'><strong>:</strong></span> <span class='ocrx_word' id='word_1_275' title='bbox 1177 2116 1312 2156; x_wconf 92' lang='lat' dir='ltr'><strong>cum</strong></span> <span class='ocrx_word' id='word_1_276' title='bbox 1342 2100 1500 2156; x_wconf 90' lang='lat' dir='ltr'><strong>enim</strong></span> <span class='ocrx_word' id='word_1_277' title='bbox 1534 2101 1606 2156; x_wconf 91' lang='lat' dir='ltr'><strong>ad</strong></span> <span class='ocrx_word' id='word_1_278' title='bbox 1640 2101 1890 2172; x_wconf 90' lang='lat' dir='ltr'><strong>primam</strong></span> <span class='ocrx_word' id='word_1_279' title='bbox 1917 2115 2042 2154; x_wconf 86' lang='lat' dir='ltr'><strong>man</strong></span> 
     </span>
    </p>
   </div>
   <div class='ocr_carea' id='block_1_36' title="bbox 2241 2093 3850 2174">
    <p class='ocr_par' dir='ltr' id='par_1_36' title="bbox 2241 2093 3850 2172">
     <span class='ocr_line' id='line_1_38' title="bbox 2241 2093 3850 2172; baseline 0.001 -22"><span class='ocrx_word' id='word_1_280' title='bbox 2241 2096 2495 2165; x_wconf 72' lang='grc' dir='ltr'>σοντίζεις</span> <span class='ocrx_word' id='word_1_281' title='bbox 2550 2095 2673 2172; x_wconf 83' lang='grc' dir='ltr'>περὶ</span> <span class='ocrx_word' id='word_1_282' title='bbox 2724 2099 2833 2168; x_wconf 86' lang='grc'><strong>(95)</strong></span> <span class='ocrx_word' id='word_1_283' title='bbox 2884 2100 2990 2150; x_wconf 84' lang='grc' dir='ltr'><strong>τῶν</strong></span> <span class='ocrx_word' id='word_1_284' title='bbox 3044 2100 3327 2171; x_wconf 81' lang='grc' dir='ltr'>μοναχῶν,</span> <span class='ocrx_word' id='word_1_285' title='bbox 3360 2093 3469 2166; x_wconf 78' lang='grc' dir='ltr'>ἤδη</span> <span class='ocrx_word' id='word_1_286' title='bbox 3504 2093 3595 2150; x_wconf 91' lang='grc' dir='ltr'><strong>καί</strong></span> <span class='ocrx_word' id='word_1_287' title='bbox 3625 2116 3684 2151; x_wconf 87' lang='grc' dir='ltr'><strong>σε</strong></span> <span class='ocrx_word' id='word_1_288' title='bbox 3718 2117 3850 2169; x_wconf 81' lang='grc' dir='ltr'>μετ-</span> 
     </span>
    </p>
   </div>
   <div class='ocr_carea' id='block_1_37' title="bbox 433 2182 2042 2262">
    <p class='ocr_par' dir='ltr' id='par_1_37' title="bbox 433 2189 2042 2262">
     <span class='ocr_line' id='line_1_39' title="bbox 433 2189 2042 2262; baseline 0 -19"><span class='ocrx_word' id='word_1_289' title='bbox 433 2189 660 2244; x_wconf 88' lang='lat' dir='ltr'><strong>sionem</strong></span> <span class='ocrx_word' id='word_1_290' title='bbox 688 2190 864 2244; x_wconf 91' lang='lat' dir='ltr'><strong>Cereu</strong></span> <span class='ocrx_word' id='word_1_291' title='bbox 897 2195 1159 2245; x_wconf 87' lang='lat' dir='ltr'><strong>vocatam</strong></span> <span class='ocrx_word' id='word_1_292' title='bbox 1194 2189 1679 2261; x_wconf 79' lang='lat' dir='ltr'><strong>proficisceretur,</strong></span> <span class='ocrx_word' id='word_1_293' title='bbox 1702 2205 1976 2262; x_wconf 88' lang='lat' dir='ltr'><strong>egressus</strong></span> <span class='ocrx_word' id='word_1_294' title='bbox 1995 2205 2042 2243; x_wconf 75' lang='grc' dir='ltr'><strong>ει</strong></span> 
     </span>
    </p>
   </div>
   <div class='ocr_carea' id='block_1_38' title="bbox 2241 2182 3850 2262">
    <p class='ocr_par' dir='ltr' id='par_1_38' title="bbox 2241 2182 3850 2260">
     <span class='ocr_line' id='line_1_40' title="bbox 2241 2182 3850 2260; baseline 0 -20"><span class='ocrx_word' id='word_1_295' title='bbox 2241 2184 2500 2257; x_wconf 54' lang='grc' dir='ltr'>κεύσεμαι.</span> <span class='ocrx_word' id='word_1_296' title='bbox 2562 2185 2664 2242; x_wconf 85' lang='grc' dir='ltr'>Καὶ</span> <span class='ocrx_word' id='word_1_297' title='bbox 2743 2183 2804 2239; x_wconf 80' lang='grc' dir='ltr'>οὗ</span> <span class='ocrx_word' id='word_1_298' title='bbox 2869 2182 3152 2260; x_wconf 68' lang='grc' dir='ltr'>παρῆλθον</span> <span class='ocrx_word' id='word_1_299' title='bbox 3233 2184 3437 2260; x_wconf 68' lang='grc' dir='ltr'>ἡμίραι</span> <span class='ocrx_word' id='word_1_300' title='bbox 3512 2184 3709 2254; x_wconf 68' lang='grc' dir='ltr'>πέντε,</span> <span class='ocrx_word' id='word_1_301' title='bbox 3758 2199 3850 2253; x_wconf 75' lang='grc' dir='ltr'><strong>καὶ</strong></span> 
     </span>
    </p>
   </div>
   <div class='ocr_carea' id='block_1_39' title="bbox 434 2268 2043 2350">
    <p class='ocr_par' dir='ltr' id='par_1_39' title="bbox 434 2276 2043 2350">
     <span class='ocr_line' id='line_1_41' title="bbox 434 2276 2043 2350; baseline 0 -19"><span class='ocrx_word' id='word_1_302' title='bbox 434 2277 560 2349; x_wconf 90' lang='lat' dir='ltr'><strong>ipse</strong></span> <span class='ocrx_word' id='word_1_303' title='bbox 590 2276 856 2332; x_wconf 89' lang='lat' dir='ltr'><strong>Balacius</strong></span> <span class='ocrx_word' id='word_1_304' title='bbox 886 2293 1020 2333; x_wconf 90' lang='lat' dir='ltr'><strong>cum</strong></span> <span class='ocrx_word' id='word_1_305' title='bbox 1071 2277 1337 2333; x_wconf 86' lang='lat' dir='ltr'><strong>Nestorio</strong></span> <span class='ocrx_word' id='word_1_306' title='bbox 1370 2278 1600 2349; x_wconf 55' lang='lat' dir='ltr'><strong>IEgypti</strong></span> <span class='ocrx_word' id='word_1_307' title='bbox 1635 2278 1922 2350; x_wconf 60' lang='lat' dir='ltr'><strong>praefecto,</strong></span> <span class='ocrx_word' id='word_1_308' title='bbox 1958 2294 2043 2332; x_wconf 89' lang='lat' dir='ltr'><strong>am</strong></span> 
     </span>
    </p>
   </div>
   <div class='ocr_carea' id='block_1_40' title="bbox 2243 2268 3852 2350">
    <p class='ocr_par' dir='ltr' id='par_1_40' title="bbox 2243 2268 3852 2349">
     <span class='ocr_line' id='line_1_42' title="bbox 2243 2268 3852 2349; baseline -0.001 -20"><span class='ocrx_word' id='word_1_309' title='bbox 2243 2268 2480 2330; x_wconf 75' lang='grc' dir='ltr'>ιτὲλαϐεν</span> <span class='ocrx_word' id='word_1_310' title='bbox 2512 2272 2670 2329; x_wconf 82' lang='grc' dir='ltr'>αὐτὸν</span> <span class='ocrx_word' id='word_1_311' title='bbox 2720 2275 2755 2343; x_wconf 82' lang='grc' dir='ltr'><strong>ἡ</strong></span> <span class='ocrx_word' id='word_1_312' title='bbox 2798 2273 2957 2349; x_wconf 80' lang='grc' dir='ltr'>ὀργή.</span> <span class='ocrx_word' id='word_1_313' title='bbox 3012 2272 3108 2337; x_wconf 79' lang='grc' dir='ltr'>Εἰς</span> <span class='ocrx_word' id='word_1_314' title='bbox 3164 2274 3267 2349; x_wconf 71' lang='grc' dir='ltr'>γὶρ</span> <span class='ocrx_word' id='word_1_315' title='bbox 3294 2274 3393 2342; x_wconf 77' lang='grc' dir='ltr'>τὴν</span> <span class='ocrx_word' id='word_1_316' title='bbox 3447 2273 3672 2348; x_wconf 83' lang='grc' dir='ltr'>πρώτην</span> <span class='ocrx_word' id='word_1_317' title='bbox 3747 2294 3852 2346; x_wconf 88' lang='grc' dir='ltr'>μο-</span> 
     </span>
    </p>
   </div>
   <div class='ocr_carea' id='block_1_41' title="bbox 437 2360 2046 2438">
    <p class='ocr_par' dir='ltr' id='par_1_41' title="bbox 437 2365 2046 2438">
     <span class='ocr_line' id='line_1_43' title="bbox 437 2365 2046 2438; baseline 0 -17"><span class='ocrx_word' id='word_1_318' title='bbox 437 2365 624 2437; x_wconf 92' lang='lat' dir='ltr'><strong>hoque</strong></span> <span class='ocrx_word' id='word_1_319' title='bbox 651 2365 819 2437; x_wconf 89' lang='lat' dir='ltr'><strong>equis</strong></span> <span class='ocrx_word' id='word_1_320' title='bbox 867 2366 1221 2431; x_wconf 85' lang='lat' dir='ltr'><strong>insidebant,</strong></span> <span class='ocrx_word' id='word_1_321' title='bbox 1257 2367 1354 2438; x_wconf 91' lang='lat' dir='ltr'><strong>qui</strong></span> <span class='ocrx_word' id='word_1_322' title='bbox 1390 2366 1599 2423; x_wconf 87' lang='lat' dir='ltr'><strong>Balacii</strong></span> <span class='ocrx_word' id='word_1_323' title='bbox 1629 2372 1813 2432; x_wconf 86' lang='lat' dir='ltr'><strong>erant,</strong></span> <span class='ocrx_word' id='word_1_324' title='bbox 1845 2366 2046 2422; x_wconf 87' lang='lat' dir='ltr'><strong>mitissi</strong></span> 
     </span>
    </p>
   </div>
   <div class='ocr_carea' id='block_1_42' title="bbox 2238 2360 3847 2438">
    <p class='ocr_par' dir='ltr' id='par_1_42' title="bbox 2238 2360 3847 2437">
     <span class='ocr_line' id='line_1_44' title="bbox 2238 2360 3847 2437; baseline 0.003 -24"><span class='ocrx_word' id='word_1_325' title='bbox 2238 2365 2289 2433; x_wconf 67' lang='grc' dir='ltr'>ὴν</span> <span class='ocrx_word' id='word_1_326' title='bbox 2348 2360 2751 2437; x_wconf 77' lang='grc' dir='ltr'>’Δλεξανδρείας</span> <span class='ocrx_word' id='word_1_327' title='bbox 2814 2362 2914 2431; x_wconf 75' lang='grc' dir='ltr'><strong>τὴν</strong></span> <span class='ocrx_word' id='word_1_328' title='bbox 2966 2360 3274 2436; x_wconf 71' lang='grc' dir='ltr'>λεγομένην</span> <span class='ocrx_word' id='word_1_329' title='bbox 3334 2362 3564 2437; x_wconf 78' lang='grc' dir='ltr'>Χαιρέου</span> <span class='ocrx_word' id='word_1_330' title='bbox 3622 2361 3847 2433; x_wconf 70' lang='grc' dir='ltr'>ἐξῆλθεν</span> 
     </span>
    </p>
   </div>
   <div class='ocr_carea' id='block_1_43' title="bbox 435 2445 2044 2527">
    <p class='ocr_par' dir='ltr' id='par_1_43' title="bbox 435 2453 2044 2526">
     <span class='ocr_line' id='line_1_45' title="bbox 435 2453 2044 2526; baseline 0.001 -18"><span class='ocrx_word' id='word_1_331' title='bbox 435 2453 635 2526; x_wconf 90' lang='lat' dir='ltr'><strong>mique</strong></span> <span class='ocrx_word' id='word_1_332' title='bbox 667 2453 930 2509; x_wconf 89' lang='lat' dir='ltr'><strong>omnium</strong></span> <span class='ocrx_word' id='word_1_333' title='bbox 963 2470 1109 2524; x_wconf 91' lang='lat' dir='ltr'><strong>quos</strong></span> <span class='ocrx_word' id='word_1_334' title='bbox 1158 2453 1340 2510; x_wconf 88' lang='lat' dir='ltr'><strong>aleret</strong></span> <span class='ocrx_word' id='word_1_335' title='bbox 1387 2455 1533 2526; x_wconf 86' lang='lat' dir='ltr'><strong>ipse.</strong></span> <span class='ocrx_word' id='word_1_336' title='bbox 1566 2455 1674 2510; x_wconf 91' lang='lat' dir='ltr'><strong>Sed</strong></span> <span class='ocrx_word' id='word_1_337' title='bbox 1725 2455 1985 2510; x_wconf 91' lang='lat' dir='ltr'><strong>nondum</strong></span> <span class='ocrx_word' id='word_1_338' title='bbox 2016 2472 2044 2510; x_wconf 94' lang='lat' dir='ltr'><strong>e</strong></span> 
     </span>
    </p>
   </div>
   <div class='ocr_carea' id='block_1_44' title="bbox 2240 2445 3849 2527">
    <p class='ocr_par' dir='ltr' id='par_1_44' title="bbox 2240 2445 3849 2527">
     <span class='ocr_line' id='line_1_46' title="bbox 2240 2445 3849 2527; baseline 0.001 -21"><span class='ocrx_word' id='word_1_339' title='bbox 2240 2451 2351 2514; x_wconf 65' lang='grc' dir='ltr'>Βτός</span> <span class='ocrx_word' id='word_1_340' title='bbox 2407 2472 2467 2506; x_wconf 89' lang='grc' dir='ltr'><strong>τε</strong></span> <span class='ocrx_word' id='word_1_341' title='bbox 2514 2453 2542 2506; x_wconf 87' lang='lat'><strong>6</strong></span> <span class='ocrx_word' id='word_1_342' title='bbox 2587 2449 2862 2513; x_wconf 83' lang='grc' dir='ltr'>Βαλάκιος</span> <span class='ocrx_word' id='word_1_343' title='bbox 2906 2450 2996 2505; x_wconf 85' lang='grc' dir='ltr'><strong>καὶ</strong></span> <span class='ocrx_word' id='word_1_344' title='bbox 3046 2450 3335 2525; x_wconf 75' lang='grc' dir='ltr'>Νεπόριος</span> <span class='ocrx_word' id='word_1_345' title='bbox 3383 2452 3412 2507; x_wconf 92' lang='lat'><strong>6</strong></span> <span class='ocrx_word' id='word_1_346' title='bbox 3458 2445 3702 2527; x_wconf 81' lang='grc' dir='ltr'>ἔπαρχος</span> <span class='ocrx_word' id='word_1_347' title='bbox 3732 2455 3849 2526; x_wconf 87' lang='grc'><strong>(96)</strong></span> 
     </span>
    </p>
   </div>
   <div class='ocr_carea' id='block_1_45' title="bbox 434 2540 2043 2617">
    <p class='ocr_par' dir='ltr' id='par_1_45' title="bbox 434 2542 2042 2614">
     <span class='ocr_line' id='line_1_47' title="bbox 434 2542 2042 2614; baseline 0 -15"><span class='ocrx_word' id='word_1_348' title='bbox 434 2543 811 2610; x_wconf 87' lang='lat' dir='ltr'><strong>advenerant,</strong></span> <span class='ocrx_word' id='word_1_349' title='bbox 845 2559 979 2598; x_wconf 90' lang='lat' dir='ltr'><strong>cum</strong></span> <span class='ocrx_word' id='word_1_350' title='bbox 1011 2559 1234 2614; x_wconf 67' lang='lat' dir='ltr'><strong>coepere</strong></span> <span class='ocrx_word' id='word_1_351' title='bbox 1264 2543 1401 2614; x_wconf 90' lang='lat' dir='ltr'><strong>equi</strong></span> <span class='ocrx_word' id='word_1_352' title='bbox 1433 2544 1632 2599; x_wconf 91' lang='lat' dir='ltr'><strong>ludere</strong></span> <span class='ocrx_word' id='word_1_353' title='bbox 1681 2559 1842 2600; x_wconf 92' lang='lat' dir='ltr'><strong>more</strong></span> <span class='ocrx_word' id='word_1_354' title='bbox 1868 2542 2042 2600; x_wconf 90' lang='lat' dir='ltr'><strong>solito</strong></span> 
     </span>
    </p>
   </div>
   <div class='ocr_carea' id='block_1_46' title="bbox 2242 2540 3851 2617">
    <p class='ocr_par' dir='ltr' id='par_1_46' title="bbox 2242 2540 3851 2617">
     <span class='ocr_line' id='line_1_48' title="bbox 2242 2540 3851 2617; baseline -0.001 -19"><span class='ocrx_word' id='word_1_355' title='bbox 2242 2549 2290 2611; x_wconf 64' lang='grc' dir='ltr'>ἧς</span> <span class='ocrx_word' id='word_1_356' title='bbox 2337 2540 2636 2616; x_wconf 76' lang='grc' dir='ltr'>Αἰγύπτου,</span> <span class='ocrx_word' id='word_1_357' title='bbox 2682 2541 2771 2596; x_wconf 82' lang='grc' dir='ltr'><strong>καὶ</strong></span> <span class='ocrx_word' id='word_1_358' title='bbox 2823 2540 3125 2617; x_wconf 78' lang='grc' dir='ltr'>ἀμφότεροι</span> <span class='ocrx_word' id='word_1_359' title='bbox 3180 2542 3275 2613; x_wconf 69' lang='grc' dir='ltr'>μὲν</span> <span class='ocrx_word' id='word_1_360' title='bbox 3318 2540 3710 2611; x_wconf 72' lang='grc' dir='ltr'>ἐπεκαθέζοντο</span> <span class='ocrx_word' id='word_1_361' title='bbox 3748 2540 3851 2597; x_wconf 63' lang='grc' dir='ltr'>τίπ-</span> 
     </span>
    </p>
   </div>
   <div class='ocr_carea' id='block_1_47' title="bbox 434 2626 2043 2707">
    <p class='ocr_par' dir='ltr' id='par_1_47' title="bbox 434 2631 2043 2703">
     <span class='ocr_line' id='line_1_49' title="bbox 434 2631 2043 2703; baseline 0.001 -17"><span class='ocrx_word' id='word_1_362' title='bbox 434 2648 499 2686; x_wconf 92' lang='lat' dir='ltr'><strong>ac</strong></span> <span class='ocrx_word' id='word_1_363' title='bbox 530 2633 841 2703; x_wconf 91' lang='lat' dir='ltr'><strong>derepente</strong></span> <span class='ocrx_word' id='word_1_364' title='bbox 872 2632 1237 2688; x_wconf 86' lang='lat' dir='ltr'><strong>mansuetior</strong></span> <span class='ocrx_word' id='word_1_365' title='bbox 1284 2632 1377 2687; x_wconf 91' lang='lat' dir='ltr'><strong>cui</strong></span> <span class='ocrx_word' id='word_1_366' title='bbox 1428 2632 1719 2688; x_wconf 88' lang='lat' dir='ltr'><strong>insidebat</strong></span> <span class='ocrx_word' id='word_1_367' title='bbox 1759 2631 2043 2688; x_wconf 80' lang='lat' dir='ltr'><strong>Nestoriui</strong></span> 
     </span>
    </p>
   </div>
   <div class='ocr_carea' id='block_1_48' title="bbox 2237 2626 3846 2707">
    <p class='ocr_par' dir='ltr' id='par_1_48' title="bbox 2237 2626 3846 2707">
     <span class='ocr_line' id='line_1_50' title="bbox 2237 2626 3846 2707; baseline 0 -21"><span class='ocrx_word' id='word_1_368' title='bbox 2237 2652 2319 2693; x_wconf 91' lang='grc' dir='ltr'><strong>οις</strong></span> <span class='ocrx_word' id='word_1_369' title='bbox 2352 2649 2364 2662; x_wconf 84' lang='lat'><strong><em>°</em></strong></span> <span class='ocrx_word' id='word_1_370' title='bbox 2398 2632 2532 2699; x_wconf 74' lang='grc' dir='ltr'>ἦσαν</span> <span class='ocrx_word' id='word_1_371' title='bbox 2571 2627 2629 2685; x_wconf 74' lang='grc' dir='ltr'>δὲ</span> <span class='ocrx_word' id='word_1_372' title='bbox 2676 2630 2827 2685; x_wconf 84' lang='grc' dir='ltr'>οὗτοι</span> <span class='ocrx_word' id='word_1_373' title='bbox 2878 2626 3010 2685; x_wconf 71' lang='grc' dir='ltr'>ἴδιοι</span> <span class='ocrx_word' id='word_1_374' title='bbox 3060 2635 3157 2684; x_wconf 91' lang='grc' dir='ltr'><strong>τοῦ</strong></span> <span class='ocrx_word' id='word_1_375' title='bbox 3197 2629 3488 2701; x_wconf 84' lang='grc' dir='ltr'>Βαλακίου,</span> <span class='ocrx_word' id='word_1_376' title='bbox 3547 2630 3638 2686; x_wconf 83' lang='grc' dir='ltr'><strong>καὶ</strong></span> <span class='ocrx_word' id='word_1_377' title='bbox 3672 2632 3846 2707; x_wconf 84' lang='grc' dir='ltr'>πραό-</span> 
     </span>
    </p>
   </div>
   <div class='ocr_carea' id='block_1_49' title="bbox 434 2717 2043 2796">
    <p class='ocr_par' dir='ltr' id='par_1_49' title="bbox 434 2719 2043 2793">
     <span class='ocr_line' id='line_1_51' title="bbox 434 2719 2043 2793; baseline -0.001 -17"><span class='ocrx_word' id='word_1_378' title='bbox 434 2719 729 2776; x_wconf 83' lang='lat' dir='ltr'><strong>Balacium</strong></span> <span class='ocrx_word' id='word_1_379' title='bbox 764 2737 961 2775; x_wconf 88' lang='lat' dir='ltr'><strong>morsu</strong></span> <span class='ocrx_word' id='word_1_380' title='bbox 994 2721 1256 2776; x_wconf 87' lang='lat' dir='ltr'><strong>decussit</strong></span> <span class='ocrx_word' id='word_1_381' title='bbox 1284 2719 1343 2776; x_wconf 89' lang='lat' dir='ltr'><strong>in</strong></span> <span class='ocrx_word' id='word_1_382' title='bbox 1371 2725 1611 2788; x_wconf 87' lang='lat' dir='ltr'><strong>terram,</strong></span> <span class='ocrx_word' id='word_1_383' title='bbox 1639 2722 1695 2777; x_wconf 90' lang='lat' dir='ltr'><strong>in</strong></span> <span class='ocrx_word' id='word_1_384' title='bbox 1722 2737 1976 2793; x_wconf 89' lang='lat' dir='ltr'><strong>eumque</strong></span> <span class='ocrx_word' id='word_1_385' title='bbox 2008 2722 2043 2775; x_wconf 80' lang='lat' dir='ltr'><strong>ii</strong></span> 
     </span>
    </p>
   </div>
   <div class='ocr_carea' id='block_1_50' title="bbox 2242 2717 3851 2796">
    <p class='ocr_par' dir='ltr' id='par_1_50' title="bbox 2242 2717 3851 2796">
     <span class='ocr_line' id='line_1_52' title="bbox 2242 2717 3851 2796; baseline 0.001 -22"><span class='ocrx_word' id='word_1_386' title='bbox 2242 2740 2338 2794; x_wconf 68' lang='lat' dir='ltr'><strong>LPOL</strong></span> <span class='ocrx_word' id='word_1_387' title='bbox 2405 2717 2620 2774; x_wconf 83' lang='grc' dir='ltr'>πάντων</span> <span class='ocrx_word' id='word_1_388' title='bbox 2697 2723 2803 2773; x_wconf 81' lang='grc' dir='ltr'><strong>τῶν</strong></span> <span class='ocrx_word' id='word_1_389' title='bbox 2861 2720 3211 2796; x_wconf 70' lang='grc' dir='ltr'>τρεφομίνων</span> <span class='ocrx_word' id='word_1_390' title='bbox 3269 2720 3397 2794; x_wconf 85' lang='grc' dir='ltr'>παρ’</span> <span class='ocrx_word' id='word_1_391' title='bbox 3447 2719 3615 2792; x_wconf 81' lang='grc' dir='ltr'>αὐτῷ.</span> <span class='ocrx_word' id='word_1_392' title='bbox 3676 2718 3851 2777; x_wconf 81' lang='grc' dir='ltr'>Ἀλλὰ</span> 
     </span>
    </p>
   </div>
   <div class='ocr_carea' id='block_1_51' title="bbox 432 2806 2041 2886">
    <p class='ocr_par' dir='ltr' id='par_1_51' title="bbox 432 2809 2040 2881">
     <span class='ocr_line' id='line_1_53' title="bbox 432 2809 2040 2881; baseline -0.001 -15"><span class='ocrx_word' id='word_1_393' title='bbox 432 2810 1031 2881; x_wconf 80' lang='lat' dir='ltr'><strong>ruens,feremurejus</strong></span> <span class='ocrx_word' id='word_1_394' title='bbox 1055 2810 1133 2865; x_wconf 87' lang='lat' dir='ltr'><strong>ita</strong></span> <span class='ocrx_word' id='word_1_395' title='bbox 1156 2809 1784 2877; x_wconf 87' lang='lat' dir='ltr'><strong>dentibuslaniavit,ut</strong></span> <span class='ocrx_word' id='word_1_396' title='bbox 1801 2810 2000 2865; x_wconf 89' lang='lat' dir='ltr'><strong>statim</strong></span> <span class='ocrx_word' id='word_1_397' title='bbox 2027 2811 2040 2864; x_wconf 88' lang='lat' dir='ltr'><strong>i</strong></span> 
     </span>
    </p>
   </div>
   <div class='ocr_carea' id='block_1_52' title="bbox 2241 2806 3850 2886">
    <p class='ocr_par' dir='ltr' id='par_1_52' title="bbox 2241 2806 3850 2886">
     <span class='ocr_line' id='line_1_54' title="bbox 2241 2806 3850 2886; baseline 0.001 -22"><span class='ocrx_word' id='word_1_398' title='bbox 2241 2810 2367 2879; x_wconf 90' lang='grc' dir='ltr'><strong>ήπω</strong></span> <span class='ocrx_word' id='word_1_399' title='bbox 2406 2808 2716 2886; x_wconf 80' lang='grc' dir='ltr'>φθασάντων</span> <span class='ocrx_word' id='word_1_400' title='bbox 2771 2807 2948 2863; x_wconf 79' lang='grc' dir='ltr'>αὐτῶν</span> <span class='ocrx_word' id='word_1_401' title='bbox 2994 2807 3072 2870; x_wconf 84' lang='grc' dir='ltr'><strong>είς</strong></span> <span class='ocrx_word' id='word_1_402' title='bbox 3117 2809 3209 2863; x_wconf 87' lang='grc' dir='ltr'>τὸν</span> <span class='ocrx_word' id='word_1_403' title='bbox 3239 2807 3430 2878; x_wconf 86' lang='grc' dir='ltr'>τόπον,</span> <span class='ocrx_word' id='word_1_404' title='bbox 3462 2806 3693 2884; x_wconf 70' lang='grc' dir='ltr'>ἤρξαντο</span> <span class='ocrx_word' id='word_1_405' title='bbox 3722 2809 3850 2865; x_wconf 83' lang='grc' dir='ltr'>παί-</span> 
     </span>
    </p>
   </div>
   <div class='ocr_carea' id='block_1_53' title="bbox 433 2895 2042 2976">
    <p class='ocr_par' dir='ltr' id='par_1_53' title="bbox 433 2898 2042 2967">
     <span class='ocr_line' id='line_1_55' title="bbox 433 2898 2042 2967; baseline -0.001 -13"><span class='ocrx_word' id='word_1_406' title='bbox 433 2900 638 2955; x_wconf 90' lang='lat' dir='ltr'><strong>urbem</strong></span> <span class='ocrx_word' id='word_1_407' title='bbox 670 2898 921 2965; x_wconf 89' lang='lat' dir='ltr'><strong>delatus,</strong></span> <span class='ocrx_word' id='word_1_408' title='bbox 956 2898 1112 2953; x_wconf 90' lang='lat' dir='ltr'><strong>intra</strong></span> <span class='ocrx_word' id='word_1_409' title='bbox 1133 2899 1396 2954; x_wconf 89' lang='lat' dir='ltr'><strong>triduum</strong></span> <span class='ocrx_word' id='word_1_410' title='bbox 1419 2900 1896 2967; x_wconf 71' lang='lat' dir='ltr'><strong>moreretur(94).</strong></span> <span class='ocrx_word' id='word_1_411' title='bbox 1929 2900 2042 2954; x_wconf 73' lang='lat'><strong>681</strong></span> 
     </span>
    </p>
   </div>
   <div class='ocr_carea' id='block_1_54' title="bbox 2239 2895 3848 2976">
    <p class='ocr_par' dir='ltr' id='par_1_54' title="bbox 2239 2895 3848 2976">
     <span class='ocr_line' id='line_1_56' title="bbox 2239 2895 3848 2976; baseline 0 -24"><span class='ocrx_word' id='word_1_412' title='bbox 2239 2918 2321 2964; x_wconf 73' lang='grc' dir='ltr'>ειν,</span> <span class='ocrx_word' id='word_1_413' title='bbox 2372 2897 2447 2958; x_wconf 87' lang='grc' dir='ltr'><strong>ὡς</strong></span> <span class='ocrx_word' id='word_1_414' title='bbox 2500 2896 2745 2969; x_wconf 73' lang='grc' dir='ltr'>εἰώθασι,</span> <span class='ocrx_word' id='word_1_415' title='bbox 2805 2896 2940 2971; x_wconf 86' lang='grc' dir='ltr'>πρὸς</span> <span class='ocrx_word' id='word_1_416' title='bbox 2986 2895 3275 2968; x_wconf 77' lang='grc' dir='ltr'>ἀλλήλους</span> <span class='ocrx_word' id='word_1_417' title='bbox 3308 2915 3321 2928; x_wconf 78' lang='grc'><strong><em>⁸</em></strong></span> <span class='ocrx_word' id='word_1_418' title='bbox 3383 2898 3472 2952; x_wconf 81' lang='grc' dir='ltr'><strong>καὶ</strong></span> <span class='ocrx_word' id='word_1_419' title='bbox 3530 2896 3787 2976; x_wconf 76' lang='grc' dir='ltr'>ἐξαίφνης</span> <span class='ocrx_word' id='word_1_420' title='bbox 3820 2899 3848 2952; x_wconf 79' lang='grc' dir='ltr'>ὁ</span> 
     </span>
    </p>
   </div>
   <div class='ocr_carea' id='block_1_55' title="bbox 430 2983 2039 3062">
    <p class='ocr_par' dir='ltr' id='par_1_55' title="bbox 430 2987 2039 3059">
     <span class='ocr_line' id='line_1_57' title="bbox 430 2987 2039 3059; baseline 0 -17"><span class='ocrx_word' id='word_1_421' title='bbox 430 2987 735 3059; x_wconf 85' lang='lat' dir='ltr'><strong>Miratique</strong></span> <span class='ocrx_word' id='word_1_422' title='bbox 766 2992 905 3043; x_wconf 87' lang='lat' dir='ltr'><strong>sunt</strong></span> <span class='ocrx_word' id='word_1_423' title='bbox 951 3003 1157 3043; x_wconf 90' lang='lat' dir='ltr'><strong>omnes</strong></span> <span class='ocrx_word' id='word_1_424' title='bbox 1200 3004 1269 3043; x_wconf 90' lang='lat' dir='ltr'><strong>ea</strong></span> <span class='ocrx_word' id='word_1_425' title='bbox 1318 3004 1446 3059; x_wconf 59' lang='lat' dir='ltr'><strong>qua;</strong></span> <span class='ocrx_word' id='word_1_426' title='bbox 1493 2988 1782 3043; x_wconf 88' lang='lat' dir='ltr'><strong>Antonius</strong></span> <span class='ocrx_word' id='word_1_427' title='bbox 1814 3005 2039 3059; x_wconf 68' lang='lat' dir='ltr'><strong>przenur</strong></span> 
     </span>
    </p>
   </div>
   <div class='ocr_carea' id='block_1_56' title="bbox 2237 2983 3846 3062">
    <p class='ocr_par' dir='ltr' id='par_1_56' title="bbox 2237 2983 3846 3062">
     <span class='ocr_line' id='line_1_58' title="bbox 2237 2983 3846 3062; baseline 0 -21"><span class='ocrx_word' id='word_1_428' title='bbox 2237 2985 2521 3061; x_wconf 85' lang='grc' dir='ltr'>ραότερος,</span> <span class='ocrx_word' id='word_1_429' title='bbox 2580 2986 2626 3057; x_wconf 80' lang='grc' dir='ltr'>ᾧ</span> <span class='ocrx_word' id='word_1_430' title='bbox 2681 2984 3028 3055; x_wconf 72' lang='grc' dir='ltr'>ὖπεκαθὲζετε</span> <span class='ocrx_word' id='word_1_431' title='bbox 3078 2986 3389 3062; x_wconf 84' lang='grc' dir='ltr'>Νεστόριος,</span> <span class='ocrx_word' id='word_1_432' title='bbox 3450 2983 3695 3061; x_wconf 80' lang='grc' dir='ltr'>δήγματι</span> <span class='ocrx_word' id='word_1_433' title='bbox 3753 2988 3846 3043; x_wconf 86' lang='grc' dir='ltr'><strong>τὸν</strong></span> 
     </span>
    </p>
   </div>
   <div class='ocr_carea' id='block_1_57' title="bbox 430 3068 2039 3147">
    <p class='ocr_par' dir='ltr' id='par_1_57' title="bbox 430 3075 1297 3146">
     <span class='ocr_line' id='line_1_59' title="bbox 430 3075 1297 3146; baseline -0.001 -15"><span class='ocrx_word' id='word_1_434' title='bbox 430 3076 656 3146; x_wconf 87' lang='lat' dir='ltr'><strong>tiasset,</strong></span> <span class='ocrx_word' id='word_1_435' title='bbox 689 3081 810 3131; x_wconf 87' lang='lat' dir='ltr'><strong>tam</strong></span> <span class='ocrx_word' id='word_1_436' title='bbox 841 3076 957 3131; x_wconf 90' lang='lat' dir='ltr'><strong>cito</strong></span> <span class='ocrx_word' id='word_1_437' title='bbox 989 3075 1297 3131; x_wconf 87' lang='lat' dir='ltr'><strong>accidisse.</strong></span> 
     </span>
    </p>
   </div>
   <div class='ocr_carea' id='block_1_58' title="bbox 2243 3068 3852 3147">
    <p class='ocr_par' dir='ltr' id='par_1_58' title="bbox 2243 3068 3852 3147">
     <span class='ocr_line' id='line_1_60' title="bbox 2243 3068 3852 3147; baseline 0.001 -16"><span class='ocrx_word' id='word_1_438' title='bbox 2243 3074 2458 3131; x_wconf 80' lang='grc' dir='ltr'>ιλάκιον</span> <span class='ocrx_word' id='word_1_439' title='bbox 2509 3068 2833 3130; x_wconf 74' lang='grc' dir='ltr'>καταϐαλὼν</span> <span class='ocrx_word' id='word_1_440' title='bbox 2879 3073 3133 3130; x_wconf 74' lang='grc' dir='ltr'>ἐπέπεσεν</span> <span class='ocrx_word' id='word_1_441' title='bbox 3181 3074 3329 3147; x_wconf 79' lang='grc' dir='ltr'>αὐτῷ</span> <span class='ocrx_word' id='word_1_442' title='bbox 3363 3093 3375 3106; x_wconf 90' lang='grc'><strong>·</strong></span> <span class='ocrx_word' id='word_1_443' title='bbox 3422 3075 3512 3130; x_wconf 86' lang='grc' dir='ltr'><strong>καὶ</strong></span> <span class='ocrx_word' id='word_1_444' title='bbox 3560 3074 3705 3131; x_wconf 67' lang='grc' dir='ltr'>οὕτω</span> <span class='ocrx_word' id='word_1_445' title='bbox 3732 3082 3852 3141; x_wconf 89' lang='grc' dir='ltr'>τοῖς</span> 
     </span>
    </p>
   </div>
   <div class='ocr_carea' id='block_1_59' title="bbox 431 3161 3845 3241">
    <p class='ocr_par' dir='ltr' id='par_1_59' title="bbox 431 3161 3845 3241">
     <span class='ocr_line' id='line_1_61' title="bbox 431 3161 3845 3241; baseline 0.001 -23"><span class='ocrx_word' id='word_1_446' title='bbox 431 3161 647 3218; x_wconf 75' lang='grc' dir='ltr'>ἂδοῦσιν</span> <span class='ocrx_word' id='word_1_447' title='bbox 698 3162 961 3238; x_wconf 78' lang='grc' dir='ltr'>ἐσπάραξε</span> <span class='ocrx_word' id='word_1_448' title='bbox 1005 3163 1097 3218; x_wconf 84' lang='grc' dir='ltr'><strong>τὸν</strong></span> <span class='ocrx_word' id='word_1_449' title='bbox 1145 3164 1319 3237; x_wconf 88' lang='grc' dir='ltr'>μηρὸν</span> <span class='ocrx_word' id='word_1_450' title='bbox 1367 3163 1543 3235; x_wconf 80' lang='grc' dir='ltr'>αὐτῷ,</span> <span class='ocrx_word' id='word_1_451' title='bbox 1592 3163 1668 3224; x_wconf 84' lang='grc' dir='ltr'><strong>ὡς</strong></span> <span class='ocrx_word' id='word_1_452' title='bbox 1724 3162 1878 3226; x_wconf 72' lang='grc' dir='ltr'>εὐθὺς</span> <span class='ocrx_word' id='word_1_453' title='bbox 1932 3163 2029 3236; x_wconf 71' lang='grc' dir='ltr'>μὲν</span> <span class='ocrx_word' id='word_1_454' title='bbox 2080 3164 2441 3241; x_wconf 70' lang='grc' dir='ltr'>ἀπενεχθῆναι</span> <span class='ocrx_word' id='word_1_455' title='bbox 2496 3164 2571 3225; x_wconf 82' lang='grc' dir='ltr'>εἷς</span> <span class='ocrx_word' id='word_1_456' title='bbox 2619 3165 2719 3233; x_wconf 86' lang='grc' dir='ltr'><strong>τής</strong></span> <span class='ocrx_word' id='word_1_457' title='bbox 2746 3161 2934 3233; x_wconf 84' lang='grc' dir='ltr'>πόλιν,</span> <span class='ocrx_word' id='word_1_458' title='bbox 2976 3163 3028 3219; x_wconf 77' lang='grc' dir='ltr'>ἐν</span> <span class='ocrx_word' id='word_1_459' title='bbox 3071 3164 3216 3240; x_wconf 88' lang='grc' dir='ltr'>τρισὶ</span> <span class='ocrx_word' id='word_1_460' title='bbox 3266 3161 3325 3220; x_wconf 72' lang='grc' dir='ltr'>δὶ</span> <span class='ocrx_word' id='word_1_461' title='bbox 3368 3165 3602 3237; x_wconf 79' lang='grc' dir='ltr'>ήμὲραις</span> <span class='ocrx_word' id='word_1_462' title='bbox 3633 3165 3845 3221; x_wconf 84' lang='grc' dir='ltr'>ἀποθα-</span> 
     </span>
    </p>
   </div>
   <div class='ocr_carea' id='block_1_60' title="bbox 429 3250 2871 3329">
    <p class='ocr_par' dir='ltr' id='par_1_60' title="bbox 429 3250 2871 3329">
     <span class='ocr_line' id='line_1_62' title="bbox 429 3250 2871 3329; baseline 0.001 -23"><span class='ocrx_word' id='word_1_463' title='bbox 429 3252 537 3306; x_wconf 80' lang='grc' dir='ltr'>νεὶν</span> <span class='ocrx_word' id='word_1_464' title='bbox 573 3271 586 3282; x_wconf 71' lang='grc'><strong>⁸</strong></span> <span class='ocrx_word' id='word_1_465' title='bbox 619 3251 709 3306; x_wconf 86' lang='grc' dir='ltr'><strong>καὶ</strong></span> <span class='ocrx_word' id='word_1_466' title='bbox 739 3251 938 3314; x_wconf 83' lang='grc' dir='ltr'>πάντας</span> <span class='ocrx_word' id='word_1_467' title='bbox 966 3250 1278 3324; x_wconf 70' lang='grc' dir='ltr'>θαυμάζειν,</span> <span class='ocrx_word' id='word_1_468' title='bbox 1306 3251 1388 3306; x_wconf 77' lang='grc' dir='ltr'><strong>ὅτι</strong></span> <span class='ocrx_word' id='word_1_469' title='bbox 1420 3251 1454 3306; x_wconf 79' lang='grc' dir='ltr'>ἃ</span> <span class='ocrx_word' id='word_1_470' title='bbox 1475 3250 1808 3326; x_wconf 87' lang='grc' dir='ltr'>προείρηκεν</span> <span class='ocrx_word' id='word_1_471' title='bbox 1839 3253 1867 3306; x_wconf 88' lang='grc' dir='ltr'>ὁ</span> <span class='ocrx_word' id='word_1_472' title='bbox 1898 3253 2212 3323; x_wconf 87' lang='grc' dir='ltr'>Ἀντώνιος,</span> <span class='ocrx_word' id='word_1_473' title='bbox 2242 3252 2457 3328; x_wconf 73' lang='grc' dir='ltr'>ταχέως</span> <span class='ocrx_word' id='word_1_474' title='bbox 2484 3250 2871 3329; x_wconf 79' lang='grc' dir='ltr'>πεπλήρωται.</span> 
     </span>
    </p>
   </div>
   <div class='ocr_carea' id='block_1_61' title="bbox 498 3342 2107 3419">
    <p class='ocr_par' dir='ltr' id='par_1_61' title="bbox 498 3342 2082 3414">
     <span class='ocr_line' id='line_1_63' title="bbox 498 3342 2082 3414; baseline 0.002 -17"><span class='ocrx_word' id='word_1_475' title='bbox 498 3344 588 3397; x_wconf 86' lang='grc'><strong>87.</strong></span> <span class='ocrx_word' id='word_1_476' title='bbox 621 3343 714 3398; x_wconf 86' lang='lat' dir='ltr'><strong>Sic</strong></span> <span class='ocrx_word' id='word_1_477' title='bbox 742 3342 921 3414; x_wconf 79' lang='lat' dir='ltr'><strong>igitur</strong></span> <span class='ocrx_word' id='word_1_478' title='bbox 943 3343 1250 3399; x_wconf 80' lang='lat' dir='ltr'><strong>ferociores</strong></span> <span class='ocrx_word' id='word_1_479' title='bbox 1276 3344 1550 3399; x_wconf 88' lang='lat' dir='ltr'><strong>monebat</strong></span> <span class='ocrx_word' id='word_1_480' title='bbox 1574 3361 1587 3399; x_wconf 93' lang='lat'><strong>:</strong></span> <span class='ocrx_word' id='word_1_481' title='bbox 1620 3344 1769 3399; x_wconf 89' lang='lat' dir='ltr'><strong>alios</strong></span> <span class='ocrx_word' id='word_1_482' title='bbox 1798 3348 1992 3399; x_wconf 89' lang='lat' dir='ltr'><strong>autem</strong></span> <span class='ocrx_word' id='word_1_483' title='bbox 2019 3361 2082 3400; x_wconf 92' lang='lat' dir='ltr'><strong>ee</strong></span> 
     </span>
    </p>
   </div>
   <div class='ocr_carea' id='block_1_62' title="bbox 2238 3342 3847 3419">
    <p class='ocr_par' dir='ltr' id='par_1_62' title="bbox 2261 3342 3847 3419">
     <span class='ocr_line' id='line_1_64' title="bbox 2261 3342 3847 3419; baseline 0.002 -20"><span class='ocrx_word' id='word_1_484' title='bbox 2261 3346 2353 3400; x_wconf 88' lang='lat'><strong>87.</strong></span> <span class='ocrx_word' id='word_1_485' title='bbox 2388 3343 2546 3401; x_wconf 73' lang='grc' dir='ltr'>Οὕτω</span> <span class='ocrx_word' id='word_1_486' title='bbox 2582 3344 2675 3417; x_wconf 77' lang='grc' dir='ltr'>μὲν</span> <span class='ocrx_word' id='word_1_487' title='bbox 2727 3343 2819 3397; x_wconf 83' lang='grc' dir='ltr'><strong>οὗν</strong></span> <span class='ocrx_word' id='word_1_488' title='bbox 2867 3348 2985 3406; x_wconf 87' lang='grc' dir='ltr'>τοῖς</span> <span class='ocrx_word' id='word_1_489' title='bbox 3027 3342 3373 3417; x_wconf 71' lang='grc' dir='ltr'>πικροτὲροις</span> <span class='ocrx_word' id='word_1_490' title='bbox 3405 3344 3639 3419; x_wconf 70' lang='grc' dir='ltr'>παρῄνει</span> <span class='ocrx_word' id='word_1_491' title='bbox 3670 3364 3685 3379; x_wconf 74' lang='grc' dir='ltr'><strong>ο</strong></span> <span class='ocrx_word' id='word_1_492' title='bbox 3716 3345 3847 3409; x_wconf 75' lang='grc' dir='ltr'>τοὺς</span> 
     </span>
    </p>
   </div>
   <div class='ocr_carea' id='block_1_63' title="bbox 430 3430 2039 3507">
    <p class='ocr_par' dir='ltr' id='par_1_63' title="bbox 430 3432 2039 3505">
     <span class='ocr_line' id='line_1_65' title="bbox 430 3432 2039 3505; baseline 0.001 -17"><span class='ocrx_word' id='word_1_493' title='bbox 430 3433 712 3488; x_wconf 89' lang='lat' dir='ltr'><strong>adeuntes</strong></span> <span class='ocrx_word' id='word_1_494' title='bbox 742 3432 824 3488; x_wconf 88' lang='lat' dir='ltr'><strong>sic</strong></span> <span class='ocrx_word' id='word_1_495' title='bbox 850 3433 1154 3505; x_wconf 65' lang='lat' dir='ltr'><strong>praeceptis</strong></span> <span class='ocrx_word' id='word_1_496' title='bbox 1183 3437 1242 3488; x_wconf 91' lang='lat' dir='ltr'><strong>et</strong></span> <span class='ocrx_word' id='word_1_497' title='bbox 1272 3432 1509 3488; x_wconf 85' lang='lat' dir='ltr'><strong>monitis</strong></span> <span class='ocrx_word' id='word_1_498' title='bbox 1540 3432 1931 3501; x_wconf 90' lang='lat' dir='ltr'><strong>imbuehat,ut</strong></span> <span class='ocrx_word' id='word_1_499' title='bbox 1960 3438 2039 3489; x_wconf 81' lang='lat' dir='ltr'><strong>sta</strong></span> 
     </span>
    </p>
   </div>
   <div class='ocr_carea' id='block_1_64' title="bbox 2233 3430 3842 3507">
    <p class='ocr_par' dir='ltr' id='par_1_64' title="bbox 2233 3430 3842 3507">
     <span class='ocr_line' id='line_1_66' title="bbox 2233 3430 3842 3507; baseline 0.002 -20"><span class='ocrx_word' id='word_1_500' title='bbox 2233 3430 2482 3495; x_wconf 76' lang='grc' dir='ltr'>ιᾶλλους</span> <span class='ocrx_word' id='word_1_501' title='bbox 2510 3431 2639 3496; x_wconf 78' lang='grc' dir='ltr'>τοὺς</span> <span class='ocrx_word' id='word_1_502' title='bbox 2681 3433 2817 3507; x_wconf 88' lang='grc' dir='ltr'>πρὸς</span> <span class='ocrx_word' id='word_1_503' title='bbox 2862 3432 3027 3487; x_wconf 81' lang='grc' dir='ltr'>αὐτὸν</span> <span class='ocrx_word' id='word_1_504' title='bbox 3078 3430 3429 3496; x_wconf 75' lang='grc' dir='ltr'>ἄπαντῶντας</span> <span class='ocrx_word' id='word_1_505' title='bbox 3479 3432 3655 3498; x_wconf 69' lang='grc' dir='ltr'>οὕτως</span> <span class='ocrx_word' id='word_1_506' title='bbox 3693 3433 3842 3491; x_wconf 70' lang='grc' dir='ltr'>ἐνου-</span> 
     </span>
    </p>
   </div>
   <div class='ocr_carea' id='block_1_65' title="bbox 428 3518 2037 3596">
    <p class='ocr_par' dir='ltr' id='par_1_65' title="bbox 428 3519 2037 3592">
     <span class='ocr_line' id='line_1_67' title="bbox 428 3519 2037 3592; baseline 0.001 -16"><span class='ocrx_word' id='word_1_507' title='bbox 428 3520 536 3576; x_wconf 89' lang='lat' dir='ltr'><strong>tim</strong></span> <span class='ocrx_word' id='word_1_508' title='bbox 558 3519 715 3591; x_wconf 88' lang='lat' dir='ltr'><strong>juris</strong></span> <span class='ocrx_word' id='word_1_509' title='bbox 742 3520 972 3576; x_wconf 88' lang='lat' dir='ltr'><strong>dicendi</strong></span> <span class='ocrx_word' id='word_1_510' title='bbox 1006 3522 1399 3588; x_wconf 88' lang='lat' dir='ltr'><strong>immemores,</strong></span> <span class='ocrx_word' id='word_1_511' title='bbox 1419 3520 1621 3577; x_wconf 88' lang='lat' dir='ltr'><strong>beatos</strong></span> <span class='ocrx_word' id='word_1_512' title='bbox 1644 3520 1776 3577; x_wconf 88' lang='lat' dir='ltr'><strong>illos</strong></span> <span class='ocrx_word' id='word_1_513' title='bbox 1809 3522 2037 3592; x_wconf 63' lang='lat' dir='ltr'><strong>praedic:</strong></span> 
     </span>
    </p>
   </div>
   <div class='ocr_carea' id='block_1_66' title="bbox 2228 3518 3837 3596">
    <p class='ocr_par' dir='ltr' id='par_1_66' title="bbox 2228 3518 3837 3596">
     <span class='ocr_line' id='line_1_68' title="bbox 2228 3518 3837 3596; baseline 0.001 -20"><span class='ocrx_word' id='word_1_514' title='bbox 2228 3524 2350 3594; x_wconf 72' lang='lat' dir='ltr'><strong>ttat,</strong></span> <span class='ocrx_word' id='word_1_515' title='bbox 2406 3521 2483 3583; x_wconf 84' lang='grc' dir='ltr'>ὡς</span> <span class='ocrx_word' id='word_1_516' title='bbox 2539 3518 2986 3576; x_wconf 73' lang='grc' dir='ltr'>ἐπιλανθάνεσθαι</span> <span class='ocrx_word' id='word_1_517' title='bbox 3052 3522 3179 3596; x_wconf 89' lang='grc' dir='ltr'>παρ’</span> <span class='ocrx_word' id='word_1_518' title='bbox 3233 3520 3370 3577; x_wconf 75' lang='grc' dir='ltr'>αὐτὰ</span> <span class='ocrx_word' id='word_1_519' title='bbox 3425 3525 3523 3576; x_wconf 90' lang='grc' dir='ltr'><strong>τοῦ</strong></span> <span class='ocrx_word' id='word_1_520' title='bbox 3577 3519 3837 3593; x_wconf 82' lang='grc' dir='ltr'>δικάζειν,</span> 
     </span>
    </p>
   </div>
   <div class='ocr_carea' id='block_1_67' title="bbox 429 3608 2038 3688">
    <p class='ocr_par' dir='ltr' id='par_1_67' title="bbox 429 3608 2038 3682">
     <span class='ocr_line' id='line_1_69' title="bbox 429 3608 2038 3682; baseline -0.001 -16"><span class='ocrx_word' id='word_1_521' title='bbox 429 3614 560 3666; x_wconf 89' lang='lat' dir='ltr'><strong>rent</strong></span> <span class='ocrx_word' id='word_1_522' title='bbox 589 3610 689 3682; x_wconf 90' lang='lat' dir='ltr'><strong>qui</strong></span> <span class='ocrx_word' id='word_1_523' title='bbox 719 3625 789 3666; x_wconf 82' lang='lat' dir='ltr'><strong>ex</strong></span> <span class='ocrx_word' id='word_1_524' title='bbox 807 3608 1007 3666; x_wconf 65' lang='lat' dir='ltr'><strong>saeculi</strong></span> <span class='ocrx_word' id='word_1_525' title='bbox 1032 3609 1149 3664; x_wconf 91' lang='lat' dir='ltr'><strong>vita</strong></span> <span class='ocrx_word' id='word_1_526' title='bbox 1168 3609 1716 3681; x_wconf 90' lang='lat' dir='ltr'><strong>secederent.Atque</strong></span> <span class='ocrx_word' id='word_1_527' title='bbox 1748 3610 1830 3665; x_wconf 92' lang='lat' dir='ltr'><strong>ita</strong></span> <span class='ocrx_word' id='word_1_528' title='bbox 1858 3610 2038 3681; x_wconf 90' lang='lat' dir='ltr'><strong>injuri</strong></span> 
     </span>
    </p>
   </div>
   <div class='ocr_carea' id='block_1_68' title="bbox 2230 3608 3839 3688">
    <p class='ocr_par' dir='ltr' id='par_1_68' title="bbox 2230 3608 3839 3688">
     <span class='ocr_line' id='line_1_70' title="bbox 2230 3608 3839 3688; baseline 0.002 -24"><span class='ocrx_word' id='word_1_529' title='bbox 2230 3610 2275 3664; x_wconf 74' lang='grc' dir='ltr'><strong>ιὶ</strong></span> <span class='ocrx_word' id='word_1_530' title='bbox 2326 3609 2639 3684; x_wconf 80' lang='grc' dir='ltr'>μακαρίζειν</span> <span class='ocrx_word' id='word_1_531' title='bbox 2704 3608 2834 3671; x_wconf 79' lang='grc' dir='ltr'>τοὺς</span> <span class='ocrx_word' id='word_1_532' title='bbox 2912 3609 3329 3685; x_wconf 79' lang='grc' dir='ltr'>ἀναχωροῦντας</span> <span class='ocrx_word' id='word_1_533' title='bbox 3399 3610 3507 3665; x_wconf 85' lang='grc' dir='ltr'>ἀπὸ</span> <span class='ocrx_word' id='word_1_534' title='bbox 3561 3615 3659 3665; x_wconf 88' lang='grc' dir='ltr'><strong>τοῦ</strong></span> <span class='ocrx_word' id='word_1_535' title='bbox 3713 3611 3839 3688; x_wconf 88' lang='grc' dir='ltr'>βίου</span> 
     </span>
    </p>
   </div>
   <div class='ocr_carea' id='block_1_69' title="bbox 430 3694 2039 3774">
    <p class='ocr_par' dir='ltr' id='par_1_69' title="bbox 430 3697 2039 3771">
     <span class='ocr_line' id='line_1_71' title="bbox 430 3697 2039 3771; baseline 0 -17"><span class='ocrx_word' id='word_1_536' title='bbox 430 3698 770 3755; x_wconf 80' lang='lat' dir='ltr'><strong>aﬁ&#39;ectorum</strong></span> <span class='ocrx_word' id='word_1_537' title='bbox 802 3698 1193 3771; x_wconf 90' lang='lat' dir='ltr'><strong>patrocinium</strong></span> <span class='ocrx_word' id='word_1_538' title='bbox 1224 3697 1603 3771; x_wconf 88' lang='lat' dir='ltr'><strong>suscipiebat,</strong></span> <span class='ocrx_word' id='word_1_539' title='bbox 1650 3702 1714 3754; x_wconf 90' lang='lat' dir='ltr'><strong>ut</strong></span> <span class='ocrx_word' id='word_1_540' title='bbox 1757 3699 2039 3755; x_wconf 81' lang='lat' dir='ltr'><strong>videretui</strong></span> 
     </span>
    </p>
   </div>
   <div class='ocr_carea' id='block_1_70' title="bbox 2246 3694 3855 3774">
    <p class='ocr_par' dir='ltr' id='par_1_70' title="bbox 2246 3694 3855 3774">
     <span class='ocr_line' id='line_1_72' title="bbox 2246 3694 3855 3774; baseline 0.002 -21"><span class='ocrx_word' id='word_1_541' title='bbox 2246 3698 2399 3755; x_wconf 78' lang='grc' dir='ltr'>ύτου.</span> <span class='ocrx_word' id='word_1_542' title='bbox 2467 3697 2631 3755; x_wconf 76' lang='grc' dir='ltr'>Οὕτω</span> <span class='ocrx_word' id='word_1_543' title='bbox 2672 3694 2731 3753; x_wconf 71' lang='grc' dir='ltr'>δὲ</span> <span class='ocrx_word' id='word_1_544' title='bbox 2778 3702 2887 3753; x_wconf 81' lang='grc' dir='ltr'><strong>τῶν</strong></span> <span class='ocrx_word' id='word_1_545' title='bbox 2948 3695 3318 3772; x_wconf 77' lang='grc' dir='ltr'>ἀδικουμένων</span> <span class='ocrx_word' id='word_1_546' title='bbox 3388 3700 3712 3774; x_wconf 76' lang='grc' dir='ltr'>προῗστατο,</span> <span class='ocrx_word' id='word_1_547' title='bbox 3774 3702 3855 3764; x_wconf 85' lang='grc' dir='ltr'><strong>ὡς</strong></span> 
     </span>
    </p>
   </div>
   <div class='ocr_carea' id='block_1_71' title="bbox 1831 3822 2436 3881">
    <p class='ocr_par' dir='ltr' id='par_1_71' title="bbox 1831 3822 2436 3881">
     <span class='ocr_line' id='line_1_73' title="bbox 1831 3822 2436 3881; baseline 0.003 -4"><span class='ocrx_word' id='word_1_548' title='bbox 1831 3822 2083 3880; x_wconf 84' lang='lat' dir='ltr'><strong>VERSIO</strong></span> <span class='ocrx_word' id='word_1_549' title='bbox 2120 3824 2436 3881; x_wconf 80' lang='lat' dir='ltr'><strong>EVAGRII.</strong></span> 
     </span>
    </p>
   </div>
   <div class='ocr_carea' id='block_1_72' title="bbox 426 3921 3847 3995">
    <p class='ocr_par' dir='ltr' id='par_1_72' title="bbox 426 3921 3847 3995">
     <span class='ocr_line' id='line_1_74' title="bbox 426 3921 3847 3995; baseline 0.001 -17"><span class='ocrx_word' id='word_1_550' title='bbox 426 3924 533 3978; x_wconf 93' lang='lat' dir='ltr'><strong>Pro</strong></span> <span class='ocrx_word' id='word_1_551' title='bbox 562 3925 725 3978; x_wconf 86' lang='lat' dir='ltr'><strong>tanta</strong></span> <span class='ocrx_word' id='word_1_552' title='bbox 748 3921 1475 3995; x_wconf 15' lang='lat' dir='ltr'><strong>hominisrsapientiadux</strong></span> <span class='ocrx_word' id='word_1_553' title='bbox 1507 3921 1776 3995; x_wconf 88' lang='lat' dir='ltr'><strong>miratus,</strong></span> <span class='ocrx_word' id='word_1_554' title='bbox 1801 3923 2031 3995; x_wconf 84' lang='lat' dir='ltr'><strong>justam</strong></span> <span class='ocrx_word' id='word_1_555' title='bbox 2061 3924 2132 3980; x_wconf 91' lang='lat' dir='ltr'><strong>de</strong></span> <span class='ocrx_word' id='word_1_556' title='bbox 2162 3939 2229 3978; x_wconf 90' lang='lat' dir='ltr'><strong>eo</strong></span> <span class='ocrx_word' id='word_1_557' title='bbox 2258 3923 2395 3979; x_wconf 89' lang='lat' dir='ltr'><strong>tulit</strong></span> <span class='ocrx_word' id='word_1_558' title='bbox 2427 3938 2746 3995; x_wconf 90' lang='lat' dir='ltr'><strong>veramque</strong></span> <span class='ocrx_word' id='word_1_559' title='bbox 2792 3923 3167 3992; x_wconf 90' lang='lat' dir='ltr'><strong>sententiam,</strong></span> <span class='ocrx_word' id='word_1_560' title='bbox 3214 3923 3449 3980; x_wconf 82' lang='lat' dir='ltr'><strong>dicens:</strong></span> <span class='ocrx_word' id='word_1_561' title='bbox 3481 3923 3630 3981; x_wconf 86' lang='lat' dir='ltr'><strong>Vere</strong></span> <span class='ocrx_word' id='word_1_562' title='bbox 3659 3923 3847 3982; x_wconf 89' lang='lat' dir='ltr'><strong>istum</strong></span> 
     </span>
    </p>
   </div>
   <div class='ocr_carea' id='block_1_73' title="bbox 422 3994 3846 4120">
    <p class='ocr_par' dir='ltr' id='par_1_73' title="bbox 422 3994 3846 4120">
     <span class='ocr_line' id='line_1_75' title="bbox 422 3994 3846 4120; baseline 0.001 -69"><span class='ocrx_word' id='word_1_563' title='bbox 422 4010 551 4051; x_wconf 88' lang='lat' dir='ltr'><strong>esse</strong></span> <span class='ocrx_word' id='word_1_564' title='bbox 580 3994 693 4066; x_wconf 88' lang='lat'><strong>(97)</strong></span> <span class='ocrx_word' id='word_1_565' title='bbox 726 3994 823 4049; x_wconf 89' lang='lat' dir='ltr'><strong>Dei</strong></span> <span class='ocrx_word' id='word_1_566' title='bbox 855 3994 1165 4120; x_wconf 49' lang='lat' dir='ltr'><strong>iamulum,</strong></span> <span class='ocrx_word' id='word_1_567' title='bbox 1198 4010 1302 4050; x_wconf 91' lang='lat' dir='ltr'><strong>nec</strong></span> <span class='ocrx_word' id='word_1_568' title='bbox 1336 3994 1392 4049; x_wconf 92' lang='lat' dir='ltr'><strong>in</strong></span> <span class='ocrx_word' id='word_1_569' title='bbox 1426 3994 1645 4051; x_wconf 86' lang='lat' dir='ltr'><strong>rustico</strong></span> <span class='ocrx_word' id='word_1_570' title='bbox 1680 3994 1915 4050; x_wconf 89' lang='lat' dir='ltr'><strong>homine</strong></span> <span class='ocrx_word' id='word_1_571' title='bbox 1946 3995 2209 4066; x_wconf 87' lang='lat' dir='ltr'><strong>potuisse</strong></span> <span class='ocrx_word' id='word_1_572' title='bbox 2237 3999 2462 4051; x_wconf 88' lang='lat' dir='ltr'><strong>tantam</strong></span> <span class='ocrx_word' id='word_1_573' title='bbox 2508 3994 2826 4067; x_wconf 89' lang='lat' dir='ltr'><strong>aliquando</strong></span> <span class='ocrx_word' id='word_1_574' title='bbox 2856 3996 3051 4051; x_wconf 86' lang='lat' dir='ltr'><strong>inesse</strong></span> <span class='ocrx_word' id='word_1_575' title='bbox 3100 3996 3467 4068; x_wconf 56' lang='lat' dir='ltr'><strong>sapientiam,</strong></span> <span class='ocrx_word' id='word_1_576' title='bbox 3501 3996 3611 4051; x_wconf 82' lang='lat' dir='ltr'><strong>nisi</strong></span> <span class='ocrx_word' id='word_1_577' title='bbox 3644 3996 3846 4053; x_wconf 90' lang='lat' dir='ltr'><strong>divino</strong></span> 
     </span>
     <span class='ocr_line' id='line_1_76' title="bbox 429 4082 975 4120; baseline 0 0"><span class='ocrx_word' id='word_1_578' title='bbox 429 4082 631 4120; x_wconf 89' lang='lat' dir='ltr'><strong>amore</strong></span> <span class='ocrx_word' id='word_1_579' title='bbox 662 4082 860 4120; x_wconf 70' lang='lat' dir='ltr'><strong>regere</strong></span> <span class='ocrx_word' id='word_1_580' title='bbox 890 4083 975 4120; x_wconf 91' lang='lat' dir='ltr'><strong>ur.</strong></span> 
     </span>
    </p>
   </div>
   <div class='ocr_carea' id='block_1_74' title="bbox 429 4082 975 4123">
    <p class='ocr_par' dir='ltr' id='par_1_74' title="bbox 429 4082 975 4123">
     <span class='ocr_line' id='line_1_77' title="bbox 429 4082 975 4123; baseline -0.005 0"><span class='ocrx_word' id='word_1_581' title='bbox 429 4082 631 4123; x_wconf 89' lang='lat' dir='ltr'><strong>amore</strong></span> <span class='ocrx_word' id='word_1_582' title='bbox 662 4082 975 4123; x_wconf 70' lang='lat' dir='ltr'><strong>PBRGI‘OIUP.</strong></span> 
     </span>
    </p>
   </div>
   <div class='ocr_carea' id='block_1_75' title="bbox 488 4082 3832 4219">
    <p class='ocr_par' dir='ltr' id='par_1_75' title="bbox 488 4082 3832 4219">
     <span class='ocr_line' id='line_1_78' title="bbox 488 4082 3832 4219; baseline -0 -26"><span class='ocrx_word' id='word_1_583' title='bbox 488 4082 1055 4219; x_wconf 35' lang='lat' dir='ltr'><strong>frigiggrghgn</strong></span> <span class='ocrx_word' id='word_1_584' title='bbox 1086 4135 1375 4219; x_wconf 73' lang='lat' dir='ltr'><strong>Balacius,</strong></span> <span class='ocrx_word' id='word_1_585' title='bbox 1409 4136 1507 4219; x_wconf 83' lang='lat' dir='ltr'><strong>qui</strong></span> <span class='ocrx_word' id='word_1_586' title='bbox 1539 4134 1945 4219; x_wconf 46' lang='lat' dir='ltr'><strong>subﬁestorio</strong></span> <span class='ocrx_word' id='word_1_587' title='bbox 1977 4137 2246 4218; x_wconf 66' lang='lat' dir='ltr'><strong>praefecto</strong></span> <span class='ocrx_word' id='word_1_588' title='bbox 2276 4137 2636 4219; x_wconf 72' lang='lat' dir='ltr'><strong>Alexandriae</strong></span> <span class='ocrx_word' id='word_1_589' title='bbox 2668 4137 2783 4219; x_wconf 82' lang='lat' dir='ltr'><strong>dux</strong></span> <span class='ocrx_word' id='word_1_590' title='bbox 2817 4137 3041 4219; x_wconf 60' lang='lat' dir='ltr'><strong>[Egypti</strong></span> <span class='ocrx_word' id='word_1_591' title='bbox 3076 4136 3207 4204; x_wconf 81' lang='lat' dir='ltr'><strong>fuit,</strong></span> <span class='ocrx_word' id='word_1_592' title='bbox 3248 4137 3423 4219; x_wconf 71' lang='lat' dir='ltr'><strong>homo</strong></span> <span class='ocrx_word' id='word_1_593' title='bbox 3456 4136 3685 4219; x_wconf 69' lang='lat' dir='ltr'><strong>Arianae</strong></span> <span class='ocrx_word' id='word_1_594' title='bbox 3715 4137 3832 4192; x_wconf 87' lang='lat' dir='ltr'><strong>ini-</strong></span> 
     </span>
    </p>
   </div>
   <div class='ocr_carea' id='block_1_76' title="bbox 356 4207 3835 4281">
    <p class='ocr_par' dir='ltr' id='par_1_76' title="bbox 356 4207 3835 4281">
     <span class='ocr_line' id='line_1_79' title="bbox 356 4207 3835 4281; baseline -0 -16"><span class='ocrx_word' id='word_1_595' title='bbox 356 4226 390 4281; x_wconf 84' lang='lat' dir='ltr'><strong>q</strong></span> <span class='ocrx_word' id='word_1_596' title='bbox 449 4208 653 4265; x_wconf 90' lang='lat' dir='ltr'><strong>uitatis</strong></span> <span class='ocrx_word' id='word_1_597' title='bbox 676 4210 1153 4265; x_wconf 87' lang='lat' dir='ltr'><strong>studiosissimus</strong></span> <span class='ocrx_word' id='word_1_598' title='bbox 1187 4210 1395 4281; x_wconf 49' lang='lat' dir='ltr'><strong>fautor,</strong></span> <span class='ocrx_word' id='word_1_599' title='bbox 1428 4207 1508 4263; x_wconf 91' lang='lat' dir='ltr'><strong>ita</strong></span> <span class='ocrx_word' id='word_1_600' title='bbox 1538 4207 1778 4281; x_wconf 12' lang='lat' dir='ltr'><strong>Christi;</strong></span> <span class='ocrx_word' id='word_1_601' title='bbox 1807 4207 2123 4264; x_wconf 84' lang='lat' dir='ltr'><strong>Ecclesiam</strong></span> <span class='ocrx_word' id='word_1_602' title='bbox 2172 4215 2659 4281; x_wconf 81' lang='lat' dir='ltr'><strong>persequeretur,</strong></span> <span class='ocrx_word' id='word_1_603' title='bbox 2688 4214 2752 4265; x_wconf 91' lang='lat' dir='ltr'><strong>ut</strong></span> <span class='ocrx_word' id='word_1_604' title='bbox 2798 4207 2993 4265; x_wconf 76' lang='lat' dir='ltr'><strong>animo</strong></span> <span class='ocrx_word' id='word_1_605' title='bbox 3044 4225 3277 4275; x_wconf 88' lang='lat' dir='ltr'><strong>vesano,</strong></span> <span class='ocrx_word' id='word_1_606' title='bbox 3340 4209 3593 4279; x_wconf 75' lang='lat' dir='ltr'><strong>virgines</strong></span> <span class='ocrx_word' id='word_1_607' title='bbox 3624 4226 3835 4265; x_wconf 81' lang='lat' dir='ltr'><strong>mona-</strong></span> 
     </span>
    </p>
   </div>
   <div class='ocr_carea' id='block_1_77' title="bbox 405 4279 3834 4354">
    <p class='ocr_par' dir='ltr' id='par_1_77' title="bbox 405 4279 3834 4354">
     <span class='ocr_line' id='line_1_80' title="bbox 405 4279 3834 4354; baseline -0.001 -18"><span class='ocrx_word' id='word_1_608' title='bbox 405 4282 665 4354; x_wconf 89' lang='lat' dir='ltr'><strong>chosque</strong></span> <span class='ocrx_word' id='word_1_609' title='bbox 699 4282 944 4354; x_wconf 70' lang='lat' dir='ltr'><strong>nudatos</strong></span> <span class='ocrx_word' id='word_1_610' title='bbox 972 4282 1304 4354; x_wconf 82' lang='lat' dir='ltr'><strong>verberaret</strong></span> <span class='ocrx_word' id='word_1_611' title='bbox 1332 4280 1389 4335; x_wconf 92' lang='lat' dir='ltr'><strong>in</strong></span> <span class='ocrx_word' id='word_1_612' title='bbox 1427 4279 1677 4354; x_wconf 74' lang='lat' dir='ltr'><strong>publico,</strong></span> <span class='ocrx_word' id='word_1_613' title='bbox 1713 4279 1783 4334; x_wconf 88' lang='lat' dir='ltr'><strong>ad</strong></span> <span class='ocrx_word' id='word_1_614' title='bbox 1817 4295 1951 4335; x_wconf 92' lang='lat' dir='ltr'><strong>eum</strong></span> <span class='ocrx_word' id='word_1_615' title='bbox 2010 4282 2282 4354; x_wconf 76' lang='lat' dir='ltr'><strong>\ntonius</strong></span> <span class='ocrx_word' id='word_1_616' title='bbox 2307 4279 2538 4354; x_wconf 85' lang='lat' dir='ltr'><strong>litteras</strong></span> <span class='ocrx_word' id='word_1_617' title='bbox 2585 4280 2767 4354; x_wconf 85' lang='lat' dir='ltr'><strong>misit,</strong></span> <span class='ocrx_word' id='word_1_618' title='bbox 2800 4297 3050 4354; x_wconf 71' lang='lat' dir='ltr'><strong>quarum</strong></span> <span class='ocrx_word' id='word_1_619' title='bbox 3100 4281 3213 4336; x_wconf 82' lang='lat' dir='ltr'><strong>ista</strong></span> <span class='ocrx_word' id='word_1_620' title='bbox 3238 4281 3534 4354; x_wconf 87' lang='lat' dir='ltr'><strong>sententia</strong></span> <span class='ocrx_word' id='word_1_621' title='bbox 3570 4286 3663 4337; x_wconf 89' lang='lat' dir='ltr'><strong>est</strong></span> <span class='ocrx_word' id='word_1_622' title='bbox 3687 4281 3834 4354; x_wconf 21' lang='lat' dir='ltr'><strong>:AVi-</strong></span> 
     </span>
    </p>
   </div>
   <div class='ocr_carea' id='block_1_78' title="bbox 405 4351 3834 4423">
    <p class='ocr_par' dir='ltr' id='par_1_78' title="bbox 405 4351 3834 4423">
     <span class='ocr_line' id='line_1_81' title="bbox 405 4351 3834 4423; baseline 0 -16"><span class='ocrx_word' id='word_1_623' title='bbox 405 4354 512 4407; x_wconf 91' lang='lat' dir='ltr'><strong>deo</strong></span> <span class='ocrx_word' id='word_1_624' title='bbox 544 4351 693 4407; x_wconf 86' lang='lat' dir='ltr'><strong>iram</strong></span> <span class='ocrx_word' id='word_1_625' title='bbox 725 4352 823 4407; x_wconf 91' lang='lat' dir='ltr'><strong>Dei</strong></span> <span class='ocrx_word' id='word_1_626' title='bbox 857 4353 1179 4407; x_wconf 85' lang='lat' dir='ltr'><strong>venientem</strong></span> <span class='ocrx_word' id='word_1_627' title='bbox 1211 4368 1390 4421; x_wconf 91' lang='lat' dir='ltr'><strong>super</strong></span> <span class='ocrx_word' id='word_1_628' title='bbox 1421 4358 1509 4407; x_wconf 90' lang='lat' dir='ltr'><strong>te:</strong></span> <span class='ocrx_word' id='word_1_629' title='bbox 1541 4351 1740 4406; x_wconf 86' lang='lat' dir='ltr'><strong>desine</strong></span> <span class='ocrx_word' id='word_1_630' title='bbox 1788 4352 2057 4423; x_wconf 82' lang='lat' dir='ltr'><strong>persequi</strong></span> <span class='ocrx_word' id='word_1_631' title='bbox 2102 4352 2487 4417; x_wconf 81' lang='lat' dir='ltr'><strong>Christianos,</strong></span> <span class='ocrx_word' id='word_1_632' title='bbox 2540 4369 2612 4408; x_wconf 92' lang='lat' dir='ltr'><strong>ne</strong></span> <span class='ocrx_word' id='word_1_633' title='bbox 2641 4357 2695 4409; x_wconf 91' lang='lat' dir='ltr'><strong>te</strong></span> <span class='ocrx_word' id='word_1_634' title='bbox 2749 4351 2834 4407; x_wconf 80' lang='lat' dir='ltr'><strong>ira</strong></span> <span class='ocrx_word' id='word_1_635' title='bbox 2866 4359 3128 4422; x_wconf 87' lang='lat' dir='ltr'><strong>occupet,</strong></span> <span class='ocrx_word' id='word_1_636' title='bbox 3180 4369 3305 4423; x_wconf 62' lang='lat' dir='ltr'><strong>quae</strong></span> <span class='ocrx_word' id='word_1_637' title='bbox 3343 4353 3676 4423; x_wconf 81' lang='lat' dir='ltr'><strong>proximum</strong></span> <span class='ocrx_word' id='word_1_638' title='bbox 3700 4352 3834 4422; x_wconf 84' lang='lat' dir='ltr'><strong>jam</strong></span> 
     </span>
    </p>
   </div>
   <div class='ocr_carea' id='block_1_79' title="bbox 405 4422 3836 4495">
    <p class='ocr_par' dir='ltr' id='par_1_79' title="bbox 405 4422 3836 4495">
     <span class='ocr_line' id='line_1_82' title="bbox 405 4422 3836 4495; baseline 0 -17"><span class='ocrx_word' id='word_1_639' title='bbox 405 4424 513 4478; x_wconf 87' lang='lat' dir='ltr'><strong>tibi</strong></span> <span class='ocrx_word' id='word_1_640' title='bbox 548 4423 805 4478; x_wconf 89' lang='lat' dir='ltr'><strong>minatur</strong></span> <span class='ocrx_word' id='word_1_641' title='bbox 853 4424 1173 4495; x_wconf 58' lang='lat' dir='ltr'><strong>interitum,</strong></span> <span class='ocrx_word' id='word_1_642' title='bbox 1212 4423 1369 4495; x_wconf 80' lang='lat' dir='ltr'><strong>Legit</strong></span> <span class='ocrx_word' id='word_1_643' title='bbox 1415 4422 1615 4477; x_wconf 59' lang='lat' dir='ltr'><strong>infelix</strong></span> <span class='ocrx_word' id='word_1_644' title='bbox 1668 4422 2003 4492; x_wconf 83' lang='lat' dir='ltr'><strong>epistolam.</strong></span> <span class='ocrx_word' id='word_1_645' title='bbox 2035 4426 2091 4478; x_wconf 86' lang='lat' dir='ltr'><strong>et</strong></span> <span class='ocrx_word' id='word_1_646' title='bbox 2136 4423 2344 4487; x_wconf 86' lang='lat' dir='ltr'><strong>irrisit,</strong></span> <span class='ocrx_word' id='word_1_647' title='bbox 2392 4429 2568 4495; x_wconf 89' lang='lat' dir='ltr'><strong>atque</strong></span> <span class='ocrx_word' id='word_1_648' title='bbox 2600 4424 2659 4479; x_wconf 94' lang='lat' dir='ltr'><strong>in</strong></span> <span class='ocrx_word' id='word_1_649' title='bbox 2704 4440 2831 4479; x_wconf 85' lang='lat' dir='ltr'><strong>eam</strong></span> <span class='ocrx_word' id='word_1_650' title='bbox 2864 4441 3141 4479; x_wconf 79' lang='lat' dir='ltr'><strong>excreane</strong></span> <span class='ocrx_word' id='word_1_651' title='bbox 3198 4422 3445 4495; x_wconf 82' lang='lat' dir='ltr'><strong>proiecit</strong></span> <span class='ocrx_word' id='word_1_652' title='bbox 3472 4423 3532 4478; x_wconf 92' lang='lat' dir='ltr'><strong>in</strong></span> <span class='ocrx_word' id='word_1_653' title='bbox 3563 4430 3836 4479; x_wconf 85' lang='lat' dir='ltr'><strong>terram:</strong></span> 
     </span>
    </p>
   </div>
   <div class='ocr_carea' id='block_1_80' title="bbox 403 4440 3841 4567">
    <p class='ocr_par' dir='ltr' id='par_1_80' title="bbox 403 4440 3841 4567">
     <span class='ocr_line' id='line_1_83' title="bbox 405 4440 3836 4549; baseline 0 -71"><span class='ocrx_word' id='word_1_654' title='bbox 405 4440 513 4478; x_wconf 85' lang='grc' dir='ltr'>ιιοι</span> <span class='ocrx_word' id='word_1_655' title='bbox 548 4440 805 4478; x_wconf 79' lang='lat' dir='ltr'><strong>minatur</strong></span> <span class='ocrx_word' id='word_1_656' title='bbox 853 4440 1173 4478; x_wconf 76' lang='lat' dir='ltr'><strong>interitum.</strong></span> <span class='ocrx_word' id='word_1_657' title='bbox 1212 4440 1369 4549; x_wconf 53' lang='lat' dir='ltr'><strong>uegit</strong></span> <span class='ocrx_word' id='word_1_658' title='bbox 1415 4440 1615 4477; x_wconf 76' lang='lat' dir='ltr'><strong>invenx</strong></span> <span class='ocrx_word' id='word_1_659' title='bbox 1668 4440 2003 4492; x_wconf 81' lang='lat' dir='ltr'><strong>epistmam.</strong></span> <span class='ocrx_word' id='word_1_660' title='bbox 2035 4440 2091 4478; x_wconf 76' lang='lat' dir='ltr'><strong>et</strong></span> <span class='ocrx_word' id='word_1_661' title='bbox 2136 4440 2344 4487; x_wconf 76' lang='lat' dir='ltr'><strong>irrisit,</strong></span> <span class='ocrx_word' id='word_1_662' title='bbox 2392 4440 2568 4495; x_wconf 77' lang='lat' dir='ltr'><strong>atque</strong></span> <span class='ocrx_word' id='word_1_663' title='bbox 2600 4441 2659 4479; x_wconf 83' lang='lat' dir='ltr'><strong>in</strong></span> <span class='ocrx_word' id='word_1_664' title='bbox 2704 4440 2831 4479; x_wconf 85' lang='lat' dir='ltr'><strong>eam</strong></span> <span class='ocrx_word' id='word_1_665' title='bbox 2864 4441 3141 4479; x_wconf 80' lang='lat' dir='ltr'><strong>excreane</strong></span> <span class='ocrx_word' id='word_1_666' title='bbox 3202 4440 3445 4495; x_wconf 63' lang='lat' dir='ltr'><strong>prolecit</strong></span> <span class='ocrx_word' id='word_1_667' title='bbox 3472 4440 3532 4478; x_wconf 82' lang='lat' dir='ltr'><strong>in</strong></span> <span class='ocrx_word' id='word_1_668' title='bbox 3563 4440 3836 4479; x_wconf 77' lang='lat' dir='ltr'><strong>terram:</strong></span> 
     </span>
     <span class='ocr_line' id='line_1_84' title="bbox 403 4494 3841 4567; baseline 0.001 -18"><span class='ocrx_word' id='word_1_669' title='bbox 403 4496 715 4565; x_wconf 83' lang='lat' dir='ltr'><strong>portitores</strong></span> <span class='ocrx_word' id='word_1_670' title='bbox 748 4511 981 4566; x_wconf 85' lang='lat' dir='ltr'><strong>quoque</strong></span> <span class='ocrx_word' id='word_1_671' title='bbox 1012 4494 1214 4549; x_wconf 90' lang='lat' dir='ltr'><strong>multis</strong></span> <span class='ocrx_word' id='word_1_672' title='bbox 1246 4512 1279 4550; x_wconf 92' lang='lat' dir='ltr'><strong>a</strong></span> <span class='ocrx_word' id='word_1_673' title='bbox 1311 4496 1509 4567; x_wconf 82' lang='lat' dir='ltr'><strong>ticiens</strong></span> <span class='ocrx_word' id='word_1_674' title='bbox 1536 4495 1794 4559; x_wconf 78' lang='lat' dir='ltr'><strong>injuriis,</strong></span> <span class='ocrx_word' id='word_1_675' title='bbox 1830 4495 2083 4567; x_wconf 82' lang='lat' dir='ltr'><strong>Antonio</strong></span> <span class='ocrx_word' id='word_1_676' title='bbox 2132 4496 2274 4550; x_wconf 82' lang='lat' dir='ltr'><strong>talia</strong></span> <span class='ocrx_word' id='word_1_677' title='bbox 2326 4495 2807 4567; x_wconf 83' lang='lat' dir='ltr'><strong>renuntiare(98)</strong></span> <span class='ocrx_word' id='word_1_678' title='bbox 2850 4500 3158 4567; x_wconf 69' lang='lat' dir='ltr'><strong>praecepit:</strong></span> <span class='ocrx_word' id='word_1_679' title='bbox 3189 4495 3500 4567; x_wconf 85' lang='lat' dir='ltr'><strong>Quoniam</strong></span> <span class='ocrx_word' id='word_1_680' title='bbox 3550 4512 3695 4551; x_wconf 90' lang='lat' dir='ltr'><strong>cura</strong></span> <span class='ocrx_word' id='word_1_681' title='bbox 3722 4496 3841 4551; x_wconf 85' lang='lat' dir='ltr'><strong>tibi</strong></span> 
     </span>
    </p>
   </div>
   <div class='ocr_carea' id='block_1_81' title="bbox 407 4565 3836 4649">
    <p class='ocr_par' dir='ltr' id='par_1_81' title="bbox 407 4565 3836 4649">
     <span class='ocr_line' id='line_1_85' title="bbox 407 4565 3836 4649; baseline 0 -27"><span class='ocrx_word' id='word_1_682' title='bbox 407 4572 711 4649; x_wconf 68' lang='lat' dir='ltr'><strong>tantopere</strong></span> <span class='ocrx_word' id='word_1_683' title='bbox 743 4567 1165 4649; x_wconf 67' lang='lat' dir='ltr'><strong>monachorum</strong></span> <span class='ocrx_word' id='word_1_684' title='bbox 1198 4573 1306 4649; x_wconf 81' lang='lat' dir='ltr'><strong>est,</strong></span> <span class='ocrx_word' id='word_1_685' title='bbox 1340 4566 1517 4648; x_wconf 72' lang='lat' dir='ltr'><strong>etiam</strong></span> <span class='ocrx_word' id='word_1_686' title='bbox 1551 4568 1711 4649; x_wconf 34' lang='lat' dir='ltr'><strong>adite</strong></span> <span class='ocrx_word' id='word_1_687' title='bbox 1746 4566 1856 4620; x_wconf 90' lang='lat' dir='ltr'><strong>mei</strong></span> <span class='ocrx_word' id='word_1_688' title='bbox 1889 4565 2105 4649; x_wconf 46' lang='lat' dir='ltr'><strong>vigoris</strong></span> <span class='ocrx_word' id='word_1_689' title='bbox 2141 4565 2920 4649; x_wconf 31' lang='lat' dir='ltr'><strong>transibitﬁisciplina.‘Sed</strong></span> <span class='ocrx_word' id='word_1_690' title='bbox 2951 4565 3695 4649; x_wconf 48' lang='lat' dir='ltr'><strong>congestimminitatorom</strong></span> <span class='ocrx_word' id='word_1_691' title='bbox 3728 4583 3836 4649; x_wconf 73' lang='lat' dir='ltr'><strong>op-</strong></span> 
     </span>
    </p>
   </div>
   <div class='ocr_carea' id='block_1_82' title="bbox 405 4635 3840 4711">
    <p class='ocr_par' dir='ltr' id='par_1_82' title="bbox 405 4635 3840 4711">
     <span class='ocr_line' id='line_1_86' title="bbox 405 4635 3840 4711; baseline -0.001 -17"><span class='ocrx_word' id='word_1_692' title='bbox 405 4635 620 4711; x_wconf 86' lang='lat' dir='ltr'><strong>pressit</strong></span> <span class='ocrx_word' id='word_1_693' title='bbox 651 4637 1029 4711; x_wconf 83' lang='lat' dir='ltr'><strong>supplicium.</strong></span> <span class='ocrx_word' id='word_1_694' title='bbox 1062 4643 1118 4711; x_wconf 81' lang='lat' dir='ltr'><strong>et</strong></span> <span class='ocrx_word' id='word_1_695' title='bbox 1153 4635 1571 4711; x_wconf 82' lang='lat' dir='ltr'><strong>postquinque</strong></span> <span class='ocrx_word' id='word_1_696' title='bbox 1602 4637 1726 4692; x_wconf 87' lang='lat' dir='ltr'><strong>dies</strong></span> <span class='ocrx_word' id='word_1_697' title='bbox 1756 4654 1820 4711; x_wconf 74' lang='lat' dir='ltr'><strong>es</strong></span> <span class='ocrx_word' id='word_1_698' title='bbox 1853 4635 2196 4693; x_wconf 69' lang='lat' dir='ltr'><strong>effrenatum</strong></span> <span class='ocrx_word' id='word_1_699' title='bbox 2232 4638 2373 4711; x_wconf 85' lang='lat' dir='ltr'><strong>ultio</strong></span> <span class='ocrx_word' id='word_1_700' title='bbox 2406 4635 2613 4694; x_wconf 78' lang='lat' dir='ltr'><strong>divina</strong></span> <span class='ocrx_word' id='word_1_701' title='bbox 2631 4639 3012 4711; x_wconf 88' lang='lat' dir='ltr'><strong>compescuit.</strong></span> <span class='ocrx_word' id='word_1_702' title='bbox 3064 4638 3385 4711; x_wconf 17' lang='lat' dir='ltr'><strong>Egreditur,</strong></span> <span class='ocrx_word' id='word_1_703' title='bbox 3415 4640 3583 4711; x_wconf 70' lang='lat' dir='ltr'><strong>enim</strong></span> <span class='ocrx_word' id='word_1_704' title='bbox 3605 4639 3677 4693; x_wconf 91' lang='lat' dir='ltr'><strong>ad</strong></span> <span class='ocrx_word' id='word_1_705' title='bbox 3712 4635 3840 4710; x_wconf 79' lang='lat' dir='ltr'><strong>pri-</strong></span> 
     </span>
    </p>
   </div>
   <div class='ocr_carea' id='block_1_83' title="bbox 404 4708 3831 4781">
    <p class='ocr_par' dir='ltr' id='par_1_83' title="bbox 404 4708 3831 4781">
     <span class='ocr_line' id='line_1_87' title="bbox 404 4708 3831 4781; baseline -0 -16"><span class='ocrx_word' id='word_1_706' title='bbox 404 4708 564 4765; x_wconf 75' lang='lat' dir='ltr'><strong>mam</strong></span> <span class='ocrx_word' id='word_1_707' title='bbox 603 4708 967 4765; x_wconf 71' lang='lat' dir='ltr'><strong>mansionem</strong></span> <span class='ocrx_word' id='word_1_708' title='bbox 1024 4708 1397 4773; x_wconf 60' lang='lat' dir='ltr'><strong>Alexandriée,</strong></span> <span class='ocrx_word' id='word_1_709' title='bbox 1430 4708 1556 4781; x_wconf 74' lang='lat' dir='ltr'><strong>quae</strong></span> <span class='ocrx_word' id='word_1_710' title='bbox 1612 4708 1944 4781; x_wconf 80' lang='lat' dir='ltr'><strong>appellatur</strong></span> <span class='ocrx_word' id='word_1_711' title='bbox 1987 4714 2162 4765; x_wconf 89' lang='lat' dir='ltr'><strong>Cereu</strong></span> <span class='ocrx_word' id='word_1_712' title='bbox 2196 4710 2331 4781; x_wconf 81' lang='lat'><strong>(99),</strong></span> <span class='ocrx_word' id='word_1_713' title='bbox 2392 4726 2527 4765; x_wconf 91' lang='lat' dir='ltr'><strong>cum</strong></span> <span class='ocrx_word' id='word_1_714' title='bbox 2576 4708 2914 4780; x_wconf 83' lang='lat' dir='ltr'><strong>supradicto</strong></span> <span class='ocrx_word' id='word_1_715' title='bbox 2972 4708 3195 4781; x_wconf 60' lang='lat' dir='ltr'><strong>[Egypti</strong></span> <span class='ocrx_word' id='word_1_716' title='bbox 3242 4710 3508 4780; x_wconf 70' lang='lat' dir='ltr'><strong>praefecto</strong></span> <span class='ocrx_word' id='word_1_717' title='bbox 3539 4708 3831 4765; x_wconf 52' lang='lat' dir='ltr'><strong>Nesto&#39;rio.</strong></span> 
     </span>
    </p>
   </div>
   <div class='ocr_carea' id='block_1_84' title="bbox 409 4780 3839 4854">
    <p class='ocr_par' dir='ltr' id='par_1_84' title="bbox 409 4780 3839 4854">
     <span class='ocr_line' id='line_1_88' title="bbox 409 4780 3839 4854; baseline 0 -18"><span class='ocrx_word' id='word_1_718' title='bbox 409 4783 711 4854; x_wconf 80' lang='lat' dir='ltr'><strong>Vehuntur</strong></span> <span class='ocrx_word' id='word_1_719' title='bbox 742 4782 930 4853; x_wconf 88' lang='lat' dir='ltr'><strong>equis,</strong></span> <span class='ocrx_word' id='word_1_720' title='bbox 964 4798 1113 4854; x_wconf 84' lang='lat' dir='ltr'><strong>quos</strong></span> <span class='ocrx_word' id='word_1_721' title='bbox 1145 4783 1297 4836; x_wconf 87' lang='lat' dir='ltr'><strong>inter</strong></span> <span class='ocrx_word' id='word_1_722' title='bbox 1326 4798 1555 4854; x_wconf 77' lang='lat' dir='ltr'><strong>omnes</strong></span> <span class='ocrx_word' id='word_1_723' title='bbox 1588 4780 2082 4854; x_wconf 55' lang='lat' dir='ltr'><strong>Balacius,_cujus</strong></span> <span class='ocrx_word' id='word_1_724' title='bbox 2128 4780 2315 4854; x_wconf 86' lang='lat' dir='ltr'><strong>erant,</strong></span> <span class='ocrx_word' id='word_1_725' title='bbox 2350 4782 2864 4837; x_wconf 87' lang='lat' dir='ltr'><strong>mansuetissimos</strong></span> <span class='ocrx_word' id='word_1_726' title='bbox 2919 4780 3242 4854; x_wconf 18' lang='lat' dir='ltr'><strong>nutriebat.»</strong></span> <span class='ocrx_word' id='word_1_727' title='bbox 3266 4781 3411 4836; x_wconf 90' lang='lat' dir='ltr'><strong>Cum</strong></span> <span class='ocrx_word' id='word_1_728' title='bbox 3443 4796 3581 4854; x_wconf 84' lang='lat' dir='ltr'><strong>ergo</strong></span> <span class='ocrx_word' id='word_1_729' title='bbox 3615 4781 3839 4854; x_wconf 82' lang='lat' dir='ltr'><strong>pariter</strong></span> 
     </span>
    </p>
   </div>
   <div class='ocr_carea' id='block_1_85' title="bbox 406 4851 3833 4924">
    <p class='ocr_par' dir='ltr' id='par_1_85' title="bbox 406 4851 3833 4924">
     <span class='ocr_line' id='line_1_89' title="bbox 406 4851 3833 4924; baseline -0 -15"><span class='ocrx_word' id='word_1_730' title='bbox 406 4854 579 4909; x_wconf 90' lang='lat' dir='ltr'><strong>solito</strong></span> <span class='ocrx_word' id='word_1_731' title='bbox 611 4851 845 4910; x_wconf 81' lang='lat' dir='ltr'><strong>sibimet</strong></span> <span class='ocrx_word' id='word_1_732' title='bbox 876 4851 1011 4924; x_wconf 87' lang='lat' dir='ltr'><strong>equi</strong></span> <span class='ocrx_word' id='word_1_733' title='bbox 1043 4853 1395 4918; x_wconf 89' lang='lat' dir='ltr'><strong>alluderent,</strong></span> <span class='ocrx_word' id='word_1_734' title='bbox 1435 4852 1652 4917; x_wconf 87' lang='lat' dir='ltr'><strong>mitior,</strong></span> <span class='ocrx_word' id='word_1_735' title='bbox 1701 4867 1814 4922; x_wconf 90' lang='lat' dir='ltr'><strong>quo</strong></span> <span class='ocrx_word' id='word_1_736' title='bbox 1846 4851 2149 4924; x_wconf 86' lang='lat' dir='ltr'><strong>Nestorius</strong></span> <span class='ocrx_word' id='word_1_737' title='bbox 2178 4853 2521 4920; x_wconf 85' lang='lat' dir='ltr'><strong>vehebatur,</strong></span> <span class='ocrx_word' id='word_1_738' title='bbox 2574 4870 2770 4909; x_wconf 89' lang='lat' dir='ltr'><strong>morsu</strong></span> <span class='ocrx_word' id='word_1_739' title='bbox 2804 4854 3110 4923; x_wconf 90' lang='lat' dir='ltr'><strong>repentino</strong></span> <span class='ocrx_word' id='word_1_740' title='bbox 3148 4852 3445 4909; x_wconf 84' lang='lat' dir='ltr'><strong>Balacium</strong></span> <span class='ocrx_word' id='word_1_741' title='bbox 3478 4851 3743 4909; x_wconf 79' lang='lat' dir='ltr'><strong>decussit</strong></span> <span class='ocrx_word' id='word_1_742' title='bbox 3772 4854 3833 4908; x_wconf 89' lang='lat' dir='ltr'><strong>in</strong></span> 
     </span>
    </p>
   </div>
   <div class='ocr_carea' id='block_1_86' title="bbox 406 4923 3839 4996">
    <p class='ocr_par' dir='ltr' id='par_1_86' title="bbox 406 4923 3839 4996">
     <span class='ocr_line' id='line_1_90' title="bbox 406 4923 3839 4996; baseline -0.001 -14"><span class='ocrx_word' id='word_1_743' title='bbox 406 4932 648 4993; x_wconf 88' lang='lat' dir='ltr'><strong>terram,</strong></span> <span class='ocrx_word' id='word_1_744' title='bbox 681 4942 747 4980; x_wconf 92' lang='lat' dir='ltr'><strong>ac</strong></span> <span class='ocrx_word' id='word_1_745' title='bbox 779 4927 861 4980; x_wconf 90' lang='lat' dir='ltr'><strong>sic</strong></span> <span class='ocrx_word' id='word_1_746' title='bbox 895 4926 952 4980; x_wconf 90' lang='lat' dir='ltr'><strong>in</strong></span> <span class='ocrx_word' id='word_1_747' title='bbox 985 4941 1120 4981; x_wconf 88' lang='lat' dir='ltr'><strong>eum</strong></span> <span class='ocrx_word' id='word_1_748' title='bbox 1157 4925 1416 4990; x_wconf 87' lang='lat' dir='ltr'><strong>inhians,</strong></span> <span class='ocrx_word' id='word_1_749' title='bbox 1454 4925 1671 4979; x_wconf 73' lang='lat' dir='ltr'><strong>femora</strong></span> <span class='ocrx_word' id='word_1_750' title='bbox 1701 4926 1829 4993; x_wconf 90' lang='lat' dir='ltr'><strong>ejus</strong></span> <span class='ocrx_word' id='word_1_751' title='bbox 1860 4923 2132 4980; x_wconf 86' lang='lat' dir='ltr'><strong>laceravit</strong></span> <span class='ocrx_word' id='word_1_752' title='bbox 2164 4931 2339 4996; x_wconf 88' lang='lat' dir='ltr'><strong>atque</strong></span> <span class='ocrx_word' id='word_1_753' title='bbox 2370 4924 2636 4995; x_wconf 86' lang='lat' dir='ltr'><strong>corrosit,</strong></span> <span class='ocrx_word' id='word_1_754' title='bbox 2671 4928 2735 4980; x_wconf 89' lang='lat' dir='ltr'><strong>ut</strong></span> <span class='ocrx_word' id='word_1_755' title='bbox 2765 4925 2963 4981; x_wconf 89' lang='lat' dir='ltr'><strong>statim</strong></span> <span class='ocrx_word' id='word_1_756' title='bbox 2996 4925 3216 4980; x_wconf 89' lang='lat' dir='ltr'><strong>relatus</strong></span> <span class='ocrx_word' id='word_1_757' title='bbox 3248 4926 3318 4980; x_wconf 87' lang='lat' dir='ltr'><strong>ad</strong></span> <span class='ocrx_word' id='word_1_758' title='bbox 3353 4924 3667 4994; x_wconf 88' lang='lat' dir='ltr'><strong>civitatem,</strong></span> <span class='ocrx_word' id='word_1_759' title='bbox 3702 4928 3839 4995; x_wconf 88' lang='lat' dir='ltr'><strong>post</strong></span> 
     </span>
    </p>
   </div>
   <div class='ocr_carea' id='block_1_87' title="bbox 408 4996 3837 5079">
    <p class='ocr_par' dir='ltr' id='par_1_87' title="bbox 408 4996 3837 5079">
     <span class='ocr_line' id='line_1_91' title="bbox 408 4996 3837 5079; baseline -0.001 -26"><span class='ocrx_word' id='word_1_760' title='bbox 408 4997 649 5079; x_wconf 78' lang='lat' dir='ltr'><strong>tertium</strong></span> <span class='ocrx_word' id='word_1_761' title='bbox 682 4998 839 5079; x_wconf 80' lang='lat' dir='ltr'><strong>diem</strong></span> <span class='ocrx_word' id='word_1_762' title='bbox 873 5001 1231 5079; x_wconf 68' lang='lat' dir='ltr'><strong>moreretur:</strong></span> <span class='ocrx_word' id='word_1_763' title='bbox 1270 4996 1645 5079; x_wconf 79' lang='lat' dir='ltr'><strong>universique</strong></span> <span class='ocrx_word' id='word_1_764' title='bbox 1676 5000 2060 5079; x_wconf 77' lang='lat' dir='ltr'><strong>agnoscerent</strong></span> <span class='ocrx_word' id='word_1_765' title='bbox 2090 4996 2380 5053; x_wconf 89' lang='lat' dir='ltr'><strong>minarum</strong></span> <span class='ocrx_word' id='word_1_766' title='bbox 2414 4997 2485 5051; x_wconf 90' lang='lat' dir='ltr'><strong>ab</strong></span> <span class='ocrx_word' id='word_1_767' title='bbox 2521 4998 2770 5052; x_wconf 87' lang='lat' dir='ltr'><strong>Antonio</strong></span> <span class='ocrx_word' id='word_1_768' title='bbox 2816 4996 3230 5069; x_wconf 69' lang='lat' dir='ltr'><strong>praedictarum</strong></span> <span class='ocrx_word' id='word_1_769' title='bbox 3278 4996 3546 5052; x_wconf 74' lang='lat' dir='ltr'><strong>elfectum</strong></span> <span class='ocrx_word' id='word_1_770' title='bbox 3581 5001 3837 5068; x_wconf 87' lang='lat' dir='ltr'><strong>quanto-</strong></span> 
     </span>
    </p>
   </div>
   <div class='ocr_carea' id='block_1_88' title="bbox 410 5066 1944 5141">
    <p class='ocr_par' dir='ltr' id='par_1_88' title="bbox 410 5066 1944 5141">
     <span class='ocr_line' id='line_1_92' title="bbox 410 5066 1944 5141; baseline -0.003 -16"><span class='ocrx_word' id='word_1_771' title='bbox 410 5070 540 5125; x_wconf 92' lang='lat' dir='ltr'><strong>cius</strong></span> <span class='ocrx_word' id='word_1_772' title='bbox 573 5074 975 5133; x_wconf 85' lang='lat' dir='ltr'><strong>consecutum,</strong></span> <span class='ocrx_word' id='word_1_773' title='bbox 1005 5066 1603 5141; x_wconf 86' lang='lat' dir='ltr'><strong>dignopersecutoris</strong></span> <span class='ocrx_word' id='word_1_774' title='bbox 1634 5066 1944 5141; x_wconf 75' lang='lat' dir='ltr'><strong>completo.</strong></span> 
     </span>
    </p>
   </div>
   <div class='ocr_carea' id='block_1_89' title="bbox 486 5135 3848 5209">
    <p class='ocr_par' dir='ltr' id='par_1_89' title="bbox 486 5135 3848 5209">
     <span class='ocr_line' id='line_1_93' title="bbox 486 5135 3848 5209; baseline -0.001 -15"><span class='ocrx_word' id='word_1_775' title='bbox 486 5141 576 5194; x_wconf 88' lang='lat'><strong>87.</strong></span> <span class='ocrx_word' id='word_1_776' title='bbox 610 5141 858 5196; x_wconf 71' lang='lat' dir='ltr'><strong>Caeteros</strong></span> <span class='ocrx_word' id='word_1_777' title='bbox 889 5141 957 5195; x_wconf 89' lang='lat' dir='ltr'><strong>ad</strong></span> <span class='ocrx_word' id='word_1_778' title='bbox 993 5157 1053 5196; x_wconf 88' lang='lat' dir='ltr'><strong>se</strong></span> <span class='ocrx_word' id='word_1_779' title='bbox 1069 5135 1379 5195; x_wconf 56' lang='lat' dir='ltr'><strong>Venientes</strong></span> <span class='ocrx_word' id='word_1_780' title='bbox 1411 5139 1562 5193; x_wconf 90' lang='lat' dir='ltr'><strong>mira</strong></span> <span class='ocrx_word' id='word_1_781' title='bbox 1590 5155 1726 5194; x_wconf 91' lang='lat' dir='ltr'><strong>cum</strong></span> <span class='ocrx_word' id='word_1_782' title='bbox 1766 5135 2050 5193; x_wconf 81' lang='lat' dir='ltr'><strong>modestia</strong></span> <span class='ocrx_word' id='word_1_783' title='bbox 2074 5138 2364 5194; x_wconf 86' lang='lat' dir='ltr'><strong>Antonius</strong></span> <span class='ocrx_word' id='word_1_784' title='bbox 2396 5139 2766 5201; x_wconf 85' lang='lat' dir='ltr'><strong>admonebat,</strong></span> <span class='ocrx_word' id='word_1_785' title='bbox 2800 5141 2867 5193; x_wconf 89' lang='lat' dir='ltr'><strong>ut</strong></span> <span class='ocrx_word' id='word_1_786' title='bbox 2894 5137 3076 5193; x_wconf 89' lang='lat' dir='ltr'><strong>oblita</strong></span> <span class='ocrx_word' id='word_1_787' title='bbox 3108 5136 3309 5193; x_wconf 65' lang='lat' dir='ltr'><strong>seculi</strong></span> <span class='ocrx_word' id='word_1_788' title='bbox 3341 5135 3633 5209; x_wconf 86' lang='lat' dir='ltr'><strong>dignitate</strong></span> <span class='ocrx_word' id='word_1_789' title='bbox 3654 5151 3848 5209; x_wconf 84' lang='lat' dir='ltr'><strong>remo-</strong></span> 
     </span>
    </p>
   </div>
   <div class='ocr_carea' id='block_1_90' title="bbox 415 5208 3856 5293">
    <p class='ocr_par' dir='ltr' id='par_1_90' title="bbox 415 5208 3856 5293">
     <span class='ocr_line' id='line_1_94' title="bbox 415 5208 3856 5293; baseline -0.001 -28"><span class='ocrx_word' id='word_1_790' title='bbox 415 5211 740 5293; x_wconf 67' lang='lat' dir='ltr'><strong>tior_is__vitm</strong></span> <span class='ocrx_word' id='word_1_791' title='bbox 774 5211 1198 5293; x_wconf 75' lang='lat' dir='ltr'><strong>beatitudinem</strong></span> <span class='ocrx_word' id='word_1_792' title='bbox 1221 5216 1594 5293; x_wconf 46' lang='lat' dir='ltr'><strong>appeterent,</strong></span> <span class='ocrx_word' id='word_1_793' title='bbox 1620 5209 1679 5292; x_wconf 75' lang='lat' dir='ltr'><strong>Si</strong></span> <span class='ocrx_word' id='word_1_794' title='bbox 1715 5210 1813 5281; x_wconf 89' lang='lat' dir='ltr'><strong>qui</strong></span> <span class='ocrx_word' id='word_1_795' title='bbox 1851 5214 2048 5293; x_wconf 58' lang='lat' dir='ltr'><strong>autenm</strong></span> <span class='ocrx_word' id='word_1_796' title='bbox 2100 5211 2310 5293; x_wconf 78' lang='lat' dir='ltr'><strong>majori</strong></span> <span class='ocrx_word' id='word_1_797' title='bbox 2340 5215 2653 5293; x_wconf 42' lang='lat' dir='ltr'><strong>potestate.</strong></span> <span class='ocrx_word' id='word_1_798' title='bbox 2690 5208 3557 5293; x_wconf 37' lang='lat' dir='ltr'><strong>premebant_ur,.necpoterlant</strong></span> <span class='ocrx_word' id='word_1_799' title='bbox 3585 5208 3856 5293; x_wconf 69' lang='lat' dir='ltr'><strong>obtinere</strong></span> 
     </span>
    </p>
   </div>
   <div class='ocr_carea' id='block_1_91' title="bbox 414 5278 3853 5355">
    <p class='ocr_par' dir='ltr' id='par_1_91' title="bbox 414 5278 3853 5355">
     <span class='ocr_line' id='line_1_95' title="bbox 414 5278 3853 5355; baseline -0.001 -16"><span class='ocrx_word' id='word_1_800' title='bbox 414 5283 738 5355; x_wconf 88' lang='lat' dir='ltr'><strong>justitiam,</strong></span> <span class='ocrx_word' id='word_1_801' title='bbox 772 5301 872 5340; x_wconf 93' lang='lat' dir='ltr'><strong>eos</strong></span> <span class='ocrx_word' id='word_1_802' title='bbox 902 5284 1112 5340; x_wconf 81' lang='lat' dir='ltr'><strong>obnixe</strong></span> <span class='ocrx_word' id='word_1_803' title='bbox 1140 5278 1507 5352; x_wconf 78' lang='lat' dir='ltr'><strong>defendebat,</strong></span> <span class='ocrx_word' id='word_1_804' title='bbox 1539 5287 1605 5337; x_wconf 91' lang='lat' dir='ltr'><strong>ut</strong></span> <span class='ocrx_word' id='word_1_805' title='bbox 1653 5278 1780 5353; x_wconf 83' lang='lat' dir='ltr'><strong>ipse</strong></span> <span class='ocrx_word' id='word_1_806' title='bbox 1831 5298 1935 5353; x_wconf 91' lang='lat' dir='ltr'><strong>pro</strong></span> <span class='ocrx_word' id='word_1_807' title='bbox 1967 5281 2083 5337; x_wconf 91' lang='lat' dir='ltr'><strong>illis</strong></span> <span class='ocrx_word' id='word_1_808' title='bbox 2129 5278 2249 5354; x_wconf 75' lang='lat' dir='ltr'><strong>pati</strong></span> <span class='ocrx_word' id='word_1_809' title='bbox 2298 5278 2593 5339; x_wconf 79' lang='lat' dir='ltr'><strong>videretur</strong></span> <span class='ocrx_word' id='word_1_810' title='bbox 2639 5278 2941 5353; x_wconf 79' lang='lat' dir='ltr'><strong>injuriam.</strong></span> <span class='ocrx_word' id='word_1_811' title='bbox 2992 5281 3196 5338; x_wconf 90' lang='lat' dir='ltr'><strong>Multis</strong></span> <span class='ocrx_word' id='word_1_812' title='bbox 3230 5278 3391 5337; x_wconf 84' lang='lat' dir='ltr'><strong>utilis</strong></span> <span class='ocrx_word' id='word_1_813' title='bbox 3446 5280 3556 5335; x_wconf 83' lang='lat' dir='ltr'><strong>fuit</strong></span> <span class='ocrx_word' id='word_1_814' title='bbox 3583 5278 3853 5351; x_wconf 68' lang='lat' dir='ltr'><strong>prmclari</strong></span> 
     </span>
    </p>
   </div>
   <div class='ocr_carea' id='block_1_92' title="bbox 493 5428 3853 5515">
    <p class='ocr_par' dir='ltr' id='par_1_92' title="bbox 493 5428 3853 5515">
     <span class='ocr_line' id='line_1_96' title="bbox 493 5428 3853 5515; baseline -0 -29"><span class='ocrx_word' id='word_1_815' title='bbox 493 5434 605 5503; x_wconf 85' lang='grc'><strong>(94)</strong></span> <span class='ocrx_word' id='word_1_816' title='bbox 626 5432 781 5515; x_wconf 32' lang='lat' dir='ltr'><strong>.Yide</strong></span> <span class='ocrx_word' id='word_1_817' title='bbox 813 5434 1107 5489; x_wconf 73' lang='lat' dir='ltr'><strong>Historiam</strong></span> <span class='ocrx_word' id='word_1_818' title='bbox 1144 5434 1485 5487; x_wconf 62' lang='lat' dir='ltr'><strong>Arianorum</strong></span> <span class='ocrx_word' id='word_1_819' title='bbox 1517 5430 1588 5486; x_wconf 88' lang='lat' dir='ltr'><strong>ad</strong></span> <span class='ocrx_word' id='word_1_820' title='bbox 1615 5429 1927 5498; x_wconf 73' lang='lat' dir='ltr'><strong>monachos,</strong></span> <span class='ocrx_word' id='word_1_821' title='bbox 1961 5447 2074 5485; x_wconf 62' lang='lat' dir='ltr'><strong>nu-</strong></span> <span class='ocrx_word' id='word_1_822' title='bbox 2260 5431 2367 5515; x_wconf 40' lang='lat'><strong>(9::5.)</strong></span> <span class='ocrx_word' id='word_1_823' title='bbox 2401 5435 2487 5515; x_wconf 74' lang='lat' dir='ltr'><strong>Ita</strong></span> <span class='ocrx_word' id='word_1_824' title='bbox 2515 5447 2721 5488; x_wconf 90' lang='lat' dir='ltr'><strong>omnes</strong></span> <span class='ocrx_word' id='word_1_825' title='bbox 2753 5447 2899 5503; x_wconf 90' lang='lat' dir='ltr'><strong>pene</strong></span> <span class='ocrx_word' id='word_1_826' title='bbox 2931 5430 3343 5503; x_wconf 79' lang='lat' dir='ltr'><strong>manuscripti.</strong></span> <span class='ocrx_word' id='word_1_827' title='bbox 3377 5428 3529 5485; x_wconf 88' lang='lat' dir='ltr'><strong>Editi</strong></span> <span class='ocrx_word' id='word_1_828' title='bbox 3570 5443 3728 5496; x_wconf 82' lang='lat' dir='ltr'><strong>vero,</strong></span> <span class='ocrx_word' id='word_1_829' title='bbox 3761 5444 3853 5485; x_wconf 81' lang='lat' dir='ltr'><strong>re-</strong></span> 
     </span>
    </p>
   </div>
   <div class='ocr_carea' id='block_1_93' title="bbox 422 5506 3853 5647">
    <p class='ocr_par' dir='ltr' id='par_1_93' title="bbox 422 5506 3853 5647">
     <span class='ocr_line' id='line_1_97' title="bbox 422 5506 3853 5647; baseline -0.001 -18"><span class='ocrx_word' id='word_1_830' title='bbox 422 5506 731 5647; x_wconf 54' lang='lat' dir='ltr'><strong>m?§g)&#39;§ic</strong></span> <span class='ocrx_word' id='word_1_831' title='bbox 763 5575 1002 5647; x_wconf 89' lang='lat' dir='ltr'><strong>quidam</strong></span> <span class='ocrx_word' id='word_1_832' title='bbox 1031 5575 1438 5646; x_wconf 87' lang='lat' dir='ltr'><strong>manuscripti.</strong></span> <span class='ocrx_word' id='word_1_833' title='bbox 1467 5573 1728 5647; x_wconf 79' lang='lat' dir='ltr'><strong>Ineditis</strong></span> <span class='ocrx_word' id='word_1_834' title='bbox 1748 5569 1873 5647; x_wconf 75' lang='grc' dir='ltr'>περ(</span> <span class='ocrx_word' id='word_1_835' title='bbox 1894 5573 2071 5627; x_wconf 81' lang='lat' dir='ltr'><strong>deest.</strong></span> <span class='ocrx_word' id='word_1_836' title='bbox 2183 5508 2491 5645; x_wconf 45' lang='grc' dir='ltr'><strong>⁷1⁸ιᾶῗὲἰό</strong></span> <span class='ocrx_word' id='word_1_837' title='bbox 2526 5573 2786 5647; x_wconf 82' lang='lat' dir='ltr'><strong>Desmar.</strong></span> <span class='ocrx_word' id='word_1_838' title='bbox 2820 5574 3062 5646; x_wconf 79' lang='lat' dir='ltr'><strong>optime.</strong></span> <span class='ocrx_word' id='word_1_839' title='bbox 3098 5570 3666 5647; x_wconf 16' lang='lat' dir='ltr'><strong>Aliii_,7€ercum,_al_i_i,</strong></span> <span class='ocrx_word' id='word_1_840' title='bbox 3697 5573 3853 5628; x_wconf 62' lang='lat' dir='ltr'><strong>Chr-</strong></span> 
     </span>
    </p>
   </div>
   <div class='ocr_carea' id='block_1_94' title="bbox 494 5642 3854 5718">
    <p class='ocr_par' dir='ltr' id='par_1_94' title="bbox 494 5642 3854 5718">
     <span class='ocr_line' id='line_1_98' title="bbox 494 5642 3854 5718; baseline 0.001 -18"><span class='ocrx_word' id='word_1_841' title='bbox 494 5642 606 5718; x_wconf 77' lang='lat'>(96)</span> <span class='ocrx_word' id='word_1_842' title='bbox 640 5648 724 5701; x_wconf 85' lang='lat' dir='ltr'><strong>Ita</strong></span> <span class='ocrx_word' id='word_1_843' title='bbox 754 5642 960 5703; x_wconf 76' lang='lat' dir='ltr'><strong>omnes</strong></span> <span class='ocrx_word' id='word_1_844' title='bbox 992 5642 1402 5718; x_wconf 81' lang='lat' dir='ltr'><strong>manuscripti.</strong></span> <span class='ocrx_word' id='word_1_845' title='bbox 1439 5645 1587 5701; x_wconf 87' lang='lat' dir='ltr'><strong>Editi</strong></span> <span class='ocrx_word' id='word_1_846' title='bbox 1617 5642 2073 5718; x_wconf 36' lang='grc' dir='ltr'>νειιιρηῦπαρχος.</span> <span class='ocrx_word' id='word_1_847' title='bbox 2187 5642 2507 5718; x_wconf 60' lang='grc' dir='ltr'>νειὶηιόιιω</span> <span class='ocrx_word' id='word_1_848' title='bbox 2540 5645 2823 5701; x_wconf 84' lang='lat' dir='ltr'><strong>Bollando</strong></span> <span class='ocrx_word' id='word_1_849' title='bbox 2861 5642 3101 5702; x_wconf 51' lang='lat' dir='ltr'><strong>&#39;vocant.</strong></span> <span class='ocrx_word' id='word_1_850' title='bbox 3154 5645 3301 5700; x_wconf 86' lang='lat' dir='ltr'><strong>Vide</strong></span> <span class='ocrx_word' id='word_1_851' title='bbox 3345 5644 3401 5700; x_wconf 89' lang='lat' dir='ltr'><strong>in</strong></span> <span class='ocrx_word' id='word_1_852' title='bbox 3454 5642 3674 5700; x_wconf 85' lang='lat' dir='ltr'><strong>tabella</strong></span> <span class='ocrx_word' id='word_1_853' title='bbox 3706 5660 3854 5716; x_wconf 55' lang='lat' dir='ltr'><strong>geo-</strong></span> 
     </span>
    </p>
   </div>
   <div class='ocr_carea' id='block_1_95' title="bbox 415 5714 2481 5858">
    <p class='ocr_par' dir='ltr' id='par_1_95' title="bbox 415 5714 2481 5858">
     <span class='ocr_line' id='line_1_99' title="bbox 497 5714 2481 5790; baseline 0.001 -21"><span class='ocrx_word' id='word_1_854' title='bbox 497 5714 608 5785; x_wconf 82' lang='lat'><strong>(97)</strong></span> <span class='ocrx_word' id='word_1_855' title='bbox 655 5718 748 5774; x_wconf 85' lang='lat' dir='ltr'><strong>Sic</strong></span> <span class='ocrx_word' id='word_1_856' title='bbox 795 5719 1208 5790; x_wconf 88' lang='lat' dir='ltr'><strong>manuscripti.</strong></span> <span class='ocrx_word' id='word_1_857' title='bbox 1260 5714 1406 5790; x_wconf 79' lang='lat' dir='ltr'><strong>pene</strong></span> <span class='ocrx_word' id='word_1_858' title='bbox 1448 5733 1673 5773; x_wconf 86' lang='lat' dir='ltr'><strong>omnes.</strong></span> <span class='ocrx_word' id='word_1_859' title='bbox 1722 5714 1897 5783; x_wconf 90' lang='lat' dir='ltr'><strong>Editi,</strong></span> <span class='ocrx_word' id='word_1_860' title='bbox 1952 5714 2076 5772; x_wconf 64' lang='lat' dir='ltr'><strong>cere</strong></span> <span class='ocrx_word' id='word_1_861' title='bbox 2185 5715 2481 5787; x_wconf 85' lang='lat' dir='ltr'><strong>graphice.</strong></span> 
     </span>
     <span class='ocr_line' id='line_1_100' title="bbox 415 5788 794 5858; baseline 0.008 -16"><span class='ocrx_word' id='word_1_862' title='bbox 415 5788 631 5858; x_wconf 70' lang='lat' dir='ltr'><strong>justum</strong></span> <span class='ocrx_word' id='word_1_863' title='bbox 657 5805 794 5845; x_wconf 74' lang='lat' dir='ltr'><strong>esse.</strong></span> 
     </span>
    </p>
   </div>
  </div>
