4074 6366
231 444 342 505 965

1594 439 1783 501 VITA
1827 439 1893 498 S.
1942 438 2289 501 ANTONII.

3529 445 3648 504 966

234 573 468 646 νομίζειν
506 573 582 646 μή
616 570 844 644 ἄλλους,
893 569 1022 628 ἀλλ’
1071 571 1230 627 αὐτὸν
1277 573 1410 627 εἶναι
1443 572 1535 627 τὸν
1567 569 1870 648 πάσχοντα.

2004 590 2106 628 non
2139 573 2306 642 alios,
2339 575 2440 630 sed
2475 573 2666 646 ipsum
2701 573 2904 630 lassum
2939 575 3140 631 fuisse.
3175 579 3260 633 Ita
3288 595 3522 633 rursum
3575 579 3645 633 ad

238 663 390 720 Οὕτω
421 660 477 717 δὲ
506 660 670 717 πάλιν
718 663 856 738 πρὸς
914 659 1182 736 ὠφέλειαν
1242 667 1401 716 πᾶσιν
1451 661 1518 731 ἧν
1565 662 1770 732 ἱκανὸς,
1805 660 1882 722 ὡς

239 749 479 813 πολλοὺς
526 749 998 826 στρατευομένους,
1058 749 1146 805 καὶ
1203 756 1310 806 τῶν
1363 752 1429 806 τὰ
1476 748 1663 806 πολλά
1687 771 1883 820 κεκτη-

244 842 436 916 μένων,
484 838 825 903 ἀποτίθεσθαι
871 840 937 893 τὰ
991 843 1089 894 τοῦ
1152 839 1271 914 βίου
1327 840 1494 916 βάρη,
1541 839 1632 894 καὶ
1686 837 1879 893 λοιπὸν

239 930 471 1006 γίνεσθαι
521 930 821 1004 μοναχούς.
871 928 972 982 Καὶ
1021 928 1166 990 ὅλως
1227 927 1407 1003 ὥσπερ
1460 930 1642 1005 ἰατρὸς
1693 929 1758 997 ἦν
1793 925 1883 982 So-

241 1020 344 1083 θεὶς
373 1018 517 1094 παρά
544 1021 640 1072 τοῦ
688 1021 822 1072 Θεοῦ
867 1021 936 1092 τῇ
988 1017 1268 1094 Αἰγύπτῳ.
1321 1017 1412 1080 Τίς
1463 1019 1566 1094 γὰρ
1600 1015 1878 1089 λυπούμε-

238 1129 342 1178 νος,
376 1108 610 1178 ἀπήντα,
642 1107 732 1160 καὶ
763 1107 871 1182 οὐχ
903 1107 1196 1185 ὑπέστρεφε
1245 1108 1459 1183 χαίρων
1486 1126 1498 1176 ;
1552 1107 1632 1168 τίς
1674 1103 1880 1181 ἤρχετο

238 1199 444 1273 Θρηνῶν
475 1195 564 1250 διὰ
608 1194 736 1256 τοὺς
793 1195 956 1250 αὐτοῦ
999 1197 1350 1266 τεθνηκότας,
1396 1197 1485 1250 καὶ
1537 1195 1636 1250 οὐκ
1684 1196 1884 1256 εὐθέως

240 1285 512 1340 ἀπετίθετο
568 1285 631 1339 τὸ
680 1286 910 1354 πένθος;
969 1283 1053 1349 τίς
1102 1284 1456 1362 ὀργιζόμενος
1511 1283 1742 1362 ἤρχετο,
1793 1283 1881 1338 καὶ

241 1375 334 1430 οὐκ
380 1373 455 1436 εἰς
506 1373 690 1450 φιλίαν
763 1369 1170 1447 μετεϐάλλετο;
1239 1374 1321 1437 τίς
1395 1375 1562 1445 πένης
1640 1371 1880 1444 ἀκηδιῶν

241 1464 466 1534 ἀπήντα,
527 1464 612 1518 καὶ
673 1462 882 1518 ἀκούων
941 1462 1103 1518 αὐτοῦ
1160 1463 1248 1518 καὶ
1313 1461 1531 1539 βλέπων
1579 1463 1762 1536 αὐτὸν,
1821 1461 1882 1516 οὗ

240 1551 548 1631 κατεφρόνει
598 1557 694 1607 τοῦ
743 1549 1024 1621 πλούτου,
1081 1553 1170 1607 καὶ
1221 1559 1586 1628 παρεμυθεῖτο
1639 1556 1737 1621 τὴν
1787 1573 1882 1606 πεο

241 1640 350 1695 νίαν
378 1661 392 1711 ;
423 1639 507 1704 τίς
539 1642 801 1717 μοναχὸς,
849 1640 1217 1717 ὀλιγωρήσας,
1272 1643 1361 1696 καὶ
1402 1640 1572 1697 ἐλθὼν
1619 1644 1696 1717 (1)
1747 1642 1883 1718 πρὸς

244 1728 421 1797 αὖτὸν,
455 1728 516 1783 οὐ
547 1727 762 1801 μᾶλλον
813 1729 1168 1806 ἰσχυρότερος
1215 1729 1460 1806 ἑγένετο;
1511 1730 1592 1792 τίς
1622 1729 1883 1805 νεώτερος

243 1815 413 1872 ἐλθὼν
447 1817 524 1880 εἰς
562 1819 624 1872 τὸ
651 1814 798 1893 ὅρος,
838 1818 923 1872 καὶ
972 1820 1251 1894 θεωρήσας
1301 1819 1604 1891 Ἀντώνιον,
1653 1818 1757 1873 οὐκ
1800 1817 1887 1872 εὐ-

243 1907 375 1969 θέως
407 1906 682 1982 ἐξηρνεῖτο
713 1907 808 1970 τὰς
850 1904 1069 1977 ἡδονὰς,
1120 1908 1207 1962 καὶ
1259 1907 1448 1984 ἠγάπα
1495 1908 1883 1986 σωφροσ·5νην;

241 1993 318 2058 τίς
351 1993 559 2072 ἤρχετο
607 1995 744 2070 πρὸς
792 1995 954 2050 αὑτὸν
1013 1996 1115 2051 ὑπὸ
1163 1994 1421 2070 δαίμονος
1472 1995 1883 2072 πειραζόμενος,

241 2084 326 2139 καὶ
359 2084 457 2139 οὐκ
486 2084 821 2155 ἀνεπαύετο;
854 2085 935 2148 τίς
969 2084 1025 2140 δὲ
1057 2085 1107 2140 ἒν
1139 2083 1432 2162 λογισμοῖς
1482 2085 1885 2161 ἐνοχλούμενος

240 2172 465 2250 ἤρχετο,
497 2174 587 2229 καὶ
620 2174 718 2229 οὐκ
748 2173 1010 2250 ἐγαληνία
1039 2179 1107 2249 τῇ
1142 2173 1386 2247 διανοίας

309 2263 398 2318 88.
433 2262 534 2318 Καὶ
584 2263 683 2338 γὰρ
731 2282 820 2316 και
866 2266 1028 2316 τοῦτο
1068 2261 1130 2328 ἦν
1185 2265 1326 2338 μέγα
1354 2269 1452 2332 τῆς
1484 2263 1762 2334 ἀσκήσεως
1789 2259 1886 2316 τοῦ

243 2361 556 2434 Ἀντωνίου,
605 2361 711 2436 ὅτι,
764 2361 902 2426 καθά
945 2367 1231 2436 προεῖπον,
1280 2364 1526 2439 χάρισμα
1571 2361 1887 2439 διακρίσεως

243 2453 561 2525 πνευμάτων
610 2447 777 2527 ἔχων,
833 2451 1187 2528 έπεγίνωσκεν
1248 2451 1421 2507 αὐτῶν
1474 2454 1541 2508 τά
1588 2455 1885 2526 κινήματα·

245 2547 333 2604 καὶ
366 2548 500 2621 πρὸς
532 2545 563 2603 ὅ
589 2569 672 2610 τις
701 2549 879 2603 αὐτῶν
916 2548 1032 2624 εἶχε
1060 2549 1161 2618 τήν
1211 2546 1450 2618 σπουδὴν
1504 2549 1594 2604 καὶ
1639 2550 1738 2618 τήν
1791 2550 1888 2625 ὁρ-

250 2638 379 2710 μὴν,
412 2641 571 2692 τοῦτο
604 2637 706 2692 οὐκ
735 2637 939 2713 ἠγνόει.
967 2637 1071 2694 Καὶ
1106 2637 1168 2692 οὐ
1203 2639 1366 2711 μόνον
1417 2638 1576 2701 αὐτὸς
1611 2638 1708 2693 οὐκ
1738 2638 1886 2693 ἐπαί-

249 2740 365 2804 ζετο
413 2735 540 2810 παρ’
583 2736 784 2804 αὐτῶν,
838 2733 982 2790 ἀλλά
1028 2736 1118 2790 καὶ
1166 2735 1291 2799 τοὺς
1340 2735 1778 2812 ἐνοχλουμένους
1836 2736 1886 2789 έν

247 2823 535 2898 λογισμοῖς
567 2823 896 2901 παρακαλῶν
931 2827 1003 2899 (2)
1042 2822 1306 2893 ἐδίδασκε,
1361 2830 1478 2888 πῶς
1528 2825 1588 2880 ἂν
1645 2823 1889 2880 δύναιντο

244 2921 337 2982 τὰς
382 2919 598 2976 ἐκείνων
643 2916 946 2986 ἐπιϐουλὰς
997 2923 1327 2999 ἀνατρέπειν·
1390 2920 1751 2999 διηγούμενος
1781 2927 1888 2976 τῶν

246 3008 608 3084 ἐνεργούντων
684 3011 778 3072 τὰς
857 3011 1122 3074 ἀσθενείας
1195 3012 1284 3066 καὶ
1356 3012 1451 3074 τὰς
1533 3013 1890 3087 πανουργίας.

243 3109 510 3170 ’Έκαστος
568 3113 716 3182 γοῦν,
800 3109 979 3184 ὥσπερ
1045 3107 1328 3188 ἐπαλιφεὶς
1391 3112 1468 3183 (3)
1529 3111 1653 3185 παρ’
1699 3111 1892 3176 αὐτοῦ,

246 3206 556 3280 κατήρχετο
601 3205 951 3282 καταθαρῥῶν
1005 3211 1112 3261 τῶν
1144 3206 1437 3281 νοημάτων
1499 3211 1595 3262 τοῦ
1627 3203 1892 3262 διαϐόλου

1994 662 2260 719 omnium
2294 662 2604 718 utilitatem
2635 666 2810 718 natus
2840 669 3055 731 erat,ut
3081 665 3248 720 multi
3281 666 3652 735 milites,alii-

1997 768 2106 823 que
2139 751 2529 822 plurimarum
2564 751 2728 823 potiti
2752 753 3649 827 possessionum,depositisvitaa

1994 839 2175 910 hujus
2207 840 2721 911 oneribus,fierent
2752 841 3295 898 monachi.Demum
3330 845 3497 915 quasi
3533 861 3653 900 me-

1995 929 2161 984 dicus
2192 929 2438 1000 Egypto
2472 947 2504 984 a
2533 934 2643 984 Deo
2670 930 2844 985 datus
2874 935 3016 984 erat.
3042 931 3183 996 Quis
3213 932 3372 987 enim
3405 938 3652 988 mcestus

1995 1016 2163 1071 illum
2195 1018 2362 1085 adiit,
2397 1017 2540 1088 quin
2573 1019 2837 1090 gaudens
2870 1020 3214 1075 recesserit?
3241 1022 3374 1092 quis
3406 1021 3653 1078 accessit

1997 1110 2258 1161 mortuos
2283 1105 2489 1178 lugens
2510 1106 2817 1177 suos,quin
2832 1108 3028 1162 statim
3044 1108 3269 1164 luctum
3285 1111 3654 1182 deposuerit?

1996 1195 2128 1267 quis
2159 1194 2344 1250 iratus
2377 1195 2740 1260 advenil,nec
2772 1195 2829 1249 in
2864 1196 3180 1252 amicitiam
3215 1199 3485 1255 redactus
3518 1201 3654 1255 est?

1996 1283 2128 1356 quis
2163 1300 2382 1356 pauper
2413 1285 2481 1338 ad
2517 1283 2680 1338 illum
2715 1285 2975 1340 demisso
2994 1286 3188 1342 animo
3211 1289 3651 1355 accessit,audi-

1998 1379 2167 1445 loque
2198 1389 2263 1427 ac
2297 1372 2419 1428 viso
2453 1371 2569 1434 illo,
2607 1372 2835 1428 divitias
2863 1391 2976 1428 non
3012 1377 3388 1448 contempsit,
3430 1383 3486 1432 et
3535 1395 3646 1434 non

1995 1463 2064 1518 de
2087 1465 2429 1535 paupertate
2456 1480 2563 1518 sua
2583 1462 3044 1518 consolationem
3071 1465 3353 1521 admisit!
3375 1467 3504 1538 quis
3532 1484 3651 1522 mo-

1997 1551 2222 1606 nachus
2271 1551 2572 1606 remissior
2620 1551 2785 1607 illum
2839 1553 3225 1619 conveniens,
3280 1572 3394 1609 non
3449 1555 3656 1611 fortior

1998 1643 2200 1712 postea
2233 1640 2384 1695 fuit?
2412 1641 2546 1712 quis
2586 1640 2924 1696 adolescens
2949 1642 3004 1696 in
3040 1648 3297 1698 montem
3332 1645 3654 1715 profectus,

1997 1730 2236 1801 visoque
2285 1729 2558 1796 Antonio,
2607 1747 2719 1785 non
2772 1731 3071 1803 abnegans
3119 1731 3273 1788 illico
3323 1733 3654 1806 voluptates

1997 1819 2447 1892 temperantiam
2481 1823 2568 1875 est
2599 1818 2932 1891 amplexus?
2950 1821 3082 1892 quis
3117 1838 3149 1876 a
3182 1823 3442 1879 diemone
3474 1828 3656 1880 tenta-

1996 1913 2091 1964 tus
2119 1908 2314 1980 ipsum
2349 1908 2661 1980 adiit,quin
2696 1907 2981 1964 liberatus
3012 1909 3128 1965 sit?
3171 1911 3302 1982 quis
3346 1912 3652 1984 cogitatio-

1995 1997 2170 2052 nibus
2236 2001 2477 2053 vexatus
2545 1997 2856 2083 accedens,
2910 2016 3023 2054 non
3083 1994 3408 2072 tranquillo.
3484 2001 3652 2058 stetit

1999 2086 2193 2142 animo
2219 2089 2242 2142 Ρ

2066 2263 2391 2319 88.Etenim
2421 2263 2567 2319 illud
2599 2263 2896 2336 singulare
2928 2269 3052 2320 erat
3085 2265 3139 2319 in
3175 2267 3408 2322 Antonii
3444 2267 3654 2324 ascesi.

1999 2354 2151 2425 quod
2187 2357 2441 2424 accepta,
2477 2358 2540 2407 ut
2570 2370 2749 2424 supra
2781 2353 2919 2419 dixi,
2940 2353 3257 2425 spirituum
3285 2354 3656 2412 discretionis

1997 2443 2420 2516 gratia,eorum
2454 2443 2652 2498 statim
2683 2446 3027 2514 agnosceret
3062 2448 3339 2515 motus,et
3368 2447 3656 2517 cujusque

1998 2532 2265 2587 studium
2299 2531 2688 2604 effectumque
2721 2549 2835 2586 non
2869 2533 3162 2603 ignoraret
3195 2549 3208 2587 :
3245 2551 3433 2605 neque
3460 2534 3653 2591 solum

1999 2637 2113 2677 non
2146 2621 2218 2675 ab
2248 2619 2368 2675 illis
2401 2620 2907 2692 deciperetur,imo
2941 2637 3040 2675 eos
3071 2621 3169 2692 qui
3203 2623 3660 2694 cogitationibus

1999 2709 2216 2765 turbati
2248 2713 2433 2775 erant,
2468 2709 2707 2764 monitis
2755 2710 2878 2765 suis
2928 2709 3215 2780 edoceret,
3269 2727 3383 2783 qua
3433 2713 3659 2769 ratione

2003 2803 2242 2871 possent
2274 2798 2522 2853 insidias
2555 2799 2884 2853 daemonum
2921 2799 3278 2864 subvertere,
3311 2806 3546 2857 narrata
3571 2819 3666 2857 eo?

2002 2905 2132 2944 rum
2167 2886 2589 2957 imbecillitate,
2618 2887 2982 2959 vafritieque.
3015 2888 3238 2959 Singuli
3291 2889 3486 2960 itaque
3531 2899 3659 2946 tan-

2002 2993 2178 3049 quam
2230 2975 2457 3030 inuncti
2488 2976 2560 3030 ab
2594 2974 2712 3042 illo,
2749 2993 2848 3031 seu
2883 2977 2952 3030 ad
2987 2993 3243 3047 pugnam
3272 2977 3524 3046 excitati,
3559 2981 3658 3035 de-

2004 3065 2382 3132 scendebant,
2412 3069 2720 3136 assumpta
2747 3065 3028 3120 adversus
3059 3064 3276 3120 diaboli
3301 3067 3665 3123 daemonum-

2005 3171 2118 3228 que
2151 3155 2280 3225 ejus
2308 3153 2695 3226 cogitationes
2727 3153 2968 3214 fiducia.
2997 3155 3144 3219 Quot
3177 3156 3292 3223 iam
3327 3173 3533 3227 procos
3565 3156 3666 3214 ha-

2005 3245 2208 3300 bentes
2237 3243 2757 3314 virgines,tantum
2783 3243 3032 3298 Antonio
3063 3243 3296 3300 eminus
3327 3250 3661 3318 conspecto,

247 3304 474 3358 καὶτῶν
524 3300 800 3376 δαιμόνων
848 3304 1032 3361 αὐτοῦ.
1082 3301 1250 3360 Πὸσαι
1319 3304 1377 3360 ὃὶ
1429 3307 1516 3360 καὶ
1573 3312 1887 3382 μνηστῆρας

2007 3332 2224 3388 Christi
2256 3331 2510 3404 virgines
2543 3332 3167 3388 mansere?Veniebant
3197 3334 3372 3388 etiam
3403 3336 3471 3389 ad
3494 3335 3660 3392 illum

252 3391 474 3466 ἔχουσαι
523 3393 802 3468 παρθένοι,
852 3394 940 3448 καὶ
991 3393 1154 3466 μόνον
1203 3393 1309 3449 ἀπὸ
1357 3398 1454 3448 τοῦ
1483 3395 1648 3470 πέραν
1683 3392 1894 3449 ἰδοῦσαι

249 3489 344 3544 τὸν
385 3490 692 3558 Ἀντώνιον,
752 3485 969 3564 ἔμειναν
1019 3496 1098 3562 τῷ
1144 3493 1364 3567 Χριστῷ
1412 3491 1710 3566 παρθένοις
1765 3493 1898 3568 Ἥρ-

253 3598 420 3653 χοντο
448 3575 620 3632 δὲκαὶ
678 3579 782 3633 ἀπὸ
842 3583 950 3634 τῶν
1150 3583 1328 3653 μερῶν
1382 3579 1521 3655 πρὸς
1568 3579 1746 3635 αὐτόν.
1800 3579 1898 3634 Καὶ

252 3674 408 3730 αὐτοὶ
443 3675 576 3748 μετά
605 3675 820 3730 πάντῶν
848 3678 949 3746 τήν
977 3675 1243 3754 ὠφέλειαν
1280 3675 1578 3752 ἐσχηκότες
1639 3677 1898 3752 ὑπέστρε-

245 3788 369 3844 φον,
427 3767 503 3829 ὡς
561 3768 708 3842 παρά
762 3769 966 3844 πατρὸς
1009 3769 1466 3844 προπεμπόμενοι
1673 3765 1899 3840 Ἀμέλει

241 3864 604 3937 κοιμηθέντος
665 3864 848 3933 αὐτοῦ,
907 3866 1136 3939 πάντες,
1196 3867 1269 3928 ὡς
1335 3865 1558 3944 ὀρφανοὶ
1613 3865 1898 3941 γενόμενοι

2006 3423 2270 3494 quidam,
2305 3421 2376 3477 ab
2408 3421 2616 3477 exteris
2650 3421 3010 3493 regionibus,
3043 3423 3142 3495 qui
3191 3428 3466 3496 percepta
3523 3442 3658 3481 cum

2009 3512 2140 3567 aliis
2177 3511 2452 3566 omnibus
2475 3510 2750 3577 utilitate,
2783 3511 3024 3566 domum
3058 3510 3350 3582 redibant,
3403 3513 3572 3584 quasi
3621 3532 3657 3569 a

2009 3605 2173 3673 patre
2202 3617 2309 3655 suo
2342 3599 2596 3668 deducti.
2629 3600 2782 3655 689
2804 3604 2952 3655 Sane
2983 3599 3082 3654 illo
3113 3601 3408 3669 defuncto,
3457 3619 3666 3659 omnes

2009 3688 2177 3760 quasi
2209 3692 2370 3760 patre
2400 3688 2691 3758 orbi,sola
2721 3689 2848 3759 ejus
2879 3688 3162 3745 memoria
3193 3705 3323 3745 sese
3355 3692 3667 3748 consolan-

2009 3777 2378 3845 tur,retentis
2403 3776 2601 3831 animo
2627 3777 2756 3848 ejus
2788 3777 3294 3834 admonitionibus
3326 3778 3668 3836 hortamen-

2009 3865 2226 3937 tisque.

237 3954 465 4028 πατρὸς,
503 3953 640 4028 μόνῃ
672 3957 740 4027 τῇ
771 3953 976 4008 ἐκείνου
1032 3955 1219 4029 μνήμῃ
1286 3953 1692 4033 παρακαλοῦσιν
1732 3952 1976 4027 ἑαυτοὺς,
2008 3953 2330 4029 κατέχοντες
2386 3950 2503 4025 ἅμα
2557 3951 2654 4014 τάς
2710 3950 2987 4014 νουθεσίας
3037 3952 3126 4007 καὶ
3181 3954 3276 4014 τάς
3330 3956 3669 4030 παραινέσεις

246 4045 437 4098 αυτοῦ.

1653 4162 1909 4218 VERSIO
1947 4160 2236 4216 EVAGRI]
2251 4201 2264 4214 .

240 4258 406 4333 senis
435 4257 619 4333 oratio
645 4274 665 4333 _:
701 4258 871 4333 multi
903 4259 1136 4333 magnis
1167 4260 1363 4317 divitis
1394 4266 1450 4317 et
1480 4259 1672 4317 altiori
1699 4262 1886 4333 gradu
1918 4258 2513 4333 militiaigderelicto,“
2534 4259 2662 4328 ejus
2700 4257 2918 4333 haerere
2965 4257 3277 4333 curriculis
3327 4260 3663 4333 cupiebant.

490 4330 728 4414 infinita
758 4331 914 4414 brevi
962 4329 1238 4414 se'rmone
1277 4329 1820 4414 comprehendam,“
1841 4333 2058 4414 bonum
2087 4332 2331 4414 Egypto
2366 4329 2655 4414 medicum
2685 4329 2950 4414 Christus
2987 4330 3350 4414 indulserat...
3373 4329 3514 4414 Quis
3542 4351 3662 4414 non

242 4401 543 4488 tristitiam
576 4404 730 4488 apud
766 4403 1084 4488 Antoninum
1118 4404 1374 4488 mutavit
1398 4400 1458 4459 in
1488 4400 1820 4488 gaudium?
1851 4405 1984 4474 quis
2018 4419 2130 4457 non
2164 4400 2316 4488 iram.
2346 4401 2516 4455 vertit
2546 4400 2602 4454 in
2638 4401 2886 4488 pacem?
2935 4402 3078 4488 quis.
3115 4401 3396 4488 orbita-tis.
3439 4403 3663 4488 luctum

241 4489 359 4547 non
389 4475 460 4528 ad
490 4477 618 4543 ejus
649 4476 993 4545 temperavit
1023 4481 1324 4546 aspectum
1347 4476 1374 4531 ‘I
1405 4474 1534 4547 quis
1569 4493 1681 4530 non
1715 4491 1961 4530 maerore
1992 4474 2376 4547 paupertatis,
2409 4489 2521 4541 quo
2557 4474 2948 4547 premebatur,
2984 4474 3461 4547 abjecto,psl.atim
3497 4481 3552 4531 et
3581 4478 3668 4531 di-

239 4545 433 4599 vitum
466 4548 728 4617 despexit
757 4544 1111 4618 epulentias,
1143 4555 1201 4603 et
1232 4548 1290 4602 in
1323 4544 1437 4602 sua
1463 4548 1693 4602 laetatus
1721 4551 1810 4601 est
1843 4551 2186 4670 paupertate
2209 4544 2234 4598 °?
2256 4545 2388 4615 quis
2422 4558 2552 4614 poet
2579 4544 2996 4624 lassitudinem
3031 4545 3358 4629 monachus
3392 4565 3506 4628 non
3539 4550 3668 4618 ejus

239 4621 546 4670 vegetatus
575 4623 666 4670 est
697 4619 1080 4670 hortamentis
1105 4619 1131 4670 ?
1163 4619 1294 4670 auis
1325 4619 1688 4670 adolescens.
1721 4623 1907 4670 artatis
1939 4621 1952 4670 (
2002 4617 2016 4670 l
2049 4633 2368 4670 succensus
2399 4617 2726 4670 ardoribus.
2765 4633 2880 4670 non
2913 4633 2980 4670 ex
3013 4633 3142 4670 eius
3197 4619 3504 4670 admonitu
3560 4638 3665 4670 Du-

239 4621 546 4690 vegetatus
575 4623 666 4673 est
697 4617 1080 4675 hortamentis
1105 4619 1131 4673 ?
1163 4619 1294 4690 quis
1325 4619 1688 4685 adolescens,
1721 4619 1907 4672 artatis
1939 4617 2016 4690 (5)
2049 4633 2368 4690 succensus
2399 4617 2739 4690 ardoribus,
2765 4633 2880 4690 non
2913 4633 2980 4670 ex
3013 4619 3504 4690 ejusﬂadmonitu
3560 4617 3665 4689 pu-

241 4687 454 4742 dicitiae
497 4695 724 4744 amator
772 4691 923 4746 fuit?
976 4690 1108 4762 quis
1141 4687 1379 4746 vexatus
1409 4709 1443 4747 a
1472 4690 1703 4746 diabolo
1730 4689 1858 4745 sine
1890 4687 2366 4762 medelarediit?
2411 4688 2545 4758 quis
2576 4687 2799 4742 inimici
2833 4689 3289 4760 cogitationibus
3321 4687 3664 4761 distractus,

242 4776 386 4833 non,
420 4777 568 4815 caaca
599 4766 948 4832 tempestate
979 4760 1187 4833 Sopita,
1220 4780 1425 4818 sereno
1459 4777 1759 4832 regressus
1790 4767 1879 4816 est
1909 4760 2106 4816 animo
2127 4760 2154 4813 ?

314 4831 403 4885 88.
437 4833 669 4905 Sciebat
695 4829 848 4888 enim
885 4851 999 4903 quo
1031 4829 1283 4905 quisque
1313 4829 1606 4890 laboraret
1635 4833 2030 4894 incommodo,
2065 4836 2121 4885 et
2151 4847 2219 4885 ex
2241 4829 2374 4905 vita
2407 4829 2631 4905 meritis
2663 4829 3075 4885 discretionem
3110 4830 3427 4905 spirituum
3481 4845 3667 4905 agno-

239 4919 436 4967 sceus,
471 4904 786 4977 adhibebat
814 4901 1145 4970 verborum,
1179 4901 1352 4977 prout
1381 4913 1548 4960 erant
1577 4906 1835 4971 vulnera,
1871 4905 2206 4960 sanitatem.
2241 4901 2402 4956 Unde
2433 4902 2703 4977 effectum
2725 4907 2845 4977 gest,
2879 4911 2942 4956 ut
2973 4908 3105 4972 post
3135 4905 3264 4970 ejus
3296 4901 3662 4977 doctrinam,

240 4990 452 5048 omnes
480 4975 697 5048 diaboli,
725 4978 1122 5046 panderentur
1153 4973 1380 5032 insidia:
1407 4995 1420 5044 ;
1454 4976 1650 5032 multas
1683 4994 1916 5048 quoque
1947 4977 2312 5048 desponsatas
2346 4973 2650 5048 puel_lze,ad
2682 4975 2812 5048 ejus
2845 4979 3224 5048 conspectum
3255 4974 3328 5048 ab
3361 4973 3489 5048 ipso
3524 4990 3667 5044 pene

239 5043 508 5120 thalame
539 5043 892 5111 recedentes,
928 5049 985 5103 in
1017 5048 1286 5104 Ecclesia
1319 5043 1524 5104 matris
1553 5043 1773 5120 gremio
1806 5043 2216 5120 consederunt.
2253 5043 2398 5109 Quid
2435 5044 2649 5120 plura?
2681 5045 3075 5120 Totius_orbis
3109 5044 3377 5098 homines
3411 5045 3478 5099 ad
3526 5043 3665 5120 eum

239 5116 704 5193 confluebant,et
734 5120 1143 5193 universarum
1175 5119 1436 5193 gentium
1469 5116 1720 5176 varietas
1754 5119 2272 5193 bellicosissimam
2306 5123 2508 5193 contra
2533 5118 2829 5193 daemones
2860 5116 3048 5193 virum
3083 5120 3425 5193 conspicere
3452 5117 3669 5187 gestie-

239 5188 654 5264 bant._Null_us
684 5192 996 5264 seifrustra
1023 5187 1426 5248 illuc'venisse
1453 5197 1813 5264 conquestus
1845 5196 1963 5258 est;
1996 5190 2275 5264 omnibus
2307 5187 2646 5264 delectabile
2679 5187 3209 5264 atquejucundum
3245 5187 3461 5264 laboris
3511 5205 3667 5264 com-

243 5260 697 5335 mercium_fuit.
731 5263 1014 5335 Fatigatio
1045 5265 1201 5318 enim
1233 5265 1462 5320 itineris
1494 5259 1954 5320 emolumentum
1989 5263 2182 5316 viatici
2215 5261 2569 5330 reportabat,
2602 5259 2754 5335 sicut
2785 5262 2862 5335 rei
2900 5259 3166 5335 probavit
3211 5260 3472 5335 effectus.
3523 5260 3668 5314 Nam

242 5337 378 5405 post
407 5331 826 5390 resolutionem
860 5330 1007 5406 Ejus,
1042 5336 1210 5407 quasi
1241 5338 1541 5392 communi
1572 5336 1813 5393 vulnere
1844 5335 2111 5392 orbitatis
2142 5343 2397 5402 excepto.
2434 5332 2733 5402 proprium
2767 5330 2980 5400 singuli
3022 5337 3320 5400 parentem
3371 5333 3667 5387 luxerunt.

245 5479 402 5602 00alvi)
436 5479 528 5535 Sic
580 5480 821 5553 quidam
872 5482 1282 5554 manuscripti.
1333 5483 1486 5538 Editi
1541 5500 1693 5555 vero,
1743 5479 1906 5535 ἀπελ-

436 5623 594 5699 ςρΙΙ).
625 5625 679 5692 2,
712 5625 839 5699 παρ’
870 5622 1109 5699 ἐκείνων.

326 5694 400 5765 (3)
433 5694 527 5749 Sic
557 5712 763 5771 omnes
793 5693 1252 5771 mss.-Editi,‘<bc
1281 5695 1407 5771 παρ’
1430 5693 1732 5771 ἐπαλιφεις.
1766 5696 1906 5760 Qui-

244 5764 387 5821 dam
422 5782 564 5822 mss.
599 5769 819 5826 habent
849 5766 1212 5842 ἐπαλειφθείς,
1247 5764 1710 5841 αὶίὶέπαλειφείς.

2087 5479 2161 5549 (4)
2196 5481 2281 5533 Ita
2313 5475 2552 5549 quidam
2588 5475 2997 5549 manuscripti.
3041 5475 3193 5531 Editi
3245 5481 3300 5531 et
3347 5477 3466 5544 alii,
3521 5497 3668 5549 πεμ-

2015 5547 2272 5625 τετιμένοι,
2305 5547 2556 5625 inferius
2589 5547 2976 5620 manuscripti
3027 5565 3254 5615 omnes,
3313 5549 3388 5610 ὡς
3419 5547 3666 5625 ὀρφανοί.

2017 5618 2192 5678 Editi.
2227 5621 2278 5673 οἱ
2311 5618 2557 5694 ὀρφανοί.

2090 5694 2160 5764 (5)
2190 5695 2281 5747 Sic
2315 5689 2727 5763 manuscripti.
2764 5693 2827 5747 In
2868 5689 3062 5762 editis,
3093 5693 3273 5748 aetatis
3305 5692 3486 5748 deest.
