  <div class='ocr_page' id='page_1' title='image "/cluster/home/n/w/nwhite01/storage/ocr_20150623/26/hvd.32044019208479/551.png"; bbox 0 0 4074 6370; ppageno 0'>
   <div class='ocr_carea' id='block_1_1' title="bbox 377 402 495 464">
    <p class='ocr_par' dir='ltr' id='par_1_1' title="bbox 377 402 495 464">
     <span class='ocr_line' id='line_1_1' title="bbox 377 402 495 464; baseline -0.017 0"><span class='ocrx_word' id='word_1_1' title='bbox 377 402 495 464; x_wconf 84' lang='lat'><strong>967</strong></span> 
     </span>
    </p>
   </div>
   <div class='ocr_carea' id='block_1_2' title="bbox 917 393 2040 467">
    <p class='ocr_par' dir='ltr' id='par_1_2' title="bbox 917 393 2019 459">
     <span class='ocr_line' id='line_1_2' title="bbox 917 393 2019 459; baseline -0.003 -1"><span class='ocrx_word' id='word_1_2' title='bbox 917 398 986 458; x_wconf 93' lang='lat' dir='ltr'><strong>S.</strong></span> <span class='ocrx_word' id='word_1_3' title='bbox 1030 395 1459 459; x_wconf 78' lang='lat' dir='ltr'><strong>ATHANASII</strong></span> <span class='ocrx_word' id='word_1_4' title='bbox 1503 393 1675 457; x_wconf 84' lang='lat' dir='ltr'><strong>OPP.</strong></span> <span class='ocrx_word' id='word_1_5' title='bbox 1720 393 1923 457; x_wconf 77' lang='lat' dir='ltr'><strong>PARS</strong></span> <span class='ocrx_word' id='word_1_6' title='bbox 1969 395 2019 456; x_wconf 88' lang='grc' dir='ltr'><strong>Ι.</strong></span> 
     </span>
    </p>
   </div>
   <div class='ocr_carea' id='block_1_3' title="bbox 2156 393 3240 467">
    <p class='ocr_par' dir='ltr' id='par_1_3' title="bbox 2156 394 3240 467">
     <span class='ocr_line' id='line_1_3' title="bbox 2156 394 3240 467; baseline 0.008 -11"><span class='ocrx_word' id='word_1_7' title='bbox 2156 394 2574 459; x_wconf 76' lang='grc' dir='ltr'><strong>ΗΙΒΤΟΒῙῧΑ</strong></span> <span class='ocrx_word' id='word_1_8' title='bbox 2617 400 2719 460; x_wconf 84' lang='lat' dir='ltr'><strong>ET</strong></span> <span class='ocrx_word' id='word_1_9' title='bbox 2761 402 3210 467; x_wconf 78' lang='lat' dir='ltr'><strong>DOGMATlGA</strong></span> <span class='ocrx_word' id='word_1_10' title='bbox 3224 447 3240 465; x_wconf 93' lang='lat'><strong>.</strong></span> 
     </span>
    </p>
   </div>
   <div class='ocr_carea' id='block_1_4' title="bbox 3677 404 3801 468">
    <p class='ocr_par' dir='ltr' id='par_1_4' title="bbox 3677 404 3801 468">
     <span class='ocr_line' id='line_1_4' title="bbox 3677 404 3801 468; baseline 0.016 -2"><span class='ocrx_word' id='word_1_11' title='bbox 3677 404 3801 468; x_wconf 83' lang='lat'><strong>968</strong></span> 
     </span>
    </p>
   </div>
   <div class='ocr_carea' id='block_1_5' title="bbox 448 523 2040 611">
    <p class='ocr_par' dir='ltr' id='par_1_5' title="bbox 448 525 2021 602">
     <span class='ocr_line' id='line_1_5' title="bbox 448 525 2021 602; baseline -0.004 -14"><span class='ocrx_word' id='word_1_12' title='bbox 448 531 540 588; x_wconf 90' lang='lat'><strong>89.</strong></span> <span class='ocrx_word' id='word_1_13' title='bbox 574 527 775 594; x_wconf 89' lang='lat' dir='ltr'><strong>Qualis</strong></span> <span class='ocrx_word' id='word_1_14' title='bbox 804 544 977 602; x_wconf 90' lang='lat' dir='ltr'><strong>porro</strong></span> <span class='ocrx_word' id='word_1_15' title='bbox 999 526 1113 601; x_wconf 91' lang='lat' dir='ltr'><strong>ipsi</strong></span> <span class='ocrx_word' id='word_1_16' title='bbox 1145 526 1335 583; x_wconf 79' lang='lat' dir='ltr'><strong>exitus</strong></span> <span class='ocrx_word' id='word_1_17' title='bbox 1363 526 1492 580; x_wconf 67' lang='lat' dir='ltr'><strong>vita:</strong></span> <span class='ocrx_word' id='word_1_18' title='bbox 1542 525 1735 593; x_wconf 79' lang='lat' dir='ltr'><strong>fuerit,</strong></span> <span class='ocrx_word' id='word_1_19' title='bbox 1784 540 2021 597; x_wconf 67' lang='lat' dir='ltr'><strong>equum</strong></span> 
     </span>
    </p>
   </div>
   <div class='ocr_carea' id='block_1_6' title="bbox 2156 523 3795 611">
    <p class='ocr_par' dir='ltr' id='par_1_6' title="bbox 2206 523 3795 611">
     <span class='ocr_line' id='line_1_6' title="bbox 2206 523 3795 611; baseline 0.006 -31"><span class='ocrx_word' id='word_1_20' title='bbox 2206 526 2296 582; x_wconf 86' lang='lat'><strong>87.</strong></span> <span class='ocrx_word' id='word_1_21' title='bbox 2328 524 2456 582; x_wconf 72' lang='grc' dir='ltr'><strong>Οῗον</strong></span> <span class='ocrx_word' id='word_1_22' title='bbox 2489 523 2547 582; x_wconf 70' lang='grc' dir='ltr'>δὲ</span> <span class='ocrx_word' id='word_1_23' title='bbox 2571 528 2659 583; x_wconf 77' lang='grc' dir='ltr'><strong>καὶ</strong></span> <span class='ocrx_word' id='word_1_24' title='bbox 2719 528 2781 583; x_wconf 85' lang='grc' dir='ltr'>τὸ</span> <span class='ocrx_word' id='word_1_25' title='bbox 2836 528 3000 593; x_wconf 77' lang='grc' dir='ltr'>τέλος</span> <span class='ocrx_word' id='word_1_26' title='bbox 3046 530 3197 606; x_wconf 69' lang='grc' dir='ltr'><strong>οὐτῷ</strong></span> <span class='ocrx_word' id='word_1_27' title='bbox 3235 537 3332 590; x_wconf 75' lang='grc' dir='ltr'>τοῦ</span> <span class='ocrx_word' id='word_1_28' title='bbox 3383 532 3505 611; x_wconf 86' lang='grc' dir='ltr'>βίου</span> <span class='ocrx_word' id='word_1_29' title='bbox 3548 532 3795 611; x_wconf 78' lang='grc' dir='ltr'>γέγονεν,</span> 
     </span>
    </p>
   </div>
   <div class='ocr_carea' id='block_1_7' title="bbox 374 613 2035 688">
    <p class='ocr_par' dir='ltr' id='par_1_7' title="bbox 374 613 2035 688">
     <span class='ocr_line' id='line_1_7' title="bbox 374 613 2035 688; baseline -0.005 -12"><span class='ocrx_word' id='word_1_30' title='bbox 374 625 464 676; x_wconf 87' lang='lat' dir='ltr'><strong>est</strong></span> <span class='ocrx_word' id='word_1_31' title='bbox 510 635 606 675; x_wconf 86' lang='lat' dir='ltr'><strong>me</strong></span> <span class='ocrx_word' id='word_1_32' title='bbox 648 634 877 684; x_wconf 91' lang='lat' dir='ltr'><strong>enarre,</strong></span> <span class='ocrx_word' id='word_1_33' title='bbox 924 632 1168 688; x_wconf 88' lang='lat' dir='ltr'><strong>vosque,</strong></span> <span class='ocrx_word' id='word_1_34' title='bbox 1222 619 1288 670; x_wconf 90' lang='lat' dir='ltr'><strong>ut</strong></span> <span class='ocrx_word' id='word_1_35' title='bbox 1340 614 1683 686; x_wconf 89' lang='lat' dir='ltr'><strong>peroptatis,</strong></span> <span class='ocrx_word' id='word_1_36' title='bbox 1734 613 2035 683; x_wconf 76' lang='lat' dir='ltr'><strong>ediscere;</strong></span> 
     </span>
    </p>
   </div>
   <div class='ocr_carea' id='block_1_8' title="bbox 377 702 2037 775">
    <p class='ocr_par' dir='ltr' id='par_1_8' title="bbox 377 702 2037 775">
     <span class='ocr_line' id='line_1_8' title="bbox 377 702 2037 775; baseline -0.004 -10"><span class='ocrx_word' id='word_1_37' title='bbox 377 726 508 765; x_wconf 89' lang='lat' dir='ltr'><strong>cum</strong></span> <span class='ocrx_word' id='word_1_38' title='bbox 562 708 815 763; x_wconf 80' lang='lat' dir='ltr'><strong>maxime</strong></span> <span class='ocrx_word' id='word_1_39' title='bbox 845 722 914 762; x_wconf 88' lang='lat' dir='ltr'><strong>ea</strong></span> <span class='ocrx_word' id='word_1_40' title='bbox 957 704 1136 761; x_wconf 89' lang='lat' dir='ltr'><strong>etiam</strong></span> <span class='ocrx_word' id='word_1_41' title='bbox 1166 704 1224 759; x_wconf 91' lang='lat' dir='ltr'><strong>in</strong></span> <span class='ocrx_word' id='word_1_42' title='bbox 1260 720 1320 760; x_wconf 91' lang='lat' dir='ltr'><strong>re</strong></span> <span class='ocrx_word' id='word_1_43' title='bbox 1349 702 1519 758; x_wconf 92' lang='lat' dir='ltr'><strong>illum</strong></span> <span class='ocrx_word' id='word_1_44' title='bbox 1554 702 1773 758; x_wconf 89' lang='lat' dir='ltr'><strong>imitari</strong></span> <span class='ocrx_word' id='word_1_45' title='bbox 1804 720 1911 775; x_wconf 88' lang='lat' dir='ltr'><strong>par</strong></span> <span class='ocrx_word' id='word_1_46' title='bbox 1940 703 2037 758; x_wconf 88' lang='lat' dir='ltr'><strong>sit.</strong></span> 
     </span>
    </p>
   </div>
   <div class='ocr_carea' id='block_1_9' title="bbox 380 793 2041 865">
    <p class='ocr_par' dir='ltr' id='par_1_9' title="bbox 380 793 2041 865">
     <span class='ocr_line' id='line_1_9' title="bbox 380 793 2041 865; baseline -0.005 -10"><span class='ocrx_word' id='word_1_47' title='bbox 380 801 523 855; x_wconf 91' lang='lat' dir='ltr'><strong>Cum</strong></span> <span class='ocrx_word' id='word_1_48' title='bbox 558 799 628 853; x_wconf 92' lang='lat' dir='ltr'><strong>de</strong></span> <span class='ocrx_word' id='word_1_49' title='bbox 659 813 820 852; x_wconf 89' lang='lat' dir='ltr'><strong>more</strong></span> <span class='ocrx_word' id='word_1_50' title='bbox 849 795 1166 852; x_wconf 85' lang='lat' dir='ltr'><strong>monachos</strong></span> <span class='ocrx_word' id='word_1_51' title='bbox 1198 795 1254 849; x_wconf 92' lang='lat' dir='ltr'><strong>in</strong></span> <span class='ocrx_word' id='word_1_52' title='bbox 1290 793 1573 850; x_wconf 81' lang='lat' dir='ltr'><strong>exteriore</strong></span> <span class='ocrx_word' id='word_1_53' title='bbox 1603 798 1804 849; x_wconf 91' lang='lat' dir='ltr'><strong>monte</strong></span> <span class='ocrx_word' id='word_1_54' title='bbox 1833 794 2041 865; x_wconf 83' lang='lat' dir='ltr'><strong>degen-</strong></span> 
     </span>
    </p>
   </div>
   <div class='ocr_carea' id='block_1_10' title="bbox 381 882 2042 952">
    <p class='ocr_par' dir='ltr' id='par_1_10' title="bbox 381 882 2042 952">
     <span class='ocr_line' id='line_1_10' title="bbox 381 882 2042 952; baseline -0.004 -9"><span class='ocrx_word' id='word_1_55' title='bbox 381 894 471 945; x_wconf 89' lang='lat' dir='ltr'><strong>tes</strong></span> <span class='ocrx_word' id='word_1_56' title='bbox 525 887 824 952; x_wconf 86' lang='lat' dir='ltr'><strong>inviseret,</strong></span> <span class='ocrx_word' id='word_1_57' title='bbox 879 890 936 940; x_wconf 92' lang='lat' dir='ltr'><strong>et</strong></span> <span class='ocrx_word' id='word_1_58' title='bbox 983 901 1015 940; x_wconf 89' lang='lat' dir='ltr'><strong>a</strong></span> <span class='ocrx_word' id='word_1_59' title='bbox 1066 883 1433 940; x_wconf 82' lang='lat' dir='ltr'><strong>Providentia</strong></span> <span class='ocrx_word' id='word_1_60' title='bbox 1483 882 1680 937; x_wconf 89' lang='lat' dir='ltr'><strong>divino</strong></span> <span class='ocrx_word' id='word_1_61' title='bbox 1727 883 1798 937; x_wconf 92' lang='lat' dir='ltr'><strong>de</strong></span> <span class='ocrx_word' id='word_1_62' title='bbox 1844 882 2042 937; x_wconf 80' lang='lat' dir='ltr'><strong>futura</strong></span> 
     </span>
    </p>
   </div>
   <div class='ocr_carea' id='block_1_11' title="bbox 389 970 2040 1049">
    <p class='ocr_par' dir='ltr' id='par_1_11' title="bbox 389 970 2040 1049">
     <span class='ocr_line' id='line_1_11' title="bbox 389 970 2040 1049; baseline -0.004 -17"><span class='ocrx_word' id='word_1_63' title='bbox 389 981 568 1032; x_wconf 86' lang='lat' dir='ltr'><strong>morte</strong></span> <span class='ocrx_word' id='word_1_64' title='bbox 598 974 982 1049; x_wconf 66' lang='lat' dir='ltr'><strong>praemonitus</strong></span> <span class='ocrx_word' id='word_1_65' title='bbox 1024 972 1252 1036; x_wconf 79' lang='lat' dir='ltr'><strong>fuisset,</strong></span> <span class='ocrx_word' id='word_1_66' title='bbox 1303 971 1583 1027; x_wconf 82' lang='lat' dir='ltr'><strong>fratribus</strong></span> <span class='ocrx_word' id='word_1_67' title='bbox 1639 971 1762 1026; x_wconf 68' lang='lat' dir='ltr'><strong>haec</strong></span> <span class='ocrx_word' id='word_1_68' title='bbox 1808 970 2040 1026; x_wconf 87' lang='lat' dir='ltr'><strong>locutus</strong></span> 
     </span>
    </p>
   </div>
   <div class='ocr_carea' id='block_1_12' title="bbox 384 1060 2038 1137">
    <p class='ocr_par' dir='ltr' id='par_1_12' title="bbox 384 1060 2038 1137">
     <span class='ocr_line' id='line_1_12' title="bbox 384 1060 2038 1137; baseline -0.004 -15"><span class='ocrx_word' id='word_1_69' title='bbox 384 1074 471 1122; x_wconf 90' lang='lat' dir='ltr'><strong>est</strong></span> <span class='ocrx_word' id='word_1_70' title='bbox 492 1067 645 1137; x_wconf 87' lang='lat' dir='ltr'><strong>:jam</strong></span> <span class='ocrx_word' id='word_1_71' title='bbox 671 1068 966 1136; x_wconf 78' lang='lat' dir='ltr'><strong>postremo</strong></span> <span class='ocrx_word' id='word_1_72' title='bbox 988 1080 1087 1118; x_wconf 89' lang='lat' dir='ltr'><strong>vos</strong></span> <span class='ocrx_word' id='word_1_73' title='bbox 1111 1062 1726 1132; x_wconf 88' lang='lat' dir='ltr'><strong>invisam,mirumque</strong></span> <span class='ocrx_word' id='word_1_74' title='bbox 1744 1060 1790 1116; x_wconf 91' lang='lat' dir='ltr'><strong>si</strong></span> <span class='ocrx_word' id='word_1_75' title='bbox 1823 1061 2038 1115; x_wconf 85' lang='lat' dir='ltr'><strong>iterum</strong></span> 
     </span>
    </p>
   </div>
   <div class='ocr_carea' id='block_1_13' title="bbox 384 1150 2041 1222">
    <p class='ocr_par' dir='ltr' id='par_1_13' title="bbox 384 1150 2041 1222">
     <span class='ocr_line' id='line_1_13' title="bbox 384 1150 2041 1222; baseline -0.003 -13"><span class='ocrx_word' id='word_1_76' title='bbox 384 1157 442 1212; x_wconf 92' lang='lat' dir='ltr'><strong>in</strong></span> <span class='ocrx_word' id='word_1_77' title='bbox 476 1155 585 1211; x_wconf 84' lang='lat' dir='ltr'><strong>hac</strong></span> <span class='ocrx_word' id='word_1_78' title='bbox 613 1154 731 1209; x_wconf 91' lang='lat' dir='ltr'><strong>vita</strong></span> <span class='ocrx_word' id='word_1_79' title='bbox 760 1158 965 1208; x_wconf 92' lang='lat' dir='ltr'><strong>mutuo</strong></span> <span class='ocrx_word' id='word_1_80' title='bbox 994 1152 1259 1206; x_wconf 83' lang='lat' dir='ltr'><strong>fruamur</strong></span> <span class='ocrx_word' id='word_1_81' title='bbox 1289 1156 1491 1222; x_wconf 82' lang='lat' dir='ltr'><strong>aspctu</strong></span> <span class='ocrx_word' id='word_1_82' title='bbox 1520 1167 1533 1205; x_wconf 90' lang='lat'><strong>:</strong></span> <span class='ocrx_word' id='word_1_83' title='bbox 1559 1156 1792 1221; x_wconf 86' lang='lat' dir='ltr'><strong>tempus</strong></span> <span class='ocrx_word' id='word_1_84' title='bbox 1824 1150 2041 1221; x_wconf 87' lang='lat' dir='ltr'><strong>quippe</strong></span> 
     </span>
    </p>
   </div>
   <div class='ocr_carea' id='block_1_14' title="bbox 384 1239 2039 1313">
    <p class='ocr_par' dir='ltr' id='par_1_14' title="bbox 384 1239 2039 1313">
     <span class='ocr_line' id='line_1_14' title="bbox 384 1239 2039 1313; baseline -0.004 -13"><span class='ocrx_word' id='word_1_85' title='bbox 384 1249 449 1300; x_wconf 89' lang='lat' dir='ltr'><strong>ut</strong></span> <span class='ocrx_word' id='word_1_86' title='bbox 477 1244 616 1298; x_wconf 88' lang='lat' dir='ltr'><strong>hinc</strong></span> <span class='ocrx_word' id='word_1_87' title='bbox 646 1241 1084 1313; x_wconf 85' lang='lat' dir='ltr'><strong>transmigrem,</strong></span> <span class='ocrx_word' id='word_1_88' title='bbox 1118 1256 1253 1294; x_wconf 90' lang='lat' dir='ltr'><strong>cum</strong></span> <span class='ocrx_word' id='word_1_89' title='bbox 1307 1240 1491 1294; x_wconf 84' lang='lat' dir='ltr'><strong>ferme</strong></span> <span class='ocrx_word' id='word_1_90' title='bbox 1534 1239 1807 1310; x_wconf 88' lang='lat' dir='ltr'><strong>quintum</strong></span> <span class='ocrx_word' id='word_1_91' title='bbox 1860 1255 2039 1309; x_wconf 86' lang='lat' dir='ltr'><strong>supra</strong></span> 
     </span>
    </p>
   </div>
   <div class='ocr_carea' id='block_1_15' title="bbox 382 1326 2038 1401">
    <p class='ocr_par' dir='ltr' id='par_1_15' title="bbox 382 1326 2038 1401">
     <span class='ocr_line' id='line_1_15' title="bbox 382 1326 2038 1401; baseline -0.004 -13"><span class='ocrx_word' id='word_1_92' title='bbox 382 1332 767 1389; x_wconf 88' lang='lat' dir='ltr'><strong>centesimum</strong></span> <span class='ocrx_word' id='word_1_93' title='bbox 819 1346 1042 1385; x_wconf 87' lang='lat' dir='ltr'><strong>annum</strong></span> <span class='ocrx_word' id='word_1_94' title='bbox 1098 1344 1290 1401; x_wconf 76' lang='lat' dir='ltr'><strong>agam.</strong></span> <span class='ocrx_word' id='word_1_95' title='bbox 1328 1328 1430 1383; x_wconf 88' lang='lat' dir='ltr'><strong>His</strong></span> <span class='ocrx_word' id='word_1_96' title='bbox 1461 1326 1544 1382; x_wconf 88' lang='lat' dir='ltr'><strong>illi</strong></span> <span class='ocrx_word' id='word_1_97' title='bbox 1577 1327 1820 1393; x_wconf 86' lang='lat' dir='ltr'><strong>auditis,</strong></span> <span class='ocrx_word' id='word_1_98' title='bbox 1851 1326 2038 1400; x_wconf 83' lang='lat' dir='ltr'><strong>lacry-</strong></span> 
     </span>
    </p>
   </div>
   <div class='ocr_carea' id='block_1_16' title="bbox 384 1416 2039 1491">
    <p class='ocr_par' dir='ltr' id='par_1_16' title="bbox 384 1416 2039 1491">
     <span class='ocr_line' id='line_1_16' title="bbox 384 1416 2039 1491; baseline -0.004 -13"><span class='ocrx_word' id='word_1_99' title='bbox 384 1422 555 1490; x_wconf 87' lang='lat' dir='ltr'><strong>mari,</strong></span> <span class='ocrx_word' id='word_1_100' title='bbox 578 1437 777 1477; x_wconf 90' lang='lat' dir='ltr'><strong>senem</strong></span> <span class='ocrx_word' id='word_1_101' title='bbox 806 1418 1100 1491; x_wconf 88' lang='lat' dir='ltr'><strong>amplecti,</strong></span> <span class='ocrx_word' id='word_1_102' title='bbox 1120 1434 1186 1473; x_wconf 91' lang='lat' dir='ltr'><strong>ac</strong></span> <span class='ocrx_word' id='word_1_103' title='bbox 1219 1416 1675 1473; x_wconf 90' lang='lat' dir='ltr'><strong>deosculari.Ille</strong></span> <span class='ocrx_word' id='word_1_104' title='bbox 1704 1433 1837 1472; x_wconf 88' lang='lat' dir='ltr'><strong>vero</strong></span> <span class='ocrx_word' id='word_1_105' title='bbox 1869 1417 2039 1488; x_wconf 86' lang='lat' dir='ltr'><strong>quasi</strong></span> 
     </span>
    </p>
   </div>
   <div class='ocr_carea' id='block_1_17' title="bbox 384 1506 2039 1580">
    <p class='ocr_par' dir='ltr' id='par_1_17' title="bbox 384 1506 2039 1580">
     <span class='ocr_line' id='line_1_17' title="bbox 384 1506 2039 1580; baseline -0.004 -12"><span class='ocrx_word' id='word_1_106' title='bbox 384 1513 457 1568; x_wconf 93' lang='lat' dir='ltr'><strong>ab</strong></span> <span class='ocrx_word' id='word_1_107' title='bbox 488 1515 765 1567; x_wconf 86' lang='lat' dir='ltr'><strong>extranea</strong></span> <span class='ocrx_word' id='word_1_108' title='bbox 795 1509 854 1563; x_wconf 91' lang='lat' dir='ltr'><strong>in</strong></span> <span class='ocrx_word' id='word_1_109' title='bbox 889 1507 1182 1580; x_wconf 86' lang='lat' dir='ltr'><strong>propriam</strong></span> <span class='ocrx_word' id='word_1_110' title='bbox 1217 1523 1280 1562; x_wconf 90' lang='lat' dir='ltr'><strong>se</strong></span> <span class='ocrx_word' id='word_1_111' title='bbox 1302 1508 1605 1561; x_wconf 79' lang='lat' dir='ltr'><strong>conferens</strong></span> <span class='ocrx_word' id='word_1_112' title='bbox 1639 1506 2039 1571; x_wconf 68' lang='lat' dir='ltr'><strong>urbem,laatus</strong></span> 
     </span>
    </p>
   </div>
   <div class='ocr_carea' id='block_1_18' title="bbox 384 1593 2041 1671">
    <p class='ocr_par' dir='ltr' id='par_1_18' title="bbox 384 1593 2041 1671">
     <span class='ocr_line' id='line_1_18' title="bbox 384 1593 2041 1671; baseline -0.004 -15"><span class='ocrx_word' id='word_1_113' title='bbox 384 1599 847 1671; x_wconf 86' lang='lat' dir='ltr'><strong>colloquebatur,</strong></span> <span class='ocrx_word' id='word_1_114' title='bbox 875 1596 1369 1667; x_wconf 81' lang='lat' dir='ltr'><strong>monebatque,ne</strong></span> <span class='ocrx_word' id='word_1_115' title='bbox 1400 1595 1455 1650; x_wconf 91' lang='lat' dir='ltr'><strong>in</strong></span> <span class='ocrx_word' id='word_1_116' title='bbox 1482 1593 1801 1650; x_wconf 85' lang='lat' dir='ltr'><strong>laborando</strong></span> <span class='ocrx_word' id='word_1_117' title='bbox 1833 1610 2041 1666; x_wconf 79' lang='lat' dir='ltr'><strong>segnes</strong></span> 
     </span>
    </p>
   </div>
   <div class='ocr_carea' id='block_1_19' title="bbox 385 1683 2069 1759">
    <p class='ocr_par' dir='ltr' id='par_1_19' title="bbox 385 1683 2069 1759">
     <span class='ocr_line' id='line_1_19' title="bbox 385 1683 2069 1759; baseline -0.005 -14"><span class='ocrx_word' id='word_1_118' title='bbox 385 1693 603 1758; x_wconf 90' lang='lat' dir='ltr'><strong>essent,</strong></span> <span class='ocrx_word' id='word_1_119' title='bbox 653 1703 843 1758; x_wconf 90' lang='lat' dir='ltr'><strong>neque</strong></span> <span class='ocrx_word' id='word_1_120' title='bbox 893 1686 951 1740; x_wconf 92' lang='lat' dir='ltr'><strong>in</strong></span> <span class='ocrx_word' id='word_1_121' title='bbox 999 1685 1120 1739; x_wconf 89' lang='lat' dir='ltr'><strong>vita</strong></span> <span class='ocrx_word' id='word_1_122' title='bbox 1171 1685 1425 1740; x_wconf 82' lang='lat' dir='ltr'><strong>ascetica</strong></span> <span class='ocrx_word' id='word_1_123' title='bbox 1450 1683 1646 1739; x_wconf 89' lang='lat' dir='ltr'><strong>animo</strong></span> <span class='ocrx_word' id='word_1_124' title='bbox 1676 1683 1990 1738; x_wconf 83' lang='lat' dir='ltr'><strong>deﬁcerent</strong></span> <span class='ocrx_word' id='word_1_125' title='bbox 2022 1700 2069 1759; x_wconf 86' lang='lat'><strong>:_</strong></span> 
     </span>
    </p>
   </div>
   <div class='ocr_carea' id='block_1_20' title="bbox 385 1774 2038 1847">
    <p class='ocr_par' dir='ltr' id='par_1_20' title="bbox 385 1774 2038 1847">
     <span class='ocr_line' id='line_1_20' title="bbox 385 1774 2038 1847; baseline -0.003 -14"><span class='ocrx_word' id='word_1_126' title='bbox 385 1779 486 1834; x_wconf 90' lang='lat' dir='ltr'><strong>sed</strong></span> <span class='ocrx_word' id='word_1_127' title='bbox 510 1779 593 1834; x_wconf 89' lang='lat' dir='ltr'><strong>ita</strong></span> <span class='ocrx_word' id='word_1_128' title='bbox 622 1777 883 1832; x_wconf 85' lang='lat' dir='ltr'><strong>viverent</strong></span> <span class='ocrx_word' id='word_1_129' title='bbox 912 1792 977 1832; x_wconf 92' lang='lat' dir='ltr'><strong>ac</strong></span> <span class='ocrx_word' id='word_1_130' title='bbox 1009 1775 1059 1832; x_wconf 90' lang='lat' dir='ltr'><strong>si</strong></span> <span class='ocrx_word' id='word_1_131' title='bbox 1090 1775 1351 1847; x_wconf 88' lang='lat' dir='ltr'><strong>quotidie</strong></span> <span class='ocrx_word' id='word_1_132' title='bbox 1377 1774 1643 1829; x_wconf 89' lang='lat' dir='ltr'><strong>morituri</strong></span> <span class='ocrx_word' id='word_1_133' title='bbox 1675 1779 1918 1830; x_wconf 85' lang='lat' dir='ltr'><strong>essent.-</strong></span> <span class='ocrx_word' id='word_1_134' title='bbox 1941 1777 2038 1829; x_wconf 79' lang='lat' dir='ltr'><strong>At-</strong></span> 
     </span>
    </p>
   </div>
   <div class='ocr_carea' id='block_1_21' title="bbox 385 1863 2041 1939">
    <p class='ocr_par' dir='ltr' id='par_1_21' title="bbox 385 1863 2041 1939">
     <span class='ocr_line' id='line_1_21' title="bbox 385 1863 2041 1939; baseline -0.004 -16"><span class='ocrx_word' id='word_1_135' title='bbox 385 1883 517 1939; x_wconf 89' lang='lat' dir='ltr'><strong>que,</strong></span> <span class='ocrx_word' id='word_1_136' title='bbox 542 1874 607 1923; x_wconf 88' lang='lat' dir='ltr'><strong>ut</strong></span> <span class='ocrx_word' id='word_1_137' title='bbox 627 1866 752 1938; x_wconf 83' lang='lat' dir='ltr'><strong>jam</strong></span> <span class='ocrx_word' id='word_1_138' title='bbox 784 1865 1030 1935; x_wconf 81' lang='lat' dir='ltr'><strong>dixerat,</strong></span> <span class='ocrx_word' id='word_1_139' title='bbox 1058 1864 1312 1920; x_wconf 89' lang='lat' dir='ltr'><strong>animam</strong></span> <span class='ocrx_word' id='word_1_140' title='bbox 1347 1863 1707 1920; x_wconf 82' lang='lat' dir='ltr'><strong>custodirent</strong></span> <span class='ocrx_word' id='word_1_141' title='bbox 1737 1864 1809 1919; x_wconf 90' lang='lat' dir='ltr'><strong>ab</strong></span> <span class='ocrx_word' id='word_1_142' title='bbox 1840 1863 2041 1919; x_wconf 89' lang='lat' dir='ltr'><strong>obsce-</strong></span> 
     </span>
    </p>
   </div>
   <div class='ocr_carea' id='block_1_22' title="bbox 387 1951 2038 2027">
    <p class='ocr_par' dir='ltr' id='par_1_22' title="bbox 387 1951 2038 2027">
     <span class='ocr_line' id='line_1_22' title="bbox 387 1951 2038 2027; baseline -0.002 -15"><span class='ocrx_word' id='word_1_143' title='bbox 387 1955 481 2012; x_wconf 92' lang='lat' dir='ltr'><strong>nis</strong></span> <span class='ocrx_word' id='word_1_144' title='bbox 512 1954 990 2027; x_wconf 86' lang='lat' dir='ltr'><strong>cogitationibus,</strong></span> <span class='ocrx_word' id='word_1_145' title='bbox 1023 1957 1381 2024; x_wconf 91' lang='lat' dir='ltr'><strong>sanctosque</strong></span> <span class='ocrx_word' id='word_1_146' title='bbox 1412 1951 1829 2008; x_wconf 65' lang='lat' dir='ltr'><strong>aemularentur</strong></span> <span class='ocrx_word' id='word_1_147' title='bbox 1863 1952 2038 2008; x_wconf 91' lang='lat' dir='ltr'><strong>viros:</strong></span> 
     </span>
    </p>
   </div>
   <div class='ocr_carea' id='block_1_23' title="bbox 384 2042 2042 2113">
    <p class='ocr_par' dir='ltr' id='par_1_23' title="bbox 384 2042 2042 2113">
     <span class='ocr_line' id='line_1_23' title="bbox 384 2042 2042 2113; baseline -0.002 -12"><span class='ocrx_word' id='word_1_148' title='bbox 384 2062 490 2101; x_wconf 90' lang='lat' dir='ltr'><strong>nec</strong></span> <span class='ocrx_word' id='word_1_149' title='bbox 523 2046 595 2100; x_wconf 87' lang='lat' dir='ltr'><strong>ad</strong></span> <span class='ocrx_word' id='word_1_150' title='bbox 629 2043 971 2100; x_wconf 86' lang='lat' dir='ltr'><strong>Meletianos</strong></span> <span class='ocrx_word' id='word_1_151' title='bbox 994 2042 1403 2098; x_wconf 88' lang='lat' dir='ltr'><strong>schismaticos</strong></span> <span class='ocrx_word' id='word_1_152' title='bbox 1427 2042 2042 2113; x_wconf 89' lang='lat' dir='ltr'><strong>accederent,quorum</strong></span> 
     </span>
    </p>
   </div>
   <div class='ocr_carea' id='block_1_24' title="bbox 382 2130 2041 2207">
    <p class='ocr_par' dir='ltr' id='par_1_24' title="bbox 382 2130 2041 2207">
     <span class='ocr_line' id='line_1_24' title="bbox 382 2130 2041 2207; baseline -0.002 -17"><span class='ocrx_word' id='word_1_153' title='bbox 382 2134 721 2207; x_wconf 90' lang='lat' dir='ltr'><strong>improbum</strong></span> <span class='ocrx_word' id='word_1_154' title='bbox 756 2132 1185 2204; x_wconf 81' lang='lat' dir='ltr'><strong>proianumque</strong></span> <span class='ocrx_word' id='word_1_155' title='bbox 1217 2130 1582 2202; x_wconf 81' lang='lat' dir='ltr'><strong>prepositum</strong></span> <span class='ocrx_word' id='word_1_156' title='bbox 1611 2134 1855 2186; x_wconf 87' lang='lat' dir='ltr'><strong>nossent</strong></span> <span class='ocrx_word' id='word_1_157' title='bbox 1887 2147 1901 2184; x_wconf 88' lang='lat'><strong>:</strong></span> <span class='ocrx_word' id='word_1_158' title='bbox 1935 2146 2041 2186; x_wconf 89' lang='lat' dir='ltr'><strong>nec</strong></span> 
     </span>
    </p>
   </div>
   <div class='ocr_carea' id='block_1_25' title="bbox 383 2218 2039 2290">
    <p class='ocr_par' dir='ltr' id='par_1_25' title="bbox 383 2218 2039 2290">
     <span class='ocr_line' id='line_1_25' title="bbox 383 2218 2039 2290; baseline -0.004 -10"><span class='ocrx_word' id='word_1_159' title='bbox 383 2223 562 2280; x_wconf 89' lang='lat' dir='ltr'><strong>ullam</strong></span> <span class='ocrx_word' id='word_1_160' title='bbox 579 2222 862 2279; x_wconf 89' lang='lat' dir='ltr'><strong>baberent</strong></span> <span class='ocrx_word' id='word_1_161' title='bbox 879 2237 1013 2276; x_wconf 92' lang='lat' dir='ltr'><strong>cum</strong></span> <span class='ocrx_word' id='word_1_162' title='bbox 1040 2221 1271 2275; x_wconf 86' lang='lat' dir='ltr'><strong>Arianis</strong></span> <span class='ocrx_word' id='word_1_163' title='bbox 1288 2218 2039 2290; x_wconf 85' lang='lat' dir='ltr'><strong>communionem,quorum</strong></span> 
     </span>
    </p>
   </div>
   <div class='ocr_carea' id='block_1_26' title="bbox 381 2307 2043 2385">
    <p class='ocr_par' dir='ltr' id='par_1_26' title="bbox 381 2307 2043 2385">
     <span class='ocr_line' id='line_1_26' title="bbox 381 2307 2043 2385; baseline -0.002 -18"><span class='ocrx_word' id='word_1_164' title='bbox 381 2311 656 2385; x_wconf 85' lang='lat' dir='ltr'><strong>impietas</strong></span> <span class='ocrx_word' id='word_1_165' title='bbox 686 2310 903 2365; x_wconf 90' lang='lat' dir='ltr'><strong>nemini</strong></span> <span class='ocrx_word' id='word_1_166' title='bbox 939 2326 1052 2365; x_wconf 90' lang='lat' dir='ltr'><strong>non</strong></span> <span class='ocrx_word' id='word_1_167' title='bbox 1085 2309 1378 2380; x_wconf 79' lang='lat' dir='ltr'><strong>explorata</strong></span> <span class='ocrx_word' id='word_1_168' title='bbox 1408 2313 1581 2364; x_wconf 88' lang='lat' dir='ltr'><strong>esset.</strong></span> <span class='ocrx_word' id='word_1_169' title='bbox 1615 2307 1857 2363; x_wconf 83' lang='lat' dir='ltr'><strong>Etiamsi</strong></span> <span class='ocrx_word' id='word_1_170' title='bbox 1888 2308 2043 2363; x_wconf 89' lang='lat' dir='ltr'><strong>vide-</strong></span> 
     </span>
    </p>
   </div>
   <div class='ocr_carea' id='block_1_27' title="bbox 384 2396 2041 2470">
    <p class='ocr_par' dir='ltr' id='par_1_27' title="bbox 384 2396 2041 2470">
     <span class='ocr_line' id='line_1_27' title="bbox 384 2396 2041 2470; baseline -0.002 -15"><span class='ocrx_word' id='word_1_171' title='bbox 384 2400 536 2470; x_wconf 88' lang='lat' dir='ltr'><strong>ritis,</strong></span> <span class='ocrx_word' id='word_1_172' title='bbox 570 2399 670 2467; x_wconf 88' lang='lat' dir='ltr'><strong>ait,</strong></span> <span class='ocrx_word' id='word_1_173' title='bbox 700 2398 849 2470; x_wconf 88' lang='lat' dir='ltr'><strong>ipsis</strong></span> <span class='ocrx_word' id='word_1_174' title='bbox 869 2398 1105 2469; x_wconf 82' lang='lat' dir='ltr'><strong>judices</strong></span> <span class='ocrx_word' id='word_1_175' title='bbox 1136 2397 1514 2469; x_wconf 88' lang='lat' dir='ltr'><strong>patrocinari,</strong></span> <span class='ocrx_word' id='word_1_176' title='bbox 1546 2414 1618 2453; x_wconf 91' lang='lat' dir='ltr'><strong>ne</strong></span> <span class='ocrx_word' id='word_1_177' title='bbox 1666 2396 1796 2453; x_wconf 90' lang='lat' dir='ltr'><strong>ideo</strong></span> <span class='ocrx_word' id='word_1_178' title='bbox 1844 2397 2041 2452; x_wconf 91' lang='lat' dir='ltr'><strong>turbe-</strong></span> 
     </span>
    </p>
   </div>
   <div class='ocr_carea' id='block_1_28' title="bbox 383 2485 2042 2558">
    <p class='ocr_par' dir='ltr' id='par_1_28' title="bbox 383 2485 2042 2558">
     <span class='ocr_line' id='line_1_28' title="bbox 383 2485 2042 2558; baseline -0.002 -13"><span class='ocrx_word' id='word_1_179' title='bbox 383 2488 565 2556; x_wconf 90' lang='lat' dir='ltr'><strong>mini;</strong></span> <span class='ocrx_word' id='word_1_180' title='bbox 616 2487 871 2544; x_wconf 86' lang='lat' dir='ltr'><strong>cessabit</strong></span> <span class='ocrx_word' id='word_1_181' title='bbox 921 2488 1114 2553; x_wconf 91' lang='lat' dir='ltr'><strong>enim,</strong></span> <span class='ocrx_word' id='word_1_182' title='bbox 1167 2490 1343 2558; x_wconf 84' lang='lat' dir='ltr'><strong>atque</strong></span> <span class='ocrx_word' id='word_1_183' title='bbox 1394 2485 1659 2541; x_wconf 88' lang='lat' dir='ltr'><strong>mortalis</strong></span> <span class='ocrx_word' id='word_1_184' title='bbox 1707 2485 2042 2557; x_wconf 83' lang='lat' dir='ltr'><strong>modicique</strong></span> 
     </span>
    </p>
   </div>
   <div class='ocr_carea' id='block_1_29' title="bbox 383 2573 2041 2649">
    <p class='ocr_par' dir='ltr' id='par_1_29' title="bbox 383 2573 2041 2649">
     <span class='ocr_line' id='line_1_29' title="bbox 383 2573 2041 2649; baseline -0.002 -16"><span class='ocrx_word' id='word_1_185' title='bbox 383 2577 670 2649; x_wconf 87' lang='lat' dir='ltr'><strong>temporis</strong></span> <span class='ocrx_word' id='word_1_186' title='bbox 695 2579 783 2631; x_wconf 90' lang='lat' dir='ltr'><strong>est</strong></span> <span class='ocrx_word' id='word_1_187' title='bbox 813 2574 1161 2648; x_wconf 84' lang='lat' dir='ltr'><strong>imaginaria</strong></span> <span class='ocrx_word' id='word_1_188' title='bbox 1210 2573 1548 2644; x_wconf 87' lang='lat' dir='ltr'><strong>hujusmodi</strong></span> <span class='ocrx_word' id='word_1_189' title='bbox 1603 2577 1882 2646; x_wconf 85' lang='lat' dir='ltr'><strong>potestas.</strong></span> <span class='ocrx_word' id='word_1_190' title='bbox 1930 2574 2041 2631; x_wconf 84' lang='lat' dir='ltr'><strong>Vos</strong></span> 
     </span>
    </p>
   </div>
   <div class='ocr_carea' id='block_1_30' title="bbox 384 2662 2041 2737">
    <p class='ocr_par' dir='ltr' id='par_1_30' title="bbox 384 2662 2041 2737">
     <span class='ocr_line' id='line_1_30' title="bbox 384 2662 2041 2737; baseline -0.002 -15"><span class='ocrx_word' id='word_1_191' title='bbox 384 2666 586 2737; x_wconf 88' lang='lat' dir='ltr'><strong>itaque</strong></span> <span class='ocrx_word' id='word_1_192' title='bbox 630 2681 806 2736; x_wconf 90' lang='lat' dir='ltr'><strong>puros</strong></span> <span class='ocrx_word' id='word_1_193' title='bbox 836 2664 909 2719; x_wconf 90' lang='lat' dir='ltr'><strong>ab</strong></span> <span class='ocrx_word' id='word_1_194' title='bbox 940 2663 1058 2718; x_wconf 88' lang='lat' dir='ltr'><strong>illis</strong></span> <span class='ocrx_word' id='word_1_195' title='bbox 1089 2662 1400 2727; x_wconf 79' lang='lat' dir='ltr'><strong>custodite,</strong></span> <span class='ocrx_word' id='word_1_196' title='bbox 1433 2668 1772 2734; x_wconf 85' lang='lat' dir='ltr'><strong>servateque</strong></span> <span class='ocrx_word' id='word_1_197' title='bbox 1806 2662 2041 2719; x_wconf 86' lang='lat' dir='ltr'><strong>Patrum</strong></span> 
     </span>
    </p>
   </div>
   <div class='ocr_carea' id='block_1_31' title="bbox 382 2751 2039 2825">
    <p class='ocr_par' dir='ltr' id='par_1_31' title="bbox 382 2751 2039 2825">
     <span class='ocr_line' id='line_1_31' title="bbox 382 2751 2039 2825; baseline -0.001 -14"><span class='ocrx_word' id='word_1_198' title='bbox 382 2755 849 2823; x_wconf 84' lang='lat' dir='ltr'><strong>traditionem,et</strong></span> <span class='ocrx_word' id='word_1_199' title='bbox 867 2769 999 2808; x_wconf 86' lang='lat' dir='ltr'><strong>cum</strong></span> <span class='ocrx_word' id='word_1_200' title='bbox 1021 2751 1228 2824; x_wconf 89' lang='lat' dir='ltr'><strong>primis</strong></span> <span class='ocrx_word' id='word_1_201' title='bbox 1261 2751 1415 2825; x_wconf 85' lang='lat' dir='ltr'><strong>piam</strong></span> <span class='ocrx_word' id='word_1_202' title='bbox 1451 2751 1624 2807; x_wconf 81' lang='lat' dir='ltr'><strong>{idem</strong></span> <span class='ocrx_word' id='word_1_203' title='bbox 1644 2752 1702 2806; x_wconf 93' lang='lat' dir='ltr'><strong>in</strong></span> <span class='ocrx_word' id='word_1_204' title='bbox 1726 2751 2039 2809; x_wconf 91' lang='lat' dir='ltr'><strong>Dominum</strong></span> 
     </span>
    </p>
   </div>
   <div class='ocr_carea' id='block_1_32' title="bbox 383 2840 2040 2914">
    <p class='ocr_par' dir='ltr' id='par_1_32' title="bbox 383 2840 2040 2914">
     <span class='ocr_line' id='line_1_32' title="bbox 383 2840 2040 2914; baseline -0.003 -14"><span class='ocrx_word' id='word_1_205' title='bbox 383 2848 655 2901; x_wconf 90' lang='lat' dir='ltr'><strong>nostrum</strong></span> <span class='ocrx_word' id='word_1_206' title='bbox 683 2843 890 2899; x_wconf 90' lang='lat' dir='ltr'><strong>Jesum</strong></span> <span class='ocrx_word' id='word_1_207' title='bbox 922 2840 1242 2909; x_wconf 89' lang='lat' dir='ltr'><strong>Christum,</strong></span> <span class='ocrx_word' id='word_1_208' title='bbox 1277 2858 1455 2913; x_wconf 89' lang='lat' dir='ltr'><strong>quam</strong></span> <span class='ocrx_word' id='word_1_209' title='bbox 1489 2857 1556 2898; x_wconf 83' lang='lat' dir='ltr'><strong>ex</strong></span> <span class='ocrx_word' id='word_1_210' title='bbox 1585 2841 1905 2914; x_wconf 88' lang='lat' dir='ltr'><strong>Scripturis</strong></span> <span class='ocrx_word' id='word_1_211' title='bbox 1952 2842 2040 2896; x_wconf 91' lang='lat' dir='ltr'><strong>di-</strong></span> 
     </span>
    </p>
   </div>
   <div class='ocr_carea' id='block_1_33' title="bbox 386 2929 2039 3003">
    <p class='ocr_par' dir='ltr' id='par_1_33' title="bbox 386 2929 2039 3003">
     <span class='ocr_line' id='line_1_33' title="bbox 386 2929 2039 3003; baseline -0.001 -14"><span class='ocrx_word' id='word_1_212' title='bbox 386 2932 637 3001; x_wconf 89' lang='lat' dir='ltr'><strong>dicistis,</strong></span> <span class='ocrx_word' id='word_1_213' title='bbox 685 2936 742 2987; x_wconf 88' lang='lat' dir='ltr'><strong>et</strong></span> <span class='ocrx_word' id='word_1_214' title='bbox 781 2947 959 3003; x_wconf 89' lang='lat' dir='ltr'><strong>quam</strong></span> <span class='ocrx_word' id='word_1_215' title='bbox 1007 2930 1174 2986; x_wconf 86' lang='lat' dir='ltr'><strong>vobis</strong></span> <span class='ocrx_word' id='word_1_216' title='bbox 1204 2946 1310 3003; x_wconf 87' lang='lat' dir='ltr'><strong>ego</strong></span> <span class='ocrx_word' id='word_1_217' title='bbox 1345 2929 1690 3003; x_wconf 87' lang='lat' dir='ltr'><strong>plerumque</strong></span> <span class='ocrx_word' id='word_1_218' title='bbox 1720 2930 1778 2985; x_wconf 93' lang='lat' dir='ltr'><strong>in</strong></span> <span class='ocrx_word' id='word_1_219' title='bbox 1815 2947 2039 2987; x_wconf 87' lang='lat' dir='ltr'><strong>memo-</strong></span> 
     </span>
    </p>
   </div>
   <div class='ocr_carea' id='block_1_34' title="bbox 388 3019 853 3078">
    <p class='ocr_par' dir='ltr' id='par_1_34' title="bbox 388 3019 853 3078">
     <span class='ocr_line' id='line_1_34' title="bbox 388 3019 853 3078; baseline -0.006 0"><span class='ocrx_word' id='word_1_220' title='bbox 388 3023 536 3078; x_wconf 89' lang='lat' dir='ltr'><strong>riam</strong></span> <span class='ocrx_word' id='word_1_221' title='bbox 572 3019 853 3077; x_wconf 89' lang='lat' dir='ltr'><strong>revocavi.</strong></span> 
     </span>
    </p>
   </div>
   <div class='ocr_carea' id='block_1_35' title="bbox 453 3196 2042 3270">
    <p class='ocr_par' dir='ltr' id='par_1_35' title="bbox 453 3196 2042 3270">
     <span class='ocr_line' id='line_1_35' title="bbox 453 3196 2042 3270; baseline -0.001 -16"><span class='ocrx_word' id='word_1_222' title='bbox 453 3200 543 3254; x_wconf 86' lang='lat'><strong>90.</strong></span> <span class='ocrx_word' id='word_1_223' title='bbox 597 3197 893 3253; x_wconf 78' lang='lat' dir='ltr'><strong>Fratribus</strong></span> <span class='ocrx_word' id='word_1_224' title='bbox 940 3201 1137 3254; x_wconf 90' lang='lat' dir='ltr'><strong>autem</strong></span> <span class='ocrx_word' id='word_1_225' title='bbox 1189 3197 1303 3253; x_wconf 90' lang='lat' dir='ltr'><strong>vim</strong></span> <span class='ocrx_word' id='word_1_226' title='bbox 1356 3197 1469 3270; x_wconf 92' lang='lat' dir='ltr'><strong>ipsi</strong></span> <span class='ocrx_word' id='word_1_227' title='bbox 1517 3196 1926 3266; x_wconf 82' lang='lat' dir='ltr'><strong>inferentibus,</strong></span> <span class='ocrx_word' id='word_1_228' title='bbox 1977 3201 2042 3255; x_wconf 89' lang='lat' dir='ltr'><strong>ut</strong></span> 
     </span>
    </p>
   </div>
   <div class='ocr_carea' id='block_1_36' title="bbox 2149 611 3800 696">
    <p class='ocr_par' dir='ltr' id='par_1_36' title="bbox 2149 611 3800 696">
     <span class='ocr_line' id='line_1_36' title="bbox 2149 611 3800 696; baseline 0.008 -31"><span class='ocrx_word' id='word_1_229' title='bbox 2149 611 2293 684; x_wconf 71' lang='grc' dir='ltr'>ἄξιον</span> <span class='ocrx_word' id='word_1_230' title='bbox 2342 615 2485 689; x_wconf 74' lang='grc' dir='ltr'><strong>κᾶμὶ</strong></span> <span class='ocrx_word' id='word_1_231' title='bbox 2536 622 2929 691; x_wconf 77' lang='grc' dir='ltr'>μνημονεῦσαι,</span> <span class='ocrx_word' id='word_1_232' title='bbox 2976 620 3066 675; x_wconf 80' lang='grc' dir='ltr'>καὶ</span> <span class='ocrx_word' id='word_1_233' title='bbox 3120 622 3259 696; x_wconf 80' lang='grc' dir='ltr'>ὑμᾶς</span> <span class='ocrx_word' id='word_1_234' title='bbox 3310 624 3534 681; x_wconf 74' lang='grc' dir='ltr'>ἀκοῦσαι</span> <span class='ocrx_word' id='word_1_235' title='bbox 3564 626 3800 680; x_wconf 78' lang='grc' dir='ltr'>ποθοῦν-</span> 
     </span>
    </p>
   </div>
   <div class='ocr_carea' id='block_1_37' title="bbox 2147 704 3802 790">
    <p class='ocr_par' dir='ltr' id='par_1_37' title="bbox 2147 704 3802 790">
     <span class='ocr_line' id='line_1_37' title="bbox 2147 704 3802 790; baseline 0.007 -33"><span class='ocrx_word' id='word_1_236' title='bbox 2147 724 2261 767; x_wconf 77' lang='grc' dir='ltr'>τας’</span> <span class='ocrx_word' id='word_1_237' title='bbox 2322 704 2412 759; x_wconf 83' lang='grc' dir='ltr'><strong>καὶ</strong></span> <span class='ocrx_word' id='word_1_238' title='bbox 2466 710 2632 760; x_wconf 74' lang='grc' dir='ltr'>τοῦτο</span> <span class='ocrx_word' id='word_1_239' title='bbox 2688 708 2791 782; x_wconf 77' lang='grc' dir='ltr'>γὰρ</span> <span class='ocrx_word' id='word_1_240' title='bbox 2846 707 3011 764; x_wconf 75' lang='grc' dir='ltr'>αὐτοῦ</span> <span class='ocrx_word' id='word_1_241' title='bbox 3070 708 3320 781; x_wconf 80' lang='grc' dir='ltr'>ζηλωτὸν</span> <span class='ocrx_word' id='word_1_242' title='bbox 3386 713 3591 790; x_wconf 75' lang='grc' dir='ltr'>γέγονε.</span> <span class='ocrx_word' id='word_1_243' title='bbox 3655 713 3802 771; x_wconf 81' lang='grc' dir='ltr'>Κατὰ</span> 
     </span>
    </p>
   </div>
   <div class='ocr_carea' id='block_1_38' title="bbox 2147 791 3799 878">
    <p class='ocr_par' dir='ltr' id='par_1_38' title="bbox 2147 791 3799 878">
     <span class='ocr_line' id='line_1_38' title="bbox 2147 791 3799 878; baseline 0.006 -31"><span class='ocrx_word' id='word_1_244' title='bbox 2147 794 2208 847; x_wconf 88' lang='grc' dir='ltr'>τὸ</span> <span class='ocrx_word' id='word_1_245' title='bbox 2267 791 2461 857; x_wconf 75' lang='grc' dir='ltr'>εἰωθὸς</span> <span class='ocrx_word' id='word_1_246' title='bbox 2516 794 2870 852; x_wconf 67' lang='grc' dir='ltr'><strong>ἐπεσκέπτετο</strong></span> <span class='ocrx_word' id='word_1_247' title='bbox 2920 797 3047 861; x_wconf 76' lang='grc' dir='ltr'>τοὺς</span> <span class='ocrx_word' id='word_1_248' title='bbox 3098 801 3374 878; x_wconf 79' lang='grc' dir='ltr'>μοναχοὺς</span> <span class='ocrx_word' id='word_1_249' title='bbox 3436 801 3558 865; x_wconf 77' lang='grc' dir='ltr'>τοὺς</span> <span class='ocrx_word' id='word_1_250' title='bbox 3610 800 3663 857; x_wconf 71' lang='grc' dir='ltr'>ἐν</span> <span class='ocrx_word' id='word_1_251' title='bbox 3715 807 3799 877; x_wconf 78' lang='grc' dir='ltr'>τῷ</span> 
     </span>
    </p>
   </div>
   <div class='ocr_carea' id='block_1_39' title="bbox 2150 879 3799 968">
    <p class='ocr_par' dir='ltr' id='par_1_39' title="bbox 2150 879 3799 968">
     <span class='ocr_line' id='line_1_39' title="bbox 2150 879 3799 968; baseline 0.006 -33"><span class='ocrx_word' id='word_1_252' title='bbox 2150 879 2261 958; x_wconf 76' lang='grc' dir='ltr'>ὄρει</span> <span class='ocrx_word' id='word_1_253' title='bbox 2290 887 2369 954; x_wconf 87' lang='grc' dir='ltr'>τῷ</span> <span class='ocrx_word' id='word_1_254' title='bbox 2400 879 2523 956; x_wconf 78' lang='grc' dir='ltr'>ἔξω,</span> <span class='ocrx_word' id='word_1_255' title='bbox 2553 886 2640 939; x_wconf 82' lang='grc' dir='ltr'><strong>καὶ</strong></span> <span class='ocrx_word' id='word_1_256' title='bbox 2697 889 3029 962; x_wconf 85' lang='grc' dir='ltr'>προσμαθὼν</span> <span class='ocrx_word' id='word_1_257' title='bbox 3083 892 3160 963; x_wconf 84' lang='grc'><strong>(6)</strong></span> <span class='ocrx_word' id='word_1_258' title='bbox 3206 891 3353 967; x_wconf 82' lang='grc' dir='ltr'>παρᾶ</span> <span class='ocrx_word' id='word_1_259' title='bbox 3397 897 3498 961; x_wconf 81' lang='grc' dir='ltr'>τῆς</span> <span class='ocrx_word' id='word_1_260' title='bbox 3533 890 3799 968; x_wconf 76' lang='grc' dir='ltr'><strong>Προνοίας</strong></span> 
     </span>
    </p>
   </div>
   <div class='ocr_carea' id='block_1_40' title="bbox 2148 972 3799 1047">
    <p class='ocr_par' dir='ltr' id='par_1_40' title="bbox 2148 972 3799 1047">
     <span class='ocr_line' id='line_1_40' title="bbox 2148 972 3799 1047; baseline 0.007 -22"><span class='ocrx_word' id='word_1_261' title='bbox 2148 972 2272 1047; x_wconf 78' lang='grc' dir='ltr'>περὶ</span> <span class='ocrx_word' id='word_1_262' title='bbox 2302 979 2404 1041; x_wconf 82' lang='grc' dir='ltr'><strong>τῆς</strong></span> <span class='ocrx_word' id='word_1_263' title='bbox 2432 973 2622 1029; x_wconf 71' lang='grc' dir='ltr'>ἑαυτοῦ</span> <span class='ocrx_word' id='word_1_264' title='bbox 2673 973 2956 1047; x_wconf 80' lang='grc' dir='ltr'><strong>τελευτῆς,</strong></span> <span class='ocrx_word' id='word_1_265' title='bbox 3003 976 3189 1035; x_wconf 67' lang='grc' dir='ltr'>ἐλάλει</span> <span class='ocrx_word' id='word_1_266' title='bbox 3237 986 3353 1043; x_wconf 86' lang='grc' dir='ltr'>τοῖς</span> <span class='ocrx_word' id='word_1_267' title='bbox 3401 977 3651 1045; x_wconf 79' lang='grc' dir='ltr'>ἀδελθοῖς</span> <span class='ocrx_word' id='word_1_268' title='bbox 3699 978 3799 1036; x_wconf 77' lang='grc' dir='ltr'><strong>λέ-</strong></span> 
     </span>
    </p>
   </div>
   <div class='ocr_carea' id='block_1_41' title="bbox 2148 1062 3794 1145">
    <p class='ocr_par' dir='ltr' id='par_1_41' title="bbox 2148 1062 3794 1145">
     <span class='ocr_line' id='line_1_41' title="bbox 2148 1062 3794 1145; baseline 0.006 -30"><span class='ocrx_word' id='word_1_269' title='bbox 2148 1081 2278 1136; x_wconf 86' lang='grc' dir='ltr'>γων·</span> <span class='ocrx_word' id='word_1_270' title='bbox 2341 1062 2558 1133; x_wconf 66' lang='grc' dir='ltr'>Ταύτην</span> <span class='ocrx_word' id='word_1_271' title='bbox 2615 1064 2767 1138; x_wconf 80' lang='grc' dir='ltr'>ὑμῶν</span> <span class='ocrx_word' id='word_1_272' title='bbox 2828 1067 2927 1134; x_wconf 76' lang='grc' dir='ltr'>τὴν</span> <span class='ocrx_word' id='word_1_273' title='bbox 2982 1066 3259 1143; x_wconf 72' lang='grc' dir='ltr'>ἐπίσκεψιν</span> <span class='ocrx_word' id='word_1_274' title='bbox 3320 1070 3539 1145; x_wconf 83' lang='grc' dir='ltr'>ὑστέραν</span> <span class='ocrx_word' id='word_1_275' title='bbox 3599 1073 3794 1126; x_wconf 69' lang='grc' dir='ltr'>ποιοῦ-</span> 
     </span>
    </p>
   </div>
   <div class='ocr_carea' id='block_1_42' title="bbox 2152 1151 3796 1232">
    <p class='ocr_par' dir='ltr' id='par_1_42' title="bbox 2152 1151 3796 1232">
     <span class='ocr_line' id='line_1_42' title="bbox 2152 1151 3796 1232; baseline 0.006 -28"><span class='ocrx_word' id='word_1_276' title='bbox 2152 1172 2270 1223; x_wconf 89' lang='grc' dir='ltr'>μαι,</span> <span class='ocrx_word' id='word_1_277' title='bbox 2302 1151 2387 1206; x_wconf 78' lang='grc' dir='ltr'><strong>καὶ</strong></span> <span class='ocrx_word' id='word_1_278' title='bbox 2423 1153 2704 1226; x_wconf 79' lang='grc' dir='ltr'>θαυμάζω,</span> <span class='ocrx_word' id='word_1_279' title='bbox 2749 1154 2794 1209; x_wconf 81' lang='grc' dir='ltr'><strong>εί</strong></span> <span class='ocrx_word' id='word_1_280' title='bbox 2825 1154 2989 1212; x_wconf 72' lang='grc' dir='ltr'>πάλιν</span> <span class='ocrx_word' id='word_1_281' title='bbox 3023 1156 3245 1220; x_wconf 66' lang='grc' dir='ltr'>ἑαυτοὺς</span> <span class='ocrx_word' id='word_1_282' title='bbox 3277 1157 3329 1213; x_wconf 81' lang='grc' dir='ltr'><strong>έν</strong></span> <span class='ocrx_word' id='word_1_283' title='bbox 3358 1163 3438 1232; x_wconf 82' lang='grc' dir='ltr'>τῷ</span> <span class='ocrx_word' id='word_1_284' title='bbox 3485 1158 3591 1231; x_wconf 85' lang='grc' dir='ltr'><strong>βίῳ</strong></span> <span class='ocrx_word' id='word_1_285' title='bbox 3613 1159 3796 1231; x_wconf 69' lang='grc' dir='ltr'>τούτῳ</span> 
     </span>
    </p>
   </div>
   <div class='ocr_carea' id='block_1_43' title="bbox 2149 1238 3794 1317">
    <p class='ocr_par' dir='ltr' id='par_1_43' title="bbox 2149 1238 3794 1317">
     <span class='ocr_line' id='line_1_43' title="bbox 2149 1238 3794 1317; baseline 0.005 -26"><span class='ocrx_word' id='word_1_286' title='bbox 2149 1238 2520 1312; x_wconf 78' lang='grc' dir='ltr'>θεωρήσομεν.</span> <span class='ocrx_word' id='word_1_287' title='bbox 2581 1239 2780 1315; x_wconf 84' lang='grc' dir='ltr'>Καιρός</span> <span class='ocrx_word' id='word_1_288' title='bbox 2830 1240 2939 1298; x_wconf 82' lang='grc' dir='ltr'>ἐστι</span> <span class='ocrx_word' id='word_1_289' title='bbox 2998 1243 3140 1317; x_wconf 70' lang='grc' dir='ltr'><strong>κάμὲ</strong></span> <span class='ocrx_word' id='word_1_290' title='bbox 3212 1242 3406 1301; x_wconf 87' lang='grc' dir='ltr'>λοιπὸν</span> <span class='ocrx_word' id='word_1_291' title='bbox 3490 1244 3794 1301; x_wconf 74' lang='grc' dir='ltr'>ἀναλῦσαιο</span> 
     </span>
    </p>
   </div>
   <div class='ocr_carea' id='block_1_44' title="bbox 2148 1326 3795 1407">
    <p class='ocr_par' dir='ltr' id='par_1_44' title="bbox 2148 1326 3795 1407">
     <span class='ocr_line' id='line_1_44' title="bbox 2148 1326 3795 1407; baseline 0.004 -24"><span class='ocrx_word' id='word_1_292' title='bbox 2148 1326 2261 1400; x_wconf 83' lang='grc' dir='ltr'>είμὶ</span> <span class='ocrx_word' id='word_1_293' title='bbox 2293 1326 2396 1403; x_wconf 78' lang='grc' dir='ltr'>γάρ</span> <span class='ocrx_word' id='word_1_294' title='bbox 2440 1326 2594 1405; x_wconf 78' lang='grc' dir='ltr'>ἐγγὺς</span> <span class='ocrx_word' id='word_1_295' title='bbox 2648 1328 2781 1384; x_wconf 74' lang='grc' dir='ltr'>ἐτῶν</span> <span class='ocrx_word' id='word_1_296' title='bbox 2827 1330 2985 1388; x_wconf 88' lang='grc' dir='ltr'>πέντε</span> <span class='ocrx_word' id='word_1_297' title='bbox 3031 1333 3124 1388; x_wconf 84' lang='grc' dir='ltr'>καὶ</span> <span class='ocrx_word' id='word_1_298' title='bbox 3168 1333 3377 1389; x_wconf 74' lang='grc' dir='ltr'>ἑκατόν.</span> <span class='ocrx_word' id='word_1_299' title='bbox 3428 1335 3497 1392; x_wconf 76' lang='grc' dir='ltr'><strong>Οἱ</strong></span> <span class='ocrx_word' id='word_1_300' title='bbox 3555 1335 3650 1407; x_wconf 82' lang='grc' dir='ltr'><strong>μὶν</strong></span> <span class='ocrx_word' id='word_1_301' title='bbox 3700 1333 3795 1389; x_wconf 74' lang='grc' dir='ltr'>οὖν</span> 
     </span>
    </p>
   </div>
   <div class='ocr_carea' id='block_1_45' title="bbox 2148 1414 3801 1499">
    <p class='ocr_par' dir='ltr' id='par_1_45' title="bbox 2148 1414 3801 1499">
     <span class='ocr_line' id='line_1_45' title="bbox 2148 1414 3801 1499; baseline 0.005 -29"><span class='ocrx_word' id='word_1_302' title='bbox 2148 1415 2508 1486; x_wconf 77' lang='grc' dir='ltr'>ἀκούσαντες,</span> <span class='ocrx_word' id='word_1_303' title='bbox 2566 1414 2821 1488; x_wconf 77' lang='grc' dir='ltr'>ἔκλαιον,</span> <span class='ocrx_word' id='word_1_304' title='bbox 2878 1421 2969 1476; x_wconf 82' lang='grc' dir='ltr'>καὶ</span> <span class='ocrx_word' id='word_1_305' title='bbox 3025 1422 3479 1499; x_wconf 79' lang='grc' dir='ltr'>περιεπτύσσοντο</span> <span class='ocrx_word' id='word_1_306' title='bbox 3536 1421 3629 1478; x_wconf 74' lang='grc' dir='ltr'>καί</span> <span class='ocrx_word' id='word_1_307' title='bbox 3673 1444 3801 1483; x_wconf 82' lang='grc' dir='ltr'>κατ-</span> 
     </span>
    </p>
   </div>
   <div class='ocr_carea' id='block_1_46' title="bbox 2150 1504 3800 1588">
    <p class='ocr_par' dir='ltr' id='par_1_46' title="bbox 2150 1504 3800 1588">
     <span class='ocr_line' id='line_1_46' title="bbox 2150 1504 3800 1588; baseline 0.003 -29"><span class='ocrx_word' id='word_1_308' title='bbox 2150 1504 2370 1582; x_wconf 71' lang='grc' dir='ltr'>εφίλουν</span> <span class='ocrx_word' id='word_1_309' title='bbox 2401 1505 2493 1560; x_wconf 85' lang='grc' dir='ltr'><strong>τὸν</strong></span> <span class='ocrx_word' id='word_1_310' title='bbox 2539 1508 2789 1582; x_wconf 88' lang='grc' dir='ltr'>γέροντα·</span> <span class='ocrx_word' id='word_1_311' title='bbox 2851 1510 2879 1564; x_wconf 79' lang='grc' dir='ltr'>ὁ</span> <span class='ocrx_word' id='word_1_312' title='bbox 2938 1507 3015 1582; x_wconf 80' lang='grc' dir='ltr'><strong>δὲ,</strong></span> <span class='ocrx_word' id='word_1_313' title='bbox 3076 1511 3149 1573; x_wconf 87' lang='grc' dir='ltr'>ὡς</span> <span class='ocrx_word' id='word_1_314' title='bbox 3209 1510 3315 1566; x_wconf 83' lang='grc' dir='ltr'><strong>ἀπὸ</strong></span> <span class='ocrx_word' id='word_1_315' title='bbox 3372 1509 3669 1588; x_wconf 75' lang='grc' dir='ltr'>ἀλλοτρίας</span> <span class='ocrx_word' id='word_1_316' title='bbox 3721 1510 3800 1573; x_wconf 75' lang='grc' dir='ltr'>εἷς</span> 
     </span>
    </p>
   </div>
   <div class='ocr_carea' id='block_1_47' title="bbox 2150 1591 3803 1676">
    <p class='ocr_par' dir='ltr' id='par_1_47' title="bbox 2150 1591 3803 1676">
     <span class='ocr_line' id='line_1_47' title="bbox 2150 1591 3803 1676; baseline 0.005 -29"><span class='ocrx_word' id='word_1_317' title='bbox 2150 1591 2286 1649; x_wconf 86' lang='grc' dir='ltr'>ἰδίαν</span> <span class='ocrx_word' id='word_1_318' title='bbox 2316 1594 2559 1670; x_wconf 78' lang='grc' dir='ltr'>ἀπαίρων</span> <span class='ocrx_word' id='word_1_319' title='bbox 2593 1595 2785 1667; x_wconf 86' lang='grc' dir='ltr'>πόλιν,</span> <span class='ocrx_word' id='word_1_320' title='bbox 2834 1597 3043 1676; x_wconf 87' lang='grc' dir='ltr'>χαίρων</span> <span class='ocrx_word' id='word_1_321' title='bbox 3102 1596 3398 1675; x_wconf 84' lang='grc' dir='ltr'>διελέγετο⁴</span> <span class='ocrx_word' id='word_1_322' title='bbox 3449 1601 3537 1655; x_wconf 81' lang='grc' dir='ltr'>καὶ</span> <span class='ocrx_word' id='word_1_323' title='bbox 3587 1602 3803 1676; x_wconf 80' lang='grc' dir='ltr'>παρήγ-</span> 
     </span>
    </p>
   </div>
   <div class='ocr_carea' id='block_1_48' title="bbox 2148 1682 3802 1765">
    <p class='ocr_par' dir='ltr' id='par_1_48' title="bbox 2148 1682 3802 1765">
     <span class='ocr_line' id='line_1_48' title="bbox 2148 1682 3802 1765; baseline 0.004 -26"><span class='ocrx_word' id='word_1_324' title='bbox 2148 1682 2342 1759; x_wconf 90' lang='grc' dir='ltr'>γελλεν</span> <span class='ocrx_word' id='word_1_325' title='bbox 2375 1686 2562 1748; x_wconf 83' lang='grc' dir='ltr'>αὐτοῖς</span> <span class='ocrx_word' id='word_1_326' title='bbox 2624 1688 2700 1759; x_wconf 79' lang='grc' dir='ltr'>μή</span> <span class='ocrx_word' id='word_1_327' title='bbox 2764 1686 3057 1765; x_wconf 84' lang='grc' dir='ltr'>ὀλιγωρεῖν</span> <span class='ocrx_word' id='word_1_328' title='bbox 3108 1688 3161 1745; x_wconf 76' lang='grc' dir='ltr'>ἐν</span> <span class='ocrx_word' id='word_1_329' title='bbox 3214 1695 3334 1753; x_wconf 88' lang='grc' dir='ltr'>τοῖς</span> <span class='ocrx_word' id='word_1_330' title='bbox 3385 1689 3597 1759; x_wconf 87' lang='grc' dir='ltr'>πόνοις,</span> <span class='ocrx_word' id='word_1_331' title='bbox 3655 1687 3802 1763; x_wconf 76' lang='grc' dir='ltr'>μηδὲ</span> 
     </span>
    </p>
   </div>
   <div class='ocr_carea' id='block_1_49' title="bbox 2149 1771 3802 1853">
    <p class='ocr_par' dir='ltr' id='par_1_49' title="bbox 2149 1771 3802 1853">
     <span class='ocr_line' id='line_1_49' title="bbox 2149 1771 3802 1853; baseline 0.003 -27"><span class='ocrx_word' id='word_1_332' title='bbox 2149 1771 2389 1827; x_wconf 78' lang='grc' dir='ltr'>έκκακεῖν</span> <span class='ocrx_word' id='word_1_333' title='bbox 2439 1772 2491 1829; x_wconf 82' lang='grc' dir='ltr'><strong>έν</strong></span> <span class='ocrx_word' id='word_1_334' title='bbox 2554 1776 2628 1847; x_wconf 92' lang='grc'><strong>(7)</strong></span> <span class='ocrx_word' id='word_1_335' title='bbox 2680 1778 2750 1850; x_wconf 80' lang='grc' dir='ltr'>τῇ</span> <span class='ocrx_word' id='word_1_336' title='bbox 2801 1776 3044 1848; x_wconf 75' lang='grc' dir='ltr'>ἀσκήσει·</span> <span class='ocrx_word' id='word_1_337' title='bbox 3101 1775 3227 1831; x_wconf 82' lang='grc' dir='ltr'><strong>ἀλλ’</strong></span> <span class='ocrx_word' id='word_1_338' title='bbox 3278 1776 3355 1839; x_wconf 85' lang='grc' dir='ltr'>ὡς</span> <span class='ocrx_word' id='word_1_339' title='bbox 3413 1778 3529 1841; x_wconf 59' lang='grc' dir='ltr'><strong>καθ’</strong></span> <span class='ocrx_word' id='word_1_340' title='bbox 3583 1775 3802 1853; x_wconf 80' lang='grc' dir='ltr'>ἡμέραν</span> 
     </span>
    </p>
   </div>
   <div class='ocr_carea' id='block_1_50' title="bbox 2148 1862 3798 1941">
    <p class='ocr_par' dir='ltr' id='par_1_50' title="bbox 2148 1862 3798 1941">
     <span class='ocr_line' id='line_1_50' title="bbox 2148 1862 3798 1941; baseline 0.001 -25"><span class='ocrx_word' id='word_1_341' title='bbox 2148 1862 2587 1932; x_wconf 78' lang='grc' dir='ltr'>ἀποθνήσκοντας</span> <span class='ocrx_word' id='word_1_342' title='bbox 2646 1866 2763 1936; x_wconf 78' lang='grc' dir='ltr'>ζῇνο</span> <span class='ocrx_word' id='word_1_343' title='bbox 2824 1864 2913 1919; x_wconf 78' lang='grc' dir='ltr'>καὶ</span> <span class='ocrx_word' id='word_1_344' title='bbox 2958 1865 3096 1919; x_wconf 70' lang='grc' dir='ltr'>καθὰ</span> <span class='ocrx_word' id='word_1_345' title='bbox 3148 1869 3412 1941; x_wconf 83' lang='grc' dir='ltr'>προεῖπον</span> <span class='ocrx_word' id='word_1_346' title='bbox 3473 1862 3798 1934; x_wconf 74' lang='grc' dir='ltr'>σπουδάζειν</span> 
     </span>
    </p>
   </div>
   <div class='ocr_carea' id='block_1_51' title="bbox 2147 1950 3799 2030">
    <p class='ocr_par' dir='ltr' id='par_1_51' title="bbox 2147 1950 3799 2030">
     <span class='ocr_line' id='line_1_51' title="bbox 2147 1950 3799 2030; baseline 0.002 -26"><span class='ocrx_word' id='word_1_347' title='bbox 2147 1952 2245 2021; x_wconf 80' lang='grc' dir='ltr'>τὴν</span> <span class='ocrx_word' id='word_1_348' title='bbox 2287 1952 2471 2026; x_wconf 60' lang='grc' dir='ltr'>ψυχὴν</span> <span class='ocrx_word' id='word_1_349' title='bbox 2532 1950 2821 2029; x_wconf 72' lang='grc' dir='ltr'>φυλάττειν</span> <span class='ocrx_word' id='word_1_350' title='bbox 2875 1954 2981 2010; x_wconf 76' lang='grc' dir='ltr'><strong>ἀπὸ</strong></span> <span class='ocrx_word' id='word_1_351' title='bbox 3040 1952 3293 2030; x_wconf 77' lang='grc' dir='ltr'>ῥυπαρῶν</span> <span class='ocrx_word' id='word_1_352' title='bbox 3352 1954 3654 2030; x_wconf 62' lang='grc' dir='ltr'>λογισμῶν</span> <span class='ocrx_word' id='word_1_353' title='bbox 3704 1952 3799 2008; x_wconf 78' lang='grc' dir='ltr'><strong>καὶ</strong></span> 
     </span>
    </p>
   </div>
   <div class='ocr_carea' id='block_1_52' title="bbox 2147 2033 3802 2119">
    <p class='ocr_par' dir='ltr' id='par_1_52' title="bbox 2147 2033 3802 2119">
     <span class='ocr_line' id='line_1_52' title="bbox 2147 2033 3802 2119; baseline 0.001 -26"><span class='ocrx_word' id='word_1_354' title='bbox 2147 2039 2241 2093; x_wconf 86' lang='grc' dir='ltr'>τὸν</span> <span class='ocrx_word' id='word_1_355' title='bbox 2276 2037 2439 2108; x_wconf 73' lang='grc' dir='ltr'>ζῆλον</span> <span class='ocrx_word' id='word_1_356' title='bbox 2473 2033 2618 2115; x_wconf 80' lang='grc' dir='ltr'>ἕχείν</span> <span class='ocrx_word' id='word_1_357' title='bbox 2672 2041 2808 2115; x_wconf 88' lang='grc' dir='ltr'>πρὸς</span> <span class='ocrx_word' id='word_1_358' title='bbox 2868 2040 2995 2103; x_wconf 77' lang='grc' dir='ltr'>τοὺς</span> <span class='ocrx_word' id='word_1_359' title='bbox 3055 2041 3260 2115; x_wconf 79' lang='grc' dir='ltr'>ἁγίους,</span> <span class='ocrx_word' id='word_1_360' title='bbox 3323 2043 3400 2115; x_wconf 74' lang='grc' dir='ltr'>μὴ</span> <span class='ocrx_word' id='word_1_361' title='bbox 3458 2040 3682 2119; x_wconf 81' lang='grc' dir='ltr'>ἐγγίζειν</span> <span class='ocrx_word' id='word_1_362' title='bbox 3740 2038 3802 2095; x_wconf 69' lang='grc' dir='ltr'>δὲ</span> 
     </span>
    </p>
   </div>
   <div class='ocr_carea' id='block_1_53' title="bbox 2150 2126 3802 2206">
    <p class='ocr_par' dir='ltr' id='par_1_53' title="bbox 2150 2126 3802 2206">
     <span class='ocr_line' id='line_1_53' title="bbox 2150 2126 3802 2206; baseline 0 -21"><span class='ocrx_word' id='word_1_363' title='bbox 2150 2126 2497 2190; x_wconf 77' lang='grc' dir='ltr'>Μελετιανοῖς</span> <span class='ocrx_word' id='word_1_364' title='bbox 2553 2132 2628 2202; x_wconf 91' lang='grc'><strong>(8)</strong></span> <span class='ocrx_word' id='word_1_365' title='bbox 2677 2133 2792 2194; x_wconf 87' lang='grc' dir='ltr'>τοῖς</span> <span class='ocrx_word' id='word_1_366' title='bbox 2840 2136 3252 2206; x_wconf 74' lang='grc' dir='ltr'>σχισματικοῖςο</span> <span class='ocrx_word' id='word_1_367' title='bbox 3314 2126 3500 2186; x_wconf 83' lang='grc' dir='ltr'>οἷ’δατε</span> <span class='ocrx_word' id='word_1_368' title='bbox 3546 2131 3647 2206; x_wconf 76' lang='grc' dir='ltr'>γὰρ</span> <span class='ocrx_word' id='word_1_369' title='bbox 3697 2130 3802 2185; x_wconf 79' lang='grc' dir='ltr'><strong>αὐ·-</strong></span> 
     </span>
    </p>
   </div>
   <div class='ocr_carea' id='block_1_54' title="bbox 2148 2214 3804 2296">
    <p class='ocr_par' dir='ltr' id='par_1_54' title="bbox 2148 2214 3804 2296">
     <span class='ocr_line' id='line_1_54' title="bbox 2148 2214 3804 2296; baseline 0.001 -24"><span class='ocrx_word' id='word_1_370' title='bbox 2148 2222 2255 2272; x_wconf 86' lang='grc' dir='ltr'><strong>τῶν</strong></span> <span class='ocrx_word' id='word_1_371' title='bbox 2285 2219 2386 2287; x_wconf 77' lang='grc' dir='ltr'>τήν</span> <span class='ocrx_word' id='word_1_372' title='bbox 2434 2218 2677 2292; x_wconf 69' lang='grc' dir='ltr'>πονηρὰν</span> <span class='ocrx_word' id='word_1_373' title='bbox 2709 2217 2797 2274; x_wconf 80' lang='grc' dir='ltr'>καὶ</span> <span class='ocrx_word' id='word_1_374' title='bbox 2835 2214 3073 2294; x_wconf 78' lang='grc' dir='ltr'>βέϐηλον</span> <span class='ocrx_word' id='word_1_375' title='bbox 3104 2219 3446 2296; x_wconf 61' lang='grc' dir='ltr'>προαίρεσιν</span> <span class='ocrx_word' id='word_1_376' title='bbox 3504 2216 3646 2293; x_wconf 74' lang='grc' dir='ltr'>μηδὲ</span> <span class='ocrx_word' id='word_1_377' title='bbox 3685 2239 3804 2274; x_wconf 83' lang='grc' dir='ltr'>κοι-</span> 
     </span>
    </p>
   </div>
   <div class='ocr_carea' id='block_1_55' title="bbox 2149 2304 3801 2384">
    <p class='ocr_par' dir='ltr' id='par_1_55' title="bbox 2149 2304 3801 2384">
     <span class='ocr_line' id='line_1_55' title="bbox 2149 2304 3801 2384; baseline 0 -23"><span class='ocrx_word' id='word_1_378' title='bbox 2149 2307 2346 2361; x_wconf 86' lang='grc' dir='ltr'>νωνίαν</span> <span class='ocrx_word' id='word_1_379' title='bbox 2404 2304 2550 2381; x_wconf 78' lang='grc' dir='ltr'>ἔχειν</span> <span class='ocrx_word' id='word_1_380' title='bbox 2606 2308 2728 2362; x_wconf 72' lang='grc' dir='ltr'>τινὰ</span> <span class='ocrx_word' id='word_1_381' title='bbox 2783 2308 2918 2384; x_wconf 84' lang='grc' dir='ltr'>πρὸς</span> <span class='ocrx_word' id='word_1_382' title='bbox 2972 2307 3102 2370; x_wconf 78' lang='grc' dir='ltr'>τοὺς</span> <span class='ocrx_word' id='word_1_383' title='bbox 3160 2308 3493 2384; x_wconf 73' lang='grc' dir='ltr'>Ἀρειανοῦςο</span> <span class='ocrx_word' id='word_1_384' title='bbox 3546 2307 3637 2362; x_wconf 80' lang='grc' dir='ltr'>καὶ</span> <span class='ocrx_word' id='word_1_385' title='bbox 3690 2306 3801 2383; x_wconf 72' lang='grc' dir='ltr'>γὰρ</span> 
     </span>
    </p>
   </div>
   <div class='ocr_carea' id='block_1_56' title="bbox 2148 2393 3802 2467">
    <p class='ocr_par' dir='ltr' id='par_1_56' title="bbox 2148 2393 3802 2467">
     <span class='ocr_line' id='line_1_56' title="bbox 2148 2393 3802 2467; baseline 0 -17"><span class='ocrx_word' id='word_1_386' title='bbox 2148 2397 2236 2450; x_wconf 78' lang='grc' dir='ltr'>καὶ</span> <span class='ocrx_word' id='word_1_387' title='bbox 2270 2397 2306 2465; x_wconf 77' lang='grc' dir='ltr'><strong>ἡ</strong></span> <span class='ocrx_word' id='word_1_388' title='bbox 2337 2396 2541 2451; x_wconf 80' lang='grc' dir='ltr'>τούτων</span> <span class='ocrx_word' id='word_1_389' title='bbox 2586 2393 2803 2453; x_wconf 75' lang='grc' dir='ltr'>ἀσέϐεια</span> <span class='ocrx_word' id='word_1_390' title='bbox 2858 2402 3019 2451; x_wconf 73' lang='grc' dir='ltr'>πὶσιν</span> <span class='ocrx_word' id='word_1_391' title='bbox 3074 2393 3308 2467; x_wconf 84' lang='grc' dir='ltr'>ἔκδηλός</span> <span class='ocrx_word' id='word_1_392' title='bbox 3365 2396 3498 2455; x_wconf 80' lang='grc' dir='ltr'>ἐστι.</span> <span class='ocrx_word' id='word_1_393' title='bbox 3544 2393 3689 2467; x_wconf 74' lang='grc' dir='ltr'>Μηδ⁹</span> <span class='ocrx_word' id='word_1_394' title='bbox 3738 2393 3802 2450; x_wconf 84' lang='grc' dir='ltr'>ἂν</span> 
     </span>
    </p>
   </div>
   <div class='ocr_carea' id='block_1_57' title="bbox 2143 2482 3806 2561">
    <p class='ocr_par' dir='ltr' id='par_1_57' title="bbox 2143 2482 3806 2561">
     <span class='ocr_line' id='line_1_57' title="bbox 2143 2482 3806 2561; baseline 0 -22"><span class='ocrx_word' id='word_1_395' title='bbox 2143 2486 2464 2561; x_wconf 71' lang='grc' dir='ltr'>θεωρήσητε</span> <span class='ocrx_word' id='word_1_396' title='bbox 2491 2486 2927 2560; x_wconf 74' lang='grc' dir='ltr'>προϊσταμένους</span> <span class='ocrx_word' id='word_1_397' title='bbox 2973 2485 3146 2541; x_wconf 72' lang='grc' dir='ltr'>αὐτῶν</span> <span class='ocrx_word' id='word_1_398' title='bbox 3194 2485 3322 2548; x_wconf 77' lang='grc' dir='ltr'>τοὺς</span> <span class='ocrx_word' id='word_1_399' title='bbox 3374 2482 3647 2553; x_wconf 77' lang='grc' dir='ltr'>δικαστὰς,</span> <span class='ocrx_word' id='word_1_400' title='bbox 3697 2504 3806 2539; x_wconf 90' lang='grc' dir='ltr'>τα-</span> 
     </span>
    </p>
   </div>
   <div class='ocr_carea' id='block_1_58' title="bbox 2152 2572 3801 2651">
    <p class='ocr_par' dir='ltr' id='par_1_58' title="bbox 2152 2572 3801 2651">
     <span class='ocr_line' id='line_1_58' title="bbox 2152 2572 3801 2651; baseline -0.001 -22"><span class='ocrx_word' id='word_1_401' title='bbox 2152 2574 2422 2651; x_wconf 72' lang='grc' dir='ltr'>ράττεσθε·</span> <span class='ocrx_word' id='word_1_402' title='bbox 2454 2573 2711 2629; x_wconf 68' lang='grc' dir='ltr'>παύσεται</span> <span class='ocrx_word' id='word_1_403' title='bbox 2759 2574 2882 2651; x_wconf 78' lang='grc' dir='ltr'>γὰρ,</span> <span class='ocrx_word' id='word_1_404' title='bbox 2922 2573 3011 2629; x_wconf 81' lang='grc' dir='ltr'><strong>καὶ</strong></span> <span class='ocrx_word' id='word_1_405' title='bbox 3062 2574 3233 2645; x_wconf 81' lang='grc' dir='ltr'>θνητὴ</span> <span class='ocrx_word' id='word_1_406' title='bbox 3285 2574 3375 2629; x_wconf 82' lang='grc' dir='ltr'>καὶ</span> <span class='ocrx_word' id='word_1_407' title='bbox 3422 2572 3558 2647; x_wconf 85' lang='grc' dir='ltr'>πρὸς</span> <span class='ocrx_word' id='word_1_408' title='bbox 3610 2572 3801 2648; x_wconf 82' lang='grc' dir='ltr'>ὀλίγον</span> 
     </span>
    </p>
   </div>
   <div class='ocr_carea' id='block_1_59' title="bbox 2151 2661 3803 2742">
    <p class='ocr_par' dir='ltr' id='par_1_59' title="bbox 2151 2661 3803 2742">
     <span class='ocr_line' id='line_1_59' title="bbox 2151 2661 3803 2742; baseline -0.002 -23"><span class='ocrx_word' id='word_1_409' title='bbox 2151 2663 2290 2719; x_wconf 61' lang='grc' dir='ltr'>ἔστὶν</span> <span class='ocrx_word' id='word_1_410' title='bbox 2351 2662 2526 2717; x_wconf 78' lang='grc' dir='ltr'>αὐτῶν</span> <span class='ocrx_word' id='word_1_411' title='bbox 2590 2666 2625 2733; x_wconf 79' lang='grc' dir='ltr'>ἡ</span> <span class='ocrx_word' id='word_1_412' title='bbox 2702 2664 2967 2742; x_wconf 76' lang='grc' dir='ltr'>φαντασία</span> <span class='ocrx_word' id='word_1_413' title='bbox 3001 2707 3015 2721; x_wconf 92' lang='grc'><strong>.</strong></span> <span class='ocrx_word' id='word_1_414' title='bbox 3086 2661 3367 2738; x_wconf 77' lang='grc' dir='ltr'>Καθαροὺς</span> <span class='ocrx_word' id='word_1_415' title='bbox 3435 2663 3525 2717; x_wconf 73' lang='grc' dir='ltr'><strong>οὖν</strong></span> <span class='ocrx_word' id='word_1_416' title='bbox 3574 2661 3803 2725; x_wconf 71' lang='grc' dir='ltr'>ἑαυτοὺς</span> 
     </span>
    </p>
   </div>
   <div class='ocr_carea' id='block_1_60' title="bbox 2154 2750 3806 2832">
    <p class='ocr_par' dir='ltr' id='par_1_60' title="bbox 2154 2750 3806 2832">
     <span class='ocr_line' id='line_1_60' title="bbox 2154 2750 3806 2832; baseline -0.001 -25"><span class='ocrx_word' id='word_1_417' title='bbox 2154 2750 2367 2826; x_wconf 77' lang='grc' dir='ltr'>μᾶλλον</span> <span class='ocrx_word' id='word_1_418' title='bbox 2395 2751 2501 2807; x_wconf 82' lang='grc' dir='ltr'><strong>ἀπὸ</strong></span> <span class='ocrx_word' id='word_1_419' title='bbox 2555 2751 2762 2808; x_wconf 65' lang='grc' dir='ltr'>τούτων</span> <span class='ocrx_word' id='word_1_420' title='bbox 2824 2752 3140 2832; x_wconf 76' lang='grc' dir='ltr'>φυλάττετε,</span> <span class='ocrx_word' id='word_1_421' title='bbox 3189 2751 3279 2807; x_wconf 79' lang='grc' dir='ltr'><strong>καὶ</strong></span> <span class='ocrx_word' id='word_1_422' title='bbox 3321 2757 3539 2829; x_wconf 86' lang='grc' dir='ltr'>τηρεῖτε</span> <span class='ocrx_word' id='word_1_423' title='bbox 3588 2752 3693 2822; x_wconf 85' lang='grc' dir='ltr'><strong>τήν</strong></span> <span class='ocrx_word' id='word_1_424' title='bbox 3744 2771 3806 2806; x_wconf 79' lang='grc' dir='ltr'><strong>τε</strong></span> 
     </span>
    </p>
   </div>
   <div class='ocr_carea' id='block_1_61' title="bbox 2147 2838 3803 2919">
    <p class='ocr_par' dir='ltr' id='par_1_61' title="bbox 2147 2838 3803 2919">
     <span class='ocr_line' id='line_1_61' title="bbox 2147 2838 3803 2919; baseline -0.002 -22"><span class='ocrx_word' id='word_1_425' title='bbox 2147 2845 2256 2897; x_wconf 88' lang='grc' dir='ltr'><strong>τῶν</strong></span> <span class='ocrx_word' id='word_1_426' title='bbox 2288 2842 2566 2915; x_wconf 85' lang='grc' dir='ltr'>Πατέρων,</span> <span class='ocrx_word' id='word_1_427' title='bbox 2597 2839 2917 2919; x_wconf 75' lang='grc' dir='ltr'>παράδοσιν,</span> <span class='ocrx_word' id='word_1_428' title='bbox 2965 2843 3052 2897; x_wconf 80' lang='grc' dir='ltr'>καὶ</span> <span class='ocrx_word' id='word_1_429' title='bbox 3105 2841 3544 2917; x_wconf 77' lang='grc' dir='ltr'>προηγουμένως</span> <span class='ocrx_word' id='word_1_430' title='bbox 3568 2840 3672 2910; x_wconf 77' lang='grc' dir='ltr'>τὴν</span> <span class='ocrx_word' id='word_1_431' title='bbox 3722 2838 3803 2901; x_wconf 76' lang='grc' dir='ltr'>εἷς</span> 
     </span>
    </p>
   </div>
   <div class='ocr_carea' id='block_1_62' title="bbox 2149 2925 3803 3007">
    <p class='ocr_par' dir='ltr' id='par_1_62' title="bbox 2149 2925 3803 3007">
     <span class='ocr_line' id='line_1_62' title="bbox 2149 2925 3803 3007; baseline -0.001 -22"><span class='ocrx_word' id='word_1_432' title='bbox 2149 2932 2242 2985; x_wconf 84' lang='grc' dir='ltr'><strong>τὸν</strong></span> <span class='ocrx_word' id='word_1_433' title='bbox 2274 2931 2473 3004; x_wconf 74' lang='grc' dir='ltr'>Κύριον</span> <span class='ocrx_word' id='word_1_434' title='bbox 2526 2934 2687 3005; x_wconf 78' lang='grc' dir='ltr'>ἡμῶν</span> <span class='ocrx_word' id='word_1_435' title='bbox 2734 2932 2941 3001; x_wconf 78' lang='grc' dir='ltr'>Ἰησοῦν</span> <span class='ocrx_word' id='word_1_436' title='bbox 2992 2931 3225 3007; x_wconf 81' lang='grc' dir='ltr'>Χριστὸν</span> <span class='ocrx_word' id='word_1_437' title='bbox 3279 2925 3470 3001; x_wconf 75' lang='grc' dir='ltr'>εὐσεϐῆ</span> <span class='ocrx_word' id='word_1_438' title='bbox 3503 2929 3706 2997; x_wconf 85' lang='grc' dir='ltr'>πίστιν,</span> <span class='ocrx_word' id='word_1_439' title='bbox 3737 2930 3803 2998; x_wconf 78' lang='grc' dir='ltr'>ἣν</span> 
     </span>
    </p>
   </div>
   <div class='ocr_carea' id='block_1_63' title="bbox 2150 3015 3802 3099">
    <p class='ocr_par' dir='ltr' id='par_1_63' title="bbox 2150 3015 3802 3099">
     <span class='ocr_line' id='line_1_63' title="bbox 2150 3015 3802 3099; baseline -0.001 -24"><span class='ocrx_word' id='word_1_440' title='bbox 2150 3019 2209 3076; x_wconf 81' lang='grc' dir='ltr'>ἐκ</span> <span class='ocrx_word' id='word_1_441' title='bbox 2233 3025 2342 3076; x_wconf 90' lang='grc' dir='ltr'><strong>τῶν</strong></span> <span class='ocrx_word' id='word_1_442' title='bbox 2376 3025 2599 3099; x_wconf 75' lang='grc' dir='ltr'>Γραφῶν</span> <span class='ocrx_word' id='word_1_443' title='bbox 2634 3021 2728 3094; x_wconf 69' lang='grc' dir='ltr'>μὲν</span> <span class='ocrx_word' id='word_1_444' title='bbox 2764 3022 3137 3095; x_wconf 77' lang='grc' dir='ltr'>μεμαθήκατε,</span> <span class='ocrx_word' id='word_1_445' title='bbox 3170 3020 3299 3097; x_wconf 85' lang='grc' dir='ltr'>παρ’</span> <span class='ocrx_word' id='word_1_446' title='bbox 3328 3018 3466 3094; x_wconf 70' lang='grc' dir='ltr'><strong>ἐμοῦ</strong></span> <span class='ocrx_word' id='word_1_447' title='bbox 3491 3015 3550 3074; x_wconf 78' lang='grc' dir='ltr'>δὶ</span> <span class='ocrx_word' id='word_1_448' title='bbox 3579 3016 3802 3074; x_wconf 86' lang='grc' dir='ltr'>πολλά-</span> 
     </span>
    </p>
   </div>
   <div class='ocr_carea' id='block_1_64' title="bbox 2148 3109 2675 3182">
    <p class='ocr_par' dir='ltr' id='par_1_64' title="bbox 2148 3109 2675 3182">
     <span class='ocr_line' id='line_1_64' title="bbox 2148 3109 2675 3182; baseline 0.004 -19"><span class='ocrx_word' id='word_1_449' title='bbox 2148 3130 2236 3172; x_wconf 80' lang='grc' dir='ltr'>κις</span> <span class='ocrx_word' id='word_1_450' title='bbox 2270 3109 2675 3182; x_wconf 79' lang='grc' dir='ltr'>ὑπεμνήσθητε.</span> 
     </span>
    </p>
   </div>
   <div class='ocr_carea' id='block_1_65' title="bbox 2217 3194 3808 3276">
    <p class='ocr_par' dir='ltr' id='par_1_65' title="bbox 2217 3194 3808 3276">
     <span class='ocr_line' id='line_1_65' title="bbox 2217 3194 3808 3276; baseline -0.002 -23"><span class='ocrx_word' id='word_1_451' title='bbox 2217 3200 2307 3254; x_wconf 86' lang='grc'><strong>90.</strong></span> <span class='ocrx_word' id='word_1_452' title='bbox 2355 3201 2477 3253; x_wconf 87' lang='grc' dir='ltr'><strong>Τῶν</strong></span> <span class='ocrx_word' id='word_1_453' title='bbox 2519 3194 2576 3251; x_wconf 77' lang='grc' dir='ltr'>δὲ</span> <span class='ocrx_word' id='word_1_454' title='bbox 2601 3194 2851 3276; x_wconf 74' lang='grc' dir='ltr'>ἀδελφῶν</span> <span class='ocrx_word' id='word_1_455' title='bbox 2888 3197 3226 3274; x_wconf 81' lang='grc' dir='ltr'>βιαζομένων</span> <span class='ocrx_word' id='word_1_456' title='bbox 3264 3200 3438 3270; x_wconf 79' lang='grc' dir='ltr'>μεῖναι</span> <span class='ocrx_word' id='word_1_457' title='bbox 3485 3194 3644 3251; x_wconf 77' lang='grc' dir='ltr'>αὐτὸν</span> <span class='ocrx_word' id='word_1_458' title='bbox 3672 3195 3808 3270; x_wconf 82' lang='grc' dir='ltr'>παρ’</span> 
     </span>
    </p>
   </div>
   <div class='ocr_carea' id='block_1_66' title="bbox 385 3262 2040 3361">
    <p class='ocr_par' dir='ltr' id='par_1_66' title="bbox 385 3262 2037 3358">
     <span class='ocr_line' id='line_1_66' title="bbox 385 3262 2037 3358; baseline -0.001 -14"><span class='ocrx_word' id='word_1_459' title='bbox 385 3287 503 3344; x_wconf 91' lang='lat' dir='ltr'><strong>illic</strong></span> <span class='ocrx_word' id='word_1_460' title='bbox 525 3290 871 3352; x_wconf 82' lang='lat' dir='ltr'><strong>remaneret,</strong></span> <span class='ocrx_word' id='word_1_461' title='bbox 926 3284 1222 3358; x_wconf 74' lang='lat' dir='ltr'><strong>vitamque</strong></span> <span class='ocrx_word' id='word_1_462' title='bbox 1269 3262 1485 3354; x_wconf 77' lang='lat' dir='ltr'><strong>obiret;</strong></span> <span class='ocrx_word' id='word_1_463' title='bbox 1519 3287 1726 3343; x_wconf 91' lang='lat' dir='ltr'><strong>abnuit</strong></span> <span class='ocrx_word' id='word_1_464' title='bbox 1756 3286 1872 3353; x_wconf 90' lang='lat' dir='ltr'><strong>ille,</strong></span> <span class='ocrx_word' id='word_1_465' title='bbox 1904 3262 2037 3343; x_wconf 81' lang='lat' dir='ltr'><strong>cum</strong></span> 
     </span>
    </p>
   </div>
   <div class='ocr_carea' id='block_1_67' title="bbox 2156 3262 3807 3361">
    <p class='ocr_par' dir='ltr' id='par_1_67' title="bbox 2156 3262 3807 3361">
     <span class='ocr_line' id='line_1_67' title="bbox 2156 3262 3807 3361; baseline -0.001 -20"><span class='ocrx_word' id='word_1_466' title='bbox 2156 3285 2355 3354; x_wconf 74' lang='grc' dir='ltr'>αὐτοῖς,</span> <span class='ocrx_word' id='word_1_467' title='bbox 2387 3285 2544 3343; x_wconf 73' lang='grc' dir='ltr'>κάκεῖ</span> <span class='ocrx_word' id='word_1_468' title='bbox 2587 3262 2970 3357; x_wconf 49' lang='lat' dir='ltr'><strong>niueam“,</strong></span> <span class='ocrx_word' id='word_1_469' title='bbox 2995 3262 3121 3342; x_wconf 32' lang='lat' dir='ltr'><strong>voi’m</strong></span> <span class='ocrx_word' id='word_1_470' title='bbox 3166 3262 3430 3361; x_wconf 78' lang='grc' dir='ltr'>ἠνέσχετο</span> <span class='ocrx_word' id='word_1_471' title='bbox 3480 3282 3571 3340; x_wconf 81' lang='grc' dir='ltr'>διὰ</span> <span class='ocrx_word' id='word_1_472' title='bbox 3613 3262 3807 3341; x_wconf 71' lang='grc' dir='ltr'>πολλὰ</span> 
     </span>
    </p>
   </div>
   <div class='ocr_carea' id='block_1_68' title="bbox 384 3368 2040 3453">
    <p class='ocr_par' dir='ltr' id='par_1_68' title="bbox 384 3374 2038 3447">
     <span class='ocr_line' id='line_1_68' title="bbox 384 3374 2038 3447; baseline -0.002 -14"><span class='ocrx_word' id='word_1_473' title='bbox 384 3378 458 3433; x_wconf 82' lang='lat' dir='ltr'><strong>ub</strong></span> <span class='ocrx_word' id='word_1_474' title='bbox 489 3375 635 3432; x_wconf 91' lang='lat' dir='ltr'><strong>alias</strong></span> <span class='ocrx_word' id='word_1_475' title='bbox 657 3375 874 3430; x_wconf 89' lang='lat' dir='ltr'><strong>multas</strong></span> <span class='ocrx_word' id='word_1_476' title='bbox 903 3379 1210 3443; x_wconf 87' lang='lat' dir='ltr'><strong>causas,ut</strong></span> <span class='ocrx_word' id='word_1_477' title='bbox 1238 3374 1324 3430; x_wconf 88' lang='lat' dir='ltr'><strong>vel</strong></span> <span class='ocrx_word' id='word_1_478' title='bbox 1356 3375 1570 3430; x_wconf 87' lang='lat' dir='ltr'><strong>tacitus</strong></span> <span class='ocrx_word' id='word_1_479' title='bbox 1598 3375 1723 3447; x_wconf 90' lang='lat' dir='ltr'><strong>ipse</strong></span> <span class='ocrx_word' id='word_1_480' title='bbox 1771 3376 2038 3431; x_wconf 90' lang='lat' dir='ltr'><strong>subindi-</strong></span> 
     </span>
    </p>
   </div>
   <div class='ocr_carea' id='block_1_69' title="bbox 2156 3368 3807 3453">
    <p class='ocr_par' dir='ltr' id='par_1_69' title="bbox 2156 3368 3807 3453">
     <span class='ocr_line' id='line_1_69' title="bbox 2156 3368 3807 3453; baseline -0.002 -24"><span class='ocrx_word' id='word_1_481' title='bbox 2156 3375 2271 3445; x_wconf 77' lang='grc' dir='ltr'>μὶν,</span> <span class='ocrx_word' id='word_1_482' title='bbox 2303 3375 2376 3435; x_wconf 84' lang='grc' dir='ltr'><strong>ὡς</strong></span> <span class='ocrx_word' id='word_1_483' title='bbox 2407 3375 2570 3436; x_wconf 79' lang='grc' dir='ltr'>αὐτὸς</span> <span class='ocrx_word' id='word_1_484' title='bbox 2621 3375 2710 3430; x_wconf 82' lang='grc' dir='ltr'>καὶ</span> <span class='ocrx_word' id='word_1_485' title='bbox 2747 3380 2969 3431; x_wconf 86' lang='grc' dir='ltr'>σιωπῶν</span> <span class='ocrx_word' id='word_1_486' title='bbox 3000 3374 3262 3453; x_wconf 74' lang='grc' dir='ltr'>ἐνέφαινε,</span> <span class='ocrx_word' id='word_1_487' title='bbox 3294 3373 3384 3430; x_wconf 79' lang='grc' dir='ltr'>καὶ</span> <span class='ocrx_word' id='word_1_488' title='bbox 3424 3371 3515 3429; x_wconf 80' lang='grc' dir='ltr'>διὰ</span> <span class='ocrx_word' id='word_1_489' title='bbox 3548 3371 3712 3428; x_wconf 76' lang='grc' dir='ltr'>τοῦτο</span> <span class='ocrx_word' id='word_1_490' title='bbox 3743 3368 3807 3427; x_wconf 71' lang='grc' dir='ltr'>δὲ</span> 
     </span>
    </p>
   </div>
   <div class='ocr_carea' id='block_1_70' title="bbox 386 3460 2040 3540">
    <p class='ocr_par' dir='ltr' id='par_1_70' title="bbox 386 3463 2040 3536">
     <span class='ocr_line' id='line_1_70' title="bbox 386 3463 2040 3536; baseline 0.001 -17"><span class='ocrx_word' id='word_1_491' title='bbox 386 3467 707 3529; x_wconf 83' lang='lat' dir='ltr'><strong>cabat,tum</strong></span> <span class='ocrx_word' id='word_1_492' title='bbox 739 3463 869 3518; x_wconf 89' lang='lat' dir='ltr'><strong>ideo</strong></span> <span class='ocrx_word' id='word_1_493' title='bbox 896 3463 1169 3530; x_wconf 84' lang='lat' dir='ltr'><strong>maxime,</strong></span> <span class='ocrx_word' id='word_1_494' title='bbox 1202 3464 1355 3535; x_wconf 92' lang='lat' dir='ltr'><strong>quod</strong></span> <span class='ocrx_word' id='word_1_495' title='bbox 1387 3463 1637 3536; x_wconf 60' lang='lat' dir='ltr'><strong>[Egyptii</strong></span> <span class='ocrx_word' id='word_1_496' title='bbox 1667 3463 1895 3519; x_wconf 87' lang='lat' dir='ltr'><strong>soleant</strong></span> <span class='ocrx_word' id='word_1_497' title='bbox 1924 3466 2040 3536; x_wconf 92' lang='lat' dir='ltr'><strong>pio-</strong></span> 
     </span>
    </p>
   </div>
   <div class='ocr_carea' id='block_1_71' title="bbox 2156 3460 3803 3540">
    <p class='ocr_par' dir='ltr' id='par_1_71' title="bbox 2156 3460 3803 3540">
     <span class='ocr_line' id='line_1_71' title="bbox 2156 3460 3803 3540; baseline -0.001 -21"><span class='ocrx_word' id='word_1_498' title='bbox 2156 3463 2407 3538; x_wconf 78' lang='grc' dir='ltr'>μάλιστα³</span> <span class='ocrx_word' id='word_1_499' title='bbox 2438 3465 2491 3520; x_wconf 75' lang='grc' dir='ltr'><strong>οἱ</strong></span> <span class='ocrx_word' id='word_1_500' title='bbox 2520 3463 2813 3540; x_wconf 73' lang='grc' dir='ltr'>Αἲγύπτιοι</span> <span class='ocrx_word' id='word_1_501' title='bbox 2843 3466 2910 3521; x_wconf 68' lang='grc' dir='ltr'>τὰ</span> <span class='ocrx_word' id='word_1_502' title='bbox 2938 3469 3044 3520; x_wconf 88' lang='grc' dir='ltr'><strong>τῶν</strong></span> <span class='ocrx_word' id='word_1_503' title='bbox 3072 3462 3447 3521; x_wconf 82' lang='grc' dir='ltr'>τεδευτώντων</span> <span class='ocrx_word' id='word_1_504' title='bbox 3487 3460 3803 3520; x_wconf 74' lang='grc' dir='ltr'>σπουδαίων</span> 
     </span>
    </p>
   </div>
   <div class='ocr_carea' id='block_1_72' title="bbox 389 3549 2040 3630">
    <p class='ocr_par' dir='ltr' id='par_1_72' title="bbox 389 3551 2040 3626">
     <span class='ocr_line' id='line_1_72' title="bbox 389 3551 2040 3626; baseline 0.001 -18"><span class='ocrx_word' id='word_1_505' title='bbox 389 3569 520 3608; x_wconf 91' lang='lat' dir='ltr'><strong>rum</strong></span> <span class='ocrx_word' id='word_1_506' title='bbox 553 3551 857 3608; x_wconf 88' lang='lat' dir='ltr'><strong>hominum</strong></span> <span class='ocrx_word' id='word_1_507' title='bbox 889 3551 1299 3609; x_wconf 87' lang='lat' dir='ltr'><strong>defunctorum</strong></span> <span class='ocrx_word' id='word_1_508' title='bbox 1347 3568 1615 3624; x_wconf 88' lang='lat' dir='ltr'><strong>corpora,</strong></span> <span class='ocrx_word' id='word_1_509' title='bbox 1667 3554 2040 3626; x_wconf 83' lang='lat' dir='ltr'><strong>maximeque</strong></span> 
     </span>
    </p>
   </div>
   <div class='ocr_carea' id='block_1_73' title="bbox 2156 3549 3806 3630">
    <p class='ocr_par' dir='ltr' id='par_1_73' title="bbox 2156 3549 3806 3630">
     <span class='ocr_line' id='line_1_73' title="bbox 2156 3549 3806 3630; baseline -0.002 -22"><span class='ocrx_word' id='word_1_510' title='bbox 2156 3553 2401 3626; x_wconf 85' lang='grc' dir='ltr'>σώματα,</span> <span class='ocrx_word' id='word_1_511' title='bbox 2448 3552 2539 3607; x_wconf 75' lang='grc' dir='ltr'>καὶ</span> <span class='ocrx_word' id='word_1_512' title='bbox 2594 3554 2831 3627; x_wconf 73' lang='grc' dir='ltr'>μάλιστα</span> <span class='ocrx_word' id='word_1_513' title='bbox 2876 3558 2985 3609; x_wconf 90' lang='grc' dir='ltr'><strong>τῶν</strong></span> <span class='ocrx_word' id='word_1_514' title='bbox 3036 3554 3203 3628; x_wconf 80' lang='grc' dir='ltr'>ἁγίων</span> <span class='ocrx_word' id='word_1_515' title='bbox 3233 3554 3541 3630; x_wconf 82' lang='grc' dir='ltr'>μαρτύρων,</span> <span class='ocrx_word' id='word_1_516' title='bbox 3575 3549 3806 3630; x_wconf 78' lang='grc' dir='ltr'>φιλοῦσι</span> 
     </span>
    </p>
   </div>
   <div class='ocr_carea' id='block_1_74' title="bbox 390 3638 2040 3720">
    <p class='ocr_par' dir='ltr' id='par_1_74' title="bbox 390 3641 2040 3715">
     <span class='ocr_line' id='line_1_74' title="bbox 390 3641 2040 3715; baseline 0 -16"><span class='ocrx_word' id='word_1_517' title='bbox 390 3645 729 3699; x_wconf 88' lang='lat' dir='ltr'><strong>sanctorum</strong></span> <span class='ocrx_word' id='word_1_518' title='bbox 780 3645 1130 3715; x_wconf 84' lang='lat' dir='ltr'><strong>martyrum,</strong></span> <span class='ocrx_word' id='word_1_519' title='bbox 1181 3642 1450 3697; x_wconf 82' lang='lat' dir='ltr'><strong>funerare</strong></span> <span class='ocrx_word' id='word_1_520' title='bbox 1488 3641 1727 3715; x_wconf 89' lang='lat' dir='ltr'><strong>quidem</strong></span> <span class='ocrx_word' id='word_1_521' title='bbox 1757 3647 1815 3698; x_wconf 82' lang='lat' dir='ltr'><strong>st</strong></span> <span class='ocrx_word' id='word_1_522' title='bbox 1845 3642 2040 3699; x_wconf 87' lang='lat' dir='ltr'><strong>linteis</strong></span> 
     </span>
    </p>
   </div>
   <div class='ocr_carea' id='block_1_75' title="bbox 2156 3638 3804 3720">
    <p class='ocr_par' dir='ltr' id='par_1_75' title="bbox 2156 3638 3804 3720">
     <span class='ocr_line' id='line_1_75' title="bbox 2156 3638 3804 3720; baseline -0.002 -23"><span class='ocrx_word' id='word_1_523' title='bbox 2156 3642 2248 3715; x_wconf 72' lang='grc' dir='ltr'>μὶν</span> <span class='ocrx_word' id='word_1_524' title='bbox 2297 3642 2516 3698; x_wconf 76' lang='grc' dir='ltr'>θάπτειν</span> <span class='ocrx_word' id='word_1_525' title='bbox 2564 3643 2652 3698; x_wconf 81' lang='grc' dir='ltr'>καὶ</span> <span class='ocrx_word' id='word_1_526' title='bbox 2707 3641 3068 3720; x_wconf 85' lang='grc' dir='ltr'>περιελίσσειν</span> <span class='ocrx_word' id='word_1_527' title='bbox 3119 3642 3355 3708; x_wconf 80' lang='grc' dir='ltr'>ὀθονίοις</span> <span class='ocrx_word' id='word_1_528' title='bbox 3404 3645 3503 3716; x_wconf 80' lang='grc'><strong>(9)⁸</strong></span> <span class='ocrx_word' id='word_1_529' title='bbox 3557 3641 3635 3716; x_wconf 82' lang='grc' dir='ltr'>μὴ</span> <span class='ocrx_word' id='word_1_530' title='bbox 3665 3638 3804 3715; x_wconf 76' lang='grc' dir='ltr'><strong>κρύ-</strong></span> 
     </span>
    </p>
   </div>
   <div class='ocr_carea' id='block_1_76' title="bbox 1780 3742 2389 3799">
    <p class='ocr_par' dir='ltr' id='par_1_76' title="bbox 1780 3742 2389 3799">
     <span class='ocr_line' id='line_1_76' title="bbox 1780 3742 2389 3799; baseline 0.002 -3"><span class='ocrx_word' id='word_1_531' title='bbox 1780 3742 2036 3799; x_wconf 82' lang='lat' dir='ltr'><strong>VERSIO</strong></span> <span class='ocrx_word' id='word_1_532' title='bbox 2066 3742 2362 3799; x_wconf 76' lang='lat' dir='ltr'><strong>EVAGRII</strong></span> <span class='ocrx_word' id='word_1_533' title='bbox 2377 3783 2389 3798; x_wconf 91' lang='lat'><strong>.</strong></span> 
     </span>
    </p>
   </div>
   <div class='ocr_carea' id='block_1_77' title="bbox 453 3831 3801 3907">
    <p class='ocr_par' dir='ltr' id='par_1_77' title="bbox 453 3831 3801 3907">
     <span class='ocr_line' id='line_1_77' title="bbox 453 3831 3801 3907; baseline 0 -16"><span class='ocrx_word' id='word_1_534' title='bbox 453 3835 541 3891; x_wconf 88' lang='lat'><strong>89.</strong></span> <span class='ocrx_word' id='word_1_535' title='bbox 570 3833 712 3907; x_wconf 87' lang='lat' dir='ltr'><strong>Quis</strong></span> <span class='ocrx_word' id='word_1_536' title='bbox 742 3836 937 3907; x_wconf 82' lang='lat' dir='ltr'><strong>autem</strong></span> <span class='ocrx_word' id='word_1_537' title='bbox 970 3832 1103 3907; x_wconf 82' lang='lat' dir='ltr'><strong>ﬁnis</strong></span> <span class='ocrx_word' id='word_1_538' title='bbox 1128 3831 1255 3907; x_wconf 69' lang='lat' dir='ltr'><strong>vitae</strong></span> <span class='ocrx_word' id='word_1_539' title='bbox 1287 3832 1415 3904; x_wconf 89' lang='lat' dir='ltr'><strong>ejus</strong></span> <span class='ocrx_word' id='word_1_540' title='bbox 1444 3832 1639 3907; x_wconf 57' lang='lat' dir='ltr'><strong>tuerit,</strong></span> <span class='ocrx_word' id='word_1_541' title='bbox 1672 3832 1918 3907; x_wconf 76' lang='lat' dir='ltr'><strong>dignum</strong></span> <span class='ocrx_word' id='word_1_542' title='bbox 1949 3837 2041 3889; x_wconf 89' lang='lat' dir='ltr'><strong>est</strong></span> <span class='ocrx_word' id='word_1_543' title='bbox 2069 3838 2127 3889; x_wconf 88' lang='lat' dir='ltr'><strong>et</strong></span> <span class='ocrx_word' id='word_1_544' title='bbox 2158 3850 2250 3907; x_wconf 82' lang='lat' dir='ltr'><strong>me</strong></span> <span class='ocrx_word' id='word_1_545' title='bbox 2280 3849 2765 3902; x_wconf 87' lang='lat' dir='ltr'><strong>commemorare,</strong></span> <span class='ocrx_word' id='word_1_546' title='bbox 2795 3838 2853 3891; x_wconf 90' lang='lat' dir='ltr'><strong>et</strong></span> <span class='ocrx_word' id='word_1_547' title='bbox 2882 3851 2986 3891; x_wconf 88' lang='lat' dir='ltr'><strong>vos</strong></span> <span class='ocrx_word' id='word_1_548' title='bbox 3015 3850 3171 3907; x_wconf 83' lang='lat' dir='ltr'><strong>cum</strong></span> <span class='ocrx_word' id='word_1_549' title='bbox 3208 3833 3498 3907; x_wconf 79' lang='lat' dir='ltr'><strong>desiderio</strong></span> <span class='ocrx_word' id='word_1_550' title='bbox 3545 3834 3753 3892; x_wconf 80' lang='lat' dir='ltr'><strong>audire</strong></span> <span class='ocrx_word' id='word_1_551' title='bbox 3784 3852 3801 3892; x_wconf 89' lang='lat'><strong>:</strong></span> 
     </span>
    </p>
   </div>
   <div class='ocr_carea' id='block_1_78' title="bbox 383 3904 3809 3979">
    <p class='ocr_par' dir='ltr' id='par_1_78' title="bbox 383 3904 3809 3979">
     <span class='ocr_line' id='line_1_78' title="bbox 383 3904 3809 3979; baseline 0 -17"><span class='ocrx_word' id='word_1_552' title='bbox 383 3907 524 3978; x_wconf 90' lang='lat' dir='ltr'><strong>quia</strong></span> <span class='ocrx_word' id='word_1_553' title='bbox 550 3912 608 3962; x_wconf 91' lang='lat' dir='ltr'><strong>et</strong></span> <span class='ocrx_word' id='word_1_554' title='bbox 638 3906 747 3979; x_wconf 81' lang='lat' dir='ltr'><strong>hoc</strong></span> <span class='ocrx_word' id='word_1_555' title='bbox 775 3906 841 3979; x_wconf 82' lang='lat' dir='ltr'><strong>in</strong></span> <span class='ocrx_word' id='word_1_556' title='bbox 867 3922 934 3979; x_wconf 92' lang='lat' dir='ltr'><strong>eo</strong></span> <span class='ocrx_word' id='word_1_557' title='bbox 964 3904 1250 3979; x_wconf 80' lang='lat' dir='ltr'><strong>imitabile</strong></span> <span class='ocrx_word' id='word_1_558' title='bbox 1279 3904 1519 3979; x_wconf 73' lang='lat' dir='ltr'><strong>cunctis</strong></span> <span class='ocrx_word' id='word_1_559' title='bbox 1540 3904 1669 3979; x_wconf 80' lang='lat' dir='ltr'><strong>fuit.</strong></span> <span class='ocrx_word' id='word_1_560' title='bbox 1698 3904 1875 3979; x_wconf 70' lang='lat' dir='ltr'><strong>Juxta</strong></span> <span class='ocrx_word' id='word_1_561' title='bbox 1906 3904 2394 3979; x_wconf 79' lang='lat' dir='ltr'><strong>consuetudinem</strong></span> <span class='ocrx_word' id='word_1_562' title='bbox 2427 3907 2499 3961; x_wconf 87' lang='lat' dir='ltr'><strong>ad</strong></span> <span class='ocrx_word' id='word_1_563' title='bbox 2530 3907 2807 3979; x_wconf 84' lang='lat' dir='ltr'><strong>visendos</strong></span> <span class='ocrx_word' id='word_1_564' title='bbox 2837 3907 3046 3963; x_wconf 79' lang='lat' dir='ltr'><strong>fratres</strong></span> <span class='ocrx_word' id='word_1_565' title='bbox 3077 3905 3266 3979; x_wconf 58' lang='lat' dir='ltr'><strong>quiin</strong></span> <span class='ocrx_word' id='word_1_566' title='bbox 3300 3905 3569 3979; x_wconf 81' lang='lat' dir='ltr'><strong>exteriori</strong></span> <span class='ocrx_word' id='word_1_567' title='bbox 3603 3911 3809 3979; x_wconf 84' lang='lat' dir='ltr'><strong>monte</strong></span> 
     </span>
    </p>
   </div>
   <div class='ocr_carea' id='block_1_79' title="bbox 384 3975 3807 4051">
    <p class='ocr_par' dir='ltr' id='par_1_79' title="bbox 384 3975 3807 4051">
     <span class='ocr_line' id='line_1_79' title="bbox 384 3975 3807 4051; baseline 0 -17"><span class='ocrx_word' id='word_1_568' title='bbox 384 3975 568 4051; x_wconf 71' lang='lat' dir='ltr'><strong>erant,</strong></span> <span class='ocrx_word' id='word_1_569' title='bbox 598 3976 777 4051; x_wconf 87' lang='lat' dir='ltr'><strong>venit,</strong></span> <span class='ocrx_word' id='word_1_570' title='bbox 807 3977 1006 4051; x_wconf 83' lang='lat' dir='ltr'><strong>ibique</strong></span> <span class='ocrx_word' id='word_1_571' title='bbox 1036 3994 1068 4030; x_wconf 88' lang='lat' dir='ltr'><strong>a</strong></span> <span class='ocrx_word' id='word_1_572' title='bbox 1097 3975 1297 4031; x_wconf 90' lang='lat' dir='ltr'><strong>divina</strong></span> <span class='ocrx_word' id='word_1_573' title='bbox 1326 3976 1690 4051; x_wconf 83' lang='lat' dir='ltr'><strong>providentia</strong></span> <span class='ocrx_word' id='word_1_574' title='bbox 1717 3976 1787 4031; x_wconf 91' lang='lat' dir='ltr'><strong>de</strong></span> <span class='ocrx_word' id='word_1_575' title='bbox 1818 3994 1928 4038; x_wconf 84' lang='lat' dir='ltr'><strong>sua</strong></span> <span class='ocrx_word' id='word_1_576' title='bbox 1960 3981 2146 4051; x_wconf 76' lang='lat' dir='ltr'><strong>morte</strong></span> <span class='ocrx_word' id='word_1_577' title='bbox 2177 3977 2543 4051; x_wconf 84' lang='lat' dir='ltr'><strong>condiscens,</strong></span> <span class='ocrx_word' id='word_1_578' title='bbox 2575 3978 2658 4033; x_wconf 90' lang='lat' dir='ltr'><strong>ita</strong></span> <span class='ocrx_word' id='word_1_579' title='bbox 2687 3995 2961 4034; x_wconf 86' lang='lat' dir='ltr'><strong>exsorsus</strong></span> <span class='ocrx_word' id='word_1_580' title='bbox 2991 3975 3137 4051; x_wconf 14' lang='lat' dir='ltr'><strong>est—:7</strong></span> <span class='ocrx_word' id='word_1_581' title='bbox 3157 3976 3470 4051; x_wconf 74' lang='lat' dir='ltr'><strong>Ultimam,</strong></span> <span class='ocrx_word' id='word_1_582' title='bbox 3489 3976 3674 4046; x_wconf 81' lang='lat' dir='ltr'><strong>ﬁlioli,</strong></span> <span class='ocrx_word' id='word_1_583' title='bbox 3702 3996 3807 4051; x_wconf 81' lang='lat' dir='ltr'><strong>pa-</strong></span> 
     </span>
    </p>
   </div>
   <div class='ocr_carea' id='block_1_80' title="bbox 380 4047 3885 4120">
    <p class='ocr_par' dir='ltr' id='par_1_80' title="bbox 380 4047 3885 4120">
     <span class='ocr_line' id='line_1_80' title="bbox 380 4047 3885 4120; baseline 0 -15"><span class='ocrx_word' id='word_1_584' title='bbox 380 4050 489 4105; x_wconf 87' lang='lat' dir='ltr'><strong>tris</strong></span> <span class='ocrx_word' id='word_1_585' title='bbox 520 4050 715 4104; x_wconf 89' lang='lat' dir='ltr'><strong>audite</strong></span> <span class='ocrx_word' id='word_1_586' title='bbox 747 4047 1099 4105; x_wconf 84' lang='lat' dir='ltr'><strong>sententiam</strong></span> <span class='ocrx_word' id='word_1_587' title='bbox 1134 4064 1146 4101; x_wconf 91' lang='lat'>:</span> <span class='ocrx_word' id='word_1_588' title='bbox 1181 4064 1296 4103; x_wconf 91' lang='lat' dir='ltr'><strong>non</strong></span> <span class='ocrx_word' id='word_1_589' title='bbox 1329 4047 1485 4104; x_wconf 81' lang='lat' dir='ltr'><strong>enim</strong></span> <span class='ocrx_word' id='word_1_590' title='bbox 1517 4049 1789 4118; x_wconf 88' lang='lat' dir='ltr'><strong>arbitror,</strong></span> <span class='ocrx_word' id='word_1_591' title='bbox 1823 4048 1977 4120; x_wconf 90' lang='lat' dir='ltr'><strong>quod</strong></span> <span class='ocrx_word' id='word_1_592' title='bbox 2010 4048 2070 4102; x_wconf 92' lang='lat' dir='ltr'><strong>in</strong></span> <span class='ocrx_word' id='word_1_593' title='bbox 2104 4047 2213 4103; x_wconf 87' lang='lat' dir='ltr'><strong>hoc</strong></span> <span class='ocrx_word' id='word_1_594' title='bbox 2244 4048 2456 4104; x_wconf 65' lang='lat' dir='ltr'><strong>saeculo</strong></span> <span class='ocrx_word' id='word_1_595' title='bbox 2488 4051 2700 4106; x_wconf 86' lang='lat' dir='ltr'><strong>iterum</strong></span> <span class='ocrx_word' id='word_1_596' title='bbox 2733 4066 2839 4105; x_wconf 91' lang='lat' dir='ltr'><strong>nos</strong></span> <span class='ocrx_word' id='word_1_597' title='bbox 2867 4048 3052 4105; x_wconf 85' lang='lat' dir='ltr'><strong>visuri</strong></span> <span class='ocrx_word' id='word_1_598' title='bbox 3093 4050 3304 4105; x_wconf 88' lang='lat' dir='ltr'><strong>simus.</strong></span> <span class='ocrx_word' id='word_1_599' title='bbox 3339 4048 3503 4120; x_wconf 80' lang='lat' dir='ltr'><strong>Cogit</strong></span> <span class='ocrx_word' id='word_1_600' title='bbox 3546 4047 3807 4106; x_wconf 86' lang='lat' dir='ltr'><strong>conditio</strong></span> <span class='ocrx_word' id='word_1_601' title='bbox 3880 4049 3885 4052; x_wconf 80' lang='grc'><em>’</em></span> 
     </span>
    </p>
   </div>
   <div class='ocr_carea' id='block_1_81' title="bbox 376 4120 3801 4193">
    <p class='ocr_par' dir='ltr' id='par_1_81' title="bbox 376 4120 3801 4193">
     <span class='ocr_line' id='line_1_81' title="bbox 376 4120 3801 4193; baseline 0 -16"><span class='ocrx_word' id='word_1_602' title='bbox 376 4127 628 4185; x_wconf 66' lang='lat' dir='ltr'><strong>naturae,</strong></span> <span class='ocrx_word' id='word_1_603' title='bbox 677 4126 741 4175; x_wconf 89' lang='lat' dir='ltr'><strong>ut</strong></span> <span class='ocrx_word' id='word_1_604' title='bbox 789 4127 920 4191; x_wconf 88' lang='lat' dir='ltr'><strong>post</strong></span> <span class='ocrx_word' id='word_1_605' title='bbox 965 4121 1381 4193; x_wconf 77' lang='lat' dir='ltr'><strong>centenarium</strong></span> <span class='ocrx_word' id='word_1_606' title='bbox 1416 4136 1751 4186; x_wconf 86' lang='lat' dir='ltr'><strong>numerum,</strong></span> <span class='ocrx_word' id='word_1_607' title='bbox 1776 4135 1976 4193; x_wconf 52' lang='lat' dir='ltr'><strong>{quem</strong></span> <span class='ocrx_word' id='word_1_608' title='bbox 2008 4120 2181 4177; x_wconf 85' lang='lat' dir='ltr'><strong>anuis</strong></span> <span class='ocrx_word' id='word_1_609' title='bbox 2212 4120 2473 4193; x_wconf 89' lang='lat' dir='ltr'><strong>quinque</strong></span> <span class='ocrx_word' id='word_1_610' title='bbox 2501 4122 2933 4193; x_wconf 79' lang='lat' dir='ltr'><strong>supergredior,</strong></span> <span class='ocrx_word' id='word_1_611' title='bbox 2962 4121 3086 4191; x_wconf 91' lang='lat' dir='ltr'><strong>jam</strong></span> <span class='ocrx_word' id='word_1_612' title='bbox 3122 4121 3399 4177; x_wconf 89' lang='lat' dir='ltr'><strong>resolvar.</strong></span> <span class='ocrx_word' id='word_1_613' title='bbox 3428 4120 3517 4193; x_wconf 79' lang='lat' dir='ltr'><strong>Ita</strong></span> <span class='ocrx_word' id='word_1_614' title='bbox 3546 4121 3801 4191; x_wconf 88' lang='lat' dir='ltr'><strong>locutus,</strong></span> 
     </span>
    </p>
   </div>
   <div class='ocr_carea' id='block_1_82' title="bbox 384 4189 3809 4274">
    <p class='ocr_par' dir='ltr' id='par_1_82' title="bbox 384 4189 3809 4274">
     <span class='ocr_line' id='line_1_82' title="bbox 384 4189 3809 4274; baseline 0 -25"><span class='ocrx_word' id='word_1_615' title='bbox 384 4193 751 4274; x_wconf 78' lang='lat' dir='ltr'><strong>audientium</strong></span> <span class='ocrx_word' id='word_1_616' title='bbox 786 4189 1025 4274; x_wconf 73' lang='lat' dir='ltr'><strong>pectora</strong></span> <span class='ocrx_word' id='word_1_617' title='bbox 1047 4190 1412 4274; x_wconf 42' lang='lat' dir='ltr'><strong>contri‘stavit</strong></span> <span class='ocrx_word' id='word_1_618' title='bbox 1444 4195 1748 4274; x_wconf 44' lang='lat' dir='ltr'><strong>z-gemitus</strong></span> <span class='ocrx_word' id='word_1_619' title='bbox 1780 4189 2167 4274; x_wconf 62' lang='lat' dir='ltr'><strong>lacrymesque</strong></span> <span class='ocrx_word' id='word_1_620' title='bbox 2198 4189 2355 4274; x_wconf 69' lang='lat' dir='ltr'><strong>dicta</strong></span> <span class='ocrx_word' id='word_1_621' title='bbox 2379 4189 3049 4274; x_wconf 33' lang='lat' dir='ltr'><strong>mcerentia‘coesecuta:</strong></span> <span class='ocrx_word' id='word_1_622' title='bbox 3099 4198 3260 4274; x_wconf 69' lang='lat' dir='ltr'><strong>sunt.</strong></span> <span class='ocrx_word' id='word_1_623' title='bbox 3304 4189 3809 4274; x_wconf 78' lang='lat' dir='ltr'><strong>Amplexabentur</strong></span> 
     </span>
    </p>
   </div>
   <div class='ocr_carea' id='block_1_83' title="bbox 381 4262 3803 4336">
    <p class='ocr_par' dir='ltr' id='par_1_83' title="bbox 381 4262 3803 4336">
     <span class='ocr_line' id='line_1_83' title="bbox 381 4262 3803 4336; baseline -0.001 -15"><span class='ocrx_word' id='word_1_624' title='bbox 381 4281 515 4321; x_wconf 90' lang='lat' dir='ltr'><strong>eum</strong></span> <span class='ocrx_word' id='word_1_625' title='bbox 553 4262 828 4333; x_wconf 88' lang='lat' dir='ltr'><strong>universi,</strong></span> <span class='ocrx_word' id='word_1_626' title='bbox 861 4263 1029 4336; x_wconf 88' lang='lat' dir='ltr'><strong>quasi</strong></span> <span class='ocrx_word' id='word_1_627' title='bbox 1064 4265 1177 4330; x_wconf 80' lang='lat' dir='ltr'><strong>iam</strong></span> <span class='ocrx_word' id='word_1_628' title='bbox 1213 4264 1282 4319; x_wconf 92' lang='lat' dir='ltr'><strong>de</strong></span> <span class='ocrx_word' id='word_1_629' title='bbox 1316 4262 1523 4336; x_wconf 78' lang='lat' dir='ltr'><strong>saeculo</strong></span> <span class='ocrx_word' id='word_1_630' title='bbox 1556 4262 1948 4336; x_wconf 86' lang='lat' dir='ltr'><strong>recessurum.</strong></span> <span class='ocrx_word' id='word_1_631' title='bbox 1985 4268 2058 4317; x_wconf 82' lang='lat' dir='ltr'><strong>At</strong></span> <span class='ocrx_word' id='word_1_632' title='bbox 2085 4262 2206 4336; x_wconf 83' lang='lat' dir='ltr'><strong>ille.</strong></span> <span class='ocrx_word' id='word_1_633' title='bbox 2228 4268 2525 4336; x_wconf 79' lang='lat' dir='ltr'><strong>tanquam</strong></span> <span class='ocrx_word' id='word_1_634' title='bbox 2558 4265 2749 4321; x_wconf 88' lang='lat' dir='ltr'><strong>aliena</strong></span> <span class='ocrx_word' id='word_1_635' title='bbox 2779 4266 3079 4330; x_wconf 81' lang='lat' dir='ltr'><strong>deserens,</strong></span> <span class='ocrx_word' id='word_1_636' title='bbox 3110 4264 3182 4319; x_wconf 91' lang='lat' dir='ltr'><strong>ad</strong></span> <span class='ocrx_word' id='word_1_637' title='bbox 3216 4262 3510 4336; x_wconf 85' lang='lat' dir='ltr'><strong>propriam</strong></span> <span class='ocrx_word' id='word_1_638' title='bbox 3545 4264 3803 4336; x_wconf 84' lang='lat' dir='ltr'><strong>patriam</strong></span> 
     </span>
    </p>
   </div>
   <div class='ocr_carea' id='block_1_84' title="bbox 381 4334 3806 4417">
    <p class='ocr_par' dir='ltr' id='par_1_84' title="bbox 381 4334 3806 4417">
     <span class='ocr_line' id='line_1_84' title="bbox 381 4334 3806 4417; baseline -0.001 -26"><span class='ocrx_word' id='word_1_639' title='bbox 381 4335 853 4417; x_wconf 58' lang='lat' dir='ltr'><strong>proﬁcisceretur</strong></span> <span class='ocrx_word' id='word_1_640' title='bbox 882 4334 1262 4417; x_wconf 42' lang='lat' dir='ltr'><strong>(10),._magna</strong></span> <span class='ocrx_word' id='word_1_641' title='bbox 1291 4350 1441 4417; x_wconf 83' lang='lat' dir='ltr'><strong>eum</strong></span> <span class='ocrx_word' id='word_1_642' title='bbox 1464 4334 2707 4417; x_wconf 32' lang='lat' dir='ltr'><strong>Imtitiaﬂpraac‘ipiebat,_de_sidiarn‘inetituto</strong></span> <span class='ocrx_word' id='word_1_643' title='bbox 2741 4336 3099 4417; x_wconf 42' lang='lat' dir='ltr'><strong>non.debere</strong></span> <span class='ocrx_word' id='word_1_644' title='bbox 3128 4334 3476 4417; x_wconf 73' lang='lat' dir='ltr'><strong>subrepere;</strong></span> <span class='ocrx_word' id='word_1_645' title='bbox 3502 4334 3623 4417; x_wconf 73' lang='lat' dir='ltr'><strong>sed</strong></span> <span class='ocrx_word' id='word_1_646' title='bbox 3671 4340 3806 4391; x_wconf 87' lang='lat' dir='ltr'><strong>tan-</strong></span> 
     </span>
    </p>
   </div>
   <div class='ocr_carea' id='block_1_85' title="bbox 382 4406 3806 4479">
    <p class='ocr_par' dir='ltr' id='par_1_85' title="bbox 382 4406 3806 4479">
     <span class='ocr_line' id='line_1_85' title="bbox 382 4406 3806 4479; baseline 0 -17"><span class='ocrx_word' id='word_1_647' title='bbox 382 4406 557 4479; x_wconf 81' lang='lat' dir='ltr'><strong>quam</strong></span> <span class='ocrx_word' id='word_1_648' title='bbox 592 4406 855 4477; x_wconf 90' lang='lat' dir='ltr'><strong>quotidie</strong></span> <span class='ocrx_word' id='word_1_649' title='bbox 885 4406 1221 4468; x_wconf 87' lang='lat' dir='ltr'><strong>morituros,</strong></span> <span class='ocrx_word' id='word_1_650' title='bbox 1254 4411 1318 4460; x_wconf 91' lang='lat' dir='ltr'><strong>ut</strong></span> <span class='ocrx_word' id='word_1_651' title='bbox 1348 4411 1483 4460; x_wconf 89' lang='lat' dir='ltr'><strong>ante</strong></span> <span class='ocrx_word' id='word_1_652' title='bbox 1518 4406 1881 4477; x_wconf 69' lang='lat' dir='ltr'><strong>praedixerat,</strong></span> <span class='ocrx_word' id='word_1_653' title='bbox 1913 4422 1945 4459; x_wconf 90' lang='lat' dir='ltr'><strong>a</strong></span> <span class='ocrx_word' id='word_1_654' title='bbox 1978 4406 2232 4479; x_wconf 77' lang='lat' dir='ltr'><strong>sordidis</strong></span> <span class='ocrx_word' id='word_1_655' title='bbox 2283 4407 2738 4479; x_wconf 80' lang='lat' dir='ltr'><strong>cogitationibus</strong></span> <span class='ocrx_word' id='word_1_656' title='bbox 2786 4406 3043 4462; x_wconf 86' lang='lat' dir='ltr'><strong>animam</strong></span> <span class='ocrx_word' id='word_1_657' title='bbox 3095 4406 3414 4475; x_wconf 88' lang='lat' dir='ltr'><strong>custodire,</strong></span> <span class='ocrx_word' id='word_1_658' title='bbox 3462 4410 3806 4479; x_wconf 12' lang='lat' dir='ltr'><strong>eteomnem</strong></span> 
     </span>
    </p>
   </div>
   <div class='ocr_carea' id='block_1_86' title="bbox 380 4475 3809 4551">
    <p class='ocr_par' dir='ltr' id='par_1_86' title="bbox 380 4475 3809 4551">
     <span class='ocr_line' id='line_1_86' title="bbox 380 4475 3809 4551; baseline 0 -17"><span class='ocrx_word' id='word_1_659' title='bbox 380 4475 813 4534; x_wconf 66' lang='lat' dir='ltr'><strong>aemulationem</strong></span> <span class='ocrx_word' id='word_1_660' title='bbox 841 4479 912 4533; x_wconf 91' lang='lat' dir='ltr'><strong>ad</strong></span> <span class='ocrx_word' id='word_1_661' title='bbox 938 4483 1173 4551; x_wconf 88' lang='lat' dir='ltr'><strong>sanctos</strong></span> <span class='ocrx_word' id='word_1_662' title='bbox 1200 4493 1467 4548; x_wconf 86' lang='lat' dir='ltr'><strong>quosque</strong></span> <span class='ocrx_word' id='word_1_663' title='bbox 1497 4475 1831 4551; x_wconf 80' lang='lat' dir='ltr'><strong>convertere</strong></span> <span class='ocrx_word' id='word_1_664' title='bbox 1865 4494 1878 4532; x_wconf 89' lang='lat'><strong>:</strong></span> <span class='ocrx_word' id='word_1_665' title='bbox 1912 4478 1984 4531; x_wconf 89' lang='lat' dir='ltr'><strong>ad</strong></span> <span class='ocrx_word' id='word_1_666' title='bbox 2016 4475 2502 4551; x_wconf 31' lang='lat' dir='ltr'><strong>Meletianos&quot;(tt)</strong></span> <span class='ocrx_word' id='word_1_667' title='bbox 2533 4497 2665 4536; x_wconf 85' lang='lat' dir='ltr'><strong>vero</strong></span> <span class='ocrx_word' id='word_1_668' title='bbox 2695 4480 3108 4537; x_wconf 87' lang='lat' dir='ltr'><strong>schismaticos</strong></span> <span class='ocrx_word' id='word_1_669' title='bbox 3138 4495 3211 4534; x_wconf 89' lang='lat' dir='ltr'><strong>ne</strong></span> <span class='ocrx_word' id='word_1_670' title='bbox 3244 4494 3424 4551; x_wconf 87' lang='lat' dir='ltr'><strong>prope</strong></span> <span class='ocrx_word' id='word_1_671' title='bbox 3452 4477 3809 4551; x_wconf 9' lang='lat' dir='ltr'><strong>quidemeae-</strong></span> 
     </span>
    </p>
   </div>
   <div class='ocr_carea' id='block_1_87' title="bbox 378 4548 3808 4634">
    <p class='ocr_par' dir='ltr' id='par_1_87' title="bbox 378 4548 3808 4634">
     <span class='ocr_line' id='line_1_87' title="bbox 378 4548 3808 4634; baseline -0 -28"><span class='ocrx_word' id='word_1_672' title='bbox 378 4551 604 4633; x_wconf 78' lang='lat' dir='ltr'><strong>cedere.</strong></span> <span class='ocrx_word' id='word_1_673' title='bbox 638 4551 804 4634; x_wconf 69' lang='lat' dir='ltr'><strong>sentis</strong></span> <span class='ocrx_word' id='word_1_674' title='bbox 839 4550 1235 4633; x_wconf 87' lang='lat' dir='ltr'><strong>enim,aiebat,</strong></span> <span class='ocrx_word' id='word_1_675' title='bbox 1260 4565 1461 4634; x_wconf 71' lang='lat' dir='ltr'><strong>eorum</strong></span> <span class='ocrx_word' id='word_1_676' title='bbox 1493 4550 1812 4634; x_wconf 43' lang='lat' dir='ltr'><strong>antiquam.</strong></span> <span class='ocrx_word' id='word_1_677' title='bbox 1834 4548 2271 4634; x_wconf 66' lang='lat' dir='ltr'><strong>perversitatem</strong></span> <span class='ocrx_word' id='word_1_678' title='bbox 2307 4566 2320 4603; x_wconf 89' lang='lat'><strong>:</strong></span> <span class='ocrx_word' id='word_1_679' title='bbox 2357 4548 2545 4634; x_wconf 62' lang='lat' dir='ltr'><strong>neque</strong></span> <span class='ocrx_word' id='word_1_680' title='bbox 2576 4568 2711 4634; x_wconf 76' lang='lat' dir='ltr'><strong>cum</strong></span> <span class='ocrx_word' id='word_1_681' title='bbox 2742 4551 2973 4634; x_wconf 42' lang='lat' dir='ltr'><strong>Arianils</strong></span> <span class='ocrx_word' id='word_1_682' title='bbox 3003 4548 3808 4634; x_wconf 45' lang='lat' dir='ltr'><strong>communione‘jungamini,</strong></span> 
     </span>
    </p>
   </div>
   <div class='ocr_carea' id='block_1_88' title="bbox 381 4620 3807 4695">
    <p class='ocr_par' dir='ltr' id='par_1_88' title="bbox 381 4620 3807 4695">
     <span class='ocr_line' id='line_1_88' title="bbox 381 4620 3807 4695; baseline -0 -18"><span class='ocrx_word' id='word_1_683' title='bbox 381 4622 520 4695; x_wconf 91' lang='lat' dir='ltr'><strong>quia</strong></span> <span class='ocrx_word' id='word_1_684' title='bbox 549 4622 825 4695; x_wconf 84' lang='lat' dir='ltr'><strong>impietas</strong></span> <span class='ocrx_word' id='word_1_685' title='bbox 852 4638 1052 4695; x_wconf 90' lang='lat' dir='ltr'><strong>eorum</strong></span> <span class='ocrx_word' id='word_1_686' title='bbox 1077 4621 1204 4691; x_wconf 87' lang='lat' dir='ltr'><strong>jam</strong></span> <span class='ocrx_word' id='word_1_687' title='bbox 1237 4620 1519 4695; x_wconf 87' lang='lat' dir='ltr'><strong>omnibus</strong></span> <span class='ocrx_word' id='word_1_688' title='bbox 1545 4621 1857 4695; x_wconf 83' lang='lat' dir='ltr'><strong>manifesta</strong></span> <span class='ocrx_word' id='word_1_689' title='bbox 1883 4620 2331 4695; x_wconf 12' lang='lat' dir='ltr'><strong>est_._H_iseetiam</strong></span> <span class='ocrx_word' id='word_1_690' title='bbox 2365 4620 2509 4677; x_wconf 82' lang='lat' dir='ltr'><strong>illud</strong></span> <span class='ocrx_word' id='word_1_691' title='bbox 2541 4624 2813 4689; x_wconf 86' lang='lat' dir='ltr'><strong>addebat,</strong></span> <span class='ocrx_word' id='word_1_692' title='bbox 2848 4622 3078 4695; x_wconf 86' lang='lat' dir='ltr'><strong>nullum</strong></span> <span class='ocrx_word' id='word_1_693' title='bbox 3129 4623 3337 4695; x_wconf 81' lang='lat' dir='ltr'><strong>debere</strong></span> <span class='ocrx_word' id='word_1_694' title='bbox 3384 4620 3807 4695; x_wconf 73' lang='lat' dir='ltr'><strong>Christianum,</strong></span> 
     </span>
    </p>
   </div>
   <div class='ocr_carea' id='block_1_89' title="bbox 383 4691 3813 4765">
    <p class='ocr_par' dir='ltr' id='par_1_89' title="bbox 383 4691 3813 4765">
     <span class='ocr_line' id='line_1_89' title="bbox 383 4691 3813 4765; baseline -0.001 -16"><span class='ocrx_word' id='word_1_695' title='bbox 383 4691 516 4750; x_wconf 79' lang='lat' dir='ltr'><strong>cum</strong></span> <span class='ocrx_word' id='word_1_696' title='bbox 551 4692 743 4748; x_wconf 61' lang='lat' dir='ltr'><strong>saeculi</strong></span> <span class='ocrx_word' id='word_1_697' title='bbox 778 4694 986 4748; x_wconf 86' lang='lat' dir='ltr'><strong>viderit</strong></span> <span class='ocrx_word' id='word_1_698' title='bbox 1017 4697 1335 4765; x_wconf 79' lang='lat' dir='ltr'><strong>potestates</strong></span> <span class='ocrx_word' id='word_1_699' title='bbox 1368 4708 1467 4765; x_wconf 74' lang='lat' dir='ltr'><strong>pro</strong></span> <span class='ocrx_word' id='word_1_700' title='bbox 1498 4693 1933 4765; x_wconf 13' lang='lat' dir='ltr'><strong>Arianorurmiet</strong></span> <span class='ocrx_word' id='word_1_701' title='bbox 1964 4691 2409 4765; x_wconf 85' lang='lat' dir='ltr'><strong>Meletianorum</strong></span> <span class='ocrx_word' id='word_1_702' title='bbox 2446 4711 2705 4765; x_wconf 80' lang='lat' dir='ltr'><strong>pugnare</strong></span> <span class='ocrx_word' id='word_1_703' title='bbox 2737 4694 3022 4765; x_wconf 86' lang='lat' dir='ltr'><strong>nequitia,</strong></span> <span class='ocrx_word' id='word_1_704' title='bbox 3058 4710 3091 4749; x_wconf 88' lang='lat' dir='ltr'><strong>a</strong></span> <span class='ocrx_word' id='word_1_705' title='bbox 3119 4693 3328 4749; x_wconf 86' lang='lat' dir='ltr'><strong>Christi</strong></span> <span class='ocrx_word' id='word_1_706' title='bbox 3365 4693 3631 4765; x_wconf 81' lang='lat' dir='ltr'><strong>territum</strong></span> <span class='ocrx_word' id='word_1_707' title='bbox 3672 4693 3813 4765; x_wconf 69' lang='lat' dir='ltr'><strong>div—</strong></span> 
     </span>
    </p>
   </div>
   <div class='ocr_carea' id='block_1_90' title="bbox 382 4762 3808 4838">
    <p class='ocr_par' dir='ltr' id='par_1_90' title="bbox 382 4762 3808 4838">
     <span class='ocr_line' id='line_1_90' title="bbox 382 4762 3808 4838; baseline -0 -16"><span class='ocrx_word' id='word_1_708' title='bbox 382 4768 584 4822; x_wconf 89' lang='lat' dir='ltr'><strong>cedere</strong></span> <span class='ocrx_word' id='word_1_709' title='bbox 633 4766 938 4838; x_wconf 83' lang='lat' dir='ltr'><strong>veritate:</strong></span> <span class='ocrx_word' id='word_1_710' title='bbox 994 4762 1328 4838; x_wconf 71' lang='lat' dir='ltr'><strong>mortalium</strong></span> <span class='ocrx_word' id='word_1_711' title='bbox 1375 4763 1542 4838; x_wconf 77' lang='lat' dir='ltr'><strong>illam</strong></span> <span class='ocrx_word' id='word_1_712' title='bbox 1593 4780 1735 4838; x_wconf 74' lang='lat' dir='ltr'><strong>esse</strong></span> <span class='ocrx_word' id='word_1_713' title='bbox 1767 4764 2186 4838; x_wconf 82' lang='lat' dir='ltr'><strong>defensionem,</strong></span> <span class='ocrx_word' id='word_1_714' title='bbox 2242 4780 2365 4838; x_wconf 78' lang='lat' dir='ltr'><strong>uec_</strong></span> <span class='ocrx_word' id='word_1_715' title='bbox 2395 4762 2492 4820; x_wconf 80' lang='lat' dir='ltr'><strong>diu</strong></span> <span class='ocrx_word' id='word_1_716' title='bbox 2532 4762 3206 4838; x_wconf 38' lang='lat' dir='ltr'><strong>“fallacem—permanere</strong></span> <span class='ocrx_word' id='word_1_717' title='bbox 3254 4781 3426 4835; x_wconf 89' lang='lat' dir='ltr'><strong>posse</strong></span> <span class='ocrx_word' id='word_1_718' title='bbox 3452 4763 3808 4838; x_wconf 76' lang='lat' dir='ltr'><strong>phatasiam.</strong></span> 
     </span>
    </p>
   </div>
   <div class='ocr_carea' id='block_1_91' title="bbox 381 4835 3812 4911">
    <p class='ocr_par' dir='ltr' id='par_1_91' title="bbox 381 4835 3812 4911">
     <span class='ocr_line' id='line_1_91' title="bbox 381 4835 3812 4911; baseline -0.001 -18"><span class='ocrx_word' id='word_1_719' title='bbox 381 4842 768 4911; x_wconf 79' lang='lat' dir='ltr'><strong>Quapropter,</strong></span> <span class='ocrx_word' id='word_1_720' title='bbox 803 4836 1018 4911; x_wconf 68' lang='lat' dir='ltr'><strong>aiebat,</strong></span> <span class='ocrx_word' id='word_1_721' title='bbox 1050 4835 1432 4890; x_wconf 82' lang='lat' dir='ltr'><strong>custodienda</strong></span> <span class='ocrx_word' id='word_1_722' title='bbox 1456 4841 1550 4911; x_wconf 81' lang='lat' dir='ltr'><strong>est</strong></span> <span class='ocrx_word' id='word_1_723' title='bbox 1566 4835 1850 4911; x_wconf 64' lang='lat' dir='ltr'><strong>piatides</strong></span> <span class='ocrx_word' id='word_1_724' title='bbox 1880 4835 1938 4911; x_wconf 84' lang='lat' dir='ltr'><strong>in</strong></span> <span class='ocrx_word' id='word_1_725' title='bbox 1971 4835 2220 4911; x_wconf 70' lang='lat' dir='ltr'><strong>Christo,</strong></span> <span class='ocrx_word' id='word_1_726' title='bbox 2253 4840 2310 4890; x_wconf 88' lang='lat' dir='ltr'><strong>et</strong></span> <span class='ocrx_word' id='word_1_727' title='bbox 2337 4836 2575 4893; x_wconf 84' lang='lat' dir='ltr'><strong>Patrum</strong></span> <span class='ocrx_word' id='word_1_728' title='bbox 2608 4835 2883 4911; x_wconf 79' lang='lat' dir='ltr'><strong>religiosa</strong></span> <span class='ocrx_word' id='word_1_729' title='bbox 2912 4837 3358 4909; x_wconf 87' lang='lat' dir='ltr'><strong>traditio.quam</strong></span> <span class='ocrx_word' id='word_1_730' title='bbox 3388 4835 3812 4906; x_wconf 28' lang='lat' dir='ltr'><strong>et’Scriptura-</strong></span> 
     </span>
    </p>
   </div>
   <div class='ocr_carea' id='block_1_92' title="bbox 384 4906 2298 4978">
    <p class='ocr_par' dir='ltr' id='par_1_92' title="bbox 384 4906 2298 4978">
     <span class='ocr_line' id='line_1_92' title="bbox 384 4906 2298 4978; baseline -0.002 -12"><span class='ocrx_word' id='word_1_731' title='bbox 384 4906 526 4966; x_wconf 53' lang='lat' dir='ltr'><strong>rum&#39;</strong></span> <span class='ocrx_word' id='word_1_732' title='bbox 550 4906 795 4964; x_wconf 77' lang='lat' dir='ltr'><strong>lectione</strong></span> <span class='ocrx_word' id='word_1_733' title='bbox 821 4913 877 4963; x_wconf 90' lang='lat' dir='ltr'><strong>et</strong></span> <span class='ocrx_word' id='word_1_734' title='bbox 901 4907 1102 4963; x_wconf 88' lang='lat' dir='ltr'><strong>crebro</strong></span> <span class='ocrx_word' id='word_1_735' title='bbox 1137 4923 1279 4962; x_wconf 68' lang='lat' dir='ltr'><strong>mea:</strong></span> <span class='ocrx_word' id='word_1_736' title='bbox 1310 4906 1612 4978; x_wconf 87' lang='lat' dir='ltr'><strong>parvitatis</strong></span> <span class='ocrx_word' id='word_1_737' title='bbox 1643 4907 1940 4962; x_wconf 86' lang='lat' dir='ltr'><strong>didicistis</strong></span> <span class='ocrx_word' id='word_1_738' title='bbox 1971 4908 2298 4962; x_wconf 87' lang='lat' dir='ltr'><strong>admonitu.</strong></span> 
     </span>
    </p>
   </div>
   <div class='ocr_carea' id='block_1_93' title="bbox 450 4975 3802 5053">
    <p class='ocr_par' dir='ltr' id='par_1_93' title="bbox 450 4975 3802 5053">
     <span class='ocr_line' id='line_1_93' title="bbox 450 4975 3802 5053; baseline -0.001 -18"><span class='ocrx_word' id='word_1_739' title='bbox 450 4982 539 5053; x_wconf 80' lang='lat'><strong>90.</strong></span> <span class='ocrx_word' id='word_1_740' title='bbox 566 4981 765 5053; x_wconf 77' lang='lat' dir='ltr'><strong>Finito</strong></span> <span class='ocrx_word' id='word_1_741' title='bbox 796 4995 1086 5053; x_wconf 88' lang='lat' dir='ltr'><strong>sermone,</strong></span> <span class='ocrx_word' id='word_1_742' title='bbox 1120 4975 1326 5033; x_wconf 75' lang='lat' dir='ltr'><strong>fratres</strong></span> <span class='ocrx_word' id='word_1_743' title='bbox 1358 4994 1490 5032; x_wconf 89' lang='lat' dir='ltr'><strong>eum</strong></span> <span class='ocrx_word' id='word_1_744' title='bbox 1523 4978 2040 5053; x_wconf 80' lang='lat' dir='ltr'><strong>vehementissime</strong></span> <span class='ocrx_word' id='word_1_745' title='bbox 2065 4979 2467 5053; x_wconf 88' lang='lat' dir='ltr'><strong>retardabant,</strong></span> <span class='ocrx_word' id='word_1_746' title='bbox 2495 4979 2753 5051; x_wconf 84' lang='lat' dir='ltr'><strong>glorioso</strong></span> <span class='ocrx_word' id='word_1_747' title='bbox 2784 4978 2968 5053; x_wconf 85' lang='lat' dir='ltr'><strong>patris</strong></span> <span class='ocrx_word' id='word_1_748' title='bbox 2996 4979 3297 5050; x_wconf 89' lang='lat' dir='ltr'><strong>cupientes</strong></span> <span class='ocrx_word' id='word_1_749' title='bbox 3325 4976 3578 5053; x_wconf 70' lang='lat' dir='ltr'><strong>termino</strong></span> <span class='ocrx_word' id='word_1_750' title='bbox 3622 4975 3802 5053; x_wconf 66' lang='lat' dir='ltr'><strong>deco-</strong></span> 
     </span>
    </p>
   </div>
   <div class='ocr_carea' id='block_1_94' title="bbox 383 5047 3811 5123">
    <p class='ocr_par' dir='ltr' id='par_1_94' title="bbox 383 5047 3811 5123">
     <span class='ocr_line' id='line_1_94' title="bbox 383 5047 3811 5123; baseline -0.001 -18"><span class='ocrx_word' id='word_1_751' title='bbox 383 5052 517 5107; x_wconf 87' lang='lat' dir='ltr'><strong>rari.</strong></span> <span class='ocrx_word' id='word_1_752' title='bbox 551 5052 659 5107; x_wconf 86' lang='lat' dir='ltr'><strong>Sed</strong></span> <span class='ocrx_word' id='word_1_753' title='bbox 696 5052 916 5106; x_wconf 89' lang='lat' dir='ltr'><strong>multas</strong></span> <span class='ocrx_word' id='word_1_754' title='bbox 945 5051 1017 5106; x_wconf 93' lang='lat' dir='ltr'><strong>ob</strong></span> <span class='ocrx_word' id='word_1_755' title='bbox 1046 5066 1438 5123; x_wconf 86' lang='lat' dir='ltr'><strong>causas,quas</strong></span> <span class='ocrx_word' id='word_1_756' title='bbox 1467 5054 1525 5104; x_wconf 91' lang='lat' dir='ltr'><strong>et</strong></span> <span class='ocrx_word' id='word_1_757' title='bbox 1554 5048 1798 5123; x_wconf 68' lang='lat' dir='ltr'><strong>silentio</strong></span> <span class='ocrx_word' id='word_1_758' title='bbox 1811 5050 2283 5123; x_wconf 83' lang='lat' dir='ltr'><strong>demonstrabat,</strong></span> <span class='ocrx_word' id='word_1_759' title='bbox 2303 5047 2592 5123; x_wconf 67' lang='lat' dir='ltr'><strong>praecipue</strong></span> <span class='ocrx_word' id='word_1_760' title='bbox 2621 5047 2817 5107; x_wconf 79' lang='lat' dir='ltr'><strong>tamen</strong></span> <span class='ocrx_word' id='word_1_761' title='bbox 2852 5052 2924 5107; x_wconf 87' lang='lat' dir='ltr'><strong>ob</strong></span> <span class='ocrx_word' id='word_1_762' title='bbox 2958 5047 3373 5123; x_wconf 61' lang='lat' dir='ltr'><strong>presumptam</strong></span> <span class='ocrx_word' id='word_1_763' title='bbox 3409 5047 3639 5120; x_wconf 60' lang='lat' dir='ltr'><strong>[Egypti</strong></span> <span class='ocrx_word' id='word_1_764' title='bbox 3672 5064 3811 5123; x_wconf 71' lang='lat' dir='ltr'><strong>con-</strong></span> 
     </span>
    </p>
   </div>
   <div class='ocr_carea' id='block_1_95' title="bbox 382 5118 3813 5195">
    <p class='ocr_par' dir='ltr' id='par_1_95' title="bbox 382 5118 3813 5195">
     <span class='ocr_line' id='line_1_95' title="bbox 382 5118 3813 5195; baseline -0.001 -17"><span class='ocrx_word' id='word_1_765' title='bbox 382 5124 763 5195; x_wconf 87' lang='lat' dir='ltr'><strong>suetudinem</strong></span> <span class='ocrx_word' id='word_1_766' title='bbox 790 5122 1296 5195; x_wconf 28' lang='lat' dir='ltr'><strong>contradiv‘it.Mos</strong></span> <span class='ocrx_word' id='word_1_767' title='bbox 1310 5118 1539 5195; x_wconf 73' lang='lat' dir='ltr'><strong>etenim</strong></span> <span class='ocrx_word' id='word_1_768' title='bbox 1572 5118 2376 5195; x_wconf 56' lang='lat' dir='ltr'><strong>Egyptiisestmobilium&#39;et</strong></span> <span class='ocrx_word' id='word_1_769' title='bbox 2405 5118 2695 5195; x_wconf 64' lang='lat' dir='ltr'><strong>praecipue</strong></span> <span class='ocrx_word' id='word_1_770' title='bbox 2725 5118 3029 5179; x_wconf 82' lang='lat' dir='ltr'><strong>beatorum</strong></span> <span class='ocrx_word' id='word_1_771' title='bbox 3062 5118 3389 5195; x_wconf 61' lang='lat' dir='ltr'><strong>martyrum</strong></span> <span class='ocrx_word' id='word_1_772' title='bbox 3423 5118 3668 5195; x_wconf 69' lang='lat' dir='ltr'><strong>corpora</strong></span> <span class='ocrx_word' id='word_1_773' title='bbox 3696 5118 3813 5174; x_wconf 90' lang='lat' dir='ltr'><strong>lin-</strong></span> 
     </span>
    </p>
   </div>
   <div class='ocr_carea' id='block_1_96' title="bbox 380 5192 3812 5268">
    <p class='ocr_par' dir='ltr' id='par_1_96' title="bbox 380 5192 3812 5268">
     <span class='ocr_line' id='line_1_96' title="bbox 380 5192 3812 5268; baseline -0.001 -17"><span class='ocrx_word' id='word_1_774' title='bbox 380 5194 640 5251; x_wconf 88' lang='lat' dir='ltr'><strong>teamine</strong></span> <span class='ocrx_word' id='word_1_775' title='bbox 669 5194 907 5268; x_wconf 91' lang='lat' dir='ltr'><strong>quidem</strong></span> <span class='ocrx_word' id='word_1_776' title='bbox 934 5192 1265 5261; x_wconf 88' lang='lat' dir='ltr'><strong>obvolvere,</strong></span> <span class='ocrx_word' id='word_1_777' title='bbox 1297 5199 1354 5249; x_wconf 90' lang='lat' dir='ltr'><strong>et</strong></span> <span class='ocrx_word' id='word_1_778' title='bbox 1384 5192 1655 5249; x_wconf 88' lang='lat' dir='ltr'><strong>studium</strong></span> <span class='ocrx_word' id='word_1_779' title='bbox 1682 5192 1872 5248; x_wconf 82' lang='lat' dir='ltr'><strong>funeri</strong></span> <span class='ocrx_word' id='word_1_780' title='bbox 1900 5193 2140 5249; x_wconf 89' lang='lat' dir='ltr'><strong>solitum</strong></span> <span class='ocrx_word' id='word_1_781' title='bbox 2176 5211 2291 5250; x_wconf 93' lang='lat' dir='ltr'><strong>non</strong></span> <span class='ocrx_word' id='word_1_782' title='bbox 2322 5192 2762 5267; x_wconf 49' lang='lat' dir='ltr'><strong>negareﬂerra</strong></span> <span class='ocrx_word' id='word_1_783' title='bbox 2784 5212 2920 5251; x_wconf 88' lang='lat' dir='ltr'><strong>vero</strong></span> <span class='ocrx_word' id='word_1_784' title='bbox 2952 5212 3067 5251; x_wconf 92' lang='lat' dir='ltr'><strong>non</strong></span> <span class='ocrx_word' id='word_1_785' title='bbox 3100 5192 3478 5260; x_wconf 81' lang='lat' dir='ltr'><strong>abscondere,</strong></span> <span class='ocrx_word' id='word_1_786' title='bbox 3507 5192 3608 5248; x_wconf 91' lang='lat' dir='ltr'><strong>sed</strong></span> <span class='ocrx_word' id='word_1_787' title='bbox 3634 5207 3812 5263; x_wconf 84' lang='lat' dir='ltr'><strong>supe-</strong></span> 
     </span>
    </p>
   </div>
   <div class='ocr_carea' id='block_1_97' title="bbox 2228 5295 3813 5375">
    <p class='ocr_par' dir='ltr' id='par_1_97' title="bbox 2228 5295 3813 5375">
     <span class='ocr_line' id='line_1_97' title="bbox 2228 5295 3813 5375; baseline -0.004 -19"><span class='ocrx_word' id='word_1_788' title='bbox 2228 5301 2305 5373; x_wconf 89' lang='lat'><strong>(9)</strong></span> <span class='ocrx_word' id='word_1_789' title='bbox 2354 5301 2448 5359; x_wconf 90' lang='lat' dir='ltr'><strong>Sic</strong></span> <span class='ocrx_word' id='word_1_790' title='bbox 2496 5320 2701 5359; x_wconf 88' lang='lat' dir='ltr'><strong>omnes</strong></span> <span class='ocrx_word' id='word_1_791' title='bbox 2751 5301 3163 5375; x_wconf 88' lang='lat' dir='ltr'><strong>manuscripti.</strong></span> <span class='ocrx_word' id='word_1_792' title='bbox 3224 5299 3375 5356; x_wconf 85' lang='lat' dir='ltr'><strong>Editi</strong></span> <span class='ocrx_word' id='word_1_793' title='bbox 3423 5314 3579 5366; x_wconf 91' lang='lat' dir='ltr'><strong>vero,</strong></span> <span class='ocrx_word' id='word_1_794' title='bbox 3631 5295 3813 5351; x_wconf 81' lang='grc' dir='ltr'>ὀθονί-</span> 
     </span>
    </p>
   </div>
   <div class='ocr_carea' id='block_1_98' title="bbox 2159 5391 2297 5432">
    <p class='ocr_par' dir='ltr' id='par_1_98' title="bbox 2159 5391 2297 5432">
     <span class='ocr_line' id='line_1_98' title="bbox 2159 5391 2297 5432; baseline 0.022 -8"><span class='ocrx_word' id='word_1_795' title='bbox 2159 5391 2297 5432; x_wconf 86' lang='grc' dir='ltr'>σοις.</span> 
     </span>
    </p>
   </div>
   <div class='ocr_carea' id='block_1_99' title="bbox 2233 5440 3812 5518">
    <p class='ocr_par' dir='ltr' id='par_1_99' title="bbox 2233 5440 3812 5518">
     <span class='ocr_line' id='line_1_99' title="bbox 2233 5440 3812 5518; baseline -0.002 -18"><span class='ocrx_word' id='word_1_796' title='bbox 2233 5445 2345 5517; x_wconf 90' lang='grc'><strong>(10)</strong></span> <span class='ocrx_word' id='word_1_797' title='bbox 2376 5445 2461 5502; x_wconf 89' lang='lat' dir='ltr'><strong>Ita</strong></span> <span class='ocrx_word' id='word_1_798' title='bbox 2490 5445 2734 5518; x_wconf 89' lang='lat' dir='ltr'><strong>quidam</strong></span> <span class='ocrx_word' id='word_1_799' title='bbox 2766 5444 3147 5517; x_wconf 87' lang='lat' dir='ltr'><strong>manuscripti</strong></span> <span class='ocrx_word' id='word_1_800' title='bbox 3179 5449 3350 5500; x_wconf 88' lang='lat' dir='ltr'><strong>recte.</strong></span> <span class='ocrx_word' id='word_1_801' title='bbox 3387 5440 3558 5508; x_wconf 85' lang='lat' dir='ltr'><strong>Editi,</strong></span> <span class='ocrx_word' id='word_1_802' title='bbox 3582 5442 3812 5514; x_wconf 80' lang='lat' dir='ltr'><strong>profec-</strong></span> 
     </span>
    </p>
   </div>
   <div class='ocr_carea' id='block_1_100' title="bbox 2160 5523 3814 5661">
    <p class='ocr_par' dir='ltr' id='par_1_100' title="bbox 2160 5523 3814 5661">
     <span class='ocr_line' id='line_1_100' title="bbox 2160 5523 3814 5661; baseline -0.001 -19"><span class='ocrx_word' id='word_1_803' title='bbox 2160 5523 2346 5661; x_wconf 38' lang='lat' dir='ltr'><strong>fwli‘i.)</strong></span> <span class='ocrx_word' id='word_1_804' title='bbox 2375 5587 2763 5661; x_wconf 71' lang='lat' dir='ltr'><strong>Manuscripti</strong></span> <span class='ocrx_word' id='word_1_805' title='bbox 2791 5585 3317 5661; x_wconf 62' lang='lat' dir='ltr'><strong>quidamhabent,</strong></span> <span class='ocrx_word' id='word_1_806' title='bbox 3377 5583 3699 5651; x_wconf 74' lang='lat' dir='ltr'><strong>Militiams,</strong></span> <span class='ocrx_word' id='word_1_807' title='bbox 3754 5586 3814 5641; x_wconf 90' lang='lat' dir='ltr'><strong>et</strong></span> 
     </span>
    </p>
   </div>
   <div class='ocr_carea' id='block_1_101' title="bbox 2159 5657 3449 5728">
    <p class='ocr_par' dir='ltr' id='par_1_101' title="bbox 2159 5657 3449 5728">
     <span class='ocr_line' id='line_1_101' title="bbox 2159 5657 3449 5728; baseline 0 -16"><span class='ocrx_word' id='word_1_808' title='bbox 2159 5657 2334 5726; x_wconf 78' lang='lat' dir='ltr'><strong>infra,</strong></span> <span class='ocrx_word' id='word_1_809' title='bbox 2366 5657 2827 5728; x_wconf 61' lang='lat' dir='ltr'><strong>Militianafumi</strong></span> <span class='ocrx_word' id='word_1_810' title='bbox 2856 5658 2977 5716; x_wconf 79' lang='lat' dir='ltr'><strong>alii.</strong></span> <span class='ocrx_word' id='word_1_811' title='bbox 3012 5657 3449 5719; x_wconf 79' lang='lat' dir='ltr'><strong>Miletianorum.</strong></span> 
     </span>
    </p>
   </div>
   <div class='ocr_carea' id='block_1_102' title="bbox 454 5299 2036 5384">
    <p class='ocr_par' dir='ltr' id='par_1_102' title="bbox 454 5299 2036 5384">
     <span class='ocr_line' id='line_1_102' title="bbox 454 5299 2036 5384; baseline -0.001 -27"><span class='ocrx_word' id='word_1_812' title='bbox 454 5301 530 5384; x_wconf 58' lang='grc' dir='ltr'><strong>(ᾧ)</strong></span> <span class='ocrx_word' id='word_1_813' title='bbox 559 5301 923 5384; x_wconf 35' lang='grc' dir='ltr'><strong>ᾆξαέᾳυξάαᾳι</strong></span> <span class='ocrx_word' id='word_1_814' title='bbox 956 5299 1365 5384; x_wconf 70' lang='lat' dir='ltr'><strong>manuscripti.</strong></span> <span class='ocrx_word' id='word_1_815' title='bbox 1608 5299 1816 5384; x_wconf 48' lang='grc' dir='ltr'>μαθων..</span> <span class='ocrx_word' id='word_1_816' title='bbox 1871 5300 2036 5384; x_wconf 40' lang='lat' dir='ltr'><strong>‘Ini&#39;ra</strong></span> 
     </span>
    </p>
   </div>
   <div class='ocr_carea' id='block_1_103' title="bbox 384 5368 2042 5457">
    <p class='ocr_par' dir='ltr' id='par_1_103' title="bbox 384 5368 2042 5457">
     <span class='ocr_line' id='line_1_103' title="bbox 384 5368 2042 5457; baseline -0.002 -27"><span class='ocrx_word' id='word_1_817' title='bbox 384 5368 522 5457; x_wconf 82' lang='lat' dir='ltr'><strong>post</strong></span> <span class='ocrx_word' id='word_1_818' title='bbox 549 5368 827 5457; x_wconf 66' lang='grc' dir='ltr'>ᾁδελῴρῖς,</span> <span class='ocrx_word' id='word_1_819' title='bbox 861 5375 1026 5428; x_wconf 88' lang='lat' dir='ltr'><strong>deest</strong></span> <span class='ocrx_word' id='word_1_820' title='bbox 1059 5368 1328 5457; x_wconf 47' lang='lat' dir='ltr'><strong>)iéYtDan</strong></span> <span class='ocrx_word' id='word_1_821' title='bbox 1372 5371 1581 5428; x_wconf 86' lang='lat' dir='ltr'><strong>editis:</strong></span> <span class='ocrx_word' id='word_1_822' title='bbox 1608 5368 1739 5428; x_wconf 52' lang='lat' dir='ltr'><strong>&#39;sed</strong></span> <span class='ocrx_word' id='word_1_823' title='bbox 1791 5371 2042 5427; x_wconf 88' lang='lat' dir='ltr'><strong>habetur</strong></span> 
     </span>
    </p>
   </div>
   <div class='ocr_carea' id='block_1_104' title="bbox 382 5442 1316 5517">
    <p class='ocr_par' dir='ltr' id='par_1_104' title="bbox 382 5442 1316 5517">
     <span class='ocr_line' id='line_1_104' title="bbox 382 5442 1316 5517; baseline -0.004 -16"><span class='ocrx_word' id='word_1_824' title='bbox 382 5442 441 5502; x_wconf 82' lang='lat' dir='ltr'><strong>in</strong></span> <span class='ocrx_word' id='word_1_825' title='bbox 475 5442 832 5517; x_wconf 80' lang='lat' dir='ltr'><strong>quibusdam</strong></span> <span class='ocrx_word' id='word_1_826' title='bbox 866 5442 1316 5517; x_wconf 11' lang='lat' dir='ltr'><strong>manusecriptis.</strong></span> 
     </span>
    </p>
   </div>
   <div class='ocr_carea' id='block_1_105' title="bbox 456 5510 1952 5587">
    <p class='ocr_par' dir='ltr' id='par_1_105' title="bbox 456 5510 1952 5587">
     <span class='ocr_line' id='line_1_105' title="bbox 456 5510 1952 5587; baseline 0 -16"><span class='ocrx_word' id='word_1_827' title='bbox 456 5510 530 5587; x_wconf 63' lang='lat'><strong>(7&#39;)</strong></span> <span class='ocrx_word' id='word_1_828' title='bbox 563 5518 657 5574; x_wconf 87' lang='lat' dir='ltr'><strong>Sic</strong></span> <span class='ocrx_word' id='word_1_829' title='bbox 708 5515 1094 5587; x_wconf 88' lang='lat' dir='ltr'><strong>manuscripti</strong></span> <span class='ocrx_word' id='word_1_830' title='bbox 1128 5510 1354 5587; x_wconf 81' lang='lat' dir='ltr'><strong>omnes.</strong></span> <span class='ocrx_word' id='word_1_831' title='bbox 1382 5518 1453 5587; x_wconf 86' lang='lat' dir='ltr'><strong>_In</strong></span> <span class='ocrx_word' id='word_1_832' title='bbox 1483 5513 1656 5569; x_wconf 87' lang='lat' dir='ltr'><strong>editis</strong></span> <span class='ocrx_word' id='word_1_833' title='bbox 1683 5510 1739 5587; x_wconf 72' lang='grc' dir='ltr'><strong>ἐν</strong></span> <span class='ocrx_word' id='word_1_834' title='bbox 1768 5514 1952 5571; x_wconf 89' lang='lat' dir='ltr'><strong>deest.</strong></span> 
     </span>
    </p>
   </div>
   <div class='ocr_carea' id='block_1_106' title="bbox 459 5582 2041 5660">
    <p class='ocr_par' dir='ltr' id='par_1_106' title="bbox 459 5582 2041 5660">
     <span class='ocr_line' id='line_1_106' title="bbox 459 5582 2041 5660; baseline -0.005 -15"><span class='ocrx_word' id='word_1_835' title='bbox 567 5589 939 5645; x_wconf 86' lang='lat' dir='ltr'><strong>Colbertinus</strong></span> <span class='ocrx_word' id='word_1_836' title='bbox 974 5582 1670 5660; x_wconf 36' lang='grc' dir='ltr'>ρῷουυάιξβ-Μελιτιανοῖς.</span> <span class='ocrx_word' id='word_1_837' title='bbox 1720 5585 1874 5660; x_wconf 56' lang='lat' dir='ltr'><strong>Infra</strong></span> <span class='ocrx_word' id='word_1_838' title='bbox 1917 5605 2041 5639; x_wconf 79' lang='grc' dir='ltr'>κοι-</span> 
     </span>
    </p>
   </div>
   <div class='ocr_carea' id='block_1_107' title="bbox 383 5657 2040 5730">
    <p class='ocr_par' dir='ltr' id='par_1_107' title="bbox 383 5657 2040 5730">
     <span class='ocr_line' id='line_1_107' title="bbox 383 5657 2040 5730; baseline 0.002 -18"><span class='ocrx_word' id='word_1_839' title='bbox 383 5657 583 5713; x_wconf 78' lang='grc' dir='ltr'>νωνίαν</span> <span class='ocrx_word' id='word_1_840' title='bbox 613 5661 814 5717; x_wconf 89' lang='lat' dir='ltr'><strong>deerat</strong></span> <span class='ocrx_word' id='word_1_841' title='bbox 840 5661 901 5716; x_wconf 91' lang='lat' dir='ltr'><strong>in</strong></span> <span class='ocrx_word' id='word_1_842' title='bbox 933 5659 1108 5716; x_wconf 86' lang='lat' dir='ltr'><strong>editis</strong></span> <span class='ocrx_word' id='word_1_843' title='bbox 1140 5659 1240 5714; x_wconf 88' lang='lat' dir='ltr'><strong>sed</strong></span> <span class='ocrx_word' id='word_1_844' title='bbox 1275 5657 1526 5713; x_wconf 86' lang='lat' dir='ltr'><strong>habetur</strong></span> <span class='ocrx_word' id='word_1_845' title='bbox 1555 5658 1613 5713; x_wconf 91' lang='lat' dir='ltr'><strong>in</strong></span> <span class='ocrx_word' id='word_1_846' title='bbox 1635 5658 1910 5713; x_wconf 89' lang='lat' dir='ltr'><strong>omnibus</strong></span> <span class='ocrx_word' id='word_1_847' title='bbox 1943 5674 2040 5730; x_wconf 81' lang='lat' dir='ltr'><strong>pe-</strong></span> 
     </span>
    </p>
   </div>
   <div class='ocr_carea' id='block_1_108' title="bbox 386 5732 940 5804">
    <p class='ocr_par' dir='ltr' id='par_1_108' title="bbox 386 5732 940 5804">
     <span class='ocr_line' id='line_1_108' title="bbox 386 5732 940 5804; baseline -0.009 -15"><span class='ocrx_word' id='word_1_848' title='bbox 386 5747 461 5789; x_wconf 87' lang='lat' dir='ltr'><strong>ne</strong></span> <span class='ocrx_word' id='word_1_849' title='bbox 493 5732 940 5804; x_wconf 88' lang='lat' dir='ltr'><strong>manuscriptis.</strong></span> 
     </span>
    </p>
   </div>
  </div>
