4074 6356
258 487 375 547 969

1619 487 1800 546 VITA
1847 488 1910 549 S.
1962 489 2308 550 AN'I‘ONII.

3549 491 3670 555 9'70

256 639 405 674 πτειν
439 615 497 674 δὲ
529 619 634 674 ὑπὸ
689 625 814 696 γῆν,
869 615 1000 673 ἀλλ’
1047 617 1134 674 ἰπὶ
1167 616 1510 692 σκιμποδίων
1540 620 1768 689 τιθέναι,
1809 621 1896 674 καὶ

2016 621 2323 688 insolvers,
2357 636 2464 678 nec
2507 626 2702 679 tamen
2747 624 2856 680 sub
2887 627 3105 679 terram
3166 623 3462 682 occultare
3501 644 3515 694 ;
3565 627 3666 682 sed

257 707 542 788 φυλάττειν
593 701 740 764 ἔνδον
791 709 917 784 παρ’
975 709 1210 771 ἑαυτοῖς·
1269 709 1578 782 νομίζοντες
1630 706 1683 762 ἐν
1723 707 1904 780 τούτῳ

254 803 418 872 τιμᾷν
444 797 572 860 τοὺς
618 797 972 860 ἀπελθόντας.
1032 799 1094 855 Ὀ
1156 794 1213 852 δὲ
1271 799 1570 858 Ἀντώνιος
1628 795 1904 858 πολλάκις

254 889 377 966 περὶ
408 887 602 943 τούτου
660 888 750 942 καὶ
800 886 1098 943 ἐπισκόπου
1142 885 1300 957 ἠξίου
1347 884 1747 962 παραγγέλλειν
1786 891 1906 948 τοῖς

256 975 432 1039 λαοῖς·
464 975 673 1050 ὁμοίως
704 973 880 1032 δὲκαὶ
929 974 1154 1038 λαϊκοὺς
1207 974 1472 1052 ένέτρεπε,
1523 975 1609 1030 καὶ
1664 974 1902 1049 γυναιξὶν

255 1065 580 1136 ἰπέπληττε,
631 1063 830 1140 λέγων,
891 1067 1031 1139 μήτε
1077 1064 1340 1138 νόμιμον,
1393 1065 1531 1136 μήτε
1579 1061 1726 1126 ὅλως
1755 1062 1901 1117 ὅσιον

255 1159 389 1212 εἶναι
435 1159 618 1212 τοῦτο.
671 1155 770 1210 Καὶ
823 1156 926 1232 γὰρ
973 1155 1041 1209 τὰ
1065 1155 1171 1208 τῶν
1204 1157 1558 1230 πατριαρχῶν
1585 1152 1674 1207 καὶ
1706 1154 1772 1207 τά
1794 1157 1900 1206 τῶν

255 1249 550 1323 προφητῶν
599 1244 828 1318 σώματα
873 1244 1039 1319 μέχρι
1087 1248 1178 1298 νῦν
1225 1245 1451 1312 σώζεται
1503 1242 1577 1304 εἰς
1623 1243 1898 1315 μνήματα·

252 1335 341 1388 καὶ
373 1333 502 1388 αὐτὸ
536 1331 592 1387 δέ
638 1333 698 1387 τὸ
726 1337 823 1388 τοῦ
855 1333 1056 1408 Κυρίου
1089 1337 1249 1406 σῶμα
1281 1333 1355 1395 εἷς
1402 1337 1669 1407 μνημεῖον
1722 1331 1900 1401 ἐτέθη,

255 1421 406 1487 λίθος
458 1443 515 1478 τε
570 1423 832 1486 ἰπιτεθείς
883 1418 1110 1499 ἔκρυψεν
1161 1421 1326 1492 αὐτὸ,
1378 1419 1482 1484 ἕως
1532 1421 1724 1492 ἀνέστη
1783 1441 1900 1496 τρι-

253 1513 482 1587 ήμερον.
533 1511 632 1566 Καὶ
679 1516 846 1567 ταῦτα
903 1509 1098 1588 λέγων,
1150 1508 1389 1566 ιδείκνυε
1436 1515 1770 1585 παρανομεῖν
1807 1512 1898 1565 τὸν

255 1601 390 1674 μετὰ
443 1601 667 1655 θάνατον
723 1602 798 1674 μή
850 1600 1160 1677 κρύπτοντα
1199 1621 1268 1655 τα
1316 1599 1542 1674 σώματα
1579 1604 1686 1654 τῶν
1714 1595 1900 1654 τελευ-

250 1688 492 1758 τώντων,
525 1686 621 1744 κᾶν
656 1691 779 1765 ἅγια
822 1691 1092 1766 τυγχάνῃ.
1145 1688 1211 1746 Τί
1263 1690 1364 1766 γὰρ
1418 1693 1600 1763 μεῖζον
1651 1687 1687 1758 ἢ
1733 1689 1902 1764 ἁγιώ-

251 1798 402 1854 τερον
435 1782 532 1832 τοῦ
564 1783 834 1856 Κυριακοῦ
885 1777 1142 1854 σώματος
1169 1796 1182 1849 ;
1235 1775 1447 1834 Πολλοὶ
1493 1778 1606 1851 οὗν,
1639 1777 1902 1832 ἀκούσαν-

250 1888 358 1935 τες,
407 1863 640 1944 ἔκρυψαν
694 1867 798 1923 ὑπὸ
848 1875 954 1944 γῆν
1008 1867 1228 1939 λοιπὸν,
1274 1869 1362 1922 καὶ
1412 1866 1780 1943 ηὐχαρίστουν
1821 1871 1902 1940 τῷ

254 1957 458 2030 Κυρίῳ,
491 1953 676 2018 καλῶς
707 1954 1055 2032 διδαχθέντες
1067 2001 1078 2014 .

323 2140 412 2194 91.
448 2137 623 2202 Αὐτὸς
654 2135 730 2211 δὶ,
757 2141 920 2193 τοῦτο
949 2138 1250 2213 γινώσκων,
1281 2139 1370 2192 καὶ
1425 2132 1766 2216 φοϐούμενος
1820 2137 1898 2210 μὴ

251 2228 340 2282 καὶ
370 2227 433 2282 τὸ
481 2226 646 2282 αὐτοῦ
692 2229 996 2298 ποιήσωσιν
1053 2226 1226 2288 οὕτως
1277 2230 1457 2299 σῶμα,
1503 2223 1718 2297 ἤπειξεν
1771 2225 1897 2280 ἑαυ-

249 2318 364 2389 τὸν,
416 2315 810 2388 συνταξάμενος
867 2320 982 2378 τοῖς
1043 2314 1094 2370 έν
1154 2320 1232 2388 τῷ
1283 2310 1384 2386 ἔξω
1433 2310 1546 2390 ὄρει
1605 2319 1896 2390 μοναχοῖς’

250 2405 338 2461 καὶ
369 2405 628 2470 εἰσελθὼν
662 2406 736 2468 εἰς
767 2405 830 2460 τὸ
861 2402 1011 2460 ἔνδον
1045 2400 1172 2482 ὅρος
1201 2407 1338 2478 (15),
1392 2403 1516 2469 ἔνθα
1572 2405 1670 2459 καὶ
1723 2405 1900 2478 μένειν

253 2495 453 2563 εἶώθει,
517 2493 652 2568 μετᾶ
699 2501 873 2568 μῆνας
921 2492 1141 2569 ὀλίγους
1189 2493 1411 2564 ἐνόσησε
1445 2512 1456 2522 ·
1523 2492 1612 2547 καὶ
1671 2491 1898 2549 καλέσα-

251 2582 378 2645 τοὺς
411 2578 664 2645 συνόντας
711 2581 858 2655 αὐτῷ
907 2580 1026 2656 (δύο
1076 2582 1134 2637 δὶ
1182 2585 1337 2654 ἦσαν,
1384 2579 1581 2644 οἷίιτινες
1629 2583 1717 2636 καὶ
1751 2578 1898 2654 ἔμεις

255 2693 345 2728 ναν
374 2668 548 2742 ἔνδον,
609 2669 735 2727 δέκα
791 2672 880 2726 καὶ
939 2671 1097 2727 πέντε
1136 2667 1230 2743 ἔτη
1262 2671 1610 2745 ἀσκούμενοι,
1656 2670 1745 2726 καὶ
1799 2671 1899 2726 ὐπ-

255 2767 573 2836 ηρετοῦντες
607 2761 754 2834 αύτῷ
800 2758 888 2815 διὰ
936 2761 1000 2816 τὸ
1056 2763 1271 2838 γῆρας),
1331 2755 1484 2835 ἔλεγε
1513 2761 1649 2835 πρὸς
1682 2759 1897 2822 αὐτούς⁸

258 2851 402 2926 Ἐγὼ
436 2851 556 2924 μὲν,
589 2851 662 2912 ὡς
710 2851 1033 2926 γέγραπται,
1082 2852 1185 2920 τήν
1235 2847 1358 2905 ὁδὸν
1383 2854 1490 2904 τῶν
1523 2849 1766 2923 πατέρων
1799 2870 1899 2903 πο·

260 2940 508 3017 ρεύομαι·
544 2941 657 3016 ὁρῶ
695 2940 794 3015 γὰρ
846 2939 1078 3013 ἐμαυτὸν
1123 2936 1464 3012 καλούμενον
1512 2938 1616 2993 ὑπὸ
1662 2942 1758 2992 τοῦ
1803 2945 1902 2992 Κυ-

261 3027 398 3104 ρίου·
435 3030 592 3102 ύμεῖς
653 3025 711 3083 δὲ
757 3030 974 3106 νήφετε,
1026 3028 1116 3084 καὶ
1173 3029 1272 3098 τὴν
1325 3025 1697 3104 πολυχρόνιοι.
1747 3028 1899 3100 ὑμῶν

260 3114 484 3190 ἄσκησιν
516 3119 592 3192 μὴ
625 3116 949 3188 ἀπολέσητε’
1000 3114 1129 3173 ἀλλ’
1175 3117 1249 3179 ὡς
1291 3121 1381 3172 νῦν
1431 3118 1612 3194 ἀρχὴν
1661 3111 1902 3192 ἔχοντες,

259 3204 593 3262 σπουδάσατε
647 3212 835 3284 τηρεῖν
884 3208 983 3276 τὴν
1044 3204 1352 3282 προθυμίαν
1410 3207 1652 3261 ἑαυτῶν.
1713 3203 1904 3260 Οἴδατε

254 3296 381 3360 τοὺς
441 3291 895 3358 ἆπιϐουλεύοντας
956 3292 1256 3369 δαίμονας,
1316 3291 1500 3350 οἷ’δακε
1546 3299 1664 3356 πῶς
1723 3293 1902 3370 ἄγριοι

260 3387 355 3460 μὶν
386 3385 543 3456 εἰσὶν,
575 3386 814 3449 ἀσθενεῖς
850 3382 906 3439 δὲ
936 3388 1004 3458 τῇ
1037 3381 1283 3457 δυνάμει.
1336 3386 1429 3453 Μὴ
1481 3382 1573 3438 οὖν
1620 3379 1905 3462 φοϐηφῆτε
1935 3371 1978 3438 C

255 3475 470 3546 αὐτοὺς,
503 3473 650 3530 ἀλλᾶ
688 3473 900 3548 μᾶλλον
927 3475 1019 3530 τὸν
1051 3475 1276 3547 Χριστὸν
1327 3473 1407 3528 ἀεὶ
1454 3473 1761 3544 ἀναποέετε,
1811 3474 1900 3528 καί

253 3564 432 3637 τούτῳ
488 3564 782 3619 πιστεύετε·
839 3563 929 3618 καὶ
979 3564 1054 3625 ὡς
1097 3565 1215 3627 καθ’
1264 3563 1472 3637 ἡμέραν
1523 3563 1900 3634 ἀποθνήσκον-

251 3673 339 3716 τες
373 3655 588 3724 ζήσατε,
639 3652 1000 3728 προσέχοντες
1045 3653 1276 3723 έαυτοῖς,
1324 3651 1413 3705 καὶ
1467 3651 1899 3724 μνημονεύοντες

254 3745 328 3797 ὧν
387 3741 655 3812 ἠκούσατε
701 3743 828 3816 παρ’
878 3739 1013 3814 ἐμοῦ
1057 3742 1440 3816 παραινέσεως.
1496 3740 1594 3794 Καὶ
1655 3737 1900 3814 μηδεμία

252 3830 390 3888 ἔστω
452 3832 581 3905 ύμῖν
629 3831 888 3885 κοινωνία
933 3830 1068 3905 πρὸς
1118 3829 1246 3891 τοὺς
1302 3829 1719 3906 σχισματικοὺς,
1769 3831 1898 3902 μήθ’

250 3920 396 3984 ὅλως
438 3922 574 3997 πρὸς
635 3919 762 3982 τοὺς
815 3917 1120 3994 αἱρετικοὺς
1175 3918 1508 3993 ’Δρειανούς.
1558 3915 1747 3973 Οἴδατε
1793 3919 1895 3994 γὰρ

2017 709 2246 766 lectulis
2277 727 2690 784 superponere,
2717 713 2874 769 690
2905 717 2963 769 et
3005 714 3159 784 apud
3193 730 3320 771 sese
3351 715 3514 771 intus
3544 731 3669 771 ser-

2013 799 2322 856 vare:rati
2368 800 2424 854 id
2454 801 2572 856 vita
2634 801 2850 858 functis
2907 818 3038 858 esse
3097 802 3324 861 honori.
3380 806 3668 861 Antonius

2012 895 2205 944 autem
2266 887 2495 960 plerum
2558 895 2791 963 rogarat
2852 892 3181 968 episcopos,
3243 896 3408 948 utea
3480 894 3549 948 de
3607 909 3669 949 re

2015 981 2265 1048 populos
2299 982 2640 1033 monerent:
2678 979 3063 1051 similiterque
3086 980 3262 1036 laicos
3296 982 3517 1052 pudore
3547 983 3669 1037 afﬁ-

2014 1065 2227 1132 ciebat,
2261 1065 2654 1138 mulieresque
2685 1068 3052 1139 objurgabet,
3108 1069 3272 1125 aiens
3312 1085 3418 1125 nec
3467 1069 3663 1141 legiti-

2014 1169 2176 1210 mum
2210 1170 2314 1211 nec
2345 1160 2613 1211 sanctum
2648 1155 2793 1212 illud
2816 1173 2964 1214 esse.
2999 1158 3142 1213 Nam
3199 1159 3662 1230 patriarcharum

2012 1247 2070 1298 et
2102 1243 2514 1316 prophetarum
2539 1261 2782 1317 corpora
2830 1246 3114 1303 hactenus
3141 1247 3200 1302 in
3262 1249 3661 1305 monumentis

2012 1332 2661 1406 servantur:ipsumque
2692 1335 2925 1390 Domini
2949 1352 3163 1407 corpus
3192 1337 3250 1391 in
3313 1354 3660 1394 monumen-

2008 1425 2066 1476 to
2101 1421 2208 1476 fuit
2237 1423 2571 1494 depositum
2601 1424 2665 1494 ²²,
2697 1423 3131 1495 impositusque
3180 1425 3292 1496 ipsi
3348 1425 3499 1498 lapis
3544 1443 3662 1499 quo

2011 1511 2338 1582 opereritur
2369 1512 2434 1578 ’3,
2469 1513 2652 1567 donec
2698 1513 2877 1568 tertia
2905 1513 3000 1568 die
3054 1518 3406 1586 resurgeret.
3439 1515 3662 1587 Hisque

2008 1601 2204 1656 verbis
2234 1601 2678 1657 demonstrabat
2708 1603 3070 1674 praevaricari
3103 1618 3262 1668 eum,
3319 1604 3416 1674 qui
3449 1605 3662 1659 defun-

2009 1693 2234 1744 ctorum
2267 1706 2509 1763 corpora
2539 1707 2654 1746 non
2683 1691 3083 1759 absconderet,
3115 1692 3388 1764 quamvis
3457 1698 3664 1751 sancta

2009 1783 2224 1835 essent.
2257 1779 2403 1844 Quid
2441 1780 2632 1852 majus
2663 1780 2819 1836 enim
2854 1785 2910 1836 et
2929 1781 3196 1838 sanctius
3248 1799 3490 1856 corpore
3549 1783 3662 1839 Do-

2011 1869 2272 1924 minico?
2301 1867 2524 1933 Quibus
2549 1869 2790 1940 auditis,
2820 1869 2991 1926 multi
3032 1871 3308 1944 deinceps
3361 1873 3471 1929 sub
3505 1877 3659 1930 terra

2010 1957 2398 2030 occultarunt,
2448 1961 2505 2014 et
2551 1958 2792 2015 Domino
2838 1974 3007 2032 egere
3053 1959 3295 2033 gratias,
3328 1963 3482 2034 quod
3538 1967 3655 2021 tam

2009 2047 2188 2120 probe
2217 2046 2406 2102 edocti
2429 2051 2644 2103 essent.

2078 2135 2168 2191 91.
2201 2134 2306 2192 Ille
2333 2152 2465 2192 vero
2488 2135 2894 2208 hujuscemodi
2925 2139 3367 2196 consuetudinis
3410 2156 3652 2212 gnarus,

2010 2229 2398 2298 metuensque
2455 2242 2526 2282 ne
2554 2242 2661 2282 suo
2711 2226 2939 2298 corpori
2986 2226 3247 2301 idipsum
3288 2233 3653 2304 praestarent,

2009 2315 2287 2372 salutatis
2321 2315 2626 2372 monachis
2653 2315 2754 2389 qui
2788 2317 2845 2372 in
2879 2318 3162 2374 exteriore
3206 2322 3374 2376 erant
3433 2324 3654 2392 monte,

2008 2405 2506 2478 ingressusquein
2538 2405 2878 2461 interiorem
2932 2411 3214 2479 montem,
3273 2408 3371 2464 ubi
3425 2426 3659 2466 manere

2010 2494 2217 2551 solitus
2246 2499 2530 2566 erat,post
2561 2510 2795 2550 menses
2817 2511 3035 2567 paucos
3059 2496 3114 2551 in
3141 2497 3656 2556 morbumincidit:

2008 2584 2349 2656 vocatisque
2383 2583 2452 2638 iis
2515 2583 2607 2654 qui
2670 2600 2868 2639 secum
2929 2589 3097 2641 erant
3128 2587 3376 2656 (duobus
3414 2587 3659 2654 scilicet,

2011 2673 2112 2746 qui
2144 2673 2306 2728 intus
2340 2678 2763 2742 remanserant,
2798 2690 2899 2747 per
2929 2674 3262 2747 quindecim
3289 2693 3475 2732 annos
3506 2695 3663 2734 asce-

2011 2763 2187 2818 ticam
2221 2766 2478 2834 agentes,
2514 2766 2689 2834 atque
2718 2763 2791 2818 ob
2814 2768 3175 2820 senectutem
3211 2764 3294 2820 illi
3327 2765 3663 2822 ministran-

2011 2854 2144 2925 tes),
2167 2853 2250 2910 ait
2281 2853 2434 2909 illis:
2468 2855 2848 2926 Equidem,ut
2877 2856 3161 2927 scriptum
3194 2861 3283 2912 est
3311 2857 3536 2924 ",viam
3572 2858 3660 2913 in-

2013 2943 2246 3015 gredior
2270 2944 2505 2999 Patrum
2534 2943 2736 3012 ;video
2768 2943 2922 3000 enim
2949 2960 2983 2999 a
3009 2945 3260 3001 Domino
3293 2962 3384 3000 me
3441 2947 3657 3003 vocari.

2010 3032 2126 3088 Vos
2157 3036 2353 3088 autem
2398 3031 2654 3105 vigilate,
2706 3048 2770 3088 ac
2824 3033 3173 3089 diutissime:
3223 3036 3660 3093 exercitationis

2011 3125 2213 3178 vestras
2248 3121 2502 3176 fructum
2536 3137 2606 3176 ne
2640 3120 3092 3193 perditotezsed
3143 3123 3310 3194 quasi
3349 3125 3474 3195 jam
3530 3126 3659 3198 ejus

2014 3209 2251 3265 initium
2281 3211 2595 3282 poneretis:
2630 3215 2827 3266 curate
2856 3216 3111 3268 vestram
3144 3213 3394 3270 retinere
3451 3214 3658 3270 alacri-

2017 3299 2418 3355 tatem.Nustis
2443 3299 2816 3356 insidiatores
2845 3300 3349 3373 daemones,quam
3383 3303 3504 3358 sint
3534 3308 3660 3358 tru-

2017 3403 2112 3443 ces
2145 3389 2405 3460 quidem,
2441 3389 2542 3443 sed
2574 3387 2795 3444 viribus
2826 3388 3216 3445 imbecilli.Ne
3245 3390 3446 3463 itaque
3463 3391 3662 3447 timete

2013 3475 2145 3532 illos
2179 3494 2190 3531 :
2227 3478 2327 3532 sed
2353 3476 2647 3532 Christum
2682 3493 2914 3549 semper
2946 3479 3248 3550 respirate,
3282 3479 3512 3552 ipsique
3537 3497 3662 3536 cre-

2012 3565 2132 3620 dite
2158 3585 2169 3621 :
2197 3583 2259 3621 ac
2293 3565 2448 3621 velut
2494 3565 2754 3638 quotidie
2789 3566 3055 3622 morituri
3117 3567 3323 3623 vivite:
3376 3569 3661 3642 vobisque

2011 3655 2156 3726 ipsis
2204 3655 2507 3722 attendite,
2557 3671 2844 3710 memores
2916 3673 3176 3711 mearum
3227 3675 3375 3729 quas
3441 3659 3662 3715 auditis

2011 3744 2487 3816 praeceptionum.
2535 3742 2706 3798 Nulla
2739 3744 2902 3799 vobis
2933 3745 3010 3800 sit
3037 3747 3494 3801 communicatio
3525 3765 3658 3803 cum

2009 3831 2428 3899 schismaticis,
2457 3836 2558 3886 aut
2588 3849 2828 3903 prorsus
2877 3850 3009 3887 cum
3052 3834 3342 3890 haereticis
3399 3835 3657 3891 Arianis.

2007 3919 2203 3976 Nostis
2249 3920 2405 3975 enim
2457 3919 2557 3992 qui
2615 3919 2748 3975 illos
2794 3937 2900 3993 ego
2944 3921 3332 3990 confutarem,
3389 3924 3462 3978 ob
3485 3939 3654 3980 suam

1663 4037 1918 4094 VERSIO
1946 4037 2239 4094 EVAGBII

243 4139 494 4198 lectulos
524 4137 684 4193 domi
712 4137 903 4209 posita
932 4152 1246 4192 reservare.
1282 4137 1446 4192 Hunc
1477 4137 1754 4192 honorem
1777 4137 2220 4208 quiescentibus
2253 4136 2438 4209 reddi,
2471 4136 2801 4209 inveterata:
2822 4137 3234 4193 consuetudini
3260 4138 3488 4195 vanitas
3527 4143 3651 4196 tra-

246 4213 420 4292 didit.
456 4210 666 4292 thoe
697 4207 980 4292 Antonius
1007 4224 1160 4292 saepe
1189 4213 1247 4264 et
1267 4209 1570 4292 episcopos
1593 4207 1938 4290 deprecatus
1968 4214 2168 4292 astant
2216 4207 2464 4292 populos
2495 4208 2889 4292 ecclesiastica
2931 4209 3353 4292 contestatione
3400 4211 3653 4292 corrige-

246 4288 415 4342 rent:
447 4287 505 4338 et
525 4281 705 4355 laicos
735 4280 890 4338 viros
919 4279 1291 4355 aemulieres
1322 4279 1724 4355 rigidiusipse
1751 4283 2047 4355 convenit,
2076 4279 2316 4335 dicens}
2352 4279 2465 4355 Nec
2497 4279 2823 4354 legitimum
2847 4280 3118 4355 hocesse,
3177 4297 3282 4355 nec
3307 4281 3423 4338 Deo
3468 4279 3652 4355 placi-

248 4363 381 4436 tum
409 4373 422 4423 ;
456 4353 674 4436 quippe
705 4370 836 4436 cum
864 4351 1326 4436 patriarcharum
1361 4351 1418 4435 et
1437 4352 1853 4436 prophetarum
1887 4353 2334 4436 sepulcro,.quaa
2366 4351 2796 4436 adposuitque
2820 4353 3158 4436 perdurant,
3192 4353 3312 4436 haec
3342 4351 3655 4436 taetaem-

249 4423 580 4482 vinoere'ntI
604 4423 893 4482 Dominici
926 4439 1161 4496 quoque
1183 4424 1444 4497 corporis
1501 4423 1833 4497 eiemplum
1867 4423 2133 4495 opertere
2177 4423 2391 4497 intueri
2433 4423 2702 4497 jubebat,
2756 4425 3000 4497 quodin
3052 4425 3319 4497 sepulcro
3376 4428 3654 4497 positum,

251 4499 684 4583 lapide,.usque
704 4499 777 4582 ad
798 4494 1245 4583 resurrectionis
1273 4495 1427 4550 diem
1459 4497 1719 4583 tertium,
1751 4494 2017 4583 clausum
2049 4495 2482 4583 fueritAAtque
2506 4494 2608 4583 Bhis
2657 4495 2847 4583 modis
2877 4496 3082 4583 vitium
3141 4496 3294 4552 circa
3348 4494 3656 4583 defunctos

250 4566 505 4654 @gypti,
536 4566 768 4654 etiamsi
792 4575 998 4654 sancta
1025 4573 1225 4654 essent
1250 4582 1513 4654 corpora,
1545 4568 1918 4654 coarguebat,
1949 4567 2152 4622 dicens
2173 4583 2192 4654 ε
2230 4566 2378 4654 Quid
2397 4566 2598 4654 imaj‘us
2619 4572 2722 4622 aut
2750 4568 3284 4654 sapcti‘usncorpore
3307 4575 3497 4640 potest
3525 4587 3654 4654 esse

254 4637 579 4722 Dovminico,
608 4641 957 4722 quedjuxta
987 4637 1474 4722 consuetudinem
1508 4637 1770 4722 gentium
1803 4644 2141 4722 ceterarum
2163 4637 2357 4722 ‘bumo
2387 4638 2688 4722 conditum
2710 4643 2799 4694 est
2821 4640 2981 4722 {(13)
3008 4637 3326 4722 Haecjuxta
3357 4642 3658 4722 persuasio

253 4713 578 4770 multorum
606 4710 852 4770 insitum
883 4711 1079 4770 evellit
1105 4727 1381 4781 errorem,
1414 4715 1471 4766 et
1499 4710 1773 4783 repositis
1802 4711 1860 4765 in
1891 4716 2046 4766 terra
2075 4710 2728 4776 cadaveribus,Domino
2743 4710 2962 4784 gratias
2993 4728 3096 4783 pro
3122 4712 3274 4768 bono
3320 4710 3658 4785 magisterio

250 4785 602 4843 retulerunt.

324 4858 414 4911 91.
448 4857 711 4911 Metuens
732 4870 865 4926 ergo
895 4853 1376 4926 consuetudinem
1409 4852 1835 4926 supradictam,
1871 4869 1940 4907 ne
1971 4853 2176 4926 eodem
2200 4852 2378 4926 etiam
2398 4851 2552 4926 circa
2587 4867 2648 4907 se
2699 4851 3295 4926 laberentur_errore,
3353 4853 3661 4910 celebriter

252 4927 585 4984 valedicens
614 4923 940 4990 monachis,
973 4929 1069 4995 qui
1104 4923 1526 4989 conﬂuxerant,
1559 4925 1631 4979 ad
1666 4925 1922 4996 amicum
1952 4924 2186 4980 virtutis
2243 4923 2644 4996 habitaculum
2685 4923 2996 4996 repedavit.
3036 4924 3171 4979 Post
3203 4941 3431 4980 menses
3461 4930 3658 4981 autem

253 5013 498 5083 paucos,
533 5013 666 5083 cum
700 4997 992 5083 mediocre
1023 4998 1134 5067 (14)
1166 4997 1607 5083 incommodum
1640 4995 1844 5083 seu'i‘lia
1875 4998 2137 5083 membra
2158 4995 2474 5083 turbasset,
2498 4996 2728 5083 .vopp‘tis
2754 4995 2827 5082 ad
2860 5013 2922 5050 se
2943 4996 3174 5083 duobus
3201 4997 3660 5083 fratribusﬂuos

254 5067 477 5127 ibidem
513 5074 646 5123 ante
675 5068 1008 5137 quindecim
1037 5084 1223 5123 annos
1250 5067 1477 5122 modico
1511 5067 1810 5123 intervallo
1841 5069 2139 5138 sejunctos
2170 5068 2518 5122 instituebat
2547 5067 2679 5135 (45),
2712 5071 2928 5139 quique
2958 5067 3133 5122 etiam
3166 5067 3215 5121 ei
3241 5069 3365 5136 jam
3398 5067 3660 5124 seni—cm-

254 5139 856 5228 peranbmiri‘istrare,
889 5140 989 5194 ait:
1035 5139 1442 5228 .Ego‘q‘uidem,
1478 5139 1691 5222 ﬁlipliu
1719 5139 2334 5228 secundumueloq‘uia
2379 5139 2834 5222 Scripturarum,
2885 5143 3118 5228 Patrum
3167 5139 3402 5209 gradior
3468 5142 3660 5228 viam:

245 5210 377 5286 jam
401 5210 886 5286 eni_m_D_ominus
910 5226 1002 5265 me
1031 5211 1407 5286 invitat,jam
1442 5212 1612 5286 cupio
1644 5211 2157 5286 videre__cc_elestia.
2211 5210 2321 5286 sed
2354 5227 2475 5276 vos;
2510 5210 2792 5286 oviseera
2839 5228 2988 5286 mea,
3045 5211 3353 5286 admoneo,
3400 5229 3472 5286 ne
3510 5212 3662 5269 tanti

258 5281 544 5357 temporis
573 5281 832 5357 laborem
863 5285 1101 5353 repente
1130 5281 1406 5357 perdatis3
1441 5281 1622 5357 Hodie
1651 5299 1753 5338 vos
1775 5283 2124 5357 religiosum
2148 5282 2409 5357 studium
2443 5281 2760 5357 arripuisse
2777 5281 3165 5357 arbitramini,
3189 5286 3246 5336 et
3271 5284 3439 5357 quasi
3463 5290 3662 5356 emptae

257 5353 546 5414 voluntati
580 5355 858 5410 fortitudo
889 5353 1242 5410 succrescat.
1274 5353 1478 5410 Varias
1510 5355 1840 5410 daemonum
1877 5353 2062 5410 nostis
2111 5354 2394 5408 insidias:
2439 5353 2667 5407 vidistis
2707 5370 2906 5408 eorum
2952 5359 3003 5406 et
3050 5354 3306 5424 impetus
3361 5353 3577 5410 feroces
3609 5359 3668 5411 et

257 5431 413 5486 vires
444 5427 828 5486 ell'eminatas.
860 5425 1065 5484 Jesum
1099 5425 1414 5498 suspirate,
1445 5431 1502 5482 et
1530 5426 1936 5483 credulitatem
1961 5426 2219 5482 nominis
2243 5426 2372 5495 ejus
2392 5425 2602 5480 vestris
2623 5425 2783 5495 ﬁgite
2815 5425 3137 5490 mentibus,
3185 5431 3244 5481 et
3272 5443 3307 5481 a
3351 5432 3512 5483 certa
3555 5427 3669 5483 ﬁde

331 5556 379 5590 ²²
405 5558 574 5611 Joan.
608 5571 724 5625 xxx,
757 5553 846 5608 41.
925 5551 972 5586 ’⁸
996 5551 1202 5608 Matth.
1234 5569 1410 5620 nvu,
1442 5569 1533 5623 60.
1613 5551 1659 5586 ³⁸
1685 5555 1864 5608 Josue
1893 5570 1900 5607 ε

2015 5568 2052 5619 ι,
2092 5552 2174 5606 14,

2095 5676 2207 5745 (14)
2241 5676 2329 5730 Ita
2359 5674 2766 5746 manuscripti.
2805 5674 2869 5729 In
2902 5674 3098 5740 editis,
3129 5690 3240 5730 non
3269 5675 3562 5732 mediocre.

2095 5749 2206 5817 (15)
2235 5747 2484 5803 Maxima
2517 5763 2650 5817 pars
2700 5747 3263 5819 manuscriptorum,
3322 5749 3666 5805 instituebat.

2023 5819 2175 5875 Editi
2206 5834 2362 5885 vero,
2393 5820 2732 5875 instituerat.

357 5681 444 5752 12)
476 5680 562 5736 Ita
590 5679 829 5752 quidam
863 5676 1271 5752 manuscripti.
1309 5675 1481 5743 Editi,
1515 5671 1754 5752 ἔνδοθεν.

356 5748 444 5823 13)
470 5753 563 5807 Sic
595 5748 1006 5823 manuscripti.
1063 5748 1212 5805 Editi
1261 5765 1417 5814 vero,
1475 5748 1759 5805 conditum
1801 5759 1914 5800 esse

257 5839 491 5880 scimus.

580 5951 843 6013 Pas-not.
891 5950 1002 6012 Gn.
1049 5948 1267 6010 XXVI.
3276 5947 3350 6006 31
