4074 6384
387 443 500 502 971

937 441 999 501 S.
1051 440 1478 501 ATHANASII
1523 441 1696 500 OPP.
1741 440 1940 501 PARS
1988 440 2034 498 Ι.
2069 471 2144 483 -
2176 439 2593 500 HISTORICA
2640 441 2736 501 ET
2779 439 3263 501 DOGMATICA.

3686 443 3809 503 972

388 573 616 629 Christo
638 572 1030 628 adversariam
1064 574 1284 640 atquea
1313 586 1447 624 vera
1477 570 1745 624 doctrina
1775 570 2026 624 alienam

2145 569 2261 629 πῶς
2320 567 2474 643 κάγὼ
2532 567 2759 630 τούτους
2821 567 3191 644 ἐξετρεπόμην
3248 567 3336 624 διὰ
3363 573 3462 640 τήν
3496 575 3809 647 χριστομά-

392 662 682 717 haeresim.
718 661 777 715 Id
811 664 1100 728 curate,ut
1131 659 1188 712 in
1221 658 1366 712 691
1403 656 1614 730 primis
1645 674 1746 713 vos
1768 657 2044 730 Domino,

393 749 604 807 dehinc
634 747 855 806 sanctis
891 746 1268 820 adiungatis:
1305 751 1369 802 ut
1402 751 1534 818 post
1564 751 1813 802 mortem
1847 763 1947 803 vos
1980 746 2040 802 in

395 836 1024 907 mternatabernacula,
1083 836 1249 907 quasi
1309 835 1527 891 amicos
1584 840 1870 908 notosque
1927 836 2040 891 sibi

395 927 839 1000 recipiant.Ha:c
870 925 1287 999 cogitetis,hasc
1319 924 1672 980 sentiatiszet
1704 924 1753 980 si
1786 941 1904 996 qua
1926 925 2040 981 mei

391 1017 558 1073 vobis
592 1033 732 1072 cura
762 1015 923 1085 sit,et
951 1013 1065 1070 mei
1096 1018 1378 1086 tanquam
1415 1013 1595 1086 patris
1628 1014 2037 1079 recordamini,

391 1120 603 1177 corpus
635 1120 834 1161 meum
858 1105 916 1159 in
949 1105 1261 1176 [Egyptum
1293 1104 1598 1159 transferri
1622 1119 1691 1158 ne
1709 1103 2036 1174 patiamini.

391 1211 462 1251 ne
493 1195 552 1250 in
581 1195 856 1251 domibus
887 1194 1218 1267 deponant:
1255 1193 1364 1248 hac
1394 1192 1612 1264 quippe
1643 1192 1714 1247 de
1757 1208 1937 1247 causa
1980 1192 2035 1244 in

389 1289 649 1341 montem
684 1301 778 1340 me
809 1283 1233 1355 contuli,atque
1257 1283 1368 1337 huc
1393 1280 1832 1338 recessit.Scitis
1851 1299 2031 1353 quan-

384 1379 513 1429 tum
544 1389 644 1430 eos
675 1391 910 1446 semper
932 1371 1265 1444 objurgavit
1296 1371 1395 1442 qui
1429 1371 1550 1425 haec
1573 1375 1836 1442 agerent,
1896 1388 2036 1442 prae-

382 1463 622 1536 cepique
653 1468 718 1517 ut
738 1464 866 1534 ejus
890 1460 1332 1516 consuetudinis
1355 1460 1529 1514 tinem
1556 1459 2033 1514 facerent.Meum

383 1553 579 1623 itaque
611 1567 825 1623 corpus
859 1552 1116 1618 humata,
1147 1555 1417 1619 terraque
1446 1549 1736 1618 contegite
1768 1563 1780 1601 ε
1839 1564 2034 1602 meus-

385 1657 498 1713 que
522 1641 616 1695 hic
648 1655 841 1696 sermo
875 1640 1026 1710 apud
1060 1653 1162 1693 vos
1192 1637 1583 1700 custodiatur,
1616 1642 1680 1691 ut
1711 1652 1904 1702 nemo,
1935 1653 2032 1691 vo-

385 1731 477 1786 bis
499 1729 773 1801 exceptis,
797 1728 989 1783 locum
1019 1727 1184 1782 sciat.
1220 1727 1336 1797 Ego
1386 1725 1601 1798 quippe
1649 1726 1705 1780 in
1746 1741 2035 1781 resurrec-

2157 677 2258 732 χον
2307 657 2486 711 αὐτῶν
2553 657 2644 711 καὶ
2691 655 2998 730 ὲτεροδοξον
3072 656 3296 734 α’ίρεσιν.
3347 657 3696 716 Σπουδάσατε
3749 660 3806 717 δὲ

2158 745 2374 818 μᾶλλον
2403 747 2491 800 καὶ
2547 745 2704 819 ὑμεῖς
2746 745 2826 801 ἀεὶ
2884 745 3171 803 συνάπτειν
3223 745 3466 821 ἑαυτοὺς,
3528 769 3809 828 προηγου-

2158 835 2331 908 μένως
2395 836 2489 907 μὶν
2547 839 2626 907 τῷ
2686 835 2893 912 Κυρίῳ,
2951 831 3136 892 ἔπειτα
3193 833 3250 892 δὲ
3299 843 3416 900 τοῖς
3466 838 3662 914 ἁγίοις
3712 837 3805 896 ἵνα

2157 926 2292 997 μετά
2339 925 2559 978 θάνατον
2601 925 2738 999 ὑμᾶς
2770 923 2846 988 εἷς
2877 925 2971 988 τὰς
3002 925 3256 990 αἰωνίους
3303 927 3523 1000 σκηνάς,
3586 929 3659 991 ὡς
3709 927 3800 1008 φί-

2153 1009 2284 1074 λους
2315 1012 2401 1066 καὶ
2454 1012 2790 1091 γνωρίμους,
2847 1011 3099 1084 δὲξῶνται
3149 1016 3235 1070 καὶ
3283 1015 3462 1072 αὐτοί.
3496 1019 3678 1074 Ταῦτα
3703 1017 3800 1074 λο-

2148 1100 2379 1174 γίζεσθε,
2436 1105 2604 1156 ταῦτα
2663 1107 2926 1179 φρονεῖτε·
2979 1101 3068 1157 καὶ
3128 1103 3174 1158 εἰ
3245 1101 3397 1176 μέλει
3468 1103 3596 1177 ὑμῖν
3673 1108 3794 1181 περὶ

2149 1190 2305 1263 ἐμοῦ,
2341 1189 2428 1244 καὶ
2493 1189 2861 1264 μνημονεύετε
2904 1193 2978 1252 ὡς
3030 1193 3154 1268 περὶ
3202 1193 3426 1267 πατρὸς,
3481 1194 3556 1266 μή
3613 1195 3796 1270 ἀφεῖτὲ

2146 1301 2295 1341 τινας
2322 1281 2383 1333 τὸ
2433 1279 2590 1352 σῶμά
2646 1301 2751 1353 μου
2797 1275 2981 1335 λαϐεῖν
3035 1281 3110 1342 εἰς
3163 1278 3459 1357 Αἴγυπτον,
3513 1285 3711 1356 μήπως
3744 1285 3794 1341 ἰν

2145 1375 2261 1430 τοῖς
2319 1365 2489 1423 οἷ’κοιν
2541 1369 2872 1432 ἀπόθωνται’
2919 1369 3115 1425 τούτου
3160 1371 3263 1448 γὰρ
3321 1374 3481 1448 ’χάριν
3543 1371 3796 1443 εῗσῆλθον

2149 1457 2222 1518 εἰς
2252 1458 2313 1512 τὸ
2340 1454 2488 1534 ὅρος,
2521 1457 2611 1511 καὶ
2670 1458 2842 1526 ἦλθον
2894 1455 3019 1516 ὦδε.
3079 1456 3276 1516 Οἴδατε
3325 1457 3382 1514 δὲ
3436 1461 3527 1515 καὶ
3559 1466 3674 1523 πῶς
3716 1463 3795 1518 ἀεὶ

2145 1545 2423 1622 ἐνέτρεπον
2474 1547 2601 1608 τοὺς
2657 1551 2818 1602 τοῦτο
2877 1551 3194 1617 ποιοῦντας,
3256 1550 3344 1602 καὶ
3399 1549 3794 1626 παρήγγελλον

2145 1635 2445 1690 παύσασθαι
2495 1641 2595 1704 τῆς
2655 1635 2912 1706 τοιαύτης
2971 1636 3276 1706 συνηθείας.
3339 1638 3551 1711 Θάψατε
3594 1637 3684 1693 οὖν
3733 1640 3797 1695 τὸ

2146 1723 2409 1798 ἡμέτερον
2463 1725 2638 1797 ὑμεῖς,
2688 1726 2778 1780 καὶ
2833 1725 2936 1780 ὑπὸ
2983 1731 3084 1801 γῆν
3128 1725 3382 1800 κρύψατε·
3415 1727 3506 1782 καὶ
3567 1727 3703 1782 ἔστω
3733 1732 3797 1784 τὸ

384 1820 542 1874 tione
575 1824 941 1873 mortuorum
973 1817 1378 1886 incorruptum
1407 1815 1594 1886 ipsam
1649 1831 1680 1870 a
1736 1814 2026 1870 Salvatore

2145 1815 2270 1887 παρ’
2301 1811 2436 1885 ἐμοῦ
2465 1813 2616 1888 ῥῆμα
2646 1811 3052 1892 φυλαττόμενον
3099 1820 3224 1890 παρ’
3286 1817 3440 1888 ὑμῖν,
3499 1817 3638 1872 ὥστε
3685 1840 3796 1890 μη-

384 1913 727 1979 recepturus
758 1921 913 1961 sum.
940 1905 1068 1960 Mea
1097 1903 1336 1959 dividite
1365 1903 1732 1970 vestimenta,
1784 1903 2032 1959 Athana-

381 1997 584 2066 sioque
615 1995 886 2067 episcopo
921 1993 1192 2049 melotem
1225 1994 1357 2047 date
1407 2008 1606 2057 unam,
1667 1991 2030 2063 palliumque

379 2102 495 2156 quo
526 2084 895 2148 obvolvebar,
919 2083 1072 2154 quod
1107 2097 1320 2137 novum
1355 2081 1428 2134 ab
1460 2081 1586 2151 ipso
1618 2097 1749 2134 cum
1792 2095 2031 2151 accepe-

378 2175 652 2244 rim,jarr.
677 2173 955 2227 detritum
989 2171 1141 2243 apud
1177 2187 1269 2224 me
1299 2175 1424 2224 est:
1459 2169 1700 2224 alteram
1755 2169 2026 2223 melotem

377 2263 680 2334 Serapioni
714 2263 929 2317 tradite
959 2261 1232 2332 episcopo
1268 2276 1280 2312 :
1315 2275 1416 2313 vos
1467 2259 1672 2313 habete
1729 2258 2027 2312 cilicinum

378 2353 811 2408 indumentum.
844 2349 1007 2415 Quod
1040 2349 1333 2418 reliquum
1365 2351 1474 2410 est,
1509 2346 1746 2411 salvete,
1780 2347 2029 2401 ﬁliizAn-

378 2442 575 2495 tonius
607 2440 824 2510 quippe
852 2438 986 2493 hinc
1007 2438 1357 2509 migratmec
1388 2436 1542 2490 ultra
1564 2436 1864 2490 vobiscum
1898 2435 2026 2491 erit.

2147 1899 2268 1956 δὲνα
2297 1902 2579 1978 γινώσκειν
2610 1903 2703 1957 τὸν
2733 1902 3090 1973 τόπον,πλὴν
3122 1904 3274 1976 ὑμῶν
3307 1904 3662 1981 μόνων.Ἐγὼ
3691 1907 3794 1982 γὰρ

2141 1991 2194 2044 ἐν
2224 1995 2292 2064 τῇ
2348 1991 2626 2046 ἀναστάσει
2683 1996 2790 2046 τῶν
2849 1997 3052 2066 νεκρῶν
3096 1992 3464 2067 ἀπολήψομαι
3523 1995 3666 2068 παρά
3696 2000 3796 2050 τοῦ

2142 2086 2400 2154 Σωτῆρος
2453 2079 2719 2157 ἄφθαρτον
2768 2080 2919 2135 αὐτό.
2969 2079 3181 2135 Διέλετε
3214 2079 3272 2136 δι
3306 2103 3408 2154 μου
3439 2082 3505 2137 τὰ
3553 2081 3788 2157 ἐνδύμα-

2137 2187 2222 2222 τα·
2270 2167 2357 2221 καὶ
2391 2167 2690 2241 Ἀθανασίῳ
2755 2169 2848 2240 μὲν
2897 2173 2975 2241 τῷ
3023 2168 3304 2243 ἐπισκόπῳ
3364 2169 3486 2226 δότε
3508 2175 3611 2241 τὴν
3664 2173 3791 2246 μίαν

2143 2256 2432 2329 μηλωτήν,
2484 2259 2570 2312 καὶ
2625 2259 2653 2311 ὃ
2707 2259 3198 2332 ὑπεστρωννυόμην
3252 2261 3496 2333 ἱμάτιον,
3530 2261 3661 2338 ὅπερ
3696 2261 3788 2316 αὖ·

2137 2347 2226 2406 τὸς
2261 2345 2355 2417 μέν
2394 2367 2485 2418 μοι
2535 2348 2720 2400 καινὸν
2766 2343 2989 2414 δέδωκε,
3039 2354 3164 2423 παρ’
3194 2347 3320 2420 ἐμοὶ
3372 2345 3429 2403 δὲ
3470 2347 3790 2406 πεπαλαίω-

2138 2452 2247 2488 ται·
2280 2433 2730 2509 καί“Σαραπίωνι
2781 2432 2838 2489 δὲ
2885 2436 2997 2508 (46)
3055 2441 3134 2509 τῷ
3184 2437 3464 2511 ἔπισκόπῳ
3517 2436 3640 2493 δότε
3686 2442 3788 2509 τήν

380 2527 560 2600 ἒτέραν
597 2525 880 2599 μηλωτήν·
915 2525 1004 2580 καὶ
1039 2526 1193 2597 ὑμεῖς
1227 2521 1378 2597 ἔχετε
1408 2525 1469 2576 τὸ
1518 2523 1763 2598 τρίχινον
1797 2518 2018 2594 ἔνδυμα.
2056 2523 2155 2578 Καὶ
2189 2520 2384 2577 λοιπὸν
2416 2525 2668 2594 σώζεσθε,
2698 2523 2873 2578 τέκναο
2904 2526 2931 2578 ὁ
2962 2526 3063 2600 γὰρ
3098 2527 3393 2588 Ἀντώνιος
3455 2523 3790 2601 μεταϐαίνει,

380 2618 468 2672 καὶ
501 2617 598 2672 οὐκ
627 2611 702 2670 ἔτι
734 2617 848 2688 μεθ’
882 2616 1032 2688 ὑμῶν
1074 2612 1206 2669 ἐστι.

451 2707 542 2762 92.
571 2708 672 2762 His
693 2706 791 2762 ille
821 2705 1336 2776 dictis,postquam
1369 2703 1560 2775 ipsum
1595 2702 1839 2758 osculati
1865 2708 2024 2772 sunt,

381 2796 593 2853 erectis
627 2795 899 2868 pedibus,
933 2809 1000 2849 ac
1031 2792 1197 2864 quasi
1223 2793 1443 2846 amicos
1475 2807 1536 2847 se
1568 2793 1849 2847 adeuntes
1887 2808 2022 2846 con-

378 2885 719 2956 templatus,
755 2898 1077 2952 eorumque
1107 2897 1285 2936 causa
1305 2880 1496 2949 latus,
1533 2897 1664 2936 nam
1723 2882 1864 2935 dum
1925 2881 2023 2936 de-

379 2974 673 3030 cumberet
709 2970 878 3027 hilari
908 2975 1033 3026 erat
1062 2970 1248 3035 vultu,
1281 2969 1582 3040 expiravit,
1625 2975 1680 3024 et
1719 2969 2022 3041 appositus

377 3068 467 3118 est
497 3063 565 3118 ad
601 3066 796 3132 patre
829 3077 988 3116 suos.
1014 3058 1126 3129 Illi,
1161 3059 1660 3131 quemadmodum
1715 3059 2022 3113 mandarat

377 3149 782 3222 ipsis,condito
814 3154 871 3203 et
901 3147 1159 3202 involuto
1191 3146 1604 3217 corpore,illud
1639 3151 1794 3200 terra
1825 3151 2019 3201 conte-

374 3255 530 3304 xere,
558 3253 844 3308 nemoque
871 3237 1155 3292 hactenus
1195 3235 1356 3290 novit
1387 3236 1625 3290 ubinam
1674 3234 1871 3302 lateat,
1904 3234 2020 3289 illis

375 3329 606 3385 duobus
637 3326 1027 3397 exceptis.0ui
1074 3330 1267 3380 autem
1302 3339 1574 3395 accepere
1608 3325 1756 3378 beati
1781 3325 2018 3378 Antonii

377 3422 690 3486 utramque
723 3415 1019 3484 melotem,
1061 3420 1119 3468 et
1174 3415 1451 3468 detritum
1504 3413 1576 3467 ab
1624 3429 1690 3468 eo
1750 3413 2015 3484 pallium.

2207 2703 2296 2756 92.
2333 2705 2518 2758 Ταῦτα
2567 2701 2754 2771 εἷ’πὼν,
2807 2704 2892 2757 καὶ
2951 2703 3342 2776 ἀσπασαμένων
3411 2704 3630 2760 ἐκείνων
3694 2706 3791 2761 αῦ-

2134 2791 2249 2858 τὸν,
2275 2790 2461 2865 ἐξάρας
2493 2790 2620 2853 τοὺς
2647 2788 2840 2859 πόδας,
2885 2792 2974 2846 καὶ
3025 2791 3208 2870 ὣσπερ
3241 2791 3434 2872 φίλους
3485 2795 3626 2868 ὁρῶν
3658 2795 3792 2859 τοὺς

2136 2878 2392 2940 ἐλθόντας
2449 2878 2533 2934 ἐπ’
2582 2880 2766 2949 αὐτὸν,
2815 2881 2904 2935 καὶ
2964 2878 3035 2936 δι’
3064 2881 3259 2944 αὐτοὺς
3285 2886 3591 2958 περιχαρής
3638 2886 3794 2960 γενό-

2139 2989 2318 3041 μενος,
2353 2967 2596 3044 ἐφαίνετο
2628 2970 2730 3043 γὰρ
2764 2969 3107 3042 ἀνακείμενος
3139 2969 3313 3044 ἱλαρῷ
3351 2977 3427 3043 τῷ
3478 2974 3784 3047 προσώπῳ,

2134 3055 2365 3126 ἐξέλιπε,
2421 3057 2509 3111 καὶ
2567 3056 2864 3132 προσετέθη
2924 3059 3057 3130 πρὸς
3106 3058 3235 3121 τοὺς
3287 3061 3539 3136 πατὲρας.
3592 3061 3785 3117 Κάκεῖ-

2131 3166 2210 3199 νοι
2256 3144 2472 3215 λοιπὸν,
2524 3148 2661 3209 καθα
2711 3143 2941 3201 δέδωκεν
2990 3146 3173 3209 αὐτοῖς
3221 3147 3467 3219 ἐντολὰς,
3520 3150 3783 3224 θάψαντες

2130 3235 2219 3288 καὶ
2279 3233 2591 3304 εἱλίξαντες,
2650 3233 2883 3309 ἔκρυψαν
2939 3235 3040 3290 ὑπὸ
3095 3243 3196 3310 γῆν
3256 3237 3419 3292 αὐτοῦ
3474 3241 3536 3293 τὸ
3597 3245 3781 3314 σῶμα,

2131 3323 2219 3376 καὶ
2280 3320 2459 3386 οὐδεὶς
2507 3320 2621 3377 οἶδε
2666 3325 2822 3390 τέως,
2877 3327 2982 3378 ποῦ
3032 3325 3350 3400 κέκρυπται,
3395 3326 3540 3395 πλὴν
3594 3329 3779 3400 μόνων

2133 3412 2307 3466 αὐτῶν
2337 3417 2444 3466 τῶν
2506 3409 2621 3468 δύο.
2676 3414 2770 3466 Καὶ
2822 3417 2930 3466 τῶν
2985 3408 3262 3469 λαϐόντων
3311 3413 3368 3470 δὲ
3412 3412 3637 3480 ἕκαστος
3667 3421 3780 3492 (17)

374 3505 544 3578 quasi
574 3520 664 3560 res
696 3503 892 3575 magni
919 3503 1087 3574 pretii
1119 3503 1291 3557 ambo
1321 3501 1420 3557 illa
1451 3502 1816 3566 custodiunt,
1849 3508 2020 3573 atque

2145 3502 2225 3570 τὴν
2263 3499 2530 3573 μηλωτήν
2562 3505 2658 3555 τοῦ
2688 3501 2955 3576 μακαρίου
2988 3504 3308 3573 Ἀντωνίου,
3339 3503 3428 3559 καὶ
3458 3505 3520 3558 τὸ
3549 3526 3781 3581 τετριμ-

1787 3735 2040 3791 VERSlO
2079 3735 2366 3792 EVAGBII

371 3907 623 3966 universi
643 3907 934 3962 daemones
970 3904 1348 3976 fugabuntur.
1384 3904 1734 3960 Mementote
1755 3905 1930 3960 etiam
1971 3903 2444 3976 admonitionum
2493 3907 2844 3976 mearumret
2901 3905 3132 3961 incerte
3183 3906 3537 3964 conditionis
3595 3909 3777 3968 vitam

372 3979 628 4053 quotidie
661 3978 971 4053 ancipitem
1007 3975 1332 4043 retractate,
1381 3976 1719 4053 et__occleste
1760 3977 1921 4031 vobis
1961 3977 2265 4053 praemium
2311 3975 2438 4053 sine
2486 3975 2856 4053 cunctamine
2893 3977 3204 4053 tribueturf
3249 3978 3774 4039 Schismaticorum

371 4047 606 4123 quoque
636 4055 693 4106 et
722 4047 1127 4123 haereticorum
1157 4063 1376 4123 venena
1406 4047 1628 4123 vitate},
1649 4047 2142 4123 meumqne’circa
2172 4064 2270 4103 eos
2300 4048 2499 4123 odium
2531 4047 2859 4123 sectamini,
2894 4049 3051 4123 quia
3070 4049 3284 4106 Christi
3328 4057 3468 4106 sunt
3523 4052 3772 4111 inimici.

370 4118 544 4180 Scitis
568 4125 702 4193 ipsi,
735 4122 888 4193 quod
921 4121 1121 4176 nullus
1155 4120 1299 4193 mihi
1330 4135 1436 4174 nec
1467 4121 1744 4193 pacificus
1770 4121 2006 4193 quidem
2039 4136 2231 4193 sermo
2255 4135 2390 4174 cum
2421 4118 2507 4175 eis
2536 4118 2851 4193 aliquando
2885 4118 3088 4193 fuerit,
3105 4127 3340 4193 propter
3388 4139 3620 4193 pravam
3681 4141 3774 4181 eo-

367 4213 499 4252 rum
527 4190 910 4267 voluntatem,
943 4199 999 4247 et
1029 4192 1292 4264 pertinax
1322 4190 1527 4247 contra
1555 4191 1850 4267 Christum
1882 4191 2189 4267 bellum.In
2222 4190 2331 4267 hoc
2361 4199 2557 4267 autem
2590 4192 2778 4263 magis
2799 4197 2982 4267 estote
3011 4190 3342 4260 solliciti,ut
3368 4190 3602 4251 Domini
3625 4213 3772 4267 prae-

367 4273 532 4340 cepta
562 4265 905 4340 servetis.ut
936 4263 1065 4340 post
1091 4269 1338 4340 mortem
1371 4268 1621 4340 vestram
1647 4263 1829 4318 sancti
1855 4263 2088 4340 quippe,
2121 4264 2290 4340 quasi
2324 4264 2540 4340 amicos
2565 4268 2628 4340 et
2656 4267 2846 4329 notos,
2878 4264 2934 4340 in
2965 4270 3204 4331 aeterna,
3236 4281 3337 4340 vos
3369 4263 3654 4340 recipiant
3689 4273 3775 4326 ta-

365 4334 700 4395 bernacula.
725 4341 852 4391 Haec
883 4334 1152 4408 cogitate,
1186 4335 1305 4390 haec
1335 4335 1541 4409 sapite,
1578 4334 2015 4409 hecretexite;
2035 4340 2092 4390 et
2121 4335 2167 4390 si
2202 4352 2318 4406 qua
2351 4335 2461 4390 mei
2489 4334 2655 4409 vobis
2685 4351 2844 4409 cura,
2879 4335 2938 4409 si
2968 4353 3085 4408 qua
3115 4336 3299 4409 patris
3332 4334 3614 4395 memoria
3655 4345 3750 4396 est

367 4386 434 4465 siv
448 4410 585 4488 mihi
611 4409 890 4488 vicarium
917 4386 1269 4488 rgpreestatis
1291 4386 1606 4488 ait
1621 4386 2188 4488 nul-luis—adi/Eg‘y—p‘tu
2201 4386 3298 4488 ἆῖἇιόὶέρέὲῐθῖειῐιὶῖῇεῗνῖἑιό
3316 4386 3772 4482 cEFﬁB's’ﬁBnB'i-Z

364 4485 658 4555 servetur,
677 4495 749 4535 ne
779 4479 1108 4551 vituperati,
1139 4485 1202 4534 ut
1235 4480 1621 4555 nostis,_a_me
1651 4479 1823 4555 ritus,
1853 4480 2028 4555 etiam
2057 4479 2205 4533 circa
2238 4494 2330 4533 me
2352 4483 2654 4555 serventur
2679 4479 2962 4550 obsequia
2988 4499 3010 4555 :_
3039 4480 3220 4551 hujus
3242 4479 3518 4555 enim—rei
3580 4484 3775 4555 gratia

365 4553 617 4636 maxime
645 4553 759 4636 huc
787 4569 926 4636 sum.
952 4569 1271 4636 regressus.
1309 4551 1420 4605 Vos
1451 4551 1628 4636 igitur
1658 4551 1842 4636 humo.
1869 4551 2065 4636 tegite,
2098 4567 2199 4605 vos
2230 4552 2420 4636 [fatri-1s
2450 4551 2672 4636 aperite
2704 4551 3221 4636 corpusculumﬁt.
3237 4552 3382 4609 illud
3416 4551 3771 4636 quoquenec-

363 4627 457 4681 nis
488 4623 660 4680 vestri
679 4625 966 4680 custodite
991 4621 1331 4678 mandatum
1361 4639 1373 4676 :
1408 4630 1466 4677 ut
1508 4638 1680 4677 nemo
1712 4628 1918 4694 prater
1940 4626 2188 4694 vestram
2223 4621 2592 4694 dilectionem
2623 4621 2823 4678 locum
2862 4624 3079 4680 tumuli
3110 4625 3224 4680 mei
3256 4621 3496 4681 noverit.
3530 4621 3774 4684 Conﬁdo

362 4699 419 4753 in
453 4697 716 4761 Domino,
751 4697 887 4766 quia
913 4696 1237 4749 necessario
1267 4692 1998 4769 resurrectionistempore
2029 4692 2137 4748 hoc
2167 4692 2580 4769 corpusculum
2622 4699 2887 4769 resurget
2933 4695 3044 4767 (18)
3085 4694 3516 4769 incorruptum.
3569 4697 3770 4769 Vesti-

361 4774 697 4842 mentorum
725 4764 919 4842 autem
955 4782 1214 4842 meorum
1245 4765 1996 4842 sitistadivisiozmelotem
2026 4770 2082 4842 et
2103 4764 2606 4842 palliumtritum,
2633 4765 2730 4842 cui
2762 4764 3120 4842 superjaceo,
3156 4764 3466 4842 Athanasio
3489 4768 3768 4842 episcOpo

360 4843 514 4920 date.
548 4840 715 4920 quod
736 4839 880 4920 mihi
913 4855 1124 4920 novum
1162 4839 1284 4920 ipse
1317 4836 1604 4918 detulerat
1632 4854 1644 4891 :
1670 4838 1944 4920 Serapion
1979 4836 2291 4920 episcopus
2322 4837 2494 4920 aliam
2529 4837 2778 4920 accipiat
2811 4836 3082 4920 melotem
3105 4855 3126 4920 :_
3155 4857 3258 4896 vos
3287 4836 3587 4920 cilicinum
3649 4836 3764 4920 ha-

355 4908 1012 4972 betote'vestimentum,
1046 4915 1102 4965 et
1127 4910 1330 4978 valete,
1363 4909 1582 4964 viscera
1613 4926 1738 4964 mea
1773 4925 1785 4964 :
1818 4908 2106 4964 Antonius
2155 4908 2309 4964 enim
2343 4909 2573 4979 migrat,
2599 4908 2802 4980 et’jam
2836 4926 2949 4964 non
2982 4911 3092 4966 erit
3113 4912 3174 4967 in
3224 4914 3496 4984 presenti
3547 4915 3766 4970 saeculo

356 4985 678 5049 vobiscum,

422 5058 511 5110 92.
546 5055 734 5110 Verba
768 5052 1079 5124 ﬁnierat,et
1109 5049 1604 5124 osculantibuspsc
1635 5051 1964 5122 discipulis,
1987 5051 2314 5124 extendens
2355 5050 2658 5124 paululum
2712 5051 2908 5124 pedes,
2971 5057 3218 5108 mortem
3270 5054 3438 5109 laetus
3497 5054 3763 5124 aspexit:

353 5127 433 5180 ita
465 5132 528 5180 ut
547 5143 612 5182 ex
637 5124 927 5180 hilaritate
960 5122 1155 5177 vultus
1187 5126 1335 5189 ejus,
1369 5122 1710 5192 angelorum
1735 5121 2094 5186 sanctorum,
2121 5123 2216 5192 qui
2253 5123 2320 5177 ad
2362 5121 2770 5194 perferendam
2815 5121 3068 5178 animam
3129 5126 3255 5194 ejus
3315 5121 3763 5191 descenderant,

353 5198 661 5268 presentia
693 5195 1475 5268 nosceretur..Hosintuens,
1499 5200 1772 5263 tanquam
1807 5195 2027 5249 amicos
2053 5195 2575 5268 videret,ianimam
2607 5195 2915 5268 exhalavit,
2961 5201 3018 5250 et
3063 5195 3298 5252 additus
3345 5203 3434 5253 est
3492 5198 3766 5254 Patribus

353 5265 676 5325 secundum
709 5267 973 5323 ordinem
999 5267 1454 5339 Scripturarum.
1510 5268 1895 5339 Servavernnt
1942 5269 2220 5339 mandata
2259 5266 2560 5338 discipuli,
2609 5265 2948 5339 involutum
2983 5268 3069 5336 (ut
3118 5270 3490 5339 praeceperat)
3549 5285 3768 5339 corpus

349 5342 530 5398 humo
558 5341 914 5414 Operiontcs:
949 5344 1204 5414 otnemo
1228 5337 1466 5414 interim
1494 5355 1675 5414 usque
1707 5339 1775 5393 ad
1812 5337 1961 5414 hanc
1991 5338 2167 5405 diem,
2203 5337 2554 5414 praetereos,
2582 5338 2677 5414 ubi
2702 5338 2780 5414 sit
2808 5337 3277 5409 conditumi(19),
3310 5337 3518 5414 'novit.
3583 5337 3762 5414 Lega-

350 5414 537 5471 tarius
567 5408 762 5470 autem
793 5409 1028 5465 Antonii
1062 5409 1371 5477 benedicti,
1407 5411 1504 5481 qui
1538 5411 1741 5465 tritum
1773 5408 2015 5482 pallium
2048 5426 2180 5465 cum
2207 5408 2420 5466 ’melote
2443 5409 2685 5482 imperio
2715 5411 2843 5481 ejus
2900 5417 3194 5468 meruerat
3240 5408 3525 5485 accipere,
3579 5408 3767 5468 Anto-

2102 5639 2284 5700 λαϐὼν
2320 5642 2376 5699 δὲ
2411 5642 2661 5708 ἕκαστος.

2172 5720 2281 5787 (18)
2316 5722 2531 5774 Omnes
2563 5719 2978 5787 manuscripti,
3006 5718 3246 5776 resiliat.

2173 5791 2284 5863 (19)
2319 5790 2704 5864 Manuscripti
2735 5790 3001 5863 quidam,
3032 5790 3304 5849 conditus.

414 5651 527 5722 (16)
559 5651 643 5707 Ita
672 5667 817 5722 mss.
853 5667 997 5722 pene
1029 5667 1254 5722 omnes.
1292 5651 1352 5705 In
1381 5649 1556 5705 editis
1587 5645 1644 5702 δέ
1675 5650 1855 5705 deest.
1893 5647 1989 5704 In-

344 5719 872 5796 ἲιδαρδζηγτρόχινον,
905 5721 1003 5796 alii
1032 5720 1260 5796 τρόχιον
1294 5722 1534 5796 habent,

417 5787 648 5863 (l7)'8ic
680 5787 1076 5865 manu’scripti'
1114 5787 1338 5849 omnes.
1388 5792 1562 5860 Editi,
1625 5787 1718 5844 δύο
1774 5791 1985 5862 ἱκετῶν,
