4074 6398
412 469 529 529 915

959 468 1025 524 S.
1070 462 1491 524 ATHANASH
1540 462 1713 523 OPP.
1758 461 1962 524 PARS
2010 467 2046 521 Ι.

2164 496 2167 505 ι
2193 461 2613 528 HISTORICA
2656 465 2756 525 ET
2799 462 3279 526 DOGMATICA.

3707 464 3822 527 976

408 614 655 656 suasum
688 598 942 653 habeant.
973 594 1285 651 Dominum
1321 599 1379 648 et
1406 593 1760 649 Salvatorem
1794 598 2046 650 nostrun'

2180 592 2299 668 βίος
2330 596 2486 663 εἶναι,
2516 595 2608 649 καὶ
2655 599 2972 663 πεισθῶοιν,
3021 594 3103 649 ὅτι
3153 595 3183 648 ὁ
3232 592 3432 669 Κύριος
3479 593 3571 648 καὶ
3626 596 3820 670 Σωτὴρ

406 689 611 746 Jesum
641 687 963 751 Christum,
1012 701 1112 740 eos
1161 683 1263 755 qui
1296 683 1408 738 sibi
1459 682 1705 755 gloriam
1751 684 2064 738 tribuerint

406 777 592 853 gloria
621 777 982 832 donaturum
1008 791 1022 828 :
1055 788 1273 843 eosque
1300 771 1401 844 qui
1431 773 1502 827 ad
1528 772 1705 827 tinem
1739 789 1926 843 usque
1951 772 2062 844 ipsi

406 867 689 934 serviunt,
723 880 840 919 non
862 863 1056 919 solum
1089 862 1146 917 in
1179 877 1427 933 regnum
1461 860 1741 916 celorum
1773 862 2059 916 deductu-

407 973 563 1024 rum,
596 955 699 1013 sed
731 954 824 1009 hic
856 967 1092 1024 quoque
1112 950 1349 1006 tametsi
1374 950 1614 1020 lateant,
1646 967 2061 1022 secessumque

408 1048 743 1120 properent,
776 1042 987 1107 claros,
1036 1040 1434 1112 celebresque,
1476 1056 1609 1094 cum
1662 1040 1896 1095 \irtutis
1929 1058 2058 1111 pro-

408 1136 570 1209 prie,
596 1138 723 1190 tum
755 1130 956 1188 aliene
990 1129 1261 1185 utilitatis
1292 1128 1483 1201 gratia
1511 1129 2057 1194 eti‘ecturum.Quod

408 1225 459 1283 si
490 1240 560 1282 ex
588 1239 701 1279 usu
740 1238 871 1278 esse
926 1220 1133 1292 possit,
1179 1217 1328 1290 ipsis
1380 1217 1631 1273 ethnicis
1685 1217 1961 1290 legitote:
1996 1224 2061 1273 ut

408 1314 519 1371 hoc
541 1311 753 1369 saltem
774 1310 947 1366 modo
970 1306 1545 1364 noscantDominum
1567 1311 1834 1363 nostrum
1856 1307 2059 1363 Jesum

406 1403 701 1460 Christum
742 1416 857 1455 non
910 1398 1081 1454 modo
1133 1399 1312 1452 Deum
1356 1395 1573 1467 Deique
1628 1396 1840 1452 Filium
1889 1412 2055 1465 esse;

405 1493 524 1549 imo
553 1489 918 1547 Christianos
949 1487 1044 1560 qui
1079 1486 1274 1558 ipsum
1299 1484 1523 1551 colunt,
1555 1486 1766 1557 pieque
1799 1486 1855 1540 in
1888 1485 2056 1555 illum

2175 683 2337 754 ἡμῶν
2369 688 2581 753 Ἰησοῦς
2630 684 2862 760 Χριστὸς
2917 684 3044 746 τοὺς
3103 681 3427 753 δοκάζοντας
3476 684 3639 748 αὐτὸς
3668 681 3822 755 δοξά-

2175 774 2273 840 ζει,
2304 771 2395 826 καὶ
2421 771 2547 836 τοὺς
2578 769 2935 835 δουλεύοντας
2962 771 3108 845 αύτῷ
3141 772 3310 847 μέχρι
3360 770 3554 836 τέλους
3604 773 3671 828 ού
3724 771 3820 847 μό-

2167 880 2253 914 νον
2284 860 2359 922 εἰς
2391 862 2488 929 τήν
2537 860 2815 937 βασιλείαν
2863 863 2980 939 ἄγει
3024 866 3134 918 τῶν
3190 861 3461 936 οὐρανῶν,
3522 859 3673 917 ἀλλὰ
3733 862 3819 918 καὶ

2168 948 2393 1013 ἐνταῦθα
2437 950 2865 1025 κρυπτομένους,
2894 949 2986 1005 καὶ
3040 947 3441 1021 σπουδάζοντας
3487 951 3818 1028 ἀναχωρεῖν,

2168 1039 2428 1115 φανεροὺς
2486 1040 2575 1094 καὶ
2637 1035 2963 1111 διαϐοήτους
3016 1037 3105 1094 διά
3163 1061 3221 1094 τι
3264 1042 3365 1110 τὴν
3394 1041 3592 1115 ἀρετὴν
3639 1040 3813 1096 αὐτῶν

2164 1129 2255 1182 καὶ
2299 1132 2396 1198 τήν
2444 1133 2554 1184 τῶν
2602 1129 2789 1185 ἄλλων
2830 1127 3098 1208 ὠφέλειαν
3147 1134 3434 1206 πανταχοῦ
3471 1136 3640 1186 ποιεῖ.
3699 1131 3818 1187 Ἐὰν

2167 1214 2225 1272 δὶ
2272 1218 2434 1294 χρεία
2478 1221 2721 1295 γίνηται,
2777 1219 2869 1274 καὶ
2926 1223 3046 1282 τοῖς
3095 1218 3329 1283 ἰονικοῖς
3381 1220 3680 1295 ἀνάγνωτεο
3726 1217 3818 1274 ’ίνα

2164 1309 2260 1362 κᾶν
2310 1307 2483 1370 οὕτως
2543 1307 2855 1384 ἑπιγνῶσιν,
2922 1307 3005 1363 ὅτι
3056 1309 3085 1363 ὁ
3133 1307 3330 1384 Κύριος
3395 1311 3557 1384 ἡμῶν
3607 1310 3817 1381 Ἰησοῦς

2164 1397 2394 1472 Χριστὸς
2421 1396 2483 1452 ού
2517 1397 2682 1470 μόνον
2711 1397 2821 1453 ἐστὶ
2872 1396 3003 1460 Θεός
3054 1397 3146 1452 καὶ
3174 1401 3273 1452 τοῦ
3298 1401 3433 1454 Θεοῦ
3481 1397 3628 1461 Υἱός
3685 1397 3812 1454 ἀλλ’

2164 1484 2248 1541 ὅτι
2277 1486 2368 1541 καὶ
2399 1488 2451 1541 οἱ
2507 1486 2686 1560 τούτῳ
2714 1486 2954 1562 γνησίως
2981 1484 3359 1563 λατρεύοντες,
3404 1487 3497 1544 καὶ
3527 1488 3815 1545 πιστεύον-

403 1581 670 1648 credunt,
703 1577 1020 1641 demones,
1055 1592 1202 1646 quos
1243 1574 1424 1631 Greci
1474 1579 1685 1646 putant
1732 1590 1863 1630 esse
1893 1574 2046 1643 deos,

2164 1595 2249 1636 τες
2283 1573 2361 1637 εἷς
2388 1576 2550 1630 αύτὸν
2582 1570 2838 1644 εὐσεϐῶς,
2870 1575 3001 1638 ταὺς
3054 1573 3343 1650 δαίμονας,
3400 1575 3493 1639 οὕς
3554 1576 3713 1633 αότοὶ
3761 1578 3814 1633 οἱ

402 1686 520 1727 non
547 1672 783 1725 tantum
832 1666 971 1721 deos
1020 1680 1134 1719 non
1185 1679 1314 1720 esse
1362 1679 1700 1736 coarguere,
1731 1664 1833 1719 sed
1878 1664 2046 1719 etiam

2165 1661 2430 1734 Ἕλληνες
2458 1664 2773 1740 νομίζωσιν
2798 1667 2934 1720 εἶναι
2976 1664 3153 1738 θεοὺς,
3185 1664 3415 1727 τούτους
3461 1665 3514 1720 οἱ
3560 1671 3817 1742 Χριστια-

401 1759 626 1817 calcare
647 1761 822 1828 atque
838 1752 1251 1827 pellere,quasi
1269 1753 1609 1824 deceptores
1625 1752 2046 1824 hominumque

2164 1754 2246 1807 νοὶ
2289 1750 2638 1829 ἐλέγχουσιν,
2682 1753 2750 1808 ού
2808 1753 2973 1828 μόνον
3025 1754 3103 1828 μή
3155 1754 3288 1809 εἶναι
3319 1752 3501 1823 θεοὺς,
3549 1752 3698 1811 ἀλλὰ
3726 1756 3816 1811 καὶ

401 1852 795 1920 corruptores,
842 1844 903 1899 in
948 1843 1176 1899 Christo
1225 1842 1363 1898 Jesu
1406 1843 1650 1898 Domino
1707 1845 1926 1908 nostro,
1960 1842 2046 1897 cui

2164 1846 2392 1897 πατοῦσι
2434 1843 2525 1897 καὶ
2575 1840 2885 1914 διώκουσιν,
2930 1842 3006 1906 ὣς
3048 1840 3289 1905 πλάνους
3321 1842 3412 1898 καὶ
3442 1844 3673 1922 φθορὲας
3704 1848 3816 1900 τῶν

400 1914 597 2012 ειυτίιί
614 1936 675 1992 in
707 1932 918 1992 secula
949 1930 1317 1989 seculorum.
1351 1934 1549 1987 Amen.

2164 1930 2457 2006 ἀνθρώπων
2501 1934 2892 2008 τυγχάνοντας,
2935 1929 2989 1986 ἐν
3045 1932 3266 2006 Χριστῷ
3315 1914 3494 2003 Ἰησοῦ
3552 1914 3642 2005 ’τῷ
3707 1935 3816 1991 Κυ-

401 2028 508 2102 ρίῳ
535 2027 721 2098 ἡμῶν,
752 2024 798 2095 ᾧ
824 2024 858 2091 ἡ
891 2018 1017 2092 δόξα
1063 2019 1139 2082 εἷς
1168 2018 1295 2081 τοὺς
1326 2018 1524 2081 αἰῶνας
1553 2023 1662 2073 τῶν
1694 2017 1931 2076 αἰώνων,
1964 2019 2169 2093 Ἀμήν.

1808 2192 2063 2246 VERSIO
2102 2191 2408 2248 EVAGRII.

399 2324 726 2379 stianorum
758 2324 817 2374 et
848 2316 1290 2384 monachorum,
1323 2315 1535 2381 sciant,
1566 2314 2013 2391 quodASalvator
2041 2320 2237 2391 noster
2256 2317 2442 2391 Jesus‘
2459 2317 2726 2391 Christus
2747 2316 3143 2391 glorificantes
3175 2334 3240 2375 se
3268 2318 3579 2391 glroriiicat,
3609 2323 3670 2376 et
3689 2336 3819 2376 ser-

399 2393 695 2450 vientibus
723 2391 982 2463 sibimet,
1018 2393 1391 2463 nontantum
1424 2403 1605 2463 regna
1635 2387 1937 2463 cmlorum,
1968 2388 2067 2463 sed
2102 2388 2274 2443 etiam
2311 2388 2401 2463 llic
2430 2388 2487 2463 in
2524 2389 2667 2463 ipsis
2707 2387 2993 2446 montium
3025 2387 3299 2446 secretis'
3319 2390 3498 2447 latere
3523 2387 3816 2463 cupienti-

398 2467 535 2533 bus,
569 2460 973 2535 fametribuit
1006 2458 1363 2514 nobilitatem
1393 2474 1406 2513 :
1437 2459 1662 2535 scilicet
1696 2463 1757 2535 ut
1787 2465 1843 2511 et
1877 2459 1990 2530 ipsi
2026 2462 2293 2535 fruantur
2317 2461 2497 2535 laude
2529 2458 2895 2535 meritorum,
2924 2468 2982 2518 et
3024 2462 3227 2535 ceteri
3255 2478 3461 2535 eorum
3494 2458 3818 2535 provocen-

396 2542 496 2593 tur
522 2529 824 2606 exemplis.
856 2532 911 2586 Si
945 2537 1140 2606 autem
1175 2529 1570 2606 necessarium
1606 2529 1887 2606 fueri_t_,_get
1904 2529 2190 2606 gentibus
2222 2531 2413 2603 legite,
2448 2536 2523 2606 ut
2541 2533 2627 2588 vel
2659 2534 2744 2589 sic
2783 2529 3105 2605 agnoscant
3133 2534 3273 2606 quia
3303 2529 3589 2591 Dominus
3617 2544 3822 2591 noster

395 2614 571 2665 Jesus
600 2602 866 2662 Christus
898 2620 1010 2659 non
1045 2602 1233 2677 solum
1268 2609 1356 2656 est
1386 2602 1559 2666 Deus,
1594 2602 1687 2656 Dei
1728 2602 1927 2677 Pilius,
1960 2605 2061 2657 sed
2095 2605 2271 2657 etiam
2306 2606 2398 2677 his
2429 2604 2529 2676 qui
2559 2621 2693 2660 eum
2726 2602 2972 2661 sollicita
3016 2602 3237 2677 colunt,
3270 2613 3328 2661 et
3367 2609 3426 2662 in
3456 2623 3593 2662 eum
3623 2608 3819 2663 fideli-

395 2686 487 2738 ter
514 2680 782 2746 credunt,
835 2678 983 2731 hanc
1031 2674 1607 2751 dedit‘potestatem,
1646 2681 1707 2728 ut
1752 2675 2067 2751 demones,
2118 2691 2267 2751 quos
2317 2676 2401 2751 illi
2441 2674 2582 2751 deos
2623 2693 2753 2733 esse
2788 2678 3192 2751 arbitrantur,
3224 2674 3588 2735 'conculcent
3639 2684 3820 2751 atque

399 2753 701 2824 dejiciant,
730 2745 1068 2820 deceptores
1096 2746 1320 2802 scilicet
1349 2745 1679 2812 hominum,
1710 2750 1769 2800 et
1798 2746 1975 2802 totius
2005 2745 2398 2819 corruptionis
2431 2748 2689 2806 artifices
2718 2750 2852 2821 (23).

1528 3126 1867 3186 EPILOGUS
1902 3127 2173 3184 EVAGRII
2206 3129 2663 3188 INTERPRETIS.

468 3281 624 3338 σοι
656 3278 855 3348 Itaque
884 3275 1222 3347 prudentes,
1253 3272 1353 3342 qui
1382 3270 1572 3342 legere
1603 3270 1892 3328 voluerint
1930 3271 2081 3328 hanc
2128 3272 2503 3344 scripturam,
2533 3274 2927 3344 obsecramus,
2959 3276 3047 3353 ut
3071 3274 3213 3330 dent
3257 3273 3511 3341 veniam,
3543 3272 3594 3330 si
3623 3275 3811 3334 Greci

396 3366 687 3428 sermonis
716 3364 831 3420 vim
859 3361 1183 3435 exprimere
1215 3377 1327 3416 non
1377 3360 1701 3431 potuimus,
1754 3360 2171 3416 transferentes
2218 3378 2351 3417 eum
2386 3362 2444 3416 in
2493 3362 2759 3418 Latinam
2810 3362 3095 3435 linguam,
3124 3361 3263 3419 licet
3308 3366 3513 3418 contra
3544 3366 3816 3417 nostrum

395 3457 763 3532 propositum
795 3451 915 3506 hec
940 3449 1270 3505 fecerimus.
1294 3449 1405 3504 Sed
1439 3464 1551 3503 non
1574 3447 1743 3519 quasi
1766 3448 2094 3503 invidentes
2118 3448 2463 3505 nolebamus
2485 3450 2697 3518 facere,
2728 3451 2829 3507 sed
2854 3450 3214 3507 sufficienter
3242 3448 3494 3507 scientes
3526 3454 3813 3522 quantam

394 3546 802 3604 infirmitatem
833 3539 1088 3597 sustinet
1114 3543 1345 3593 Graecus
1376 3553 1569 3593 sermo
1599 3536 1924 3594 translatus
1953 3538 2013 3593 in
2046 3537 2441 3606 Latinitatem,
2473 3544 2670 3604 tamen
2704 3539 3021 3597 maluimus
3052 3539 3318 3596 Grecum
3351 3555 3682 3596 sermonem
3708 3538 3821 3594 hoc

401 3634 713 3702 sustinere,
748 3646 926 3703 quam
957 3628 1222 3684 fraudem
1254 3625 1374 3699 pati
1406 3643 1506 3682 eos
1543 3626 1690 3681 lucri
1722 3625 1935 3694 deiﬁci,
1988 3627 2088 3699 qui
2120 3629 2655 3701 quomodocunque
2685 3629 3136 3703 interpretatum
3183 3628 3452 3686 Grecum
3482 3642 3822 3685 sermonem

403 3728 568 3781 retur
596 3722 667 3777 ad
699 3717 1053 3775 imitandum
1084 3716 1279 3788 ipsum
1310 3715 1397 3771 vel
1427 3731 1496 3771 ex
1527 3719 1711 3787 parte,
1747 3718 1810 3770 ut
1839 3715 1897 3770 in
1930 3716 2205 3773 omnibus
2234 3715 2588 3775 clnriﬂcetur
2603 3734 2816 3776 nomen
2846 3719 2974 3789 ejus
3005 3733 3109 3791 per
3130 3719 3503 3790 magistrum,
3536 3722 3594 3773 et
3625 3716 3827 3773 horta-

406 3817 614 3879 torem,
644 3813 703 3866 et
733 3808 1185 3877 redemptorem,
1215 3809 1274 3861 et
1302 3804 1663 3860 Salvatorem
1696 3809 1966 3861 nostrum
1995 3805 2197 3861 Jesum
2234 3806 2550 3863 Dominum
2581 3823 2716 3864 cum
2743 3808 2962 3881 Spiritu
2989 3810 3215 3876 sancto,
3246 3807 3341 3864 cui
3371 3811 3463 3863 est
3491 3806 3732 3864 claritas
3764 3809 3828 3862 et

407 3904 687 3976 perpetua
718 3900 977 3971 potestas
1009 3895 1066 3949 in
1098 3894 1311 3950 secula
1339 3890 1709 3950 seculorum.

645 4195 889 4259 Placuit
915 4192 1299 4272 subjungere
1328 4190 1455 4253 duo
1486 4190 1761 4253 Socratis
1789 4190 1928 4252 loca
1934 4188 2215 4333 Alﬁus.
2250 4209 2337 4265 1v,
2369 4211 2424 4254 c.
2458 4195 2536 4254 23
2566 4199 2629 4255 et
2655 4194 2758 4275 25)
2785 4212 2929 4274 que
2961 4194 3025 4255 in
3055 4193 3354 4257 omnibus
3381 4193 3565 4259 editis

1980 4289 2017 4333 a
2063 4289 2141 4333 en
2177 4291 2274 4333 ur.

1980 4289 2251 4333 ουοιηιιι·
2260 4318 2274 4332 .

382 4496 397 4517 .
467 4461 554 4516 Ad
579 4460 813 4531 justum
842 4455 1159 4510 Antonium
1192 4452 1432 4524 quidam
1458 4451 1586 4521 ejus
1617 4451 1897 4523 temporis
1919 4450 2045 4523 phi-

2226 4455 2317 4523 Τῷ
2348 4447 2544 4524 δικαίῳ
2576 4450 2854 4527 ’Δττωνίῳ
2882 4450 3164 4529 προσῆλθι
3208 4473 3291 4515 τις
3321 4472 3429 4508 των
3457 4453 3663 4528 σοφῶν,
3694 4451 3814 4521 κσῖ,

392 4550 677 4623 losophus
708 4545 988 4602 accedens
1013 4560 1025 4598 :
1052 4543 1372 4609 Quomodo,
1401 4540 1616 4612 inquit,
1650 4541 1830 4605 Pater,
1866 4541 2041 4597 vitam

391 4655 563 4715 agere
594 4641 779 4709 potes,
814 4634 1094 4689 librorum
1139 4631 1348 4686 solatio
1400 4630 1717 4685 destitutus
1743 4629 1771 4683 ?
1802 4633 1979 4700 Meus,
2012 4648 2045 4687 ο

390 4724 759 4803 philosophe,
793 4722 961 4790 liber,
993 4719 1187 4791 inquit
1232 4718 1546 4787 Antonius,
1579 4725 1668 4772 est
1716 4725 1927 4775 natura
1956 4737 2044 4776 re—

390 4835 522 4876 rum
549 4834 561 4872 :
599 4813 863 4884 mihique
895 4810 1030 4866 licet
1060 4808 1290 4880 quoties
1322 4806 1581 4874 veluero,
1616 4822 1919 4864 sermones
1943 4809 2042 4865 Dei

390 4907 604 4980 legere.

461 4996 626 5052 Hune
655 4993 967 5065 Didymum
1002 4986 1218 5042 dicitur
1270 4986 1557 5039 Antonius
1598 4985 1725 5055 jam
1758 4984 1896 5040 olim
1931 4986 2042 5041 Va-

389 5084 564 5141 lentis
594 5088 856 5154 tempore
886 5078 1196 5141 allocutus,
1232 5090 1362 5128 cum
1397 5075 1745 5129 Arianorum
1777 5091 1954 5130 causa
1974 5092 2043 5130 ex

385 5189 580 5230 eremo
604 5168 1006 5226 Alexandriam
1028 5163 1363 5219 descendit:
1391 5168 1568 5234 atque
1596 5163 1699 5216 viri
1720 5164 2038 5234 prudentie

381 5278 603 5335 gnarus
634 5258 853 5315 dixisse
887 5255 968 5311 illi
996 5272 1007 5309 :
1045 5252 1222 5314 Nihil,
1252 5270 1283 5305 ο
1318 5251 1583 5323 Didyme,
1618 5252 2037 5323 conturbetja-

377 5357 544 5408 ctura
571 5345 962 5419 corporalium
1007 5342 1347 5397 oculorum:
1406 5340 1697 5409 Hjtlsmodi
1749 5341 1904 5396 enim
1937 5343 2036 5399 de-

378 5442 622 5497 stitutus
653 5453 715 5492 es
746 5433 953 5499 oculis,
985 5431 1200 5502 quibus
1249 5446 1462 5484 musce
1511 5434 1567 5484 et
1597 5429 1814 5486 culices
1844 5431 2037 5487 videre

469 5580 561 5652 23)
591 5579 862 5652 Desmar,
888 5574 1113 5652 codex._
1137 5572 1244 5626 700
1271 5569 1517 5652 circiter
1565 5586 1876 5652 annorum,
1910 5572 2030 5652 hee

376 5641 556 5709 habet
577 5669 590 5707 :
623 5651 799 5722 Igitur
841 5648 1030 5722 beatus
1078 5645 1344 5722 Antonius
1388 5645 1545 5722 sexto
1587 5641 1794 5722 decimo
1822 5646 2029 5700 Καιεη-

375 5726 473 5782 dtu
502 5716 796 5780 Februarii
821 5719 1046 5775 recessit
1076 5733 1110 5771 a
1137 5716 1358 5781 seculo,
1400 5719 1452 5768 et
1479 5716 1617 5769 vivet
1663 5731 1877 5782 semper
1902 5732 2027 5772 cum

373 5800 484 5854 Deo
511 5801 778 5864 regnante
810 5792 871 5846 in
897 5789 1094 5845 secuta
1142 5786 1491 5843 secutorum.
1528 5787 1715 5841 Amen.
1746 5786 2027 5861 Epilogus

2158 4543 2279 4601 Πῶς
2332 4536 2719 4616 διακαρτερεῖς,
2771 4544 2941 4613 εἷπεν,
2988 4542 3034 4597 ὧ
3078 4542 3270 4616 πάτερ,
3330 4547 3431 4611 τῆς
3476 4536 3671 4595 ἐκτῶν
3724 4540 3813 4616 βι-

2154 4622 2326 4683 ϐλίων
2366 4628 2709 4704 παραμυθίας
2762 4630 3171 4707 ὲστερημὲνος;
3231 4632 3312 4689 Τὸ
3369 4629 3499 4704 ἐμὸν
3565 4623 3813 4705 βιϐλίον,

2153 4710 2253 4794 ἔφη
2288 4717 2316 4771 ὁ
2358 4719 2676 4783 ⁸Αντώνιος,
2707 4717 2753 4774 ὦ
2783 4719 3073 4799 φιλόσοφε,
3104 4721 3140 4790 ἦ
3173 4719 3331 4798 φύσις
3359 4723 3469 4775 τῶν
3500 4716 3808 4794 γεγονότων

2151 4802 2285 4859 ἐστί·
2318 4805 2407 4860 καὶ
2437 4809 2714 4882 πάρεστιν,
2743 4809 2832 4863 ὅτε
2867 4807 3166 4885 βούλομαι,
3207 4808 3336 4871 τοὺς
3384 4806 3584 4884 λόγους
3614 4806 3807 4883 ἀναγιο

2151 4894 2372 4949 νώσκειν
2402 4895 2531 4959 τοὺς
2573 4900 2671 4951 τοῦ
2701 4901 2855 4954 Θεοῦ.

2222 4986 2337 5056 (24)
2380 4984 2568 5058 Τούτῳ
2616 4984 2829 5061 λέγεται
2879 4986 2971 5041 καὶ
3020 4987 3315 5043 ’Λντώνιον
3364 4982 3473 5057 ἤδη
3531 4983 3804 5060 πρότερον

2150 5072 2285 5127 κατά
2311 5073 2405 5129 τὸτ
2436 5072 2740 5137 Οὐάλεντος
2768 5076 2989 5151 χρόνον,
3046 5075 3136 5131 ὅτε
3184 5073 3276 5131 διὰ
3321 5074 3449 5138 τοὺς
3491 5072 3805 5146 Ἀρειανοὺς

2150 5160 2202 5215 ἐν
2231 5165 2300 5235 τῇ
2332 5161 2710 5239 Ἀλεξανδρείᾳ
2740 5162 2800 5219 ἐκ
2826 5167 2923 5234 τῆς
2955 5164 3168 5242 ἐρήμου
3215 5163 3506 5234 κατῆλθεν,
3553 5162 3804 5239 ἐντυχεῖν

2144 5253 2223 5322 τῷ
2252 5248 2497 5325 Διδύμῳ,
2529 5252 2619 5307 καὶ
2653 5253 2896 5325 μαθόντα
2922 5254 3022 5323 τὴν
3048 5257 3145 5309 τοῦ
3196 5250 3393 5326 ἀνδρὸς
3442 5252 3673 5321 σύνεσιν,
3722 5251 3807 5307 εἷ-

2145 5344 2264 5393 πεῖν
2294 5341 2431 5415 πρὸς
2463 5340 2641 5398 αὐτόν.
2679 5340 2881 5412 Μηδὲν,
2930 5343 2976 5398 ὧ
3021 5340 3251 5418 Δίδυμε,
3291 5342 3597 5421 ταραττέτω
3648 5362 3707 5396 σε
3761 5344 3800 5413 ἡ

2141 5433 2247 5485 τῶν
2300 5429 2572 5501 αἰσθητῶν
2624 5429 2923 5506 ὀφθαλμῶν
2971 5427 3248 5505 ἀποϐολή·
3297 5436 3537 5489 τοιοῦτοι
3584 5432 3688 5508 γάρ
3738 5452 3802 5487 σε

2140 5574 2367 5646 Evagrii
2400 5574 2649 5631 habetur
2676 5575 2737 5632 in
2765 5577 2892 5633 solo
2922 5577 3119 5634 Germ.
3151 5579 3208 5634 2.

2212 5644 2326 5773 (2'4?
2354 5650 2487 5703 Hec
2516 5649 2693 5703 refert
2749 5647 3141 5724 Hieronymus
3192 5650 3265 5706 ad
3310 5646 3696 5706 Castratium.
3727 5678 3805 5691 -

2212 5732 2270 5772 )x
2326 5733 2431 5773 ene
2461 5715 2538 5773 sic
2567 5719 2668 5773 τήν
2702 5717 3136 5773 Ἀλεξάνδρειαν.
3162 5722 3319 5773 Εοιτ.
3353 5722 3593 5773 Pyram“

2140 5715 2270 5772 MOx
2301 5715 2431 5790 lege
2461 5715 2538 5780 εἷς
2567 5719 2668 5787 τήν
2702 5715 3136 5794 ’Δλεξάνδρειαν.
3162 5722 3319 5779 Enrr.
3352 5722 3593 5779 PATROL.
