4074 6372
268 495 384 555 9'17

1367 490 1774 554 EPlSTOLE
1819 493 2001 554 DU1E
2047 494 2150 552 AD
2197 493 2596 555 ORSISIUM.

3563 492 3684 550 9'78

268 623 550 682 λείπουσιν
588 622 890 699 ὀφθαλμοὶ,
925 625 1008 686 οἷς
1057 625 1144 680 καὶ
1198 629 1351 698 μυῖαι
1379 624 1468 679 καὶ
1499 625 1759 688 κώνωπες
1793 624 1920 698 βλέ-

2039 629 2306 696 possunt.
2340 626 2540 682 Gaude
2591 626 2784 697 potius
2839 625 2992 696 quod
3027 623 3145 680 illis
3201 624 3415 680 fruaris
3473 624 3680 690 oculis,

265 718 362 790 ψαι
386 714 670 790 ἰσχύουσι.
705 718 880 791 Χαῖρε
911 711 990 786 δὲ,
1033 714 1116 768 δτι
1165 709 1311 790 ἔχεις
1359 711 1700 792 ὀφθαλμοὺς,
1730 713 1808 775 οἶς
1835 713 1920 768 καὶ

2035 716 2251 786 quibus
2284 715 2472 787 angeli
2518 716 2739 780 vident,
2771 715 2988 786 quibus
3037 715 3216 770 Deum
3267 715 3681 786 contemplere,

268 803 493 882 ἄγγελοι
552 803 838 880 βλέπουσι,
884 801 952 857 δι’
993 803 1066 858 ὧν
1125 803 1216 858 καὶ
1264 805 1292 858 ὁ
1341 803 1468 866 Θεὸς
1504 808 1805 879 θεωρεῖται,
1835 804 1920 857 καὶ

2033 805 2280 875 ejusque
2309 804 2498 859 lucem
2531 804 3012 876 comprehendas.

267 896 329 949 τὸ
353 893 519 950 αὐτοῦ
547 897 660 970 φῶς
688 887 1184 967 καταλαμϐάνεται.

346 1016 436 1107 De
466 1012 698 1107 patria,
731 1011 1056 1092 discipulis
1084 1015 1148 1073 et
1205 1011 1524 1074 montibus
1582 1009 1837 1072 Antonii
1868 1010 2001 1070 fuse
2055 1009 2118 1072 et
2175 1009 2417 1069 erudite
2477 1008 2758 1088 disputat
2786 1008 3130 1070 Bollandus
3183 1008 3246 1068 in
3307 1008 3444 1087 ejus
3515 1007 3671 1085 Vita,

268 1094 344 1153 16
373 1094 546 1157 Maii.

815 1336 1184 1400 MONITUM
1228 1338 1308 1397 IN
1355 1336 1559 1400 DUAS
1605 1333 2062 1406 SEQUENTES
2110 1331 2533 1393 EPISTULAS
2577 1335 2681 1393 AD
2728 1335 3132 1396 ORSlSIUM.

330 1599 562 1654 Antonii
596 1598 734 1654 Vitae
766 1598 920 1653 binas
947 1598 1336 1669 subjungimus
1363 1595 1618 1669 epistolas
1649 1595 1946 1669 Athanasii
1974 1594 2048 1648 ad
2076 1595 2370 1660 Orsisium,
2404 1610 2473 1647 ea:
2500 1593 2644 1669 Vita
2672 1594 2858 1669 sancti
2913 1593 3214 1649 Pachomii
3264 1596 3617 1667 dcpromplas
3653 1617 3672 1653 :

261 1687 499 1742 quarum
527 1672 774 1741 primam
802 1670 949 1726 dedit
973 1666 1385 1725 in'monasterio
1419 1668 1677 1742 Theodori
1705 1667 1940 1734 abbatis,
1972 1673 2214 1732 tempore
2260 1667 2530 1742 postremi
2547 1666 2650 1742 sui
2682 1667 2780 1721 sub
2829 1669 3160 1742 Constantio
3188 1666 3378 1723 exsilii
3427 1666 3497 1724 ab
3525 1687 3670 1726 anno

257 1738 468 1799 scilicet
489 1738 596 1798 356
625 1742 696 1798 ad
719 1743 844 1809 36-l,
878 1743 1118 1796 instante
1161 1742 1449 1797 Paschalis
1493 1739 1878 1813 solemnitate,
1910 1748 2196 1813 postquam
2238 1738 2472 1813 Artemii
2507 1738 2674 1813 ducis
2721 1753 2930 1813 opera,
2959 1739 3161 1813 Ariani
3186 1741 3392 1813 omnia
3447 1743 3673 1813 ngypti

262 1815 379 1870 loca
407 1808 883 1884 pervestigassent,
912 1814 1205 1868 Athanasii
1222 1811 1584 1884 perquirendi
1611 1827 1795 1884 causa.
1843 1809 2150 1884 Secundum
2212 1808 2566 1884 Alexandriae
2614 1810 3134 1884 conscnipsit,_a'a_ta
3163 1809 3377 1866 demum
3412 1808 3667 1884 Ecclesiae

256 1881 417 1958 pace,
448 1891 524 1958 et,
556 1889 617 1940 ut
645 1881 714 1941 ex
735 1881 1073 1958 ipsa'liquet,
1101 1881 1257 1958 haud
1284 1881 1380 1958 diu
1411 1891 1530 1955 post
1557 1882 1878 1958 celebratam
1913 1882 2278 1958 Pentecosten,
2312 1895 2464 1958 anno
2491 1882 2710 1958 circiter
2738 1881 2970 1958 3647vel
2999 1882 3122 1958 36_5_.
3176 1886 3238 1958 In
3279 1899 3348 1958 ea
3396 1882 3667 1958 orsisium

252 1951 652 2031 monachosque
679 1951 776 2013 suo
793 1957 860 2031 de
881 1951 1155 2031 Tlieodori
1168 1956 1380 2011 abbatis
1407 1951 1584 2031 morte
1610 1955 1936 2031 consolatur.
1973 1954 2166 2031 Estque
2193 1952 2458 2031 ἶςανιοεριιιι
2487 1951 2786 2031 Athanasio
2817 1957 3022 2022 Magno
3051 1953 3398 2023 dignissima,
3433 1957 3658 2011 iisdem-

259 2045 362 2100 que
386 2022 582 2085 verbis,
617 2029 909 2085 monachos
940 2031 1002 2085 in
1029 2029 1190 2084 titulo
1218 2026 1530 2099 compellat,
1559 2026 1756 2096 quibus
1784 2041 1963 2096 supra
1994 2022 2252 2095 Epistola
2281 2024 2352 2079 ad
2385 2023 2726 2080 monachos.

1026 2154 1280 2215 PRIMA
1324 2154 1387 2214 S.
1436 2149 1857 2213 ATHANASII
1905 2149 2289 2210 EPISTOLA
2332 2150 2435 2208 AD
2483 2149 2880 2221 (lRSISIUM,

884 2266 971 2320 Ba:
1002 2261 1322 2334 Appendice
1350 2262 1406 2315 in
1437 2261 1581 2316 Acta
1608 2262 1956 2314 Sanctorum
1989 2256 2058 2312 ad
2086 2255 2356 2312 decimam
2385 2261 2637 2328 quartam
2669 2256 2825 2329 Maii,
2852 2274 2910 2329 p.
2943 2257 3029 2311 49.

327 2379 425 2433 Καὶ
476 2380 687 2455 ἡμερας
741 2377 929 2454 ὀλίγας
989 2381 1222 2449 ποιήσας
1280 2377 1412 2452 ἐκεῖ,
1454 2375 1600 2453 λὲγει
1641 2381 1722 2448 τῷ
1767 2369 1910 2445 ἀϐϐᾇ

2089 2375 2226 2431 Dies
2256 2376 2454 2447 itaque
2484 2392 2701 2448 paucos
2730 2375 2908 2432 isthic
2958 2377 3038 2446 (in
3087 2378 3444 2433 monasterio
3476 2378 3663 2434 Theo-

253 2465 521 2541 Θεοδώρῳ
555 2489 568 2501 ·
621 2465 844 2536 Ἐπειδὴ
895 2467 1052 2544 ἐγγύς
1107 2468 1217 2523 ἐστι
1268 2470 1332 2523 τὸ
1381 2468 1595 2544 Πάσχα,
1635 2461 1912 2521 κατάλαϐε

248 2555 378 2618 τοὺς
429 2553 700 2633 ἀδελφοὺς
755 2558 889 2610 κατὰ
945 2558 1037 2612 τὸν
1096 2557 1265 2612 τύπον
1316 2558 1376 2611 ὃν
1435 2555 1612 2632 ἔχετε,
1657 2554 1746 2609 καὶ
1780 2552 1907 2630 ἰγὼ,

252 2644 327 2706 ὡς
362 2645 391 2699 ὁ
421 2644 623 2718 Κύριος
655 2645 1013 2718 οἰκονομήσει
1050 2667 1136 2718 με,
1168 2650 1335 2702 ποιῶ.
1388 2647 1489 2703 Καὶ
1535 2643 1912 2714 ἀσπασάμενος

247 2732 407 2787 αὐτὸν
443 2734 732 2803 ἀπέλυσεν,
775 2735 988 2808 γράψας
1035 2733 1328 2803 ἐπιστολὴν
1372 2733 1440 2788 δι’
1468 2733 1632 2789 αὐτοῦ
1661 2737 1740 2804 τῷ
1770 2732 1794 2785 ἁ

253 2821 511 2895 Ὠρσισίῳ
559 2821 648 2878 καὶ
684 2828 802 2884 τοῖς
851 2820 1131 2901 ἀδελφοῖς,
1181 2819 1354 2887 οὕτως
1400 2820 1630 2898 ἔχουσαν
1660 2821 1760 2889 τὴν
1793 2817 1910 2875 διά-

250 2931 404 2965 νοιαν
442 2928 455 2942 ⁹

326 2997 480 3056 Εἶδον
513 2999 604 3053 τὸν
661 3000 911 3074 συνεργόν
967 3021 1065 3056 σου
1107 3001 1197 3056 καὶ
1248 3001 1459 3075 Πατέρα
1501 3005 1609 3055 τῶν
1660 2996 1911 3076 ἀδελφῶν

249 3085 565 3162 Θεόδωρον,
591 3088 683 3142 καὶ
713 3086 768 3143 ἐν
807 3088 958 3161 αὐτῷ
1003 3091 1095 3144 τὸν
1152 3092 1349 3165 Κυριον
1379 3094 1476 3144 τοῦ
1505 3089 1715 3162 Πατρὸς
1745 3090 1905 3161 ἡμῶν

250 3175 584 3252 Ιιαχουμίου
617 3197 630 3210 ο
666 3178 757 3232 καὶ
791 3182 932 3252 ορῶν
963 3176 1394 3254 ἠγαλλιασάμην
1433 3185 1530 3247 τῆς
1581 3176 1907 3246 Ἐκκλησίας

253 3265 322 3320 τὰ
365 3265 547 3335 τὲκνα,
596 3265 688 3320 καὶ
740 3263 1018 3343 ηὕφραναν
1081 3269 1230 3336 ἡμᾶς
1273 3271 1342 3340 τῇ
1389 3266 1658 3340 παρουσίᾳ
1690 3285 1702 3298 ⁸
1745 3267 1806 3324 Ὀ
1851 3263 1907 3320 δὲ

252 3353 456 3430 Κύριος
518 3352 928 3426 μισθαποδότης
965 3355 1142 3411 αὐτῶν
1190 3355 1322 3412 ἐστι.
1364 3352 1596 3410 Μέλλων
1653 3352 1710 3409 δὲ
1765 3355 1906 3409 ἀπο-

256 3440 503 3516 δημῆσαι
561 3441 840 3519 Θεόδωρος
889 3445 1026 3517 πρὸς
1086 3443 1245 3516 ὑμᾶς,
1317 3441 1471 3517 ἔλεγέ
1541 3464 1638 3516 μοι
1693 3444 1854 3497 τοῦτο
1888 3461 1901 3476 ⁶

252 3531 541 3603 Μνήσθητί
599 3553 704 3605 μου
737 3553 751 3567 ·
798 3532 949 3608 κάγὼ
1002 3532 1147 3604 αὐτῷ
1197 3531 1380 3606 ἔλεγον
1414 3551 1427 3565 ο
1480 3532 1599 3586 Ἐὰν
1632 3529 1904 3596 ἐπιλάθω-

256 3621 352 3694 μαί
415 3641 534 3688 σου,
612 3620 1000 3696 Ἰερουσαλὴμ,
1079 3620 1401 3690 ἰπιλησθείη
1461 3622 1496 3689 ἡ
1555 3617 1700 3692 δεξιά
1750 3641 1852 3692 μου
1887 3640 1898 3653 ·

2021 2464 2174 2534 dori)
2202 2472 2601 2522 commoratus
2632 2465 3014 2532 Athanasius,
3059 2466 3203 2521 dixit
3251 2467 3444 2522 abbati
3480 2469 3665 2524 Theo-

2020 2556 2160 2610 doro
2194 2571 2207 2610 :
2243 2555 2530 2621 Quoniam
2564 2556 2895 2626 proximum
2936 2556 3163 2612 Pascha
3192 2561 3300 2626 est,
3336 2558 3568 2626 fratres,
3605 2563 3669 2615 ut

2021 2661 2149 2700 mos
2180 2652 2270 2701 est
2300 2646 2484 2711 vobis,
2541 2661 2834 2712 convoca;
2869 2649 2926 2700 et
2953 2660 3108 2712 vero,
3168 2647 3321 2717 quod
3389 2647 3669 2704 Dominus

2021 2734 2311 2804 disponet,
2331 2734 2390 2789 id
2417 2734 2802 2790 faciam.Tum
2833 2751 2900 2790 eo
2931 2734 3202 2800 salutato,
3224 2735 3451 2790 dimisit
3470 2737 3666 2808 ipsum

2019 2823 2239 2893 scripta
2260 2839 2363 2894 per
2389 2821 2556 2877 illum
2580 2828 2699 2878 tum
2731 2823 2804 2878 ad
2828 2824 3098 2879 abbatem
3121 2825 3408 2880 Ursisium
3428 2825 3666 2883 fratres~

1914 2933 1926 2941 ·
2021 2927 2134 2983 que
2163 2911 2350 2983 ipsius
2381 2911 2648 2980 epistola,
2681 2911 2790 2968 hac
2820 2913 3110 2968 sententia
3143 2930 3155 2967 :

2091 2999 2224 3055 Vidi
2255 3005 2585 3056 consortem
2619 3004 2784 3055 tuum
2821 3005 3167 3071 Patremque
3198 3002 3444 3058 fratrum
3474 3003 3663 3060 Theo-

2019 3089 2251 3156 dorum;
2285 3094 2459 3159 atque
2488 3089 2548 3144 in
2579 3089 2708 3160 ipso
2743 3089 3053 3145 Dominum
3101 3090 3290 3146 Patris
3340 3093 3523 3148 nostri
3555 3097 3663 3149 Pa-

2019 3178 2255 3234 chomii.
2308 3179 2374 3233 Et
2426 3177 2692 3234 Ecclesiae
2744 3177 2894 3234 ﬁlios
2956 3179 3226 3248 intuitus,
3289 3198 3666 3254 summOpere

2015 3268 2285 3339 gravisus
2311 3267 2820 3338 sum,ltctatusque
2843 3266 3076 3323 illorum
3108 3275 3382 3340 aspectu:
3413 3287 3664 3342 quorum

2015 3373 2155 3412 sane
2209 3357 2487 3412 Dominus
2538 3360 2942 3412 remunerator
2990 3361 3097 3412 est.
3141 3357 3405 3430 Cumque
3453 3361 3525 3414 ad
3565 3378 3664 3418 vos

2016 3446 2386 3517 profecturus
2419 3451 2573 3501 esset
2588 3445 3151 3514 Theodorus,aiebat
3180 3447 3326 3502 mihi
3363 3448 3664 3508 :Memento

2012 3534 2124 3589 mei
2151 3551 2170 3588 :
2203 3534 2297 3588 cui
2327 3551 2432 3606 ego
2465 3552 2484 3588 :
2513 3534 2573 3588 Si
2601 3535 2801 3589 oblitus
2828 3537 2986 3605 fuero
3017 3537 3120 3602 tui,
3164 3537 3498 3608 Jerusalem,
3521 3540 3661 3596 obli-

2012 3623 2169 3676 vioni
2197 3623 2355 3677 detur
2382 3623 2609 3678 dextera
2637 3639 2761 3678 mea
2790 3641 2811 3676 :
2841 3623 3123 3680 adhaereat
3151 3625 3342 3695 lingua
3373 3643 3496 3683 mea
3522 3630 3660 3698 fau-

248 3705 553 3780 κολληθείη
612 3711 648 3778 ἡ
700 3707 924 3784 γλῶσσά
1001 3730 1105 3782 μου
1179 3713 1259 3779 τῷ
1334 3707 1560 3784 λάρυγγί
1626 3729 1750 3780 μου,
1813 3707 1900 3762 ἐὰν

2020 3710 2171 3766 cibus
2202 3713 2361 3775 meis,
2393 3713 2442 3765 si
2469 3727 2576 3767 non
2602 3713 2906 3767 meminero
2936 3714 3021 3767 tui
3041 3713 3106 3767 ³⁸.

249 3799 325 3870 μή
360 3819 456 3853 σσυ
491 3819 597 3872 μνη
606 3802 738 3862 σθῶ.

1171 3903 1337 3957 094
1384 3897 1741 3958 SECONDA
1784 3897 2168 3958 EPISTULA
2209 3900 2315 3958 AD
2360 3900 2728 3961 ORSISIUM

569 4006 630 4059 In
661 4005 815 4060 Actis
839 4005 1215 4069 Sanctorum,
1244 4019 1314 4059 ea:
1331 4005 1629 4075 appendice
1659 4008 1787 4059 tom.
1820 4003 1898 4058 III
1928 4005 2131 4058 mensis
2160 4004 2308 4071 Maii,
2337 4020 2394 4074 p.
2425 4005 2514 4070 50,
2547 4007 2609 4059 in
2637 4005 2769 4060 Vita
2796 4007 2980 4061 sancti
3015 4007 3329 4062 Pachomii.

317 4116 585 4179 Ἀκούσας
636 4114 694 4172 δὶ
751 4117 779 4171 ὁ
829 4117 1132 4192 ἁγιώτατος
1191 4117 1619 4191 ἀρχιεπίσκοπος
1671 4117 1897 4180 Ἀθανά-

239 4228 358 4268 σιος
388 4205 514 4280 περὶ
544 4209 642 4261 τοῦ
683 4206 897 4281 ΙΙατρὸς
940 4208 1100 4279 ἡμῶν
1149 4201 1451 4280 Θεοδώρου,
1504 4204 1776 4275 ἐλυπήθη,
1807 4204 1896 4258 καὶ

244 4291 459 4370 ἔπεμψε
509 4295 711 4367 ταύτην
771 4297 870 4365 τήν
946 4293 1242 4362 ἐπιστολὴν
1312 4298 1390 4365 τῷ
1446 4289 1588 4363 ἀϐϐᾷ
1645 4292 1897 4368 Ὠρσισίῳ

234 4387 324 4440 καὶ
380 4393 498 4450 τοῖς
563 4385 843 4465 ἀδελφοῖς,
904 4385 1398 4465 παραμυθούμενος
1455 4384 1650 4446 αὐτοὺς
1700 4384 1786 4438 ἐπὶ
1827 4388 1894 4457 τῇ

233 4479 495 4549 κοιμήσει
536 4480 707 4534 αὐτοῦ
735 4478 907 4541 οὕτως
943 4497 957 4510 ⁸

235 4619 561 4684 Ἀθανάσιος
620 4617 769 4695 ἀϐϐᾆ
841 4619 1119 4695 Ὠρσισίῳ,
1203 4617 1376 4695 ΙΙατρξ
1454 4620 1734 4695 μοναχῶν,
1781 4618 1893 4695 ⁸καὶ

310 4711 442 4748 πασι
527 4699 645 4756 τοῖς
726 4689 818 4749 σὺν
903 4689 1079 4763 αὐτῷ’
1128 4695 1244 4751 τοῖς
1324 4689 1417 4743 τὸν
1499 4689 1712 4762 μονήρη
1764 4689 1892 4814 fiov

321 4765 594 4814 ἀσκοῦσιν-
653 4765 742 4814 καὶ
796 4762 848 4814 ἐν
913 4760 1089 4814 πίστει
1162 4763 1296 4814 Θεοῦ
1369 4757 1702 4814 ἱδρυμένοις.
1797 4782 1891 4814 γα-

321 4765 594 4834 ἇσκοῦσιν,
653 4765 742 4820 καὶ
796 4762 848 4819 ἐν
913 4757 1089 4818 πίστει
1162 4763 1296 4835 Θεοῇ
1328 4757 1710 4835 ’ἱδρυμένοις
1764 4757 1891 4835 ἀγα-

309 4841 508 4908 πητοῖς
582 4827 672 4891 καὶ
747 4835 1156 4894 ποθεινοτάτοις
1230 4827 1512 4909 ἀδελφοῖς,
1589 4831 1640 4885 ἐν
1690 4827 1894 4908 Κυρίῳ

311 4912 550 4986 χαίρειν.

310 5023 548 5072 Ἤκουσα
597 5013 720 5088 περὶ
768 5020 870 5082 τῆς
929 5011 1246 5082 κοιμήσεως
1302 5011 1398 5062 τοῦ
1449 5009 1716 5084 μακαρίου
1764 5018 1890 5066 Θεο-

235 5105 439 5181 δώρου,
472 5101 562 5158 καὶ
594 5101 731 5156 πάνυ
793 5101 924 5173 μετά
975 5097 1194 5166 πολλῆς
1235 5095 1521 5175 φροντίδος
1560 5097 1760 5174 ἤνεγκα
1788 5103 1886 5168 τήν

242 5196 437 5265 ἀκοήν,
470 5189 630 5254 εἰδὼς
682 5191 845 5244 αὐτοῦ
894 5191 954 5244 τὸ
1004 5188 1140 5262 πρὸς
1189 5188 1326 5259 ὑμᾶς
1365 5189 1663 5262 χρήσιμον.
1699 5189 1757 5243 Εἰ
1792 5192 1884 5263 μὲν

232 5282 326 5340 οὖν
363 5285 437 5357 μή
469 5283 531 5357 ᾖν
565 5278 866 5356 Θεόδωρος,
927 5275 1162 5339 πολλοῖς
1201 5274 1258 5330 ἂν
1319 5277 1444 5349 ὑμῖν
1481 5278 1614 5351 μετά
1636 5276 1882 5355 δακρυων

233 5372 563 5449 ἐχρησάμην
623 5370 837 5445 λόγοις,
899 5367 1256 5444 λογιζόμενος
1313 5366 1382 5420 τὰ
1433 5368 1566 5439 μετά
1605 5369 1829 5424 θάνατον
1866 5389 1877 5401 '

231 5460 419 5530 ἒπειδή
483 5459 538 5516 δὲ
597 5458 877 5534 Θεόδωρός
937 5457 1102 5525 ἐστιν,
1161 5456 1218 5510 ὃν
1281 5457 1436 5529 ὑμεῖς
1491 5479 1548 5511 τε
1586 5459 1674 5512 καὶ
1719 5462 1883 5531 ἡμεῖς

233 5550 565 5627 ἐγνώκαμεν,
590 5549 643 5604 τί
675 5548 756 5604 δεῖ
803 5547 1081 5626 γράφοντά
1128 5567 1193 5620 με
1233 5545 1429 5620 λέγειν,
1477 5546 1510 5616 ἤ
1548 5569 1558 5580 ·
1603 5547 1878 5625 Μακάριος

233 5636 516 5713 Θεόδωρος
552 5661 563 5674 ·
621 5639 680 5703 ὃς
741 5639 840 5694 οὐκ
922 5635 1186 5712 ἐπορεύθη
1270 5633 1322 5690 ἐν
1386 5635 1561 5712 βουλῇ
1619 5633 1875 5710 ἀσεϐὦν;

304 5793 349 5829 ³⁵
374 5793 530 5851 Psal.
562 5809 782 5853 cxxxvx.
814 5795 870 5863 5,
899 5794 954 5850 6.

2081 4117 2292 4172 Audita
2322 4119 2732 4174 sanctissimus
2775 4121 3249 4194 archiepiscopus
3300 4125 3654 4184 Athanasius

2007 4207 2061 4257 S.
2098 4204 2282 4259 Patris
2324 4205 2508 4259 nostri
2567 4206 2852 4262 Theodori
2913 4212 3114 4275 morte,
3179 4214 3440 4276 moestus,
3506 4212 3653 4270 hanc

2007 4290 2201 4345 abbati
2232 4292 2449 4347 Orsisio
2481 4298 2537 4348 et
2566 4294 2844 4349 fratribus
2890 4296 3196 4367 epistolam
3247 4299 3499 4370 scripsit,
3535 4318 3652 4374 qua

2007 4385 2308 4450 acceptum
2335 4381 2404 4436 de
2436 4382 2787 4438 dormitione
2816 4385 2943 4453 ejus
2997 4385 3257 4441 dolorem
3293 4387 3538 4445 levaret:

2003 4607 2339 4685 Athanasius
2367 4610 2557 4666 abbati
2600 4613 2823 4668 Orsisio.
2868 4619 3261 4673 monachorum
3309 4623 3490 4685 Patri,
3529 4639 3645 4680 om-

2073 4680 2655 4762 nibusque‘cumjllo
2698 4689 3059 4762 monasticam
3109 4693 3277 4745 vitam
3336 4680 3644 4762 agentibus,

2071 4759 2125 4836 et
2174 4753 2410 4836 inn/ide
2443 4755 2544 4836 υςί
2587 4757 2847 4836 ﬁrmatis,
2874 4759 3108 4836 dilectis
3153 4767 3203 4816 el
3251 4753 3639 4836 οριαῖίεείηιίεζ

2071 4822 2362 4895 fratribus.
2391 4827 2448 4879 iu
2480 4822 2710 4882 Domino
2740 4822 2990 4884 salutem.
3283 4822 3295 4832 ⁷
3421 4843 3424 4846 ‘

2072 5017 2489 5075 Dormitionem
2525 5021 2678 5077 beati
2740 5023 3028 5080 Theodori
3060 5027 3294 5094 edidici,
3344 5047 3450 5086 nec
3517 5033 3644 5089 sine

2001 5123 2213 5179 magna
2235 5108 2626 5166 sollicitudine
2657 5113 2946 5182 ejusmodi
2970 5115 3241 5172 nuntium
3274 5121 3643 5193 aecepi,gna-

1998 5211 2098 5250 rus
2129 5201 2358 5266 quanta:
2395 5199 2517 5268 ipse
2548 5200 2710 5254 vobis
2768 5200 3042 5257 utilitatis
3093 5210 3264 5260 esset.
3327 5209 3392 5262 Et
3423 5226 3563 5266 sane
3592 5212 3644 5268 si

1992 5284 2330 5340 Theodorus
2357 5305 2467 5341 non
2490 5295 2644 5342 esset
2671 5288 2954 5361 ipse,quaa
2987 5298 3235 5350 mortem
3269 5297 3646 5371 subsequun-

1993 5380 2088 5429 tur
2119 5377 2313 5431 animo
2347 5377 2599 5446 volvens,
2638 5378 2804 5432 multi
2830 5381 3254 5451 collacrymans
3283 5404 3386 5444 vos
3417 5406 3648 5447 sermo-

1994 5465 2165 5519 nibus
2185 5465 2851 5537 alloquerer.Atquando
2875 5470 3216 5530 Theodorus
3239 5479 3456 5548 cst,qui
3477 5480 3644 5537 vobis

1994 5555 2207 5626 pariter
2242 5556 2524 5628 nobisque
2558 5562 2729 5612 notus
2761 5564 2906 5622 erat,
2942 5560 3081 5630 quid
3117 5579 3206 5617 me
3240 5565 3393 5620 aliud
3430 5584 3534 5639 par
3554 5573 3645 5626 est

1991 5645 2262 5715 scribere,
2297 5663 2473 5717 quam
2509 5663 2521 5700 :
2559 5648 2752 5703 Beatus
2781 5645 3141 5720 Theodorus,
3164 5655 3262 5723 qui
3283 5672 3395 5712 non
3423 5658 3561 5715 abiit
3581 5660 3640 5716 in
