4074 6354
419 452 538 511 9ἳ9

969 452 1034 511 S.
1079 450 1506 510 ATHANASII
1551 449 1724 510 OPP.
1769 446 1970 506 PARS
2015 446 2061 504 Ι.
2095 476 2172 489 -
2213 441 2619 503 HISTORICA
2674 443 2771 502 ΕΤ
2817 443 3294 507 DOGMATICA.

3723 445 3846 510 980

423 586 654 642 consilio
684 586 984 656 impiorum
1013 584 1058 619 ²⁶
1078 583 1105 637 ’ἲ
1135 582 1298 647 Quod
1331 581 1381 637 si
1414 582 1622 638 beatus
1651 586 1741 636 est
1770 580 1871 652 qui
1902 579 2070 634 timet

2201 571 2345 629 Αλλ’
2375 573 2420 629 εἰ
2481 574 2745 648 μακάριός
2802 571 2941 630 ἐστιν
2993 577 3021 630 6
3052 571 3396 656 φοϐούμενος
3449 578 3541 634 τὸν
3585 577 3788 656 Κύριον
3824 584 3838 600 ⁸

429 674 766 744 Dominum,
794 689 951 727 nunc
980 677 1133 728 certe
1165 671 1411 727 fidenter
1439 670 1675 726 beatum
1727 667 1892 724 illum
1928 667 2072 723 dici-

431 779 725 831 mus,cum
758 761 980 833 absque
1010 760 1129 816 ulla
1159 759 1522 816 dubitatione
1552 759 1832 825 sciamus,
1867 755 2072 829 appul-

428 870 560 910 sum
590 852 754 906 illum
786 850 956 922 quasi
987 851 1057 904 ad
1109 854 1363 922 portum,
1408 850 1533 921 jam
1593 847 1750 904 curis
1799 847 2073 902 omnibus

431 959 613 997 vacua
636 941 747 995 frui
781 939 921 994 vita.
984 938 1218 994 Utinam
1250 938 1459 1009 cuique
1491 941 1754 992 nostrum
1816 935 2071 1007 idipsum

433 1028 830 1102 contigisset?
862 1029 1087 1082 utinam
1123 1027 1394 1099 quisquis
1443 1026 1646 1093 currit,
1679 1030 1800 1081 tam
1835 1023 2078 1080 feliciter

429 1119 700 1176 advenire
732 1118 916 1190 possit
944 1115 956 1171 ι
990 1118 1213 1172 utinam
1248 1115 1519 1189 quisquis
1564 1115 1816 1187 navigat,
1868 1130 2073 1169 navem

430 1209 619 1280 possit
647 1224 816 1263 suam
848 1207 918 1262 ad
949 1204 1337 1277 tranquillum
1359 1206 1631 1260 eumdem
1661 1207 1894 1275 portum
1929 1201 2078 1274 apel-

433 1298 572 1368 lere,
601 1301 667 1352 ut
696 1295 1008 1368 quiescens
1039 1311 1172 1350 cum
1223 1294 1492 1349 Pati-ibus
1551 1293 1707 1348 dicat
1742 1309 1753 1346 :
1790 1293 1887 1348 Hic
1929 1291 2081 1346 habi-

433 1387 848 1458 tabo,quom'am
864 1387 1005 1455 elegi
1025 1400 1146 1439 eam
1165 1386 1208 1418 ³⁷
1237 1386 1248 1439 1
1286 1381 1902 1451 Quamobrem,dilecti
1924 1387 2081 1452 opta-

430 1475 764 1547 tissimique
796 1475 1022 1541 fratres,
1059 1489 1129 1529 ne
1163 1473 1292 1528 flete
1323 1472 1696 1528 Theodorum
1733 1487 1746 1526 :
1784 1487 1897 1526 non
1931 1487 2084 1526 mor-

435 1571 574 1623 tuus
603 1564 820 1637 quippe
850 1568 958 1632 est,
994 1564 1094 1618 sed
1129 1562 1366 1618 dormit.
1394 1562 1473 1617 Ne
1506 1560 1640 1632 quis
1671 1559 1830 1616 illius
1861 1576 2086 1615 memor

434 1655 815 1726 lacrymetur,
847 1653 948 1708 sed
980 1653 1108 1723 ejus
1153 1651 1420 1706 imitetur
1465 1649 1668 1704 vitam.
1703 1649 2081 1720 Nequaquam

437 1744 758 1816 lugendum
782 1741 1080 1798 hominem
1117 1740 1214 1812 qui
1275 1740 1346 1795 ad
1396 1739 1592 1795 locum
1642 1737 1835 1794 luctus
1892 1737 2086 1794 omnis

440 1835 733 1905 expertem
767 1831 1060 1902 profectus
1090 1833 1200 1884 est.
1234 1828 1366 1883 Haec
1395 1827 1560 1882 vobis
1590 1843 1708 1882 una
1736 1824 2084 1896 scripsi,sed

440 1922 546 1977 tibi
579 1919 976 1991 potissimum,
1009 1917 1221 1973 dilecte
1264 1923 1321 1972 et
1367 1916 1736 1987 optatissime
1783 1913 1987 1981 Orsisi,
2023 1919 2088 1969 ut

441 2026 574 2065 cum
599 2009 727 2080 jam
760 2007 859 2063 ille
889 2008 1166 2071 dormiat,
1199 2005 1532 2061 universam
1561 2008 1623 2059 tu
1655 2019 1856 2059 curam
1904 2003 2090 2059 susci-

447 2098 596 2172 pias,
629 2097 906 2164 illiusque
933 2095 1117 2150 vicem
1153 2095 1308 2166 apud
1333 2093 1540 2149 fratres
1573 2091 1871 2164 suppleas,
1896 2092 2088 2147 Enim-

445 2204 581 2244 vero
611 2187 753 2241 dum
785 2189 1118 2256 superesset
1146 2182 1474 2254 ipse,ambo
1505 2181 1673 2252 quasi
1707 2197 1862 2235 unus
1892 2181 2089 2236 eratis:

445 2276 748 2346 alteroque
778 2272 1180 2345 proficiscente
1212 2271 1750 2342 aliquo,'amb0rum
1783 2274 1979 2323 tamen
2013 2269 2095 2323 of-

445 2365 646 2420 ﬁcium
670 2362 1028 2434 implebatur
1053 2379 1065 2416 :
1089 2362 1318 2416 duobus
1343 2361 1482 2415 item
1504 2357 2091 2430 praesentibus,quasi

442 2467 600 2507 unus
631 2449 916 2519 fuissetis,
947 2449 1182 2504 dilectis
1214 2447 1812 2518 utilialoquebamini.
1847 2445 1964 2500 Hac
1987 2459 2093 2516 age

443 2539 690 2601 ratione,
724 2541 898 2608 atque
928 2537 1009 2592 ita
1037 2542 1092 2591 te
1122 2552 1328 2608 gerens
1370 2535 1644 2600 rescribe,
1695 2534 1982 2605 nobisque
2014 2533 2092 2588 si-

444 2627 680 2701 gnifica,
714 2643 841 2698 quae
872 2631 1034 2681 tuam
1066 2626 1430 2695 fratrumque
1461 2627 1731 2695 spectant
1780 2621 2091 2678 incolumi-

442 2721 643 2773 tatem.
679 2716 895 2771 Omnes
925 2721 1120 2770 autem
1155 2731 1292 2783 una,
1326 2730 1485 2785 rogo,
1520 2712 1864 2783 precamini,
1898 2715 1962 2766 ut
1993 2728 2091 2782 pa-

445 2822 572 2862 cem
605 2803 794 2876 magis
825 2803 1132 2875 magisque
1168 2802 1448 2858 Dominus
1479 2799 1756 2856 Ecclesiis
1787 2800 2090 2871 largiatur.

447 2894 641 2950 Licuit
667 2894 824 2948 enim
846 2892 1020 2948 etiam
1051 2908 1236 2963 nuper
1257 2891 1426 2946 nobis
1448 2889 1672 2946 Pascha
1693 2893 2096 2944 Pentecosten-

448 3000 563 3056 que
593 2999 726 3038 cum
753 2981 955 3037 laetitia
997 2981 1290 3037 celebrare
1321 2999 1334 3036 :
1368 2997 1434 3035 ac
1486 2993 1856 3050 summopere
1887 2979 1958 3033 de
1990 2983 2094 3032 Do-

450 3073 596 3129 mini
627 3070 927 3128 beneﬁciis
957 3071 1306 3141 gaudemus.
1349 3074 1480 3124 Haec
1511 3067 1860 3140 scripsimus
1907 3066 2094 3124 vobis.

449 3160 711 3217 Salutate
739 3176 944 3216 omnes
973 3160 1071 3230 qui
1106 3160 1318 3214 timent
1351 3155 1824 3225 Dominum.Vos,
1853 3155 1953 3226 qui
1973 3171 2095 3210 me«

2183 667 2270 716 νῦν
2318 661 2420 738 γὰρ
2487 663 2801 738 μακαρίζειν
2861 663 3292 742 τεθαρῥήκαμεν,
3351 665 3572 742 ἔχοντες
3620 667 3838 746 ἀσφαλῆ

2182 753 2273 808 τὸν
2308 751 2495 826 λόγον,
2542 749 2647 821 ὅτι,
2696 755 3031 825 καταντήσας
3083 753 3264 831 ὥσπερ
3317 755 3392 820 εἷς
3454 755 3672 832 λιμένα,
3705 760 3839 832 apt-

2185 861 2380 916 ριμνον
2419 840 2536 916 βίον
2587 836 2722 916 ἔχει.
2771 839 2899 898 Εἴθε
2945 843 3034 898 καὶ
3085 843 3165 921 ἐφ’
3214 845 3440 901 ἑκάστου
3488 849 3648 920 ἡμῶν
3679 851 3840 903 τοῦτο

2185 927 2443 1007 ἕφθανινὲ
2501 927 2610 994 εἶ’θε
2659 931 2873 1006 τρέχων
2922 929 3146 996 ἕκαστος
3197 931 3368 997 οὕτως
3420 939 3836 1007 καταντήσειενέ

2187 1018 2296 1082 εἴθε
2327 1019 2508 1074 πλέων
2541 1016 2766 1083 ἕκαστος
2794 1024 3200 1098 προσορμήσειε
3221 1027 3361 1098 (24⁶)
3383 1026 3444 1080 τὸ
3475 1022 3615 1081 ἴδιον
3639 1029 3840 1103 σκάφος

2186 1109 2323 1184 πρὸς
2352 1109 2444 1164 τὸν
2480 1109 2812 1184 ἀχείμαστον
2860 1111 2970 1166 ἐκεῖ
3015 1111 3233 1186 λιμένα,
3278 1113 3370 1168 ’ίνα
3423 1114 3556 1187 μετᾶ
3592 1121 3697 1171 τῶν
3735 1139 3839 1172 πα-

2185 1199 2356 1274 τέρων
2415 1198 2825 1273 ἀναπαυόμενος
2901 1200 3033 1278 λέγῃ
3071 1221 3084 1234 ·
3165 1201 3293 1258 Ὧδε
3367 1208 3701 1276 κατοικήσω,
3759 1205 3844 1261 ὅτι

2188 1287 2390 1361 ᾑρέθην
2426 1288 2641 1358 αὐτήνέ
2698 1287 2930 1362 Ούκοῦν,
2990 1292 3265 1366 ἀγαπητοὶ
3323 1294 3413 1348 καὶ
3468 1294 3840 1358 ποθεινότατοι

2189 1374 2441 1453 ἀδελφοὶ,
2491 1378 2565 1449 μὴ
2625 1377 2843 1433 κλαίετε
2916 1379 3196 1456 Θεόδωρον
3232 1400 3244 1412 ·
3308 1383 3371 1436 ού
3413 1383 3514 1458 γὰρ
3568 1381 3844 1452 ἀπέθανεν,

2190 1464 2336 1520 ἀλλά
2368 1464 2635 1523 καθεύδει.
2669 1469 2758 1536 Μή
2805 1466 3115 1544 δασκρυέτω
3153 1491 3235 1532 τις
3270 1471 3629 1544 μνημονεύων
3658 1472 3845 1545 αὐτοῦ,

2190 1554 2336 1610 ἀλλὰ
2367 1553 2624 1624 ζηλούτω
2653 1557 2744 1612 τὸν
2809 1557 2924 1633 βίον
2984 1557 3174 1616 αὐτοῦ.
3234 1561 3316 1617 Οὐ
3365 1557 3447 1615 δεῖ
3491 1562 3598 1636 γὰρ
3648 1559 3736 1616 ἐπὶ
3766 1567 3846 1634 τῷ

2194 1641 2487 1699 ἀπελθόντι
2537 1643 2616 1707 εἷς
2673 1647 2766 1700 τὸν
2832 1646 3040 1702 ἄλυπον
3088 1648 3254 1703 τόπον
3307 1647 3612 1708 λυπεῖσθαι.
3660 1653 3846 1707 Ταῦτα

2195 1729 2254 1787 δὲ
2282 1735 2440 1806 κοινῇ
2473 1732 2599 1806 ὑμὶν
2632 1736 2824 1813 γράφω
2856 1754 2869 1768 ο
2927 1735 3209 1812 ἐξαιρέτως
3266 1735 3323 1792 δὲ
3366 1740 3472 1807 σοὶ,
3525 1736 3569 1791 ὦ
3601 1739 3845 1813 ἀγαπητὶ

2195 1819 2283 1874 καὶ
2331 1821 2674 1878 ποθεινότατε
2723 1823 2975 1899 Ὠρσίσιε,
3029 1823 3146 1895 ἵνα,
3200 1826 3554 1900 κοιμηθέντος
3609 1827 3843 1897 ἐκείνου,

2198 1909 2260 1964 σὺ
2290 1911 2390 1978 τὴν
2423 1908 2560 1980 ὅλην
2603 1911 2865 1989 φροντίδα
2910 1913 3136 1990 ἀναδέξῃ
3173 1933 3187 1947 '
3237 1916 3518 1990 καὶγενοῦ
3543 1917 3656 1972 ἀντ’
3680 1916 3846 1973 αὐτοῦ

2198 2003 2314 2059 τοῖς
2361 1995 2636 2075 ἀδελφοῖς.
2672 2003 2767 2056 Καὶ
2809 2002 2913 2078 γὰρ
2969 2003 3256 2077 περιόντος
3285 2003 3514 2076 ἐκείνου,
3548 2005 3847 2082 ἀμφότεροι

2201 2088 2277 2151 ὡς
2333 2089 2405 2149 εἶς
2462 2087 2781 2164 ἐτυγχάνετε
2809 2110 2821 2122 ·
2871 2093 2960 2146 καὶ
3021 2092 3134 2154 ἑνὸς
3186 2090 3626 2166 ἀποδημοῦντος,
3676 2093 3849 2165 ἐπλη-

2205 2179 2364 2250 ροῦτο
2397 2178 2431 2246 ἠ
2464 2181 2570 2232 τῶν
2607 2175 2704 2232 δύο
2737 2178 2918 2254 χρεία,
2950 2180 3039 2236 καὶ
3069 2185 3178 2236 τῶν
3211 2179 3307 2237 δύο
3338 2181 3619 2258 παρόντων
3652 2185 3730 2246 ὡς
3780 2185 3851 2246 εἷς

2202 2262 2455 2339 ἰγίνεσθε,
2485 2271 2602 2328 τοῖς
2644 2267 2947 2343 ἀγαπητοῖς
3000 2269 3068 2324 τὰ
3115 2270 3251 2346 πρὸς
3278 2270 3544 2348 ὠφέλειαν
3586 2271 3852 2346 ὁμιλοῦν-

2200 2374 2307 2416 τες.
2340 2355 2529 2418 Οὕτως
2563 2355 2654 2411 οὖν
2686 2364 2907 2433 πρᾶττε,
2935 2359 3077 2414 οὕτω
3107 2365 3278 2414 ποιῶν
3310 2360 3480 2439 γράφε
3502 2362 3591 2416 καὶ
3622 2365 3853 2435 σήμαινε

2201 2445 2337 2515 ἡμῖν
2369 2446 2490 2520 περὶ
2541 2452 2640 2516 τῆς
2679 2452 2904 2502 σεαυτοῦ
2960 2450 3047 2502 καὶ
3097 2452 3202 2514 τῆς
3254 2446 3624 2528 ἀδελφότητος
3671 2473 3856 2523 σωτη-

2204 2531 2342 2607 ρίας.
2378 2533 2474 2586 Καὶ
2511 2533 2730 2608 εῧχισθε
2761 2538 2951 2608 (24“’),
2980 2538 3302 2613 παρακαλῶ,
3334 2543 3492 2612 κοινῇ
3522 2541 3738 2609 πάντες,
3765 2539 3854 2595 ’ἕνα

2204 2619 2291 2675 ἐπὶ
2322 2619 2489 2676 πλέον
2542 2622 2766 2698 εἰρήνην
2819 2620 3090 2700 βραϐεύσῃ
3125 2632 3244 2688 ταῖς
3297 2625 3648 2698 Ἐκκλησίαις
3679 2631 3708 2684 6
3741 2628 3854 2686 Κύ-

2204 2729 2343 2783 ριος.
2374 2711 2474 2766 Καὶ
2515 2712 2618 2786 γὰρ
2668 2712 2757 2767 καὶ
2803 2718 2897 2768 νῦν
2949 2716 3064 2787 μετ’
3109 2714 3356 2789 εᾶθυμία,
3415 2717 3746 2791 ὲορτάσαμεν
3790 2719 3852 2773 τό

2201 2819 2259 2852 τε
2317 2797 2512 2875 Πάσχα
2568 2799 2656 2856 καὶ
2710 2803 2807 2870 τήν
2873 2805 3274 2874 ΙΙεντηκοστὴν,
3331 2806 3420 2859 καὶ
3481 2805 3852 2881 εὐφραίνομεν

2191 2885 2291 2942 ἐπὶ
2349 2894 2466 2950 ταῖς
2512 2894 2608 2944 τοῦ
2657 2891 2860 2963 Κυρίου
2916 2891 3260 2969 εὐεργεσίαις.
3312 2893 3651 2970 Ἐγράψαμεν
3699 2897 3855 2969 ὑμῖν.

2206 2977 2646 3053 ῘΙροσαγοριυετε
2690 2980 2888 3043 πάντας
2939 2981 3067 3044 τοὺς
3094 2977 3467 3060 φοϐουμένους
3501 2985 3592 3038 τὸν
3626 2985 3854 3056 Κύριον.

2206 3066 2710 3142 Ιῐροσαγορεύουσιν
2766 3071 2904 3142 ὑμᾶς
2955 3071 3007 3124 οἱ
3034 3072 3126 3125 σὺν
3177 3070 3323 3144 ἐμοί.
3373 3070 3671 3148 Ἐῤῥῶσθαι
3722 3074 3864 3147 ὑμᾶς

2207 3151 2258 3207 ἐν
2295 3154 2476 3227 Κυρίῳ
2507 3153 2767 3230 εὔχομαι,
2801 3159 3072 3234 ἀγαπητοὶ
3097 3160 3186 3214 καὶ
3213 3161 3584 3224 ποθεινότατοι
3608 3159 3861 3240 ἀδελφοί,

457 3265 592 3305 cum
627 3253 766 3304 sunt
799 3247 1081 3303 salutant.
1114 3245 1320 3302 Valere
1347 3262 1452 3302 vos
1481 3246 1541 3301 in
1572 3244 1820 3300 Domino
1849 3247 2078 3314 exopto,
2111 3241 2304 3298 dilecti
2329 3247 2388 3298 et
2419 3246 2769 3316 optatissimi
2803 3248 3028 3304 fratres.

946 3391 1347 3452 NARRATIO
1393 3388 1809 3451 ATHANASII
1855 3387 1954 3447 AD
1999 3385 2439 3449 AMMONIUM
2494 3389 2941 3454 EPISCOPUM
2987 3393 3088 3454 ET
3130 3393 3358 3454 ALIOS

1629 3503 1696 3540 ΒΕ
1735 3502 1863 3541 FUGA
1903 3501 1994 3539 SUA
2034 3501 2126 3539 SUB
2163 3500 2378 3540 JULHNO
2417 3502 2669 3552 AUGUSTO,

452 3589 719 3658 Excerpta
751 3602 820 3642 ex
844 3587 1141 3658 appendice
1169 3585 1239 3642 ad
1271 3589 1412 3640 Acta
1443 3585 1792 3640 Sanctorum
1825 3592 1972 3638 (omo
1995 3580 2065 3637 111
2091 3584 2295 3638 mensis
2325 3583 2483 3649 Maii,
2510 3601 2566 3655 ρ.
2597 3585 2662 3640 71
2696 3604 2715 3640 ,ο
2745 3585 2919 3656 digna
2947 3603 3079 3644 sane
3107 3602 3232 3660 quae
3258 3589 3347 3644 hic
3373 3597 3690 3661 apponatur
3717 3590 3862 3662 (25).

519 3713 800 3768 Caeterum
836 3711 974 3782 quia
1002 3711 1207 3766 beatus
1236 3727 1387 3782 papa
1417 3709 1796 3778 Athanasius,
1826 3723 1938 3774 me,
1972 3723 2093 3762 om-
2127 3707 2170 3772 C

449 3801 613 3857 nium
647 3801 914 3865 minimo,
966 3799 1212 3868 aliisque
1259 3799 1526 3854 Ecclesiae
1563 3797 1962 3852 Alexandrina:
1989 3797 2100 3852 cle-

451 3890 588 3947 ricis
620 3889 1038 3962 prmsensibus,
1075 3889 1248 3944 beata:
1281 3887 1574 3943 memoria:
1612 3888 1736 3942 viro
1764 3886 2096 3956 Ammonio,

450 3979 551 4052 qui
584 3981 693 4034 fuit
715 3979 1026 4050 episcopus
1059 3976 1388 4043 Elearchiae,
1410 3983 1468 4033 et
1497 3977 1774 4032 Hermoni
1805 3976 2096 4031 Bumasti-

450 4086 676 4134 corum,
726 4069 784 4124 in
837 4069 1046 4139 Magna
1095 4066 1351 4122 Ecclesia
1396 4067 1468 4122 de
1515 4065 1820 4122 Theodoro
1871 4064 2094 4136 aliquid

451 4157 766 4226 enarravit,
803 4157 957 4229 quod
1011 4161 1174 4211 tuam
1227 4155 1500 4210 existimo
1549 4154 1920 4209 sanctitatem
1972 4158 2096 4207 tum

455 4251 800 4319 praesentem
835 4245 1133 4302 audivisse
1169 4262 1181 4299 :
1215 4261 1398 4314 operas
1425 4244 1674 4314 pretium
1709 4242 1870 4310 duxi,
1905 4247 1988 4310 ut,
2022 4243 2092 4298 ad

450 4335 840 4390 renovandam
874 4339 985 4389 tuaa
1020 4333 1218 4405 pietati
1253 4349 1455 4388 eorum
1489 4332 1931 4399 memoriam,ea
1963 4348 2095 4386 con-

448 4423 703 4478 cribam
737 4438 866 4493 qua:
896 4422 1128 4477 locutus
1155 4426 1261 4476 est.
1293 4426 1436 4476 Cum
1468 4420 1774 4476 memorati
1803 4420 2092 4492 espiscopi

445 4511 681 4566 beatum
715 4511 1071 4566 mirarentur
1101 4510 1416 4564 Antonium
1455 4509 1613 4580 (nam
1666 4526 1819 4581 saepe
1866 4526 2000 4566 cum
2027 4527 2092 4566 eo

445 4599 656 4672 agebat
687 4599 1001 4667 Antonius)
1032 4597 1162 4654 illos
1196 4615 1346 4671 papa
1375 4598 1733 4655 Athanasius
1759 4598 1844 4654 sic
1874 4598 2092 4655 allocu-

445 4693 545 4745 tus
575 4693 666 4745 est
698 4705 711 4743 :

515 4778 647 4834 Vidi
677 4777 854 4834 etiam
884 4777 1248 4849 temporibus
1290 4777 1448 4832 hisce
1497 4792 1740 4849 magnos
1771 4777 1866 4833 Dei
1902 4778 2089 4834 homi-

443 4886 570 4937 nes,
597 4868 963 4924 Tbeodorum
988 4866 1550 4922 'I‘abennesiotnrum
1584 4867 1732 4925 695
1770 4869 2090 4925 monacho-

444 4974 576 5012 rum
639 4956 998 5029 praefectum,
1063 4959 1405 5026 Patremque
1464 4955 1889 5011 monachorum
1935 4959 2090 5013 circa

2280 3703 2500 3776 Ἐπειδή
2544 3706 2601 3763 δὲ
2648 3708 2850 3786 φθάσας
2901 3711 2930 3766 6
2983 3712 3239 3787 μακὲριος
3287 3713 3468 3774 πάπάς
3519 3711 3860 3782 Ἀθανάσιος,

2205 3793 2484 3869 παρούσης
2513 3803 2611 3866 τῆς
2639 3797 2778 3870 ὲμῆς
2823 3799 3188 3874 βραχύτητος,
3228 3800 3318 3855 καὶ
3355 3799 3540 3856 ἄλλων
3569 3800 3856 3874 κληρικῶν

2204 3891 2303 3952 τῆς
2335 3883 2730 3959 ’Δλεξανδρὲων
2772 3887 3124 3958 Ἐκκλησίας,
3173 3887 3225 3944 ἰν
3275 3892 3344 3962 τῇ
3379 3887 3588 3966 μεγάλῃ
3617 3889 3856 3962 Ἐκκλη-

2209 3971 2316 4044 σία,
2375 3979 2454 4046 τῷ
2513 3975 2763 4050 μακαρίῳ
2837 3980 2904 4050 τῇ
2968 3979 3156 4053 μνήμῃ
3234 3978 3529 4051 Ἀμμωνίῳ
3578 3977 3860 4053 ἐπισκόπῳ

2204 4061 2481 4136 γενομένῳ
2513 4071 2614 4133 τῆς
2648 4062 3001 4140 Ἐλαιαρχίας
3051 4068 3188 4139 (26),
3235 4065 3326 4121 καὶ
3375 4070 3621 4140 Ἕρμωνι
3650 4072 3729 4138 τῷ
3757 4075 3860 4137 τῆς

2206 4155 2612 4223 Βουμαστικῶν,
2646 4154 2762 4208 εἶπέ
2799 4175 2848 4208 τι
2899 4155 3020 4230 περὶ
3071 4152 3359 4232 Θεοδώρου
3392 4175 3403 4188 ·
3432 4155 3643 4229 νομίζω
3675 4153 3732 4210 δὶ
3763 4158 3861 4211 καὶ

2204 4241 2301 4309 τήν
2360 4241 2458 4309 σὴν
2518 4243 2780 4316 ἁγιότητα
2821 4247 3092 4318 παροῦσαν
3136 4243 3259 4298 τότε
3306 4243 3597 4314 ἀκηκοέναι
3633 4265 3645 4278 ·
3688 4244 3860 4320 ἀναγ-

2205 4335 2358 4384 καῖον
2417 4330 2554 4404 πρὸς
2611 4329 2919 4404 ἄπόμνησιν
2972 4339 3074 4402 τῆς
3129 4339 3227 4402 σῆς
3285 4328 3570 4397 εὐλαϐείας
3615 4333 3649 4387 ἃ
3705 4333 3855 4390 εἶπεν

2204 4419 2416 4495 γράφω.
2477 4422 2600 4476 Τῶν
2656 4421 3134 4493 μνημονευθέντων
3183 4420 3493 4477 ἐπισκόπων
3543 4422 3857 4495 Θαυμαζόν-

2200 4529 2307 4562 των
2360 4509 2452 4562 τὸν
2509 4510 2774 4584 μακάριον
2838 4511 3127 4566 Ἀντώνιον
3180 4509 3479 4583 (πολλάκις
3542 4510 3644 4586 γὰρ
3702 4510 3854 4584 αύτῷ

2203 4597 2495 4658 Ἀντώνιος
2552 4599 2832 4673 συντυχὼν
2877 4598 2987 4671 ἦν),
3038 4599 3066 4653 6
3123 4597 3304 4660 πάπας
3356 4599 3672 4663 Ἀθανάσιος
3712 4600 3853 4674 πρὸς

2201 4684 2394 4747 αὐτοὺς
2426 4681 2528 4760 ἔφη
2559 4706 2571 4720 ο

2273 4773 2426 4830 Εἶδον
2478 4775 2566 4830 καὶ
2618 4774 2669 4830 ἐν
2715 4781 2829 4838 τοῖς
2879 4781 3088 4846 καιροῖς
3134 4778 3347 4840 τούτοις
3395 4775 3714 4854 ἀνθρώπους
3755 4783 3852 4833 τοῦ

2200 4869 2335 4924 Θεοῦ
2393 4868 2684 4942 μεγάλους,
2744 4866 3024 4944 Θεόδωρον
3073 4872 3164 4925 τὸν
3211 4873 3533 4947 ἡγιασμένον
3743 4876 3851 4926 τῶν

2201 4953 2584 5028 Ταόεννησίων
2617 4963 2896 5033 μοναχῶν,
2925 4957 3015 5013 καὶ
3057 4961 3181 5034 περὶ
3223 4960 3323 5029 τὴν
3367 4961 3645 5017 Ἀντινόου
3678 4981 3849 5030 μονα-

444 5045 785 5115 Antinoum,
819 5045 911 5099 cui
956 5061 1167 5100 nomen
1202 5044 1384 5099 abbas
1417 5044 1794 5115 Pammo,qui
1829 5045 1986 5101 haud
2009 5047 2089 5102 ita

2201 5052 2320 5122 χῶν
2357 5047 2588 5120 Πατέρα,
2620 5041 2762 5101 ἀϐϐἁ
2812 5048 3064 5121 Πάμμων
3105 5046 3370 5122 τοῦνομα,
3425 5045 3486 5104 οἷ’
3509 5048 3617 5126 πρὸ
3648 5047 3850 5125 ὀλίγου

441 5133 664 5206 pridem
698 5133 1230 5188 obdormiere.Cum
1263 5132 1417 5187 enim
1453 5149 1543 5187 me
1573 5131 1670 5187 illo
1701 5136 1963 5206 tempore
1983 5136 2087 5191 Ju-

442 5223 634 5278 lianus
682 5226 1148 5294 persequeretur,
1200 5227 1685 5292 expectaremque
1731 5238 1823 5277 me
1872 5224 1944 5279 ab
1987 5224 2085 5280 illo

436 5311 903 5368 interﬁciendum
941 5311 1240 5382 fore,quod
1276 5311 1538 5381 germani
1572 5311 1910 5366 nuntiarant
1939 5315 2082 5369 ami-

435 5402 487 5457 ci
522 5421 534 5458 :
565 5403 679 5457 duo
701 5402 1004 5457 memorati
1034 5401 1138 5455 viri
1165 5401 1419 5472 quadam
1442 5399 1533 5456 die
1555 5401 1626 5456 ad
1649 5417 1741 5456 me
1763 5403 2081 5459 Antinoum

503 5519 547 5554 ’°
577 5517 728 5574 Psal.
766 5535 805 5582 1,
843 5518 894 5572 1.
971 5517 1014 5550 ³⁷
1045 5515 1196 5570 Psal.
1221 5532 1409 5585 cxxxr,
1443 5517 1528 5571 14.

504 5634 644 5704 (24⁹)
676 5635 864 5700 Forte,
897 5631 1308 5704 προσορμίσειε.
1346 5635 1501 5687 EDIT.

512 5699 680 5778 (24“)
709 5699 898 5775 Vulg.,
921 5699 1193 5778 εὔχεςθαι,
1227 5707 1292 5758 ut
1320 5720 1503 5778 saepe,
1525 5723 1578 5778 αι
1613 5721 1715 5774 pro
1748 5722 1791 5758 ε.
1827 5705 1984 5764 Eni'r.

509 5775 621 5845 (25)
652 5775 1036 5831 Pronuntiata
1067 5779 1197 5847 post
1227 5791 1444 5830 annum
1477 5775 1602 5830 363.

2199 5137 2574 5207 κεκοίμηνται.
2607 5137 2699 5197 Ὠς
2729 5137 2832 5211 γὰρ
2881 5133 3033 5208 ἤμην
3079 5133 3334 5213 διωχθεὶς
3385 5137 3486 5192 ὑπὸ
3520 5135 3848 5208 Ἰουλιανοῦ,

2195 5227 2282 5282 καὶ
2317 5223 2634 5301 προσδοκῶν
2669 5226 3016 5297 ἀναιρεθῆναι
3067 5226 3156 5280 ἀπ’
3200 5227 3363 5282 αὐτοῦ
3396 5225 3701 5301 (δεδήλωτο
3743 5229 3848 5302 γάρ

2200 5338 2292 5389 μοι
2347 5320 2509 5370 τοῦτο
2570 5315 2672 5368 ὑπὸ
2724 5314 2966 5388 γνησίων
3042 5313 3259 5387 ἦλθον),
3320 5316 3372 5370 οἱ
3433 5313 3528 5371 δύο
3569 5314 3721 5371 οὗτοι
3774 5317 3852 5379 εἷς

2191 5407 2290 5474 τὴν
2325 5406 2600 5460 Ἀντινόου
2631 5403 2766 5477 πρὸς
2812 5404 2877 5476 μὲ
2931 5402 2982 5458 ἐν
3032 5409 3131 5476 μιᾷ
3172 5403 3374 5480 ἡμέρᾳ.
3405 5404 3507 5463 Καὶ
3544 5405 3853 5481 βουλευσά-

2266 5637 2377 5707 (26)
2410 5633 2758 5709 Ἐλεαρχίας,
2793 5635 2919 5709 vide
2950 5653 3216 5709 suprap.
3247 5641 3372 5696 619.

2265 5710 2376 5781 (27)
2405 5707 2734 5780 Legeddum
2765 5707 2992 5764 videtur
3011 5707 3335 5783 ἡγούμενον.
