4074 6348
307 452 421 515 981

930 445 1033 508 DE
1075 448 1666 513 INCARNATIONE
1711 454 1810 512 ET
1853 452 2166 514 CONTRA
2213 453 2579 515 ARIANOS.
2615 488 2693 498 -—
2720 451 3116 515 MONITUM.

3608 456 3727 517 982

313 602 473 656 μενος
517 573 783 655 κρυϐῆναι
832 576 979 653 παρὰ
1026 575 1324 655 Θεοδώρῳ,
1376 575 1577 653 ἐπέϐην
1624 584 1706 654 τῷ
1754 581 1957 637 ἐκείνου

2074 585 2531 641 venerunt.Tum
2564 600 2692 658 ego,
2724 587 2960 657 sumpto
2992 582 3236 640 consilio
3267 586 3333 639 ut
3362 585 3517 656 apud
3546 582 3726 643 Theo-

308 668 499 743 πλοίῳ
548 670 810 731 πάντοθεν
858 663 1288 742 κεκαλυμμὲνῳ,
1349 668 1771 747 προπέμποντος
1816 673 1964 744 ἡμᾶς

310 761 395 817 καὶ
458 752 602 814 ἆϐὄᾶ
644 754 981 831 Πάμμωνος.
1030 756 1130 812 Καὶ
1177 760 1274 812 τοῦ
1321 759 1529 833 ἀνέμου
1581 757 1964 832 ἀνεπιτηδείου

309 849 631 927 γενομὲνου,
689 844 799 922 ἐγὼ
850 846 944 921 μὲν
996 846 1245 922 ἀγωνιῶν
1295 851 1365 923 τῇ
1408 846 1603 924 καρδίᾳ
1647 849 1964 926 προσηυχό-

313 957 444 1013 μην’
506 937 559 992 οἱ
612 932 669 991 δὲ
723 933 857 1009 μετὰ
913 932 1199 1012 Θεοδώρου
1254 938 1596 1010 μονάζοντες,
1655 936 1961 1009 ἐξελθόντες

309 1024 606 1104 παρεῖλκον
638 1025 701 1080 τὸ
753 1023 976 1082 πλοῖον.
1008 1024 1112 1081 Καὶ
1158 1019 1301 1080 ἀϐϐἆ
1350 1026 1599 1100 Πάμμων
1647 1027 1963 1103 ἀγωνιῶντά

313 1138 380 1191 με
428 1112 914 1192 παραμυθούμενος
961 1109 1143 1191 ἔλεγεν
1193 1117 1329 1189 (28)”
1388 1114 1675 1171 Πίστευσόν
1729 1137 1822 1189 μοι
1876 1114 1962 1171 λε-

307 1226 485 1282 γοντι,
537 1203 646 1279 οὐχ
696 1200 869 1265 οὕτως
917 1197 1034 1278 ἔχω
1082 1207 1404 1268 πεποιθυῖαν
1442 1205 1543 1274 τὴν
1582 1203 1802 1280 καρδίαν
1857 1226 1960 1279 μου

307 1294 358 1351 ἐν
392 1298 568 1370 καιρῷ
617 1293 865 1366 εἰρήνης,
914 1294 987 1355 ὡς
1037 1291 1089 1347 ἐν
1137 1298 1253 1355 τοῖς
1297 1297 1396 1349 τοῦ
1441 1291 1692 1370 διωγμοῦ
1722 1301 1957 1370 καιροῖς.

308 1381 633 1460 Τεθάρῥηκα
660 1381 786 1458 γὰρ,
840 1379 922 1437 ὅτι
973 1381 1106 1459 ὑπὲρ
1155 1387 1390 1459 Χριστοῦ
1440 1382 1693 1459 πάσχων,
1742 1384 1830 1439 καὶ
1879 1386 1959 1457 τῷ

310 1473 450 1530 {Atei
481 1470 645 1527 αὐτοῦ
676 1469 1108 1545 δυναμούμενος,
1141 1469 1234 1526 κᾶν
1277 1473 1560 1549 άναιρεθῶ,
1614 1466 1690 1528 ἔτι
1744 1470 1957 1547 μᾶλλον

312 1562 544 1638 εὑρίσκω
602 1562 728 1638 παρ’
804 1560 953 1633 αύτῷ
1015 1556 1193 1624 ἕλεος.
1243 1561 1343 1616 Καὶ
1400 1560 1477 1617 ἔτι
1539 1583 1644 1635 μου
1703 1562 1958 1639 λεγοντος

308 1654 497 1721 ταῦτα,
553 1647 833 1725 Θεόδωρος
879 1648 1179 1713 ἐνατενίσας
1211 1645 1354 1723 ἆϐϐᾷ
1401 1649 1672 1725 Πάμμωνι
1724 1649 1959 1726 ἐμειδία-

314 1762 393 1797 σε*
425 1740 516 1809 καὶ
546 1736 744 1816 σχεδὸν
774 1736 1103 1814 γελάσαντος
1139 1733 1282 1794 ἆϐὅᾶ
1312 1740 1649 1813 Πάμμωνος,
1703 1739 1807 1816 ἐγὼ
1864 1741 1960 1813 μὲν

309 1831 447 1908 πρὸς
494 1828 689 1892 αὐτοὺς
735 1824 893 1906 ἔφην·
947 1827 1097 1884 Διατί
1139 1826 1450 1905 ἐγελάσατε,
1499 1831 1667 1885 ταῦτά
1728 1851 1835 1903 μου
1866 1827 1957 1884 λε-

307 1919 692 2022 γοντος’ἇρὲ
713 1913 938 2022 ,δειλίας
964 2003 988 2022 η
1018 1938 1125 1990 μου
1170 1916 1512 2022 κατέγνωτε
1543 1914 1863 2022 ,Θεύδωροὶ
1901 1915 1958 2022 δὲ
1989 1957 2035 2022 Β

307 2008 444 2085 πρὸς
475 2001 618 2064 ἀ66ἆ
648 2007 937 2081 Πάμμωνα
964 2003 1090 2085 ἔφη·
1125 2004 1259 2062 Εῗπὲ
1288 2005 1434 2079 αὐτῷ
1478 2003 1567 2061 διὰ
1610 2006 1662 2061 τί
1710 2004 1949 2081 ἰμειδιά-

307 2116 499 2172 σαμεν.
549 2097 649 2152 Καὶ
727 2088 870 2151 ἆϐὅᾶ
931 2094 1246 2170 Πάμμωνος
1322 2095 1588 2165 εἰπόντος,
1648 2096 1724 2150 Σὺ
1783 2095 1949 2152 εἰπεῖν

310 2185 574 2265 ὀφείλεις,
606 2182 886 2262 Θεόδωρος
919 2178 1042 2264 ἔφη’
1077 2183 1260 2259 Ταύτῃ
1307 2188 1376 2260 τῇ
1410 2183 1525 2262 ὥρᾳ
1555 2182 1790 2262 ἀνῃρέθη
1823 2186 1953 2243 Ἰου-

309 2273 496 2338 λιανὸς
545 2273 598 2331 ἐν
660 2273 923 2350 Περσίδι⁶
984 2275 1301 2351 προειρήκει
1358 2276 1462 2351 γὰρ
1518 2274 1643 2352 περὶ
1700 2274 1864 2330 αὐτοῦ
1924 2276 1952 2329 6

308 2366 440 2428 Θεὸς
513 2363 709 2426 οὕτως’
784 2365 844 2421 '0
919 2360 977 2419 δὲ
1047 2362 1436 2437 κατοιόμενος,
1512 2364 1953 2443 καταφρονητὴς,

308 2454 447 2530 ἀνὴρ
499 2452 719 2524 ἀλαζὼν
777 2450 932 2508 οὐδὲν
989 2452 1052 2508 ού
1114 2454 1191 2526 μὴ
1244 2458 1465 2529 περανεῖ
1497 2494 1510 2508 .
1570 2455 1953 2525 Ἀναστήσεται

313 2541 372 2600 δὶ
404 2541 659 2620 βασιλεὺς
703 2542 1048 2618 Χριστιανὸς,
1098 2539 1244 2605 ὅστις
1291 2541 1547 2619 λαμπρὸς
1598 2542 1716 2616 μὲν,
1767 2541 1954 2617 ὀλιγό-

311 2626 430 2695 6ιος
481 2629 537 2688 δὲ
595 2630 762 2689 ἔσται.
824 2631 917 2686 Διὸ
952 2631 1074 2686 -ούκ
1124 2628 1361 2709 ὀφείλεις
1411 2630 1499 2687 ἐπὶ
1552 2633 1651 2702 τήν
1711 2626 1958 2704 Θηϐαίδα

309 2718 685 2795 σκυλλόμενος
712 2718 987 2790 ἀπελθεῖν,
1019 2718 1148 2776 ἀλλ’
1176 2718 1252 2782 εἲς
1294 2721 1384 2775 τὸν
1434 2721 1727 2794 κομιτάτον
1782 2719 1955 2792 λελη-

314 2812 488 2877 θότως
533 2809 798 2886 γενέσθαι·
849 2808 1097 2884 συντεύξῃ
1142 2808 1246 2886 γὰρ
1302 2808 1450 2883 αὐτῷ
1496 2810 1612 2865 καθ’
1669 2807 1815 2881 ὁδὸν,
1865 2809 1955 2866 καὶ

312 2897 550 2977 γνησίως
604 2894 928 2975 ὑποδεχθεὶς
978 2899 1104 2974 παρ’
1162 2898 1351 2968 αὐτοῦ,
1396 2897 1679 2970 ἐπανήξεις
1720 2897 1798 2962 εἷς
1855 2900 1956 2969 τὴν

317 2986 667 3059 Ἐκκλησίαν.
716 2987 815 3043 Καὶ
865 2987 1039 3051 οὕτως
1086 2987 1288 3050 ἐκεῖνος
1336 2988 1529 3064 τάχιον
1566 2988 1667 3043 ὑπό
1696 2992 1793 3044 τοῦ
1825 2993 1958 3044 Θεοῦ

317 3076 790 3153 προληφθήσεται.
848 3078 948 3133 Καὶ
1004 3078 1218 3153 γέγονεν
1279 3077 1471 3140 οὕτως.
1532 3080 1689 3143 ’Ὀθεν
1721 3077 1959 3134 πιστεύω

311 3165 563 3231 πολλοὺς
610 3163 1025 3244 εύαρεστοῦντας
1079 3170 1157 3239 τῷ
1204 3170 1320 3240 Θεῷ
1367 3165 1421 3222 ἐν
1464 3173 1580 3231 τοῖς
1634 3169 1956 3241 μονάζουσιν

316 3255 552 3331 μάλιστα
579 3255 925 3332 κρύπτεσθαι.
974 3255 1213 3312 κάκεῖνοι
1258 3256 1362 3333 γὰρ
1394 3255 1748 3319 λανθάνοντες
1800 3257 1955 3329 ἦσαν,

2071 672 2281 728 dorum
2316 673 2578 745 laterem,
2594 675 2722 746 ejus
2745 672 3072 730 naviculam
3104 671 3361 745 undique
3391 678 3722 747 coopertam

2071 761 2406 830 conscendi,
2436 762 2646 819 abbate
2674 761 2992 818 Pammone
3021 778 3129 817 nos
3161 760 3397 817 honoris
3426 778 3605 820 causa
3634 780 3725 819 co-

2071 850 2337 907 mitante.
2371 851 2555 909 Vento
2586 855 2780 908 autem
2815 851 3011 907 minus
3043 866 3319 923 prospero
3350 850 3721 924 ﬂante,equi-

2071 940 2204 997 dem
2237 942 2411 997 corde
2441 940 2649 997 anxius
2683 940 2997 1013 precabar;
3029 940 3126 1012 qui
3166 956 3298 995 vero
3349 956 3483 996 cum
3532 940 3720 997 Theo-

2071 1028 2211 1084 doro
2241 1033 2408 1085 erant
2438 1029 2729 1101 monachi,
2762 1028 3004 1101 egressi,
3030 1027 3356 1085 naviculam
3387 1028 3721 1087 trahebant.

2068 1116 2335 1190 Cumque
2364 1118 2544 1175 abbas
2575 1119 2836 1189 Pammo,
2870 1121 3211 1173 maerentem
3244 1133 3337 1173 me
3365 1118 3722 1190 {consolare—

2071 1210 2184 1273 tur,
2227 1207 2500 1278 respondi
2533 1225 2546 1264 :
2578 1208 2757 1263 Crede
2805 1205 3123 1263 afﬂrmanti
3174 1205 3341 1276 mihi,
3394 1224 3510 1263 non
3558 1210 3725 1265 tanta

2067 1299 2333 1369 tempore
2363 1296 2524 1369 pacis
2555 1296 2713 1351 cordi
2748 1313 2876 1352 meo
2904 1295 3120 1352 fiducia
3150 1294 3557 1367 inest,quanta
3582 1299 3726 1352 tem-

2072 1401 2209 1457 pore
2239 1384 2930 1457 persecutionis.Conﬁdo
2961 1384 3200 1457 quippe,
3234 1400 3325 1440 me
3357 1401 3460 1457 pro
3492 1384 3723 1441 Christo

2066 1473 2407 1546 patientem,
2477 1478 2653 1545 atque
2706 1474 2835 1545 ejus
2896 1473 3301 1530 misericordia
3360 1473 3720 1544 roboratum,

2067 1562 2296 1620 etiamsi
2327 1563 2579 1635 occidar,
2613 1562 2798 1620 multo
2830 1564 3111 1634 majorem
3145 1561 3605 1619 misericordiam
3650 1563 3722 1620 ab

2067 1669 2136 1709 eo
2185 1656 2661 1709 consecuturum.
2715 1652 2845 1708 Haec
2894 1652 3070 1708 verba
3118 1652 3369 1707 necdum
3399 1651 3723 1726 compleve-

2068 1757 2214 1811 ram,
2247 1757 2381 1797 oum
2412 1741 2756 1798 Theodorus
2785 1740 3057 1798 abbatem
3104 1745 3488 1797 Pammenem
3537 1739 3717 1796 intui-

2065 1830 2439 1903 tus,subrisit
2462 1845 2475 1888 :
2502 1834 2559 1886 et
2587 1847 2721 1887 cum
2752 1846 2900 1904 pene
2930 1830 3212 1887 arrideret
3241 1830 3424 1886 abbas
3453 1830 3717 1898 Pammo,

2067 1918 2237 1987 Quid,
2287 1919 2553 1992 inquam,
2606 1936 2700 1975 me
2748 1919 2861 1976 ista
2890 1919 3227 1991 loquentem
3258 1918 3464 1975 ridetis
3498 1937 3510 1975 :
3544 1936 3616 1974 an
3650 1935 3721 1975 ne

2063 2008 2399 2066 timiditatis
2434 2008 2728 2082 arguitis?
2755 2009 2905 2065 Tum
2936 2009 3007 2065 ad
3035 2009 3415 2065 Pammenem
3451 2007 3710 2064 Theodo-

2062 2114 2163 2155 rus
2199 2116 2212 2157 :
2246 2098 2347 2154 Dic
2376 2097 2485 2166 illi,
2515 2098 2615 2166 ait,
2649 2114 2780 2171 quae
2804 2097 2883 2155 sit
2911 2098 3082 2154 nobis
3113 2113 3292 2154 causa
3321 2095 3571 2153 ridendi.
3605 2095 3721 2153 Re-

2062 2192 2313 2261 ponente
2345 2187 2664 2245 Pammene
2708 2188 2919 2245 abbate
2973 2204 2987 2243 :
3042 2188 3234 2243 Tuum
3283 2184 3430 2242 illud
3478 2190 3589 2255 est,
3642 2172 3728 2241 ait

2062 2277 2405 2334 Theodorus
2439 2295 2452 2333 :
2485 2280 2616 2332 Haec
2646 2275 2776 2348 ipsa
2803 2276 2950 2333 hora
2979 2275 3039 2331 in
3072 2275 3308 2332 Perside
3328 2273 3605 2330 Julianus
3633 2290 3724 2330 oc-

2063 2368 2223 2424 oisus
2253 2369 2436 2433 est,ut
2464 2365 2536 2422 de
2565 2364 2664 2422 illo
2695 2365 3039 2438 praedixerat
3066 2364 3221 2421 Deus
3248 2380 3261 2419 :
3294 2365 3579 2434 Arrogans
3616 2364 3721 2434 vir,

2063 2458 2400 2528 contemptor
2423 2458 2476 2510 et
2503 2454 2769 2525 superbus
2799 2453 2952 2511 nihil
2976 2452 3501 2526 perﬂeiet”.Surget
3524 2455 3721 2508 autem

2067 2544 2435 2601 Christianus
2469 2543 2805 2617 imperator,
2838 2543 2939 2616 qui
2972 2541 3287 2616 praclarus
3318 2540 3578 2615 quidem,
3616 2541 3718 2598 sed

2067 2633 2349 2691 brevioris
2379 2634 2506 2688 vita:
2536 2633 2773 2689 futurus
2801 2637 2911 2689 est.
2944 2632 3132 2698 Quare
3163 2648 3235 2687 ne
3264 2630 3325 2686 in
3363 2629 3720 2686 Thebaidem

2069 2722 2375 2794 ascendas,
2409 2738 2515 2778 nec
2545 2720 2858 2794 defetigere
2891 2738 2905 2776 :
2939 2722 3040 2778 sed
3071 2720 3130 2776 in
3172 2719 3517 2776 comitatum
3568 2717 3722 2775 clam

2066 2815 2126 2868 te
2169 2811 2389 2883 confer,
2435 2827 2612 2884 quem
2660 2810 2720 2866 in
2749 2810 2959 2867 itinere
2989 2811 3270 2879 oﬂendes,
3306 2812 3484 2880 atque
3514 2807 3584 2863 ab
3619 2806 3719 2863 illo

2067 2900 2513 2973 perhumaniter
2540 2904 2834 2973 exceptus,
2869 2901 2928 2955 in
2984 2898 3303 2955 Ecclesiam
3354 2896 3721 2969 remigrabis.

2066 2993 2256 3064 Atque
2285 2989 2382 3046 ille
2411 2989 2586 3046 citius
2616 3006 2650 3045 a
2678 2989 2794 3045 Deo
2825 3006 2893 3045 ex
2923 2989 3032 3044 hac
3061 2988 3357 3045 auferetur
3383 2987 3520 3042 vita.
3560 2984 3719 3051 Quod

2066 3081 2143 3136 ita
2192 3080 2458 3152 contigit.
2520 3079 2910 3145 Quamobrem
2961 3077 3217 3134 arbitror
3251 3073 3725 3149 quamplurimos

2070 3170 2130 3226 in
2164 3168 2587 3225 monachorum
2622 3168 2877 3225 maxime
2906 3168 3152 3224 cmtibus
3180 3165 3429 3222 latuisse
3460 3164 3576 3220 Deo
3626 3180 3725 3220 ac-

2071 3258 2443 3333 ceptissimos
2473 3256 3101 3329 homines,cujusmodi
3123 3256 3236 3312 fuit
3262 3256 3472 3311 beatus
3502 3259 3720 3323 Amun,

310 3325 491 3420 ὥσπερ
522 3325 671 3401 καῖὁ
707 3343 971 3420 μακάριος
1003 3345 1230 3420 Ἀμοῦν,
1259 3325 1347 3401 δὶαέ
1398 3346 1426 3401 6
1474 3347 1631 3421 ἅγιος
1675 3325 1956 3423 Θεόδωρος

2068 3325 2393 3406 εἰέιωοῐυε
2423 3325 2766 3405 Theodorus
2788 3325 2857 3403 in
2900 3349 3099 3402 monte
3145 3344 3365 3410 Nitriae,
3414 3347 3472 3400 et
3519 3359 3721 3400 servus

308 3432 361 3490 ἰν
386 3438 467 3507 τῷ
498 3430 611 3511 ὄρει
641 3437 739 3501 τῆς
772 3433 1016 3511 Νιτρίας,
1046 3434 1135 3491 καὶ
1167 3435 1196 3490 6
1226 3432 1423 3498 δοῦλος
1454 3439 1550 3490 τοῦ
1581 3439 1715 3491 Θεοῦ
1745 3436 1774 3491 6
1804 3435 1960 3512 εὐγη-

314 3522 538 3597 ρότατος
568 3519 838 3597 Πάμμων.

373 3702 420 3739 ³⁸
450 3702 748 3774 Habaouo,
781 3719 847 3774 ιι,
875 3703 930 3760 5.

2067 3437 2169 3495 Dei
2201 3436 2504 3509 felicisque
2534 3437 2850 3494 senectutis
2886 3437 3142 3493 Pammo.

1048 4021 1129 4080 ΙΝ
1176 4020 1471 4083 LIBRUM
1514 4022 1938 4084 ATHANASII
1989 4020 2470 4094 SEQUENTEM
2513 4021 2974 4084 ADMONITIO.

368 4340 413 4394 Ι.
449 4338 625 4417 Quam
651 4339 806 4395 varie
835 4339 894 4394 in
926 4341 1324 4413 manuscriptis
1361 4346 1745 4414 nuncupatum
1790 4343 1961 4413 fuerit
2006 4340 2105 4398 hoc
2151 4341 2494 4414 opusculum,
2543 4342 2604 4397 in
2652 4344 2785 4397 nota
2836 4340 3076 4411 inferius
3118 4339 3296 4411 posita
3341 4351 3569 4410 cernere.
3606 4339 3708 4395 est.

291 4427 638 4484 Parisiensis
668 4435 851 4483 autem
878 4427 1068 4499 editio,
1099 4436 1150 4485 et
1175 4429 1382 4485 codices
1413 4431 1694 4501 nonnulli,
1723 4439 1845 4502 post
1873 4447 1957 4487 vei

2093 4430 2182 4485 καὶ
2212 4429 2347 4484 κατὰ
2378 4430 2684 4503 Ἀρειανῶν,
2717 4430 2830 4486 haec
2847 4429 3140 4501 adjiciunt,
3174 4424 3261 4480 καὶ
3294 4422 3708 4499 Ἀπολιναρίου,

289 4516 382 4574 sed
404 4532 716 4589 perperam,
747 4526 809 4573 ut
836 4533 907 4573 ea:
935 4520 1156 4590 Optimis
1184 4518 1459 4576 codicibus
1484 4522 1845 4590 perspicuum
1872 4525 1971 4590 est,
1994 4526 2047 4576 et
2077 4529 2136 4576 ut
2156 4521 2282 4592 jam
2308 4521 2528 4592 pridem
2553 4521 2842 4576 advertere
2868 4520 2979 4575 viri
3005 4517 3313 4575 eruditione
3344 4516 3707 4573 celeberrimi.

289 4604 451 4663 Nihil
478 4608 677 4679 quippe
699 4606 964 4664 adversus
991 4608 1442 4681 Appollinarium
1473 4610 1563 4665 hic
1590 4610 1896 4680 agitur,sed
1923 4611 2204 4667 Anomaeos
2232 4615 2282 4666 et
2309 4609 2837 4666 Pneumatomachos
2865 4611 3146 4681 oppugnat
3174 4607 3710 4676 Athanasius:quare

291 4709 361 4751 ea:
389 4694 627 4751 editione
655 4701 849 4752 nostra
876 4697 936 4753 id
964 4713 1281 4770 expungere
1307 4700 1488 4755 visum
1515 4705 1613 4757 est.

364 4782 437 4838 II.
470 4784 626 4838 Hunc
653 4800 817 4856 porro
848 4786 1056 4842 librum
1084 4789 1384 4844 Athanasio
1405 4787 1721 4860 abjudzcant
1751 4789 1861 4844 viri
1888 4792 2074 4844 nostro
2102 4803 2213 4845 aevo
2244 4786 2580 4854 doctissimi,
2603 4791 2868 4858 aiuntque
2895 4802 3171 4858 nusquam
3202 4784 3568 4839 Athanasium
3598 4783 3708 4834 tres

294 4869 607 4942 hypostases
634 4886 985 4941 memorasse,
1016 4891 1258 4947 quarum
1285 4886 1476 4932 tamen
1507 4882 1606 4933 hoc
1625 4878 1687 4932 in
1717 4877 1863 4934 libro
1890 4878 2105 4933 mentio
2137 4878 2401 4945 habetur,
2432 4894 2586 4933 num.
2622 4878 2708 4934 10.
2737 4878 2854 4934 lmo
2879 4878 3075 4947 putant
3112 4873 3279 4929 iidem
3324 4869 3709 4942 Appollinario

293 4959 677 5016 haeresiarchas
702 4962 800 5018 hoc
826 4979 961 5029 opus
990 4980 1102 5020 esse
1128 4965 1532 5032 ascribendum,
1566 4965 1957 5039 legendumque

2081 4967 2266 5035 titulo,
2298 4967 2408 5021 Τοῦ
2440 4963 2847 5039 Ἀπολιναρίου,
2877 4981 3010 5029 non,
3044 4962 3189 5016 Κατὰ
3219 4956 3629 5031 ’Λπολιναρίου,
3649 4962 3712 5013 ut

294 5050 355 5104 in
380 5050 542 5120 prius
570 5048 730 5104 editis
759 5052 981 5124 legitur,
1017 5070 1181 5125 quam
1206 5057 1533 5112 sententiam
1563 5055 1650 5111 his
1678 5071 1947 5111 asserrere
1975 5058 2239 5111 nituntur
2268 5059 2611 5128 argumentis
2646 5073 2658 5112 :
2693 5058 2750 5111 1ο
2782 5054 2936 5124 Quod
2963 5068 3099 5109 caro
3131 5051 3335 5108 Christi
3358 5050 3463 5118 ,hic
3502 5048 3712 5121 passim

289 5151 395 5208 pro
427 5136 545 5209 ejus
575 5137 923 5196 humanitate
951 5148 1275 5214 usurpetur,
1309 5145 1387 5200 ita
1420 5152 1480 5200 ut
1507 5143 1755 5200 humana
1778 5160 1933 5200 mens
1958 5146 2037 5200 sic
2062 5144 2287 5201 excludi
2315 5145 2592 5211 videatur,
2624 5160 2789 5218 quam
2814 5146 2991 5199 inesse
3021 5141 3231 5198 Christo
3260 5137 3497 5210 negabat
3546 5136 3709 5208 Apol—

291 5225 567 5288 linarius;
594 5227 657 5279 2°
687 5228 838 5296 Quod
866 5246 972 5287 vox
995 5232 1334 5308 σαρκοφόρος
1371 5232 1800 5306 .Jpollinaristis
1828 5234 2301 5304 familiarissima,
2334 5235 2432 5290 hoc
2461 5237 2521 5290 in
2550 5251 2710 5306 opere
2737 5249 2843 5289 usu
2874 5233 3074 5288 veniat.

360 5315 458 5369 III.
495 5315 679 5383 Quam
710 5318 875 5385 levia,
907 5337 1073 5391 quam
1101 5322 1268 5378 nulla
1296 5323 1415 5380 haec
1441 5325 1573 5391 sint,
1604 5324 1768 5394 facile
1796 5332 2273 5380 commonstratur.
2307 5326 2496 5379 Primo
2533 5325 2683 5379 enim
2729 5323 3050 5394 hypostases
3098 5318 3247 5390 quod
3292 5320 3516 5388 spectat,
3564 5313 3713 5370 haud

288 5404 456 5459 semel
484 5403 605 5461 illae
634 5407 782 5477 apud
809 5408 1177 5467 Athanasium
1204 5416 1540 5484 comparent.
1584 5413 1674 5469 Sic
1699 5431 1755 5485 p.
1787 5415 1858 5468 86
1885 5413 1951 5468 de

2067 5421 2210 5469 ttuor
2237 5415 2577 5469 animalibus
2624 5415 2709 5468 ait
2740 5429 2753 5468 :
2784 5411 2888 5472 Τὰς
2935 5412 3081 5483 τρεῖς
3131 5406 3448 5466 ὑποστάσεις
3500 5401 3712 5463 τελείας

289 5488 562 5548 δεικνύντα
610 5492 774 5552 ἐστίν.
826 5497 968 5555 Tres
1017 5501 1366 5574 hypostases
1420 5502 1706 5574 perfectas
1748 5502 2048 5559 denotant.
2081 5504 2145 5558 In
2174 5502 2548 5572 Expositione
2579 5510 2762 5558 autem
2789 5499 2945 5565 ﬁdei,
2978 5514 3089 5555 non
3114 5513 3226 5553 esse
3255 5496 3341 5552 ait
3372 5496 3429 5549 in
3460 5498 3569 5551 Deo
3597 5497 3713 5550 tres

290 5582 607 5655 hyposlases
635 5588 781 5643 inter
809 5604 868 5645 se
895 5588 1125 5660 divisas,
1162 5587 1677 5664 διαμεμερισμὲνας,
1705 5600 1757 5649 et
1790 5592 1851 5647 in
1880 5595 1957 5649 tor

2067 5592 2458 5649 llexandrinw
2486 5591 2708 5664 synodi,
2743 5591 2860 5649 haec
2892 5588 3144 5662 loquendi
3166 5589 3312 5644 ratio
3352 5588 3499 5659 τρεῖς
3548 5582 3713 5651 ὑποσ-

374 5793 488 5867 (28)
522 5798 690 5870 Lege,
722 5795 1244 5875 παραμυθουμένου,
1272 5793 1478 5876 ἔλεγον·
1516 5797 1619 5856 Hic
1648 5797 1844 5857 deﬁcit
1874 5802 1957 5856 tex

2091 5799 2346 5859 Graecus.
