4074 6380
202 453 316 515 985
1079 445 1180 506 DE
1225 441 1818 505 INCARNATIONE
1863 442 1962 503 ET
2008 443 2322 504 CONTRA
2365 443 2735 504 ABIANOS.
3502 442 3620 502 986

201 589 295 639 τοῦ
354 585 492 638 Θεοῦ
570 580 830 654 παράγειν
913 575 1204 654 βούλονται
1271 575 1407 651 πρὸς
1467 574 1530 629 τὸ
1599 578 1856 640 συστῆσαι

1993 575 2403 632 inmanitatem
2435 575 2591 633 dicta
2621 575 2859 645 sunt,ad
2885 575 3313 648 blasphemiam
3344 592 3512 631 suam
3527 581 3617 631 as'

210 673 305 742 τὴν
333 672 539 727 ἑαυτῶν
577 666 947 746 βλασφημίαν.
999 673 1148 721 Πᾶσα
1196 664 1254 721 δὲ
1306 660 1554 741 ἀκρίϐεια
1599 665 1695 718 τοῦ
1727 665 1857 738 Κρι-

1993 666 2274 721 ιονθῐιᾶαω
2308 667 2655 737 detorquere
2685 665 3130 738 satagunt.Tota
3161 669 3357 720 autem
3379 668 3621 721 etaccu-

205 763 494 832 τιανισμοῦ
553 757 604 813 ἐν
660 761 775 818 τοῖς
829 755 1065 811 εὐτελέσι
1141 755 1347 831 ῥήμασι
1405 754 1492 809 καὶ
1551 753 1858 831 πράγήασιν

1993 759 2097 810 'ata
2127 755 2562 811 Christianismi
2596 755 2742 811 ratio
2775 755 2832 810 in
2866 753 3191 810 humilibus
3210 754 3382 811 dictis
3400 760 3457 810 et
3477 755 3620 812 acti-

210 849 529 925 εύρίσκεται.
585 845 653 903 Εἰ
703 843 794 900 οὖν
849 842 1113 915 ἠδύναντο
1178 843 1390 899 ἀκούειν
1443 847 1540 899 τοῦ
1596 841 1861 918 μακαρίου

211 937 429 995 Παύλου
484 955 785 1013 γραφοντος
836 935 972 1009 πρὸς
1025 933 1338 1009 Κορινθίους
1374 953 1385 965 ·
1434 933 1728 987 Γινώσκετε
1757 933 1861 1007 γὰρ

211 1031 307 1099 τήν
369 1025 531 1103 χάριν
585 1029 681 1080 τοῦ
739 1023 940 1099 Κυρίου
997 1025 1158 1096 ἡμῶν
1231 1025 1410 1091 Ἰησοῦ
1467 1022 1724 1098 Χριστοῦ,
1779 1018 1861 1075 ὅτι

212 1116 281 1173 δι’
335 1120 482 1189 ἡμᾶς
544 1112 858 1189 ἐπέώχευσε
931 1110 1196 1174 πλούσιος
1273 1107 1370 1180 ὢν,
1423 1109 1516 1165 ’ίνα
1571 1112 1734 1183 ἡμεῖς
1792 1113 1862 1184 τῇ

211 1206 417 1263 ἐκείνου
468 1205 723 1280 πτωχείᾳ
789 1202 1192 1274 πλουτήσωμεν
1225 1219 1237 1231 '
1321 1200 1421 1255 οὐκ
1475 1197 1536 1254 ἄν
1593 1221 1726 1253 ποτε
1779 1201 1865 1254 ἀν-

215 1299 410 1369 ὁμοιον
443 1299 522 1365 τῷ
570 1292 737 1366 Πατρὶ
780 1291 872 1346 τὸν
925 1292 1047 1345 Υἱὸν
1094 1288 1402 1362 ἐτόλμησαν
1455 1289 1623 1343 εἰπεῖν
1657 1309 1671 1322 ·
1714 1286 1864 1362 εἴπερ

215 1382 476 1461 ἔγνωσαν,
508 1382 588 1445 τίς
622 1383 650 1436 6
676 1381 877 1457 τρόπος
922 1383 1020 1449 τῆς
1061 1379 1337 1455 πτωχείας
1381 1377 1566 1446 αὐτοῦ,
1597 1377 1686 1432 καὶ
1717 1376 1798 1439 τίς
1829 1380 1864 1446 ἡ

217 1472 443 1546 δύναμις
474 1476 570 1526 τοῦ
618 1470 850 1544 σταυροῦ
901 1467 1084 1524 αὐτοῦ.
1127 1469 1285 1531 ’Όθεν
1317 1466 1406 1521 καὶ
1438 1464 1691 1541 ἄλλαχοῦ
1718 1466 1865 1541 λέγει

217 1564 244 1618 6
294 1562 455 1624 αὐτὸς
501 1557 720 1622 Παῦλος
754 1577 766 1590 ’
817 1559 932 1612 Ἳνα
991 1557 1315 1632 ἐξισχύσητε
1369 1551 1695 1610 καταλαϐεῖν
1753 1557 1868 1629 (31)

218 1651 308 1707 σὺν
365 1655 494 1706 πᾶσι
552 1653 670 1710 τοῖς
730 1648 930 1722 ἁγίοις,
977 1645 1030 1701 τί
1098 1647 1160 1700 τὸ
1226 1643 1455 1713 πλάτος,
1514 1645 1605 1699 καὶ
1671 1651 1867 1717 μῆκος,

215 1742 305 1796 καὶ
368 1741 548 1815 βάθος,
608 1736 697 1792 καὶ
757 1733 916 1810 ὕψος,
967 1736 1167 1811 γνῶναί
1224 1755 1282 1789 τε
1332 1735 1432 1802 τήν
1491 1729 1867 1809 ὑπερϐάλλου-

218 1849 310 1885 σαν
373 1829 583 1904 ἀγάπην
641 1832 743 1894 τῆς
803 1825 1051 1900 γνώσεως
1112 1827 1209 1878 τοῦ
1272 1824 1530 1897 Χριστοῦ,
1578 1820 1672 1876 ’ίνα
1721 1821 1871 1892 πλη-

1973 845 2083 900 bus
2116 843 2495 901 invenitur.Si
2529 844 2704 916 igitur
2742 843 3072 916 potuissent
3099 843 3337 900 beatum
3373 843 3621 900 Paulum

1974 933 2176 989 audire
2209 935 2277 989 ad
2312 933 2644 990 Corinthios
2673 934 3021 990 scribentem
3061 949 3073 987 :
3110 932 3270 988 Scitis
3303 949 3454 989 enim
3482 950 3620 1004 gra-

1972 1026 2108 1080 tiam
2140 1027 2364 1080 Domini
2395 1027 2577 1080 nostri
2626 1027 2754 1081 Jesu
2803 1024 3033 1094 Christi,
3079 1025 3341 1096 quoniam
3393 1029 3626 1096 propter

1973 1131 2072 1170 nos
2101 1131 2300 1185 egenus
2329 1120 2508 1185 [actus
2526 1119 2630 1183 est,
2656 1131 2780 1170 cum
2805 1117 2936 1170 esset
2963 1113 3134 1180 dives,
3190 1118 3251 1169 ut
3303 1113 3470 1170 illius
3503 1116 3622 1171 ino-

1973 1205 2070 1274 pia
2121 1220 2218 1258 nos
2274 1203 2473 1259 divites
2531 1219 2770 1259 essemus
2801 1205 2864 1273 2’,
2917 1219 3220 1274 nunquam
3272 1203 3624 1259 dissimilem

1979 1293 2131 1347 Patri
2167 1293 2379 1348 Filium
2413 1293 2602 1348 dicere
2627 1293 2756 1348 ausi
2789 1293 3038 1348 fuissent
3074 1309 3086 1348 :
3121 1293 3170 1346 si
3203 1297 3397 1349 tamen
3440 1310 3622 1365 agno-

1975 1381 2213 1450 vissent,
2238 1381 2512 1452 quisnam
2567 1381 2777 1436 modus
2827 1381 3036 1451 inopiae
3083 1381 3232 1451 ejus,
3279 1385 3334 1436 et
3358 1398 3625 1452 quisnam

1977 1473 2164 1528 virtus
2195 1473 2387 1529 crucis
2410 1474 2560 1544 ejus.
2594 1473 2752 1529 Unde
2783 1477 2838 1528 et
2859 1472 2997 1528 alibi
3030 1472 3184 1528 idem
3217 1474 3435 1529 Paulus
3463 1473 3624 1530 dicit:

1982 1564 2045 1620 Ut
2064 1563 2280 1632 possitis
2307 1562 2761 1634 comprehendere
2798 1578 2925 1618 cum
2963 1563 3218 1618 omnibus
3245 1565 3467 1630 sanctis,
3500 1578 3627 1634 quae

1978 1653 2050 1707 sit
2083 1651 2316 1706 latitudo
2357 1659 2409 1706 et
2442 1651 2747 1722 longitudo,
2798 1661 2850 1706 et
2883 1651 3244 1722 profundum,
3283 1655 3336 1707 et
3371 1651 3627 1707 sublimi-

1980 1743 2085 1805 tas,
2115 1741 2256 1795 scire
2283 1742 2449 1796 etiam
2491 1741 2986 1810 supereminentem
3016 1740 3368 1796 dilectionem
3385 1742 3632 1798 scientiae

1983 1828 2206 1897 Christi,
2227 1833 2289 1883 ut
2322 1829 2671 1900 impleamini
2699 1831 2759 1884 in
2780 1844 2996 1884 omnem
3013 1829 3418 1902 plenitudinem
3439 1831 3538 1886 Dei
3564 1830 3629 1885 ³ο.

218 1924 432 1993 ρωθῆτε
489 1914 566 1978 εἷς
622 1919 724 1970 πᾶν
785 1913 849 1968 τὸ
905 1910 1188 1988 πλήρωμα
1238 1915 1335 1967 τοῦ
1383 1912 1534 1967 Θεοῦ.
1587 1917 1686 1966 Δια
1709 1915 1870 1966 τοῦτο

1993 1917 2171 1982 Duare
2197 1917 2254 1972 in
2287 1918 2417 1987 ejus
2447 1916 2646 1989 inopis.
2675 1919 2921 1988 ejusque
2955 1917 3328 1989 passionibus
3385 1918 3634 1975 ﬁdenter

218 2006 504 2084 ἐγγράφως
554 2004 606 2058 ἐν
653 2007 723 2077 τῇ
768 2001 1020 2077 πτωχείᾳ
1067 2002 1233 2057 αὐτοῦ
1280 2001 1370 2056 καὶ
1417 2006 1534 2062 τοῖς
1591 2002 1873 2074 παθήμασι

225 2092 657 2172 παρρησιάζεται
712 2089 920 2168 λέγων’
964 2089 1126 2159 Ἐμοὶ
1175 2087 1232 2145 δὶ
1284 2091 1359 2164 μὴ
1407 2090 1616 2165 γένοιτο
1665 2094 1874 2165 καυχᾶ-

224 2184 368 2248 σθαι,
429 2180 476 2235 el.
530 2181 606 2253 μή
663 2178 721 2234 ἐν
763 2183 841 2250 τῷ
885 2181 1098 2253 σταυρῷ
1143 2175 1238 2232 τοῦ
1298 2176 1494 2251 Κυρίου
1550 2179 1710 2250 ἡμῶν
1768 2178 1875 2247 Ἰη-

225 2275 322 2327 σοῦ
409 2273 670 2344 Χριστοῦ,
754 2264 823 2321 δι’
905 2267 967 2321 οὗ
1056 2265 1182 2339 ἐμοὶ
1237 2267 1444 2340 κόσμος
1524 2264 1875 2342 ἐσταύρωται,

223 2358 376 2435 κάγὼ
414 2362 495 2430 τῷ
542 2356 736 2430 κόσμῳ
769 2377 782 2390 ⁸
833 2355 922 2410 καὶ
973 2353 1136 2410 πάλιν
1187 2357 1299 2428 (32)
1323 2374 1336 2388 ⁸
1389 2353 1558 2412 Οὐδὲν
1595 2355 1776 2431 ἔκρινα
1803 2355 1878 2410 εἷ’-

227 2447 372 2504 δέναι
430 2447 482 2502 ἐν
537 2446 689 2520 ύμῖν,
750 2446 796 2500 εἰ
848 2446 924 2518 μή
976 2445 1183 2516 Ἰησοῦν
1238 2445 1487 2520 Χριστὸν,
1545 2445 1633 2500 καὶ
1687 2449 1875 2501 τοῦτον

227 2535 640 2614 ἐσταυρωμένον
679 2557 691 2570 ο
752 2535 862 2591 καὶ.
922 2533 986 2589 El
1040 2532 1300 2609 ἔγνωσαν,
1351 2533 1448 2588 οὐκ
1506 2531 1565 2588 ἂν
1619 2536 1711 2589 τὸν
1769 2533 1878 2590 Κύ-

229 2648 344 2701 ριον
407 2633 507 2696 τῆς
577 2623 737 2700 δόξης
808 2623 1167 2700 ἐσταύρωσαν.
1254 2624 1353 2678 Καὶ
1437 2628 1528 2678 νῦν
1610 2625 1782 2696 οὗτοι,
1833 2624 1878 2679 εἰ

228 2715 462 2791 ἔγνωσαν
503 2714 598 2776 τὰς
631 2712 776 2778 θείας
824 2714 1059 2791 Γραφάς,
1120 2713 1223 2768 οὐκ
1265 2710 1324 2767 ἃν
1376 2713 1466 2767 τὸν
1497 2713 1730 2784 Κτίστην
1771 2717 1877 2769 τῶν

231 2805 478 2862 ἁπάντων
510 2804 714 2878 κτίσμα
759 2803 793 2872 ἢ
845 2800 1242 2879 δημιούργημα
1295 2801 1688 2880 βλασφημῆσαι
1719 2801 1878 2858 ἐτόλ-

237 2916 439 2970 μησαν.
473 2892 781 2969 Παράγουσι
829 2893 933 2968 γὰρ
985 2892 1142 2965 ἡμῖν,
1205 2889 1456 2965 λέγοντες
1491 2933 1504 2946 .
1555 2895 1679 2954 Πῶς
1722 2889 1878 2947 δύνα-

231 3005 319 3042 ται
352 2986 464 3058 (33)
499 2984 712 3056 ὅμοιος.
765 2981 799 3050 ἢ
854 2982 912 3036 ἐκ
961 2987 1062 3050 τῆς
1100 2985 1199 3035 τοῦ
1248 2982 1457 3056 Πατρὸς
1507 2980 1696 3044 οὐσίας
1727 2981 1881 3052 εἶναι,

237 3074 402 3129 ὁπότε
452 3071 800 3148 γέγραπται·
852 3073 1054 3146 Ὥσπερ
1123 3071 1151 3124 6
1219 3075 1403 3144 Πατῆρ
1461 3065 1577 3146 ἔχει
1628 3071 1772 3140 ζωήν
1827 3071 1878 3126 ἐν

235 3164 429 3234 ἑαυτῷ,
487 3159 659 3222 οὕτως
718 3157 887 3214 ἔδωκε
945 3158 1034 3213 καὶ
1107 3161 1186 3230 τῷ
1254 3159 1364 3228 rte
1425 3159 1569 3228 ζωὴν
1627 3156 1772 3236 ἔχειν
1827 3159 1878 3216 ἐν

1985 2006 2126 2078 agit,
2159 2006 2279 2062 haec
2311 2007 2511 2062 aiens:
2554 2007 2695 2063 Mihi
2722 2015 2906 2063 autem
2924 2009 3068 2064 absit
3103 2006 3367 2078 gloriari,
3411 2010 3524 2064 nisi
3573 2010 3636 2064 in

1984 2110 2144 2151 cruce
2187 2096 2408 2151 Domini
2441 2097 2628 2151 nostri
2663 2097 2791 2152 Jesu
2857 2096 3084 2165 Christi,
3137 2113 3239 2168 per
3285 2113 3442 2168 quem
3489 2095 3636 2152 mihi

1985 2184 2225 2240 mundus
2240 2185 2543 2254 crucifixus
2574 2192 2671 2252 est,
2699 2187 2749 2240 et
2777 2200 2870 2255 ego
2908 2185 3113 2240 mundo
3144 2187 3186 2221 ³¹
3214 2203 3228 2252 ;
3262 2189 3320 2240 et
3348 2201 3585 2240 rursum
3619 2201 3632 2240 :

1987 2274 2104 2329 Non
2125 2275 2276 2329 enim
2305 2272 2556 2344 judicavi
2599 2289 2686 2328 me
2721 2275 2864 2328 scire
2908 2273 3126 2344 aliquid
3165 2276 3314 2329 inter
3362 2289 3474 2342 vos,
3524 2275 3638 2328 nisi

1985 2364 2166 2418 Iesum
2199 2361 2492 2429 Christum,
2513 2367 2566 2418 et
2585 2362 2728 2418 hunc
2756 2363 3084 2434 cruciﬁxum
3105 2362 3154 2397 ³³
3189 2379 3203 2430 ;
3234 2366 3288 2418 et
3321 2379 3336 2420 :
3370 2361 3432 2417 Si
3448 2378 3638 2433 cogno-

1987 2453 2211 2519 vissent,
2272 2467 2558 2522 nunquam
2589 2453 2888 2508 Dominum
2915 2453 3106 2523 gloria
3133 2453 3540 2522 cruciﬂzissent
3569 2453 3637 2507 ⁸³.

1987 2542 2057 2596 Et
2085 2557 2241 2596 nunc
2272 2540 2393 2609 isti,
2453 2541 2502 2596 si
2554 2558 2752 2597 sacras
2813 2539 3236 2597 intellexissent
3282 2541 3635 2614 Scripturas,

1990 2647 2296 2703 nunquam
2323 2645 2390 2685 eo
2403 2629 2906 2702 blasphemiarum
2927 2630 3356 2704 erupissent,ut
3375 2631 3638 2687 dicerent

1989 2720 2317 2775 Creatorem
2351 2719 2644 2786 omnium,
2665 2723 2995 2775 creaturam
3029 2736 3158 2775 esse
3188 2726 3284 2774 aut
3308 2720 3634 2791 opiﬁcium.

1991 2808 2156 2865 Vafre
2182 2808 2338 2864 enim
2371 2808 2736 2880 Scripturam
2792 2809 3144 2880 detorquent
3201 2810 3345 2864 dum
3394 2809 3635 2865 dicunt:

1990 2897 2099 2962 Qui
2131 2901 2325 2968 potest
2353 2895 2535 2952 Filius
2565 2897 2723 2952 Patri
2773 2895 2988 2951 similis
3019 2900 3121 2952 aut
3177 2911 3245 2952 ex
3301 2897 3640 2954 substantia

1991 2987 2119 3058 ejus
2142 3002 2291 3056 esse,
2316 3001 2448 3041 cum
2483 2985 2770 3057 scriptum
2803 2985 2914 3040 sit:
2975 2987 3130 3041 Sicut
3176 2988 3344 3040 Pater
3382 2985 3541 3040 habet
3565 2986 3641 3041 vi-

1989 3082 2108 3131 tam
2159 3077 2217 3130 in
2260 3076 2562 3146 semetipso,
2604 3076 2682 3129 sic
2745 3074 2889 3130 dedit
2941 3075 3088 3130 697
3143 3078 3195 3130 et
3222 3075 3390 3130 -Filio
3439 3074 3641 3130 habere

1989 3166 2165 3221 vitam
2192 3166 2250 3220 in
2282 3166 2572 3236 semetipso
2619 3164 2665 3198 ³⁸
2701 3163 2729 3220 ?
2783 3179 2850 3219 eo
2905 3162 3246 3220 excellentia
3303 3165 3638 3230 denotatur,

235 3253 406 3323 εαντῷ
439 3269 453 3320 ;
486 3250 732 3326 ὑπεροχή
773 3250 890 3322 (34)
933 3246 1066 3316 ἐστι,
1111 3245 1264 3325 φησί,
1306 3251 1403 3303 τοῦ
1452 3245 1696 3311 διδόντος
1736 3248 1874 3326 παρᾶ

1993 3254 2179 3320 aiunt,
2221 3253 2417 3309 dantis
2477 3270 2591 3325 pris
2650 3252 3010 3325 accipiente;
3043 3257 3100 3308 et
3131 3269 3144 3308 :
3201 3253 3347 3322 Quid
3383 3269 3471 3308 me
3501 3251 3641 3310 dicis

229 3341 320 3395 τὸν
355 3312 749 3414 λαμϐάνοντα·
780 3312 893 3407 καὶ,
950 3336 1011 3391 Τί
1052 3312 1140 3410 ’με
1174 3312 1360 3413 ’λέγεις
1388 3335 1586 3413 ἀγαθόν
1616 3355 1630 3409 ;
1664 3312 1825 3408 φησίν
1862 3357 1876 3371 ⁸
1909 3312 1954 3381 C

229 3426 410 3491 οὐδεὶς
431 3428 658 3503 ἀγαθὸς,
683 3426 728 3483 εἰ
764 3427 840 3500 μή
872 3429 949 3489 εἷς
981 3427 1010 3481 6
1039 3426 1168 3488 Θεός
1203 3444 1216 3457 ⁸
1240 3426 1329 3481 καὶ
1374 3425 1540 3482 πάλιν
1575 3445 1588 3460 ⁸
1622 3429 1716 3482 Θεέ
1749 3449 1876 3501 μου,

224 3519 319 3574 Θεέ
353 3539 479 3592 μου,
512 3515 654 3572 ἱνατί
693 3537 760 3590 με
789 3514 1143 3591 ἐγκατέλιπες
1177 3534 1191 3585 ;
1239 3515 1330 3570 καὶ
1385 3513 1536 3580 αὖθις
1569 3537 1581 3550 ·
1615 3516 1745 3592 Περὶ
1774 3524 1874 3588 τῆς

224 3609 439 3683 ἡμέρας
494 3613 595 3678 τῆς
651 3605 888 3682 ἐσχάτης
956 3602 1135 3667 οὐδεὶς
1214 3602 1378 3674 οἶδεν,
1456 3603 1584 3661 ούδὶ
1640 3607 1668 3661 6
1726 3607 1873 3675 Υἱὸς,

219 3697 267 3753 εἰ
304 3699 380 3771 μὴ
417 3698 444 3752 6
474 3698 662 3772 Πατήρ
699 3714 712 3728 '
771 3693 862 3750 καί
918 3692 1084 3749 πάλιν
1119 3714 1132 3728 ο
1193 3695 1291 3751 "Ov
1338 3695 1365 3749 6
1415 3696 1604 3770 Πατὴρ
1660 3695 1875 3771 ἡγίασε,

224 3788 314 3842 καί
355 3783 669 3841 ἀπέστειλεν
725 3782 800 3844 είς
855 3781 948 3837 τὸν
1002 3781 1206 3856 κόσμον
1245 3800 1257 3813 ·
1298 3781 1388 3838 καὶ
1445 3781 1610 3838 πάλιν
1643 3803 1656 3817 ο
1716 3787 1814 3842 "Ov
1848 3786 1876 3841 6

222 3876 411 3952 Πατὴρ
472 3872 685 3950 ἤγειρεν
749 3870 808 3926 ἐκ
864 3875 1086 3947 νεκρῶν.
1166 3875 1290 3934 Πῶς
1357 3869 1471 3944 οὖν,
1527 3874 1685 3951 φασὶν
1740 3876 1876 3949 (35),

222 3965 422 4040 ὅμοιος
481 3964 615 4019 εἶναι
671 3960 890 4017 δύναται
937 3960 971 4030 ἢ
1018 3961 1312 4035 δμοούσιος
1363 3964 1390 4017 ὁ
1439 3958 1786 4040 ἐγειρόμενος
1820 3965 1880 4022 ἐκ

222 4059 428 4132 νεκρῶν
460 4057 539 4126 τῷ
564 4050 830 4127 ἐγείραντι
856 4049 1016 4106 αὐτὸν
1054 4077 1069 4122 ;

295 4147 350 4201 2.
382 4147 557 4198 Ταῦτα
583 4139 640 4196 δὲ
686 4140 792 4196 ἀπὸ
844 4138 1072 4196 πολλῶν
1125 4137 1283 4218 ὀλίγα
1315 4141 1673 4220 παρεθέμεθρ,
1705 4145 1878 4217 ὅπως,

221 4233 430 4290 τούτων
465 4231 750 4300 λυθέντων,
780 4230 869 4285 καὶ
915 4228 982 4285 τὰ
1030 4227 1199 4285 λοιπὰ
1241 4232 1486 4308 εὐχερῶς
1512 4237 1686 4308 νοηθῇ
1717 4237 1831 4309 (36)
1864 4257 1877 4271 ο

224 4320 553 4402 Ὀφείλομεν
601 4317 692 4377 οὖν
742 4322 906 4394 ἡμεῖς
949 4319 1086 4375 κατά
1131 4319 1195 4375 τὸ
1243 4317 1467 4376 δυνατὸν
1515 4323 1613 4391 τήν
1652 4321 1880 4398 δύναμιν

1992 3343 2196 3402 bonum
2223 3346 2249 3397 .’
2272 3341 2465 3414 inquit
2496 3363 2510 3411 ;
2542 3357 2700 3399 nemo
2732 3343 2928 3410 bonus,
2959 3342 3071 3398 nisi
3116 3358 3261 3398 unus
3308 3343 3445 3398 Deus
3473 3342 3550 3410 3‘;
3585 3345 3644 3398 et

1989 3448 2227 3489 rursum
2264 3447 2276 3486 :
2301 3433 2442 3487 Deus
2476 3447 2650 3497 meus,
2683 3432 2826 3487 Deus
2849 3447 3023 3501 meus,
3046 3439 3109 3487 ut
3130 3431 3268 3502 quid
3296 3431 3643 3502 dereliquisti

1987 3522 2133 3578 me36
2160 3521 2188 3575 ?
2216 3523 2274 3576 et
2298 3520 2509 3576 iterum
2543 3522 2655 3576 :De
2704 3519 2791 3576 die
2821 3525 3068 3576 extrema
3115 3535 3272 3574 nemo
3313 3521 3433 3588 scit,
3466 3536 3640 3590 neque

1984 3611 2177 3677 Filius,
2199 3611 2314 3664 nisi
2336 3610 2508 3664 Pater
2537 3611 2621 3678 3";
2655 3613 2710 3664 et
2755 3625 3028 3665 rursum:
3097 3609 3266 3677 Quem
3302 3610 3470 3665 Pater
3506 3625 3640 3665 san-

1985 3700 2280 3771 ctiﬁcavit,
2303 3702 2358 3754 et
2386 3700 2541 3755 misit
2572 3701 2632 3754 in
2663 3698 2930 3754 mundum
2961 3698 3038 3766 38;
3072 3714 3138 3754 ac
3168 3714 3440 3754 rursum:
3467 3701 3642 3767 Quem

1986 3789 2520 3859 Paterfsuscitavita
2548 3789 2783 3844 mortuis
2806 3789 2871 3842 ³ο.
2906 3787 3008 3854 Qui
3043 3787 3166 3842 ﬁeri
3200 3791 3416 3858 potest,
3450 3787 3638 3857 aiunt,

1989 3882 2054 3934 ut
2073 3877 2174 3950 qui
2204 3895 2238 3932 a
2266 3877 2517 3934 mortuis
2549 3876 3209 3947 suscitatur,suscitanti
3232 3892 3294 3931 se
3318 3876 3397 3933 sit
3425 3875 3639 3931 similis

1988 3973 2090 4025 aut
2120 3964 2686 4024 consubstantialis?

2059 4148 2114 4200 2.
2146 4144 2277 4201 Haec
2294 4160 2484 4216 pauca
2514 4158 2583 4200 ex
2603 4141 2808 4220 multis
2839 4143 2900 4197 in
2933 4141 3195 4199 medium
3229 4141 3558 4208 attulimus,
3576 4145 3640 4197 ut

1991 4239 2066 4296 iis
2087 4236 2536 4306 solutis,caetera
2563 4251 2799 4308 quoque
2829 4233 2994 4290 facile
3014 4233 3639 4306 intelligantur.Nostri

1992 4328 2174 4401 igitur
2207 4325 2472 4382 muneris
2504 4329 2688 4391 est,ut
2703 4341 2806 4396 pro
2825 4321 3315 4392 virili,verborum
3348 4322 3636 4394 ejusmodi

292 4451 339 4486 ³ο
359 4451 408 4523 ll
440 4450 580 4523 Cor.
602 4464 724 4517 vm,
751 4448 806 4502 9.
840 4445 1115 4523 “Ephesi.
1151 4462 1239 4518 ιιι,
1276 4447 1359 4517 18,
1394 4447 1481 4523 19.
1512 4449 1775 4523 '{AGAalaL
1811 4469 1868 4509 v1

1999 4499 2012 4510 .
2035 4454 2082 4489 ³³
2113 4457 2138 4507 Ι
2169 4451 2296 4508 Cor.
2331 4469 2394 4516 ιι,
2425 4452 2480 4507 2.
2503 4449 2550 4486 ³³
2574 4448 2719 4505 ibid.
2761 4449 2814 4504 8.
2851 4449 2898 4484 3‘
2921 4450 3087 4505 Joan.
3110 4465 3166 4516 v,
3197 4449 3285 4504 26.
3313 4449 3358 4484 ³⁵
3389 4448 3635 4516 Marc.x,

225 4525 311 4578 18.
350 4522 394 4558 ³⁸
425 4520 629 4578 Matth.
661 4535 838 4590 xxvn,
872 4518 968 4574 47.
990 4519 1034 4553 ⁸⁷
1058 4518 1237 4575 Marc.
1271 4535 1396 4589 xm,
1417 4520 1507 4575 32.
1539 4519 1584 4555 ³⁸
1613 4521 1781 4578 Joan.
1816 4541 1874 4596 ι,

2016 4526 2062 4562 ⁸⁸
2092 4523 2217 4582 Gal.
2250 4541 2290 4593 1,
2325 4524 2374 4578 1.

225 4649 557 4744 μονογενοῦς
574 4713 588 4744 ι
605 4643 791 4744 ΛόγρἹυ
803 4715 818 4744 1
838 4640 1152 4744 ἐνανθριβῑπή

243 4713 676 4791 Απολλιναρίου.
699 4713 1003 4791 'Gelasius'
1033 4713 1148 4791 lib.
1167 4716 1242 4771 De
1269 4715 1481 4791 duabus
1508 4713 1750 4790 naturis,
1777 4737 1874 4776 vo-

226 4799 342 4861 cat,
372 4798 447 4848 De
468 4786 898 4863 Incarnatione,
943 4786 1076 4862 Περὶ
1101 4786 1465 4863 ,σαρκώσεωα
1506 4793 1676 4863 Sexta
1705 4786 1874 4863 s’yno-

227 4855 364 4930 dus,
399 4863 533 4934 ΙΙερί
561 4855 790 4934 Τριάδος
816 4855 904 4912 καὶ
941 4855 1283 4934 σαρκώσεξυςρ
1306 4859 1537 4934 pluries
1569 4877 1583 4917 ζ
1627 4855 1757 4934 loca
1783 4863 1876 4918 in-

227 4937 412 4994 ferius
435 4931 732 5004 notantur.
761 4932 826 4985 In
856 4931 1082 5004 eadem,
1117 4935 1228 5004 act.
1263 4931 1350 5002 10,
1380 4931 1738 5004 Euphemius
1761 4937 1878 4991 An-

229 5007 562 5070 tiocbenus,
595 5001 798 5078 Λόγος,
821 5002 943 5074 περῖ
969 5002 1308 5078 ’σαρκώσεως
1336 5001 1446 5056 τοῦ
1470 5001 1630 5078 ’βεοῠῗ
1655 5004 1827 5078 Λόγου
1861 5025 1874 5078 τ

227 5086 344 5138 act.
380 5080 465 5158 18,
498 5073 919 5158 Constantinus
966 5073 1150 5158 imp.
1183 5073 1360 5158 ᾼόγος
1389 5075 1513 5158 περὶ
1537 5073 1880 5158 Τρίάᾷοςικαὶ

225 5150 575 5226 σαρκώσεως,
600 5145 922 5226 Damas‘cen
933 5163 1023 5226 us‘,
1037 5147 1113 5202 De
1131 5145 1387 5226 (risayio,
1409 5145 1503 5226 bis
1523 5145 1686 5204 vocat
1705 5147 1878 5226 Λόγον

225 5213 355 5297 περὶ
388 5219 707 5294 σαρκώσεως
739 5214 827 5269 καὶ
855 5213 1108 5288 Τριάδος.
1160 5213 1426 5290 Synodus
1481 5213 1883 5278 Lateranensis

225 5301 370 5352 tom.
405 5297 480 5346 VI
512 5289 755 5360 Concil.,
789 5306 843 5360 p.
875 5290 1002 5355 286,
1037 5292 1337 5360 sicgvocat,
1374 5290 1506 5360 Περὶ
1537 5289 1772 5360 Τριάδος
1793 5292 1883 5346 καὶ

227 5311 370 5352 tom.
415 5311 479 5346 v1
512 5311 755 5355 nonem,
789 5311 843 5360 p.
876 5311 1002 5355 400,
1037 5311 1121 5345 sm
1152 5311 1337 5355 vocat,
1374 5311 1506 5364 ιιερι
1537 5311 1772 5365 ἰ’ριαοος
1793 5313 1882 5346 και

227 5365 554 5437 σαρκώσεως
588 5359 751 5437 λόγος
804 5360 938 5437 κατὰ
981 5358 1426 5437 Ἀποῗλλιναρίου.
1481 5363 1616 5421 Post
1644 5365 1882 5420 titulum

228 5431 487 5496 Fe'lckm.
524 5437 558 5490 5
590 5431 768 5489 habet
793 5431 966 5508 Λόγος
1001 5434 1056 5503 ε’,
1106 5431 1340 5508 ὃθςυεὶι.
1381 5451 1525 5508 νει-ο
1565 5437 1636 5492 ad
1667 5438 1882 5508 margi-

228 5527 368 5568 nem
400 5509 577 5565 habet
604 5525 647 5574 ε,
682 5520 800 5579 quo
830 5504 1338 5579 in'dicaturisolum
1380 5507 1489 5562 hoc
1532 5504 1881 5579 opusculum

234 5583 440 5638 ordine
470 5575 744 5650 quintum
787 5575 986 5632 haberi
1019 5578 1098 5650 fin
1138 5578 1232 5634 his
1277 5595 1445 5646 mss.,
1479 5575 1630 5634 utet
1661 5580 1717 5634 in
1750 5579 1882 5635 aliis

235 5657 418 5711 ferme
451 5649 745 5724 omnibus,
772 5664 920 5719 quae,
949 5649 1035 5724 γε]
1059 5649 1678 5724 ᾳυοπυωίοαιιιοευω,
1704 5652 1883 5724 dispi-

235 5742 366 5783 cere
399 5723 578 5779 licuit.
615 5721 760 5775 Vide
790 5737 917 5793 quze
949 5722 1017 5778 de
1069 5721 1360 5792 ejusmodi
1404 5721 1595 5779 titulis
1625 5721 1882 5781 diximus

234 5800 296 5855 in
328 5793 760 5853 Admonitione.

1162 4662 1319 4719 (sine,
1366 4644 1502 4719 κατά
1548 4645 1765 4719 Ἀρείου
1787 4648 1877 4702 καὶ
1906 4655 1954 4719 D

2056 4650 2171 4721 (31)
2225 4652 2483 4721 Βεὲεζυθιδ.Δ
2523 4644 2771 4721 Gobler._
2799 4645 3053 4721 Felckm.
3111 4647 3162 4714 1,
3187 4641 3633 4721 καταλαϐέσθαι.

1989 4716 2426 4778 ΙΠῨΜἘΘΙΟῙςω.
2457 4718 2512 4787 2,
2543 4719 2643 4784 τῆς
2672 4716 3049 4792 γνώσεωςτοῦ
3079 4719 3232 4792 Θεοξ.

2058 4793 2168 4863 (32)
2202 4792 2294 4848 Sic
2322 4795 2557 4863 Seguer.
2583 4789 2791 4863 anglis
2844 4789 3075 4845 Gobler.
3102 4795 3159 4844 et
3178 4790 3553 4863 Felckmann.
3581 4789 3634 4863 1.

1989 4859 2259 4921 Ιηθᾶἱιίε
2289 4867 2346 4918 et
2375 4859 2507 4918 aliis
2535 4859 2704 4915 πάλιν
2742 4861 2924 4918 deest.
2959 4864 3064 4914 Νῦν
3099 4877 3350 4931 sequens
3383 4861 3549 4915 deest
3577 4859 3636 4914 in

1987 4935 2359 4992 Felckmanni
2389 4937 2444 4989 5.

2063 5010 2171 5074 (33)
2201 5013 2459 5077 Seguer.,
2491 5008 2603 5064 πῶς
2637 5000 2886 5058 δύνατόν.

2064 5081 2176 5150 (34)
2205 5073 2859 5150 ΒεθξζιιεῐιλιεῑηΑιιιξιὶοη⁴
2909 5073 3210 5150 ὑπεροχῆς.
3284 5074 3454 5150 lbid..
3507 5076 3640 5150 post

1994 5144 2126 5221 ἐστι,
2156 5144 2217 5205 in
2251 5144 2422 5222 editis
2467 5144 2700 5222 legitur
2725 5144 2880 5222 φησί,
2930 5148 3028 5201 sed
3081 5144 3200 5201 haec
3252 5162 3356 5222 vo;
3385 5147 3550 5222 deest
3579 5144 3638 5200 in

1993 5216 2122 5288 Seg:
2169 5221 2397 5278 Gobler.
2446 5225 2503 5275 et
2535 5216 2700 5273 ‘Felc.
2738 5216 2804 5272 ’1.
2850 5222 2976 5272 Mox
3024 5223 3256 5288 Seguer.
3310 5216 3539 5273 Gobler.
3583 5221 3637 5272 et

1997 5288 2144 5350 Felc.
2186 5296 2230 5348 1.
2266 5293 2351 5360 Μή
2391 5291 2456 5363 μέ
2491 5288 2632 5364 λέγε..
2666 5288 2848 5364 φησίν,
2883 5288 3101 5364 ἀγαθόν.

2067 5367 2176 5436 (35)
2210 5359 2937 5436 diaeiv'deestin'GoblePQ
2960 5367 3018 5436 et
3046 5359 3196 5436 Felc.
3233 5361 3281 5414 1.

2063 5428 2464 5509 (36(868υ9ι-
2495 5433 2728 5509 Gobler.
2783 5437 2840 5488 et
2885 5431 3032 5509 Felc.
3086 5433 3138 5494 1,
3187 5428 3456 5509 νοηθείη,
3485 5430 3642 5509 Intra
3736 5458 3741 5466 ν

1995 5502 2136 5576 haec,
2164 5502 2414 5561 ’ὅτανόὗν
2450 5503 2615 5578 λέγει,
2639 5504 3031 5578 etjsequentia
3061 5502 3645 5578 permulta,cita_nt_ur

1995 5597 2029 5634 a
2077 5572 2460 5641 T’heodoreto,
2510 5572 2569 5630 in
2599 5572 2762 5629 dial.
2810 5572 2844 5646 3
2879 5573 3171 5646 _’Am0ei,
3209 5593 3262 5646 p.
3320 5574 3440 5646 161.
3480 5572 3637 5646 ibid.

1995 5652 2215 5721 Theod.
2245 5653 2479 5721 Seguer.
2518 5646 2780 5721 ‘Anglicq
2833 5643 2986 5721 λέγῃ.
3011 5643 3265 5721 Gobler.
3315 5661 3370 5700 et
3403 5643 3552 5721 Felc.
3588 5645 3640 5721 1,

1996 5720 2139 5796 λέγει
2201 5723 2228 5776 ὁ
2275 5715 2652 5796 ’Ᾱᾳτόστολψα⁷
2685 5722 2826 5796 μοι
2881 5715 3212 5776 Geblerian.
3272 5723 3329 5774 et
3384 5717 3533 5774 Felc.
3588 5715 3641 5788 1,

1997 5787 2236 5856 Ἰώάννες
2267 5792 2426 5852 πόλιν
2461 5791 2648 5872 φήσὶν,
2680 5787 2784 5845 ὅτι.
