4074 6344
298 465 417 528 989

1177 468 1280 528 DE
1325 467 1916 530 INCARNATI’UNE
1959 466 2059 528 ET
2102 466 2414 527 CONTRA
2461 465 2834 527 AllIANOS.

3587 466 3708 526 990

367 599 421 654 3.
458 597 536 656 Οὐ
586 600 744 676 γὰρὸ
799 602 1052 674 Ὕψιστος
1101 601 1349 675 ὑψοῦται,
1410 600 1537 656 ἀλλ’
1589 604 1623 671 ἡ
1669 601 1798 676 σὰρξ
1852 603 1950 656 τοῦ

2136 602 2189 656 3.
2225 605 2350 657 Non
2366 599 2521 656 enim
2551 598 2887 657 Altissimus
2918 601 3223 670 exaltatur,
3256 600 3358 656 sed
3416 617 3549 656 caro
3607 601 3705 655 Al-

299 687 552 762 Ὑψίστου
585 689 831 762 ὑψοῦται·
885 689 974 744 καὶ
1031 695 1100 756 τῆ
1159 692 1312 766 σαρκὶ
1370 696 1466 746 τοῦ
1516 690 1765 766 Ὑψίστοῦ
1815 689 1945 766 ἐχα-

299 776 485 853 ρίσατο
537 771 711 850 ὄνομα
760 778 822 833 τὸ
875 778 1006 855 ὑπὲρ
1052 785 1156 835 πᾶν
1203 775 1398 853 ὄνομα.
1450 781 1548 835 Καὶ
1581 779 1688 856 οὐχ
1716 780 1744 834 6
1774 778 1947 855 Λόγος

297 870 393 921 τοῦ
419 869 554 922 Θεοῦ
581 868 717 922 κατὰ
750 868 909 942 χάριν
961 863 1123 924 ἔλαϐε
1168 870 1232 924 τὸ
1283 869 1563 926 καλεῖσθαι
1609 870 1760 939 Θεὸς,
1819 868 1945 925 ἀλλ’

297 958 333 1025 ἡ
369 955 496 1030 σὰρξ
539 955 704 1010 αὐτοῦ
755 955 846 1010 σὺν
889 956 1034 1029 αὐτῷ
1089 955 1446 1033 ἐθεολογήθη.
1498 957 1574 1015 Οὐ
1625 959 1728 1033 γὰρ
1774 959 1944 1028 εἶπεν,

299 1043 380 1099 ὅτι
411 1046 439 1098 6
477 1046 646 1120 Λόγος
693 1045 822 1108 Θεὸς
854 1047 1096 1122 γέγονεν,
1130 1045 1294 1119 ἀλλὰ,
1350 1049 1478 1110 Θεὸς
1535 1049 1598 1116 ἦν
1657 1048 1685 1102 6
1743 1044 1942 1123 Λόγος·

299 1134 411 1189 Ἀεὶ
470 1133 535 1200 ἦν
570 1136 704 1206 (45),
739 1134 925 1210 φησὶν,
951 1136 979 1189 6
1029 1136 1157 1197 Θεὸς
1188 1138 1382 1212 Λόγος,
1413 1135 1501 1190 καὶ
1534 1135 1689 1198 οὗτος
1724 1135 1884 1198 αὐτὸς
1917 1137 1946 1190 6

298 1223 429 1285 Θεὸς
469 1224 656 1298 γέγονε
713 1223 863 1296 σὰρξ,
917 1221 1010 1278 ἵνα
1064 1226 1099 1294 ἡ
1159 1223 1285 1299 σὰρξ
1336 1225 1507 1280 αὐτοῦ
1552 1224 1771 1301 γένηται
1819 1225 1948 1289 Θεὸς

298 1310 501 1386 Λόγος·
533 1313 712 1376 καθὼς
766 1313 857 1367 καὶ
914 1314 942 1368 6
994 1319 1216 1386 Θωμᾶς,
1264 1312 1597 1392 ψηλαφήσας
1625 1315 1723 1382 τὴν
1778 1314 1946 1389 σάρκα

297 1399 484 1470 αὐτοῦ,
519 1395 830 1472 ἀνεϐόησεν·
879 1406 934 1455 ‘0
992 1401 1193 1477 Κύριός
1253 1423 1380 1475 μου,
1438 1401 1528 1457 καὶ
1572 1403 1599 1456 6
1647 1403 1776 1467 Θεός
1815 1424 1941 1476 μου,

296 1489 360 1544 τὸ
390 1491 792 1567 συναμφότερον
835 1490 1134 1566 θεολογῶν·
1190 1491 1397 1564 ὁμοίως
1444 1490 1502 1546 δὶ
1540 1492 1629 1547 καὶ
1675 1493 1703 1547 6
1756 1491 1946 1548 Ἰωάν-

297 1600 399 1648 νης
455 1572 683 1654 ἔγραψεν
742 1581 879 1653 (46)·
941 1581 1010 1637 "0
1070 1580 1136 1649 ἦν
1198 1581 1288 1635 ἀπ’
1346 1581 1549 1657 ἀρχῆς,
1603 1583 1632 1635 ὃ
1703 1582 1944 1653 ἀκηκόα-

302 1686 420 1740 μεν,
481 1666 509 1721 ὃ
566 1666 879 1743 ἑωράκαμεν
932 1673 1051 1732 τοῖς
1113 1669 1423 1747 ὀφθαλμοῖς
1479 1672 1659 1742 ἡμῶν,
1718 1670 1746 1724 ὃ
1795 1669 1943 1724 ἐθεα-

299 1755 529 1830 σάμεθα,
603 1757 694 1811 καὶ
771 1758 826 1812 αἱ
894 1763 1078 1834 χεῖρες
1156 1761 1318 1831 ἡμῶν
1389 1756 1747 1838 ἐψηλάφησαν
1821 1760 1943 1834 περὶ

297 1848 396 1899 τοῦ
455 1843 633 1920 Λόγου
689 1847 786 1914 τῆς
842 1851 1023 1916 ζωῆς.
1085 1847 1323 1920 Φανερὸν
1385 1846 1475 1902 οῦν
1531 1848 1693 1917 ἐστιν,
1753 1846 1837 1903 ὅτι
1890 1848 1944 1904 ἐν

297 1932 455 2009 σαρκὶ
514 1936 543 1990 6
593 1935 718 1996 Υἱὸς
783 1935 872 1990 καὶ
929 1935 1104 2012 Λόγος
1154 1941 1251 1991 τοῦ
1316 1937 1531 2009 ΙΙατρὸς
1589 1935 1944 2013 ὲψηλαφήθη,

295 2024 486 2079 καὶτὸ
543 2019 971 2102 συναμφότερον,
1035 2020 1212 2100 Λόγον
1274 2031 1442 2096 ζωῆς,
1499 2028 1534 2096 ἠ
1586 2026 1702 2090 θεία
1756 2030 1940 2104 Γραφή

296 2111 648 2187 παραδέδωκε
675 2116 791 2185 (47)
840 2113 1251 2189 ψηλαφηθέντα,
1314 2113 1410 2170 Καὶ
1441 2113 1531 2169 ὅτε
1581 2114 1745 2190 λέγει·
1779 2115 1944 2172 Οὔπω

298 2205 360 2271 ἦν
422 2201 641 2275 Πνεῦμα
697 2203 872 2278 ἅγιον,
946 2202 1029 2257 ὅτι
1105 2207 1316 2273 Ἰησοῦς
1387 2201 1602 2259 οὐδέπω
1659 2202 1941 2278 ἐδοξάσθη,

295 2292 396 2359 τήν
427 2294 599 2366 σάρκα
650 2290 992 2367 αὐτοῦ’λέγιι
1028 2295 1196 2364 μήπω
1243 2289 1598 2365 δοξασοεῖσαν.
1654 2292 1860 2370 Οὐνγὸιρ
1915 2296 1943 2349 6

298 2379 496 2455 Κύριος
521 2386 624 2448 τῆς
647 2377 805 2450 δόξης
838 2377 1266 2453 δοξάζεται,ἀλλ’
1287 2383 1321 2450 ἡ
1346 2381 1473 2456 σὰρξ
1498 2385 1596 2436 τοῦ
1618 2381 1822 2458 Κυρίου
1845 2390 1944 2453 τῆς

299 2465 483 2539 δόξης·
515 2467 649 2538 αὕτη
683 2463 948 2541 λαμϐάνει
983 2466 1135 2540 δόξαν
1170 2465 1626 2525 συναναϐαίνουσα
1656 2473 1768 2544 (48)
1799 2469 1946 2543 αὐτῷ

299 2556 375 2619 είς
403 2555 656 2633 οὐρανόν.
706 2558 862 2611 Ὅθεν
910 2557 1000 2612 καὶ
1051 2562 1270 2631 Πνεῦμα
1316 2557 1582 2623 υἱοθεσίας
1613 2557 1765 2614 οῧπω
1794 2559 1862 2628 ἦν
1896 2559 1947 2614 ἐν

299 2644 630 2720 ἀνθρώποις,
665 2643 805 2701 διότι
837 2649 872 2717 ἡ
929 2647 1198 2726 ληφθεῖσα
1257 2648 1480 2724 ἀπαρχή
1521 2647 1572 2719 te
1603 2651 1762 2722 ἡμῶν
1794 2645 1946 2703 οὔπω

297 2737 362 2804 ἦν
393 2733 690 2791 ἀνελθοῦσα
720 2734 796 2798 εἰς
829 2735 1072 2812 οὐρανόν.

370 2827 423 2881 4.
455 2826 594 2883 ’Ὀσα
624 2822 715 2880 οὗν
782 2823 926 2901 λέγει
979 2827 1013 2896 ἡ
1076 2827 1285 2901 Γραφή,
1327 2823 1410 2880 ὅτι
1471 2821 1660 2881 ἔλαϐεν
1715 2827 1744 2882 6
1797 2825 1945 2900 Υἱός,

297 2914 388 2970 καὶ
445 2911 705 2985 ἐδοξάσθη
766 2915 795 2970 6
852 2915 998 2988 Υἱὸς,
1058 2912 1147 2970 διὰ
1191 2917 1291 2985 τήν
1346 2914 1738 2990 ἀνθρωπότητα
1783 2915 1948 2971 αὐτοῦ

301 3003 473 3078 λέγει,
502 3003 564 3058 οὐ
623 3001 714 3058 διὰ
765 3004 866 3074 τήν
925 3003 1169 3074 θεότητα.
1234 3004 1337 3061 Καὶ
1377 3004 1468 3060 ὅτε
1495 3007 1608 3078 (49)
1664 3002 1834 3080 λέγει,
1886 3006 1948 3063 Ὁ

307 3094 492 3168 Πατήρ
573 3113 701 3166 μου,
772 3093 800 3147 6
865 3091 1082 3168 πέμψας
1161 3115 1246 3167 με,
1340 3093 1538 3167 μείζων
1621 3114 1725 3167 μου
1782 3091 1949 3164 ἐστίν,

304 3181 421 3238 ἐπεὶ
469 3179 756 3257 ἄνθρωπος
800 3180 1005 3259 γέγονε,
1071 3182 1241 3256 μείζω
1299 3181 1460 3239 αὐτοῦ
1508 3182 1650 3259 λέγει
1704 3185 1794 3239 τὸν
1840 3190 1950 3240 Πα-

302 3270 450 3346 τέρα.
511 3269 687 3346 Λόγος
739 3268 796 3326 δὲ
847 3267 920 3326 ὤν
962 3275 1060 3326 τοῦ
1119 3272 1350 3349 Πατρὸς,
1405 3270 1521 3335 ἶσος
1572 3272 1737 3328 αὐτοῦ
1784 3271 1948 3330 ἐστὶν.

305 3361 446 3437 Ἐγὼ
512 3359 634 3435 γὰρ,
711 3361 864 3435 φησὶ,
939 3362 1029 3415 καὶ
1083 3363 1111 3416 6
1169 3364 1354 3437 Πατὴρ
1423 3359 1476 3417 ἓν
1535 3362 1714 3436 ἐσμεν·
1768 3363 1857 3418 καὶ
1889 3363 1950 3420 Ὀ

309 3450 564 3525 ἑωρακὼς
621 3449 718 3523 έμὲ
769 3449 974 3526 ἑώρακε
1053 3450 1146 3506 τὸν
1226 3451 1454 3527 Πατέρα.
1530 3450 1632 3508 Καὶ
1693 3450 1791 3507 οὐκ
1846 3452 1952 3508 ἀπὸ

306 3532 556 3615 ἁρπαγῆς
597 3540 712 3612 (50)
764 3537 880 3614 ἔχει
949 3540 1012 3594 τὸ
1056 3541 1192 3595 εἶναι
1252 3540 1412 3596 αὐτὸν
1453 3539 1574 3595 τίσον
1626 3547 1705 3613 τῷ
1757 3541 1950 3617 Πατρὶ,

309 3625 455 3682 ἀλλὰ
493 3628 632 3683 κατὰ
682 3627 838 3705 φύσιν
895 3625 1014 3690 ἴσος
1045 3627 1155 3682 ἐστὶ
1211 3628 1302 3683 καὶ
1333 3628 1627 3703 ὁμοούσιος
1650 3634 1732 3702 τῷ
1759 3629 1950 3706 Πατρί·

307 3712 448 3770 διότι
474 3717 541 3797 ,ἐκ
585 3723 686 3786 τῆς
746 3723 1016 3791 πατρικῆς
1071 3716 1255 3781 οὐσίας
1311 3719 1640 3794 γεγέννηται.
1703 3718 1805 3776 Καὶ
1862 3718 1954 3775 ὅτε

305 3801 451 3881 λέγει
493 3805 521 3858 6
576 3804 938 3876 Ἀπόστολος,
995 3807 1116 3862 *Οτι
1164 3806 1215 3861 ἐν
1276 3811 1496 3883 Χριστῷ
1551 3812 1794 3864 κατοικεῖ
1847 3814 1949 3863 πᾶν

302 3893 366 3948 τὸ
441 3891 727 3967 πλήρωμα
807 3901 906 3963 τῆς
991 3893 1248 3966 θεότητος
1339 3901 1684 3969 σωματικῶς,
1754 3896 1806 3952 ἐν
1881 3900 1950 3972 τῇ

303 3981 460 4057 σαρκὶ
519 3981 684 4037 αὐτοῦ
745 3988 1013 4038 κατοικεῖν
1071 3989 1174 4039 πᾶν
1234 3987 1343 4059 (51)
1399 3985 1463 4040 τὸ
1519 3982 1804 4060 πλήρωμα
1849 3993 1953 4058 τῆς

301 4070 560 4142 θεότητος
616 4071 861 4140 νοητέον.
895 4073 993 4126 Καὶ
1043 4071 1133 4128 ὅτε
1172 4073 1340 4150 λέγει,
1397 4077 1496 4138 "Oc
1547 4097 1608 4152 γε
1663 4081 1760 4131 τοῦ
1813 4074 1952 4132 ἰδίου

304 4163 456 4232 Υίοῦ,
507 4159 607 4216 οὐκ
659 4159 933 4239 ἐφείσατο,
993 4160 1122 4218 ἀλλ’
1182 4163 1315 4240 ὑπὲρ
1372 4166 1533 4238 ἡμῶν
1595 4164 1806 4221 πάντων
1848 4187 1952 4221 πα-

301 4247 532 4326 ρέδωκεν
591 4249 774 4320 αὐτόν,
809 4249 1063 4328 ἀλλαχοῦ
1095 4251 1264 4328 λέγει·
1298 4255 1486 4318 Καθὼς
1531 4254 1621 4309 καὶ
1663 4254 1690 4310 ὁ
1716 4256 1950 4330 ’Χριστὸς

300 4338 551 4414 ἠγάπησε
594 4341 693 4409 τὴν
743 4339 1099 4412 Ἐκκλησίαν,
1133 4341 1221 4397 καὶ
1253 4342 1438 4400 ἑαυτὸν
1470 4342 1781 4422 παρέδωκεν
1817 4345 1950 4422 ὑπὲρ

297 4428 488 4500 αὐτῆς.

2055 688 2737 761 tissimizAltissimiqne
2769 691 2924 746 carni
2979 707 3192 746 nomen
3243 689 3504 758 donavit,
3550 690 3705 761 quod

2057 784 2146 836 est
2176 796 2353 852 super
2383 795 2554 835 omne
2586 796 2820 835 nomen.
2845 780 3043 852 Neque
3074 779 3437 835 DeiVerbum
3454 794 3556 851 per
3573 795 3703 851 gra-

2056 869 2198 924 tiam
2233 869 2475 940 accepit,
2511 872 2574 923 ut
2592 868 2744 924 Deus
2761 875 3087 938 vocaretur,
3119 869 3216 924 sed
3242 884 3374 923 caro
3405 868 3701 938 eju3698

2058 974 2171 1014 una
2203 974 2337 1012 cum
2368 957 2518 1030 ipso.
2550 959 2646 1012 Dei
2701 974 2914 1014 nomen
2957 957 3198 1029 accipit:
3260 973 3374 1012 non
3425 957 3580 1012 enim
3618 957 3704 1012 di-

2054 1047 2140 1103 xit
2169 1063 2183 1102 :
2208 1046 2461 1102 Verbum
2495 1047 2648 1102 Deus
2680 1047 2898 1102 factum
2932 1052 3049 1114 est;
3083 1048 3216 1103 sed:
3250 1048 3388 1102 Deus
3419 1049 3537 1101 erat
3559 1050 3700 1101 Ver-

2057 1137 2184 1192 bum
2215 1137 2289 1191 “:
2323 1136 2584 1207 Semper,
2609 1136 2822 1207 inquit,
2855 1137 3010 1192 Deus
3053 1140 3176 1192 erat
3205 1136 3485 1206 Verbum,
3518 1139 3578 1190 et
3607 1134 3702 1191 hic

2055 1224 2182 1296 ipse
2212 1225 2366 1280 Deus
2399 1241 2532 1280 caro
2567 1226 2754 1280 factus
2785 1229 2894 1290 est,
2928 1229 2994 1280 ut
3023 1242 3155 1280 caro
3196 1226 3322 1295 ejus
3355 1225 3517 1280 ﬁeret
3546 1224 3701 1279 Deus

2054 1313 2335 1370 Verbum.
2377 1316 2564 1379 Quare
2595 1319 2652 1368 et
2683 1314 2940 1370 Thomas
2987 1331 3119 1370 cum
3152 1331 3387 1370 carnem
3417 1315 3546 1384 ejus
3577 1313 3697 1386 pal-

2056 1407 2276 1476 passet,
2308 1402 2655 1459 exclamavit
2680 1419 2692 1457 :
2719 1405 2980 1458 Dominus
3001 1419 3175 1471 meus,
3223 1406 3274 1457 et
3305 1408 3449 1458 Deus
3467 1402 3698 1466 meus”,

2057 1496 2372 1563 utrumque
2402 1490 2580 1547 simul
2610 1492 2795 1548 Deum
2817 1491 3354 1564 appellans.ltidem
3376 1493 3700 1547 etJoannes

2054 1581 2176 1638 hinc
2207 1581 2481 1652 scripsit:
2521 1580 2674 1650 Quod
2693 1582 2806 1652 fuit
2828 1583 2896 1636 ab
2929 1582 3110 1647 initio,
3157 1580 3298 1652 quod
3345 1580 3696 1647 audivimus,

2054 1671 2198 1743 quod
2229 1671 2468 1726 vidimus
2499 1671 2672 1726 oculis
2729 1672 2956 1734 nostris,
2999 1669 3141 1741 quod
3193 1670 3602 1742 perspeximus,
3643 1674 3700 1725 et

2052 1777 2259 1817 manus
2301 1765 2503 1816 nostra?
2577 1763 3042 1816 contrectavcrunt
3109 1761 3174 1816 de
3233 1761 3402 1816 Verbo
3449 1758 3573 1815 vitae
3630 1760 3697 1815 δι.

2054 1849 2363 1920 Propalam
2390 1848 2702 1920 estigitur,
2737 1849 2796 1904 in
2829 1865 3003 1905 carne
3059 1847 3271 1905 Filium
3331 1855 3385 1904 et
3443 1848 3697 1904 Verbum

2056 1937 2244 1995 Patris
2265 1938 2570 2010 palpatum
2601 1937 2805 2006 fuisse,
2854 1941 2908 1993 et
2941 1941 3258 2009 utrumque
3295 1938 3590 2008 Scriptura
3619 1936 3702 1991 di-

2049 2026 2187 2082 vina
2211 2027 2454 2081 tradidit
2483 2043 2612 2083 esse
2648 2027 2873 2083 Verbum
2921 2029 3052 2084 vitae
3072 2027 3225 2097 quod
3252 2025 3555 2098 palpatum
3586 2030 3694 2080 est.

2052 2115 2122 2170 Et
2170 2131 2302 2171 cum
2353 2115 2522 2171 dicit:
2581 2117 2836 2172 Nondum
2881 2124 2999 2171 erat
3055 2116 3299 2185 Spiritus
3345 2115 3525 2181 datus,
3567 2116 3699 2186 quia

2049 2207 2206 2261 Jesus
2232 2205 2480 2260 nondum
2534 2211 2656 2261 erat
2713 2204 3060 2274 glori/iectus
3105 2205 3170 2271 ⁸³,
3210 2205 3281 2260 de
3337 2220 3510 2259 carne
3566 2204 3696 2274 ejus

2053 2293 2315 2364 loquitur
2343 2293 2606 2349 nondum
2635 2292 2980 2365 glorificata.
3038 2294 3164 2350 Non
3203 2293 3361 2349 enim
3415 2293 3699 2348 Dominus

2053 2382 2251 2454 gloriae
2281 2381 2661 2453 glorificatur,
2696 2383 2798 2438 sed
2832 2399 2965 2438 caro
3027 2382 3258 2438 Domini
3291 2381 3488 2454 gloriae
3523 2396 3536 2436 :
3571 2382 3702 2454 ipsa

2053 2471 2300 2543 gloriam
2343 2471 2554 2542 accipit
2583 2470 2682 2526 ubi
2714 2487 2833 2526 una
2861 2487 2996 2526 cum
3048 2470 3144 2527 illo
3177 2471 3234 2526 in
3269 2471 3478 2526 caelum
3502 2487 3706 2527 ascen-

2054 2561 2159 2616 dit.
2187 2561 2351 2616 Unde
2389 2559 2638 2631 Spiritus
2653 2560 2984 2632 adoptionis
3004 2561 3263 2616 nondum
3287 2561 3482 2616 eratin
3506 2559 3695 2616 homi-

2055 2649 2399 2721 nibus,quia
2429 2649 2702 2721 primitiae
2717 2664 2784 2705 ex
2814 2649 2985 2706 nobis
3002 2655 3320 2722 assumpta
3342 2650 3604 2706 nondum
3637 2649 3695 2704 in

2055 2738 2266 2795 cmlum
2290 2739 2693 2794 ascenderant.

2128 2829 2180 2884 4.
2211 2828 2580 2900 Quaecunque
2602 2828 2782 2901 igitur
2811 2828 3115 2901 Scriptura
3146 2828 3311 2899 dicit,
3344 2843 3553 2900 nempe
3577 2844 3703 2883 zac—

2057 2920 2196 2991 cepit
2217 2919 2412 2986 Filius,
2443 2919 2778 2990 glorzﬁcatus
2827 2923 2905 2974 est
2947 2919 3140 2985 Filius,
3173 2922 3410 2990 propter
3439 2917 3568 2989 ejus
3597 2918 3704 2972 hu-

2059 3007 2422 3066 manitatem.
2475 3011 2532 3063 et
2560 3024 2675 3063 non
2708 3011 2944 3080 propter
2973 3008 3248 3062 deitatem
3281 3007 3364 3062 sic
3418 3006 3694 3078 loquitur.

2059 3095 2280 3149 Etcum
2322 3093 2484 3162 dicit,
2517 3096 2683 3150 Pater
2724 3111 2875 3151 meus
2894 3096 2992 3167 qui
3045 3094 3199 3150 misit
3241 3111 3348 3164 me,
3386 3095 3565 3165 major
3617 3112 3706 3151 me

2059 3186 2136 3240 est
2165 3183 2233 3249 ⁵³,
2255 3199 2321 3238 eo
2343 3183 2486 3239 dicit
2515 3187 2744 3239 Patrem
2778 3200 2839 3239 se
2871 3185 3176 3255 majorem,
3209 3185 3361 3255 quod
3386 3183 3512 3256 ipse
3527 3183 3703 3242 homo

2063 3273 2250 3328 factus
2281 3273 2376 3328 sit.
2406 3273 2548 3328 Cum
2600 3277 2794 3328 autem
2826 3273 3082 3328 Verbum
3114 3274 3192 3329 sit
3216 3273 3426 3342 Patris,
3460 3273 3703 3345 aequalis

1981 3347 2025 3414 C
2061 3366 2151 3418 est
2171 3360 2278 3417 illi.
2310 3362 2454 3416 Nam
2476 3364 2612 3435 Ego,
2642 3361 2856 3433 inquit,
2877 3366 2929 3418 et
2979 3367 3139 3419 Pater
3179 3379 3352 3417 unum
3397 3378 3584 3418 sumus
3608 3363 3652 3398 5‘
3689 3381 3702 3421 :

2061 3455 2157 3507 et:
2192 3452 2296 3519 Qui
2317 3450 2450 3506 vidit
2469 3466 2582 3518 me,
2616 3451 2756 3507 vidit
2801 3462 2855 3506 et
2883 3453 3102 3508 Patrem
3120 3452 3184 3505 ⁵⁵.
3211 3455 3290 3506 Ac
3330 3467 3444 3506 non
3493 3468 3562 3506 ex
3610 3468 3704 3506 ra-

2063 3540 2200 3612 pina
2231 3540 2404 3596 habet
2426 3540 2579 3611 quod
2605 3539 2936 3611 sitaequalis
2967 3541 3246 3608 Patri,sed
3266 3541 3590 3595 secundum
3611 3557 3709 3595 na-

2062 3633 2256 3685 turam
2279 3628 2524 3701 aequalis
2553 3633 2727 3700 est,et
2749 3629 3273 3686 consubstantialis
3299 3630 3617 3702 Patri,quia
3638 3646 3706 3684 ex

2063 3718 2251 3774 Patris
2283 3717 2617 3774 substantia
2637 3719 2873 3791 genitus
2902 3723 3010 3775 est.
3036 3719 3107 3774 Et
3137 3735 3270 3774 cum
3300 3718 3613 3792 Apostolus
3627 3718 3708 3774 di-

2061 3807 2163 3878 cit,
2197 3809 2343 3876 Quia
2373 3825 2432 3863 m
2465 3807 2678 3864 Christo
2724 3807 2999 3863 inhabitat
3033 3809 3223 3863 omnis
3250 3807 3532 3879 plenitudo
3560 3807 3707 3863 divi-

2060 3899 2258 3953 nitatis
2276 3897 2639 3968 corporaliter
2666 3896 2731 3967 ⁵⁸,
2763 3897 2818 3950 in
2878 3912 3051 3952 carne
3071 3898 3198 3968 ejus
3228 3896 3558 3952 inhabitare
3581 3895 3706 3968 ple-

2063 3985 2396 4043 nitudinem
2429 3985 3229 4058 divinitatis,intelligendum
3253 3985 3439 4042 est.Et
3459 4001 3592 4041 cum
3607 3984 3708 4040 ali-

2063 4076 2297 4148 quando
2327 4075 2560 4144 dixerit,
2586 4077 2694 4144 Qui
2716 4077 2949 4148 proprio
2975 4077 3123 4132 Filio
3150 4092 3248 4131 suo
3286 4090 3396 4131 non
3429 4077 3704 4147 pepercit,

2059 4167 2156 4222 sed
2206 4182 2307 4238 pro
2343 4165 2498 4222 nobis
2547 4165 2802 4221 omnibus
2859 4164 3090 4220 tradidit
3142 4165 3299 4220 illum
3326 4165 3391 4232 ⁵⁷,
3439 4163 3550 4220 alio
3580 4163 3704 4219 loco

2061 4255 2177 4311 ait:
2211 4255 2365 4311 Sicut
2393 4257 2445 4310 et
2501 4253 2752 4310 Christus
2795 4253 3000 4310 dilexit
3030 4253 3352 4325 Ecclesium,
3383 4257 3435 4310 et
3462 4255 3706 4324 scipsum

2060 4345 2294 4405 tradidit
2318 4361 2418 4415 pro
2447 4360 2510 4400 ea
2539 4344 2601 4399 ⁵³.

365 4571 419 4646 ‘_°_
446 4571 616 4646 {0am
651 4588 691 4636 Ι,
726 4572 777 4626 1.
809 4571 855 4646 f0
881 4576 1051 4646 Joan.
1075 4590 1169 4640 xx,
1199 4574 1289 4629 28.
1318 4574 1360 4610 ⁸⁸
1394 4575 1416 4631 Ι
1443 4577 1613 4630 Joan.
1648 4593 1686 4646 ι,
1723 4576 1775 4632 1.
1804 4576 1850 4611 ⁸³
1878 4579 1960 4632 .Ιοι

2077 4592 2176 4638 v11,
2209 4575 2296 4630 39.
2329 4574 2375 4610 ⁸³
2401 4575 2570 4645 Joan,
2600 4591 2713 4643 xxv,
2735 4575 2824 4630 28.
2848 4575 2893 4610 ⁵⁴
2916 4575 3084 4631 Joan.
3118 4593 3173 4645 x,
3206 4577 3294 4631 30.
3318 4577 3363 4612 ⁸⁸
3387 4576 3554 4632 Joan.
3588 4591 3700 4642 xxv,

291 4641 346 4698 9.
379 4642 422 4677 ⁸⁸
452 4642 674 4699 Coloss.
708 4659 770 4710 ιι,
801 4644 855 4699 9.
889 4644 931 4678 ⁵⁷
959 4645 1122 4700 Rom.
1155 4662 1274 4717 vm,
1306 4647 1395 4701 32.
1428 4646 1472 4681 ⁸⁸
1499 4641 1710 4718 Ephes.
1744 4663 1798 4715 ν,
1829 4648 1918 4702 25.

363 4794 478 4875 (ᾧ)
505 4799 743 4875 Seguer.
778 4795 1000 4868 Anglic.
1033 4800 1089 4852 et
1113 4796 1370 4870 Gobler.,
1405 4796 1486 4852 ἀεὶ
1514 4799 1606 4866 ἦν,
1637 4819 1690 4875 φ.
1731 4799 1792 4855 In
1824 4798 1948 4855 edi-

2059 4797 2378 4875 gobler._et
2435 4798 2720 4875 Felc.__1_).
2765 4798 3051 4875 Theudor.
3105 4817 3207 4872 pro
3254 4798 3495 4875 65,6953)!
3527 4799 3702 4875 habet

293 4863 378 4921 tis
401 4863 467 4931 ἦν
501 4863 683 4922 deest.

365 4936 478 5016 (16)
510 4941 595 4991 Ita
622 4942 856 5016 Seguer.
890 4943 1063 5016 recte.
1096 4939 1249 5016 E_diti
1295 4957 1430 5016 vero
1459 4945 1516 4996 et
1541 4941 1660 5016 alii,
1695 4935 1942 5016 é'jpacpev.

289 5007 471 5085 Paulo
527 5006 867 5085 pgstt’haec,
901 5009 931 5061 ὅ
960 5006 1314 5085 ἐθεασάμεθα,
1365 5013 1581 5068 desunt
1607 5006 1666 5068 in
1700 5006 1936 5085 Seguer.

290 5079 520 5147 Anglic.
553 5078 787 5134 Gobler.
819 5083 876 5134 et
906 5078 1168 5137 Felckm!
1193 5084 1244 5147 1,.

360 5150 479 5223 (47)
517 5155 750 5226 ξθευειξ.
778 5150 1023 5226 Gobler._
1059 5157 1116 5207 et
1172 5154 1320 5226 Eelc.
1383 5155 1434 5224 1,
1476 5151 1778 5226 παρέδωκε.
1811 5155 1942 5212 Mox

285 5217 487 5289 iidem,
522 5217 646 5298 815:3
679 5217 978 5298 λέγῃᾘεο
1009 5223 1148 5298 item
1181 5217 1473 5298 habentur
1501 5217 1656 5298 apud
1682 5227 1940 5298 Theodo-

287 5299 482 5369 retum
515 5301 567 5348 et
594 5293 892 5369 Gelasium
932 5294 1086 5369 locis
1132 5297 1406 5369 superius
1460 5293 1696 5369 notatis.
1757 5297 1938 5354 Paulo

284 5372 418 5439 post
448 5367 712 5439 Seguer.,
748 5362 902 5419 οὔπω
929 5362 1225 5439 ἐδοξάσθηῖ
1247 5369 1420 5438 Editi,
1450 5365 1683 5424 οὖδὲπω.

356 5438 470 5510 (48)
508 5437 832 5493 Lectionem
858 5437 1164 5510 sequimur
1181 5437 1713 5510 TheoderetiEditi
1739 5445 1934 5496 autem

281 5508 606 5585 et‘omnes
663 5526 807 5585 mss.
870 5508 1091 5566 habent
1147 5508 1681 5585 συναναϐαίνουσαν,
1741 5529 1936 5570 errore

278 5580 416 5657 hinc
439 5587 596 5657 orto,
631 5582 786 5652 quod
815 5587 1119 5657 cernentes
1144 5584 1365 5640 librarii
1387 5602 1586 5641 vocem
1607 5580 1934 5657 praeceden-

277 5648 613 5726 tem665av,
648 5648 930 5726 putarint
985 5655 1363 5713 scribendum
1422 5648 1931 5712 συναναϐαίνουσαν.

279 5726 351 5802 At
373 5723 578 5802 _1_iq'uet_
601 5723 902 5802 referriad
933 5742 1129 5802 vocem
1151 5726 1468 5802 ,aqlpﬁ,_Mox
1515 5730 1648 5802 Sag.
1695 5727 1930 5802 Gobler.

280 5801 339 5852 et
373 5794 524 5852 Felc.
561 5798 610 5866 1,
675 5794 942 5875 ληφθεῖσα
999 5794 1334 5875 άπαρχῆλέξ
1382 5801 1541 5874 ἡμῶν
1575 5794 1650 5873 (ἕξ
1678 5801 1843 5857 deest
1872 5800 1932 5856 in

2059 4868 2464 4946 ,ἀνθρώπων
2527 4868 2688 4925 Editi'
2735 4888 2888 4940 vero,
2947 4868 3216 4946 ληφθεῖσα
3264 4868 3390 4946 σὰρξ

2059 4942 2355 4996 ἀνθρώπων
2367 4985 2378 4996 .

2125 5009 2245 5102 <49).
2265 5017 2415 5102 Ηωσε
2448 5011 2578 5102 ,ξίαὶ
2604 5009 2735 5102 ,δ’ξςν
2771 5018 2920 5102 sus-.-
2978 5031 3166 5102 ussue
3191 5016 3285 5102 .αά
3313 5031 3575 5102 ἐπιρροθεῖ
3601 5013 3699 5102 tiri

2052 5083 2140 5158 ότε
2189 5083 2337 5158 λέγει
2390 5083 2418 5138 ὁ
2448 5087 2567 5158 Ἀπ.
2601 5084 2720 5154 (ubi
2771 5083 3087 5158 Gobler.et'
3120 5086 3262 5142 Felc.
3307 5088 3331 5140 1
3369 5083 3584 5143 habent
3614 5083 3696 5139 ὅτι

2050 5154 2220 5230 λέγει)
2254 5154 2554 5230 desuntin
2600 5161 2832 5230 Seguer.
2889 5157 3120 5230 Goblcr.
3171 5163 3229 5214 et
3261 5157 3450 5214 Felck.
3489 5159 3539 5227 1,
3591 5176 3695 5214 nec

2047 5227 2209 5303 lecta
2228 5234 2432 5303 sunta
2481 5228 2728 5294 Nannio,
2775 5231 2830 5282 et
2860 5229 2930 5283 ad
2964 5229 3181 5303 calcem
3219 5230 3394 5302 hujus
3425 5230 3694 5303 opusculi

3441 4869 3491 4942 ἐξ
3522 4871 3701 4946 ἀρχῆς

2045 5300 2105 5355 in
2139 5301 2672 5372 quibusdam_mss.
2706 5305 2846 5372 sunt
2872 5302 3167 5372 restituta.

2265 5372 2467 5440 Basil.,
2498 5368 2659 5424 ἐστιν.
2696 5369 2796 5426 Καὶ
2830 5369 2928 5425 οὐκ
2959 5372 3064 5426 ἀπὸ
3112 5374 3265 5446 «ip-it),
3300 5373 3542 5429 omissis
3574 5389 3692 5428 me-

2046 5444 2228 5586 d"85.1)
2258 5514 2350 5569 Sic
2377 5519 2615 5582 Seguer.
2653 5513 3052 5587 anglicﬂobl.
3086 5515 3234 5571 Felc.
3269 5517 3287 5570 1
3318 5533 3332 5581 ;
3368 5515 3422 5569 in
3457 5515 3686 5587 Speguer.

2044 5589 2145 5639 πᾶν
2180 5584 2361 5651 deest,
2421 5587 2591 5654 etin
2644 5584 2876 5641 Goblcr.
2935 5591 2992 5641 et
3038 5587 3187 5642 Felc.
3225 5589 3244 5641 1
3283 5592 3381 5654 τῆς
3412 5584 3688 5654 θεότητος.

2044 5658 2216 5730 Εάίίῐί,
2248 5655 2466 5730 νοητέον
2501 5653 2551 5708 ἐν
2583 5659 2652 5728 τῇ
2682 5655 2837 5730 σαρκί
2869 5657 3058 5726 αὐτοῦ,
3102 5653 3347 5715 omissis
3371 5659 3524 5716 aliis.
3559 5653 3688 5717 Mox

2041 5729 2192 5786 F610.
2223 5729 2279 5800 5,
2312 5726 2508 5784 ἔδωκεν
2538 5726 2644 5801 pro
2674 5726 3001 5804 παρέδωκεν.
