  <div class='ocr_page' id='page_1' title='image "/cluster/home/n/w/nwhite01/storage/ocr_20150623/26/hvd.32044019208479/563.png"; bbox 0 0 4074 6338; ppageno 0'>
   <div class='ocr_carea' id='block_1_1' title="bbox 356 445 468 505">
    <p class='ocr_par' dir='ltr' id='par_1_1' title="bbox 356 445 468 505">
     <span class='ocr_line' id='line_1_1' title="bbox 356 445 468 505; baseline -0.009 0"><span class='ocrx_word' id='word_1_1' title='bbox 356 445 468 505; x_wconf 89' lang='grc'><strong>991</strong></span> 
     </span>
    </p>
   </div>
   <div class='ocr_carea' id='block_1_2' title="bbox 903 437 3217 506">
    <p class='ocr_par' dir='ltr' id='par_1_2' title="bbox 903 437 3217 506">
     <span class='ocr_line' id='line_1_2' title="bbox 903 437 3217 506; baseline -0.003 -1"><span class='ocrx_word' id='word_1_2' title='bbox 903 443 965 506; x_wconf 89' lang='lat' dir='ltr'>S.</span> <span class='ocrx_word' id='word_1_3' title='bbox 1015 445 1434 504; x_wconf 76' lang='lat' dir='ltr'>ATHANASII</span> <span class='ocrx_word' id='word_1_4' title='bbox 1483 443 1655 504; x_wconf 89' lang='lat' dir='ltr'>OPP.</span> <span class='ocrx_word' id='word_1_5' title='bbox 1701 443 1903 502; x_wconf 82' lang='lat' dir='ltr'>PARS</span> <span class='ocrx_word' id='word_1_6' title='bbox 1948 441 1994 501; x_wconf 90' lang='grc' dir='ltr'><strong>Ι.</strong></span> <span class='ocrx_word' id='word_1_7' title='bbox 2030 473 2106 486; x_wconf 88' lang='grc'><strong>-</strong></span> <span class='ocrx_word' id='word_1_8' title='bbox 2136 441 2552 502; x_wconf 79' lang='lat' dir='ltr'>HISTORICA</span> <span class='ocrx_word' id='word_1_9' title='bbox 2598 441 2698 500; x_wconf 84' lang='lat' dir='ltr'>ET</span> <span class='ocrx_word' id='word_1_10' title='bbox 2741 437 3217 501; x_wconf 81' lang='lat' dir='ltr'>DOGMATICA.</span> 
     </span>
    </p>
   </div>
   <div class='ocr_carea' id='block_1_3' title="bbox 3651 435 3770 497">
    <p class='ocr_par' dir='ltr' id='par_1_3' title="bbox 3651 435 3770 497">
     <span class='ocr_line' id='line_1_3' title="bbox 3651 435 3770 497; baseline -0.017 0"><span class='ocrx_word' id='word_1_11' title='bbox 3651 435 3770 497; x_wconf 74' lang='lat'>992</span> 
     </span>
    </p>
   </div>
   <div class='ocr_carea' id='block_1_4' title="bbox 429 564 2015 647">
    <p class='ocr_par' dir='ltr' id='par_1_4' title="bbox 429 573 2007 646">
     <span class='ocr_line' id='line_1_4' title="bbox 429 573 2007 646; baseline -0.001 -17"><span class='ocrx_word' id='word_1_12' title='bbox 429 578 484 630; x_wconf 82' lang='lat'>5.</span> <span class='ocrx_word' id='word_1_13' title='bbox 518 576 642 632; x_wconf 88' lang='lat' dir='ltr'>Non</span> <span class='ocrx_word' id='word_1_14' title='bbox 675 576 830 631; x_wconf 89' lang='lat' dir='ltr'>enim</span> <span class='ocrx_word' id='word_1_15' title='bbox 874 581 937 630; x_wconf 91' lang='lat' dir='ltr'>ut</span> <span class='ocrx_word' id='word_1_16' title='bbox 979 575 1239 646; x_wconf 89' lang='lat' dir='ltr'>seipsum</span> <span class='ocrx_word' id='word_1_17' title='bbox 1301 573 1528 630; x_wconf 85' lang='lat' dir='ltr'>salvum</span> <span class='ocrx_word' id='word_1_18' title='bbox 1581 575 1795 630; x_wconf 87' lang='lat' dir='ltr'>faceret</span> <span class='ocrx_word' id='word_1_19' title='bbox 1847 573 2007 628; x_wconf 90' lang='lat' dir='ltr'>venit</span> 
     </span>
    </p>
   </div>
   <div class='ocr_carea' id='block_1_5' title="bbox 2131 564 3767 647">
    <p class='ocr_par' dir='ltr' id='par_1_5' title="bbox 2189 564 3767 647">
     <span class='ocr_line' id='line_1_5' title="bbox 2189 564 3767 647; baseline -0.003 -21"><span class='ocrx_word' id='word_1_20' title='bbox 2189 574 2243 628; x_wconf 88' lang='lat'>5.</span> <span class='ocrx_word' id='word_1_21' title='bbox 2277 570 2350 626; x_wconf 81' lang='grc' dir='ltr'>Οὐ</span> <span class='ocrx_word' id='word_1_22' title='bbox 2381 570 2484 647; x_wconf 78' lang='grc' dir='ltr'><strong>γὰρ</strong></span> <span class='ocrx_word' id='word_1_23' title='bbox 2517 571 2703 625; x_wconf 74' lang='grc' dir='ltr'><strong>ἑαυτὸν</strong></span> <span class='ocrx_word' id='word_1_24' title='bbox 2736 568 2875 637; x_wconf 76' lang='grc' dir='ltr'><strong>ἦλθε</strong></span> <span class='ocrx_word' id='word_1_25' title='bbox 2906 573 3073 623; x_wconf 79' lang='grc' dir='ltr'><strong>σῶσαι</strong></span> <span class='ocrx_word' id='word_1_26' title='bbox 3103 569 3131 622; x_wconf 85' lang='grc' dir='ltr'>ὁ</span> <span class='ocrx_word' id='word_1_27' title='bbox 3162 565 3423 631; x_wconf 76' lang='grc' dir='ltr'><strong>ἀθάνατος</strong></span> <span class='ocrx_word' id='word_1_28' title='bbox 3450 564 3578 627; x_wconf 80' lang='grc' dir='ltr'><strong>Θεὸς</strong></span> <span class='ocrx_word' id='word_1_29' title='bbox 3629 567 3767 638; x_wconf 85' lang='grc'>(52),</span> 
     </span>
    </p>
   </div>
   <div class='ocr_carea' id='block_1_6' title="bbox 364 664 2010 738">
    <p class='ocr_par' dir='ltr' id='par_1_6' title="bbox 364 664 2010 738">
     <span class='ocr_line' id='line_1_6' title="bbox 364 664 2010 738; baseline -0.004 -14"><span class='ocrx_word' id='word_1_30' title='bbox 364 666 644 738; x_wconf 83' lang='lat' dir='ltr'>Deus,qui</span> <span class='ocrx_word' id='word_1_31' title='bbox 678 671 766 722; x_wconf 82' lang='lat' dir='ltr'>est</span> <span class='ocrx_word' id='word_1_32' title='bbox 796 665 1180 732; x_wconf 77' lang='lat' dir='ltr'>immortalis;</span> <span class='ocrx_word' id='word_1_33' title='bbox 1209 665 1309 721; x_wconf 89' lang='lat' dir='ltr'>scd</span> <span class='ocrx_word' id='word_1_34' title='bbox 1334 671 1514 720; x_wconf 89' lang='lat' dir='ltr'>utnos</span> <span class='ocrx_word' id='word_1_35' title='bbox 1543 664 2010 736; x_wconf 86' lang='lat' dir='ltr'>quimortuiera-</span> 
     </span>
    </p>
   </div>
   <div class='ocr_carea' id='block_1_7' title="bbox 365 753 2012 827">
    <p class='ocr_par' dir='ltr' id='par_1_7' title="bbox 365 753 2012 827">
     <span class='ocr_line' id='line_1_7' title="bbox 365 753 2012 827; baseline -0.005 -13"><span class='ocrx_word' id='word_1_36' title='bbox 365 773 497 814; x_wconf 89' lang='lat' dir='ltr'>mus</span> <span class='ocrx_word' id='word_1_37' title='bbox 529 756 838 812; x_wconf 80' lang='lat' dir='ltr'>liberaret:</span> <span class='ocrx_word' id='word_1_38' title='bbox 875 771 1062 827; x_wconf 89' lang='lat' dir='ltr'>neque</span> <span class='ocrx_word' id='word_1_39' title='bbox 1094 772 1196 827; x_wconf 89' lang='lat' dir='ltr'>pro</span> <span class='ocrx_word' id='word_1_40' title='bbox 1246 771 1307 812; x_wconf 89' lang='lat' dir='ltr'>se</span> <span class='ocrx_word' id='word_1_41' title='bbox 1366 771 1578 827; x_wconf 84' lang='lat' dir='ltr'>passus</span> <span class='ocrx_word' id='word_1_42' title='bbox 1620 759 1728 819; x_wconf 84' lang='lat' dir='ltr'>est,</span> <span class='ocrx_word' id='word_1_43' title='bbox 1765 753 1863 809; x_wconf 86' lang='lat' dir='ltr'>sed</span> <span class='ocrx_word' id='word_1_44' title='bbox 1910 768 2012 824; x_wconf 88' lang='lat' dir='ltr'>pro</span> 
     </span>
    </p>
   </div>
   <div class='ocr_carea' id='block_1_8' title="bbox 365 843 2013 916">
    <p class='ocr_par' dir='ltr' id='par_1_8' title="bbox 365 843 2013 916">
     <span class='ocr_line' id='line_1_8' title="bbox 365 843 2013 916; baseline -0.003 -14"><span class='ocrx_word' id='word_1_45' title='bbox 365 847 568 903; x_wconf 87' lang='lat' dir='ltr'>nobis:</span> <span class='ocrx_word' id='word_1_46' title='bbox 602 847 768 900; x_wconf 82' lang='lat' dir='ltr'>itaut</span> <span class='ocrx_word' id='word_1_47' title='bbox 818 846 946 900; x_wconf 92' lang='lat' dir='ltr'>ideo</span> <span class='ocrx_word' id='word_1_48' title='bbox 989 850 1248 900; x_wconf 84' lang='lat' dir='ltr'>nostram</span> <span class='ocrx_word' id='word_1_49' title='bbox 1290 845 1574 900; x_wconf 75' lang='lat' dir='ltr'>vilitatem</span> <span class='ocrx_word' id='word_1_50' title='bbox 1635 843 2013 916; x_wconf 80' lang='lat' dir='ltr'>inopiamque</span> 
     </span>
    </p>
   </div>
   <div class='ocr_carea' id='block_1_9' title="bbox 365 931 2013 1007">
    <p class='ocr_par' dir='ltr' id='par_1_9' title="bbox 365 931 2013 1007">
     <span class='ocr_line' id='line_1_9' title="bbox 365 931 2013 1007; baseline -0.003 -16"><span class='ocrx_word' id='word_1_51' title='bbox 365 935 710 1007; x_wconf 84' lang='lat' dir='ltr'>susceperit,</span> <span class='ocrx_word' id='word_1_52' title='bbox 745 940 808 990; x_wconf 90' lang='lat' dir='ltr'>ut</span> <span class='ocrx_word' id='word_1_53' title='bbox 839 935 1007 989; x_wconf 89' lang='lat' dir='ltr'>nobis</span> <span class='ocrx_word' id='word_1_54' title='bbox 1043 934 1278 989; x_wconf 85' lang='lat' dir='ltr'>divitias</span> <span class='ocrx_word' id='word_1_55' title='bbox 1303 934 1614 1006; x_wconf 81' lang='lat' dir='ltr'>largiretur</span> <span class='ocrx_word' id='word_1_56' title='bbox 1645 931 2013 989; x_wconf 85' lang='lat' dir='ltr'>suas.Passio</span> 
     </span>
    </p>
   </div>
   <div class='ocr_carea' id='block_1_10' title="bbox 365 1024 2008 1097">
    <p class='ocr_par' dir='ltr' id='par_1_10' title="bbox 365 1024 2008 1097">
     <span class='ocr_line' id='line_1_10' title="bbox 365 1024 2008 1097; baseline -0.003 -16"><span class='ocrx_word' id='word_1_57' title='bbox 365 1026 521 1081; x_wconf 90' lang='lat' dir='ltr'>enim</span> <span class='ocrx_word' id='word_1_58' title='bbox 555 1027 704 1097; x_wconf 80' lang='lat' dir='ltr'>ejus,</span> <span class='ocrx_word' id='word_1_59' title='bbox 740 1030 939 1080; x_wconf 87' lang='lat' dir='ltr'>nostra</span> <span class='ocrx_word' id='word_1_60' title='bbox 998 1029 1087 1080; x_wconf 88' lang='lat' dir='ltr'>est</span> <span class='ocrx_word' id='word_1_61' title='bbox 1145 1024 1591 1096; x_wconf 85' lang='lat' dir='ltr'>impassibilitas</span> <span class='ocrx_word' id='word_1_62' title='bbox 1623 1040 1636 1078; x_wconf 90' lang='lat'>:</span> <span class='ocrx_word' id='word_1_63' title='bbox 1672 1040 1827 1079; x_wconf 88' lang='lat' dir='ltr'>mors</span> <span class='ocrx_word' id='word_1_64' title='bbox 1859 1024 2008 1092; x_wconf 85' lang='lat' dir='ltr'>ejus,</span> 
     </span>
    </p>
   </div>
   <div class='ocr_carea' id='block_1_11' title="bbox 366 1114 2009 1186">
    <p class='ocr_par' dir='ltr' id='par_1_11' title="bbox 366 1114 2009 1186">
     <span class='ocr_line' id='line_1_11' title="bbox 366 1114 2009 1186; baseline -0.003 -16"><span class='ocrx_word' id='word_1_65' title='bbox 366 1119 560 1171; x_wconf 86' lang='lat' dir='ltr'>nostra</span> <span class='ocrx_word' id='word_1_66' title='bbox 596 1114 1032 1170; x_wconf 81' lang='lat' dir='ltr'>immortalitas:</span> <span class='ocrx_word' id='word_1_67' title='bbox 1069 1114 1334 1186; x_wconf 74' lang='lat' dir='ltr'>lacrymte</span> <span class='ocrx_word' id='word_1_68' title='bbox 1367 1115 1517 1184; x_wconf 90' lang='lat' dir='ltr'>ejus,</span> <span class='ocrx_word' id='word_1_69' title='bbox 1560 1119 1826 1168; x_wconf 90' lang='lat' dir='ltr'>nostrum</span> <span class='ocrx_word' id='word_1_70' title='bbox 1869 1128 2009 1182; x_wconf 86' lang='lat' dir='ltr'>gau-</span> 
     </span>
    </p>
   </div>
   <div class='ocr_carea' id='block_1_12' title="bbox 365 1199 2012 1275">
    <p class='ocr_par' dir='ltr' id='par_1_12' title="bbox 365 1199 2012 1275">
     <span class='ocr_line' id='line_1_12' title="bbox 365 1199 2012 1275; baseline -0.004 -16"><span class='ocrx_word' id='word_1_71' title='bbox 365 1203 527 1259; x_wconf 87' lang='lat' dir='ltr'>dium</span> <span class='ocrx_word' id='word_1_72' title='bbox 557 1222 569 1259; x_wconf 91' lang='lat'>:</span> <span class='ocrx_word' id='word_1_73' title='bbox 595 1203 896 1275; x_wconf 79' lang='lat' dir='ltr'>sepultura</span> <span class='ocrx_word' id='word_1_74' title='bbox 927 1204 1077 1273; x_wconf 87' lang='lat' dir='ltr'>ejus,</span> <span class='ocrx_word' id='word_1_75' title='bbox 1112 1209 1308 1259; x_wconf 89' lang='lat' dir='ltr'>nostra</span> <span class='ocrx_word' id='word_1_76' title='bbox 1364 1202 1798 1266; x_wconf 85' lang='lat' dir='ltr'>resurrectio,et</span> <span class='ocrx_word' id='word_1_77' title='bbox 1830 1199 2012 1270; x_wconf 80' lang='lat' dir='ltr'>bapti-</span> 
     </span>
    </p>
   </div>
   <div class='ocr_carea' id='block_1_13' title="bbox 367 1288 2008 1363">
    <p class='ocr_par' dir='ltr' id='par_1_13' title="bbox 367 1288 2008 1363">
     <span class='ocr_line' id='line_1_13' title="bbox 367 1288 2008 1363; baseline -0.004 -15"><span class='ocrx_word' id='word_1_78' title='bbox 367 1309 532 1348; x_wconf 88' lang='lat' dir='ltr'>smus</span> <span class='ocrx_word' id='word_1_79' title='bbox 553 1293 702 1363; x_wconf 80' lang='lat' dir='ltr'>ejus,</span> <span class='ocrx_word' id='word_1_80' title='bbox 737 1298 938 1347; x_wconf 87' lang='lat' dir='ltr'>nostra</span> <span class='ocrx_word' id='word_1_81' title='bbox 959 1293 1342 1348; x_wconf 73' lang='lat' dir='ltr'>sanctiﬁcatio</span> <span class='ocrx_word' id='word_1_82' title='bbox 1365 1309 1377 1347; x_wconf 90' lang='lat'>:</span> <span class='ocrx_word' id='word_1_83' title='bbox 1397 1308 1530 1346; x_wconf 90' lang='lat' dir='ltr'>nam</span> <span class='ocrx_word' id='word_1_84' title='bbox 1559 1297 1664 1346; x_wconf 86' lang='lat' dir='ltr'>Pro</span> <span class='ocrx_word' id='word_1_85' title='bbox 1689 1288 2008 1359; x_wconf 89' lang='lat' dir='ltr'>eis,inquit,</span> 
     </span>
    </p>
   </div>
   <div class='ocr_carea' id='block_1_14' title="bbox 368 1378 2012 1453">
    <p class='ocr_par' dir='ltr' id='par_1_14' title="bbox 368 1378 2012 1453">
     <span class='ocr_line' id='line_1_14' title="bbox 368 1378 2012 1453; baseline -0.004 -17"><span class='ocrx_word' id='word_1_86' title='bbox 368 1397 469 1450; x_wconf 87' lang='lat' dir='ltr'>ego</span> <span class='ocrx_word' id='word_1_87' title='bbox 495 1382 777 1450; x_wconf 80' lang='lat' dir='ltr'>sancti/ico</span> <span class='ocrx_word' id='word_1_88' title='bbox 807 1384 1097 1453; x_wconf 87' lang='lat' dir='ltr'>meipsum,</span> <span class='ocrx_word' id='word_1_89' title='bbox 1123 1391 1181 1436; x_wconf 85' lang='lat' dir='ltr'>ut</span> <span class='ocrx_word' id='word_1_90' title='bbox 1233 1384 1342 1436; x_wconf 87' lang='lat' dir='ltr'>sint</span> <span class='ocrx_word' id='word_1_91' title='bbox 1374 1390 1424 1436; x_wconf 88' lang='lat' dir='ltr'>et</span> <span class='ocrx_word' id='word_1_92' title='bbox 1473 1381 1578 1452; x_wconf 78' lang='lat' dir='ltr'>ipsi</span> <span class='ocrx_word' id='word_1_93' title='bbox 1600 1378 1933 1449; x_wconf 74' lang='lat' dir='ltr'>sanctiﬁcati</span> <span class='ocrx_word' id='word_1_94' title='bbox 1953 1378 2012 1430; x_wconf 88' lang='lat' dir='ltr'>in</span> 
     </span>
    </p>
   </div>
   <div class='ocr_carea' id='block_1_15' title="bbox 371 1469 2008 1540">
    <p class='ocr_par' dir='ltr' id='par_1_15' title="bbox 371 1469 2008 1540">
     <span class='ocr_line' id='line_1_15' title="bbox 371 1469 2008 1540; baseline -0.004 -14"><span class='ocrx_word' id='word_1_95' title='bbox 371 1473 598 1527; x_wconf 77' lang='lat' dir='ltr'>veritate</span> <span class='ocrx_word' id='word_1_96' title='bbox 627 1472 689 1525; x_wconf 72' lang='grc' dir='ltr'><strong>δί’.</strong></span> <span class='ocrx_word' id='word_1_97' title='bbox 726 1471 792 1525; x_wconf 85' lang='lat' dir='ltr'>Et</span> <span class='ocrx_word' id='word_1_98' title='bbox 821 1470 967 1526; x_wconf 89' lang='lat' dir='ltr'>livor</span> <span class='ocrx_word' id='word_1_99' title='bbox 997 1471 1127 1540; x_wconf 84' lang='lat' dir='ltr'>ejus</span> <span class='ocrx_word' id='word_1_100' title='bbox 1159 1475 1358 1526; x_wconf 87' lang='lat' dir='ltr'>nostra</span> <span class='ocrx_word' id='word_1_101' title='bbox 1417 1474 1508 1524; x_wconf 86' lang='lat' dir='ltr'>est</span> <span class='ocrx_word' id='word_1_102' title='bbox 1566 1469 1792 1523; x_wconf 85' lang='lat' dir='ltr'>sanatio</span> <span class='ocrx_word' id='word_1_103' title='bbox 1826 1484 1838 1522; x_wconf 94' lang='lat'>:</span> <span class='ocrx_word' id='word_1_104' title='bbox 1878 1482 2008 1521; x_wconf 88' lang='lat' dir='ltr'>nam</span> 
     </span>
    </p>
   </div>
   <div class='ocr_carea' id='block_1_16' title="bbox 369 1557 2013 1629">
    <p class='ocr_par' dir='ltr' id='par_1_16' title="bbox 369 1557 2013 1629">
     <span class='ocr_line' id='line_1_16' title="bbox 369 1557 2013 1629; baseline -0.004 -15"><span class='ocrx_word' id='word_1_105' title='bbox 369 1562 540 1616; x_wconf 80' lang='lat' dir='ltr'>livore</span> <span class='ocrx_word' id='word_1_106' title='bbox 577 1560 692 1629; x_wconf 86' lang='lat' dir='ltr'>ejus</span> <span class='ocrx_word' id='word_1_107' title='bbox 713 1561 899 1613; x_wconf 87' lang='lat' dir='ltr'>sanati</span> <span class='ocrx_word' id='word_1_108' title='bbox 921 1576 1110 1614; x_wconf 86' lang='lat' dir='ltr'>sumus</span> <span class='ocrx_word' id='word_1_109' title='bbox 1131 1560 1195 1613; x_wconf 76' lang='grc' dir='ltr'>⁸ο.</span> <span class='ocrx_word' id='word_1_110' title='bbox 1257 1559 1324 1612; x_wconf 90' lang='lat' dir='ltr'>Et</span> <span class='ocrx_word' id='word_1_111' title='bbox 1382 1557 1694 1628; x_wconf 81' lang='lat' dir='ltr'>disciplina</span> <span class='ocrx_word' id='word_1_112' title='bbox 1745 1557 1872 1627; x_wconf 86' lang='lat' dir='ltr'>ejus</span> <span class='ocrx_word' id='word_1_113' title='bbox 1905 1571 2013 1626; x_wconf 89' lang='lat' dir='ltr'>pax</span> 
     </span>
    </p>
   </div>
   <div class='ocr_carea' id='block_1_17' title="bbox 370 1645 2012 1719">
    <p class='ocr_par' dir='ltr' id='par_1_17' title="bbox 370 1645 2012 1719">
     <span class='ocr_line' id='line_1_17' title="bbox 370 1645 2012 1719; baseline -0.003 -16"><span class='ocrx_word' id='word_1_114' title='bbox 370 1653 456 1703; x_wconf 89' lang='lat' dir='ltr'>est</span> <span class='ocrx_word' id='word_1_115' title='bbox 487 1659 686 1703; x_wconf 80' lang='lat' dir='ltr'>nostra</span> <span class='ocrx_word' id='word_1_116' title='bbox 710 1665 874 1704; x_wconf 87' lang='lat' dir='ltr'>:nam</span> <span class='ocrx_word' id='word_1_117' title='bbox 898 1647 1213 1719; x_wconf 76' lang='lat' dir='ltr'>Disciplina</span> <span class='ocrx_word' id='word_1_118' title='bbox 1241 1650 1390 1718; x_wconf 87' lang='lat' dir='ltr'>pacis</span> <span class='ocrx_word' id='word_1_119' title='bbox 1405 1645 2012 1717; x_wconf 69' lang='lat' dir='ltr'>nostrwsupereum“;</span> 
     </span>
    </p>
   </div>
   <div class='ocr_carea' id='block_1_18' title="bbox 369 1731 2013 1808">
    <p class='ocr_par' dir='ltr' id='par_1_18' title="bbox 369 1731 2013 1808">
     <span class='ocr_line' id='line_1_18' title="bbox 369 1731 2013 1808; baseline -0.004 -17"><span class='ocrx_word' id='word_1_120' title='bbox 369 1735 426 1791; x_wconf 90' lang='lat' dir='ltr'>id</span> <span class='ocrx_word' id='word_1_121' title='bbox 459 1740 568 1802; x_wconf 90' lang='lat' dir='ltr'>est,</span> <span class='ocrx_word' id='word_1_122' title='bbox 604 1753 706 1808; x_wconf 91' lang='lat' dir='ltr'>pro</span> <span class='ocrx_word' id='word_1_123' title='bbox 738 1751 876 1807; x_wconf 87' lang='lat' dir='ltr'>pace</span> <span class='ocrx_word' id='word_1_124' title='bbox 911 1742 1110 1792; x_wconf 88' lang='lat' dir='ltr'>nostra</span> <span class='ocrx_word' id='word_1_125' title='bbox 1142 1737 1264 1807; x_wconf 90' lang='lat' dir='ltr'>ipse</span> <span class='ocrx_word' id='word_1_126' title='bbox 1295 1735 1630 1805; x_wconf 79' lang='lat' dir='ltr'>castigatur.</span> <span class='ocrx_word' id='word_1_127' title='bbox 1666 1734 1733 1787; x_wconf 87' lang='lat' dir='ltr'>Et</span> <span class='ocrx_word' id='word_1_128' title='bbox 1763 1731 2013 1805; x_wconf 84' lang='lat' dir='ltr'>ignomi-</span> 
     </span>
    </p>
   </div>
   <div class='ocr_carea' id='block_1_19' title="bbox 370 1819 2011 1896">
    <p class='ocr_par' dir='ltr' id='par_1_19' title="bbox 370 1819 2011 1896">
     <span class='ocr_line' id='line_1_19' title="bbox 370 1819 2011 1896; baseline -0.003 -17"><span class='ocrx_word' id='word_1_129' title='bbox 370 1825 467 1879; x_wconf 86' lang='lat' dir='ltr'>nia</span> <span class='ocrx_word' id='word_1_130' title='bbox 495 1826 624 1896; x_wconf 85' lang='lat' dir='ltr'>ejus</span> <span class='ocrx_word' id='word_1_131' title='bbox 657 1830 855 1880; x_wconf 89' lang='lat' dir='ltr'>nostra</span> <span class='ocrx_word' id='word_1_132' title='bbox 885 1829 973 1880; x_wconf 88' lang='lat' dir='ltr'>est</span> <span class='ocrx_word' id='word_1_133' title='bbox 1003 1824 1225 1896; x_wconf 84' lang='lat' dir='ltr'>gloria:</span> <span class='ocrx_word' id='word_1_134' title='bbox 1270 1824 1423 1878; x_wconf 90' lang='lat' dir='ltr'>unde</span> <span class='ocrx_word' id='word_1_135' title='bbox 1485 1827 1720 1894; x_wconf 71' lang='lat' dir='ltr'>prOpter</span> <span class='ocrx_word' id='word_1_136' title='bbox 1753 1839 1859 1876; x_wconf 89' lang='lat' dir='ltr'>nos</span> <span class='ocrx_word' id='word_1_137' title='bbox 1890 1819 2011 1892; x_wconf 85' lang='lat' dir='ltr'>glo-</span> 
     </span>
    </p>
   </div>
   <div class='ocr_carea' id='block_1_20' title="bbox 2123 653 3769 732">
    <p class='ocr_par' dir='ltr' id='par_1_20' title="bbox 2123 653 3769 732">
     <span class='ocr_line' id='line_1_20' title="bbox 2123 653 3769 732; baseline -0.003 -19"><span class='ocrx_word' id='word_1_138' title='bbox 2123 657 2268 715; x_wconf 83' lang='grc' dir='ltr'>ἀλλά</span> <span class='ocrx_word' id='word_1_139' title='bbox 2315 659 2444 722; x_wconf 76' lang='grc' dir='ltr'><strong>τοῦς</strong></span> <span class='ocrx_word' id='word_1_140' title='bbox 2483 658 2904 720; x_wconf 68' lang='grc' dir='ltr'><strong>θανατωθένταςο</strong></span> <span class='ocrx_word' id='word_1_141' title='bbox 2949 657 3040 712; x_wconf 79' lang='grc' dir='ltr'><strong>καὶ</strong></span> <span class='ocrx_word' id='word_1_142' title='bbox 3081 656 3188 732; x_wconf 77' lang='grc' dir='ltr'>οὐχ</span> <span class='ocrx_word' id='word_1_143' title='bbox 3237 656 3368 731; x_wconf 72' lang='grc' dir='ltr'><strong>ὑπὲρ</strong></span> <span class='ocrx_word' id='word_1_144' title='bbox 3411 657 3600 710; x_wconf 73' lang='grc' dir='ltr'><strong>ἑαυτοῦ</strong></span> <span class='ocrx_word' id='word_1_145' title='bbox 3633 653 3769 709; x_wconf 76' lang='grc' dir='ltr'><strong>επα-</strong></span> 
     </span>
    </p>
   </div>
   <div class='ocr_carea' id='block_1_21' title="bbox 2124 743 3773 824">
    <p class='ocr_par' dir='ltr' id='par_1_21' title="bbox 2124 743 3773 824">
     <span class='ocr_line' id='line_1_21' title="bbox 2124 743 3773 824; baseline -0.004 -20"><span class='ocrx_word' id='word_1_146' title='bbox 2124 760 2227 815; x_wconf 83' lang='grc' dir='ltr'><strong>θεν,</strong></span> <span class='ocrx_word' id='word_1_147' title='bbox 2263 747 2390 805; x_wconf 87' lang='grc' dir='ltr'><strong>ἀλλ’</strong></span> <span class='ocrx_word' id='word_1_148' title='bbox 2448 750 2578 824; x_wconf 79' lang='grc' dir='ltr'><strong>ὑπὲρ</strong></span> <span class='ocrx_word' id='word_1_149' title='bbox 2637 752 2816 822; x_wconf 76' lang='grc' dir='ltr'><strong>ἡμῶν·</strong></span> <span class='ocrx_word' id='word_1_150' title='bbox 2875 747 3013 802; x_wconf 82' lang='grc' dir='ltr'><strong>ὥστε</strong></span> <span class='ocrx_word' id='word_1_151' title='bbox 3063 744 3151 802; x_wconf 74' lang='grc' dir='ltr'>διὰ</span> <span class='ocrx_word' id='word_1_152' title='bbox 3177 743 3338 800; x_wconf 78' lang='grc' dir='ltr'><strong>τοῦτο</strong></span> <span class='ocrx_word' id='word_1_153' title='bbox 3363 747 3463 815; x_wconf 83' lang='grc' dir='ltr'><strong>τήν</strong></span> <span class='ocrx_word' id='word_1_154' title='bbox 3495 743 3773 800; x_wconf 83' lang='grc' dir='ltr'><strong>εὐτέλειαν</strong></span> 
     </span>
    </p>
   </div>
   <div class='ocr_carea' id='block_1_22' title="bbox 2122 831 3776 913">
    <p class='ocr_par' dir='ltr' id='par_1_22' title="bbox 2122 831 3776 913">
     <span class='ocr_line' id='line_1_22' title="bbox 2122 831 3776 913; baseline -0.002 -21"><span class='ocrx_word' id='word_1_155' title='bbox 2122 840 2283 911; x_wconf 76' lang='grc' dir='ltr'><strong>ἡμῶν</strong></span> <span class='ocrx_word' id='word_1_156' title='bbox 2315 839 2403 894; x_wconf 86' lang='grc' dir='ltr'><strong>καὶ</strong></span> <span class='ocrx_word' id='word_1_157' title='bbox 2442 840 2540 908; x_wconf 78' lang='grc' dir='ltr'><strong>τήν</strong></span> <span class='ocrx_word' id='word_1_158' title='bbox 2572 837 2848 913; x_wconf 81' lang='grc' dir='ltr'>πτωχείαν</span> <span class='ocrx_word' id='word_1_159' title='bbox 2881 833 3279 908; x_wconf 56' lang='grc' dir='ltr'><strong>ἀνεδέξατοξίνα</strong></span> <span class='ocrx_word' id='word_1_160' title='bbox 3307 837 3442 907; x_wconf 78' lang='grc' dir='ltr'><strong>ἡμῖν</strong></span> <span class='ocrx_word' id='word_1_161' title='bbox 3473 834 3567 888; x_wconf 87' lang='grc' dir='ltr'><strong>τὸν</strong></span> <span class='ocrx_word' id='word_1_162' title='bbox 3598 831 3776 888; x_wconf 89' lang='grc' dir='ltr'><strong>πλοῦ-</strong></span> 
     </span>
    </p>
   </div>
   <div class='ocr_carea' id='block_1_23' title="bbox 2121 922 3775 1004">
    <p class='ocr_par' dir='ltr' id='par_1_23' title="bbox 2121 922 3775 1004">
     <span class='ocr_line' id='line_1_23' title="bbox 2121 922 3775 1004; baseline -0.004 -22"><span class='ocrx_word' id='word_1_163' title='bbox 2121 948 2212 982; x_wconf 92' lang='grc' dir='ltr'>τον</span> <span class='ocrx_word' id='word_1_164' title='bbox 2242 927 2405 982; x_wconf 82' lang='grc' dir='ltr'><strong>αὐτοῦ</strong></span> <span class='ocrx_word' id='word_1_165' title='bbox 2434 927 2750 1004; x_wconf 78' lang='grc' dir='ltr'>χαρίσηται.</span> <span class='ocrx_word' id='word_1_166' title='bbox 2785 927 2864 982; x_wconf 89' lang='grc' dir='ltr'>Τὸ</span> <span class='ocrx_word' id='word_1_167' title='bbox 2892 925 2995 1000; x_wconf 84' lang='grc' dir='ltr'><strong>γὰρ</strong></span> <span class='ocrx_word' id='word_1_168' title='bbox 3027 925 3194 985; x_wconf 80' lang='grc' dir='ltr'>πάθος</span> <span class='ocrx_word' id='word_1_169' title='bbox 3225 925 3411 995; x_wconf 80' lang='grc' dir='ltr'><strong>αὐτοῦ,</strong></span> <span class='ocrx_word' id='word_1_170' title='bbox 3443 925 3604 996; x_wconf 77' lang='grc' dir='ltr'><strong>ἡμῶν</strong></span> <span class='ocrx_word' id='word_1_171' title='bbox 3637 922 3775 976; x_wconf 77' lang='grc' dir='ltr'><strong>ἀπά-</strong></span> 
     </span>
    </p>
   </div>
   <div class='ocr_carea' id='block_1_24' title="bbox 2124 1011 3773 1086">
    <p class='ocr_par' dir='ltr' id='par_1_24' title="bbox 2124 1011 3773 1086">
     <span class='ocr_line' id='line_1_24' title="bbox 2124 1011 3773 1086; baseline -0.003 -15"><span class='ocrx_word' id='word_1_172' title='bbox 2124 1016 2239 1071; x_wconf 82' lang='grc' dir='ltr'><strong>θειά</strong></span> <span class='ocrx_word' id='word_1_173' title='bbox 2292 1016 2435 1071; x_wconf 85' lang='grc' dir='ltr'><strong>ἐστι·</strong></span> <span class='ocrx_word' id='word_1_174' title='bbox 2498 1018 2589 1071; x_wconf 85' lang='grc' dir='ltr'><strong>καὶ</strong></span> <span class='ocrx_word' id='word_1_175' title='bbox 2647 1017 2676 1071; x_wconf 89' lang='grc' dir='ltr'>ὁ</span> <span class='ocrx_word' id='word_1_176' title='bbox 2726 1015 2952 1079; x_wconf 77' lang='grc' dir='ltr'><strong>θάνατος</strong></span> <span class='ocrx_word' id='word_1_177' title='bbox 3009 1013 3174 1069; x_wconf 71' lang='grc' dir='ltr'><strong>αὑτοῦ</strong></span> <span class='ocrx_word' id='word_1_178' title='bbox 3210 1057 3224 1081; x_wconf 93' lang='grc'>,</span> <span class='ocrx_word' id='word_1_179' title='bbox 3284 1015 3445 1086; x_wconf 78' lang='grc' dir='ltr'><strong>ἡμῶν</strong></span> <span class='ocrx_word' id='word_1_180' title='bbox 3508 1011 3773 1076; x_wconf 80' lang='grc' dir='ltr'><strong>ἀθανασία</strong></span> 
     </span>
    </p>
   </div>
   <div class='ocr_carea' id='block_1_25' title="bbox 2123 1101 3771 1180">
    <p class='ocr_par' dir='ltr' id='par_1_25' title="bbox 2123 1101 3771 1180">
     <span class='ocr_line' id='line_1_25' title="bbox 2123 1101 3771 1180; baseline -0.004 -18"><span class='ocrx_word' id='word_1_181' title='bbox 2123 1107 2231 1162; x_wconf 84' lang='grc' dir='ltr'><strong>ἐστί</strong></span> <span class='ocrx_word' id='word_1_182' title='bbox 2259 1109 2393 1179; x_wconf 78' lang='grc'>(53)⁶</span> <span class='ocrx_word' id='word_1_183' title='bbox 2449 1106 2537 1161; x_wconf 64' lang='grc' dir='ltr'><strong>καὶ</strong></span> <span class='ocrx_word' id='word_1_184' title='bbox 2581 1107 2644 1160; x_wconf 86' lang='grc' dir='ltr'><strong>τὸ</strong></span> <span class='ocrx_word' id='word_1_185' title='bbox 2695 1102 2926 1180; x_wconf 78' lang='grc' dir='ltr'><strong>δάκρυον</strong></span> <span class='ocrx_word' id='word_1_186' title='bbox 2975 1104 3160 1173; x_wconf 83' lang='grc' dir='ltr'><strong>αὐτοῦ,</strong></span> <span class='ocrx_word' id='word_1_187' title='bbox 3194 1103 3341 1179; x_wconf 86' lang='grc' dir='ltr'><strong>χαρά</strong></span> <span class='ocrx_word' id='word_1_188' title='bbox 3369 1101 3628 1176; x_wconf 76' lang='grc' dir='ltr'><strong>ἡμετέραο</strong></span> <span class='ocrx_word' id='word_1_189' title='bbox 3676 1101 3771 1156; x_wconf 87' lang='grc' dir='ltr'><strong>καὶ</strong></span> 
     </span>
    </p>
   </div>
   <div class='ocr_carea' id='block_1_26' title="bbox 2121 1189 3774 1273">
    <p class='ocr_par' dir='ltr' id='par_1_26' title="bbox 2121 1189 3774 1273">
     <span class='ocr_line' id='line_1_26' title="bbox 2121 1189 3774 1273; baseline -0.004 -22"><span class='ocrx_word' id='word_1_190' title='bbox 2121 1199 2155 1265; x_wconf 81' lang='grc' dir='ltr'>ἡ</span> <span class='ocrx_word' id='word_1_191' title='bbox 2185 1197 2328 1273; x_wconf 74' lang='grc' dir='ltr'><strong>ταφὴ</strong></span> <span class='ocrx_word' id='word_1_192' title='bbox 2360 1195 2547 1261; x_wconf 81' lang='grc' dir='ltr'><strong>αὐτοῦ,</strong></span> <span class='ocrx_word' id='word_1_193' title='bbox 2578 1196 2737 1267; x_wconf 81' lang='grc' dir='ltr'><strong>ἡμῶν</strong></span> <span class='ocrx_word' id='word_1_194' title='bbox 2779 1192 3083 1255; x_wconf 78' lang='grc' dir='ltr'><strong>ἀνάστασιςο</strong></span> <span class='ocrx_word' id='word_1_195' title='bbox 3139 1193 3227 1247; x_wconf 84' lang='grc' dir='ltr'><strong>καὶ</strong></span> <span class='ocrx_word' id='word_1_196' title='bbox 3270 1194 3334 1246; x_wconf 85' lang='grc' dir='ltr'><strong>τὸ</strong></span> <span class='ocrx_word' id='word_1_197' title='bbox 3371 1192 3649 1266; x_wconf 72' lang='grc' dir='ltr'><strong>βάπτισμα</strong></span> <span class='ocrx_word' id='word_1_198' title='bbox 3680 1189 3774 1245; x_wconf 80' lang='grc' dir='ltr'><strong>αὖ·</strong></span> 
     </span>
    </p>
   </div>
   <div class='ocr_carea' id='block_1_27' title="bbox 2121 1277 3776 1358">
    <p class='ocr_par' dir='ltr' id='par_1_27' title="bbox 2121 1277 3776 1358">
     <span class='ocr_line' id='line_1_27' title="bbox 2121 1277 3776 1358; baseline -0.004 -20"><span class='ocrx_word' id='word_1_199' title='bbox 2121 1288 2216 1338; x_wconf 92' lang='grc' dir='ltr'>τοῦ</span> <span class='ocrx_word' id='word_1_200' title='bbox 2245 1286 2436 1357; x_wconf 78' lang='grc' dir='ltr'><strong>ήτμῶν</strong></span> <span class='ocrx_word' id='word_1_201' title='bbox 2495 1277 2776 1358; x_wconf 87' lang='grc' dir='ltr'><strong>ἁγιασμός·</strong></span> <span class='ocrx_word' id='word_1_202' title='bbox 2840 1282 2999 1354; x_wconf 73' lang='grc' dir='ltr'><strong>Ὑπὲρ</strong></span> <span class='ocrx_word' id='word_1_203' title='bbox 3031 1279 3206 1336; x_wconf 78' lang='grc' dir='ltr'><strong>αὐτῶν</strong></span> <span class='ocrx_word' id='word_1_204' title='bbox 3255 1281 3396 1356; x_wconf 77' lang='grc' dir='ltr'><strong>γὰρ,</strong></span> <span class='ocrx_word' id='word_1_205' title='bbox 3457 1280 3642 1356; x_wconf 77' lang='grc' dir='ltr'><strong>φησὶν,</strong></span> <span class='ocrx_word' id='word_1_206' title='bbox 3714 1282 3776 1333; x_wconf 84' lang='grc' dir='ltr'><strong>ἀ-</strong></span> 
     </span>
    </p>
   </div>
   <div class='ocr_carea' id='block_1_28' title="bbox 2121 1367 3770 1448">
    <p class='ocr_par' dir='ltr' id='par_1_28' title="bbox 2121 1367 3770 1448">
     <span class='ocr_line' id='line_1_28' title="bbox 2121 1367 3770 1448; baseline -0.004 -21"><span class='ocrx_word' id='word_1_207' title='bbox 2121 1375 2295 1448; x_wconf 82' lang='grc' dir='ltr'><strong>γιάζω</strong></span> <span class='ocrx_word' id='word_1_208' title='bbox 2355 1372 2610 1446; x_wconf 73' lang='grc' dir='ltr'><strong>ἐμαυτὸν,</strong></span> <span class='ocrx_word' id='word_1_209' title='bbox 2669 1370 2762 1426; x_wconf 70' lang='grc' dir='ltr'><strong>’ίνα</strong></span> <span class='ocrx_word' id='word_1_210' title='bbox 2819 1371 2918 1424; x_wconf 81' lang='grc' dir='ltr'><strong>ὦσι</strong></span> <span class='ocrx_word' id='word_1_211' title='bbox 2973 1371 3060 1425; x_wconf 87' lang='grc' dir='ltr'><strong>καὶ</strong></span> <span class='ocrx_word' id='word_1_212' title='bbox 3125 1368 3277 1424; x_wconf 83' lang='grc' dir='ltr'><strong>αὐτοὶ</strong></span> <span class='ocrx_word' id='word_1_213' title='bbox 3338 1368 3661 1444; x_wconf 77' lang='grc' dir='ltr'><strong>ἡγιασμένοι</strong></span> <span class='ocrx_word' id='word_1_214' title='bbox 3717 1367 3770 1422; x_wconf 80' lang='grc' dir='ltr'><strong>ἐν</strong></span> 
     </span>
    </p>
   </div>
   <div class='ocr_carea' id='block_1_29' title="bbox 2123 1455 3773 1534">
    <p class='ocr_par' dir='ltr' id='par_1_29' title="bbox 2123 1455 3773 1534">
     <span class='ocr_line' id='line_1_29' title="bbox 2123 1455 3773 1534; baseline -0.004 -17"><span class='ocrx_word' id='word_1_215' title='bbox 2123 1461 2368 1533; x_wconf 78' lang='grc' dir='ltr'><strong>ἀληθείᾳ.</strong></span> <span class='ocrx_word' id='word_1_216' title='bbox 2430 1461 2588 1516; x_wconf 83' lang='grc' dir='ltr'>Καὶὸ</span> <span class='ocrx_word' id='word_1_217' title='bbox 2641 1459 2858 1534; x_wconf 77' lang='grc' dir='ltr'><strong>μώλωψ</strong></span> <span class='ocrx_word' id='word_1_218' title='bbox 2891 1459 3073 1532; x_wconf 76' lang='grc' dir='ltr'><strong>αὐτοῦ,</strong></span> <span class='ocrx_word' id='word_1_219' title='bbox 3132 1461 3290 1531; x_wconf 74' lang='grc' dir='ltr'><strong>ἡμῶν</strong></span> <span class='ocrx_word' id='word_1_220' title='bbox 3343 1455 3509 1519; x_wconf 76' lang='grc' dir='ltr'><strong>’ίασις-</strong></span> <span class='ocrx_word' id='word_1_221' title='bbox 3542 1460 3636 1529; x_wconf 82' lang='grc' dir='ltr'><strong>Τῷ</strong></span> <span class='ocrx_word' id='word_1_222' title='bbox 3663 1457 3773 1532; x_wconf 75' lang='grc' dir='ltr'><strong>γὰρ</strong></span> 
     </span>
    </p>
   </div>
   <div class='ocr_carea' id='block_1_30' title="bbox 2127 1544 3780 1626">
    <p class='ocr_par' dir='ltr' id='par_1_30' title="bbox 2127 1544 3780 1626">
     <span class='ocr_line' id='line_1_30' title="bbox 2127 1544 3780 1626; baseline -0.004 -21"><span class='ocrx_word' id='word_1_223' title='bbox 2127 1550 2363 1626; x_wconf 84' lang='grc' dir='ltr'>μώλωπι</span> <span class='ocrx_word' id='word_1_224' title='bbox 2391 1551 2554 1606; x_wconf 83' lang='grc' dir='ltr'><strong>αὐτοῦ</strong></span> <span class='ocrx_word' id='word_1_225' title='bbox 2583 1552 2748 1623; x_wconf 75' lang='grc' dir='ltr'><strong>ἡμεῖς</strong></span> <span class='ocrx_word' id='word_1_226' title='bbox 2782 1549 3032 1622; x_wconf 75' lang='grc' dir='ltr'><strong>ἱάθημεν.</strong></span> <span class='ocrx_word' id='word_1_227' title='bbox 3093 1549 3193 1605; x_wconf 75' lang='grc' dir='ltr'>Καὶ</span> <span class='ocrx_word' id='word_1_228' title='bbox 3239 1550 3274 1616; x_wconf 76' lang='grc' dir='ltr'>ἡ</span> <span class='ocrx_word' id='word_1_229' title='bbox 3307 1544 3522 1601; x_wconf 85' lang='grc' dir='ltr'><strong>παιδεία</strong></span> <span class='ocrx_word' id='word_1_230' title='bbox 3577 1547 3780 1614; x_wconf 85' lang='grc' dir='ltr'><strong>αὐτοῦ,</strong></span> 
     </span>
    </p>
   </div>
   <div class='ocr_carea' id='block_1_31' title="bbox 2122 1633 3776 1715">
    <p class='ocr_par' dir='ltr' id='par_1_31' title="bbox 2122 1633 3776 1715">
     <span class='ocr_line' id='line_1_31' title="bbox 2122 1633 3776 1715; baseline -0.005 -20"><span class='ocrx_word' id='word_1_231' title='bbox 2122 1643 2280 1713; x_wconf 80' lang='grc' dir='ltr'><strong>ἡμῶν</strong></span> <span class='ocrx_word' id='word_1_232' title='bbox 2340 1639 2555 1715; x_wconf 73' lang='grc' dir='ltr'><strong>εἰρήνη·</strong></span> <span class='ocrx_word' id='word_1_233' title='bbox 2609 1635 2831 1694; x_wconf 76' lang='grc' dir='ltr'><strong>Παιδεία</strong></span> <span class='ocrx_word' id='word_1_234' title='bbox 2886 1638 2989 1713; x_wconf 71' lang='grc' dir='ltr'>γὰρ</span> <span class='ocrx_word' id='word_1_235' title='bbox 3047 1636 3270 1711; x_wconf 78' lang='grc' dir='ltr'><strong>είρήνης</strong></span> <span class='ocrx_word' id='word_1_236' title='bbox 3327 1637 3489 1708; x_wconf 79' lang='grc' dir='ltr'><strong>ἡμῶν</strong></span> <span class='ocrx_word' id='word_1_237' title='bbox 3541 1634 3621 1688; x_wconf 84' lang='grc' dir='ltr'>ἐπ’</span> <span class='ocrx_word' id='word_1_238' title='bbox 3680 1633 3776 1688; x_wconf 64' lang='grc' dir='ltr'><strong>αὖ-</strong></span> 
     </span>
    </p>
   </div>
   <div class='ocr_carea' id='block_1_32' title="bbox 2121 1723 3776 1800">
    <p class='ocr_par' dir='ltr' id='par_1_32' title="bbox 2121 1723 3776 1800">
     <span class='ocr_line' id='line_1_32' title="bbox 2121 1723 3776 1800; baseline -0.004 -16"><span class='ocrx_word' id='word_1_239' title='bbox 2121 1729 2230 1784; x_wconf 87' lang='grc' dir='ltr'><strong>τόν·</strong></span> <span class='ocrx_word' id='word_1_240' title='bbox 2262 1727 2558 1795; x_wconf 85' lang='grc' dir='ltr'><strong>τουτέστιν,</strong></span> <span class='ocrx_word' id='word_1_241' title='bbox 2609 1727 2783 1782; x_wconf 62' lang='grc' dir='ltr'><strong>ἶνεκεν</strong></span> <span class='ocrx_word' id='word_1_242' title='bbox 2831 1733 2932 1796; x_wconf 85' lang='grc' dir='ltr'>τῆς</span> <span class='ocrx_word' id='word_1_243' title='bbox 2977 1728 3135 1799; x_wconf 75' lang='grc' dir='ltr'><strong>ἡμῶν</strong></span> <span class='ocrx_word' id='word_1_244' title='bbox 3183 1724 3407 1800; x_wconf 73' lang='grc' dir='ltr'><strong>εἷ’ρήνης</strong></span> <span class='ocrx_word' id='word_1_245' title='bbox 3451 1723 3608 1785; x_wconf 82' lang='grc' dir='ltr'><strong>αὐτὸς</strong></span> <span class='ocrx_word' id='word_1_246' title='bbox 3641 1745 3776 1778; x_wconf 88' lang='grc' dir='ltr'><strong>παι-</strong></span> 
     </span>
    </p>
   </div>
   <div class='ocr_carea' id='block_1_33' title="bbox 2124 1811 3781 1886">
    <p class='ocr_par' dir='ltr' id='par_1_33' title="bbox 2124 1811 3781 1886">
     <span class='ocr_line' id='line_1_33' title="bbox 2124 1811 3781 1886; baseline -0.004 -14"><span class='ocrx_word' id='word_1_247' title='bbox 2124 1815 2330 1873; x_wconf 79' lang='grc' dir='ltr'><strong>δεύεται</strong></span> <span class='ocrx_word' id='word_1_248' title='bbox 2363 1837 2375 1849; x_wconf 83' lang='grc'><em>’</em></span> <span class='ocrx_word' id='word_1_249' title='bbox 2427 1819 2516 1872; x_wconf 78' lang='grc' dir='ltr'><strong>καὶ</strong></span> <span class='ocrx_word' id='word_1_250' title='bbox 2548 1818 2583 1885; x_wconf 83' lang='grc' dir='ltr'>ὴ</span> <span class='ocrx_word' id='word_1_251' title='bbox 2618 1813 2802 1886; x_wconf 79' lang='grc' dir='ltr'><strong>ἀδοξία</strong></span> <span class='ocrx_word' id='word_1_252' title='bbox 2849 1814 3036 1886; x_wconf 82' lang='grc' dir='ltr'><strong>αὐτοῦ,</strong></span> <span class='ocrx_word' id='word_1_253' title='bbox 3067 1817 3228 1886; x_wconf 82' lang='grc' dir='ltr'><strong>ἡμῶν</strong></span> <span class='ocrx_word' id='word_1_254' title='bbox 3291 1811 3436 1884; x_wconf 74' lang='grc' dir='ltr'><strong>δόξαο</strong></span> <span class='ocrx_word' id='word_1_255' title='bbox 3482 1814 3601 1876; x_wconf 81' lang='grc' dir='ltr'><strong>ὃθεν</strong></span> <span class='ocrx_word' id='word_1_256' title='bbox 3634 1811 3781 1867; x_wconf 74' lang='grc' dir='ltr'><strong>αἲτεῖ</strong></span> 
     </span>
    </p>
   </div>
   <div class='ocr_carea' id='block_1_34' title="bbox 370 1901 2015 2002">
    <p class='ocr_par' dir='ltr' id='par_1_34' title="bbox 370 1909 2014 1985">
     <span class='ocr_line' id='line_1_34' title="bbox 370 1909 2014 1985; baseline -0.003 -17"><span class='ocrx_word' id='word_1_257' title='bbox 370 1913 516 1968; x_wconf 87' lang='lat' dir='ltr'>riam</span> <span class='ocrx_word' id='word_1_258' title='bbox 554 1913 695 1985; x_wconf 82' lang='lat' dir='ltr'>petit</span> <span class='ocrx_word' id='word_1_259' title='bbox 744 1913 836 1968; x_wconf 86' lang='lat' dir='ltr'>his</span> <span class='ocrx_word' id='word_1_260' title='bbox 867 1913 1056 1968; x_wconf 82' lang='lat' dir='ltr'>verbis</span> <span class='ocrx_word' id='word_1_261' title='bbox 1085 1930 1096 1968; x_wconf 94' lang='lat'>:</span> <span class='ocrx_word' id='word_1_262' title='bbox 1121 1912 1372 1983; x_wconf 82' lang='lat' dir='ltr'>Cloriﬁca</span> <span class='ocrx_word' id='word_1_263' title='bbox 1402 1928 1490 1966; x_wconf 87' lang='lat' dir='ltr'>me</span> <span class='ocrx_word' id='word_1_264' title='bbox 1540 1921 1618 1979; x_wconf 83' lang='lat' dir='ltr'>tu,</span> <span class='ocrx_word' id='word_1_265' title='bbox 1651 1915 1835 1978; x_wconf 84' lang='lat' dir='ltr'>Pater,</span> <span class='ocrx_word' id='word_1_266' title='bbox 1869 1909 2014 1980; x_wconf 83' lang='lat' dir='ltr'>apud</span> 
     </span>
    </p>
   </div>
   <div class='ocr_carea' id='block_1_35' title="bbox 2131 1901 3776 2002">
    <p class='ocr_par' dir='ltr' id='par_1_35' title="bbox 2131 1901 3776 1981">
     <span class='ocr_line' id='line_1_35' title="bbox 2131 1901 3776 1981; baseline -0.006 -16"><span class='ocrx_word' id='word_1_267' title='bbox 2131 1910 2232 1981; x_wconf 77' lang='grc'>[54)</span> <span class='ocrx_word' id='word_1_268' title='bbox 2263 1908 2362 1974; x_wconf 80' lang='grc' dir='ltr'><strong>τήν</strong></span> <span class='ocrx_word' id='word_1_269' title='bbox 2404 1903 2558 1976; x_wconf 80' lang='grc' dir='ltr'><strong>δόξαν</strong></span> <span class='ocrx_word' id='word_1_270' title='bbox 2587 1902 2655 1959; x_wconf 82' lang='grc' dir='ltr'>δι’</span> <span class='ocrx_word' id='word_1_271' title='bbox 2683 1907 2854 1978; x_wconf 80' lang='grc' dir='ltr'><strong>ἡμᾶς,</strong></span> <span class='ocrx_word' id='word_1_272' title='bbox 2907 1903 3102 1980; x_wconf 83' lang='grc' dir='ltr'><strong>λέγων’</strong></span> <span class='ocrx_word' id='word_1_273' title='bbox 3159 1902 3387 1975; x_wconf 76' lang='grc' dir='ltr'><strong>Δόεασόν</strong></span> <span class='ocrx_word' id='word_1_274' title='bbox 3429 1922 3495 1975; x_wconf 86' lang='grc' dir='ltr'>με</span> <span class='ocrx_word' id='word_1_275' title='bbox 3526 1901 3608 1969; x_wconf 78' lang='grc' dir='ltr'>σὺ,</span> <span class='ocrx_word' id='word_1_276' title='bbox 3668 1902 3776 1958; x_wconf 75' lang='grc' dir='ltr'><strong>1Ιά-</strong></span> 
     </span>
    </p>
   </div>
   <div class='ocr_carea' id='block_1_36' title="bbox 367 1999 2014 2074">
    <p class='ocr_par' dir='ltr' id='par_1_36' title="bbox 367 1999 2014 2074">
     <span class='ocr_line' id='line_1_36' title="bbox 367 1999 2014 2074; baseline -0.004 -16"><span class='ocrx_word' id='word_1_277' title='bbox 367 2004 717 2074; x_wconf 84' lang='lat' dir='ltr'>temetipsum</span> <span class='ocrx_word' id='word_1_278' title='bbox 744 2004 922 2074; x_wconf 80' lang='lat' dir='ltr'>gloria</span> <span class='ocrx_word' id='word_1_279' title='bbox 951 2019 1113 2073; x_wconf 87' lang='lat' dir='ltr'>quam</span> <span class='ocrx_word' id='word_1_280' title='bbox 1135 2002 1332 2068; x_wconf 85' lang='lat' dir='ltr'>habui,</span> <span class='ocrx_word' id='word_1_281' title='bbox 1363 2003 1525 2073; x_wconf 90' lang='lat' dir='ltr'>prius</span> <span class='ocrx_word' id='word_1_282' title='bbox 1581 2017 1747 2071; x_wconf 90' lang='lat' dir='ltr'>quam</span> <span class='ocrx_word' id='word_1_283' title='bbox 1774 1999 2014 2053; x_wconf 86' lang='lat' dir='ltr'>mundus</span> 
     </span>
    </p>
   </div>
   <div class='ocr_carea' id='block_1_37' title="bbox 366 2087 2011 2162">
    <p class='ocr_par' dir='ltr' id='par_1_37' title="bbox 366 2087 2011 2162">
     <span class='ocr_line' id='line_1_37' title="bbox 366 2087 2011 2162; baseline -0.004 -15"><span class='ocrx_word' id='word_1_284' title='bbox 366 2096 524 2158; x_wconf 85' lang='lat' dir='ltr'>esset,</span> <span class='ocrx_word' id='word_1_285' title='bbox 557 2091 702 2162; x_wconf 82' lang='lat' dir='ltr'>apud</span> <span class='ocrx_word' id='word_1_286' title='bbox 733 2101 784 2146; x_wconf 81' lang='lat' dir='ltr'>te</span> <span class='ocrx_word' id='word_1_287' title='bbox 805 2092 868 2144; x_wconf 83' lang='grc'>⁸¹.</span> <span class='ocrx_word' id='word_1_288' title='bbox 899 2091 1014 2147; x_wconf 87' lang='lat' dir='ltr'>Nos</span> <span class='ocrx_word' id='word_1_289' title='bbox 1036 2091 1189 2145; x_wconf 89' lang='lat' dir='ltr'>enim</span> <span class='ocrx_word' id='word_1_290' title='bbox 1215 2106 1424 2146; x_wconf 89' lang='lat' dir='ltr'>sumus</span> <span class='ocrx_word' id='word_1_291' title='bbox 1456 2089 1553 2160; x_wconf 89' lang='lat' dir='ltr'>qui</span> <span class='ocrx_word' id='word_1_292' title='bbox 1588 2089 1646 2143; x_wconf 92' lang='lat' dir='ltr'>in</span> <span class='ocrx_word' id='word_1_293' title='bbox 1678 2087 2011 2160; x_wconf 80' lang='lat' dir='ltr'>illogloriti-</span> 
     </span>
    </p>
   </div>
   <div class='ocr_carea' id='block_1_38' title="bbox 369 2179 2017 2249">
    <p class='ocr_par' dir='ltr' id='par_1_38' title="bbox 369 2179 2017 2249">
     <span class='ocr_line' id='line_1_38' title="bbox 369 2179 2017 2249; baseline -0.004 -12"><span class='ocrx_word' id='word_1_294' title='bbox 369 2196 592 2237; x_wconf 84' lang='lat' dir='ltr'>camur.</span> <span class='ocrx_word' id='word_1_295' title='bbox 626 2181 696 2234; x_wconf 89' lang='lat' dir='ltr'>Et</span> <span class='ocrx_word' id='word_1_296' title='bbox 725 2181 1045 2236; x_wconf 87' lang='lat' dir='ltr'>descensus</span> <span class='ocrx_word' id='word_1_297' title='bbox 1075 2181 1515 2249; x_wconf 80' lang='lat' dir='ltr'>eiusnosterest</span> <span class='ocrx_word' id='word_1_298' title='bbox 1545 2179 2017 2245; x_wconf 77' lang='lat' dir='ltr'>ascensus,juxta</span> 
     </span>
    </p>
   </div>
   <div class='ocr_carea' id='block_1_39' title="bbox 370 2266 2017 2340">
    <p class='ocr_par' dir='ltr' id='par_1_39' title="bbox 370 2266 2017 2340">
     <span class='ocr_line' id='line_1_39' title="bbox 370 2266 2017 2340; baseline -0.002 -16"><span class='ocrx_word' id='word_1_299' title='bbox 370 2268 516 2324; x_wconf 91' lang='lat' dir='ltr'>illud</span> <span class='ocrx_word' id='word_1_300' title='bbox 548 2269 700 2340; x_wconf 92' lang='lat' dir='ltr'>quod</span> <span class='ocrx_word' id='word_1_301' title='bbox 735 2269 1018 2340; x_wconf 89' lang='lat' dir='ltr'>scriptum</span> <span class='ocrx_word' id='word_1_302' title='bbox 1080 2275 1189 2333; x_wconf 85' lang='lat' dir='ltr'>est,</span> <span class='ocrx_word' id='word_1_303' title='bbox 1235 2269 1720 2333; x_wconf 86' lang='lat' dir='ltr'>Conresuscitavit,</span> <span class='ocrx_word' id='word_1_304' title='bbox 1763 2266 1917 2321; x_wconf 75' lang='grc' dir='ltr'>θθο</span> <span class='ocrx_word' id='word_1_305' title='bbox 1965 2269 2017 2320; x_wconf 86' lang='lat' dir='ltr'>et</span> 
     </span>
    </p>
   </div>
   <div class='ocr_carea' id='block_1_40' title="bbox 370 2354 2014 2428">
    <p class='ocr_par' dir='ltr' id='par_1_40' title="bbox 370 2354 2014 2428">
     <span class='ocr_line' id='line_1_40' title="bbox 370 2354 2014 2428; baseline -0.004 -14"><span class='ocrx_word' id='word_1_306' title='bbox 370 2357 658 2414; x_wconf 87' lang='lat' dir='ltr'>consedere</span> <span class='ocrx_word' id='word_1_307' title='bbox 671 2359 862 2428; x_wconf 78' lang='lat' dir='ltr'>fecitin</span> <span class='ocrx_word' id='word_1_308' title='bbox 887 2359 1189 2413; x_wconf 67' lang='lat' dir='ltr'>caelestibus</span> <span class='ocrx_word' id='word_1_309' title='bbox 1201 2359 1488 2412; x_wconf 86' lang='lat' dir='ltr'>inChristo</span> <span class='ocrx_word' id='word_1_310' title='bbox 1517 2359 1646 2412; x_wconf 83' lang='lat' dir='ltr'>Jesu</span> <span class='ocrx_word' id='word_1_311' title='bbox 1665 2355 1714 2390; x_wconf 75' lang='grc'><strong><em>⁵³</em></strong></span> <span class='ocrx_word' id='word_1_312' title='bbox 1737 2372 1750 2421; x_wconf 88' lang='grc'>;</span> <span class='ocrx_word' id='word_1_313' title='bbox 1770 2360 1826 2408; x_wconf 88' lang='lat' dir='ltr'>et</span> <span class='ocrx_word' id='word_1_314' title='bbox 1846 2354 2014 2410; x_wconf 89' lang='lat' dir='ltr'>illud:</span> 
     </span>
    </p>
   </div>
   <div class='ocr_carea' id='block_1_41' title="bbox 375 2445 2018 2516">
    <p class='ocr_par' dir='ltr' id='par_1_41' title="bbox 375 2445 2018 2516">
     <span class='ocr_line' id='line_1_41' title="bbox 375 2445 2018 2516; baseline -0.003 -13"><span class='ocrx_word' id='word_1_315' title='bbox 375 2448 436 2504; x_wconf 87' lang='lat' dir='ltr'>Ut</span> <span class='ocrx_word' id='word_1_316' title='bbox 466 2448 774 2502; x_wconf 74' lang='lat' dir='ltr'>ostenderet</span> <span class='ocrx_word' id='word_1_317' title='bbox 806 2449 864 2500; x_wconf 86' lang='lat' dir='ltr'>in</span> <span class='ocrx_word' id='word_1_318' title='bbox 887 2448 1108 2502; x_wconf 63' lang='lat' dir='ltr'>sxecutis</span> <span class='ocrx_word' id='word_1_319' title='bbox 1137 2447 1647 2516; x_wconf 84' lang='lat' dir='ltr'>supervenientibus</span> <span class='ocrx_word' id='word_1_320' title='bbox 1667 2445 2018 2499; x_wconf 82' lang='lat' dir='ltr'>abundantes</span> 
     </span>
    </p>
   </div>
   <div class='ocr_carea' id='block_1_42' title="bbox 371 2532 2017 2606">
    <p class='ocr_par' dir='ltr' id='par_1_42' title="bbox 371 2532 2017 2606">
     <span class='ocr_line' id='line_1_42' title="bbox 371 2532 2017 2606; baseline -0.003 -15"><span class='ocrx_word' id='word_1_321' title='bbox 371 2535 600 2591; x_wconf 84' lang='lat' dir='ltr'>divitias</span> <span class='ocrx_word' id='word_1_322' title='bbox 630 2538 838 2606; x_wconf 71' lang='lat' dir='ltr'>gratiae</span> <span class='ocrx_word' id='word_1_323' title='bbox 860 2551 992 2600; x_wconf 72' lang='lat' dir='ltr'>suae,</span> <span class='ocrx_word' id='word_1_324' title='bbox 1028 2537 1086 2590; x_wconf 84' lang='lat' dir='ltr'>in</span> <span class='ocrx_word' id='word_1_325' title='bbox 1113 2536 1353 2590; x_wconf 78' lang='lat' dir='ltr'>bonitate</span> <span class='ocrx_word' id='word_1_326' title='bbox 1391 2549 1553 2604; x_wconf 84' lang='lat' dir='ltr'>super</span> <span class='ocrx_word' id='word_1_327' title='bbox 1579 2549 1679 2588; x_wconf 85' lang='lat' dir='ltr'>nos</span> <span class='ocrx_word' id='word_1_328' title='bbox 1711 2535 1772 2587; x_wconf 86' lang='lat' dir='ltr'>in</span> <span class='ocrx_word' id='word_1_329' title='bbox 1806 2532 2017 2587; x_wconf 75' lang='lat' dir='ltr'>Christo</span> 
     </span>
    </p>
   </div>
   <div class='ocr_carea' id='block_1_43' title="bbox 371 2623 2020 2688">
    <p class='ocr_par' dir='ltr' id='par_1_43' title="bbox 371 2623 2020 2688">
     <span class='ocr_line' id='line_1_43' title="bbox 371 2623 2020 2688; baseline -0.002 -8"><span class='ocrx_word' id='word_1_330' title='bbox 371 2625 499 2680; x_wconf 80' lang='lat' dir='ltr'>Iesu</span> <span class='ocrx_word' id='word_1_331' title='bbox 526 2625 593 2679; x_wconf 71' lang='grc' dir='ltr'>δ”.</span> <span class='ocrx_word' id='word_1_332' title='bbox 627 2625 695 2678; x_wconf 83' lang='grc' dir='ltr'><strong>Ει</strong></span> <span class='ocrx_word' id='word_1_333' title='bbox 724 2641 857 2678; x_wconf 91' lang='lat' dir='ltr'>cum</span> <span class='ocrx_word' id='word_1_334' title='bbox 894 2626 950 2678; x_wconf 93' lang='lat' dir='ltr'>in</span> <span class='ocrx_word' id='word_1_335' title='bbox 983 2640 1152 2678; x_wconf 89' lang='lat' dir='ltr'>cruce</span> <span class='ocrx_word' id='word_1_336' title='bbox 1182 2623 1283 2684; x_wconf 86' lang='lat' dir='ltr'>ait,</span> <span class='ocrx_word' id='word_1_337' title='bbox 1331 2629 1518 2688; x_wconf 83' lang='lat' dir='ltr'>Pater,</span> <span class='ocrx_word' id='word_1_338' title='bbox 1567 2625 1628 2677; x_wconf 85' lang='lat' dir='ltr'>in</span> <span class='ocrx_word' id='word_1_339' title='bbox 1674 2637 1879 2677; x_wconf 85' lang='lat' dir='ltr'>manus</span> <span class='ocrx_word' id='word_1_340' title='bbox 1899 2629 2020 2676; x_wconf 86' lang='lat' dir='ltr'>tuas</span> 
     </span>
    </p>
   </div>
   <div class='ocr_carea' id='block_1_44' title="bbox 370 2710 2017 2783">
    <p class='ocr_par' dir='ltr' id='par_1_44' title="bbox 370 2710 2017 2783">
     <span class='ocr_line' id='line_1_44' title="bbox 370 2710 2017 2783; baseline -0.002 -16"><span class='ocrx_word' id='word_1_341' title='bbox 370 2713 688 2768; x_wconf 74' lang='lat' dir='ltr'>conmendo</span> <span class='ocrx_word' id='word_1_342' title='bbox 717 2715 977 2783; x_wconf 76' lang='lat' dir='ltr'>spiritum</span> <span class='ocrx_word' id='word_1_343' title='bbox 1011 2729 1197 2767; x_wconf 88' lang='lat' dir='ltr'>meum</span> <span class='ocrx_word' id='word_1_344' title='bbox 1226 2712 1460 2778; x_wconf 69' lang='lat' dir='ltr'>“,l’atri</span> <span class='ocrx_word' id='word_1_345' title='bbox 1493 2727 1594 2782; x_wconf 89' lang='lat' dir='ltr'>per</span> <span class='ocrx_word' id='word_1_346' title='bbox 1615 2710 1875 2782; x_wconf 88' lang='lat' dir='ltr'>seipsum</span> <span class='ocrx_word' id='word_1_347' title='bbox 1894 2726 2017 2765; x_wconf 90' lang='lat' dir='ltr'>om-</span> 
     </span>
    </p>
   </div>
   <div class='ocr_carea' id='block_1_45' title="bbox 373 2799 2014 2872">
    <p class='ocr_par' dir='ltr' id='par_1_45' title="bbox 373 2799 2014 2872">
     <span class='ocr_line' id='line_1_45' title="bbox 373 2799 2014 2872; baseline -0.002 -16"><span class='ocrx_word' id='word_1_348' title='bbox 373 2819 476 2858; x_wconf 87' lang='lat' dir='ltr'>nes</span> <span class='ocrx_word' id='word_1_349' title='bbox 505 2803 884 2857; x_wconf 80' lang='lat' dir='ltr'>commendat</span> <span class='ocrx_word' id='word_1_350' title='bbox 913 2801 1203 2869; x_wconf 84' lang='lat' dir='ltr'>bomines,</span> <span class='ocrx_word' id='word_1_351' title='bbox 1236 2801 1335 2872; x_wconf 87' lang='lat' dir='ltr'>qui</span> <span class='ocrx_word' id='word_1_352' title='bbox 1369 2801 1427 2854; x_wconf 89' lang='lat' dir='ltr'>in</span> <span class='ocrx_word' id='word_1_353' title='bbox 1469 2799 1598 2872; x_wconf 86' lang='lat' dir='ltr'>ipso</span> <span class='ocrx_word' id='word_1_354' title='bbox 1629 2799 2014 2854; x_wconf 87' lang='lat' dir='ltr'>viviticantur.</span> 
     </span>
    </p>
   </div>
   <div class='ocr_carea' id='block_1_46' title="bbox 376 2888 2020 2960">
    <p class='ocr_par' dir='ltr' id='par_1_46' title="bbox 376 2888 2020 2960">
     <span class='ocr_line' id='line_1_46' title="bbox 376 2888 2020 2960; baseline -0.002 -14"><span class='ocrx_word' id='word_1_355' title='bbox 376 2891 638 2946; x_wconf 85' lang='lat' dir='ltr'>Membra</span> <span class='ocrx_word' id='word_1_356' title='bbox 667 2889 822 2945; x_wconf 89' lang='lat' dir='ltr'>enim</span> <span class='ocrx_word' id='word_1_357' title='bbox 855 2891 983 2960; x_wconf 89' lang='lat' dir='ltr'>ejus</span> <span class='ocrx_word' id='word_1_358' title='bbox 1013 2895 1173 2953; x_wconf 90' lang='lat' dir='ltr'>sunt,</span> <span class='ocrx_word' id='word_1_359' title='bbox 1231 2894 1288 2943; x_wconf 83' lang='lat' dir='ltr'>et</span> <span class='ocrx_word' id='word_1_360' title='bbox 1321 2888 1507 2944; x_wconf 88' lang='lat' dir='ltr'>multa</span> <span class='ocrx_word' id='word_1_361' title='bbox 1538 2888 1805 2943; x_wconf 86' lang='lat' dir='ltr'>membra</span> <span class='ocrx_word' id='word_1_362' title='bbox 1837 2903 2020 2943; x_wconf 90' lang='lat' dir='ltr'>unum</span> 
     </span>
    </p>
   </div>
   <div class='ocr_carea' id='block_1_47' title="bbox 375 2977 2019 3050">
    <p class='ocr_par' dir='ltr' id='par_1_47' title="bbox 375 2977 2019 3050">
     <span class='ocr_line' id='line_1_47' title="bbox 375 2977 2019 3050; baseline -0.002 -16"><span class='ocrx_word' id='word_1_363' title='bbox 375 2995 590 3050; x_wconf 89' lang='lat' dir='ltr'>corpus</span> <span class='ocrx_word' id='word_1_364' title='bbox 620 2983 777 3044; x_wconf 89' lang='lat' dir='ltr'>sunt,</span> <span class='ocrx_word' id='word_1_365' title='bbox 813 2979 968 3050; x_wconf 91' lang='lat' dir='ltr'>quod</span> <span class='ocrx_word' id='word_1_366' title='bbox 1027 2984 1117 3033; x_wconf 82' lang='lat' dir='ltr'>est</span> <span class='ocrx_word' id='word_1_367' title='bbox 1165 2977 1456 3033; x_wconf 85' lang='lat' dir='ltr'>Ecclesia:</span> <span class='ocrx_word' id='word_1_368' title='bbox 1519 2977 2019 3048; x_wconf 84' lang='lat' dir='ltr'>quemadmodum</span> 
     </span>
    </p>
   </div>
   <div class='ocr_carea' id='block_1_48' title="bbox 373 3065 2022 3122">
    <p class='ocr_par' dir='ltr' id='par_1_48' title="bbox 373 3065 2022 3122">
     <span class='ocr_line' id='line_1_48' title="bbox 373 3065 2022 3122; baseline -0.001 0"><span class='ocrx_word' id='word_1_369' title='bbox 373 3067 580 3122; x_wconf 87' lang='lat' dir='ltr'>beatus</span> <span class='ocrx_word' id='word_1_370' title='bbox 612 3066 826 3122; x_wconf 89' lang='lat' dir='ltr'>Paulus</span> <span class='ocrx_word' id='word_1_371' title='bbox 858 3067 928 3122; x_wconf 90' lang='lat' dir='ltr'>ad</span> <span class='ocrx_word' id='word_1_372' title='bbox 977 3065 1211 3122; x_wconf 85' lang='lat' dir='ltr'>Galatas</span> <span class='ocrx_word' id='word_1_373' title='bbox 1260 3066 1496 3122; x_wconf 88' lang='lat' dir='ltr'>scribit:</span> <span class='ocrx_word' id='word_1_374' title='bbox 1533 3066 1726 3122; x_wconf 83' lang='lat' dir='ltr'>Omnes</span> <span class='ocrx_word' id='word_1_375' title='bbox 1755 3067 1905 3121; x_wconf 86' lang='lat' dir='ltr'>enim</span> <span class='ocrx_word' id='word_1_376' title='bbox 1934 3081 2022 3122; x_wconf 91' lang='lat' dir='ltr'>vos</span> 
     </span>
    </p>
   </div>
   <div class='ocr_carea' id='block_1_49' title="bbox 372 3155 2020 3226">
    <p class='ocr_par' dir='ltr' id='par_1_49' title="bbox 372 3155 2020 3226">
     <span class='ocr_line' id='line_1_49' title="bbox 372 3155 2020 3226; baseline 0 -16"><span class='ocrx_word' id='word_1_377' title='bbox 372 3172 548 3210; x_wconf 82' lang='lat' dir='ltr'>unum</span> <span class='ocrx_word' id='word_1_378' title='bbox 563 3157 693 3211; x_wconf 88' lang='lat' dir='ltr'>estis</span> <span class='ocrx_word' id='word_1_379' title='bbox 727 3157 784 3211; x_wconf 88' lang='lat' dir='ltr'>in</span> <span class='ocrx_word' id='word_1_380' title='bbox 807 3156 1020 3212; x_wconf 82' lang='lat' dir='ltr'>Christo</span> <span class='ocrx_word' id='word_1_381' title='bbox 1049 3158 1178 3211; x_wconf 87' lang='lat' dir='ltr'>Jesu</span> <span class='ocrx_word' id='word_1_382' title='bbox 1199 3157 1264 3210; x_wconf 72' lang='grc'>⁸⁸.</span> <span class='ocrx_word' id='word_1_383' title='bbox 1297 3156 1512 3210; x_wconf 86' lang='lat' dir='ltr'>Omnes</span> <span class='ocrx_word' id='word_1_384' title='bbox 1543 3155 1724 3226; x_wconf 81' lang='lat' dir='ltr'>igitur</span> <span class='ocrx_word' id='word_1_385' title='bbox 1752 3155 1812 3210; x_wconf 90' lang='lat' dir='ltr'>in</span> <span class='ocrx_word' id='word_1_386' title='bbox 1827 3156 2020 3226; x_wconf 85' lang='lat' dir='ltr'>seipso</span> 
     </span>
    </p>
   </div>
   <div class='ocr_carea' id='block_1_50' title="bbox 375 3244 768 3300">
    <p class='ocr_par' dir='ltr' id='par_1_50' title="bbox 375 3244 768 3300">
     <span class='ocr_line' id='line_1_50' title="bbox 375 3244 768 3300; baseline 0 0"><span class='ocrx_word' id='word_1_387' title='bbox 375 3244 768 3300; x_wconf 86' lang='lat' dir='ltr'>commendat.</span> 
     </span>
    </p>
   </div>
   <div class='ocr_carea' id='block_1_51' title="bbox 441 3421 2017 3493">
    <p class='ocr_par' dir='ltr' id='par_1_51' title="bbox 441 3421 2017 3493">
     <span class='ocr_line' id='line_1_51' title="bbox 441 3421 2017 3493; baseline 0 -15"><span class='ocrx_word' id='word_1_388' title='bbox 441 3424 494 3478; x_wconf 91' lang='lat'>6.</span> <span class='ocrx_word' id='word_1_389' title='bbox 534 3423 620 3477; x_wconf 88' lang='lat' dir='ltr'>Ita</span> <span class='ocrx_word' id='word_1_390' title='bbox 639 3438 868 3493; x_wconf 88' lang='lat' dir='ltr'>quoque</span> <span class='ocrx_word' id='word_1_391' title='bbox 897 3439 1032 3478; x_wconf 89' lang='lat' dir='ltr'>cum</span> <span class='ocrx_word' id='word_1_392' title='bbox 1066 3421 1184 3479; x_wconf 85' lang='lat' dir='ltr'>ait:</span> <span class='ocrx_word' id='word_1_393' title='bbox 1221 3424 1480 3478; x_wconf 87' lang='lat' dir='ltr'>Dominus</span> <span class='ocrx_word' id='word_1_394' title='bbox 1525 3423 1732 3477; x_wconf 84' lang='lat' dir='ltr'>creavit</span> <span class='ocrx_word' id='word_1_395' title='bbox 1777 3438 1865 3478; x_wconf 90' lang='lat' dir='ltr'>me</span> <span class='ocrx_word' id='word_1_396' title='bbox 1907 3423 2017 3478; x_wconf 84' lang='lat' dir='ltr'>ini-</span> 
     </span>
    </p>
   </div>
   <div class='ocr_carea' id='block_1_52' title="bbox 370 3510 2014 3583">
    <p class='ocr_par' dir='ltr' id='par_1_52' title="bbox 370 3510 2014 3583">
     <span class='ocr_line' id='line_1_52' title="bbox 370 3510 2014 3583; baseline -0.001 -15"><span class='ocrx_word' id='word_1_397' title='bbox 370 3513 512 3569; x_wconf 88' lang='lat' dir='ltr'>tium</span> <span class='ocrx_word' id='word_1_398' title='bbox 549 3514 768 3568; x_wconf 81' lang='lat' dir='ltr'>viarum</span> <span class='ocrx_word' id='word_1_399' title='bbox 826 3529 1058 3568; x_wconf 89' lang='lat' dir='ltr'>suarum</span> <span class='ocrx_word' id='word_1_400' title='bbox 1088 3514 1152 3581; x_wconf 74' lang='grc'>⁸⁷,</span> <span class='ocrx_word' id='word_1_401' title='bbox 1210 3513 1281 3568; x_wconf 86' lang='lat' dir='ltr'>de</span> <span class='ocrx_word' id='word_1_402' title='bbox 1338 3510 1594 3568; x_wconf 84' lang='lat' dir='ltr'>Ecclesia</span> <span class='ocrx_word' id='word_1_403' title='bbox 1640 3511 1785 3568; x_wconf 90' lang='lat' dir='ltr'>illud</span> <span class='ocrx_word' id='word_1_404' title='bbox 1849 3512 2014 3583; x_wconf 87' lang='lat' dir='ltr'>dicit,</span> 
     </span>
    </p>
   </div>
   <div class='ocr_carea' id='block_1_53' title="bbox 373 3600 2018 3674">
    <p class='ocr_par' dir='ltr' id='par_1_53' title="bbox 373 3600 2018 3674">
     <span class='ocr_line' id='line_1_53' title="bbox 373 3600 2018 3674; baseline -0.001 -18"><span class='ocrx_word' id='word_1_405' title='bbox 373 3619 501 3674; x_wconf 66' lang='lat' dir='ltr'>quas</span> <span class='ocrx_word' id='word_1_406' title='bbox 532 3601 590 3655; x_wconf 91' lang='lat' dir='ltr'>in</span> <span class='ocrx_word' id='word_1_407' title='bbox 627 3602 754 3673; x_wconf 89' lang='lat' dir='ltr'>ipso</span> <span class='ocrx_word' id='word_1_408' title='bbox 787 3602 1022 3657; x_wconf 90' lang='lat' dir='ltr'>condita</span> <span class='ocrx_word' id='word_1_409' title='bbox 1053 3606 1163 3658; x_wconf 88' lang='lat' dir='ltr'>est.</span> <span class='ocrx_word' id='word_1_410' title='bbox 1189 3601 1310 3657; x_wconf 86' lang='lat' dir='ltr'>Non</span> <span class='ocrx_word' id='word_1_411' title='bbox 1344 3601 1501 3656; x_wconf 86' lang='lat' dir='ltr'>enim</span> <span class='ocrx_word' id='word_1_412' title='bbox 1534 3602 1796 3656; x_wconf 90' lang='lat' dir='ltr'>omnium</span> <span class='ocrx_word' id='word_1_413' title='bbox 1827 3600 2018 3673; x_wconf 82' lang='lat' dir='ltr'>opifex</span> 
     </span>
    </p>
   </div>
   <div class='ocr_carea' id='block_1_54' title="bbox 370 3690 2019 3764">
    <p class='ocr_par' dir='ltr' id='par_1_54' title="bbox 370 3690 2019 3764">
     <span class='ocr_line' id='line_1_54' title="bbox 370 3690 2019 3764; baseline -0.001 -17"><span class='ocrx_word' id='word_1_414' title='bbox 370 3695 636 3747; x_wconf 88' lang='lat' dir='ltr'>creatura</span> <span class='ocrx_word' id='word_1_415' title='bbox 663 3697 752 3746; x_wconf 89' lang='lat' dir='ltr'>est</span> <span class='ocrx_word' id='word_1_416' title='bbox 782 3691 866 3746; x_wconf 85' lang='lat' dir='ltr'>vel</span> <span class='ocrx_word' id='word_1_417' title='bbox 893 3691 1224 3764; x_wconf 86' lang='lat' dir='ltr'>opiticium;</span> <span class='ocrx_word' id='word_1_418' title='bbox 1261 3691 1360 3746; x_wconf 87' lang='lat' dir='ltr'>sed</span> <span class='ocrx_word' id='word_1_419' title='bbox 1395 3690 1689 3762; x_wconf 82' lang='lat' dir='ltr'>opiﬁcium</span> <span class='ocrx_word' id='word_1_420' title='bbox 1724 3691 1780 3744; x_wconf 88' lang='lat' dir='ltr'>in</span> <span class='ocrx_word' id='word_1_421' title='bbox 1813 3691 2019 3763; x_wconf 83' lang='lat' dir='ltr'>opiﬁce</span> 
     </span>
    </p>
   </div>
   <div class='ocr_carea' id='block_1_55' title="bbox 368 3779 2019 3853">
    <p class='ocr_par' dir='ltr' id='par_1_55' title="bbox 368 3779 2019 3853">
     <span class='ocr_line' id='line_1_55' title="bbox 368 3779 2019 3853; baseline -0.001 -17"><span class='ocrx_word' id='word_1_422' title='bbox 368 3786 703 3853; x_wconf 84' lang='lat' dir='ltr'>renovatur,</span> <span class='ocrx_word' id='word_1_423' title='bbox 727 3781 898 3852; x_wconf 83' lang='lat' dir='ltr'>juxta</span> <span class='ocrx_word' id='word_1_424' title='bbox 940 3780 1086 3836; x_wconf 89' lang='lat' dir='ltr'>illud</span> <span class='ocrx_word' id='word_1_425' title='bbox 1139 3779 1302 3836; x_wconf 91' lang='lat' dir='ltr'>Pauli</span> <span class='ocrx_word' id='word_1_426' title='bbox 1361 3781 1581 3836; x_wconf 88' lang='lat' dir='ltr'>dictum</span> <span class='ocrx_word' id='word_1_427' title='bbox 1611 3798 1623 3836; x_wconf 92' lang='lat'>:</span> <span class='ocrx_word' id='word_1_428' title='bbox 1656 3782 1833 3852; x_wconf 77' lang='lat' dir='ltr'>Ipsius</span> <span class='ocrx_word' id='word_1_429' title='bbox 1870 3782 2019 3836; x_wconf 84' lang='lat' dir='ltr'>enim</span> 
     </span>
    </p>
   </div>
   <div class='ocr_carea' id='block_1_56' title="bbox 364 3869 2018 3944">
    <p class='ocr_par' dir='ltr' id='par_1_56' title="bbox 364 3869 2018 3944">
     <span class='ocr_line' id='line_1_56' title="bbox 364 3869 2018 3944; baseline -0.001 -19"><span class='ocrx_word' id='word_1_430' title='bbox 364 3885 554 3925; x_wconf 87' lang='lat' dir='ltr'>sumus</span> <span class='ocrx_word' id='word_1_431' title='bbox 580 3870 825 3944; x_wconf 84' lang='lat' dir='ltr'>factura,</span> <span class='ocrx_word' id='word_1_432' title='bbox 852 3872 1022 3926; x_wconf 84' lang='lat' dir='ltr'>creati</span> <span class='ocrx_word' id='word_1_433' title='bbox 1077 3873 1135 3925; x_wconf 89' lang='lat' dir='ltr'>in</span> <span class='ocrx_word' id='word_1_434' title='bbox 1198 3869 1412 3925; x_wconf 77' lang='lat' dir='ltr'>Christo</span> <span class='ocrx_word' id='word_1_435' title='bbox 1441 3871 1564 3926; x_wconf 72' lang='lat' dir='ltr'>Iesu</span> <span class='ocrx_word' id='word_1_436' title='bbox 1611 3870 1654 3904; x_wconf 77' lang='grc'>³³</span> <span class='ocrx_word' id='word_1_437' title='bbox 1692 3888 1704 3937; x_wconf 92' lang='grc'><strong>;</strong></span> <span class='ocrx_word' id='word_1_438' title='bbox 1739 3874 1795 3924; x_wconf 91' lang='lat' dir='ltr'>et</span> <span class='ocrx_word' id='word_1_439' title='bbox 1827 3873 1889 3924; x_wconf 88' lang='lat' dir='ltr'>ut</span> <span class='ocrx_word' id='word_1_440' title='bbox 1921 3869 2018 3924; x_wconf 84' lang='lat' dir='ltr'>ite-</span> 
     </span>
    </p>
   </div>
   <div class='ocr_carea' id='block_1_57' title="bbox 369 3959 2016 4030">
    <p class='ocr_par' dir='ltr' id='par_1_57' title="bbox 369 3959 2016 4030">
     <span class='ocr_line' id='line_1_57' title="bbox 369 3959 2016 4030; baseline 0 -15"><span class='ocrx_word' id='word_1_441' title='bbox 369 3976 500 4015; x_wconf 89' lang='lat' dir='ltr'>rum</span> <span class='ocrx_word' id='word_1_442' title='bbox 534 3959 647 4015; x_wconf 87' lang='lat' dir='ltr'>ait:</span> <span class='ocrx_word' id='word_1_443' title='bbox 686 3962 749 4017; x_wconf 89' lang='lat' dir='ltr'>Ut</span> <span class='ocrx_word' id='word_1_444' title='bbox 779 3962 1082 4016; x_wconf 83' lang='lat' dir='ltr'>innotescat</span> <span class='ocrx_word' id='word_1_445' title='bbox 1128 3975 1277 4014; x_wconf 81' lang='lat' dir='ltr'>nunc</span> <span class='ocrx_word' id='word_1_446' title='bbox 1331 3959 1739 4030; x_wconf 84' lang='lat' dir='ltr'>principatibus</span> <span class='ocrx_word' id='word_1_447' title='bbox 1795 3963 1847 4014; x_wconf 89' lang='lat' dir='ltr'>et</span> <span class='ocrx_word' id='word_1_448' title='bbox 1870 3961 2016 4029; x_wconf 79' lang='lat' dir='ltr'>pote-</span> 
     </span>
    </p>
   </div>
   <div class='ocr_carea' id='block_1_58' title="bbox 367 4047 2017 4118">
    <p class='ocr_par' dir='ltr' id='par_1_58' title="bbox 367 4047 2017 4118">
     <span class='ocr_line' id='line_1_58' title="bbox 367 4047 2017 4118; baseline 0.001 -17"><span class='ocrx_word' id='word_1_449' title='bbox 367 4048 609 4104; x_wconf 84' lang='lat' dir='ltr'>statibus</span> <span class='ocrx_word' id='word_1_450' title='bbox 649 4050 710 4104; x_wconf 83' lang='lat' dir='ltr'>in</span> <span class='ocrx_word' id='word_1_451' title='bbox 763 4049 1072 4104; x_wconf 68' lang='lat' dir='ltr'>caelestibus</span> <span class='ocrx_word' id='word_1_452' title='bbox 1144 4064 1245 4118; x_wconf 72' lang='lat' dir='ltr'>per</span> <span class='ocrx_word' id='word_1_453' title='bbox 1289 4048 1601 4104; x_wconf 86' lang='lat' dir='ltr'>Ecclesiam</span> <span class='ocrx_word' id='word_1_454' title='bbox 1656 4047 2017 4117; x_wconf 78' lang='lat' dir='ltr'>multi/armis</span> 
     </span>
    </p>
   </div>
   <div class='ocr_carea' id='block_1_59' title="bbox 365 4135 2016 4208">
    <p class='ocr_par' dir='ltr' id='par_1_59' title="bbox 365 4135 2016 4208">
     <span class='ocr_line' id='line_1_59' title="bbox 365 4135 2016 4208; baseline -0.001 -17"><span class='ocrx_word' id='word_1_455' title='bbox 365 4140 644 4207; x_wconf 84' lang='lat' dir='ltr'>sapientia</span> <span class='ocrx_word' id='word_1_456' title='bbox 674 4139 800 4201; x_wconf 88' lang='lat' dir='ltr'>Dei,</span> <span class='ocrx_word' id='word_1_457' title='bbox 847 4137 1149 4193; x_wconf 85' lang='lat' dir='ltr'>secundum</span> <span class='ocrx_word' id='word_1_458' title='bbox 1185 4135 1618 4208; x_wconf 59' lang='lat' dir='ltr'>pra/tuitionem</span> <span class='ocrx_word' id='word_1_459' title='bbox 1659 4137 2016 4206; x_wconf 75' lang='lat' dir='ltr'>saeculorum,</span> 
     </span>
    </p>
   </div>
   <div class='ocr_carea' id='block_1_60' title="bbox 365 4226 2018 4298">
    <p class='ocr_par' dir='ltr' id='par_1_60' title="bbox 365 4226 2018 4298">
     <span class='ocr_line' id='line_1_60' title="bbox 365 4226 2018 4298; baseline 0.001 -18"><span class='ocrx_word' id='word_1_460' title='bbox 365 4241 533 4296; x_wconf 85' lang='lat' dir='ltr'>quam</span> <span class='ocrx_word' id='word_1_461' title='bbox 560 4228 692 4298; x_wconf 79' lang='lat' dir='ltr'>fecit</span> <span class='ocrx_word' id='word_1_462' title='bbox 718 4228 777 4282; x_wconf 83' lang='lat' dir='ltr'>in</span> <span class='ocrx_word' id='word_1_463' title='bbox 801 4226 1020 4282; x_wconf 82' lang='lat' dir='ltr'>Christo</span> <span class='ocrx_word' id='word_1_464' title='bbox 1079 4230 1223 4282; x_wconf 85' lang='lat' dir='ltr'>Jesu</span> <span class='ocrx_word' id='word_1_465' title='bbox 1260 4227 1488 4282; x_wconf 86' lang='lat' dir='ltr'>Domino</span> <span class='ocrx_word' id='word_1_466' title='bbox 1533 4228 1757 4280; x_wconf 84' lang='lat' dir='ltr'>nostro:</span> <span class='ocrx_word' id='word_1_467' title='bbox 1807 4226 1867 4280; x_wconf 89' lang='lat' dir='ltr'>in</span> <span class='ocrx_word' id='word_1_468' title='bbox 1914 4241 2018 4297; x_wconf 87' lang='lat' dir='ltr'>quo</span> 
     </span>
    </p>
   </div>
   <div class='ocr_carea' id='block_1_61' title="bbox 368 4312 2020 4387">
    <p class='ocr_par' dir='ltr' id='par_1_61' title="bbox 368 4312 2020 4387">
     <span class='ocr_line' id='line_1_61' title="bbox 368 4312 2020 4387; baseline 0 -19"><span class='ocrx_word' id='word_1_469' title='bbox 368 4312 631 4371; x_wconf 85' lang='lat' dir='ltr'>habemus</span> <span class='ocrx_word' id='word_1_470' title='bbox 695 4315 975 4387; x_wconf 81' lang='lat' dir='ltr'>ﬁduciam,</span> <span class='ocrx_word' id='word_1_471' title='bbox 1031 4319 1083 4371; x_wconf 88' lang='lat' dir='ltr'>et</span> <span class='ocrx_word' id='word_1_472' title='bbox 1119 4329 1397 4370; x_wconf 81' lang='lat' dir='ltr'>accessum</span> <span class='ocrx_word' id='word_1_473' title='bbox 1436 4316 1496 4368; x_wconf 88' lang='lat' dir='ltr'>in</span> <span class='ocrx_word' id='word_1_474' title='bbox 1537 4313 1864 4384; x_wconf 82' lang='lat' dir='ltr'>conﬁdentia</span> <span class='ocrx_word' id='word_1_475' title='bbox 1921 4330 2020 4386; x_wconf 90' lang='lat' dir='ltr'>per</span> 
     </span>
    </p>
   </div>
   <div class='ocr_carea' id='block_1_62' title="bbox 2119 1989 3773 2072">
    <p class='ocr_par' dir='ltr' id='par_1_62' title="bbox 2119 1989 3773 2072">
     <span class='ocr_line' id='line_1_62' title="bbox 2119 1989 3773 2072; baseline -0.005 -21"><span class='ocrx_word' id='word_1_476' title='bbox 2119 2017 2235 2072; x_wconf 86' lang='grc' dir='ltr'><strong>τερ,</strong></span> <span class='ocrx_word' id='word_1_477' title='bbox 2294 1996 2439 2070; x_wconf 84' lang='grc' dir='ltr'>παρά</span> <span class='ocrx_word' id='word_1_478' title='bbox 2499 1999 2708 2066; x_wconf 81' lang='grc' dir='ltr'><strong>σεαυτῷ</strong></span> <span class='ocrx_word' id='word_1_479' title='bbox 2763 1997 2834 2067; x_wconf 78' lang='grc' dir='ltr'><strong>τῇ</strong></span> <span class='ocrx_word' id='word_1_480' title='bbox 2903 1991 3029 2066; x_wconf 74' lang='grc' dir='ltr'>δόξῃ</span> <span class='ocrx_word' id='word_1_481' title='bbox 3164 1994 3341 2068; x_wconf 77' lang='grc' dir='ltr'><strong>εἶχον,</strong></span> <span class='ocrx_word' id='word_1_482' title='bbox 3393 1992 3498 2066; x_wconf 82' lang='grc' dir='ltr'><strong>πρὸ</strong></span> <span class='ocrx_word' id='word_1_483' title='bbox 3527 1993 3626 2045; x_wconf 88' lang='grc' dir='ltr'>τοῦ</span> <span class='ocrx_word' id='word_1_484' title='bbox 3677 1989 3773 2044; x_wconf 85' lang='grc' dir='ltr'><strong>τὸν</strong></span> 
     </span>
    </p>
   </div>
   <div class='ocr_carea' id='block_1_63' title="bbox 2120 2077 3769 2159">
    <p class='ocr_par' dir='ltr' id='par_1_63' title="bbox 2120 2077 3769 2159">
     <span class='ocr_line' id='line_1_63' title="bbox 2120 2077 3769 2159; baseline -0.005 -18"><span class='ocrx_word' id='word_1_485' title='bbox 2120 2085 2326 2159; x_wconf 85' lang='grc' dir='ltr'><strong>κόσμτν</strong></span> <span class='ocrx_word' id='word_1_486' title='bbox 2356 2087 2516 2152; x_wconf 80' lang='grc' dir='ltr'><strong>εἶναι,</strong></span> <span class='ocrx_word' id='word_1_487' title='bbox 2549 2085 2696 2158; x_wconf 79' lang='grc' dir='ltr'>παρὰ</span> <span class='ocrx_word' id='word_1_488' title='bbox 2753 2082 2857 2140; x_wconf 91' lang='grc' dir='ltr'><strong>σοί.</strong></span> <span class='ocrx_word' id='word_1_489' title='bbox 2916 2084 3107 2155; x_wconf 81' lang='grc' dir='ltr'>Ἡμεῖς</span> <span class='ocrx_word' id='word_1_490' title='bbox 3139 2080 3244 2157; x_wconf 79' lang='grc' dir='ltr'><strong>γάρ</strong></span> <span class='ocrx_word' id='word_1_491' title='bbox 3275 2079 3434 2154; x_wconf 79' lang='grc' dir='ltr'><strong>ἐσμεν</strong></span> <span class='ocrx_word' id='word_1_492' title='bbox 3467 2079 3521 2134; x_wconf 76' lang='grc' dir='ltr'><strong>οἱ</strong></span> <span class='ocrx_word' id='word_1_493' title='bbox 3567 2078 3620 2133; x_wconf 81' lang='grc' dir='ltr'>έν</span> <span class='ocrx_word' id='word_1_494' title='bbox 3666 2077 3769 2133; x_wconf 78' lang='grc' dir='ltr'>αὗ-</span> 
     </span>
    </p>
   </div>
   <div class='ocr_carea' id='block_1_64' title="bbox 2122 2167 3770 2247">
    <p class='ocr_par' dir='ltr' id='par_1_64' title="bbox 2122 2167 3770 2247">
     <span class='ocr_line' id='line_1_64' title="bbox 2122 2167 3770 2247; baseline -0.005 -17"><span class='ocrx_word' id='word_1_495' title='bbox 2122 2180 2201 2247; x_wconf 89' lang='grc' dir='ltr'>τῷ</span> <span class='ocrx_word' id='word_1_496' title='bbox 2249 2173 2616 2247; x_wconf 66' lang='grc' dir='ltr'><strong>δοξαζόμενον</strong></span> <span class='ocrx_word' id='word_1_497' title='bbox 2677 2173 2765 2226; x_wconf 84' lang='grc' dir='ltr'><strong>καὶ</strong></span> <span class='ocrx_word' id='word_1_498' title='bbox 2826 2174 2862 2241; x_wconf 80' lang='grc' dir='ltr'><strong>ὴ</strong></span> <span class='ocrx_word' id='word_1_499' title='bbox 2922 2167 3148 2232; x_wconf 80' lang='grc' dir='ltr'><strong>κάθοδος</strong></span> <span class='ocrx_word' id='word_1_500' title='bbox 3205 2168 3370 2224; x_wconf 74' lang='grc' dir='ltr'><strong>αὐτοῦ</strong></span> <span class='ocrx_word' id='word_1_501' title='bbox 3429 2169 3589 2242; x_wconf 72' lang='grc' dir='ltr'><strong>ἡμῶν</strong></span> <span class='ocrx_word' id='word_1_502' title='bbox 3622 2167 3770 2223; x_wconf 66' lang='grc' dir='ltr'><strong>ἑστιν</strong></span> 
     </span>
    </p>
   </div>
   <div class='ocr_carea' id='block_1_65' title="bbox 2126 2257 3773 2335">
    <p class='ocr_par' dir='ltr' id='par_1_65' title="bbox 2126 2257 3773 2335">
     <span class='ocr_line' id='line_1_65' title="bbox 2126 2257 3773 2335; baseline -0.002 -18"><span class='ocrx_word' id='word_1_503' title='bbox 2126 2260 2339 2333; x_wconf 79' lang='grc' dir='ltr'><strong>ἄνοδος,</strong></span> <span class='ocrx_word' id='word_1_504' title='bbox 2397 2261 2531 2317; x_wconf 81' lang='grc' dir='ltr'><strong>κατὰ</strong></span> <span class='ocrx_word' id='word_1_505' title='bbox 2575 2261 2638 2315; x_wconf 78' lang='grc' dir='ltr'><strong>τὸ</strong></span> <span class='ocrx_word' id='word_1_506' title='bbox 2695 2260 3093 2335; x_wconf 74' lang='grc' dir='ltr'><strong>γεγραμμένον.</strong></span> <span class='ocrx_word' id='word_1_507' title='bbox 3154 2257 3259 2314; x_wconf 78' lang='grc' dir='ltr'>Καὶ</span> <span class='ocrx_word' id='word_1_508' title='bbox 3318 2260 3601 2333; x_wconf 80' lang='grc' dir='ltr'><strong>συνήγειρε</strong></span> <span class='ocrx_word' id='word_1_509' title='bbox 3655 2259 3773 2328; x_wconf 88' lang='grc'>(55)</span> 
     </span>
    </p>
   </div>
   <div class='ocr_carea' id='block_1_66' title="bbox 2123 2345 3776 2423">
    <p class='ocr_par' dir='ltr' id='par_1_66' title="bbox 2123 2345 3776 2423">
     <span class='ocr_line' id='line_1_66' title="bbox 2123 2345 3776 2423; baseline -0.004 -17"><span class='ocrx_word' id='word_1_510' title='bbox 2123 2353 2212 2407; x_wconf 80' lang='grc' dir='ltr'><strong>καὶ</strong></span> <span class='ocrx_word' id='word_1_511' title='bbox 2294 2352 2635 2413; x_wconf 74' lang='grc' dir='ltr'><strong>συνεκάθισεν</strong></span> <span class='ocrx_word' id='word_1_512' title='bbox 2719 2349 2771 2404; x_wconf 84' lang='grc' dir='ltr'>έν</span> <span class='ocrx_word' id='word_1_513' title='bbox 2842 2354 2958 2403; x_wconf 84' lang='grc' dir='ltr'><strong>τοῖς</strong></span> <span class='ocrx_word' id='word_1_514' title='bbox 3037 2347 3377 2423; x_wconf 80' lang='grc' dir='ltr'><strong>ἐπουρανίοις</strong></span> <span class='ocrx_word' id='word_1_515' title='bbox 3448 2345 3500 2400; x_wconf 76' lang='grc' dir='ltr'>έν</span> <span class='ocrx_word' id='word_1_516' title='bbox 3556 2347 3776 2421; x_wconf 77' lang='grc' dir='ltr'><strong>Χριστῷ</strong></span> 
     </span>
    </p>
   </div>
   <div class='ocr_carea' id='block_1_67' title="bbox 2128 2433 3778 2510">
    <p class='ocr_par' dir='ltr' id='par_1_67' title="bbox 2128 2433 3778 2510">
     <span class='ocr_line' id='line_1_67' title="bbox 2128 2433 3778 2510; baseline -0.005 -14"><span class='ocrx_word' id='word_1_517' title='bbox 2128 2442 2328 2510; x_wconf 77' lang='grc' dir='ltr'><strong>Ἰησοῦο</strong></span> <span class='ocrx_word' id='word_1_518' title='bbox 2376 2439 2466 2494; x_wconf 85' lang='grc' dir='ltr'><strong>καὶ</strong></span> <span class='ocrx_word' id='word_1_519' title='bbox 2521 2440 2604 2505; x_wconf 88' lang='grc' dir='ltr'><strong>τὸ,</strong></span> <span class='ocrx_word' id='word_1_520' title='bbox 2662 2442 2774 2493; x_wconf 85' lang='grc' dir='ltr'><strong>Ἵνα</strong></span> <span class='ocrx_word' id='word_1_521' title='bbox 2834 2435 3126 2510; x_wconf 80' lang='grc' dir='ltr'><strong>ἐνδείξηται</strong></span> <span class='ocrx_word' id='word_1_522' title='bbox 3187 2435 3237 2491; x_wconf 85' lang='grc' dir='ltr'>έν</span> <span class='ocrx_word' id='word_1_523' title='bbox 3295 2433 3413 2497; x_wconf 89' lang='grc' dir='ltr'><strong>τοίς</strong></span> <span class='ocrx_word' id='word_1_524' title='bbox 3453 2434 3612 2490; x_wconf 82' lang='grc' dir='ltr'><strong>αίῶσι</strong></span> <span class='ocrx_word' id='word_1_525' title='bbox 3659 2439 3778 2496; x_wconf 88' lang='grc' dir='ltr'><strong>τοῖς</strong></span> 
     </span>
    </p>
   </div>
   <div class='ocr_carea' id='block_1_68' title="bbox 2128 2522 3780 2604">
    <p class='ocr_par' dir='ltr' id='par_1_68' title="bbox 2128 2522 3780 2604">
     <span class='ocr_line' id='line_1_68' title="bbox 2128 2522 3780 2604; baseline -0.005 -20"><span class='ocrx_word' id='word_1_526' title='bbox 2128 2529 2522 2604; x_wconf 74' lang='grc' dir='ltr'><strong>έπερχομένοις</strong></span> <span class='ocrx_word' id='word_1_527' title='bbox 2577 2529 2668 2582; x_wconf 87' lang='grc' dir='ltr'><strong>τὸν</strong></span> <span class='ocrx_word' id='word_1_528' title='bbox 2731 2522 3147 2601; x_wconf 72' lang='grc' dir='ltr'><strong>ὑπερϐάλλοντα</strong></span> <span class='ocrx_word' id='word_1_529' title='bbox 3207 2524 3452 2580; x_wconf 84' lang='grc' dir='ltr'><strong>πλοῦτον</strong></span> <span class='ocrx_word' id='word_1_530' title='bbox 3519 2531 3621 2592; x_wconf 87' lang='grc' dir='ltr'>τῆς</span> <span class='ocrx_word' id='word_1_531' title='bbox 3679 2524 3780 2598; x_wconf 85' lang='grc' dir='ltr'>χά-</span> 
     </span>
    </p>
   </div>
   <div class='ocr_carea' id='block_1_69' title="bbox 2129 2612 3782 2694">
    <p class='ocr_par' dir='ltr' id='par_1_69' title="bbox 2129 2612 3782 2694">
     <span class='ocr_line' id='line_1_69' title="bbox 2129 2612 3782 2694; baseline -0.005 -21"><span class='ocrx_word' id='word_1_532' title='bbox 2129 2639 2279 2694; x_wconf 89' lang='grc' dir='ltr'><strong>ριτος</strong></span> <span class='ocrx_word' id='word_1_533' title='bbox 2336 2617 2500 2672; x_wconf 82' lang='grc' dir='ltr'><strong>αὐτοῦ</strong></span> <span class='ocrx_word' id='word_1_534' title='bbox 2570 2616 2621 2671; x_wconf 74' lang='grc' dir='ltr'><strong>ἐν</strong></span> <span class='ocrx_word' id='word_1_535' title='bbox 2682 2615 3044 2690; x_wconf 85' lang='grc' dir='ltr'><strong>χρηστότητι,</strong></span> <span class='ocrx_word' id='word_1_536' title='bbox 3105 2613 3165 2669; x_wconf 68' lang='grc' dir='ltr'><strong>ἐκ</strong></span> <span class='ocrx_word' id='word_1_537' title='bbox 3237 2616 3455 2688; x_wconf 83' lang='grc' dir='ltr'><strong>Χριστῷ</strong></span> <span class='ocrx_word' id='word_1_538' title='bbox 3486 2614 3668 2683; x_wconf 86' lang='grc' dir='ltr'><strong>Ἰησοῦ</strong></span> <span class='ocrx_word' id='word_1_539' title='bbox 3697 2612 3782 2688; x_wconf 76' lang='grc' dir='ltr'>ἐφ’</span> 
     </span>
    </p>
   </div>
   <div class='ocr_carea' id='block_1_70' title="bbox 2127 2699 3780 2780">
    <p class='ocr_par' dir='ltr' id='par_1_70' title="bbox 2127 2699 3780 2780">
     <span class='ocr_line' id='line_1_70' title="bbox 2127 2699 3780 2780; baseline -0.004 -18"><span class='ocrx_word' id='word_1_540' title='bbox 2127 2710 2294 2780; x_wconf 74' lang='grc' dir='ltr'><strong>ἡμᾶς.</strong></span> <span class='ocrx_word' id='word_1_541' title='bbox 2330 2705 2430 2763; x_wconf 80' lang='grc' dir='ltr'>Καὶ</span> <span class='ocrx_word' id='word_1_542' title='bbox 2489 2706 2550 2760; x_wconf 85' lang='grc' dir='ltr'><strong>τὸ</strong></span> <span class='ocrx_word' id='word_1_543' title='bbox 2584 2704 2757 2780; x_wconf 84' lang='grc' dir='ltr'><strong>λέγειν</strong></span> <span class='ocrx_word' id='word_1_544' title='bbox 2819 2702 2976 2759; x_wconf 78' lang='grc' dir='ltr'><strong>αὐτὸν</strong></span> <span class='ocrx_word' id='word_1_545' title='bbox 3037 2703 3088 2757; x_wconf 83' lang='grc' dir='ltr'>ἐν</span> <span class='ocrx_word' id='word_1_546' title='bbox 3145 2709 3226 2775; x_wconf 89' lang='grc' dir='ltr'>τῷ</span> <span class='ocrx_word' id='word_1_547' title='bbox 3278 2706 3512 2776; x_wconf 87' lang='grc' dir='ltr'><strong>σταυρῷ·</strong></span> <span class='ocrx_word' id='word_1_548' title='bbox 3573 2699 3780 2776; x_wconf 84' lang='grc' dir='ltr'><strong>Πάτερ,</strong></span> 
     </span>
    </p>
   </div>
   <div class='ocr_carea' id='block_1_71' title="bbox 2130 2793 3771 2871">
    <p class='ocr_par' dir='ltr' id='par_1_71' title="bbox 2130 2793 3771 2871">
     <span class='ocr_line' id='line_1_71' title="bbox 2130 2793 3771 2871; baseline -0.004 -20"><span class='ocrx_word' id='word_1_549' title='bbox 2130 2797 2208 2859; x_wconf 74' lang='grc' dir='ltr'>εἷς</span> <span class='ocrx_word' id='word_1_550' title='bbox 2257 2797 2446 2871; x_wconf 71' lang='grc' dir='ltr'><strong>χεῖράς</strong></span> <span class='ocrx_word' id='word_1_551' title='bbox 2501 2816 2597 2850; x_wconf 93' lang='grc' dir='ltr'>σου</span> <span class='ocrx_word' id='word_1_552' title='bbox 2657 2795 2997 2870; x_wconf 87' lang='grc' dir='ltr'><strong>παρατίθημι</strong></span> <span class='ocrx_word' id='word_1_553' title='bbox 3053 2793 3116 2848; x_wconf 88' lang='grc' dir='ltr'><strong>τὸ</strong></span> <span class='ocrx_word' id='word_1_554' title='bbox 3182 2793 3396 2864; x_wconf 84' lang='grc' dir='ltr'><strong>πνεῦμά</strong></span> <span class='ocrx_word' id='word_1_555' title='bbox 3456 2811 3584 2864; x_wconf 91' lang='grc' dir='ltr'><strong>μου,</strong></span> <span class='ocrx_word' id='word_1_556' title='bbox 3635 2795 3771 2845; x_wconf 76' lang='grc' dir='ltr'><strong>παν-</strong></span> 
     </span>
    </p>
   </div>
   <div class='ocr_carea' id='block_1_72' title="bbox 2126 2878 3780 2957">
    <p class='ocr_par' dir='ltr' id='par_1_72' title="bbox 2126 2878 3780 2957">
     <span class='ocr_line' id='line_1_72' title="bbox 2126 2878 3780 2957; baseline -0.003 -16"><span class='ocrx_word' id='word_1_557' title='bbox 2126 2907 2220 2948; x_wconf 90' lang='grc' dir='ltr'>τας</span> <span class='ocrx_word' id='word_1_558' title='bbox 2254 2884 2570 2957; x_wconf 81' lang='grc' dir='ltr'><strong>ἀνθρώπους</strong></span> <span class='ocrx_word' id='word_1_559' title='bbox 2603 2880 2954 2956; x_wconf 83' lang='grc' dir='ltr'><strong>παρατίθεται</strong></span> <span class='ocrx_word' id='word_1_560' title='bbox 2980 2886 3058 2953; x_wconf 90' lang='grc' dir='ltr'>τῷ</span> <span class='ocrx_word' id='word_1_561' title='bbox 3101 2883 3268 2957; x_wconf 79' lang='grc' dir='ltr'><strong>Πατρὶ</strong></span> <span class='ocrx_word' id='word_1_562' title='bbox 3323 2878 3393 2934; x_wconf 84' lang='grc' dir='ltr'>δι’</span> <span class='ocrx_word' id='word_1_563' title='bbox 3421 2881 3610 2935; x_wconf 71' lang='grc' dir='ltr'><strong>ἑαυτοῦ</strong></span> <span class='ocrx_word' id='word_1_564' title='bbox 3640 2882 3780 2952; x_wconf 83' lang='grc'><strong>(56),</strong></span> 
     </span>
    </p>
   </div>
   <div class='ocr_carea' id='block_1_73' title="bbox 2127 2966 3778 3046">
    <p class='ocr_par' dir='ltr' id='par_1_73' title="bbox 2127 2966 3778 3046">
     <span class='ocr_line' id='line_1_73' title="bbox 2127 2966 3778 3046; baseline -0.006 -15"><span class='ocrx_word' id='word_1_565' title='bbox 2127 2975 2254 3038; x_wconf 78' lang='grc' dir='ltr'><strong>τοὺς</strong></span> <span class='ocrx_word' id='word_1_566' title='bbox 2288 2974 2339 3029; x_wconf 81' lang='grc' dir='ltr'>ἐν</span> <span class='ocrx_word' id='word_1_567' title='bbox 2371 2975 2520 3045; x_wconf 83' lang='grc' dir='ltr'><strong>αὑτῷ</strong></span> <span class='ocrx_word' id='word_1_568' title='bbox 2553 2972 3045 3044; x_wconf 82' lang='grc' dir='ltr'><strong>ζωοποιουμένους.</strong></span> <span class='ocrx_word' id='word_1_569' title='bbox 3078 2969 3233 3041; x_wconf 79' lang='grc' dir='ltr'><strong>Μέλη</strong></span> <span class='ocrx_word' id='word_1_570' title='bbox 3283 2971 3387 3046; x_wconf 79' lang='grc' dir='ltr'><strong>γὰρ</strong></span> <span class='ocrx_word' id='word_1_571' title='bbox 3435 2966 3600 3024; x_wconf 80' lang='grc' dir='ltr'><strong>αὐτοῦ</strong></span> <span class='ocrx_word' id='word_1_572' title='bbox 3649 2967 3778 3038; x_wconf 79' lang='grc' dir='ltr'><strong>εἷ’σι,</strong></span> 
     </span>
    </p>
   </div>
   <div class='ocr_carea' id='block_1_74' title="bbox 2128 3057 3779 3134">
    <p class='ocr_par' dir='ltr' id='par_1_74' title="bbox 2128 3057 3779 3134">
     <span class='ocr_line' id='line_1_74' title="bbox 2128 3057 3779 3134; baseline -0.005 -15"><span class='ocrx_word' id='word_1_573' title='bbox 2128 3062 2315 3120; x_wconf 75' lang='grc' dir='ltr'><strong>καὶτὰ</strong></span> <span class='ocrx_word' id='word_1_574' title='bbox 2344 3059 2530 3117; x_wconf 85' lang='grc' dir='ltr'><strong>πολλά</strong></span> <span class='ocrx_word' id='word_1_575' title='bbox 2580 3059 2722 3134; x_wconf 86' lang='grc' dir='ltr'><strong>μέλη</strong></span> <span class='ocrx_word' id='word_1_576' title='bbox 2770 3057 2825 3114; x_wconf 72' lang='grc' dir='ltr'><strong>ἓν</strong></span> <span class='ocrx_word' id='word_1_577' title='bbox 2874 3059 2985 3115; x_wconf 81' lang='grc' dir='ltr'><strong>ἐστι</strong></span> <span class='ocrx_word' id='word_1_578' title='bbox 3031 3064 3210 3132; x_wconf 81' lang='grc' dir='ltr'><strong>σῶμα,</strong></span> <span class='ocrx_word' id='word_1_579' title='bbox 3258 3057 3390 3133; x_wconf 76' lang='grc' dir='ltr'><strong>ὅπερ</strong></span> <span class='ocrx_word' id='word_1_580' title='bbox 3436 3057 3546 3113; x_wconf 82' lang='grc' dir='ltr'><strong>ἐστὶ</strong></span> <span class='ocrx_word' id='word_1_581' title='bbox 3586 3059 3620 3127; x_wconf 79' lang='grc' dir='ltr'>ἡ</span> <span class='ocrx_word' id='word_1_582' title='bbox 3656 3059 3779 3112; x_wconf 82' lang='grc' dir='ltr'>Ἐκ-</span> 
     </span>
    </p>
   </div>
   <div class='ocr_carea' id='block_1_75' title="bbox 2128 3146 3779 3226">
    <p class='ocr_par' dir='ltr' id='par_1_75' title="bbox 2128 3146 3779 3226">
     <span class='ocr_line' id='line_1_75' title="bbox 2128 3146 3779 3226; baseline -0.004 -17"><span class='ocrx_word' id='word_1_583' title='bbox 2128 3152 2348 3223; x_wconf 85' lang='grc' dir='ltr'><strong>κλησία·</strong></span> <span class='ocrx_word' id='word_1_584' title='bbox 2377 3152 2555 3214; x_wconf 78' lang='grc' dir='ltr'><strong>καθὼς</strong></span> <span class='ocrx_word' id='word_1_585' title='bbox 2587 3151 2674 3205; x_wconf 85' lang='grc' dir='ltr'><strong>καὶ</strong></span> <span class='ocrx_word' id='word_1_586' title='bbox 2725 3151 2753 3204; x_wconf 84' lang='grc' dir='ltr'>ὁ</span> <span class='ocrx_word' id='word_1_587' title='bbox 2801 3153 3066 3225; x_wconf 74' lang='grc' dir='ltr'><strong>μακάριος</strong></span> <span class='ocrx_word' id='word_1_588' title='bbox 3108 3146 3326 3210; x_wconf 82' lang='grc' dir='ltr'><strong>Παῦλος</strong></span> <span class='ocrx_word' id='word_1_589' title='bbox 3374 3146 3567 3226; x_wconf 73' lang='grc' dir='ltr'><strong>γράφει</strong></span> <span class='ocrx_word' id='word_1_590' title='bbox 3601 3147 3779 3202; x_wconf 88' lang='grc' dir='ltr'><strong>Γαλά-</strong></span> 
     </span>
    </p>
   </div>
   <div class='ocr_carea' id='block_1_76' title="bbox 2128 3234 3778 3313">
    <p class='ocr_par' dir='ltr' id='par_1_76' title="bbox 2128 3234 3778 3313">
     <span class='ocr_line' id='line_1_76' title="bbox 2128 3234 3778 3313; baseline -0.004 -16"><span class='ocrx_word' id='word_1_591' title='bbox 2128 3261 2266 3304; x_wconf 72' lang='grc' dir='ltr'><strong>ταιςο</strong></span> <span class='ocrx_word' id='word_1_592' title='bbox 2305 3241 2504 3301; x_wconf 83' lang='grc' dir='ltr'><strong>Πάντες</strong></span> <span class='ocrx_word' id='word_1_593' title='bbox 2533 3239 2634 3313; x_wconf 81' lang='grc' dir='ltr'><strong>γὰρ</strong></span> <span class='ocrx_word' id='word_1_594' title='bbox 2669 3239 2821 3312; x_wconf 82' lang='grc' dir='ltr'><strong>ὑμεῖς</strong></span> <span class='ocrx_word' id='word_1_595' title='bbox 2850 3235 2902 3293; x_wconf 74' lang='grc' dir='ltr'><strong>ἓν</strong></span> <span class='ocrx_word' id='word_1_596' title='bbox 2935 3237 3051 3292; x_wconf 73' lang='grc' dir='ltr'><strong>ἐστε</strong></span> <span class='ocrx_word' id='word_1_597' title='bbox 3080 3236 3131 3292; x_wconf 75' lang='grc' dir='ltr'>έν</span> <span class='ocrx_word' id='word_1_598' title='bbox 3165 3241 3378 3312; x_wconf 79' lang='grc' dir='ltr'><strong>Χριστῷ</strong></span> <span class='ocrx_word' id='word_1_599' title='bbox 3420 3237 3622 3306; x_wconf 86' lang='grc' dir='ltr'><strong>Ἰησοῦ·</strong></span> <span class='ocrx_word' id='word_1_600' title='bbox 3648 3234 3778 3298; x_wconf 78' lang='grc' dir='ltr'><strong>τοὺς</strong></span> 
     </span>
    </p>
   </div>
   <div class='ocr_carea' id='block_1_77' title="bbox 2049 3303 3296 3404">
    <p class='ocr_par' dir='ltr' id='par_1_77' title="bbox 2049 3303 3296 3404">
     <span class='ocr_line' id='line_1_77' title="bbox 2049 3303 3296 3404; baseline -0.005 -16"><span class='ocrx_word' id='word_1_601' title='bbox 2049 3303 2091 3370; x_wconf 78' lang='lat' dir='ltr'><strong><em>C</em></strong></span> <span class='ocrx_word' id='word_1_602' title='bbox 2129 3303 2332 3392; x_wconf 80' lang='grc' dir='ltr'><strong>πάντας</strong></span> <span class='ocrx_word' id='word_1_603' title='bbox 2364 3325 2456 3383; x_wconf 81' lang='grc' dir='ltr'>οῦν</span> <span class='ocrx_word' id='word_1_604' title='bbox 2489 3303 2839 3404; x_wconf 57' lang='grc' dir='ltr'><strong>παρατίθεται</strong></span> <span class='ocrx_word' id='word_1_605' title='bbox 2872 3326 2922 3382; x_wconf 85' lang='grc' dir='ltr'>ἐν</span> <span class='ocrx_word' id='word_1_606' title='bbox 2956 3327 3128 3399; x_wconf 75' lang='grc' dir='ltr'><strong>έαυτῷ</strong></span> <span class='ocrx_word' id='word_1_607' title='bbox 3159 3303 3296 3400; x_wconf 43' lang='grc'>(5.7).</span> 
     </span>
    </p>
   </div>
   <div class='ocr_carea' id='block_1_78' title="bbox 2197 3408 3782 3493">
    <p class='ocr_par' dir='ltr' id='par_1_78' title="bbox 2197 3408 3782 3493">
     <span class='ocr_line' id='line_1_78' title="bbox 2197 3408 3782 3493; baseline -0.007 -15"><span class='ocrx_word' id='word_1_608' title='bbox 2197 3424 2252 3478; x_wconf 88' lang='grc'>6.</span> <span class='ocrx_word' id='word_1_609' title='bbox 2285 3417 2474 3481; x_wconf 70' lang='grc' dir='ltr'><strong>Οὕτως</strong></span> <span class='ocrx_word' id='word_1_610' title='bbox 2533 3418 2622 3472; x_wconf 83' lang='grc' dir='ltr'><strong>οὗν</strong></span> <span class='ocrx_word' id='word_1_611' title='bbox 2691 3419 2780 3472; x_wconf 86' lang='grc' dir='ltr'><strong>καὶ</strong></span> <span class='ocrx_word' id='word_1_612' title='bbox 2841 3415 2929 3473; x_wconf 79' lang='grc' dir='ltr'><strong>ὅτε</strong></span> <span class='ocrx_word' id='word_1_613' title='bbox 2973 3414 3168 3493; x_wconf 58' lang='grc' dir='ltr'><strong>ιλὲγει,</strong></span> <span class='ocrx_word' id='word_1_614' title='bbox 3228 3415 3422 3489; x_wconf 77' lang='grc' dir='ltr'><strong>Κύριος</strong></span> <span class='ocrx_word' id='word_1_615' title='bbox 3479 3408 3653 3470; x_wconf 83' lang='grc' dir='ltr'><strong>ἔκτισέ</strong></span> <span class='ocrx_word' id='word_1_616' title='bbox 3713 3435 3782 3487; x_wconf 82' lang='grc' dir='ltr'>με</span> 
     </span>
    </p>
   </div>
   <div class='ocr_carea' id='block_1_79' title="bbox 2129 3502 3776 3587">
    <p class='ocr_par' dir='ltr' id='par_1_79' title="bbox 2129 3502 3776 3587">
     <span class='ocr_line' id='line_1_79' title="bbox 2129 3502 3776 3587; baseline -0.004 -22"><span class='ocrx_word' id='word_1_617' title='bbox 2129 3512 2308 3587; x_wconf 79' lang='grc' dir='ltr'><strong>ἀρχὴν</strong></span> <span class='ocrx_word' id='word_1_618' title='bbox 2364 3506 2504 3564; x_wconf 80' lang='grc' dir='ltr'><strong>ὁδῶν</strong></span> <span class='ocrx_word' id='word_1_619' title='bbox 2585 3507 2773 3578; x_wconf 79' lang='grc' dir='ltr'><strong>αὐτοῦ,</strong></span> <span class='ocrx_word' id='word_1_620' title='bbox 2849 3507 2973 3582; x_wconf 86' lang='grc' dir='ltr'><strong>περὶ</strong></span> <span class='ocrx_word' id='word_1_621' title='bbox 3049 3512 3148 3576; x_wconf 84' lang='grc' dir='ltr'><strong>τῆς</strong></span> <span class='ocrx_word' id='word_1_622' title='bbox 3216 3503 3542 3576; x_wconf 86' lang='grc' dir='ltr'><strong>Ἐκκλησίας</strong></span> <span class='ocrx_word' id='word_1_623' title='bbox 3603 3502 3776 3580; x_wconf 89' lang='grc' dir='ltr'><strong>λέγει,</strong></span> 
     </span>
    </p>
   </div>
   <div class='ocr_carea' id='block_1_80' title="bbox 2125 3594 3776 3670">
    <p class='ocr_par' dir='ltr' id='par_1_80' title="bbox 2125 3594 3776 3670">
     <span class='ocr_line' id='line_1_80' title="bbox 2125 3594 3776 3670; baseline -0.005 -16"><span class='ocrx_word' id='word_1_624' title='bbox 2125 3607 2224 3669; x_wconf 81' lang='grc' dir='ltr'><strong>τῆς</strong></span> <span class='ocrx_word' id='word_1_625' title='bbox 2270 3598 2320 3653; x_wconf 81' lang='grc' dir='ltr'>ἐν</span> <span class='ocrx_word' id='word_1_626' title='bbox 2383 3599 2533 3668; x_wconf 85' lang='grc' dir='ltr'><strong>αὐτῷ</strong></span> <span class='ocrx_word' id='word_1_627' title='bbox 2591 3597 2944 3668; x_wconf 75' lang='grc' dir='ltr'><strong>κτιζομένης.</strong></span> <span class='ocrx_word' id='word_1_628' title='bbox 3002 3595 3082 3653; x_wconf 79' lang='grc' dir='ltr'>Οὐ</span> <span class='ocrx_word' id='word_1_629' title='bbox 3139 3594 3241 3670; x_wconf 74' lang='grc' dir='ltr'>γὰρ</span> <span class='ocrx_word' id='word_1_630' title='bbox 3302 3596 3330 3649; x_wconf 81' lang='grc' dir='ltr'>ὁ</span> <span class='ocrx_word' id='word_1_631' title='bbox 3383 3594 3623 3664; x_wconf 79' lang='grc' dir='ltr'><strong>ποιητὴς</strong></span> <span class='ocrx_word' id='word_1_632' title='bbox 3668 3596 3776 3647; x_wconf 83' lang='grc' dir='ltr'>τῷν</span> 
     </span>
    </p>
   </div>
   <div class='ocr_carea' id='block_1_81' title="bbox 2126 3681 3780 3757">
    <p class='ocr_par' dir='ltr' id='par_1_81' title="bbox 2126 3681 3780 3757">
     <span class='ocr_line' id='line_1_81' title="bbox 2126 3681 3780 3757; baseline -0.004 -14"><span class='ocrx_word' id='word_1_633' title='bbox 2126 3687 2374 3743; x_wconf 73' lang='grc' dir='ltr'><strong>ἁπάντων</strong></span> <span class='ocrx_word' id='word_1_634' title='bbox 2405 3684 2606 3757; x_wconf 87' lang='grc' dir='ltr'><strong>κτίσμα</strong></span> <span class='ocrx_word' id='word_1_635' title='bbox 2662 3684 2751 3740; x_wconf 85' lang='grc' dir='ltr'>καὶ</span> <span class='ocrx_word' id='word_1_636' title='bbox 2800 3687 3018 3757; x_wconf 85' lang='grc' dir='ltr'><strong>ποιημά</strong></span> <span class='ocrx_word' id='word_1_637' title='bbox 3064 3683 3228 3753; x_wconf 77' lang='grc' dir='ltr'><strong>ἐστιν,</strong></span> <span class='ocrx_word' id='word_1_638' title='bbox 3277 3681 3424 3739; x_wconf 84' lang='grc' dir='ltr'>ἀλλά</span> <span class='ocrx_word' id='word_1_639' title='bbox 3468 3684 3531 3738; x_wconf 82' lang='grc' dir='ltr'><strong>τὸ</strong></span> <span class='ocrx_word' id='word_1_640' title='bbox 3561 3682 3780 3756; x_wconf 88' lang='grc' dir='ltr'><strong>ποίημα</strong></span> 
     </span>
    </p>
   </div>
   <div class='ocr_carea' id='block_1_82' title="bbox 2127 3771 3778 3849">
    <p class='ocr_par' dir='ltr' id='par_1_82' title="bbox 2127 3771 3778 3849">
     <span class='ocr_line' id='line_1_82' title="bbox 2127 3771 3778 3849; baseline -0.004 -17"><span class='ocrx_word' id='word_1_641' title='bbox 2127 3776 2180 3832; x_wconf 77' lang='grc' dir='ltr'>έν</span> <span class='ocrx_word' id='word_1_642' title='bbox 2219 3781 2298 3849; x_wconf 87' lang='grc' dir='ltr'>τῷ</span> <span class='ocrx_word' id='word_1_643' title='bbox 2325 3778 2532 3846; x_wconf 77' lang='grc' dir='ltr'><strong>ποιητῇ</strong></span> <span class='ocrx_word' id='word_1_644' title='bbox 2567 3775 2907 3844; x_wconf 85' lang='grc' dir='ltr'><strong>ἀνανεοῦται,</strong></span> <span class='ocrx_word' id='word_1_645' title='bbox 2955 3774 3091 3828; x_wconf 84' lang='grc' dir='ltr'><strong>κατᾶ</strong></span> <span class='ocrx_word' id='word_1_646' title='bbox 3136 3774 3198 3828; x_wconf 88' lang='grc' dir='ltr'><strong>τὸ</strong></span> <span class='ocrx_word' id='word_1_647' title='bbox 3230 3771 3520 3848; x_wconf 86' lang='grc' dir='ltr'><strong>λεγόμινον</strong></span> <span class='ocrx_word' id='word_1_648' title='bbox 3547 3772 3649 3826; x_wconf 83' lang='grc' dir='ltr'>ὑπὸ</span> <span class='ocrx_word' id='word_1_649' title='bbox 3683 3775 3778 3826; x_wconf 83' lang='grc' dir='ltr'>τοῦ</span> 
     </span>
    </p>
   </div>
   <div class='ocr_carea' id='block_1_83' title="bbox 2127 3858 3775 3937">
    <p class='ocr_par' dir='ltr' id='par_1_83' title="bbox 2127 3858 3775 3937">
     <span class='ocr_line' id='line_1_83' title="bbox 2127 3858 3775 3937; baseline -0.005 -15"><span class='ocrx_word' id='word_1_650' title='bbox 2127 3865 2382 3924; x_wconf 75' lang='grc' dir='ltr'><strong>Ηαύλου·</strong></span> <span class='ocrx_word' id='word_1_651' title='bbox 2458 3865 2640 3921; x_wconf 84' lang='grc' dir='ltr'><strong>Αὐτοῦ</strong></span> <span class='ocrx_word' id='word_1_652' title='bbox 2720 3863 2880 3937; x_wconf 85' lang='grc' dir='ltr'><strong>έσμεν</strong></span> <span class='ocrx_word' id='word_1_653' title='bbox 2982 3860 3239 3936; x_wconf 88' lang='grc' dir='ltr'><strong>ποίημα,</strong></span> <span class='ocrx_word' id='word_1_654' title='bbox 3327 3862 3629 3926; x_wconf 76' lang='grc' dir='ltr'><strong>κτισθέντες</strong></span> <span class='ocrx_word' id='word_1_655' title='bbox 3721 3858 3775 3915; x_wconf 77' lang='grc' dir='ltr'>έν</span> 
     </span>
    </p>
   </div>
   <div class='ocr_carea' id='block_1_84' title="bbox 2125 3948 3776 4031">
    <p class='ocr_par' dir='ltr' id='par_1_84' title="bbox 2125 3948 3776 4031">
     <span class='ocr_line' id='line_1_84' title="bbox 2125 3948 3776 4031; baseline -0.005 -18"><span class='ocrx_word' id='word_1_656' title='bbox 2125 3957 2342 4031; x_wconf 83' lang='grc' dir='ltr'><strong>Χριστῷ</strong></span> <span class='ocrx_word' id='word_1_657' title='bbox 2400 3955 2603 4024; x_wconf 86' lang='grc' dir='ltr'><strong>Ἰησοῦ.</strong></span> <span class='ocrx_word' id='word_1_658' title='bbox 2655 3953 2752 4008; x_wconf 82' lang='grc' dir='ltr'>Καὶ</span> <span class='ocrx_word' id='word_1_659' title='bbox 2811 3953 2992 4009; x_wconf 87' lang='grc' dir='ltr'><strong>καθὼς</strong></span> <span class='ocrx_word' id='word_1_660' title='bbox 3043 3949 3206 4006; x_wconf 82' lang='grc' dir='ltr'><strong>πάλιν</strong></span> <span class='ocrx_word' id='word_1_661' title='bbox 3259 3948 3430 4026; x_wconf 85' lang='grc' dir='ltr'><strong>λέγει·</strong></span> <span class='ocrx_word' id='word_1_662' title='bbox 3491 3952 3605 4008; x_wconf 85' lang='grc' dir='ltr'><strong>Ἰνα</strong></span> <span class='ocrx_word' id='word_1_663' title='bbox 3632 3971 3776 4024; x_wconf 84' lang='grc' dir='ltr'><strong>γνω-</strong></span> 
     </span>
    </p>
   </div>
   <div class='ocr_carea' id='block_1_85' title="bbox 2127 4038 3778 4118">
    <p class='ocr_par' dir='ltr' id='par_1_85' title="bbox 2127 4038 3778 4118">
     <span class='ocr_line' id='line_1_85' title="bbox 2127 4038 3778 4118; baseline -0.004 -19"><span class='ocrx_word' id='word_1_664' title='bbox 2127 4045 2288 4118; x_wconf 75' lang='grc' dir='ltr'><strong>ρισθῇ</strong></span> <span class='ocrx_word' id='word_1_665' title='bbox 2332 4047 2420 4098; x_wconf 90' lang='grc' dir='ltr'>νῦν</span> <span class='ocrx_word' id='word_1_666' title='bbox 2473 4041 2523 4096; x_wconf 75' lang='grc' dir='ltr'><strong>ἰν</strong></span> <span class='ocrx_word' id='word_1_667' title='bbox 2583 4046 2702 4103; x_wconf 87' lang='grc' dir='ltr'><strong>ταῖς</strong></span> <span class='ocrx_word' id='word_1_668' title='bbox 2755 4041 2954 4117; x_wconf 82' lang='grc' dir='ltr'><strong>ἀρχαῖς</strong></span> <span class='ocrx_word' id='word_1_669' title='bbox 3197 4040 3286 4095; x_wconf 80' lang='grc' dir='ltr'><strong>καὶ</strong></span> <span class='ocrx_word' id='word_1_670' title='bbox 3336 4046 3457 4103; x_wconf 87' lang='grc' dir='ltr'><strong>ταῖς</strong></span> <span class='ocrx_word' id='word_1_671' title='bbox 3513 4038 3778 4111; x_wconf 80' lang='grc' dir='ltr'><strong>ἐξουσίαις</strong></span> 
     </span>
    </p>
   </div>
   <div class='ocr_carea' id='block_1_86' title="bbox 2127 4127 3782 4207">
    <p class='ocr_par' dir='ltr' id='par_1_86' title="bbox 2127 4127 3782 4207">
     <span class='ocr_line' id='line_1_86' title="bbox 2127 4127 3782 4207; baseline -0.004 -19"><span class='ocrx_word' id='word_1_672' title='bbox 2127 4132 2178 4188; x_wconf 80' lang='grc' dir='ltr'><strong>ἐν</strong></span> <span class='ocrx_word' id='word_1_673' title='bbox 2233 4137 2349 4193; x_wconf 91' lang='grc' dir='ltr'><strong>τοῖς</strong></span> <span class='ocrx_word' id='word_1_674' title='bbox 2418 4131 2755 4207; x_wconf 82' lang='grc' dir='ltr'><strong>ἐπουρανίοις</strong></span> <span class='ocrx_word' id='word_1_675' title='bbox 2815 4128 2903 4186; x_wconf 79' lang='grc' dir='ltr'>διὰ</span> <span class='ocrx_word' id='word_1_676' title='bbox 2956 4137 3057 4200; x_wconf 86' lang='grc' dir='ltr'><strong>τῆς</strong></span> <span class='ocrx_word' id='word_1_677' title='bbox 3129 4127 3456 4200; x_wconf 87' lang='grc' dir='ltr'><strong>Ἐκκλησίας</strong></span> <span class='ocrx_word' id='word_1_678' title='bbox 3515 4130 3549 4199; x_wconf 81' lang='grc' dir='ltr'>ἠ</span> <span class='ocrx_word' id='word_1_679' title='bbox 3609 4127 3782 4184; x_wconf 84' lang='grc' dir='ltr'><strong>πολυ-</strong></span> 
     </span>
    </p>
   </div>
   <div class='ocr_carea' id='block_1_87' title="bbox 2125 4219 3778 4299">
    <p class='ocr_par' dir='ltr' id='par_1_87' title="bbox 2125 4219 3778 4299">
     <span class='ocr_line' id='line_1_87' title="bbox 2125 4219 3778 4299; baseline -0.003 -22"><span class='ocrx_word' id='word_1_680' title='bbox 2125 4219 2378 4284; x_wconf 90' lang='grc' dir='ltr'><strong>ποίκιλος</strong></span> <span class='ocrx_word' id='word_1_681' title='bbox 2455 4220 2616 4299; x_wconf 77' lang='grc' dir='ltr'><strong>σοφία</strong></span> <span class='ocrx_word' id='word_1_682' title='bbox 2687 4224 2786 4275; x_wconf 88' lang='grc' dir='ltr'>τοῦ</span> <span class='ocrx_word' id='word_1_683' title='bbox 2856 4224 3012 4294; x_wconf 82' lang='grc' dir='ltr'><strong>Θεοῦ,</strong></span> <span class='ocrx_word' id='word_1_684' title='bbox 3087 4221 3224 4275; x_wconf 81' lang='grc' dir='ltr'><strong>κατὰ</strong></span> <span class='ocrx_word' id='word_1_685' title='bbox 3319 4219 3574 4297; x_wconf 76' lang='grc' dir='ltr'><strong>πρόθεσιν</strong></span> <span class='ocrx_word' id='word_1_686' title='bbox 3667 4223 3778 4272; x_wconf 78' lang='grc' dir='ltr'>τῶν</span> 
     </span>
    </p>
   </div>
   <div class='ocr_carea' id='block_1_88' title="bbox 2126 4309 3784 4385">
    <p class='ocr_par' dir='ltr' id='par_1_88' title="bbox 2126 4309 3784 4385">
     <span class='ocr_line' id='line_1_88' title="bbox 2126 4309 3784 4385; baseline -0.002 -19"><span class='ocrx_word' id='word_1_687' title='bbox 2126 4311 2364 4382; x_wconf 70' lang='grc' dir='ltr'><strong>αἰώνων,</strong></span> <span class='ocrx_word' id='word_1_688' title='bbox 2425 4313 2485 4380; x_wconf 87' lang='grc' dir='ltr'><strong>ἢν</strong></span> <span class='ocrx_word' id='word_1_689' title='bbox 2560 4309 2820 4380; x_wconf 88' lang='grc' dir='ltr'><strong>ἀποίησεν</strong></span> <span class='ocrx_word' id='word_1_690' title='bbox 2879 4309 2930 4363; x_wconf 72' lang='grc' dir='ltr'><strong>ἐν</strong></span> <span class='ocrx_word' id='word_1_691' title='bbox 3001 4314 3218 4385; x_wconf 81' lang='grc' dir='ltr'><strong>Χριστῷ</strong></span> <span class='ocrx_word' id='word_1_692' title='bbox 3276 4311 3454 4380; x_wconf 89' lang='grc' dir='ltr'><strong>Ἰησοῦ</strong></span> <span class='ocrx_word' id='word_1_693' title='bbox 3528 4313 3607 4381; x_wconf 83' lang='grc' dir='ltr'>τῷ</span> <span class='ocrx_word' id='word_1_694' title='bbox 3676 4310 3784 4364; x_wconf 82' lang='grc' dir='ltr'>Κυ-</span> 
     </span>
    </p>
   </div>
   <div class='ocr_carea' id='block_1_89' title="bbox 445 4471 2015 4547">
    <p class='ocr_par' dir='ltr' id='par_1_89' title="bbox 445 4474 2015 4547">
     <span class='ocr_line' id='line_1_89' title="bbox 445 4474 2015 4547; baseline 0.001 -18"><span class='ocrx_word' id='word_1_695' title='bbox 445 4476 489 4511; x_wconf 80' lang='grc'><strong><em>⁵⁹</em></strong></span> <span class='ocrx_word' id='word_1_696' title='bbox 517 4479 686 4530; x_wconf 87' lang='lat' dir='ltr'>Joan.</span> <span class='ocrx_word' id='word_1_697' title='bbox 721 4493 857 4543; x_wconf 82' lang='lat' dir='ltr'>xvu,</span> <span class='ocrx_word' id='word_1_698' title='bbox 883 4476 970 4547; x_wconf 86' lang='grc'>19.</span> <span class='ocrx_word' id='word_1_699' title='bbox 1013 4475 1056 4510; x_wconf 85' lang='grc'>⁶⁰</span> <span class='ocrx_word' id='word_1_700' title='bbox 1090 4477 1200 4532; x_wconf 85' lang='lat' dir='ltr'>lsa.</span> <span class='ocrx_word' id='word_1_701' title='bbox 1236 4492 1354 4543; x_wconf 85' lang='lat' dir='ltr'>Lm,</span> <span class='ocrx_word' id='word_1_702' title='bbox 1387 4475 1441 4528; x_wconf 87' lang='grc'><strong>5.</strong></span> <span class='ocrx_word' id='word_1_703' title='bbox 1469 4476 1510 4510; x_wconf 84' lang='grc'>⁶¹</span> <span class='ocrx_word' id='word_1_704' title='bbox 1545 4474 1687 4530; x_wconf 91' lang='lat' dir='ltr'>ibid.</span> <span class='ocrx_word' id='word_1_705' title='bbox 1715 4475 1761 4509; x_wconf 84' lang='grc'>⁶²</span> <span class='ocrx_word' id='word_1_706' title='bbox 1790 4477 1958 4531; x_wconf 81' lang='lat' dir='ltr'>Joan.</span> <span class='ocrx_word' id='word_1_707' title='bbox 1991 4493 2015 4530; x_wconf 78' lang='grc' dir='ltr'>ι</span> 
     </span>
    </p>
   </div>
   <div class='ocr_carea' id='block_1_90' title="bbox 2131 4471 3783 4547">
    <p class='ocr_par' dir='ltr' id='par_1_90' title="bbox 2159 4471 3783 4547">
     <span class='ocr_line' id='line_1_90' title="bbox 2159 4471 3783 4547; baseline -0.004 -18"><span class='ocrx_word' id='word_1_708' title='bbox 2159 4475 2216 4529; x_wconf 86' lang='grc'><strong>5.</strong></span> <span class='ocrx_word' id='word_1_709' title='bbox 2255 4473 2533 4547; x_wconf 74' lang='grc' dir='ltr'><strong>⁸⁸Ερὶιοε.</strong></span> <span class='ocrx_word' id='word_1_710' title='bbox 2577 4491 2640 4544; x_wconf 89' lang='grc' dir='ltr'>ιι,</span> <span class='ocrx_word' id='word_1_711' title='bbox 2702 4474 2756 4527; x_wconf 88' lang='grc'><strong>6.</strong></span> <span class='ocrx_word' id='word_1_712' title='bbox 2815 4473 2861 4508; x_wconf 66' lang='grc'>⁸⁸</span> <span class='ocrx_word' id='word_1_713' title='bbox 2909 4471 3052 4529; x_wconf 91' lang='lat' dir='ltr'>ibid.</span> <span class='ocrx_word' id='word_1_714' title='bbox 3108 4472 3163 4524; x_wconf 90' lang='lat'>7.</span> <span class='ocrx_word' id='word_1_715' title='bbox 3195 4472 3394 4528; x_wconf 77' lang='lat' dir='ltr'>“Luc.</span> <span class='ocrx_word' id='word_1_716' title='bbox 3426 4488 3589 4540; x_wconf 75' lang='lat' dir='ltr'>XXIII,</span> <span class='ocrx_word' id='word_1_717' title='bbox 3623 4471 3783 4524; x_wconf 67' lang='lat'>46.“</span> 
     </span>
    </p>
   </div>
   <div class='ocr_carea' id='block_1_91' title="bbox 373 4546 1876 4618">
    <p class='ocr_par' dir='ltr' id='par_1_91' title="bbox 373 4546 1876 4618">
     <span class='ocr_line' id='line_1_91' title="bbox 373 4546 1876 4618; baseline -0.002 -14"><span class='ocrx_word' id='word_1_718' title='bbox 373 4547 562 4604; x_wconf 73' lang='lat' dir='ltr'>Galat.</span> <span class='ocrx_word' id='word_1_719' title='bbox 589 4563 676 4612; x_wconf 87' lang='grc' dir='ltr'><strong>ιιι,</strong></span> <span class='ocrx_word' id='word_1_720' title='bbox 707 4548 795 4601; x_wconf 86' lang='grc'>28.</span> <span class='ocrx_word' id='word_1_721' title='bbox 829 4548 872 4585; x_wconf 72' lang='grc'><strong>⁸⁷</strong></span> <span class='ocrx_word' id='word_1_722' title='bbox 905 4546 1066 4601; x_wconf 89' lang='lat' dir='ltr'>Prov.</span> <span class='ocrx_word' id='word_1_723' title='bbox 1099 4564 1220 4614; x_wconf 86' lang='lat' dir='ltr'>vm,</span> <span class='ocrx_word' id='word_1_724' title='bbox 1241 4548 1332 4602; x_wconf 86' lang='lat'>22.</span> <span class='ocrx_word' id='word_1_725' title='bbox 1365 4547 1407 4580; x_wconf 76' lang='grc'>⁸⁷</span> <span class='ocrx_word' id='word_1_726' title='bbox 1441 4547 1650 4618; x_wconf 85' lang='lat' dir='ltr'>Ephes.</span> <span class='ocrx_word' id='word_1_727' title='bbox 1684 4563 1746 4617; x_wconf 92' lang='grc' dir='ltr'>ιι,</span> <span class='ocrx_word' id='word_1_728' title='bbox 1790 4548 1876 4601; x_wconf 87' lang='grc'><strong>10.</strong></span> 
     </span>
    </p>
   </div>
   <div class='ocr_carea' id='block_1_92' title="bbox 445 4701 2015 4780">
    <p class='ocr_par' dir='ltr' id='par_1_92' title="bbox 445 4705 2015 4780">
     <span class='ocr_line' id='line_1_92' title="bbox 445 4705 2015 4780; baseline -0.001 -17"><span class='ocrx_word' id='word_1_729' title='bbox 445 4709 556 4779; x_wconf 83' lang='grc'>(52)</span> <span class='ocrx_word' id='word_1_730' title='bbox 581 4709 678 4780; x_wconf 14' lang='grc' dir='ltr'><strong>,Βίο</strong></span> <span class='ocrx_word' id='word_1_731' title='bbox 735 4709 969 4780; x_wconf 89' lang='lat' dir='ltr'>Seguer.</span> <span class='ocrx_word' id='word_1_732' title='bbox 1007 4707 1261 4780; x_wconf 10' lang='lat' dir='ltr'>,Gobler.</span> <span class='ocrx_word' id='word_1_733' title='bbox 1322 4712 1379 4780; x_wconf 83' lang='lat' dir='ltr'>et</span> <span class='ocrx_word' id='word_1_734' title='bbox 1405 4705 1574 4780; x_wconf 63' lang='lat' dir='ltr'>_If‘elc.</span> <span class='ocrx_word' id='word_1_735' title='bbox 1625 4707 1678 4773; x_wconf 78' lang='grc'>1,</span> <span class='ocrx_word' id='word_1_736' title='bbox 1729 4712 1907 4780; x_wconf 83' lang='lat' dir='ltr'>atque</span> <span class='ocrx_word' id='word_1_737' title='bbox 1936 4705 2015 4762; x_wconf 84' lang='lat' dir='ltr'>ita</span> 
     </span>
    </p>
   </div>
   <div class='ocr_carea' id='block_1_93' title="bbox 2131 4701 3469 4780">
    <p class='ocr_par' dir='ltr' id='par_1_93' title="bbox 2131 4701 3469 4780">
     <span class='ocr_line' id='line_1_93' title="bbox 2131 4701 3469 4780; baseline 0.001 -23"><span class='ocrx_word' id='word_1_738' title='bbox 2131 4707 2463 4780; x_wconf 70' lang='grc' dir='ltr'><strong>συνήργειρε.</strong></span> <span class='ocrx_word' id='word_1_739' title='bbox 2493 4705 2632 4780; x_wconf 83' lang='lat' dir='ltr'>Mox</span> <span class='ocrx_word' id='word_1_740' title='bbox 2661 4709 2896 4780; x_wconf 63' lang='lat' dir='ltr'>Beguer.</span> <span class='ocrx_word' id='word_1_741' title='bbox 2932 4703 3184 4775; x_wconf 82' lang='lat' dir='ltr'>Anglic.,</span> <span class='ocrx_word' id='word_1_742' title='bbox 3239 4701 3329 4757; x_wconf 89' lang='grc' dir='ltr'><strong>καὶ</strong></span> <span class='ocrx_word' id='word_1_743' title='bbox 3383 4704 3469 4772; x_wconf 88' lang='grc' dir='ltr'>τό,</span> 
     </span>
    </p>
   </div>
   <div class='ocr_carea' id='block_1_94' title="bbox 374 4777 2017 4852">
    <p class='ocr_par' dir='ltr' id='par_1_94' title="bbox 374 4777 2017 4852">
     <span class='ocr_line' id='line_1_94' title="bbox 374 4777 2017 4852; baseline -0.002 -17"><span class='ocrx_word' id='word_1_744' title='bbox 374 4777 518 4852; x_wconf 77' lang='lat' dir='ltr'>legit</span> <span class='ocrx_word' id='word_1_745' title='bbox 542 4777 835 4852; x_wconf 56' lang='lat' dir='ltr'>Nannius:</span> <span class='ocrx_word' id='word_1_746' title='bbox 865 4779 1015 4835; x_wconf 81' lang='lat' dir='ltr'>Editi</span> <span class='ocrx_word' id='word_1_747' title='bbox 1049 4783 1102 4852; x_wconf 57' lang='lat' dir='ltr'>et</span> <span class='ocrx_word' id='word_1_748' title='bbox 1140 4779 1260 4847; x_wconf 77' lang='lat' dir='ltr'>alii,</span> <span class='ocrx_word' id='word_1_749' title='bbox 1394 4777 1651 4852; x_wconf 71' lang='grc' dir='ltr'><strong>ἀθᾷνατος</strong></span> <span class='ocrx_word' id='word_1_750' title='bbox 1698 4777 1834 4838; x_wconf 75' lang='grc' dir='ltr'><strong>Υἱός.</strong></span> <span class='ocrx_word' id='word_1_751' title='bbox 1892 4783 2017 4832; x_wconf 81' lang='lat' dir='ltr'>Mox</span> 
     </span>
    </p>
   </div>
   <div class='ocr_carea' id='block_1_95' title="bbox 369 4844 2011 4924">
    <p class='ocr_par' dir='ltr' id='par_1_95' title="bbox 369 4844 2011 4924">
     <span class='ocr_line' id='line_1_95' title="bbox 369 4844 2011 4924; baseline -0.002 -17"><span class='ocrx_word' id='word_1_752' title='bbox 369 4844 599 4923; x_wconf 63' lang='lat' dir='ltr'>Seguer.</span> <span class='ocrx_word' id='word_1_753' title='bbox 630 4849 878 4915; x_wconf 77' lang='grc' dir='ltr'><strong>ἐπέοανεν</strong></span> <span class='ocrx_word' id='word_1_754' title='bbox 913 4867 1015 4924; x_wconf 89' lang='lat' dir='ltr'>pro</span> <span class='ocrx_word' id='word_1_755' title='bbox 1040 4844 1256 4924; x_wconf 47' lang='lat' dir='ltr'>ipso“;</span> <span class='ocrx_word' id='word_1_756' title='bbox 1292 4850 1578 4924; x_wconf 61' lang='lat' dir='ltr'>Nannius,</span> <span class='ocrx_word' id='word_1_757' title='bbox 1608 4858 1856 4924; x_wconf 58' lang='lat' dir='ltr'>mortuus</span> <span class='ocrx_word' id='word_1_758' title='bbox 1903 4858 2011 4924; x_wconf 85' lang='lat' dir='ltr'>est.</span> 
     </span>
    </p>
   </div>
   <div class='ocr_carea' id='block_1_96' title="bbox 374 4917 2011 4995">
    <p class='ocr_par' dir='ltr' id='par_1_96' title="bbox 374 4917 2011 4995">
     <span class='ocr_line' id='line_1_96' title="bbox 374 4917 2011 4995; baseline -0.001 -17"><span class='ocrx_word' id='word_1_759' title='bbox 374 4917 596 4979; x_wconf 75' lang='lat' dir='ltr'>Ibidem</span> <span class='ocrx_word' id='word_1_760' title='bbox 656 4917 1186 4995; x_wconf 57' lang='lat' dir='ltr'>Seguer.&#39;G_oblea.</span> <span class='ocrx_word' id='word_1_761' title='bbox 1239 4920 1386 4976; x_wconf 87' lang='lat' dir='ltr'>Felc.</span> <span class='ocrx_word' id='word_1_762' title='bbox 1436 4924 1470 4995; x_wconf 75' lang='lat'><strong>2</strong></span> <span class='ocrx_word' id='word_1_763' title='bbox 1518 4928 1575 4977; x_wconf 88' lang='lat' dir='ltr'>et</span> <span class='ocrx_word' id='word_1_764' title='bbox 1603 4917 1801 4995; x_wconf 58' lang='grc' dir='ltr'>ξ),δώ</span> <span class='ocrx_word' id='word_1_765' title='bbox 1830 4923 2011 4995; x_wconf 75' lang='grc' dir='ltr'><strong>τοῦτο.</strong></span> 
     </span>
    </p>
   </div>
   <div class='ocr_carea' id='block_1_97' title="bbox 375 4991 2014 5064">
    <p class='ocr_par' dir='ltr' id='par_1_97' title="bbox 375 4991 2014 5064">
     <span class='ocr_line' id='line_1_97' title="bbox 375 4991 2014 5064; baseline -0.003 -13"><span class='ocrx_word' id='word_1_766' title='bbox 375 4996 523 5051; x_wconf 77' lang='lat' dir='ltr'>Editi</span> <span class='ocrx_word' id='word_1_767' title='bbox 555 5001 611 5050; x_wconf 88' lang='lat' dir='ltr'>et</span> <span class='ocrx_word' id='word_1_768' title='bbox 640 4991 760 5063; x_wconf 56' lang='lat' dir='ltr'>alii:</span> <span class='ocrx_word' id='word_1_769' title='bbox 795 4991 885 5048; x_wconf 76' lang='grc' dir='ltr'>διὰ</span> <span class='ocrx_word' id='word_1_770' title='bbox 913 4992 1141 5048; x_wconf 80' lang='grc' dir='ltr'><strong>τούτων.</strong></span> <span class='ocrx_word' id='word_1_771' title='bbox 1162 4994 1292 5049; x_wconf 83' lang='lat' dir='ltr'>Mox</span> <span class='ocrx_word' id='word_1_772' title='bbox 1320 4994 1568 5064; x_wconf 80' lang='lat' dir='ltr'>Anglic.,</span> <span class='ocrx_word' id='word_1_773' title='bbox 1603 4991 1834 5064; x_wconf 77' lang='grc' dir='ltr'><strong>ἐδέξατο.</strong></span> <span class='ocrx_word' id='word_1_774' title='bbox 1871 4993 2014 5064; x_wconf 82' lang='lat' dir='ltr'>Ibid.</span> 
     </span>
    </p>
   </div>
   <div class='ocr_carea' id='block_1_98' title="bbox 373 5063 2017 5138">
    <p class='ocr_par' dir='ltr' id='par_1_98' title="bbox 373 5063 2017 5138">
     <span class='ocr_line' id='line_1_98' title="bbox 373 5063 2017 5138; baseline -0.003 -16"><span class='ocrx_word' id='word_1_775' title='bbox 373 5068 610 5138; x_wconf 87' lang='lat' dir='ltr'>Seguer.</span> <span class='ocrx_word' id='word_1_776' title='bbox 647 5068 814 5123; x_wconf 86' lang='lat' dir='ltr'>Basil.</span> <span class='ocrx_word' id='word_1_777' title='bbox 867 5066 1092 5138; x_wconf 82' lang='lat' dir='ltr'>Anglic.</span> <span class='ocrx_word' id='word_1_778' title='bbox 1129 5072 1183 5119; x_wconf 88' lang='lat' dir='ltr'>et</span> <span class='ocrx_word' id='word_1_779' title='bbox 1241 5065 1389 5138; x_wconf 74' lang='lat' dir='ltr'>Felc.</span> <span class='ocrx_word' id='word_1_780' title='bbox 1419 5063 1501 5138; x_wconf 30' lang='lat'>:2,</span> <span class='ocrx_word' id='word_1_781' title='bbox 1533 5063 1893 5138; x_wconf 54' lang='lat' dir='ltr'>tovatlo&#39;o&#39;rov</span> <span class='ocrx_word' id='word_1_782' title='bbox 1925 5063 2017 5138; x_wconf 68' lang='lat' dir='ltr'>aia-</span> 
     </span>
    </p>
   </div>
   <div class='ocr_carea' id='block_1_99' title="bbox 371 5135 2015 5263">
    <p class='ocr_par' dir='ltr' id='par_1_99' title="bbox 371 5135 2015 5263">
     <span class='ocr_line' id='line_1_99' title="bbox 371 5135 2015 5263; baseline -0.002 -73"><span class='ocrx_word' id='word_1_783' title='bbox 371 5135 517 5263; x_wconf 38' lang='lat'>135‘,”</span> <span class='ocrx_word' id='word_1_784' title='bbox 551 5142 607 5194; x_wconf 87' lang='lat' dir='ltr'>et</span> <span class='ocrx_word' id='word_1_785' title='bbox 637 5138 715 5193; x_wconf 87' lang='lat' dir='ltr'>ita</span> <span class='ocrx_word' id='word_1_786' title='bbox 745 5139 885 5212; x_wconf 83' lang='lat' dir='ltr'>legit</span> <span class='ocrx_word' id='word_1_787' title='bbox 942 5135 1227 5195; x_wconf 78' lang='lat' dir='ltr'>Nannius.</span> <span class='ocrx_word' id='word_1_788' title='bbox 1280 5137 1430 5191; x_wconf 85' lang='lat' dir='ltr'>Editi</span> <span class='ocrx_word' id='word_1_789' title='bbox 1485 5143 1543 5191; x_wconf 90' lang='lat' dir='ltr'>et</span> <span class='ocrx_word' id='word_1_790' title='bbox 1573 5136 1692 5205; x_wconf 82' lang='lat' dir='ltr'>alii,</span> <span class='ocrx_word' id='word_1_791' title='bbox 1725 5135 1897 5189; x_wconf 81' lang='grc' dir='ltr'><strong>πάντα</strong></span> <span class='ocrx_word' id='word_1_792' title='bbox 1925 5135 2015 5189; x_wconf 83' lang='grc' dir='ltr'><strong>τὸν</strong></span> 
     </span>
     <span class='ocr_line' id='line_1_100' title="bbox 372 5229 630 5262; baseline -0.004 0"><span class='ocrx_word' id='word_1_793' title='bbox 372 5231 411 5262; x_wconf 88' lang='grc' dir='ltr'>π</span> <span class='ocrx_word' id='word_1_794' title='bbox 455 5229 630 5262; x_wconf 80' lang='grc' dir='ltr'><strong>ουτον.</strong></span> 
     </span>
    </p>
   </div>
   <div class='ocr_carea' id='block_1_100' title="bbox 372 5229 630 5262">
    <p class='ocr_par' dir='ltr' id='par_1_100' title="bbox 372 5229 630 5262">
     <span class='ocr_line' id='line_1_101' title="bbox 372 5229 630 5262; baseline -0.004 0"><span class='ocrx_word' id='word_1_795' title='bbox 372 5229 630 5262; x_wconf 87' lang='grc' dir='ltr'><strong>πΛουτον.</strong></span> 
     </span>
    </p>
   </div>
   <div class='ocr_carea' id='block_1_101' title="bbox 446 5278 2020 5350">
    <p class='ocr_par' dir='ltr' id='par_1_101' title="bbox 446 5278 2020 5350">
     <span class='ocr_line' id='line_1_102' title="bbox 446 5278 2020 5350; baseline -0.002 -17"><span class='ocrx_word' id='word_1_796' title='bbox 446 5284 556 5350; x_wconf 82' lang='grc'>(53)</span> <span class='ocrx_word' id='word_1_797' title='bbox 617 5285 768 5345; x_wconf 67' lang='lat' dir='ltr'>Haec,</span> <span class='ocrx_word' id='word_1_798' title='bbox 828 5279 916 5333; x_wconf 85' lang='grc' dir='ltr'><strong>καὶ</strong></span> <span class='ocrx_word' id='word_1_799' title='bbox 978 5281 1005 5332; x_wconf 87' lang='grc' dir='ltr'><strong>ὁ</strong></span> <span class='ocrx_word' id='word_1_800' title='bbox 1063 5279 1285 5337; x_wconf 79' lang='grc' dir='ltr'><strong>θάνατος</strong></span> <span class='ocrx_word' id='word_1_801' title='bbox 1338 5278 1501 5331; x_wconf 79' lang='grc' dir='ltr'><strong>αὑτοῦ</strong></span> <span class='ocrx_word' id='word_1_802' title='bbox 1555 5279 1725 5350; x_wconf 74' lang='grc' dir='ltr'><strong>ἡμῶν</strong></span> <span class='ocrx_word' id='word_1_803' title='bbox 1766 5278 2020 5330; x_wconf 83' lang='grc' dir='ltr'><strong>ἀθανασία</strong></span> 
     </span>
    </p>
   </div>
   <div class='ocr_carea' id='block_1_102' title="bbox 373 5348 2018 5423">
    <p class='ocr_par' dir='ltr' id='par_1_102' title="bbox 373 5348 2018 5423">
     <span class='ocr_line' id='line_1_103' title="bbox 373 5348 2018 5423; baseline 0 -18"><span class='ocrx_word' id='word_1_804' title='bbox 373 5350 504 5419; x_wconf 78' lang='grc' dir='ltr'><strong>ἐστί,</strong></span> <span class='ocrx_word' id='word_1_805' title='bbox 529 5348 741 5408; x_wconf 83' lang='lat' dir='ltr'>desunt</span> <span class='ocrx_word' id='word_1_806' title='bbox 774 5354 829 5406; x_wconf 90' lang='lat' dir='ltr'>in</span> <span class='ocrx_word' id='word_1_807' title='bbox 870 5352 1082 5417; x_wconf 86' lang='lat' dir='ltr'>Basil.;</span> <span class='ocrx_word' id='word_1_808' title='bbox 1121 5357 1416 5423; x_wconf 84' lang='lat' dir='ltr'>postrema</span> <span class='ocrx_word' id='word_1_809' title='bbox 1457 5369 1560 5423; x_wconf 81' lang='lat' dir='ltr'>vox</span> <span class='ocrx_word' id='word_1_810' title='bbox 1619 5348 1727 5403; x_wconf 75' lang='grc' dir='ltr'><strong>ἐστί</strong></span> <span class='ocrx_word' id='word_1_811' title='bbox 1790 5356 2018 5423; x_wconf 79' lang='lat' dir='ltr'>tantum</span> 
     </span>
    </p>
   </div>
   <div class='ocr_carea' id='block_1_103' title="bbox 371 5421 2020 5494">
    <p class='ocr_par' dir='ltr' id='par_1_103' title="bbox 371 5421 2020 5494">
     <span class='ocr_line' id='line_1_104' title="bbox 371 5421 2020 5494; baseline -0.004 -14"><span class='ocrx_word' id='word_1_812' title='bbox 371 5427 535 5481; x_wconf 84' lang='lat' dir='ltr'>deest</span> <span class='ocrx_word' id='word_1_813' title='bbox 568 5427 621 5480; x_wconf 88' lang='lat' dir='ltr'>in</span> <span class='ocrx_word' id='word_1_814' title='bbox 657 5425 894 5494; x_wconf 74' lang='lat' dir='ltr'>Segucr.</span> <span class='ocrx_word' id='word_1_815' title='bbox 960 5421 1134 5477; x_wconf 19' lang='lat' dir='ltr'>lnl‘rai</span> <span class='ocrx_word' id='word_1_816' title='bbox 1161 5423 1422 5494; x_wconf 86' lang='lat' dir='ltr'>quidam,</span> <span class='ocrx_word' id='word_1_817' title='bbox 1459 5422 1740 5482; x_wconf 76' lang='grc' dir='ltr'><strong>ἀνάστασις</strong></span> <span class='ocrx_word' id='word_1_818' title='bbox 1771 5421 1858 5474; x_wconf 81' lang='grc' dir='ltr'><strong>καὶ</strong></span> <span class='ocrx_word' id='word_1_819' title='bbox 1893 5421 2020 5473; x_wconf 85' lang='grc' dir='ltr'><strong>ἀθα-</strong></span> 
     </span>
    </p>
   </div>
   <div class='ocr_carea' id='block_1_104' title="bbox 367 5494 1243 5567">
    <p class='ocr_par' dir='ltr' id='par_1_104' title="bbox 367 5494 1243 5567">
     <span class='ocr_line' id='line_1_105' title="bbox 367 5494 1243 5567; baseline -0.001 -18"><span class='ocrx_word' id='word_1_820' title='bbox 367 5497 528 5550; x_wconf 86' lang='grc' dir='ltr'><strong>νασία</strong></span> <span class='ocrx_word' id='word_1_821' title='bbox 561 5496 694 5561; x_wconf 80' lang='grc' dir='ltr'><strong>ἐστὶ,</strong></span> <span class='ocrx_word' id='word_1_822' title='bbox 726 5495 811 5549; x_wconf 74' lang='grc' dir='ltr'><strong>καὶ</strong></span> <span class='ocrx_word' id='word_1_823' title='bbox 847 5495 909 5547; x_wconf 86' lang='grc' dir='ltr'><strong>τὸ</strong></span> <span class='ocrx_word' id='word_1_824' title='bbox 944 5494 1243 5567; x_wconf 80' lang='grc' dir='ltr'><strong>βάπτισμα.</strong></span> 
     </span>
    </p>
   </div>
   <div class='ocr_carea' id='block_1_105' title="bbox 442 5563 2018 5639">
    <p class='ocr_par' dir='ltr' id='par_1_105' title="bbox 442 5563 2018 5639">
     <span class='ocr_line' id='line_1_106' title="bbox 442 5563 2018 5639; baseline -0.002 -18"><span class='ocrx_word' id='word_1_825' title='bbox 442 5570 555 5639; x_wconf 80' lang='grc'>(54)</span> <span class='ocrx_word' id='word_1_826' title='bbox 598 5574 683 5623; x_wconf 89' lang='lat' dir='ltr'>lta</span> <span class='ocrx_word' id='word_1_827' title='bbox 713 5563 952 5638; x_wconf 46' lang='lat' dir='ltr'>Segueri</span> <span class='ocrx_word' id='word_1_828' title='bbox 981 5563 1312 5639; x_wconf 23' lang='lat' dir='ltr'>Goblertet</span> <span class='ocrx_word' id='word_1_829' title='bbox 1343 5564 1490 5639; x_wconf 84' lang='lat' dir='ltr'>Felc.</span> <span class='ocrx_word' id='word_1_830' title='bbox 1531 5566 1577 5618; x_wconf 89' lang='lat' dir='ltr'>l.</span> <span class='ocrx_word' id='word_1_831' title='bbox 1611 5565 1759 5620; x_wconf 86' lang='lat' dir='ltr'>Editi</span> <span class='ocrx_word' id='word_1_832' title='bbox 1793 5569 1851 5619; x_wconf 90' lang='lat' dir='ltr'>et</span> <span class='ocrx_word' id='word_1_833' title='bbox 1897 5563 2018 5631; x_wconf 86' lang='lat' dir='ltr'>alii,</span> 
     </span>
    </p>
   </div>
   <div class='ocr_carea' id='block_1_106' title="bbox 369 5633 1556 5712">
    <p class='ocr_par' dir='ltr' id='par_1_106' title="bbox 369 5633 1556 5712">
     <span class='ocr_line' id='line_1_107' title="bbox 369 5633 1556 5712; baseline -0.002 -21"><span class='ocrx_word' id='word_1_834' title='bbox 369 5633 509 5710; x_wconf 72' lang='grc' dir='ltr'><strong>ᾔτει.</strong></span> <span class='ocrx_word' id='word_1_835' title='bbox 539 5633 724 5695; x_wconf 72' lang='grc' dir='ltr'><strong>Ῥοιιιο</strong></span> <span class='ocrx_word' id='word_1_836' title='bbox 759 5633 890 5712; x_wconf 85' lang='lat' dir='ltr'>post</span> <span class='ocrx_word' id='word_1_837' title='bbox 912 5643 1172 5712; x_wconf 87' lang='lat' dir='ltr'>Seguor.,</span> <span class='ocrx_word' id='word_1_838' title='bbox 1207 5636 1346 5712; x_wconf 61' lang='grc' dir='ltr'><strong>ᾗπερ</strong></span> <span class='ocrx_word' id='word_1_839' title='bbox 1381 5638 1556 5712; x_wconf 66' lang='grc' dir='ltr'><strong>εἶχον.</strong></span> 
     </span>
    </p>
   </div>
   <div class='ocr_carea' id='block_1_107' title="bbox 457 5704 2020 5785">
    <p class='ocr_par' dir='ltr' id='par_1_107' title="bbox 457 5704 2020 5785">
     <span class='ocr_line' id='line_1_108' title="bbox 457 5704 2020 5785; baseline -0.004 -19"><span class='ocrx_word' id='word_1_840' title='bbox 457 5713 568 5785; x_wconf 83' lang='grc'>(55)</span> <span class='ocrx_word' id='word_1_841' title='bbox 597 5704 836 5785; x_wconf 61' lang='grc' dir='ltr'><strong>ὃθευριξ.</strong></span> <span class='ocrx_word' id='word_1_842' title='bbox 865 5704 1097 5785; x_wconf 82' lang='lat' dir='ltr'>Gobler.</span> <span class='ocrx_word' id='word_1_843' title='bbox 1129 5714 1185 5766; x_wconf 88' lang='lat' dir='ltr'>et</span> <span class='ocrx_word' id='word_1_844' title='bbox 1217 5708 1367 5785; x_wconf 81' lang='lat' dir='ltr'>Felc.</span> <span class='ocrx_word' id='word_1_845' title='bbox 1395 5704 1601 5785; x_wconf 32' lang='grc' dir='ltr'><strong>,1,’κατᾶ</strong></span> <span class='ocrx_word' id='word_1_846' title='bbox 1629 5706 1690 5761; x_wconf 81' lang='grc' dir='ltr'>τό</span> <span class='ocrx_word' id='word_1_847' title='bbox 1724 5704 2020 5785; x_wconf 69' lang='grc' dir='ltr'><strong>λεγόμενον</strong></span> 
     </span>
    </p>
   </div>
   <div class='ocr_carea' id='block_1_108' title="bbox 365 5777 2021 5858">
    <p class='ocr_par' dir='ltr' id='par_1_108' title="bbox 365 5777 2021 5858">
     <span class='ocr_line' id='line_1_109' title="bbox 365 5777 2021 5858; baseline -0.005 -19"><span class='ocrx_word' id='word_1_848' title='bbox 365 5777 702 5858; x_wconf 48' lang='grc' dir='ltr'><strong>συνῆγέιρεῘ</strong></span> <span class='ocrx_word' id='word_1_849' title='bbox 739 5781 890 5840; x_wconf 78' lang='lat' dir='ltr'>Editi</span> <span class='ocrx_word' id='word_1_850' title='bbox 951 5798 1108 5853; x_wconf 87' lang='lat' dir='ltr'>vero,</span> <span class='ocrx_word' id='word_1_851' title='bbox 1167 5779 1300 5834; x_wconf 84' lang='grc' dir='ltr'>κατά</span> <span class='ocrx_word' id='word_1_852' title='bbox 1358 5779 1418 5832; x_wconf 83' lang='grc' dir='ltr'><strong>τὸ</strong></span> <span class='ocrx_word' id='word_1_853' title='bbox 1475 5777 1872 5854; x_wconf 65' lang='grc' dir='ltr'><strong>γεγραμμένονέ</strong></span> <span class='ocrx_word' id='word_1_854' title='bbox 1933 5777 2021 5832; x_wconf 81' lang='grc' dir='ltr'><strong>καὶ</strong></span> 
     </span>
    </p>
   </div>
   <div class='ocr_carea' id='block_1_109' title="bbox 2127 4720 3781 4850">
    <p class='ocr_par' dir='ltr' id='par_1_109' title="bbox 2127 4720 3781 4850">
     <span class='ocr_line' id='line_1_110' title="bbox 2128 4720 3780 4829; baseline 0.001 -71"><span class='ocrx_word' id='word_1_855' title='bbox 2128 4720 2463 4780; x_wconf 75' lang='grc' dir='ltr'><strong>συνηργειρε.</strong></span> <span class='ocrx_word' id='word_1_856' title='bbox 2501 4720 2632 4760; x_wconf 81' lang='lat' dir='ltr'>mox</span> <span class='ocrx_word' id='word_1_857' title='bbox 2661 4720 2896 4776; x_wconf 70' lang='lat' dir='ltr'>seguer.</span> <span class='ocrx_word' id='word_1_858' title='bbox 2932 4720 3184 4775; x_wconf 59' lang='lat' dir='ltr'>angue,</span> <span class='ocrx_word' id='word_1_859' title='bbox 3239 4723 3329 4757; x_wconf 90' lang='grc' dir='ltr'>και</span> <span class='ocrx_word' id='word_1_860' title='bbox 3383 4720 3469 4772; x_wconf 83' lang='grc' dir='ltr'>το,</span> <span class='ocrx_word' id='word_1_861' title='bbox 3531 4720 3659 4829; x_wconf 63' lang='lat' dir='ltr'>quae</span> <span class='ocrx_word' id='word_1_862' title='bbox 3717 4721 3780 4761; x_wconf 84' lang='grc' dir='ltr'>ιιι</span> 
     </span>
     <span class='ocr_line' id='line_1_111' title="bbox 2127 4776 3781 4850; baseline -0.004 -16"><span class='ocrx_word' id='word_1_863' title='bbox 2127 4777 2258 4850; x_wconf 86' lang='lat' dir='ltr'>aliis</span> <span class='ocrx_word' id='word_1_864' title='bbox 2287 4784 2344 4832; x_wconf 85' lang='lat' dir='ltr'>et</span> <span class='ocrx_word' id='word_1_865' title='bbox 2365 4777 2540 4832; x_wconf 90' lang='lat' dir='ltr'>editis</span> <span class='ocrx_word' id='word_1_866' title='bbox 2556 4776 2985 4850; x_wconf 68' lang='lat' dir='ltr'>desiderantur.</span> <span class='ocrx_word' id='word_1_867' title='bbox 3002 4785 3118 4850; x_wconf 78' lang='lat' dir='ltr'>_V.-ox</span> <span class='ocrx_word' id='word_1_868' title='bbox 3143 4792 3352 4850; x_wconf 76' lang='lat' dir='ltr'>omnes</span> <span class='ocrx_word' id='word_1_869' title='bbox 3368 4792 3535 4850; x_wconf 44' lang='lat' dir='ltr'>mss”</span> <span class='ocrx_word' id='word_1_870' title='bbox 3568 4795 3781 4850; x_wconf 72' lang='grc' dir='ltr'><strong>σπερχο-</strong></span> 
     </span>
    </p>
   </div>
   <div class='ocr_carea' id='block_1_110' title="bbox 2129 4847 3778 4939">
    <p class='ocr_par' dir='ltr' id='par_1_110' title="bbox 2129 4847 3778 4939">
     <span class='ocr_line' id='line_1_112' title="bbox 2129 4847 3778 4939; baseline 0 -37"><span class='ocrx_word' id='word_1_871' title='bbox 2129 4847 2330 4939; x_wconf 44' lang='grc' dir='ltr'><strong>μὲνοΙις.</strong></span> <span class='ocrx_word' id='word_1_872' title='bbox 2362 4853 2591 4939; x_wconf 59' lang='lat' dir='ltr'>praeter.</span> <span class='ocrx_word' id='word_1_873' title='bbox 2626 4847 2774 4939; x_wconf 55' lang='lat' dir='ltr'>F&#39;elc.</span> <span class='ocrx_word' id='word_1_874' title='bbox 2808 4849 2878 4939; x_wconf 74' lang='grc'>3,⁷</span> <span class='ocrx_word' id='word_1_875' title='bbox 2916 4848 3016 4939; x_wconf 59' lang='lat' dir='ltr'>qui</span> <span class='ocrx_word' id='word_1_876' title='bbox 3049 4864 3183 4933; x_wconf 73' lang='lat' dir='ltr'>cum</span> <span class='ocrx_word' id='word_1_877' title='bbox 3216 4847 3589 4939; x_wconf 57' lang='lat' dir='ltr'>ediﬁs_hapet</span> <span class='ocrx_word' id='word_1_878' title='bbox 3616 4847 3778 4939; x_wconf 64' lang='grc' dir='ltr'><strong>ὕπερ-</strong></span> 
     </span>
    </p>
   </div>
   <div class='ocr_carea' id='block_1_111' title="bbox 2126 4916 3780 5049">
    <p class='ocr_par' dir='ltr' id='par_1_111' title="bbox 2126 4916 3780 5049">
     <span class='ocr_line' id='line_1_113' title="bbox 2126 4916 3780 5049; baseline 0.001 -75"><span class='ocrx_word' id='word_1_879' title='bbox 2126 4916 2410 5049; x_wconf 42' lang='grc' dir='ltr'><strong>ἒομένέις.</strong></span> <span class='ocrx_word' id='word_1_880' title='bbox 2446 4920 2600 4976; x_wconf 81' lang='lat' dir='ltr'>Infra</span> <span class='ocrx_word' id='word_1_881' title='bbox 2659 4919 2798 4988; x_wconf 65' lang='lat' dir='ltr'>haec,</span> <span class='ocrx_word' id='word_1_882' title='bbox 2849 4916 2910 4972; x_wconf 79' lang='grc' dir='ltr'><strong>ἐν</strong></span> <span class='ocrx_word' id='word_1_883' title='bbox 2934 4916 3180 4994; x_wconf 77' lang='grc' dir='ltr'><strong>’Χριστῷ</strong></span> <span class='ocrx_word' id='word_1_884' title='bbox 3235 4919 3438 4990; x_wconf 84' lang='grc' dir='ltr'><strong>Ἰησοῦ,</strong></span> <span class='ocrx_word' id='word_1_885' title='bbox 3472 4921 3688 4977; x_wconf 89' lang='lat' dir='ltr'>desunt</span> <span class='ocrx_word' id='word_1_886' title='bbox 3718 4916 3780 4977; x_wconf 90' lang='lat' dir='ltr'>in</span> 
     </span>
     <span class='ocr_line' id='line_1_114' title="bbox 2175 5007 2368 5048; baseline 0 0"><span class='ocrx_word' id='word_1_887' title='bbox 2175 5011 2204 5048; x_wconf 82' lang='grc' dir='ltr'>θ</span> <span class='ocrx_word' id='word_1_888' title='bbox 2232 5011 2280 5048; x_wconf 91' lang='lat' dir='ltr'>c.</span> <span class='ocrx_word' id='word_1_889' title='bbox 2315 5007 2326 5019; x_wconf 89' lang='grc'><strong>·</strong></span> <span class='ocrx_word' id='word_1_890' title='bbox 2357 5037 2368 5048; x_wconf 92' lang='grc'>.</span> 
     </span>
    </p>
   </div>
   <div class='ocr_carea' id='block_1_112' title="bbox 2203 5063 3781 5147">
    <p class='ocr_par' dir='ltr' id='par_1_112' title="bbox 2203 5063 3781 5147">
     <span class='ocr_line' id='line_1_115' title="bbox 2203 5063 3781 5147; baseline 0 -29"><span class='ocrx_word' id='word_1_891' title='bbox 2203 5065 2434 5147; x_wconf 47' lang='lat' dir='ltr'>.Ita</span> <span class='ocrx_word' id='word_1_892' title='bbox 2481 5079 2697 5147; x_wconf 43' lang='lat' dir='ltr'>omnes,</span> <span class='ocrx_word' id='word_1_893' title='bbox 2735 5064 3150 5147; x_wconf 39' lang='grc' dir='ltr'><strong>ηδε-,βιωτέον</strong></span> <span class='ocrx_word' id='word_1_894' title='bbox 3199 5063 3374 5147; x_wconf 46' lang='grc' dir='ltr'>Βηθὴλ,</span> <span class='ocrx_word' id='word_1_895' title='bbox 3412 5064 3480 5147; x_wconf 43' lang='grc'>3,.</span> <span class='ocrx_word' id='word_1_896' title='bbox 3511 5063 3609 5135; x_wconf 89' lang='lat' dir='ltr'>qui</span> <span class='ocrx_word' id='word_1_897' title='bbox 3633 5080 3781 5147; x_wconf 73' lang='lat' dir='ltr'>cum</span> 
     </span>
    </p>
   </div>
   <div class='ocr_carea' id='block_1_113' title="bbox 2129 5130 3786 5207">
    <p class='ocr_par' dir='ltr' id='par_1_113' title="bbox 2129 5130 3786 5207">
     <span class='ocr_line' id='line_1_116' title="bbox 2129 5130 3786 5207; baseline 0 -16"><span class='ocrx_word' id='word_1_898' title='bbox 2129 5130 2307 5191; x_wconf 82' lang='lat' dir='ltr'>editis</span> <span class='ocrx_word' id='word_1_899' title='bbox 2339 5135 2512 5190; x_wconf 86' lang='lat' dir='ltr'>habet</span> <span class='ocrx_word' id='word_1_900' title='bbox 2543 5130 2612 5187; x_wconf 84' lang='grc' dir='ltr'>δι’</span> <span class='ocrx_word' id='word_1_901' title='bbox 2643 5133 2826 5207; x_wconf 65' lang='grc' dir='ltr'><strong>αὑτοῦ.</strong></span> <span class='ocrx_word' id='word_1_902' title='bbox 2882 5130 3008 5189; x_wconf 76' lang='lat' dir='ltr'>Mox</span> <span class='ocrx_word' id='word_1_903' title='bbox 3052 5135 3307 5204; x_wconf 85' lang='lat' dir='ltr'>Seguer.,</span> <span class='ocrx_word' id='word_1_904' title='bbox 3336 5130 3548 5207; x_wconf 50' lang='lat' dir='ltr'>tcpév,‘</span> <span class='ocrx_word' id='word_1_905' title='bbox 3576 5141 3652 5207; x_wconf 78' lang='lat' dir='ltr'>_et</span> <span class='ocrx_word' id='word_1_906' title='bbox 3700 5135 3786 5191; x_wconf 86' lang='lat' dir='ltr'>ita</span> 
     </span>
    </p>
   </div>
   <div class='ocr_carea' id='block_1_114' title="bbox 2131 5203 3787 5278">
    <p class='ocr_par' dir='ltr' id='par_1_114' title="bbox 2131 5203 3787 5278">
     <span class='ocr_line' id='line_1_117' title="bbox 2131 5203 3787 5278; baseline 0.001 -17"><span class='ocrx_word' id='word_1_907' title='bbox 2131 5208 2270 5272; x_wconf 71' lang='lat' dir='ltr'>legit</span> <span class='ocrx_word' id='word_1_908' title='bbox 2301 5207 2604 5278; x_wconf 81' lang='lat' dir='ltr'>Nannius;</span> <span class='ocrx_word' id='word_1_909' title='bbox 2639 5206 2738 5261; x_wconf 89' lang='lat' dir='ltr'>alii</span> <span class='ocrx_word' id='word_1_910' title='bbox 2769 5221 2902 5278; x_wconf 92' lang='lat' dir='ltr'>vero</span> <span class='ocrx_word' id='word_1_911' title='bbox 2936 5222 3068 5262; x_wconf 90' lang='lat' dir='ltr'>cum</span> <span class='ocrx_word' id='word_1_912' title='bbox 3102 5203 3628 5278; x_wconf 65' lang='lat' dir='ltr'>editis,eictIPaulo</span> <span class='ocrx_word' id='word_1_913' title='bbox 3653 5212 3787 5278; x_wconf 85' lang='lat' dir='ltr'>post</span> 
     </span>
    </p>
   </div>
   <div class='ocr_carea' id='block_1_115' title="bbox 2131 5275 3787 5368">
    <p class='ocr_par' dir='ltr' id='par_1_115' title="bbox 2131 5275 3787 5368">
     <span class='ocr_line' id='line_1_118' title="bbox 2131 5275 3787 5368; baseline 0.002 -37"><span class='ocrx_word' id='word_1_914' title='bbox 2131 5279 2186 5368; x_wconf 71' lang='lat' dir='ltr'>in</span> <span class='ocrx_word' id='word_1_915' title='bbox 2210 5286 2422 5368; x_wconf 54' lang='lat' dir='ltr'>‘Segpe.</span> <span class='ocrx_word' id='word_1_916' title='bbox 2457 5275 2547 5368; x_wconf 68' lang='grc' dir='ltr'>κμί</span> <span class='ocrx_word' id='word_1_917' title='bbox 2577 5284 2719 5368; x_wconf 48' lang='lat' dir='ltr'>ppst&#39;</span> <span class='ocrx_word' id='word_1_918' title='bbox 2754 5277 2930 5368; x_wconf 65' lang='grc' dir='ltr'><strong>χαρώς</strong></span> <span class='ocrx_word' id='word_1_919' title='bbox 2982 5279 3165 5363; x_wconf 76' lang='lat' dir='ltr'>deest.</span> <span class='ocrx_word' id='word_1_920' title='bbox 3188 5353 3202 5368; x_wconf 53' lang='lat'><strong><em>‘</em></strong></span> <span class='ocrx_word' id='word_1_921' title='bbox 3229 5279 3350 5368; x_wconf 64' lang='lat' dir='ltr'>Ibid</span> <span class='ocrx_word' id='word_1_922' title='bbox 3371 5354 3402 5368; x_wconf 48' lang='lat' dir='ltr'>ﬁ</span> <span class='ocrx_word' id='word_1_923' title='bbox 3431 5275 3669 5368; x_wconf 48' lang='lat' dir='ltr'>Gobler‘l</span> <span class='ocrx_word' id='word_1_924' title='bbox 3701 5287 3787 5368; x_wconf 47' lang='lat' dir='ltr'>let</span> 
     </span>
    </p>
   </div>
   <div class='ocr_carea' id='block_1_116' title="bbox 2135 5345 3780 5425">
    <p class='ocr_par' dir='ltr' id='par_1_116' title="bbox 2135 5345 3780 5425">
     <span class='ocr_line' id='line_1_119' title="bbox 2135 5345 3780 5425; baseline 0.001 -20"><span class='ocrx_word' id='word_1_925' title='bbox 2135 5345 2308 5425; x_wconf 58' lang='lat' dir='ltr'>l~‘elc.:</span> <span class='ocrx_word' id='word_1_926' title='bbox 2331 5353 2379 5419; x_wconf 82' lang='lat'>1,</span> <span class='ocrx_word' id='word_1_927' title='bbox 2411 5348 2556 5425; x_wconf 49' lang='lat' dir='ltr'>adit</span> <span class='ocrx_word' id='word_1_928' title='bbox 2579 5345 2928 5425; x_wconf 63' lang='grc' dir='ltr'><strong>ᾊπόστολυς</strong></span> <span class='ocrx_word' id='word_1_929' title='bbox 2957 5347 3342 5425; x_wconf 44' lang='grc' dir='ltr'><strong>γράφηέιιζιιι</strong></span> <span class='ocrx_word' id='word_1_930' title='bbox 3370 5351 3780 5422; x_wconf 86' lang='lat' dir='ltr'>Seguer.Gobl.</span> 
     </span>
    </p>
   </div>
   <div class='ocr_carea' id='block_1_117' title="bbox 2131 5416 3388 5493">
    <p class='ocr_par' dir='ltr' id='par_1_117' title="bbox 2131 5416 3388 5493">
     <span class='ocr_line' id='line_1_120' title="bbox 2131 5416 3388 5493; baseline -0.002 -15"><span class='ocrx_word' id='word_1_931' title='bbox 2131 5429 2188 5478; x_wconf 84' lang='lat' dir='ltr'>et</span> <span class='ocrx_word' id='word_1_932' title='bbox 2217 5416 2372 5476; x_wconf 42' lang='lat' dir='ltr'>Fech</span> <span class='ocrx_word' id='word_1_933' title='bbox 2400 5423 2449 5490; x_wconf 91' lang='grc'>1,</span> <span class='ocrx_word' id='word_1_934' title='bbox 2484 5423 2559 5481; x_wconf 75' lang='grc' dir='ltr'>εἷς</span> <span class='ocrx_word' id='word_1_935' title='bbox 2592 5419 2726 5474; x_wconf 82' lang='grc' dir='ltr'><strong>ἐστε·</strong></span> <span class='ocrx_word' id='word_1_936' title='bbox 2763 5421 2903 5476; x_wconf 84' lang='lat' dir='ltr'>editi</span> <span class='ocrx_word' id='word_1_937' title='bbox 2937 5416 3140 5493; x_wconf 45' lang='lat' dir='ltr'>ct&#39;alii,</span> <span class='ocrx_word' id='word_1_938' title='bbox 3168 5416 3219 5473; x_wconf 71' lang='grc' dir='ltr'><strong>ἕν</strong></span> <span class='ocrx_word' id='word_1_939' title='bbox 3255 5419 3388 5475; x_wconf 84' lang='grc' dir='ltr'><strong>ἐστε.</strong></span> 
     </span>
    </p>
   </div>
   <div class='ocr_carea' id='block_1_118' title="bbox 2201 5491 3783 5567">
    <p class='ocr_par' dir='ltr' id='par_1_118' title="bbox 2201 5491 3783 5567">
     <span class='ocr_line' id='line_1_121' title="bbox 2201 5491 3783 5567; baseline 0.001 -20"><span class='ocrx_word' id='word_1_940' title='bbox 2201 5494 2688 5567; x_wconf 28' lang='grc' dir='ltr'><strong>(57)]ιαλὸοευοι.</strong></span> <span class='ocrx_word' id='word_1_941' title='bbox 2723 5493 2948 5567; x_wconf 81' lang='lat' dir='ltr'>Anglic.</span> <span class='ocrx_word' id='word_1_942' title='bbox 2981 5491 3207 5549; x_wconf 82' lang='lat' dir='ltr'>Gobler.</span> <span class='ocrx_word' id='word_1_943' title='bbox 3243 5498 3299 5550; x_wconf 89' lang='lat' dir='ltr'>et</span> <span class='ocrx_word' id='word_1_944' title='bbox 3331 5491 3481 5549; x_wconf 87' lang='lat' dir='ltr'>Felc.</span> <span class='ocrx_word' id='word_1_945' title='bbox 3520 5494 3570 5548; x_wconf 91' lang='grc'>1.</span> <span class='ocrx_word' id='word_1_946' title='bbox 3627 5493 3783 5549; x_wconf 84' lang='lat' dir='ltr'>Editi</span> 
     </span>
    </p>
   </div>
   <div class='ocr_carea' id='block_1_119' title="bbox 2130 5561 2565 5634">
    <p class='ocr_par' dir='ltr' id='par_1_119' title="bbox 2130 5561 2565 5634">
     <span class='ocr_line' id='line_1_122' title="bbox 2130 5561 2565 5634; baseline -0.002 -15"><span class='ocrx_word' id='word_1_947' title='bbox 2130 5561 2283 5628; x_wconf 74' lang='lat' dir='ltr'>vero,</span> <span class='ocrx_word' id='word_1_948' title='bbox 2297 5561 2304 5565; x_wconf 51' lang='grc'><em>’</em></span> <span class='ocrx_word' id='word_1_949' title='bbox 2317 5561 2370 5617; x_wconf 78' lang='grc' dir='ltr'>έν</span> <span class='ocrx_word' id='word_1_950' title='bbox 2401 5561 2565 5634; x_wconf 67' lang='grc' dir='ltr'><strong>αὐτῷ.</strong></span> 
     </span>
    </p>
   </div>
   <div class='ocr_carea' id='block_1_120' title="bbox 2205 5635 3778 5720">
    <p class='ocr_par' dir='ltr' id='par_1_120' title="bbox 2205 5635 3778 5720">
     <span class='ocr_line' id='line_1_123' title="bbox 2205 5635 3778 5720; baseline 0.001 -29"><span class='ocrx_word' id='word_1_951' title='bbox 2205 5636 2316 5708; x_wconf 88' lang='grc'>(58)</span> <span class='ocrx_word' id='word_1_952' title='bbox 2337 5635 2704 5720; x_wconf 34' lang='grc' dir='ltr'><strong>-Ιιοεοριιθιιδὶιιιί</strong></span> <span class='ocrx_word' id='word_1_953' title='bbox 2739 5652 2887 5720; x_wconf 54' lang='lat' dir='ltr'>mss.</span> <span class='ocrx_word' id='word_1_954' title='bbox 2926 5641 2987 5720; x_wconf 70' lang='lat' dir='ltr'>et</span> <span class='ocrx_word' id='word_1_955' title='bbox 3011 5635 3340 5720; x_wconf 58' lang='lat' dir='ltr'>Scripturie</span> <span class='ocrx_word' id='word_1_956' title='bbox 3381 5640 3593 5693; x_wconf 85' lang='lat' dir='ltr'>textus.</span> <span class='ocrx_word' id='word_1_957' title='bbox 3622 5637 3778 5694; x_wconf 89' lang='lat' dir='ltr'>Editi</span> 
     </span>
    </p>
   </div>
   <div class='ocr_carea' id='block_1_121' title="bbox 2132 5705 3386 5782">
    <p class='ocr_par' dir='ltr' id='par_1_121' title="bbox 2132 5705 3386 5782">
     <span class='ocr_line' id='line_1_124' title="bbox 2132 5705 3386 5782; baseline 0.002 -21"><span class='ocrx_word' id='word_1_958' title='bbox 2132 5705 2265 5767; x_wconf 77' lang='lat' dir='ltr'>vero</span> <span class='ocrx_word' id='word_1_959' title='bbox 2297 5705 2355 5765; x_wconf 71' lang='lat' dir='ltr'>et</span> <span class='ocrx_word' id='word_1_960' title='bbox 2382 5705 2502 5766; x_wconf 86' lang='lat' dir='ltr'>alii.</span> <span class='ocrx_word' id='word_1_961' title='bbox 2529 5705 2620 5764; x_wconf 65' lang='lat' dir='ltr'>&#39;tva</span> <span class='ocrx_word' id='word_1_962' title='bbox 2644 5710 2862 5782; x_wconf 78' lang='grc' dir='ltr'><strong>γνωσθῇ</strong></span> <span class='ocrx_word' id='word_1_963' title='bbox 2896 5709 2984 5762; x_wconf 89' lang='grc' dir='ltr'>νῦν</span> <span class='ocrx_word' id='word_1_964' title='bbox 3019 5705 3386 5782; x_wconf 66' lang='grc' dir='ltr'><strong>ναῖςάρχαῖς.</strong></span> 
     </span>
    </p>
   </div>
  </div>
