4074 6358
226 424 346 484 99⁵7

1112 416 1214 477 DE
1259 416 1846 478 INCARNATIONE
1892 419 1989 479 ET
2033 415 2344 478 CONTRA
2386 418 2752 480 ARIANOS.

3527 421 3646 484 998

230 557 320 610 καί
378 554 429 606 ἐν
493 552 813 623 ὁμοιώματι
867 549 1151 626 ἀνθρώπου
1205 550 1465 626 γεγονὼς,
1498 544 1693 604 ἔδωκεν
1754 551 1915 622 ἡμῖν’

2015 528 2398 608 m‘ilitudinem
2429 551 2920 622 hominisi'actus,
2954 555 3115 610 dedit
3163 555 3332 611 nobis
3381 573 3447 610 ex
3505 557 3642 612 sub-

233 642 293 698 ἐκ
320 649 420 712 τῆς
466 640 650 702 οὐσίας
701 643 798 695 τοῦ
858 639 1087 714 Πατρὸς,
1122 637 1376 716 ἀπαρχὴν
1431 637 1582 712 ἁγίου
1640 638 1886 710 Πνεῦμα-

231 753 343 794 τος·
373 729 466 786 τίνα
511 729 795 806 γενώμεθα
853 729 903 784 οἱ
948 728 1142 792 πάντες
1195 728 1273 792 εἷς
1323 727 1473 791 υἱοὺς
1507 732 1640 783 Θεοῦ
1673 730 1804 802 (74),
1833 725 1884 782 ἐν

235 821 549 897 ὁμοιώματι
581 823 676 875 τοῦ
706 819 834 873 Υἱοῦ
864 822 959 873 τοῦ
1001 823 1157 874 Θεοῦ.
1193 819 1365 880 Αὐτος
1413 816 1504 873 οῦν
1556 819 1583 872 ὁ
1629 817 1889 888 ἀληθινὸς

233 910 323 967 καὶ
381 909 535 987 φύσει
587 909 712 971 Υἱὸς
769 913 864 963 τοῦ
917 913 1050 964 Θεοῦ
1098 909 1225 972 τοὺς
1275 907 1476 970 πάντας
1506 910 1653 981 ἡμᾶς
1710 911 1887 986 φορεῖ,

230 1000 324 1056 τίνα
355 1001 406 1055 o't
446 998 641 1062 πάντες
669 999 760 1054 τὸν
788 994 881 1053 ἕνα
911 997 1226 1077 φορέσωμεν
1260 998 1412 1055 Θεόν.

308 1093 361 1146 9.
398 1083 615 1150 Ἀσεϐὲς
665 1085 755 1143 οῦν
815 1085 927 1143 ἐστι
975 1088 1189 1142 κτιστὸν
1240 1087 1275 1156 ἢ
1325 1087 1554 1156 ποιητὸν
1612 1083 1786 1159 Αέγειν
1825 1085 1889 1139 τὸ

240 1183 464 1252 Πνεῦμα
488 1182 585 1232 τοῦ
618 1181 772 1231 Θεοῦ·
826 1177 988 1232 ὁπότε
1017 1181 1161 1232 πᾶσα
1206 1178 1391 1253 Γραφὴ
1438 1175 1649 1230 Παλαιά
1696 1196 1754 1228 τε
1799 1172 1889 1228 καὶ

240 1270 410 1336 Καινὴ
444 1269 578 1341 (75),
615 1266 750 1340 μετᾶ
794 1266 1000 1342 [ἰατρὸς
1057 1265 1146 1320 καὶ
1203 1265 1329 1319 Υἱοῦ
1387 1265 1518 1319 αὐτὸ
1574 1267 1892 1338 συναριθμεῖ

239 1359 328 1413 καὶ
373 1355 600 1430 δοξάζει’
635 1354 773 1410 διότι
816 1359 918 1420 τῆς
961 1356 1131 1424 αὐτῆς
1178 1358 1290 1428 (76)
1329 1353 1583 1425 θεότητός
1637 1352 1770 1423 ἐστι,
1801 1352 1889 1406 καὶ

236 1451 337 1513 τῆς
396 1446 561 1515 αὐτῆς
620 1444 879 1515 ἐξουσίας·
913 1445 1092 1507 καθὼς
1146 1442 1306 1506 αὐτὸς
1366 1445 1393 1496 6
1452 1441 1649 1516 Κύριος
1709 1440 1885 1516 λέγει·

241 1537 302 1594 Ὀ
327 1535 595 1591 πιστεύων
658 1533 734 1596 εἷς
797 1532 916 1606 ἐμὲ,
975 1532 1216 1607 ποταμοὶ
1271 1532 1329 1587 ἐκ
1373 1539 1475 1602 τῆς
1522 1530 1736 1592 κοιλίας
1792 1532 1888 1586 αῦ-

238 1624 335 1682 τοῦ
395 1624 673 1700 ῥεύσουσιν
736 1620 931 1684 ὕδατος
989 1627 1204 1692 ζῶντος.
1243 1624 1419 1678 Τοῦτο
1478 1619 1535 1676 δὲ
1593 1621 1708 1676 εἶπε
1768 1619 1890 1695 περί

239 1718 336 1770 τοῦ
399 1712 733 1787 Πνεῦματος,
793 1711 856 1766 οὗ
913 1705 1150 1786 ἔμελλον
1207 1707 1504 1786 λαμϐάνειν
1566 1711 1616 1765 οἱ
1673 1708 1889 1765 πιστεῦ-

240 1825 390 1866 οντες
425 1804 502 1867 εἰς
532 1801 715 1858 αὐτόν·
749 1801 822 1862 ὡς
872 1800 961 1856 καὶ
1017 1799 1068 1855 ἐν
1118 1805 1198 1873 τῷ
1256 1799 1423 1870 Ἰωὴλ
1481 1800 1540 1856 ἐκ
1594 1799 1891 1872 προσώπου

235 1897 335 1948 τοῦ
361 1892 573 1964 Πατρὸς
625 1890 794 1967 λέγει·
830 1891 1042 1965 Ἐκχεῶ
1099 1889 1205 1945 ἀπὸ
1255 1894 1353 1944 τοῦ
1413 1887 1726 1962 Πνεῦματός
1786 1909 1890 1960 μου
1924 1931 1972 1994 Β

240 1982 327 2036 ἐπὶ
413 1987 588 2036 πᾶσαν
669 1981 869 2056 σάρκα,
940 1978 1030 2033 καὶ
1111 1977 1576 2054 προφητεύσουσιν
1659 1978 1708 2032 οἱ
1784 1977 1891 2031 υἱοὶ

248 2072 401 2144 ὑμῶν
461 2068 549 2124 καὶ
609 2070 662 2122 αἱ
723 2068 1011 2143 θυγατέρες
1059 2067 1235 2140 ὑμῶν.
1269 2067 1371 2123 Καὶ
1431 2064 1520 2121 διὰ
1574 2067 1734 2121 τοῦτο
1784 2067 1898 2138 (77)

246 2159 460 2237 ἐμφυσᾷ
491 2158 620 2213 αὐτὸ
652 2157 728 2220 εἷς
759 2159 822 2212 τὸ
853 2158 1147 2231 πρόσωπον
1178 2161 1286 2211 τῶν
1320 2157 1640 2211 ἀποστόλων
1699 2153 1895 2230 λέγων·

252 2243 454 2303 Λάϐετε
503 2251 724 2320 Πνεῦμα
780 2247 929 2322 ἅγιον
968 2267 980 2280 ’
1034 2245 1127 2300 τίνα
1183 2246 1479 2319 μῦθωμεν,
1541 2243 1624 2300 ὅτι
1691 2243 1750 2299 ἐκ
1803 2246 1898 2298 τοῦ

250 2335 630 2413 πληρώματος
685 2341 784 2405 τῆς
837 2333 1092 2406 θεότητός
1121 2333 1231 2390 ἐστι
1262 2334 1324 2388 τὸ
1355 2331 1640 2406 διδόμενον
1680 2337 1901 2405 Ηνεῦμα

249 2431 365 2487 τοῖς
425 2429 715 2499 μαθηταῖς.
777 2425 862 2481 Ἐν
947 2424 1162 2498 Χρισνῷ
1240 2423 1363 2498 γὰρ,
1427 2423 1580 2500 φησὶ,
1635 2426 1896 2489 κατοικεῖ,

249 2512 523 2569 τουτέστιν
553 2512 604 2568 ἐν
636 2517 705 2586 τῇ
757 2511 912 2587 σαρκὶ
974 2512 1158 2583 αὐτοῦ,
1189 2517 1291 2566 πᾶν
1347 2513 1408 2566 τὸ
1457 2509 1742 2587 πλήρωμα
1797 2516 1898 2579 τῆς

248 2603 502 2673 θεότητος
551 2605 663 2676 (78)
711 2606 1039 2676 σωματικῶς
1071 2621 1083 2633 ·
1131 2601 1311 2666 καθὼς
1373 2600 1462 2656 καὶ
1511 2602 1539 2655 6
1595 2601 1900 2670 Βαπτιστής

251 2692 506 2764 Ἰωάννης
559 2689 724 2767 λέγει·
757 2693 948 2764 Ἡμεῖς
1007 2688 1202 2753 πάντες
1252 2689 1311 2745 ἐκ
1363 2694 1461 2745 τοῦ
1519 2687 1896 2764 πληρώματος

249 2781 413 2835 αὐτοῦ
483 2774 782 2852 ἐλάϐομεν.
841 2784 1154 2853 Σωματικῷ
1222 2780 1326 2855 γὰρ
1405 2776 1572 2851 εἴδει,
1622 2779 1896 2834 τουτέστιν

252 2869 325 2931 ὡς
350 2869 658 2945 περιστερὰ,
694 2864 850 2944 ὤφθη
883 2868 946 2922 τὸ
993 2872 1212 2941 Πνεῦμα
1255 2868 1318 2922 τὸ
1364 2869 1542 2942 ἅγιον,
1573 2863 1896 2922 καταϐαῖνον

249 2959 339 3013 καὶ
392 2960 548 3032 μένον
597 2958 680 3013 ἐπ’
725 2959 908 3014 αὐτόν.
943 2959 1028 3014 Ἐν
1078 2959 1212 3030 ἡμῖν
1264 2957 1357 3030 μὲν
1390 2957 1493 3033 γὰρ
1526 2958 1640 3030 (79)
1672 2957 1897 3032 ἀπαρχὴ

250 3047 341 3102 καὶ
370 3041 619 3124 ἀρραϐὼν
655 3045 910 3115 θεότητος
942 3051 1202 3118 κατοικεῖ,
1235 3045 1286 3100 ἐν
1320 3049 1538 3119 Χριστῷ
1591 3042 1649 3100 δὲ
1691 3051 1793 3101 πᾶν
1839 3046 1900 3101 τὸ

252 3135 538 3209 πλήρωμα
565 3142 664 3206 τῆς
713 3134 990 3205 θεότητος.
1017 3134 1114 3189 Καὶ
1167 3135 1241 3208 μή
1290 3155 1373 3196 τις
1415 3133 1635 3208 νομίσῃ,
1686 3133 1770 3189 ὅτι
1821 3137 1896 3208 μὴ

254 3224 398 3300 ἔχων
428 3224 555 3280 αὐτὸ
586 3220 910 3297 ἐλάμϐανεν
943 3225 1106 3286 αὐτὸς
1138 3225 1242 3300 γὰρ
1292 3224 1425 3278 αὐτὸ
1470 3220 1671 3287 ἄνωθεν
1730 3218 1896 3297 ἔπεμ-

1997 640 2217 695 stantia
2237 640 2427 696 Patris
2469 641 2759 712 primitias
2781 643 3032 714 Spiritus
3056 645 3267 713 sancti,
3301 650 3368 699 ut
3420 646 3644 702 efﬁcia-

1999 745 2132 783 mur
2161 745 2366 784 omnes
2399 728 2500 786 Dei
2537 729 2661 796 ﬁlii,
2699 730 2758 786 in
2790 731 3188 789 similitudine
3219 733 3350 788 Filii
3407 733 3529 791 Dei.
3593 735 3646 789 Is

1996 817 2192 888 itaque
2243 834 2434 886 verus,
2487 823 2542 874 et
2574 824 2784 876 natura
2842 820 3023 877 Filius
3092 823 3186 877 Dei
3260 840 3464 882 omnes
3537 841 3644 881 nos

1998 910 2205 979 gestat,
2242 911 2305 962 ut
2334 924 2538 964 omnes
2571 926 2755 964 unum
2789 910 3042 967 feramus
3075 916 3272 968 Deum.

2069 1085 2606 1158 9.1mpiumigitur
2636 1092 2726 1143 est
2773 1094 3059 1158 creatum,
3117 1095 3221 1146 aut
3277 1089 3497 1147 factum
3555 1091 3647 1147 di-

1999 1189 2128 1230 cere
2157 1174 2440 1245 Spiritum
2475 1176 2596 1243 Dci,
2635 1177 2731 1231 ubi
2765 1179 2958 1233 omnis
2995 1179 3298 1250 Scriptura
3347 1183 3529 1236 Vetus
3589 1185 3646 1236 et

2002 1281 2317 1333 nova,cum
2352 1269 2519 1320 Patre
2551 1269 2607 1318 et
2638 1265 2781 1320 Filio
2810 1267 3002 1337 ipsum
3034 1274 3384 1324 annumerat
3413 1274 3469 1324 et
3515 1270 3641 1342 glo-

1999 1353 2208 1424 riﬁcat,
2241 1354 2378 1425 quia
2409 1355 2671 1425 ejusdem
2707 1361 2795 1410 est
2828 1355 3086 1424 deitatis,
3111 1358 3493 1430 ejusdemque
3541 1376 3648 1430 po-

2000 1443 2193 1497 tentias
2223 1459 2290 1498 ac
2347 1443 2691 1499 substantiae
2744 1449 2806 1498 ut
2852 1445 2977 1517 ipse
3019 1446 3303 1502 Dominus
3336 1447 3510 1506 dicit:
3543 1450 3646 1517 Qui

1998 1531 2177 1588 credit
2228 1533 2284 1586 in
2316 1548 2425 1602 me,
2484 1533 2722 1602 ﬂumina
2755 1533 2819 1588 de
2868 1539 3052 1589 ventre
3096 1536 3211 1606 ejus
3261 1536 3433 1604 ﬂuent
3487 1553 3650 1610 aquae

2002 1623 2158 1678 viva}.
2197 1625 2509 1677 Hocautem
2552 1621 2698 1677 dixit
2762 1624 2904 1677 701
2961 1623 3026 1678 de
3079 1625 3296 1694 Spiritu
3346 1640 3503 1695 quem
3557 1642 3648 1682 ac-

1999 1711 2218 1782 cepturi
2235 1719 2394 1766 erant
2426 1711 2706 1767 credentes
2737 1713 2794 1766 in
2827 1729 2950 1768 eum
2981 1713 3024 1746 ⁷⁸
3049 1733 3070 1777 ,-
3099 1717 3156 1768 et
3183 1716 3249 1768 ut
3278 1713 3337 1768 in
3368 1713 3530 1771 Joele
3579 1731 3648 1772 ex

2003 1816 2254 1872 persona
2271 1799 2460 1855 Patris
2508 1799 2589 1855 ait
2623 1817 2635 1855 :
2695 1801 2992 1872 Eﬂundam
3046 1802 3112 1858 de
3154 1802 3366 1872 Spiritu
3394 1819 3514 1860 meo
3552 1820 3648 1861 su-

1999 1904 2097 1960 per
2122 1904 2337 1945 omnem
2370 1904 2600 1955 carnem,
2663 1898 2714 1944 et
2769 1891 3167 1962 prophetabunt
3193 1891 3302 1961 ﬁlii
3350 1895 3544 1960 vestri,
3595 1902 3650 1950 et

2004 1979 2135 2050 ﬁliae
2168 1981 2361 2033 vestrae
2391 1980 2457 2032 79.
2491 1979 2561 2034 Et
2595 1984 2898 2050 propterea
2955 1979 3278 2035 insutﬂavit
3336 1982 3531 2052 ipsum
3585 1982 3644 2038 in

2008 2065 2212 2121 faciem
2244 2067 2639 2138 apostolorum
2676 2067 2877 2122 dicens
2903 2085 2915 2122 :
2949 2069 3185 2139 Accipite
3213 2069 3484 2141 Spiritum
3509 2087 3646 2126 san-

2005 2161 2154 2210 ctum
2203 2156 2264 2208 δοε
2294 2160 2356 2209 υι
2386 2157 2674 2222 dicamus,
2706 2157 2986 2227 Spiritum
3020 2157 3120 2229 qui
3173 2158 3482 2230 discipulis
3539 2162 3644 2217 da-

2005 2247 2122 2310 tur,
2157 2259 2224 2298 ex
2263 2244 2623 2315 plenitudine
2645 2244 2877 2300 deitatis
2909 2261 3063 2302 esse.
3098 2249 3162 2302 In
3203 2247 3416 2303 Christo
3473 2251 3648 2319 enim,

2009 2332 2218 2402 inquit,
2271 2332 2568 2400 inhabitat,
2622 2333 2729 2388 boc
2778 2339 2866 2389 est
2918 2334 2974 2388 in
3035 2352 3208 2392 carne
3257 2338 3403 2407 ejus,
3471 2341 3651 2394 omnis

2004 2421 2285 2493 plenitudo
2337 2424 2644 2478 divinitatis
2690 2424 3048 2493 corporaliter
3067 2424 3155 2492 ⁸¹;
3217 2430 3280 2480 ut
3336 2427 3472 2482 item
3569 2427 3652 2483 ait

2005 2511 2262 2566 Joannes
2320 2511 2576 2582 Baptista
2625 2528 2638 2566 :
2694 2513 2797 2567 Nos
2822 2528 3009 2568 omnes
3039 2513 3103 2568 de
3123 2514 3476 2584 plenitudine
3532 2519 3651 2586 eius

2008 2601 2320 2671 accepimus
2348 2601 2414 2635 ⁸³·
2450 2600 2742 2672 Corporali
2770 2601 2926 2656 enim
2958 2603 3170 2672 specie,
3197 2603 3301 2659 hoc
3340 2610 3449 2676 est,
3484 2605 3651 2678 quasi

2009 2688 2299 2753 columba,
2351 2688 2509 2743 visus
2551 2693 2641 2743 est
2673 2687 2925 2758 Spiritus
2978 2695 3219 2746 sanctus
3275 2691 3650 2763 descendere,

2007 2783 2064 2834 et
2095 2793 2329 2832 manere
2359 2793 2530 2850 super
2564 2793 2718 2833 eum.
2757 2783 2818 2831 1n
2845 2778 3010 2833 nobis
3043 2779 3258 2850 quippe
3290 2779 3556 2851 primitiae
3595 2785 3654 2837 et

2009 2868 2181 2922 arrha
2211 2866 2448 2922 deitatis
2475 2866 2827 2932 inhabitant,
2862 2867 2919 2920 in
2946 2866 3175 2922 Christo
3206 2873 3400 2924 autem
3459 2869 3654 2926 omnis

2010 2956 2310 3028 plenitudo
2343 2954 2686 3011 divinitatis.
2721 2960 2785 3010 Et
2818 2971 2888 3010 ne
2922 2957 3053 3026 quis
3086 2956 3323 3027 putarit,
3356 2975 3490 3014 eum
3514 2975 3651 3015 cum

2010 3045 2173 3117 prius
2205 3061 2320 3100 non
2352 3044 2611 3116 haberet,
2644 3044 2840 3116 ipsum
2872 3044 3331 3116 accepisse;eum
3356 3045 3453 3102 ille
3476 3047 3649 3104 desu-

2009 3151 2111 3206 per
2141 3133 2430 3204 mittebat,
2466 3136 2666 3205 utpote
2696 3137 2868 3203 Deus,
2902 3137 2959 3189 et
2988 3134 3114 3205 ipse
3155 3133 3306 3190 infra
3335 3133 3508 3191 illum
3557 3151 3624 3192 ac

2009 3223 2280 3295 cipiebat,
2316 3227 2378 3278 ut
2399 3222 2592 3278 homo.
2622 3223 2702 3277 Ex
2733 3223 2859 3295 ipso
2891 3222 3070 3293 igitur
3099 3223 3160 3278 in
3189 3224 3383 3296 ipsum
3411 3225 3650 3282 descen-

254 3336 372 3382 πεν,
405 3315 481 3377 ὡς
538 3315 706 3377 Θεός’
739 3315 829 3369 καὶ
876 3313 1034 3376 αὐτὸς
1085 3313 1214 3370 αὐτὸ
1265 3315 1412 3368 κάτω
1463 3310 1777 3389 ὑπεδέχετο,
1826 3314 1900 3376 ὡς

2015 3313 2115 3380 dit,
2138 3313 2419 3368 nimirum
2449 3329 2518 3368 ex
2547 3311 2851 3368 divinitate
2881 3312 3011 3383 ejus
3041 3315 3099 3368 in
3131 3313 3260 3384 ejus
3320 3313 3654 3371 humanita-

255 3403 561 3480 ἄνθρωπος.
599 3405 682 3476 Ἐξ
740 3402 904 3458 αὐτοῦ
955 3401 1047 3458 οῦν
1107 3403 1182 3465 εἷς
1236 3403 1394 3458 αὐτὸν
1442 3401 1652 3476 κατῄει,
1687 3403 1746 3457 ἑκ
1799 3410 1900 3473 τῆς

255 3492 518 3562 θεότητος
567 3490 730 3546 αὐτοῦ
768 3493 843 3554 εἷς
893 3494 992 3562 τὴν
1038 3491 1436 3566 ἀνθρωπότητα
1478 3490 1661 3549 αὐτοῦ.
1714 3493 1816 3548 Καὶ
1869 3492 1898 3546 6

258 3581 353 3655 μὶν
387 3579 604 3644 Ἠσαίας
662 3581 722 3635 ἐκ
780 3579 1077 3652 προσώπου
1127 3585 1224 3636 τοῦ
1283 3581 1492 3657 Πατρὸς
1552 3581 1654 3656 βοᾷ
1701 3579 1895 3656 λέγων·

255 3668 413 3728 Οὕτω
486 3669 630 3745 λέγει
700 3670 902 3746 Κύριος
960 3673 1074 3743 (80)
1129 3670 1159 3727 6
1217 3670 1348 3734 Θεός
1402 3690 1519 3741 σου,
1579 3671 1607 3724 ὁ
1665 3671 1898 3740 ποιήσας

254 3780 312 3814 σε
353 3759 440 3813 καὶ
500 3757 709 3819 πλάσας
759 3778 818 3812 σε
872 3757 932 3812 ἐκ
988 3756 1241 3820 κοιλίας·
1305 3760 1392 3827 Μὴ
1452 3755 1646 3835 φοϐοῦ,
1688 3759 1716 3812 6
1772 3763 1900 3821 παῖς

258 3869 363 3922 μου
424 3842 642 3920 Ἰακὼϐ,
699 3848 789 3902 καὶ
861 3849 888 3901 ὁ
965 3847 1324 3922 ήγαπημένος
1400 3845 1644 3923 Ἰσραὴλ,
1693 3847 1751 3902 ’ὸν
1821 3847 1900 3921 ἐξ·

254 3934 546 4009 ελεξάμην·
582 3936 664 3989 ὁτι
697 3934 802 4011 ἐγὼ
835 3931 995 3988 δώσω
1033 3933 1177 4009 ὕδωρ
1211 3933 1260 3988 ἐν
1297 3933 1436 4008 δίψει
1493 3942 1608 3998 τοῖς
1669 3957 1899 4013 πορευο-

260 4023 466 4097 μένοῖις
495 4022 544 4078 ἐν
601 4021 860 4098 ἀνύδρῳ⁶
925 4021 1168 4094 ἐπιθήσω
1233 4023 1294 4078 τὸ
1345 4026 1565 4097 Πνεῦμά
1643 4047 1748 4098 μου
1813 4025 1901 4082 ἐπὶ

253 4113 316 4168 τὸ
365 4113 580 4186 σπέρμα
637 4132 756 4179 σου,
803 4111 892 4166 καὶ
947 4112 1044 4175 τὰς
1101 4111 1349 4188 εὐλογίας
1414 4134 1518 4186 μου
1568 4112 1657 4169 ἐπὶ
1703 4115 1771 4170 τὰ
1809 4116 1902 4170 τέ-

256 4221 352 4257 κνα
381 4221 476 4256 σου
506 4204 640 4275 (81).
673 4202 759 4256 Ἐν
796 4205 876 4273 τῷ
920 4200 1247 4276 ΕὖαγγεΛίῳ
1278 4199 1335 4256 δὲ
1383 4203 1410 4256 6
1460 4201 1584 4265 Υἱὸς
1642 4201 1901 4281 ἐπαγγέλ-

2008 3409 2148 3461 tem.
2183 3405 2253 3460 Et
2285 3405 2468 3461 Isaias
2498 3404 2736 3475 quidem
2769 3421 2838 3459 ex
2897 3420 3145 3476 persona
3200 3405 3391 3462 Patris
3440 3406 3658 3463 clamat

2011 3493 2102 3550 bis
2133 3493 2358 3574 verbis:
2392 3495 2487 3552 Sic
2532 3494 2667 3549 dicit
2715 3495 2977 3550 Dominus
3024 3496 3166 3551 Deus
3224 3499 3373 3567 tuus,
3439 3498 3659 3568 faciens

2008 3588 2061 3638 et
2089 3583 2331 3656 formans
2356 3593 2408 3640 te
2439 3585 2514 3639 ab
2545 3593 2699 3639 utero
2725 3599 2739 3638 :
2769 3583 2904 3639 Noli
2929 3585 3143 3652 timere,
3163 3599 3304 3652 puer
3351 3587 3448 3650 mi.
3471 3587 3658 3656 Iacob,

2011 3683 2064 3729 et
2092 3673 2292 3728 dilecte
2318 3674 2512 3739 Israel,
2545 3689 2704 3744 quem
2729 3673 2913 3740 elegi;
2944 3673 3082 3728 dabo
3121 3676 3273 3728 enim
3338 3691 3540 3744 aquam
3598 3679 3661 3732 in

2010 3764 2108 3818 siti
2136 3763 2251 3816 illis
2271 3763 2366 3832 qui
2421 3761 2711 3817 ambulant
2768 3762 2828 3816 in
2889 3762 3154 3833 inaquoso
3197 3780 3216 3816 :
3268 3765 3321 3817 et
3379 3765 3660 3835 imponam

2009 3852 2282 3922 Spiritum
2313 3866 2496 3906 meum
2545 3865 2712 3920 super
2764 3865 2953 3905 semen
3008 3854 3190 3918 tuum,
3234 3860 3284 3906 et
3326 3851 3658 3908 benedictio-

2010 3957 2131 3996 nem
2163 3955 2345 3994 meam
2371 3954 2535 4010 super
2574 3938 2776 3994 liberos
2817 3947 2936 3994 tuos
2963 3938 3026 3992 ⁸⁸.
3063 3939 3124 3994 In
3185 3939 3496 4010 Evangelio
3555 3956 3659 3995 au-

2010 4033 2128 4084 tem
2164 4027 2343 4083 Filius
2371 4025 2678 4098 pollicetur
2700 4041 2762 4081 se
2793 4028 3069 4082 daturum
3105 4043 3318 4098 aquam
3349 4027 3424 4084 iis
3454 4030 3554 4100 qui
3599 4029 3660 4085 in

2013 4117 2108 4174 siti
2159 4117 2484 4183 ambulant,
2547 4117 2685 4170 dum
2765 4115 3143 4171 Samaritana:
3191 4116 3272 4170 ita
3313 4117 3382 4172 de
3440 4118 3662 4189 Spiritu

2013 4211 2214 4262 sancto
2245 4203 2506 4276 loquitur
2537 4220 2554 4264 :
2582 4203 2640 4259 Si
2685 4206 2852 4260 scires
2897 4203 3099 4260 donum
3152 4205 3271 4272 Dei,
3329 4208 3527 4277 etquis
3583 4216 3663 4264 est

328 4359 371 4394 τε
401 4359 569 4416 Joan.
604 4375 703 4431 vn,
734 4359 828 4427 38,
849 4359 937 4415 39.
1015 4359 1060 4394 ⁷ο
1087 4358 1234 4416 Joel.
1268 4376 1328 4427 ιι,
1359 4359 1455 4415 28.
1533 4360 1578 4396 ⁸ο
1597 4360 1768 4417 Joan.
1799 4378 1892 4432 xx,

2015 4405 2018 4414 .
2093 4362 2137 4398 ⁸¹
2173 4359 2393 4418 Coloss.
2417 4361 2555 4429 11,9.
2631 4361 2678 4394 ⁸²
2709 4360 2876 4417 Joan.
2913 4378 2951 4428 ι,
2988 4361 3074 4432 16,
3150 4361 3196 4396 ⁸³
3222 4361 3334 4418 Isa.
3365 4379 3515 4432 χειν,
3546 4363 3664 4435 2,3.

329 4541 440 4612 (74)
473 4540 556 4596 Ita
585 4541 858 4614 Seguer.,
883 4555 1057 4614 quem
1109 4539 1437 4614 sequimur.
1469 4538 1613 4614 Alii,
1636 4541 1713 4614 εἷς
1763 4541 1908 4614 Υἱὸς,

259 4609 459 4667 minus
483 4609 740 4677 rectefut
770 4609 1017 4666 videtur.
1033 4609 1354 4683 lnfra,post
1386 4609 1669 4683 ἀληθινός,
1688 4613 1743 4667 in
1771 4609 1910 4668 solis

2022 4558 2193 4615 guer.
2220 4539 2446 4615 Anglic.
2482 4539 2712 4615 Gobler.
2746 4544 2803 4615 et
2859 4539 3008 4596 Felc.
3053 4542 3112 4615 1,
3146 4541 3174 4594 ὁ
3209 4539 3530 4615 βαπτιστής,
3564 4542 3664 4600 alii

2022 4610 2078 4669 et
2107 4612 2265 4688 editi,
2303 4610 2708 4684 εῦαγγελιστῆίΓ
2837 4619 2991 4668 certe
3006 4613 3093 4688 _a_it
3119 4610 3375 4688 Joannes
3405 4610 3668 4688 Baptista

255 4664 788 4759 signet-ﬁcales;
812 4664 1139 4759 Δθιήὶξπεὲῐόζξ
1160 4664 1249 4759 1’,"
1272 4664 1543 4759 hebeni},
1584 4664 1908 4759 gaesa;
1942 4664 1989 4728 D
2021 4664 3141 4759 ᾆριὶἆίζῖίόαήηέᾲ)ξενώὶςέιῖξιεὶἑπίῖᾖόέ
3160 4664 3658 4759 ὲέἶςῖιὲῖηΪιξόᾞὶἒὶζ

257 4750 434 4821 Infra,
467 4753 557 4806 τὸν
589 4750 680 4808 ’ἕνα
715 4753 928 4824 legitur
957 4753 1015 4808 in
1045 4753 1167 4809 solo
1198 4750 1534 4824 SeguerianL

329 4827 440 4897 (75)
469 4825 970 4897 SeguersGobler.
1007 4829 1064 4880 et
1094 4825 1241 4880 Felc.
1277 4825 1326 4892 1,
1360 4825 1447 4878 καὶ
1480 4826 1604 4880 Νέα.

328 4895 440 4968 (76)
474 4897 568 4952 Sic
600 4895 775 4968 Basil.
811 4895 1035 4968 Anglic.
1066 4901 1121 4950 et
1149 4897 1548 4968 Seguer.Editi
1582 4902 1639 4951 et
1671 4897 1789 4963 alii,
1809 4904 1908 4968 τῆς

259 4966 444 5022 αὐτοῦ’.
481 4968 611 5022 Mox
639 4967 802 5022 Gobl.
837 4966 1089 5021 et’Felc.
1145 4969 1194 5034 1,
1227 4966 1494 5036 ⁷ἐξουσίας
1553 4968 1642 5022 καὶ
1704 4966 1908 5031 οὐσίας.

260 5042 326 5111 In
359 5040 532 5095 editis
565 5043 622 5093 et
653 5037 790 5111 aliis
819 5038 962 5106 haec,
992 5037 1231 5111 ἰξουσιας
1259 5039 1371 5108 καί,
1404 5042 1639 5096 desunt.
1679 5043 1847 5111 Ibid,
1881 5042 1909 5096 6

261 5110 456 5183 Κύριος
482 5111 651 5186 deest
681 5109 738 5163 in
770 5110 1070 5186 Seg.__l_’ost
1100 5109 1223 5186 περὶ
1270 5112 1366 5165 τοῦ
1411 5111 1742 5185 Πνεΰματος,
1777 5109 1910 5186 qui-

259 5179 834 5268 ᾱαζρ-ειςξίυῐιιλρησέ,
851 5179 1300 5268 :alii__omitt_'unt‘.

330 5256 442 5327 (77)
473 5254 625 5308 Haec.
663 5247 874 5327 Καὶᾼᾷιᾲ
905 5254 1084 5323 τοῦτο,
1122 5258 1253 5321 etc.,
1283 5255 1576 5312 habentur
1625 5259 1782 5313 tomo
1812 5257 1912 5314 VII

259 5323 654 5400 Conci'liorum,
676 5341 732 5400 p_.
754 5323 880 5390 916,
918 5332 1274 5400 vocaturque
1306 5327 1482 5384 isthic
1513 5328 1622 5384 hoc
1652 5345 1909 5400 epuscu-

259 5399 409 5465 lum,
443 5397 628 5453 Oratio
685 5396 750 5452 de
789 5398 1134 5468 apparitione
1188 5399 1412 5455 Domini
1464 5402 1524 5454 in
1553 5396 1740 5468 carne,
1772 5417 1910 5456 nam

262 5470 465 5525 Latine
495 5473 724 5544 tantum
756 5471 943 5544 exstat
976 5467 1054 5544 ibi
1083 5467 1512 5544 locus._Ibidem
1536 5467 1799 5544 Seguer.,
1819 5471 1909 5544 ἐμ-

257 5543 400 5629 φρσξᾷ
453 5539 615 5637 αῆτρς
668 5539 695 5593 6
754 5537 1194 5637 [Stipttocr’l‘chﬁc
1255 5538 1354 5602 εἷς.
1414 5537 1670 5637 ξηειὶοἶ,
1703 5537 1914 5637 ἐμερυσᾷ

255 5609 478 5691 αὐτὸςρ
511 5609 730 5691 ΙςόριοςΔ
746 5609 844 5691 sic;
879 5611 1036 5668 Infra
1084 5613 1324 5685 Seguer.
1378 5609 1564 5684 Bolus,
1603 5609 1915 5691 πληρώμαξ-

256 5703 351 5744 τος
385 5680 550 5738 αὐτοῦ
577 5680 678 5752 τῆς
708 5681 984 5752 θεότητος.

335 5755 447 5828 (78)
478 5759 713 5830 Seguer.
747 5760 882 5830 post
913 5752 1170 5826 θεότητος
1196 5756 1373 5816 habet
1419 5755 1606 5815 αὐτοῦ.
1638 5761 1768 5816 Mox
1814 5759 1912 5815 Se-

2019 4754 2076 4812 εἰ
2103 4755 2256 4812 Felc.
2293 4759 2342 4828 1,
2373 4754 2481 4811 soli
2512 4754 2745 4828 habent
2762 4754 2956 4816 πάντες
2992 4761 3122 4828 post
3153 4754 3328 4828 ὑμεῖς.

2090 4829 2201 4899 (79)
2234 4827 2341 4902 Γάρ
2374 4827 2536 4902 deest
2567 4829 2625 4881 in
2659 4826 2804 4902 Felc..
2851 4826 3126 4902 5.hlnfra
3161 4826 3436 4902 Seguerz,
3488 4844 3661 4902 quem

2021 4892 2348 4971 εεὲιιιίωυιί,
2383 4899 2457 4971 μή
2493 4892 2635 5025 ἔχεων
2671 4897 2820 4964 αὐτό,
2857 4899 3003 4954 Editi
3034 4905 3088 4954 et
3121 4892 3352 4970 alii,"'p.1‘)
3387 4892 3532 4988 ἔχων
3565 4897 3662 4952 αῦ-

2019 4969 2134 5032 τός.
2165 4973 2343 5028 Paulo
2377 4976 2508 5042 post
2580 4987 2775 5042 eguer.
2811 4971 3040 5027 Gobler.
3076 4975 3132 5026 et
3161 4971 3307 5028 Felc.
3345 4973 3393 5040 1,
3427 4970 3664 5042 ἔπεμπεν

2123 5014 2134 5026 ι
2165 5012 2185 5025 ι
2209 5012 2343 5028 υυδυ
2377 5012 2508 5040 Υυυυ
2539 5012 2747 5040 υνῠυνι.
2763 5012 2775 5025 ο
2813 5012 3010 5027 υυυινι
3029 5013 3040 5025 ο
3076 5012 3132 5026 νυ
3161 5012 3183 5024 δ
3204 5012 3307 5028 νιν.
3348 5012 3363 5024 Ι
3380 5015 3393 5040 ,

2022 4987 2134 5032 τος.
2165 4987 2343 5028 Paulo
2377 4987 2508 5042 posr
2539 4987 2775 5060 Seguer.
2811 4987 3040 5027 uomer.
3076 4987 3132 5026 et
3161 4987 3307 5028 r'elc.
3345 4987 3393 5040 1,
3427 4987 3664 5042 επεμπεν

2022 5044 2314 5110 recte;alii
2346 5049 2402 5098 et
2427 5043 3007 5113 editi,snepmtev.Mox
3035 5043 3268 5113 Seguer.
3289 5045 3472 5108 solus,
3493 5043 3664 5113 κάτω,

2020 5132 2194 5186 quem
2229 5121 2424 5170 tamen
2448 5184 2458 5187 _
2485 5112 2810 5187 sequimur.
2838 5113 2962 5176 Alii,
3011 5112 3271 5187 κάτωθεν.
3306 5116 3486 5187 Paulo
3534 5112 3668 5187 post

2020 5182 2258 5258 Seguer.
2320 5182 2666 5240 Goblerfet
2727 5185 2872 5258 lj‘elc.
2930 5187 2981 5251 1,
3038 5182 3113 5244 εἷς
3165 5185 3258 5239 τὸν
3314 5182 3665 5243 αὐτόν’-(100

2020 5253 2296 5330 postremi
2333 5258 2573 5324 ibidem,
2600 5253 2799 5330 κατείη.

2092 5331 2337 5402 (80)]ta
2373 5333 2604 5402 Seguer.
2687 5327 2870 5381 solus.
2928 5327 2989 5380 In
3049 5326 3178 5383 aliis
3239 5325 3433 5402 Κύριος
3483 5329 3665 5402 deest.

2022 5397 2596 5474 Inl'ra'rarticulusﬁ
2649 5403 2782 5453 ante
2841 5402 2986 5474 παῖς,
3013 5404 3068 5453 et
3125 5405 3258 5456 ante
3316 5397 3669 5474 ἠγαπημένος

2021 5474 2184 5528 deest
2214 5473 2270 5526 in
2304 5469 2663 5543 quibusdam
2685 5486 2828 5543 mss.
2865 5471 2994 5526 Mox
3018 5474 3310 5543 Segeuer.,
3341 5468 3398 5525 ὃν
3433 5468 3560 5543 ἐγώ.

2093 5543 2206 5628 (81)
2238 5537 2434 5628 Ιξιιέἱμ
2469 5537 2555 5627 ἐπὶ
2615 5541 2680 5592 τὰ
2731 5539 2918 5628 τέκναὶ
2945 5559 3062 5628 σου,
3094 5537 3208 5594 ’καὶ
3260 5537 3362 5628 τᾶς.
3413 5537 3670 5628 εῢλογίας

2069 5611 2128 5688 ου
2188 5611 2286 5688 ἐπὶ⁸
2331 5611 2392 5665 τὸ
2446 5612 2660 5686 σπέρμα
2714 5631 2833 5666 σου.
2882 5612 3022 5668 Ibid.
3055 5617 3319 5688 Seguer.,
3352 5616 3436 5668 Ἐν
3467 5611 3523 5670 δὲ
3550 5611 3666 5678 τοῖς

2069 5635 2128 5666 Ου
2188 5635 2274 5666 επι
2331 5635 2392 5665 το

2020 5635 2396 5760 ἕῦαγγελίοις.
