4074 6388
245 487 418 547 1005.

1117 487 1222 547 DE
1264 487 1850 549 INCARNATIONE
1892 489 1994 549 ET
2037 488 2348 549 CONTRA
2396 490 2762 551 ARIANOS.

3486 492 3641 553 1006

239 615 334 690 μίᾳ
359 615 444 690 16,
474 617 692 673 Ἒκτισέ
726 637 793 691 με
838 616 868 671 6
916 615 1132 691 Κύριος,
1190 617 1280 673 καὶ
1324 615 1545 694 ὕστερος
1599 618 1685 685 τὸ,
1732 615 1876 693 ἐγέν-

1993 618 2197 675 betur:
2232 619 2558 676 Creavitme
2579 622 2886 678 Dominus“
2932 622 3139 679 ultimo
3197 628 3395 680 autem
3451 622 3639 680 illud:

230 727 378 778 νησε.

304 798 390 853 13.
424 795 522 850 Καὶ
560 795 652 851 ὅτε
707 792 855 871 λέγει
913 797 947 865 ἡ
1011 798 1191 875 Γραφή
1253 817 1376 869 περι
1424 797 1634 873 Πατρὸς
1667 818 1679 830 ·
1741 802 1879 871 Ουχι

234 886 357 947 Θεὸς
395 888 474 948 εἷς
518 881 718 941 ἔκτισεν
778 888 975 958 ἡμᾶςε
1037 886 1243 960 ὁμοίως
1296 888 1384 942 καὶ
1443 888 1565 962 περὶ
1626 887 1753 941 Υἳοῦ
1785 884 1880 941 λέ·-

233 995 331 1050 γει,
367 976 449 1030 ὅτι
482 972 554 1029 δι’
586 974 753 1029 αὐτοῦ
798 973 1012 1045 ἐκτισθη
1061 978 1129 1030 τὰ
1180 977 1349 1030 πάντα
1381 993 1394 1009 ·
1442 978 1509 1031 τὰ
1539 974 1597 1031 δὲ
1627 976 1760 1031 αὐτὰ
1789 976 1876 1029 καὶ

236 1065 353 1138 περὶ
412 1068 510 1119 τοῦ
560 1064 717 1141 ἁγίου
803 1064 1117 1139 Πνεῦματος
1196 1065 1408 1141 λέγεται
1444 1083 1457 1098 ⁸
1519 1063 1877 1133 Ἀντανελεῖς,

234 1151 385 1229 φησὲ,
448 1152 509 1207 τὸ
559 1156 771 1227 πνεῦμα
824 1153 1022 1224 αὐτῶν,
1080 1155 1171 1209 ’διαὶ
1236 1152 1569 1229 ἐκλείψουσι,
1645 1153 1735 1208 καὶ
1802 1153 1880 1216 εἷς

232 1241 321 1296 τὸν
378 1245 516 1318 χοῦν
559 1240 747 1298 αὐτῶν,
813 1240 1247 1318 ἐπιστρέφουσιν.
1328 1241 1742 1316 Ἐξαποστελεῖς
1816 1243 1879 1299 τὸ

235 1331 452 1403 Πνεῦμά
503 1352 620 1401 σου,
680 1332 768 1386 καὶ
855 1333 1258 1404 κτισθήσονται,
1337 1334 1476 1387 καὶ·
1555 1331 1878 1393 ἀνακαινιεῖς

239 1420 293 1475 16
323 1418 618 1496 πρόσωπον
666 1427 767 1491 τῆς
823 1428 951 1497 γῆς,
1010 1422 1107 1476 Καὶ
1161 1419 1251 1477 ὅτε
1304 1417 1456 1496 λέγει
1512 1422 1539 1476 6
1598 1420 1724 1483 Υἱὸς
1754 1423 1874 1497 περὶ

236 1510 445 1583 Ηατρὸς
480 1514 560 1582 τῷ
617 1508 807 1586 Πέτρῳ
840 1529 853 1543 ·
917 1512 1197 1587 Μακάριος
1257 1510 1321 1578 εἶ,
1371 1512 1454 1565 ὅτι
1501 1512 1575 1583 (9)
1621 1511 1747 1586 σ’ὶρξ
1789 1511 1875 1565 καὶ

236 1598 369 1671 αἷμα
426 1597 525 1653 οὐκ
575 1597 888 1674 ἀπεκάλυψέ
945 1620 1051 1673 σοι,
1110 1599 1239 1656 ἀλλ’
1286 1601 1314 1655 6
1375 1602 1560 1675 Πατήρ
1621 1621 1726 1672 μου
1766 1601 1793 1654 6
1828 1599 1879 1654 έν

231 1693 347 1750 τοῖς
378 1687 628 1764 οὐρανοῖς
663 1708 676 1721 ·
726 1688 790 1743 τὰ
837 1689 971 1744 αὐτὰ
1019 1691 1140 1765 περὶ
1192 1690 1383 1744 ἑαυτοῦ
1435 1688 1630 1765 λέγει’
1686 1685 1878 1751 Οὖδετς

233 1776 575 1853 ἐπιγινώσκει
626 1778 715 1832 τὸν
775 1779 981 1853 Πατέρα
1041 1778 1086 1833 εἰ
1143 1780 1218 1853 μὴ
1279 1780 1305 1834 6
1363 1779 1508 1847 Υἱὸς,
1568 1779 1657 1833 καὶ
1715 1778 1760 1850 ᾧ
1818 1777 1875 1832 ἂν

236 1866 503 1942 βούληται
551 1867 578 1921 6
628 1867 753 1929 Υἱὸς
802 1866 1170 1942 ἀποκαλύψαι.
1231 1866 1471 1941 Ὁμοίως
1528 1865 1586 1922 δὲ
1632 1867 1721 1921 καὶ
1752 1869 1874 1941 περὶ

230 1960 324 2010 τοῦ
357 1955 516 2031 ἁγίου
544 1956 658 2029 (10)
690 1955 1004 2029 Πνεῦμῖατος
1055 1958 1083 2011 ὁ
1125 1955 1345 2019 Παῦλος
1382 1955 1527 2033 λέγει
1562 1976 1575 1990 ο
1626 1957 1789 2029 Ἡμῖν
1822 1953 1879 2011 δὲ

228 2043 566 2119 ἀπεκάλυψεν
645 2045 673 2100 6
751 2046 878 2108 Θεὸς
966 2043 1055 2101 διὰ
1125 2043 1220 2100 τοῦ
1304 2044 1616 2119 Πνεῦματος
1692 2045 1877 2103 αὐτοῦ.

226 2136 304 2191 Τὸ
360 2134 464 2210 γὰρ
523 2136 745 2207 Πνεῦμα
798 2136 969 2213 πάντα
1038 2135 1240 2210 ἐρευνᾷ,
1308 2137 1398 2190 καὶ
1446 2135 1514 2190 τὰ
1583 2134 1718 2211 βάθη
1781 2140 1879 2190 τοῦ

233 2227 366 2279 Θεοῦ
399 2243 412 2256 ·
463 2224 547 2286 τίς
614 2224 716 2300 γὰρ
775 2221 914 2278 οἶδεν
973 2224 1267 2300 ἀνθρώπων
1324 2223 1391 2278 τὰ
1443 2229 1540 2279 τοῦ
1593 2224 1879 2299 ἀνθρώπου

235 2312 279 2367 εί
334 2313 409 2386 μὴ
466 2314 529 2368 τὸ
585 2317 799 2387 πνεῦμα
845 2317 943 2369 τοῦ
997 2313 1286 2390 ἀνθρώπου
1342 2314 1404 2368 τὸ
1458 2312 1509 2368 ἒν
1555 2313 1721 2386 αὐτῷ,
1770 2313 1878 2370 ()6-

230 2422 310 2455 τω
338 2402 429 2458 καὶ
475 2402 542 2458 τὰ
586 2407 684 2457 τοῦ
733 2407 867 2458 Θεοῦ
915 2399 1093 2466 οὐδεὶς
1140 2400 1369 2477 ἔγνωκεν
1421 2405 1536 2476 (11)
1582 2403 1628 2458 εἰ
1682 2403 1757 2476 μή
1814 2403 1878 2458 τὸ

230 2495 448 2566 Πνεῦμα
493 2496 592 2547 τοῦ
645 2497 801 2549 Θεοῦ.
863 2495 1066 2567 ’Ὠσπερ
1118 2491 1211 2546 οῦν
1268 2492 1330 2546 16
1377 2495 1591 2566 πνεῦμα
1639 2497 1734 2546 τοῦ
1789 2493 1876 2547 ἀν-

232 2579 454 2656 θρώποῦ
483 2587 583 2651 τῆς
633 2581 1056 2657 ἀνθρωπότητος
1104 2579 1266 2636 αὔτοῦ
1317 2581 1542 2651 καὶτῆς
1592 2580 1781 2644 οὐσίας
1813 2581 1877 2637 06

225 2670 581 2744 κεχώρισται,
614 2667 759 2725 οὕτω
803 2671 894 2726 καὶ
941 2671 1003 2725 τὸ
1044 2669 1264 2744 Πνεῦμα
1302 2673 1408 2741 (1‘2)
1451 2675 1549 2725 106
1594 2675 1726 2727 Θεοῦ
1777 2678 1877 2741 τῆς

226 2758 486 2828 Θεαίτητος
514 2757 795 2814 αὐτοῦκαὶ
839 2766 939 2829 τῆς
989 2758 1174 2822 οὐσίας
1224 2759 1322 2814 οὐκ
1369 2758 1509 2814 ἔστιν
1558 2758 1873 2834 ἀλλότριον.

226 2847 324 2904 Καὶ
356 2847 479 2903 ὅταν
527 2846 658 2923 λέγῃ
703 2849 730 2903 6
779 2847 981 2923 Κύριος
1028 2847 1078 2904 ἐν
1135 2847 1327 2920 Ἡσαΐᾳ
1360 2869 1372 2883 ·
1429 2847 1587 2911 Υἱοὺς
1622 2848 1878 2925 ἐγέννησα

222 2935 312 2991 καὶ
367 2934 597 3010 ὕψωσα’
660 2936 816 2992 αὐτοὶ
873 2934 930 2992 δέ
988 2958 1056 3011 με
1111 2936 1412 3008 ἠθέτησαν,
1464 2936 1516 2992 έν
1577 2942 1659 3010 τῷ
1705 2937 1875 3014 Εὐαγ-

221 3024 394 3100 γελίῳ
473 3023 668 3102 λέγει’
739 3026 811 3081 Τὸ
889 3025 1289 3101 γεγεννημένον
1365 3026 1423 3082 ἐκ
1495 3034 1595 3096 τῆς
1680 3029 1876 3104 σαρκὸς

227 3113 357 3190 σάρξ
411 3112 542 3181 ἐστι,
597 3114 686 3170 καὶ
742 3115 804 3170 τὸ
859 3116 1257 3190 γεγεννημένον
1307 3115 1368 3171 ἐκ
1413 3119 1510 3171 τοῦ
1565 3115 1878 3190 Ηνεύματος

224 3203 443 3276 πνεῦμά
497 3201 631 3274 ἐστι,
692 3204 793 3261 Καὶ
841 3201 1006 3260 πάλιν
1058 3247 1070 3260 .
1114 3206 1191 3262 Τὸ
1250 3208 1462 3279 Πνεῦμα
1518 3204 1655 3260 ὅπου
1707 3205 1878 3277 θέλει,

223 3296 370 3358 πνεῖ,
421 3292 513 3346 καὶ
576 3293 676 3362 τὴν
754 3295 936 3372 φωνὴν
1011 3293 1175 3350 αὐτοῦ
1241 3293 1457 3358 ἀκούεις
1511 3313 1523 3325 ·
1604 3293 1729 3350 ἀλλ’
1778 3294 1878 3351 οὐκ

1989 711 2291 778 generavit.

2062 799 2147 853 13.
2180 799 2249 853 Et
2271 814 2403 854 cum
2436 799 2744 872 'Scriptura
2790 801 2945 855 dicat
2992 803 3062 857 de
3124 802 3316 858 Patre:
3380 802 3644 876 Nunquid

1988 903 2099 942 non
2135 892 2280 942 Deus
2300 904 2444 943 unus
2473 891 2676 944 creavit
2695 906 2795 945 nos
2818 891 2838 924 "
2869 889 2896 943 ‘?
2927 890 2981 944 id
3008 891 3078 945 de
3104 891 3247 946 Filio
3281 908 3514 964 quoque
3551 892 3640 946 di-

1989 976 2106 1031 cit:
2143 993 2245 1046 per
2274 978 2468 1048 ipsum
2501 982 2695 1033 creata
2728 984 2868 1033 sunt
2916 980 3152 1047 omnia;
3215 980 3333 1035 haec
3390 981 3520 1051 ipsa
3568 982 3640 1036 de

1989 1064 2206 1135 Spiritu
2242 1069 2443 1120 sancto
2492 1082 2725 1137 quoque
2779 1067 3092 1124 dicuntur:
3145 1069 3389 1139 Auferes,
3423 1069 3636 1141 inquit,

1990 1175 2018 1203 ‹‹
2043 1152 2318 1223 spiritum
2344 1159 2641 1221 eorum,et
2671 1155 2961 1223 deﬁcient,
2979 1156 3104 1213 etin
3129 1157 3427 1229 pulverem
3458 1176 3635 1214 suum

1989 1244 2373 1297 revertentur.
2407 1242 2653 1298 Emittes
2675 1244 2957 1315 Spiritum
2990 1250 3158 1301 tuum
3184 1248 3634 1315 etcreabuntur,

1988 1333 2040 1384 et
2062 1330 2368 1385 renovabis
2387 1330 2586 1386 faciem
2606 1336 2771 1387 terrae
2794 1334 2835 1388 ⁸.
2855 1354 2882 1383 »
2894 1333 2962 1387 Et
2979 1350 3111 1390 cum
3134 1334 3312 1391 Filius
3324 1337 3395 1390 ad
3419 1342 3640 1392 Petrum

1988 1417 2059 1472 de
2090 1420 2260 1473 Patre
2288 1417 2499 1474 dixerit
2522 1435 2663 1474 suo:
2696 1421 2893 1475 Beatus
2923 1436 2997 1490 es,
3031 1423 3162 1492 quia
3175 1437 3307 1477 caro
3327 1431 3383 1478 et
3410 1424 3640 1494 sanguis

1987 1522 2097 1560 non
2126 1508 2394 1563 reuelauit
2414 1509 2539 1577 tibi,
2573 1508 2664 1563 sed
2694 1511 2863 1564 Pater
2883 1526 3033 1565 meus
3062 1512 3160 1581 qui
3205 1513 3267 1566 in
3312 1513 3460 1567 caelis
3490 1517 3566 1568 est
3596 1515 3642 1579 θ,

1988 1598 2248 1669 idipsum
2272 1599 2342 1655 de
2372 1615 2433 1654 se
2454 1599 2689 1656 locutus
2722 1605 2842 1656 est:
2876 1603 3045 1657 Nemo
3078 1606 3234 1657 novit
3268 1604 3492 1659 Patrem
3521 1606 3642 1661 nisi

1988 1688 2188 1756 Filius,
2221 1693 2272 1743 et
2303 1690 2395 1743 cui
2421 1689 2655 1745 voluerit
2679 1691 2852 1746 Filius
2878 1692 3120 1746 revelare
3150 1693 3210 1748 ¹⁰.
3250 1692 3535 1749 Similiter
3581 1697 3640 1749 et

1987 1775 2057 1830 de
2084 1776 2301 1848 Spiritu
2332 1781 2531 1833 sancto
2564 1776 2646 1832 ait
2670 1778 2882 1834 Paulus
2909 1797 2922 1846 ;
2949 1803 2975 1829 «
3007 1780 3185 1835 Nobis
3201 1787 3398 1837 autem
3420 1783 3636 1838 revola-

1988 1865 2232 1921 vitDeus
2256 1882 2359 1937 per
2382 1866 2664 1937 Spiritum
2698 1883 2901 1935 suum;
2929 1869 3184 1940 Spiritus
3217 1870 3370 1925 enim
3430 1872 3632 1928 omnia

1990 1958 2307 2025 scrutatur,
2328 1954 2500 2011 etiam
2532 1956 2820 2026 profunda
2855 1957 2969 2012 Dei.
2995 1958 3133 2029 Quis
3156 1959 3310 2014 enim
3327 1959 3635 2017 hominum

1991 2043 2101 2099 scit
2128 2059 2259 2115 qtae
2288 2049 2428 2100 sunt
2462 2044 2736 2114 hominis,
2769 2045 2876 2102 nisi
2913 2047 3157 2119 spiritus
3214 2047 3472 2104 hominis
3529 2050 3636 2121 qui

1988 2138 2077 2189 est
2105 2132 2165 2188 in
2197 2134 2326 2204 ipso
2348 2133 2484 2190 ?Ita
2522 2138 2577 2188 et
2608 2151 2735 2205 quae
2753 2134 2853 2190 Dei
2876 2144 3007 2191 sunt
3031 2152 3200 2192 nemo
3230 2137 3500 2209 cognovit
3522 2139 3636 2194 nisi

1989 2221 2243 2293 Spiritus
2272 2222 2373 2278 Dei
2400 2226 2464 2275 ιι.
2493 2248 2514 2274 ι
2542 2223 2705 2278 Sicut
2734 2224 2914 2296 igitur
2955 2225 3202 2297 Spiritus
3246 2226 3504 2282 hominis
3563 2229 3635 2283 ab

1989 2310 2354 2366 humanitate
2375 2311 2503 2379 ejus
2525 2315 2579 2366 et
2612 2312 2941 2368 substantia
2976 2331 3089 2368 non
3128 2320 3216 2369 est
3255 2319 3634 2388 segregatust

1987 2399 2069 2455 sic
2098 2404 2156 2455 et
2176 2399 2433 2471 Spiritus
2467 2400 2560 2456 Dei
2588 2402 2740 2456 704
2771 2418 2803 2456 a
2825 2402 3334 2474 divinitateejuset
3367 2405 3638 2459 substan-

1987 2487 2071 2543 tia
2100 2503 2213 2544 non
2229 2492 2315 2543 est
2331 2488 2575 2544 alienus.
2592 2489 2655 2543 Et
2672 2506 2804 2545 cum
2821 2490 3032 2546 dixerit
3049 2491 3334 2547 Dominus
3351 2492 3407 2547 in
3444 2493 3625 2548 lsaia:

1988 2577 2204 2632 «Filios
2234 2577 2483 2633 enutrivi
2515 2583 2570 2633 et
2601 2578 2864 2645 exaltavi,
2898 2580 3008 2651 ipsi
3042 2585 3234 2635 autem
3279 2587 3630 2653 spreverunt

1988 2682 2080 2721 me
2110 2689 2129 2715 ι
2168 2654 2311 2729 ¹¹¹-³.’
2335 2666 2394 2722 in
2411 2667 2723 2740 Evangelia
2750 2668 2921 2725 dicit:
2953 2669 3151 2733 sQuod
3193 2676 3398 2725 natum
3439 2674 3528 2727 est
3567 2687 3635 2726 ex

1987 2771 2159 2811 carne
2182 2772 2315 2810 caro
2347 2762 2432 2810 est
2457 2762 2546 2812 :et
2579 2756 2732 2828 quod
2753 2761 2955 2813 natum
2980 2762 3142 2814 estex
3157 2759 3368 2831 Spiritu
3393 2759 3636 2831 spiritus

1986 2849 2072 2900 est
2094 2846 2153 2898 ιι.
2178 2867 2205 2896 ››
2240 2846 2306 2899 Et
2336 2845 2583 2901 iterum:
2619 2869 2646 2895 ‹‹
2667 2838 2920 2917 Spiritus
2938 2846 3035 2901 ubi
3066 2847 3412 2919 vultspirat,
3445 2852 3502 2903 et
3528 2864 3631 2903 vo-

1987 2949 2107 2988 cem
2142 2934 2271 3005 ejus
2302 2934 2617 3002 audis;sed
2650 2934 2842 2990 nescis
2861 2936 3013 2991 unde
3039 2935 3359 2996 veniat,aut
3388 2952 3502 3007 quo
3534 2952 3631 2991 va-

1988 3023 2106 3078 dat.
2141 3023 2233 3078 Sic
2254 3028 2345 3078 est
2373 3023 2567 3080 omnis
2597 3022 2696 3094 qui
2729 3027 2904 3079 natus
2922 3028 3012 3079 est
3049 3040 3116 3079 ex
3144 3023 3365 3095 Spiritu
3391 3025 3455 3080 ι’.
3482 3046 3511 3074 »
3566 3026 3631 3080 In

1990 3112 2277 3183 Evangelii
2306 3116 2504 3168 autem
2536 3112 2703 3168 initio
2734 3111 2814 3168 ait
2841 3112 3097 3168 Joannes
3121 3129 3179 3167 :«
3203 3114 3500 3184 Quotquot
3524 3129 3629 3170 au-

1985 3206 2100 3257 tem
2135 3204 2479 3274 receperunt
2499 3217 2631 3257 eum
2666 3201 2827 3257 dedit
2857 3201 2943 3257 eis
2975 3205 3320 3273 potestatem
3353 3201 3506 3258 ﬁlios
3531 3202 3635 3258 Dei

1988 3290 2134 3358 fieri,
2165 3290 2237 3345 iis
2259 3291 2356 3363 qui
2387 3291 2633 3346 credunt
2660 3290 2717 3344 in
2754 3290 2988 3345 nomine
3019 3291 3185 3361 ejus:
3237 3290 3340 3362 qui
3394 3308 3511 3348 non
3563 3307 3635 3347 ex

223 3378 394 3451 οἶδας,
446 3380 608 3436 πόθεν
655 3380 895 3458 ἔρχεται,
949 3384 1033 3439 καὶ
1086 3388 1192 3439 ποῦ
1247 3384 1462 3458 ὑπάγει.
1522 3382 1706 3446 Οὕτως
1762 3383 1868 3439 ἐστὶ

1990 3380 2607 3453 sanguinibus,neque
2638 3396 2707 3435 ex
2738 3379 3034 3435 voluntate
3064 3379 3192 3449 viri,
3226 3396 3414 3452 neque
3436 3397 3505 3436 ex
3534 3397 3637 3436 vo-

221 3475 328 3533 πᾶς
398 3471 426 3525 6
466 3470 884 3545 ⁴γεγεννημένος
930 3471 990 3527 ἐκ
1040 3477 1137 3528 τοῦ
1186 3472 1521 3546 Πνεῦματος.
1575 3476 1662 3530 ’Ev
1715 3470 1771 3528 δὲ
1798 3477 1867 3547 τῇ

220 3559 369 3635 ἀρχῇ
427 3563 524 3614 τοῦ
573 3560 909 3637 Εὐαγγελίου
962 3560 1218 3632 Ἰωάννης
1249 3564 1358 3636 (13)
1400 3560 1542 3637 λέγει
1578 3580 1590 3593 ·
1623 3563 1780 3618 ’Ὁσοι
1813 3559 1870 3616 δὲ

218 3642 417 3702 ἕλυϐον
479 3647 662 3715 αὐτόν,
720 3646 923 3703 ἆδωκεν
982 3650 1169 3711 αὑτοῖς
1224 3649 1459 3723 ἐξουσίαν
1520 3650 1678 3705 τέκνα
1736 3654 1868 3705 Θεοῦ

216 3735 491 3810 γενέσθαι,
538 3743 654 3801 τοῖς
728 3739 1068 3793 πιστεύουσιν
1143 3739 1218 3802 εἰς
1291 3741 1353 3794 τὸ
1424 3734 1599 3810 ὄνομα
1654 3738 1864 3794 αὐτοῦ’

214 3823 270 3879 οἵ
331 3825 433 3881 οὐκ
487 3825 537 3897 έξ
590 3827 861 3900 αἱμάτων,
943 3824 1068 3882 οὐδὲ
1141 3827 1202 3883 ἐκ
1277 3827 1588 3902 θελήματος
1654 3826 1863 3904 ἀνδρὸς.

211 3912 339 3970 οὐδὲ
393 3913 453 3970 ἐκ
505 3914 817 3988 θελήματος
893 3916 1111 3991 σαρκὸς,
1160 3915 1288 3972 ἀλλ’
1345 3916 1404 3972 ἐκ
1460 3921 1592 3972 Θεοῦ
1645 3917 1865 3993 ἐγεννή-

213 4016 407 4073 θησαν.
459 4005 611 4056 Ὅσοι
664 4001 754 4057 οῦν
801 4002 861 4058 ἐκ
917 4004 1227 4078 Πνεῦματος
1282 4006 1436 4081 ἀγίςυ
1484 4004 1865 4080 ἐγεννήθησαν,

216 4091 373 4146 οὗτοι
427 4087 486 4144 ἐκ
532 4094 664 4144 Θεοῦ
723 4088 1122 4165 ἐγεννήθησαν.
1174 4093 1278 4148 Καί
1333 4096 1450 4150 ὅσοι
1506 4093 1581 4156 εἰς
1637 4097 1865 4169 Χριστὸν

213 4176 643 4250 ἐϐαπτίσθησαν,
696 4180 846 4234 οὗτοι
897 4182 971 4242 εἰς
1024 4184 1236 4258 Πατέρα
1283 4183 1373 4237 καὶ
1440 4181 1593 4253 ἅγιον
1648 4189 1869 4259 Πνεῦμα

214 4264 644 4340 ἐϐαπτίσθησαν.
694 4268 796 4324 Καὶ
847 4268 1032 4341 πάλιν,
1096 4271 1185 4325 ὅτε
1249 4269 1392 4346 λέγει
1443 4273 1471 4326 6
1537 4273 1742 4349 Πέτρος
1789 4279 1867 4346 τῷ

210 4356 477 4429 Ἀνανίᾳ·
534 4358 632 4412 Διᾶ
687 4356 741 4412 τί
797 4358 911 4431 (14)
970 4357 1287 4435 ἐπλήρωσεν
1367 4360 1394 4414 6
1462 4366 1703 4422 Σατανᾶς
1768 4362 1865 4430 τήν

202 4443 430 4519 καρδίαν
488 4468 605 4519 σου,
675 4446 970 4522 ψεύσασθαί
1040 4469 1098 4504 σε
1169 4449 1231 4504 τὸ
1288 4454 1512 4522 Πνεῦμα
1567 4450 1629 4504 16
1686 4450 1867 4525 ἅγιον,

1981 3470 2205 3527 luntate
2234 3472 2447 3542 carnis,
2483 3471 2581 3525 sed
2613 3487 2682 3525 ex
2713 3471 2827 3526 Deo
2862 3470 2981 3526 nati
3028 3475 3170 3527 sunt
3193 3472 3303 3526 ³⁸.»
3341 3472 3638 3544 Quotquot

1979 3561 2161 3633 igitur
2182 3577 2250 3615 ex
2282 3560 2496 3633 Spiritu
2514 3566 2714 3616 sancto
2735 3559 2854 3616 nati
2878 3566 3036 3626 sunt,
3060 3560 3098 3614 ii
3114 3578 3181 3616 ex
3208 3565 3317 3618 Deo
3336 3562 3456 3616 nati
3472 3564 3632 3617 sunt.

1979 3650 2048 3705 Et
2078 3654 2363 3722 quotquot
2389 3649 2447 3703 in
2480 3648 2777 3705 Christum
2811 3648 3089 3720 baptizati
3127 3654 3288 3717 sunt,
3322 3650 3378 3704 bi
3415 3650 3474 3705 in
3529 3653 3636 3705 Pa-

1978 3742 2119 3794 trem
2148 3744 2204 3793 et
2223 3738 2504 3810 Spiritum
2539 3742 2805 3792 sanctum
2833 3743 2969 3792 sunt
2991 3737 3365 3809 baptizati.Et
3392 3754 3630 3794 rursum

1979 3843 2111 3883 cum
2146 3826 2353 3882 Petrus
2383 3827 2462 3882 ait
2482 3826 2751 3881 Ananiae:
2780 3847 2807 3874 ι(
2830 3825 2945 3879 Cur
2973 3825 3235 3897 implevit
3263 3828 3511 3881 Satanas
3532 3843 3633 3881 cor

1978 3922 2172 3985 tuum,
2207 3915 2439 3972 mentiri
2462 3920 2520 3969 te
2557 3914 2799 3986 Spiritui
2834 3918 3059 3985 sancto,
3118 3919 3175 3968 et
3228 3930 3509 3985 seponere
3556 3915 3628 3969 de

1981 4005 2164 4080 pretio
2177 4006 2339 4077 agri?
2361 4005 2564 4060 Nones
2590 4004 2871 4058 mentitus
2887 4002 3357 4069 hominibus,sed
3377 4007 3487 4058 Deo
3503 4004 3566 4056 ¹“¹.
3597 4024 3619 4053 ι

1982 4098 2184 4168 Itaque
2214 4093 2311 4165 qui
2346 4092 2631 4148 mentitus
2661 4096 2748 4147 est
2776 4090 3017 4163 Spiritui
3053 4094 3278 4158 sancto,
3340 4090 3626 4147 mentitus

1981 4193 2064 4240 est
2100 4186 2231 4251 Deo,
2252 4181 2539 4237 habitanti
2565 4181 2624 4235 in
2647 4181 2925 4236 omnibus
2954 4196 3056 4251 per
3086 4179 3368 4250 Spiritum
3420 4197 3621 4236 suum.

1982 4273 2089 4329 Uhi
2130 4271 2284 4326 enim
2312 4274 2399 4325 ost
2430 4269 2686 4341 Spiritus
2702 4268 2819 4335 Dei,
2852 4268 2933 4322 ibi
2964 4273 3053 4322 est
3076 4272 3247 4323 Deus.
3274 4267 3421 4323 Nam
3437 4268 3626 4336 inhoc,

1982 4360 2196 4434 inquit,
2230 4383 2258 4409 α
2283 4359 2696 4431 cognoscimus
2727 4357 2880 4429 quod
2907 4361 3059 4412 Deus
3088 4356 3149 4412 in
3184 4356 3354 4427 nobis
3411 4363 3628 4430 manet,

1983 4451 2263 4524 quoniam
2296 4449 2368 4503 de
2390 4448 2611 4519 Spiritu
2641 4464 2747 4503 suo
2781 4447 2944 4503 dedit
2992 4446 3161 4503 nobis
3195 4447 3259 4501 η.
3283 4468 3312 4497 ››

212 4536 309 4591 καὶ
356 4536 705 4615 νοσφίσασθαι
757 4537 863 4592 ἀπὸ
914 4544 1013 4608 τῆς
1076 4545 1244 4606 τιμῆς
1301 4543 1397 4593 τοῦ
1456 4538 1717 4618 χωρίου;
1777 4539 1895 4597 Οὐκ
1950 4538 2158 4613 ἐψεόσω
2215 4536 2542 4611 ἀνθρώποις.
2604 4533 2749 4590 ἀλλὰ
2802 4539 2881 4607 τῷ
2938 4539 3073 4607 Θεῷ.
3134 4537 3295 4590 Ὥστε
3353 4537 3381 4591 6
3438 4536 3634 4611 ψευσά-

218 4646 384 4699 μενος
442 4631 521 4699 τῷ
574 4628 714 4701 ἁγίῳ
775 4627 1073 4699 Πνεύματι,
1119 4626 1199 4701 τῷ
1257 4633 1373 4701 Θεῷ
1435 4628 1719 4703 ἐψεύσατο,
1776 4630 1854 4701 τῷ
1912 4631 2256 4683 κατοικοῦντι
2312 4631 2364 4679 εν
2420 4625 2727 4699 ἀνθρώποις
2789 4621 2876 4678 διὰ
2930 4630 3026 4679 τοῦ
3084 4625 3399 4700 ΙῙνεῦματος
3471 4626 3637 4682 αὐτοῦ

288 4734 310 4768 ⁸
336 4737 501 4805 Prov.
534 4751 656 4800 vm,
689 4736 778 4790 22.
894 4736 914 4771 ⁷
944 4735 1190 4791 Malach.
1253 4753 1316 4805 II,
1375 4738 1458 4792 10.

1555 4737 1575 4772 ⁸
1633 4736 1785 4792 Psal.
1836 4754 1956 4793 cur.
2013 4738 2105 4802 2i),
2159 4736 2248 4789 30.

2363 4733 2611 4788 9Matth.
2667 4750 2783 4799 xvr,
2849 4734 2934 4787 17.
3049 4734 3094 4770 ¹⁰
3152 4734 3358 4790 Matth.
3423 4751 3504 4800 χι,
3540 4735 3630 4789 27.

212 4805 256 4881 ‘_'
293 4805 313 4860 Ι
344 4804 572 4881 (ξομ-ιι,
608 4808 695 4873 10,
731 4808 852 4881 11,_
897 4807 1019 4862 “.13
1059 4810 1173 4864 lsa.
1234 4804 1390 4875 1,2.
1472 4809 1516 4845 ίδ
1559 4808 1728 4865 Joan.
1788 4825 1874 4881 ιιι,

2063 4809 2106 4844 ¹⁵
2138 4806 2280 4863 ibid.
2328 4806 2383 4861 8.
2463 4807 2507 4842 ¹⁶
2536 4806 2704 4862 Joan.
2768 4822 2807 4872 ι,
2871 4806 2958 4873 12,
3018 4806 3106 4861 13.
3186 4806 3229 4842 ⁸⁷
3281 4810 3407 4862 Act.
3463 4823 3518 4861 v.
3576 4806 3633 4875 5,

210 4877 271 4931 4.
352 4876 881 4948 “iJoan.1v,13.

316 4983 371 5061 9)
405 4984 787 5061 {\ngliganps,
846 4983 930 5061 εἷὲ
970 4984 1105 5061 φησὶ
1158 4983 1344 5061 Σίμων
1404 4984 1511 5057 Βᾶρ
1573 4986 1879 5061 Ἰῳνᾶ,ὅτι.

1991 4984 2147 5061 λέγῃ.
2184 4986 2338 5061 Infra
2368 4984 2508 5061 hinc,
2560 4984 2715 5061 αὐτοὶ
2875 5003 2941 5061 με
2998 4980 3551 5061 ἠθέτηη-σαν,υάβε-υηι
3580 4983 3640 5061 in

220 5052 381 5130 I_n_t‘_ra
410 5052 734 5130 Seg.__(_}obl._
773 5060 851 5130 _et_
891 5052 1239 5130 Fel'ckman.
1280 5060 1305 5111 1
1342 5063 1397 5111 et
1424 5052 1636 5130 2,7:59';
1666 5052 1877 5115 ἑαυτοῦ.

219 5125 377 5180 Editi
411 5131 468 5180 et
497 5124 618 5202 alii,
650 5123 740 5202 xui
763 5124 857 5202 ἐπὶ
906 5127 1136 5202 ἑαυτοῦί
1169 5129 1300 5202 Max
1334 5134 1464 5200 post
1495 5123 1705 5202 Πατέρα
1736 5130 1878 5202 legi-

374 5194 527 5270 φησι,
553 5196 611 5270 in
636 5196 915 5270 editis,iet
937 5200 995 5254 in
1019 5194 1378 5270 quibusdam
1399 5217 1568 5267 mss.,
1598 5194 1697 5256 sed
1721 5194 1883 5258 deest

213 5268 439 5343 i_n__Seg.
472 5268 731 5343 Gobl._et
760 5269 911 5325 Felc.
950 5273 999 5325 1.
1036 5268 1184 5326 ibid.
1219 5272 1276 5326 in
1310 5272 1519 5328 iisdem
1551 5273 1764 5343 legitur
1794 5272 1879 5329 ἄν.

215 5204 337 5260 tur,

211 5339 371 5394 Editi
402 5347 460 5395 et
491 5340 612 5395 alii.
647 5336 756 5394 ἐάν.

294 5412 425 5483 (10)
446 5412 528 5483 Ita
559 5413 691 5483 Seg.
723 5409 890 5467 Gobl.
925 5419 984 5467 et
1014 5411 1269 5468 Felckm.
1307 5415 1357 5470 1.
1392 5415 1448 5469 in
1485 5415 1658 5471 editis
1689 5420 1745 5470 et
1775 5433 1884 5471 ce-

1990 5054 2185 5124 editis,
2218 5062 2275 5112 et
2298 5058 2591 5112 habentur
2621 5058 2677 5112 in
2711 5058 2853 5115 solis
2877 5059 3002 5126 Seg.
3032 5055 3196 5112 Gobl.
3230 5068 3286 5109 et
3306 5054 3560 5110 Felckm.
3586 5055 3639 5109 1.

1992 5132 2121 5187 Mnx
2153 5135 2280 5217 Seg:
2317 5131 2478 5184 solus
2510 5129 2601 5183 bis
2630 5130 2807 5184 habet
2835 5126 3249 5201 γεγεννημένον.
3278 5126 3347 5182 Et
3371 5126 3640 5197 inferius,

1990 5220 2397 5275 γεγεννημένος.

1993 5346 2030 5349 _
2063 5275 2170 5349 (1.3)
2204 5272 2432 5349 Gobler.
2469 5274 2526 5349 et
2555 5270 2808 5349 Felckm.
2842 5269 2911 5349 '1,
2943 5267 3031 5322 Ἐν
3088 5264 3145 5321 δὲ
3184 5271 3265 5340 τῷ
3321 5266 3646 5343 Εὐαγγελίῳ

1992 5342 2269 5412 Ἰωάννης,
2304 5350 2361 5399 et
2391 5345 2468 5414 ita
2498 5342 2639 5414 legit
2666 5342 2951 5414 Nannius.

2065 5418 2175 5485 (14)
2209 5409 2270 5469 ’1ο
2300 5409 2606 5485 Basilicus.
2642 5412 2943 5481 Anglican.
2977 5409 3327 5485 et_Fel_ckm.
3380 5412 3464 5485 2,
3486 5410 3649 5485 Ἀναο

217 5481 372 5538 teris
403 5481 559 5557 ἁγίου
590 5481 777 5557 deest.
809 5486 970 5540 Intra
996 5486 1334 5557 Seg._Uobl.
1368 5486 1624 5543 Felck‘m.
1661 5490 1710 5555 1,
1741 5489 1796 5557 2,
1829 5492 1887 5544 et

1993 5481 2101 5557 νίᾴ,
2132 5481 2365 5548 Ἀνανία,
2395 5483 2471 5537 τί.
2507 5484 2724 5540 ibidem
2757 5488 2991 5557 Seguer.
3011 5482 3293 5557 _Gobl.‘et
3321 5482 3574 5557 Felckm.
3598 5484 3650 5548 1,

215 5554 461 5609 Graecus
478 5555 1053 5627 AScripturmAtextus.
1074 5554 1280 5611 ῖπάντα.
1319 5558 1470 5613 Editi
1501 5564 1556 5614 et
1578 5554 1701 5627 alii,
1722 5554 1886 5613 ἄτιαν-

212 5625 574 5700 11.__A_ngl_ic.
608 5621 775 5695 i'bid.,
810 5621 1075 5700 διερευνᾷ.

294 5697 411 5839 γ11)
440 5694 534 5753 Sic
564 5694 771 5756 omnes
801 5694 949 5769 pene
980 5694 1387 5771 manuscripti.
1421 5702 1595 5770 Editi,
1629 5699 1794 5757 οιδεν.

327 5768 416 5838 12)
451 5769 537 5826 Ita
567 5771 696 5839 Seg.
730 5771 897 5828 Gobl.
932 5777 992 5828 et
1042 5771 1232 5834 Fclck.
1290 5774 1340 5827 1.
1378 5775 1437 5828 In
1470 5775 1643 5830 editis
1670 5781 1725 5830 et
1757 5792 1790 5830 a

1993 5548 2125 5615 cum
2158 5564 2353 5630 Graeco
2383 5548 2910 5630 Scripturzetextu,
2946 5548 3034 5630 διᾷ.
3057 5550 3471 5630 τίέπλῇρωσεν·
3552 5558 3656 5630 ξα-

1993 5634 2175 5689 τανᾶς.
2208 5629 2356 5684 hditi
2405 5633 2463 5681 et
2502 5623 2621 5691 alii,
2670 5626 2721 5680 τί
2765 5626 2793 5678 ὁ
2826 5627 3065 5686 Σατανᾶς
3123 5623 3462 5695 ἐπλήρωσεν.
3498 5626 3658 5682 Infra

1998 5702 2375 5773 Seguerian.”
2398 5699 2723 5773 Basilieus._
2740 5697 2972 5773 Gobler.
3029 5701 3087 5773 et
3117 5696 3370 5755 l’elckm.
3400 5700 3455 5773 5_,
3490 5696 3566 5773 sic
3592 5698 3655 5773 τὸ

327 5766 416 5846 12)
451 5769 537 5846 Ita
567 5771 696 5842 Seg.
730 5766 897 5828 Gobl.
932 5777 992 5828 et
1042 5771 1247 5846 Fclck,
1286 5766 1340 5827 1.
1378 5775 1437 5846 In
1470 5766 1643 5830 editis
1670 5781 1725 5830 et
1757 5773 1890 5846 aliis

2001 5766 2223 5846 Πνεῦμα
2251 5772 2313 5827 τὸ
2345 5771 2519 5844 ἅγιον.
2555 5771 2617 5828 In
2661 5769 2854 5839 editis,
2908 5766 2983 5831 εἷς
3019 5769 3204 5844 deest,
3238 5777 3303 5830 ut
3330 5774 3385 5830 et
3415 5766 3474 5829 in
3505 5771 3660 5830 Scri-

212 5842 453 5911 Πνεῦμα
492 5842 675 5900 deest.
733 5846 864 5902 Mox
914 5844 1169 5917 Angiic..
1217 5843 1342 5900 ὅταν
1391 5844 1562 5919 λέγει.
1601 5846 1735 5915 Alii,
1768 5845 1893 5901 ὅταν

2002 5842 2191 5920 pturaa
2220 5842 2406 5904 textu;
