4048 6396
277 445 431 506 1033

1319 447 1702 512 EPISTULA
1750 447 1854 508 AD
1897 445 2152 510 AFROS
2201 448 2653 512 EPISCOPOS.

3535 456 3692 516 1034

342 575 398 630 3.
453 573 678 631 Τούτων
733 572 791 631 δὲ
832 575 975 632 οὕτω
1023 575 1407 652 δεικνυμένων,
1465 577 1547 642 τίς
1605 575 1917 649 ἀποδέξεται

2105 581 2158 636 3.
2193 580 2295 638 His
2326 582 2408 637 ita
2439 583 2855 654 comprobatis,
2895 585 3028 655 quis
3087 600 3187 642 eos
3243 587 3536 659 admittat,
3591 599 3696 660 qui

272 662 400 726 τοὺς
430 663 527 732 τὴν
559 662 859 740 Ἀρίμηνον
913 668 1021 741 (27)
1073 665 1108 736 ἢ
1149 664 1325 738 ὂίλλην
1377 665 1601 724 σύνοδον
1652 668 1798 743 παρᾶ
1825 669 1924 737 τήν

275 751 326 808 ἰν
379 751 576 826 Νικαίᾳ
624 752 987 827 ὀνομάζοντας
1023 776 1036 826 ;
1069 756 1103 826 ἢ
1134 756 1216 820 τίς
1267 758 1368 812 οὐκ
1416 755 1474 813 ἂν
1525 759 1774 832 μισήσειε
1803 757 1926 820 τοὺς

277 842 600 906 ἆθετοῦντας
637 845 731 917 μὶν
761 844 827 899 τὰ
853 849 960 900 τῶν
1007 847 1281 923 Πατέρων,
1311 849 1378 902 τὰ
1408 844 1465 901 δὲ
1511 846 1748 922 νεώτερα
1773 847 1824 901 έν
1857 850 1925 920 τῇ

278 930 568 1007 ’Δριμήνῳ
617 933 753 989 κατᾶ
800 934 1132 1010 φιλονεικίαν
1183 935 1270 991 καὶ
1307 936 1426 1012 βίαν
1474 937 1781 1000 συντιθέντα
1812 938 1925 1010 (28)

277 1021 668 1097 προκρίνοντας
702 1041 715 1093 ;
749 1023 845 1086 Τίς
875 1021 933 1079 δὲ
960 1025 1174 1086 τούτοις
1204 1025 1478 1089 συνελθεῖν
1511 1023 1762 1096 ἐθελήσοι
1808 1029 1924 1085 τοῖς

277 1111 610 1184 ἀνθρώποις,
647 1109 788 1185 μηδὲ
816 1114 882 1168 τὰ
910 1115 1113 1169 ἑαυτῶν
1138 1111 1572 1190 ἀποδεχομένοις
1606 1133 1620 1184 ;
1655 1115 1724 1172 Οἱ
1747 1114 1848 1191 γὰρ
1872 1113 1923 1168 έν

274 1205 394 1264 ταῖς
423 1202 626 1256 ἑαυτῶν
661 1199 788 1257 δέκα
819 1224 924 1258 που
975 1203 1066 1258 καὶ
1110 1202 1275 1259 πλέον
1328 1205 1461 1279 (29),
1493 1203 1630 1258 καθά
1658 1204 1923 1278 προείπα-

279 1309 400 1363 μεν,
445 1288 713 1363 συνόδοις,
763 1289 965 1347 ἄλλοτε
1014 1289 1162 1347 ἄλλα
1203 1293 1521 1370 γράφοντες,
1571 1289 1735 1362 δῆλοί
1792 1291 1923 1346 εἰσιν

273 1379 504 1451 ἑκάστης
551 1379 709 1435 αὐτοὶ
759 1383 1060 1457 κατήγοροι
1110 1382 1389 1457 γινόμενοι
1465 1380 1741 1458 Πάσχουσι
1789 1378 1845 1436 δέ
1874 1401 1924 1435 τι

273 1472 544 1536 τοιοῦτον,
579 1471 695 1524 οἷον
727 1471 815 1525 καὶ
849 1471 900 1524 οἱ
931 1471 1054 1526 τότε
1076 1475 1184 1526 τῶν
1217 1467 1488 1528 Ἰουδαίων
1544 1468 1807 1547 προδόται
1837 1491 1928 1526 πε-

273 1559 554 1613 πόνθασινσ
609 1559 684 1622 ὡς
730 1558 834 1635 γὰρ
885 1557 1104 1630 ἐκεῖνοι,
1149 1559 1567 1634 καταλείψαντες
1611 1561 1711 1629 τὴν
1757 1559 1926 1634 μόνην

274 1647 460 1723 πηγὴν
510 1652 606 1703 τοῦ
656 1651 858 1718 ζῶντος
908 1646 1121 1719 ὕδατος,
1177 1647 1384 1726 ὤρυξαν
1437 1651 1648 1712 ἑαυτοῖς
1691 1647 1927 1712 λάκκους

277 1737 766 1814 συντετριμμένους
797 1738 930 1812 (30),
964 1740 1016 1793 οἳ
1044 1740 1106 1795 ού
1137 1736 1454 1811 δυνήσονται
1487 1737 1633 1816 ὕδωρ
1659 1738 1926 1815 συνέχειν,

275 1827 572 1903 γέγραπται
622 1825 680 1882 δὲ
726 1831 889 1883 τοῦτο
939 1828 1086 1904 παρὰ
1126 1833 1204 1900 τῷ
1250 1830 1505 1907 προφήτῃ
1553 1828 1801 1902 Ἱερεμίᾳ·
1835 1826 1921 1882 οὕ-

2035 669 2472 727 Ariminensem
2506 675 2606 727 aut
2636 670 2811 728 aliam
2847 674 3134 745 synodum
3168 680 3377 748 praeter
3400 675 3693 732 Nicmnam

2036 757 2099 813 in
2130 776 2228 816 ore
2260 759 2475 816 habet?
2507 765 2608 816 aut
2639 760 2772 832 quis
2802 778 2901 817 eos
2935 779 3050 818 non
3109 765 3317 834 oderit,
3377 765 3479 838 qui
3532 765 3692 836 abje-

2008 900 2009 903 η
2037 847 2146 904 ctis
2205 847 2442 905 Patrum
2506 849 2776 916 decretis,
2808 852 3133 908 recentiora
3161 853 3411 908 Arimini
3442 870 3546 926 per
3573 854 3693 910 vim

2036 939 2094 991 et
2123 937 2556 994 contentionem
2589 940 2925 1008 constituta,
2960 940 3077 997 illis
3109 943 3521 1015 anteponunt?
3550 944 3692 1009 Quis

2037 1030 2234 1081 autem
2267 1043 2400 1082 cum
2433 1028 2506 1084 iis
2538 1028 2846 1085 convenire
2878 1029 3015 1086 velit
3043 1031 3405 1102 hominibus,
3464 1031 3561 1103 qui
3619 1049 3692 1088 ne

2037 1130 2145 1170 sua
2203 1114 2441 1187 quidem
2499 1116 2613 1188 ipsi
2692 1118 3073 1190 approbant?
3138 1119 3282 1176 Nam
3354 1121 3496 1193 quin
3564 1119 3689 1176 suis

2036 1202 2235 1258 decem
2291 1209 2395 1259 aut
2451 1204 2718 1276 pluribus
2749 1205 2924 1262 etiam
2957 1207 3218 1280 synodis,
3255 1209 3338 1265 uti
3371 1213 3506 1266 ante
3539 1209 3687 1265 dixi-

2036 1307 2191 1363 mus,
2217 1293 2388 1349 modo
2419 1291 2540 1364 illa,
2564 1295 2737 1350 modo
2769 1295 2884 1350 alia
2913 1297 3296 1368 scripserunt,
3323 1298 3515 1371 palam
3547 1315 3690 1354 sane

2036 1380 2220 1437 fecere
2250 1398 2312 1438 se
2342 1381 2606 1456 singulas
2636 1399 2837 1440 earum
2867 1383 3158 1441 incusare.
3187 1387 3347 1442 idem
3388 1403 3559 1460 porro
3616 1387 3691 1443 iis

2035 1471 2270 1538 accidit,
2331 1472 2484 1544 quod
2544 1471 2681 1527 olim
2744 1473 3143 1545 proditoribus
3184 1474 3301 1531 illis
3338 1475 3594 1533 Judaeis:
3627 1481 3695 1532 ut

2037 1559 2192 1614 enim
2226 1558 2335 1631 illi,
2369 1559 2644 1616 derelicto
2675 1561 2847 1616 unico
2879 1578 3042 1634 aqua:
3073 1563 3318 1633 viventis
3362 1565 3542 1636 fonte,
3605 1565 3693 1622 fo-

2037 1649 2250 1704 derunt
2269 1648 2380 1704 sibi
2403 1649 2690 1706 cisternas
2711 1651 3052 1723 dissipatas,
3087 1668 3218 1724 quae
3237 1669 3451 1724 aquam
3507 1654 3697 1710 conti-

2038 1752 2175 1794 nere
2231 1755 2347 1794 non
2393 1738 2690 1807 valebunt,
2725 1743 2791 1795 ut
2820 1742 2975 1812 apud
3005 1741 3319 1798 Jeremiam
3349 1743 3696 1816 prophetam

2034 1827 2322 1899 scriptum
2355 1831 2444 1884 est
2473 1828 2512 1862 ²¹
2541 1853 2556 1896 ;
2589 1827 2675 1884 sic
2706 1832 2763 1884 et
2792 1828 2888 1885 isti
2918 1829 3202 1887 adversus
3229 1847 3410 1887 unam
3442 1835 3499 1888 et
3541 1848 3697 1888 oecu-

275 1937 383 1978 τως
414 1917 584 1990 οὗτοι,
637 1916 940 1992 μαχόμενοι
989 1917 1124 1991 πρὸς
1171 1919 1272 1987 τὴν
1322 1917 1445 1992 μίαν
1489 1919 1576 1972 καὶ
1613 1917 1928 1991 οἷκουμενι-

323 2007 338 2024 \
415 2007 519 2024 Inl\
600 2004 614 2024 Ι
689 2003 713 2024 θ
863 2001 889 2024 Ἰ
973 2007 993 2024 β
1113 2007 1127 2024 ε
1273 2012 1294 2022 -ι
1484 2004 1531 2024 Ιδ
1769 2005 1787 2024 Ἰ
1808 2006 1828 2024 ‘
1861 2008 1873 2024 1

2045 1917 2327 1972 menicam
2379 1917 2668 1989 synodum
2702 1918 3092 1988 decertantes,
3129 1918 3348 1976 multas
3378 1920 3491 1976 sibi
3522 1938 3694 1994 syno-

2053 2005 2146 2024 ,η
2669 2023 2678 2024 ,
2878 2023 2885 2024 ,
3302 2009 3326 2024 ,.
3681 2010 3692 2021 .

277 2007 377 2075 κήν
411 2007 522 2079 (31)
555 2003 798 2078 σύνοδον,
851 2001 1059 2081 ὤρυξαν
1113 2007 1322 2069 ἑαυτοῖς
1375 2004 1632 2070 συνόδους
1690 2005 1928 2070 πολλάς·

277 2094 366 2150 καὶ
397 2100 563 2150 πᾶσαι
615 2094 786 2163 κεναὶ,
837 2095 892 2149 αἲ
940 2096 1067 2172 παρ’
1095 2094 1279 2157 αὐτοῖς
1319 2097 1392 2158 ὡς
1423 2093 1642 2171 δράγμα
1674 2098 1749 2169 μὴ
1786 2090 1932 2172 ἔχων

281 2185 440 2261 ἱσχὺν
474 2182 765 2255 ἐφάνησαν.
801 2186 894 2254 Μὴ
929 2183 1104 2240 τοίνυν
1153 2186 1473 2260 ἆνεχώμεθα
1501 2190 1607 2240 τῶν
1653 2187 1751 2255 τήν
1785 2185 1932 2262 ’Λρί-

284 2293 455 2346 μηνον
488 2274 523 2342 ἢ
557 2270 735 2342 ἄλλην
765 2273 1149 2346 ὀνομαζόντων
1177 2271 1400 2328 σύνοδον
1429 2275 1574 2351 παρά
1601 2275 1700 2344 τήν
1751 2271 1802 2328 ἐν
1837 2281 1932 2328 Νι-

281 2362 410 2434 καίᾳ
433 2363 750 2436 γενομένην.
784 2361 882 2417 Καὶ
909 2364 1008 2438 γὰρ
1039 2362 1128 2417 καὶ
1177 2362 1330 2418 αύτοὶ
1382 2364 1432 2417 οἱ
1478 2365 1578 2432 τήν
1634 2363 1930 2440 Ἀρίμηνον

281 2450 641 2524 ὀνομάζοντες
683 2449 885 2507 ἐοίκασι
917 2454 992 2524 μὴ
1028 2449 1222 2507 εἷ’δέναι
1253 2452 1319 2507 τὰ
1349 2452 1400 2506 ἐν
1432 2453 1568 2528 αὐτῇ
1600 2453 1929 2529 πραχθένταο

277 2539 314 2610 ἢ
346 2542 448 2616 γὰρ
496 2538 556 2595 ἂν
613 2540 942 2612 ἐσιώπησαν.
977 2539 1175 2599 Οἴδατε
1215 2542 1338 2618 γὰρ,
1391 2541 1683 2618 ἀγαπητοὶ,
1734 2541 1934 2614 μαθόν-

279 2650 367 2693 τες
405 2628 493 2684 καὶ
544 2629 699 2703 ὑμεῖς
749 2630 894 2704 παρὰ
942 2633 1048 2685 τῶν
1100 2628 1362 2685 ἐλθόντων
1415 2629 1466 2700 ἐξ
1517 2631 1667 2703 ὑμῶν
1715 2629 1786 2691 εἷς
1832 2630 1931 2699 τὴν

282 2717 600 2795 Ἀρίμηνον,
650 2719 725 2781 ὡς
775 2718 1074 2795 Ούρσάκιος
1123 2719 1210 2774 καὶ
1261 2718 1510 2789 Οὐάλης,
1563 2716 1816 2789 Εὐδόξιος
1845 2717 1935 2774 καί

285 2808 595 2880 Δύξέντιος,
629 2806 740 2863 ἐκεῖ
769 2804 827 2862 δὲ
855 2808 920 2877 ἧν
974 2808 1067 2862 σὺν
1095 2809 1282 2870 αὐτοῖς
1320 2808 1408 2863 καὶ
1443 2807 1764 2886 Δημόφιλος
1797 2810 1934 2882 (32),

281 2895 674 2972 καθῃρέθησαν,
736 2896 1060 2967 θελήσαντες
1116 2893 1270 2973 ἕτερα
1320 2897 1467 2973 παρᾶ
1521 2897 1586 2951 τὰ
1637 2895 1686 2952 ἐν
1739 2896 1934 2968 Νικαίᾳ

278 2987 502 3066 γράφειν
537 3004 550 3017 '
612 2985 701 3042 ὅτε
760 2987 851 3042 καὶ
928 2986 1311 3058 ἆπαιτηθέντες

281 3077 566 3151 Ἀρειανήν
617 3075 845 3152 αἵρεσιν,
904 3077 1284 3153 παρῃτήσαντο
1319 3120 1333 3146 ,
1378 3076 1469 3132 καὶ
1520 3075 1734 3150 μᾶλλον
1762 3076 1929 3144 αὐτῆς

277 3163 476 3236 ἤθελον
512 3166 643 3221 εἶναι
676 3165 993 3242 προστάται.
1027 3166 1096 3224 Οἱ
1127 3163 1184 3222 δὲ
1208 3188 1269 3243 γε
1299 3165 1609 3235 ἐπίσκοποι,
1634 3167 1687 3221 o't
1708 3166 1929 3238 ἀληθῶς

275 3256 491 3333 γνήσιοι
523 3252 712 3311 δοῦλοι
744 3259 842 3311 τοῦ
874 3253 1078 3333 Κυρίου
1107 3255 1196 3311 καὶ
1224 3258 1338 3331 (33)
1365 3257 1538 3332 ὀρθῶς
1566 3255 1927 3329 πιστεύοντες,

1393 2988 1775 3061 ἀναθεματίσαι
1830 2990 1928 3058 τήν

2043 2005 2149 2061 dos
2181 2004 2506 2062 effoderunt
2540 2025 2551 2063 :
2584 2023 2896 2080 vacuaeque
2925 2024 3128 2065 omnes
3159 2007 3269 2064 illa:
3300 2009 3480 2079 fuere,
3524 2010 3694 2082 quasi

2041 2096 2361 2166 manipulus
2393 2097 2774 2166 infructuosus
2802 2097 2868 2151 ³³.
2902 2096 2984 2154 Ne
3010 2097 3272 2153 feramus
3305 2097 3488 2170 igitur
3537 2098 3693 2155 viros

2043 2184 2143 2256 qui
2204 2183 2637 2254 Ariminensem
2683 2185 2994 2258 synodum,
3027 2193 3128 2242 aut
3158 2186 3333 2242 aliam
3365 2191 3696 2243 memorant

2042 2277 2251 2344 praeter
2279 2273 2594 2329 Nicenam.
2625 2274 2772 2329 Nam
2804 2273 2886 2328 illi
2918 2274 3052 2346 ipsi,
3105 2274 3206 2346 qui
3261 2274 3694 2332 Ariminensem

2043 2361 2100 2416 in
2125 2378 2222 2417 ore
2252 2361 2493 2430 habent,
2525 2363 2797 2435 ignorare
2825 2362 3100 2418 videntur
3129 2379 3195 2419 ea
3226 2380 3353 2435 quae
3383 2363 3503 2420 illic
3533 2369 3701 2437 gesta

2043 2454 2184 2505 sunt
2216 2468 2229 2506 :
2265 2450 2481 2521 alioqui
2512 2451 2583 2506 de
2612 2449 2714 2506 illa
2745 2450 3003 2507 silerent.
3037 2451 3206 2508 Scitis
3241 2453 3426 2520 enim,
3476 2452 3696 2522 dilecti,

2043 2538 2452 2611 didicistisque
2479 2539 2552 2596 ab
2581 2539 2654 2595 iis
2687 2539 2788 2611 qui
2820 2556 2849 2596 e
2893 2544 3084 2596 vestra
3138 2541 3437 2614 provincia
3487 2543 3700 2598 Arimi-

2045 2645 2188 2684 num
2221 2644 2282 2685 se
2313 2628 2631 2698 contulere,
2667 2631 2960 2700 quomodo
2992 2629 3292 2703 Ursacius,
3316 2631 3554 2704 Valens,
3588 2633 3700 2688 Eu-

2043 2718 2248 2774 doxius
2279 2722 2336 2773 et
2366 2718 3075 2790 Auxentius,quibuscum
3108 2720 3229 2776 illic
3260 2725 3382 2776 erat
3413 2725 3470 2778 et
3503 2723 3700 2779 Demo-

2042 2807 2262 2880 philus,
2293 2822 2424 2862 cum
2450 2812 2658 2879 praeter
2706 2807 2805 2863 illa
2837 2825 2968 2881 quae
2999 2809 3199 2864 Niczsae
3225 2811 3544 2866 constituta
3575 2812 3698 2868 fue-

2043 2896 2596 2968 rant,aliaqumdam
2613 2897 2866 2953 scribere
2879 2897 3364 2972 vellent,depositi
3380 2900 3696 2973 sunt(35*).

2042 2987 2282 3054 Quando
2314 2985 2520 3057 rogati,
2563 2990 2629 3040 ut
2682 2985 2958 3042 Arianam
3014 2987 3262 3043 heresin
3322 2988 3695 3046 anathemate

2043 3075 2412 3142 damnarent,
2471 3090 2532 3130 re
2581 3073 2668 3130 illi
2727 3080 2958 3149 negata,
3007 3075 3343 3133 maluerunt
3376 3077 3536 3135 illius
3565 3094 3694 3135 esse

2040 3165 2294 3236 patroni.
2328 3164 2598 3236 Episcopi
2641 3168 2843 3220 contra
2895 3165 2992 3237 qui
3050 3166 3265 3222 sinceri
3321 3171 3489 3224 erant
3544 3167 3694 3224 servi

2039 3252 2366 3321 Domini,et
2387 3270 2531 3308 sana
2551 3253 2664 3308 ﬁde
2687 3252 3194 3326 praediti,numero
3224 3257 3407 3312 ferme
3437 3257 3694 3329 ducenti,

276 3329 409 3412 ἦσαν
472 3340 530 3398 δὲ
585 3342 744 3420 ἐγγὺς
797 3329 1087 3415 διακόσιοι,
1137 3329 1706 3421 ἔγραψαν-ἀρκεῖσθαι
1753 3349 1822 3420 τῇ
1873 3348 1925 3400 έν

2045 3342 2225 3399 solam
2257 3342 2552 3398 Nicasnam
2587 3344 2878 3415 synodum
2911 3343 3052 3400 satis
3093 3344 3206 3401 sibi
3264 3360 3392 3401 osse
3446 3344 3696 3418 scripse-

276 3432 471 3505 Νικαίᾳ
521 3433 678 3508 μόνῃ,
711 3432 799 3488 καὶ
857 3431 1024 3506 μηδὲν
1071 3433 1239 3490 πλέον
1272 3433 1307 3503 ἢ
1339 3432 1564 3490 ἔλαττον
1613 3436 1742 3510 παρ’
1793 3433 1928 3490 ἐκεί-

277 3542 372 3592 νην
403 3526 584 3593 ζητεῖν
627 3521 663 3592 ἢ
714 3527 952 3600 φρονεῖν.
1000 3527 1175 3577 Ταῦτα
1220 3521 1310 3578 καὶ
1361 3523 1719 3596 Κωνσταντίῳ
1770 3521 1929 3594 δεδη-

281 3608 512 3684 λώκασι,
541 3614 621 3682 τῷ
650 3610 738 3666 καὶ
786 3612 885 3681 τὴν
932 3608 1154 3666 σύνοδον
1187 3614 1296 3684 (34)
1325 3610 1635 3667 κελεύσαντι
1663 3613 1927 3688 γενέσθαι.

281 3698 440 3755 Ἀλλ’
471 3700 522 3754 οἱ
577 3698 628 3755 ἰν
676 3703 745 3774 τῇ
797 3701 1088 3774 ’Δριμήνῳ
1135 3699 1559 3776 καθαιρεθέντες,
1601 3699 1927 3764 ἀπελθόντες

279 3789 416 3864 πρὸς
450 3790 839 3860 Κωνστάντιον,
894 3790 1255 3859 πεποιήκασιν
1311 3783 1629 3864 ὑϐρισθῆναι
1664 3789 1758 3863 μὲν
1790 3791 1927 3864 (35),

278 3877 508 3940 ἀπειλὰς
562 3875 619 3932 δὲ
675 3879 947 3952 γενέσθαι,
1004 3878 1078 3950 μὴ
1141 3877 1477 3951 ἀνακάμψειν
1508 3877 1582 3940 εἷς
1637 3879 1732 3941 τὰς
1792 3875 1928 3941 ἰδίας

277 3966 572 4043 παροικίας
619 3965 745 4027 τοὺς
792 3966 909 4020 κατ’
959 3966 1137 4020 αὐτῶν
1188 3966 1666 4045 ἀποφηναμένους,
1715 3966 1836 4042 βίαν
1872 3988 1931 4022 τε

279 4060 471 4119 παθεῖν
513 4052 567 4109 ἐν
615 4058 682 4128 τῇ
731 4054 912 4130 Θρᾴκῃ
958 4052 1010 4108 ἐν
1061 4053 1208 4127 αύτῷ
1254 4055 1334 4128 τῷ
1363 4060 1622 4131 χειμῶνι·
1655 4055 1793 4112 ὥστε
1820 4060 1930 4111 τῶν

279 4145 411 4220 παρ’
437 4143 613 4199 αὐτῶν
636 4143 1150 4218 καινοτομουμένων
1182 4144 1489 4220 ἀνέχεσθαι.

352 4323 404 4380 4.
438 4318 603 4399 Εἴπερ
654 4318 745 4376 οὗν
793 4341 936 4384 τινες
985 4321 1083 4389 τήν
1115 4320 1410 4397 ’Δρίμηνον
1444 4321 1794 4395 ὀνομάζουσι,
1824 4319 1932 4377 δει-

280 4412 558 4467 κνύτωσαν
600 4414 817 4486 πρῶτον
870 4412 972 4481 τὴν
1023 4409 1327 4484 καθαίρεσιν
1355 4413 1462 4465 τῶν
1493 4409 1930 4486 προειρημένων,

283 4500 373 4556 καὶ
405 4501 539 4577 ἅπερ
570 4494 807 4577 ἔγραψαν
838 4499 890 4554 οἱ
931 4496 1241 4567 ἐπίσκοποι,
1275 4495 1528 4574 λέγοντες
1565 4497 1731 4573 μηδὲν
1762 4497 1930 4555 πλέον

287 4592 470 4662 ζητεῖν
516 4593 625 4645 τῶν
666 4587 717 4644 ἐν
768 4586 967 4660 Νικαίᾳ
1011 4585 1157 4662 παρό⁴
1204 4590 1312 4642 τῶν
1360 4586 1612 4660 Πατέρων
1658 4586 1936 4664 ὁμολογη-

357 4760 403 4796 ²¹
429 4758 646 4817 Jerem.
675 4775 738 4826 ιι,
771 4757 860 4815 13.
937 4756 983 4792 ²²
1013 4755 1146 4813 Ose.
1177 4771 1303 4823 vm,
1332 4755 1388 4810 7.

357 4931 471 5003 (27)
503 4930 635 4985 Haec
664 4929 961 5003 habentur
1009 4926 1189 5003 apud
1212 4925 1553 5003 Theo_do_ret.
1608 4927 1745 4984 Hist.
1770 4929 1946 5003 _ec_cl.,

425 4995 490 5125 1i,
517 5018 646 5073 cap.
677 5001 768 5069 23,
803 5001 903 5072 qui
939 4995 1067 5054 moi
1096 4995 1300 5065 habet,
1345 4995 1628 5070 Δρίμινον.
1663 5004 1720 5055 et
1767 4995 1941 5071 infra,

360 5092 462 5125 οιυ.
489 5092 588 5125 νω.

290 5074 588 5131 Ἀοιμίνψ.

359 5092 756 5217 fégiv‘i’iegius
814 5139 1356 5217 et__'l‘heod_oretus,
1409 5137 1735 5217 συντεθέντα.
1797 5141 1946 5217 Editi

287 5209 425 5275 vero
449 5209 505 5272 et
537 5214 658 5283 alii,
693 5209 1017 5287 συντιθέντα.
1051 5211 1280 5287 ibidem
1330 5212 1586 5287 ξῖεξεὶιιε.⁸
1614 5209 1945 5287 προκρίναν-

288 5309 406 5350 τας.
443 5287 601 5343 Infra
631 5279 1014 5358 Anglicanus,
1049 5279 1296 5351 ἐθελήσει
1329 5279 1504 5358 ἀνθρη
1528 5279 1946 5352 Thebdoretus,

294 5359 601 5429 ἐθελήσειεν
635 5356 785 5428 ἀνθρ.

382 5422 474 5504 29)
499 5422 925 5504 Theodoretus,
961 5422 1157 5504 πλείω.

389 5496 478 5570 30)
511 5497 1208 5574 Συντετριμμένουεᾲεθξῐ
1240 5497 1297 5552 in
1333 5496 1717 5574 Theodoreto.

388 5567 478 5646 31)
513 5567 874 5646 Anglicanus
906 5570 1415 5646 et_Theodoretus,
1466 5569 1600 5646 πρὸς
1633 5569 1732 5636 τὴν
1765 5567 1948 5646 οἰκου-

296 5639 544 5719 μενικήν.
604 5639 840 5719 Regius,
890 5642 1027 5719 πρρς
1082 5641 1181 5719 τήν
1212 5639 1384 5719 μόνην
1418 5639 1946 5719 καῖὀίκουμενικήν.

294 5711 448 5776 Editi
480 5711 614 5776 vero
646 5711 713 5775 et'
731 5717 850 5790 alii,
881 5711 1018 5790 πρὸς
1049 5714 1176 5790 τῂν-
1212 5711 1335 5790 μίαν
1390 5711 1478 5790 καὶ
1539 5711 1944 5790 οἰκουμινικήν.

297 5791 453 5849 Infra
485 5791 546 5849 in
576 5789 756 5865 Regio
785 5788 840 5844 ai
864 5786 1027 5846 deest
1055 5786 1280 5844 Ibidem
1300 5786 1518 5860 Regius
1547 5786 1741 5860 prima
1769 5803 1950 5844 manu

604 5919 871 5983 ΡΑι-ιοι..
918 5917 1030 5983 Gn.
1079 5915 1298 5982 XXVI.

2041 3437 2198 3500 runt,
2257 3437 2316 3488 et
2346 3436 2554 3504 prater
2583 3431 2744 3488 illam
2776 3449 2881 3488 nec
2911 3431 3045 3505 plus
3077 3450 3182 3490 nec
3212 3433 3410 3490 minus
3442 3451 3702 3507 queren-

2041 3522 2182 3577 dum
2212 3526 2315 3577 aut
2347 3522 2722 3577 sentiendum
2768 3538 2916 3578 esse.
2980 3524 3106 3578 Haec
3165 3524 3304 3579 item
3358 3524 3698 3581 Constantio

2040 3611 2474 3683 signiﬁcarunt,
2509 3609 2609 3682 qui
2641 3611 2931 3683 synodum
2964 3610 3244 3668 celebrari
3269 3613 3552 3684 jusserat.
3587 3613 3696 3670 Ve-

2040 3716 2171 3755 rum
2205 3700 2302 3772 qui
2369 3698 2609 3754 Arimini
2670 3699 2919 3772 depositi
2979 3701 3226 3769 fuerant,
3287 3703 3693 3758 Constantium

2041 3789 2344 3857 adeuntes,
2409 3789 2560 3843 114
2590 3788 2908 3844 effecerunt
2937 3793 3003 3845 ut
3032 3789 3440 3862 indignissime
3470 3792 3694 3863 accipe-

2042 3881 2243 3933 rentur
2271 3875 2376 3947 illi,
2408 3877 2586 3933 minis
2619 3894 2852 3949 quoque
2884 3878 3120 3946 additis,
3156 3896 3267 3934 non
3301 3878 3532 3934 licitum
3574 3880 3694 3935 fore

2039 3966 2158 4021 illis
2189 3965 2287 4038 qui
2321 3969 2524 4021 contra
2553 3981 2614 4021 se
2635 3966 2986 4022 sententiam
3015 3966 3312 4035 tulissent,
3331 3966 3402 4022 ad
3425 3967 3694 4039 proprias

2039 4054 2314 4111 ecclesias
2345 4055 2686 4127 remigrare,
2717 4055 2951 4127 vimque
2981 4055 3143 4128 ipsos
3174 4055 3234 4110 in
3284 4055 3543 4124 Thracia,
3593 4054 3696 4112 illa

2039 4145 2171 4217 ipsa
2223 4143 2435 4212 hieme,
2472 4160 2898 4216 perpessuros;
2930 4149 2994 4199 ut
3025 4159 3093 4200 eo
3123 4148 3293 4216 pacto
3323 4159 3417 4199 res
3446 4161 3480 4199 a
3510 4159 3573 4200 se
3601 4143 3697 4199 in-

2041 4236 2280 4289 novatas
2311 4230 2397 4286 illi
2430 4231 2764 4289 tolerarent.

2113 4323 2164 4376 4.
2190 4320 2249 4376 Si
2281 4321 2383 4392 qui
2405 4336 2542 4392 ergo
2565 4320 2995 4378 Ariminensem
3019 4322 3310 4394 synodum
3342 4327 3700 4396 proponunt,

2044 4411 2343 4484 proferant
2366 4409 2623 4480 primum
2655 4425 2882 4478 eorum,
2915 4427 3065 4482 quos
3123 4411 3465 4480 memoravi,
3526 4413 3701 4484 depo-

2045 4499 2341 4566 sitionem,
2376 4503 2554 4571 atque
2582 4501 2991 4573 episcoporum
3025 4501 3310 4575 rescripta
3356 4501 3701 4573 dicentium,

2045 4594 2257 4663 praeter
2284 4605 2510 4660 ea,qusa
2541 4606 2574 4646 a
2603 4589 2880 4648 Patribus
2901 4591 3103 4648 Nicaea
3133 4591 3428 4650 declarata
3451 4593 3704 4660 fuerant,

3535 4932 3564 4945 ω

2061 4927 2248 5005 habet
2271 4921 2514 5001 δράχμα,
2548 4929 2827 5005 secunda,
2881 4924 3409 5005 δράγμαυΑηεὶὶοη,
3467 4927 3701 5005 δ-ρᾶγμα.

2062 4951 2240 4984 nauem
2271 4951 2514 5001 οραχμα,
2548 4951 2827 4998 secunda,
2881 4951 3113 5004 οραγμα.
3147 4951 3409 5015 langucq
3467 4951 3701 5060 opayﬁg.

2054 4999 2475 5078 Theodoretus,
2532 4998 2608 5078 ῶς
2660 4995 2940 5078 δράγματα
2996 5001 3071 5078 μὴ
3130 4997 3325 5078 έχοντα
3383 5002 3561 5078 ἰσχύν.
3617 5020 3703 5078 ,ιο

2056 5070 2222 5127 locus
2251 5073 2408 5127 viros
2438 5071 2611 5126 torsit
2640 5070 2918 5140 eruditos,
2953 5070 3050 5143 qui
3084 5070 3198 5129 non
3218 5070 3590 5131 advertei'unt
3614 5076 3702 5132 lo-

2056 5159 2188 5217 cum
2218 5143 2276 5199 in
2311 5143 2458 5217 Osca
2491 5143 2778 5217 propheta
2807 5146 2892 5200 sic
2923 5145 3035 5216 legi
3066 5146 3256 5217 capite
3284 5164 3404 5217 vni,
3438 5163 3607 5204 versu
3637 5149 3701 5203 7:

2057 5210 2269 5293 δράγμα
2301 5213 2402 5267 οὐκ
2426 5206 2560 5293 ἔχον
2599 5206 2774 5293 ’ἰσχὺν
2833 5217 2931 5293 τοῐξ
2979 5206 3211 5293 ’ποιῆσαι
3266 5206 3518 5293 ἄλευρον.
3574 5223 3704 5293 Μοᾼχ

2104 5282 2877 5362 beodoretus,ﬂectitﬂectit
2909 5282 3260 5358 Anglicanus
3301 5291 3371 5362 in
3402 5282 3702 5362 sequenti-

2055 5361 2168 5414 bus
2201 5375 2370 5430 saepe.
2407 5357 2779 5428 Ἀριαμήνων.
2815 5357 3234 5432 Theodoretus,
3295 5357 3592 5436 ’Δρίμινον,
3649 5365 3707 5420 et

2059 5429 2326 5482 Ἀοιιιίνω
2357 5428 2550 5482 habet.

2059 5429 2326 5482 Ἀοιιιίνω
2357 5429 2550 5482 habet.

2075 5431 2326 5552 Aptplv$
2357 5431 2550 5482 habet.
3222 5431 3225 5432 ν
3357 5431 3364 5436 ’
3418 5431 3426 5434 ⁷

2127 5502 2240 5571 (32)
2324 5501 2415 5554 ide
2446 5516 2573 5569 quae
2607 5500 2677 5555 de
2707 5499 2801 5556 his
2832 5500 3091 5559 diximus
3120 5501 3178 5558 in
3216 5506 3351 5559 Vita
3407 5505 3705 5562 Athanasii

2058 5573 2128 5628 ad
2163 5588 2382 5626 annum
2415 5571 2539 5624 359.

2130 5643 2241 5713 (33)
2276 5643 2362 5697 Ita
2383 5642 2619 5713 Regius.
2655 5643 2715 5697 In
2749 5642 2923 5713 editis
2953 5661 3086 5700 vero
3112 5643 3202 5699 καί
3231 5647 3414 5705 deest.

2139 5711 2222 5770 34
2280 5711 2703 5781 Τῇθοᾶοΐθῑυε,
2736 5711 3048 5770 κελεύσαντι
3078 5719 3415 5792 γεγενῆσθαι.

2133 5711 2244 5860 (35)
2277 5785 2692 5857 Theoderetus,
2727 5785 2822 5860 μὲν
2853 5784 3070 5852 αύτούς.

2155 5784 2244 5860 35)
2277 5785 2692 5857 Theoderetus,
2727 5785 2822 5860 μὲν
2853 5784 3070 5852 αύτούς.

2225 5643 2244 5860 ἒ

3344 5923 3420 5985 33
