4048 6406
244 499 390 562 1037

1281 495 1663 559 EPISPOLA
1707 495 1810 556 AD
1855 495 2112 557 AFROS
2159 497 2610 560 EPISCOPOS.

3495 502 3650 564 1038

240 625 688 706 περιϐομϐοῦσιν,
721 631 797 692 ὡς
828 632 1110 701 κώνωπες,
1140 634 1421 706 πανταχοῦ
1465 629 1589 705 περὶ
1636 632 1736 694 τῆς
1795 626 1871 684 λέ·

2002 629 2284 688 simulant
2313 649 2373 688 se
2431 648 2566 688 cum
2594 632 2828 689 Nicaena
2858 635 3080 706 synodo
3127 649 3408 706 pugnare,
3441 635 3513 690 de
3535 651 3650 707 qua

244 721 392 792 ξεως,
425 719 460 790 ἢ
494 720 570 783 ὡς
602 720 922 796 ἀγνοοῦντες
953 721 1388 796 προσκόπτουσιν
1424 719 1498 781 εἰς
1533 717 1683 788 αὐτὸ,
1716 719 1789 780 ὡς
1836 718 1887 772 οἱ

244 810 676 885 προσκόπτοντες
729 811 841 883 (45)
893 809 968 871 εἰς
1027 809 1118 863 τὸν
1164 807 1380 874 τεθέντα
1428 807 1580 872 λίθον
1632 807 1682 862 ἐν
1742 807 1884 861 Σιὼν

243 898 686 975 προσκόμματος·
719 899 754 968 ἢ
785 899 1111 974 γινώσκουσι
1145 897 1264 971 μέν,
1313 895 1400 952 διὰ
1446 901 1606 951 τοῦτο
1664 893 1723 950 δὲ
1783 897 1884 969 μά-

243 1007 429 1064 χονται
459 987 549 1042 καὶ
582 991 826 1062 συνεχῶς
849 986 1229 1064 γογγύζουσιν,
1269 985 1350 1041 ὅτι
1407 986 1543 1041 κατά
1587 989 1688 1055 τῆς
1732 986 1882 1057 αἱρέ-

242 1081 372 1139 σεώς
404 1075 546 1131 ἐστιν
581 1075 758 1131 αὐτῶν
786 1075 1006 1147 ἀληθῶς
1040 1075 1173 1145 αὕτη
1229 1076 1316 1130 καὶ
1381 1069 1610 1151 ἀκριϐὴς
1669 1074 1879 1149 ἀπόφα-

239 1187 334 1230 σις.
389 1165 465 1224 Ού
511 1165 612 1242 γὰρ
663 1167 718 1220 αἱ
777 1165 946 1236 λέξεις
993 1165 1188 1226 αὐτοὺς
1233 1161 1516 1232 λυποῦσιν,
1569 1160 1694 1217 ἀλλ’
1741 1164 1774 1232 ἡ
1825 1160 1879 1216 ἐν

237 1254 368 1330 αὐτῇ
417 1254 681 1332 γενομένη
747 1254 1058 1328 κατάγρισις
1116 1253 1313 1311 αὐτῶν.
1375 1253 1473 1308 Καὶ
1547 1252 1756 1307 τούυων
1821 1250 1880 1306 δὲ

235 1344 396 1400 πάλιν
430 1343 595 1399 αἶ’τιοι
638 1345 920 1420 γεγόνασιν
957 1343 1134 1414 αὐτοὶ,
1161 1344 1250 1398 καὶ
1301 1343 1346 1398 εἰ
1402 1347 1564 1397 τοῦτο
1620 1341 1873 1416 κρύπτειν

235 1433 384 1489 αὐτοὶ
441 1432 680 1507 θέλουσι,
712 1436 890 1489 καίτοι
938 1434 1321 1507 γινώσκοντες,
1372 1430 1498 1486 ἀλλ’
1546 1433 1695 1505 ἡμᾶς
1748 1426 1874 1485 ἀκό-

235 1522 428 1588 λουθον
464 1521 764 1578 εἰπεῖν·⁹ίνα
819 1523 908 1578 καὶ
961 1521 1020 1578 ἐκ
1073 1521 1277 1577 τούτων
1340 1523 1374 1590 ἡ
1437 1521 1570 1594 μετὰ
1619 1519 1875 1592 ἀληθείας

235 1608 476 1690 ἀκρίϐεια
503 1620 602 1684 τῆς
638 1612 882 1690 μεγάλης
911 1610 1136 1668 συνόδου
1185 1610 1400 1688 δειχθῇ.
1429 1615 1542 1665 Τῶν
1602 1610 1702 1687 γὰρ
1752 1630 1872 1666 συνε-

233 1699 492 1767 ελθόντων
527 1701 833 1757 ἐπισκόπων
871 1700 1224 1777 βουλομένων
1285 1701 1377 1762 τὰς
1425 1701 1516 1774 μὶν
1567 1701 1712 1776 παρὰ
1763 1704 1869 1756 τῶν

230 1791 521 1867 Ἀρειανων
559 1794 676 1864 (46)
706 1791 1075 1870 έφευρεθείσας
1122 1798 1221 1862 τῆς
1271 1785 1514 1854 ἀσεϐείας
1561 1789 1730 1860 λέξεις
1778 1789 1871 1844 ἀν-

227 1879 387 1936 ελεῖν’
422 1883 484 1936 τὸ
516 1881 605 1952 Ἐξ
659 1880 758 1936 οὐκ
801 1878 993 1937 ὄντων·
1026 1881 1116 1936 καὶ
1171 1881 1234 1935 τὸ
1293 1881 1473 1955 λέγειν
1531 1880 1729 1952 κτίσμα
1779 1878 1869 1934 καὶ

224 1970 434 2044 ποίημα
463 1971 553 2026 τὸν
582 1970 721 2025 Υἱόν·
757 1972 867 2040 καὶ,
897 1971 995 2028 Ἠν
1041 1991 1192 2040 ποτε,
1221 1969 1308 2025 ὅτε
1361 1969 1459 2024 οὐκ
1513 1969 1601 2038 ἦν·
1635 1969 1726 2023 καὶ
1786 1969 1869 2024 ὅτι

224 2067 458 2136 τρεπτῆς
490 2059 599 2115 ἐστι
633 2059 861 2139 φύσεως*
894 2061 960 2115 τὰ
1008 2057 1066 2114 δὲ
1117 2063 1224 2114 τῶν
1277 2063 1503 2136 Γραφῶν
1564 2056 1868 2133 ὁμολογου-

231 2149 390 2223 μένας
430 2149 652 2226 γράψαιο
688 2151 771 2205 ὅτι
799 2171 858 2205 τε
888 2149 948 2204 ἐκ
1001 2153 1097 2204 τοῦ
1150 2147 1287 2204 Θεοῦ
1332 2153 1401 2214 τῆ
1451 2147 1603 2225 φύσει
1632 2151 1742 2218 (47)
1773 2169 1869 2222 μο-

222 2241 446 2314 νογενής
476 2237 616 2294 ἐστιν
645 2239 673 2293 6
705 2238 902 2315 Λόγος,
937 2235 1190 2310 δύναμις,
1223 2237 1383 2315 σοφία
1429 2237 1568 2310 μόνη
1614 2237 1709 2291 τοῦ
1758 2243 1866 2292 Πα-

219 2329 365 2402 τρὸς,
397 2330 528 2389 Θεὸς
585 2326 868 2400 ἀληθινὸς,
929 2329 1003 2389 ὡς
1064 2328 1207 2382 εἶπεν
1256 2327 1284 2380 6
1335 2326 1608 2396 Ἰωάννης’
1642 2326 1730 2381 καὶ
1790 2327 1865 2387 ὡς

221 2415 443 2494 ἔγραψεν
478 2418 505 2472 6
538 2416 776 2486 Παῦλος,
809 2416 1143 2492 ἀπαύγασμα
1170 2423 1270 2486 τῆς
1331 2412 1512 2488 δόξης,
1545 2415 1635 2470 καὶ
1691 2435 1864 2491 χαρα-

221 2508 355 2583 κτήρ
384 2510 485 2572 τῆς
510 2512 607 2562 τοῦ
655 2508 867 2582 ΙΙατρὸς
915 2507 1279 2568 ὑποστάσεως·
1312 2506 1362 2559 οἱ
1412 2505 1536 2581 περὶ
1586 2499 1863 2575 Εὖσέϐιον,

219 2596 318 2652 ὑπὸ
346 2603 442 2666 τῆς
477 2594 617 2659 ἰδίας
647 2594 966 2669 κακοδοξίας
995 2593 1306 2669 ἑλκόμενοι,
1342 2592 1632 2649 διελάλουν
1683 2592 1866 2664 ἀλλή-

219 2683 358 2748 λοις·
394 2685 743 2759 Συνθώμεθα’
797 2685 886 2741 καὶ
943 2685 1044 2762 γὰρ
1103 2685 1192 2740 καὶ
1246 2686 1410 2758 ἡμεῖς
1463 2684 1523 2739 ἐκ
1579 2687 1674 2738 τοῦ
1731 2679 1864 2738 Θεοῦ

219 2773 396 2848 ἐσμεν·
433 2775 508 2836 εἷς
564 2773 666 2850 γὰρ
721 2774 870 2843 Θεὸς,
919 2773 970 2845 ἐξ
1019 2774 1079 2828 οὗ
1137 2773 1203 2828 τὰ
1258 2773 1448 2828 πάντα·
1482 2773 1593 2841 καὶ,
1644 2773 1720 2827 Τὰ
1775 2773 1898 2849 ἀρ-,

216 2867 350 2940 χαῖα
405 2862 707 2938 παρῆλθεν,
755 2860 873 2917 ἰδοὺ
922 2865 1114 2937 γέγονε
1166 2862 1236 2917 τὰ
1287 2863 1460 2916 πάντα
1512 2863 1624 2936 (48)
1682 2861 1862 2917 καινά.

218 2954 300 3009 Τὰ
326 2949 384 3007 δὲ
413 2951 588 3007 πάντα
616 2951 675 3006 ἐκ
702 2957 800 3007 τοῦ
843 2956 998 3009 Θεοῦ.
1031 2951 1379 3028 Ἐλογίζοντο
1433 2948 1490 3005 δὲ
1546 2951 1633 3005 καὶ
1694 2951 1755 3005 τὸ
1812 2949 1865 3006 έν

217 3045 296 3113 τῷ
353 3042 584 3114 Ποιμένι
642 3042 752 3114 (49)
811 3042 1048 3119 γραφέν·
1101 3045 1324 3117 Πρῶτον
1380 3040 1594 3102 πάντων
1649 3039 1864 3095 πίστευ-

224 3151 338 3201 σον,
373 3131 456 3184 8τι
514 3131 589 3192 εἷς
647 3130 787 3185 ἐστιν
840 3130 868 3184 6
926 3131 1077 3201 Θεὸς,
1114 3131 1142 3184 6
1195 3130 1263 3184 τὰ
1316 3130 1490 3184 πάντα
1536 3128 1719 3193 κτίσας
1776 3128 1868 3183 καὶ

226 3219 566 3294 καταρτίσας,
623 3219 713 3274 καὶ
771 3221 1003 3290 ποιήσας
1056 3218 1116 3274 ἐκ
1170 3223 1268 3274 τοῦ
1327 3220 1403 3293 μὴ
1459 3214 1612 3281 ὄντος
1673 3219 1749 3281 εἰς
1805 3219 1868 3274 τὸ

227 3309 378 3366 εἶναι,
411 3306 564 3365 ’Λλλ³
593 3309 645 3363 οἱ
691 3308 998 3379 ἐπίσκοποι,
1047 3309 1417 3382 θεωρήσαντες
1473 3309 1571 3378 τὴν
1629 3328 1865 3384 πανουρ-

1997 719 2158 775 velut
2206 720 2423 778 culices
2472 722 2933 796 circumquaque
2971 727 3326 792 susurrant;
3376 724 3436 779 in
3489 723 3648 779 illam

1995 814 2148 865 certe
2181 809 2267 866 vel
2298 811 2634 884 ignorantes
2670 811 3029 884 impingunt,
3053 811 3651 883 quemadmodumilli

1996 897 2094 954 alli
2127 900 2226 970 qui
2261 899 2600 973 impingunt
2619 900 2677 956 in
2712 900 2968 972 lapidem
3005 901 3268 958 scandali
3297 904 3556 975 positum
3587 902 3646 956 in

1993 986 2130 1042 Sion
2162 989 2243 1057 3°;
2281 996 2404 1059 aut,
2448 990 2583 1046 licet
2637 989 2798 1046 illam
2848 994 3026 1062 probe
3074 991 3290 1060 norint,
3339 995 3658 1068 propterea.

1991 1075 2291 1133 decertant
2322 1095 2428 1134 nec
2467 1083 2700 1136 cessant
2749 1079 3218 1149 obmurmurare,
3253 1081 3406 1152 quod
3457 1097 3524 1136 ea
3565 1079 3643 1135 sit

1992 1180 2123 1220 vera
2152 1170 2209 1221 et
2256 1172 2529 1224 accurata
2567 1172 2769 1225 contra
2816 1186 2985 1244 suam
3025 1171 3272 1226 heresin
3326 1170 3637 1228 sententia.

1987 1252 2113 1309 Non
2145 1255 2301 1311 enim
2334 1256 2419 1311 illi
2449 1257 2628 1313 verba
2657 1257 2902 1314 moleste
2925 1259 3137 1329 ferunt,
3190 1261 3290 1315 sed
3317 1277 3485 1317 suam
3518 1259 3639 1314 illic

1986 1342 2274 1416 prolatam
2307 1346 3104 1420 damnationem.Horumque
3136 1366 3340 1405 rursus
3371 1354 3639 1405 auctores

1984 1431 2069 1487 illi
2101 1439 2260 1499 sunt,
2285 1436 2522 1490 tametsi
2553 1451 2678 1491 rem
2737 1436 2850 1492 sibi
2904 1439 3083 1508 probe
3125 1442 3323 1494 notam
3356 1439 3635 1496 dissimu-

1982 1521 2125 1591 lant,
2153 1524 2299 1580 715
2326 1540 2505 1595 quare
2531 1541 2636 1596 par
2659 1523 2836 1580 fuerit
2881 1532 2944 1579 ut
2993 1525 3106 1598 ipsi
3156 1544 3497 1596 narremus;
3521 1546 3636 1600 quo

1982 1610 2120 1666 hinc
2152 1617 2426 1668 accurata
2459 1630 2677 1685 magnae
2700 1612 2909 1686 synodi
2937 1613 3246 1686 diligentia
3269 1617 3634 1674 ostendatur.

1981 1697 2129 1755 Cum
2151 1698 2369 1756 vellent
2409 1701 2566 1756 enim
2608 1701 2868 1774 episcopi
2912 1704 3246 1775 congregati
3302 1705 3515 1777 impias
3563 1707 3635 1762 ab

1979 1789 2213 1845 Arianis
2235 1789 2579 1846 adinventas
2608 1807 2778 1847 voces
2823 1807 2854 1846 ο
2907 1792 3099 1848 medio
3151 1792 3375 1861 tollere,
3427 1811 3637 1868 nempe

1977 1877 2144 1946 illud,
2178 1896 2246 1934 ex
2271 1896 2384 1936 non
2418 1880 2816 1936 exstantibus:
2839 1879 2986 1936 illud
3012 1885 3412 1956 quoquequod
3445 1884 3636 1954 aiunt,

1981 1971 2308 2023 creaturam
2341 1973 2395 2024 et
2413 1985 2534 2025 rem
2569 1969 2778 2025 factam
2819 1969 3029 2026 Filium
3055 1986 3183 2027 esse
3207 1989 3219 2027 :
3243 1978 3301 2028 et
3321 1972 3489 2044 illud,
3523 1973 3632 2029 ali-

1980 2058 2214 2129 quando
2238 2075 2353 2114 non
2376 2063 2500 2114 erat
2534 2076 2546 2114 :
2581 2063 2656 2128 et,
2690 2063 2779 2114 est
2822 2064 3042 2115 naturae
3081 2061 3423 2132 mutabilis;
3456 2069 3632 2135 atque

1977 2146 2413 2218 Scripturarum
2427 2164 2596 2204 voces
2618 2148 2884 2204 omnium
2907 2165 3194 2206 consensu
3216 2156 3478 2224 receptas
3491 2169 3630 2209 con-

1977 2234 2232 2291 scribere
2263 2253 2276 2304 ;
2306 2252 2540 2308 nempe,
2577 2253 2646 2292 ex
2675 2237 2792 2292 Deo
2824 2241 3032 2293 natura
3091 2238 3457 2310 unigenitum
3499 2256 3631 2297 esse

1975 2324 2256 2394 Verbum,
2282 2324 2552 2380 virtutem
2576 2328 2633 2380 et
2655 2324 3003 2396 sapientiam
3019 2325 3202 2382 solam
3231 2327 3628 2400 Patris,Deum

1977 2429 2200 2481 verum,
2222 2418 2285 2469 ut
2306 2414 2388 2468 ait
2414 2414 2672 2469 Joannes
2696 2432 2710 2470 :
2738 2419 2816 2485 et,
2841 2418 2906 2470 ut
2927 2415 3159 2485 scripsit
3189 2415 3629 2489 Paulus,splen-

1976 2504 2175 2560 dorem
2209 2503 2427 2576 glorias,
2451 2508 2507 2559 et
2538 2503 2788 2576 figuram
2827 2505 3174 2561 substantia:
3201 2506 3424 2562 Patris:
3450 2509 3629 2565 Euse-

1978 2592 2137 2648 biani
2169 2591 2422 2665 propriis
2451 2592 2748 2648 erroribus
2780 2594 3078 2665 pertracti,
3105 2598 3305 2651 mutuo
3335 2595 3626 2668 colloque-

1975 2681 2192 2737 bantur
2220 2699 2232 2737 :
2271 2682 2349 2737 Iis
2373 2682 2793 2754 assentiamus,
2824 2682 3076 2752 aiebant,
3109 2701 3247 2739 nam
3271 2701 3376 2741 nos
3397 2703 3630 2758 quoque

1975 2785 2043 2826 ex
2072 2770 2187 2826 Deo
2209 2786 2414 2827 sumus
2439 2787 2451 2826 :
2488 2787 2642 2826 unus
2665 2771 2822 2826 enim
2883 2773 3025 2827 Deus
3078 2789 3151 2827 ex
3205 2790 3308 2846 quo
3337 2777 3526 2830 omnia
3544 2777 3585 2812 ³³
3613 2793 3624 2830 :

1976 2864 2053 2928 et,
2085 2867 2267 2916 vetera
2297 2861 2664 2928 transierunt,
2706 2875 2823 2916 ecce
2866 2863 3011 2932 facta
3062 2867 3190 2917 sunt
3245 2865 3435 2918 omnia
3465 2880 3623 2920 nova.

1978 2949 2181 3006 Omnia
2213 2951 2398 3004 autem
2416 2965 2486 3004 ea:
2515 2949 2638 3004 Deo
2667 2948 2733 3004 ³³.
2767 2949 3113 3018 Cogitabant
3137 2966 3368 3023 quoque
3388 2951 3532 3008 illud
3566 2953 3624 3008 in

1975 3039 2201 3094 Pastore
2251 3037 2586 3109 scriptum:
2629 3041 2770 3092 Ante
2817 3040 3004 3094 omnia
3048 3039 3225 3109 crede,
3283 3057 3457 3095 unum
3512 3057 3626 3098 esse

1977 3127 2152 3182 Deum
2171 3129 2267 3199 qui
2293 3129 2497 3183 creavit
2519 3135 2570 3182 ei
2615 3127 2911 3183 adornavit
2950 3129 3158 3196 omnia,
3208 3133 3259 3186 et
3303 3131 3436 3201 fecit
3465 3148 3529 3187 ea
3555 3148 3626 3188 ea:

1974 3232 2087 3273 non
2118 3216 2509 3272 euidentibus
2536 3217 2818 3273 exsistere.
2877 3218 2988 3273 Sed
3041 3217 3336 3290 Episcopi,
3386 3219 3622 3277 illorum

1977 3306 2287 3376 vafritiem,
2325 3310 2383 3362 et
2431 3323 2676 3379 pravum
2708 3306 3026 3377 impietatis
3055 3307 3370 3364 artiﬁcium
3393 3311 3625 3383 conspi-

224 3397 347 3474 γίαν
381 3400 490 3469 (50)
521 3396 759 3470 ἐκείνων,
790 3399 878 3454 καὶ
906 3399 1005 3468 τὴν
1035 3405 1134 3468 τῆς
1159 3381 1164 3382 ί
1190 3392 1434 3460 ἀσεϐείας
1488 3381 1864 3474 κακοτεχνίαν,

1984 3399 2116 3466 cati,
2149 3397 2320 3467 illud,
2352 3413 2423 3454 ex
2444 3397 2581 3469 Deo,
2630 3397 2916 3469 liquidius
2944 3398 3344 3470 explicarunt:
3379 3381 3626 3458 Filium-

226 3485 544 3563 λευκότερον
605 3488 853 3563 εἰρήκασι
904 3487 966 3543 τὸ
1018 3486 1078 3542 ἐκ
1123 3492 1222 3542 τοῦ
1271 3491 1424 3558 Θεοῦ,
1464 3486 1554 3541 καὶ
1605 3482 1862 3564 ἔγραψαν,

223 3573 283 3630 έκ
326 3583 428 3647 τῆς
485 3575 668 3639 οὐσίας
725 3581 821 3632 τοῦ
877 3581 1009 3632 Θεοῦ
1042 3576 1177 3632 εἰναι
1206 3577 1296 3631 τὸν
1329 3571 1474 3631 Υίὸν·
1504 3574 1596 3632 ’ίνα
1641 3577 1709 3632 τὰ
1767 3576 1862 3650 μὶν

220 3663 508 3739 κτίσματα,
541 3663 631 3720 διὰ
659 3667 722 3721 τὸ
755 3667 832 3740 μὴ
883 3667 973 3744 ἀφ’
1002 3667 1203 3720 έαυτῶν
1254 3665 1431 3741 χωρὶς
1485 3665 1659 3720 αἰτίου
1712 3667 1863 3737 εἶναι,

220 3752 366 3810 ἀλλὰ
401 3755 578 3831 ἀρχὴν
621 3750 767 3830 ἔχειν
798 3760 894 3809 τοῦ
940 3755 1201 3830 γενέσθαι,
1236 3754 1458 3830 λέγηται
1508 3753 1567 3810 ἐκ
1604 3758 1701 3809 τοῦ
1755 3757 1865 3827 (51)

220 3848 375 3898 Θεοῦ·
411 3845 439 3898 ὁ
471 3841 528 3898 δὲ
557 3845 680 3906 Υἱὸς
713 3844 878 3917 μόνος
909 3841 1048 3906 ἴδιος
1090 3850 1189 3913 τῆς
1239 3848 1336 3898 τοῦ
1395 3843 1602 3918 Πατρὸς
1661 3843 1862 3905 οὐσίας·

217 3936 381 3988 τοῦτο
408 3934 512 4008 γὰρ
537 3929 673 3987 ἴδιον
710 3936 1032 4006 μονογενοῦς
1060 3932 1150 3986 καὶ
1198 3931 1459 4004 ἀληθινοῦ
1507 3932 1682 4008 Λόγου
1728 3933 1866 4006 πρὸς

221 4020 436 4096 Πατέρα
493 4023 625 4094 (52).
676 4021 773 4076 Καὶ
834 4020 958 4097 περὶ
1019 4020 1113 4092 μὶν
1161 4025 1258 4076 τοῦ
1307 4020 1601 4099 γεγράφθαι
1661 4020 1721 4075 ἐκ
1769 4024 1867 4090 τῆς

222 4109 410 4171 οὐσίας
469 4111 504 4177 ἡ
563 4108 832 4186 πρόφασις
880 4109 1038 4178 αὕτη.
1074 4108 1244 4164 Πάλιν
1296 4107 1354 4164 δὲ
1402 4113 1508 4165 τῶν
1556 4109 1864 4165 ἑπισκόπων

222 4197 556 4274 ἰρωτώντων
587 4197 716 4260 τοὺς
748 4195 1040 4259 δοκοῦντας
1063 4195 1308 4274 ὀλίγους,
1325 4197 1474 4275 εἶ’περ
1496 4197 1707 4275 λέγοιεν
1733 4201 1867 4274 (53),

219 4288 317 4343 τὸν
351 4287 472 4342 Υἱὸν
507 4288 571 4342 οὐ
597 4286 817 4360 κτίσμα,
850 4286 996 4342 ἀλλὰ
1026 4283 1276 4360 δύναμιν,
1309 4286 1498 4364 σοφίαν
1553 4288 1724 4360 μόνην
1772 4291 1870 4342 τοῦ

223 4377 457 4452 Πατρὸς,
489 4377 580 4432 καὶ
612 4375 792 4432 εἰκόνα
823 4373 1022 4448 ἀίδιον,
1044 4374 1461 4452 ἀπαράλλακτον
1510 4376 1646 4430 κατᾶ
1699 4377 1875 4430 πάντα

221 4470 323 4521 τοῦ
377 4467 611 4541 Πατρὸς,
637 4466 727 4521 καὶ
786 4465 914 4521 Θεὸν
965 4463 1250 4534 ἀληθινὸν,
1302 4462 1718 4540 κατελήφθησαν
1762 4465 1874 4537 (54)

1975 3505 2088 3561 que
2135 3504 2203 3544 ex
2241 3488 2574 3545 substantia
2623 3488 2725 3544 Dei
2772 3504 2900 3544 esse
2959 3489 3324 3561 scripserunt
3373 3511 3387 3558 ;
3434 3491 3514 3550 ita
3562 3497 3628 3548 ut

1975 3582 2252 3634 creaturas
2282 3579 2521 3650 quidem
2554 3594 2620 3633 eo
2646 3577 2981 3634 dicerentur
3019 3595 3086 3634 ex
3116 3579 3225 3635 Deo
3274 3597 3424 3650 ese,
3467 3583 3624 3653 quod

1975 3685 2091 3723 non
2115 3685 2149 3722 a
2177 3667 2388 3739 seipsis
2419 3668 2642 3739 absque
2659 3683 2838 3724 causa
2868 3667 3362 3737 exstitissent,sed
3384 3670 3621 3727 initium

1976 3756 2293 3812 exsistendi
2325 3755 2704 3825 habuissent;
2741 3755 2923 3811 Filius
2946 3774 3080 3812 vero
3138 3757 3298 3813 solus
3347 3760 3622 3831 proprius

1976 3843 2319 3902 substantias
2352 3845 2538 3901 Patris
2589 3844 2940 3901 haberetur:
2972 3846 3126 3917 quod
3178 3847 3478 3918 proprium
3531 3854 3622 3904 est

1978 3933 2276 4004 unigenito
2314 3950 2380 3989 ac
2423 3949 2555 3988 vero
2600 3934 2790 3988 Verbo
2857 3934 3011 4005 apud
3066 3934 3316 3990 Patrem.
3369 3936 3439 3990 Et
3497 3936 3618 3992 Ιιωο

1976 4022 2214 4095 quidem
2245 4038 2424 4078 causa
2455 4021 2566 4077 fuit
2594 4038 2698 4077 cur
2717 4021 2959 4091 illud,ex
2977 4023 3619 4096 substantia,scriptum

1978 4112 2336 4167 sit.Rursum
2370 4110 2658 4182 episcopis
2682 4127 2898 4182 paucos
2929 4111 3074 4168 istos
3105 4112 3628 4186 interrogantibus,

1979 4218 2053 4255 an
2084 4200 2342 4256 dicerent
2363 4199 2598 4266 Filium,
2641 4216 2754 4255 non
2805 4205 3156 4268 creaturam,
3191 4203 3293 4256 sed
3327 4202 3628 4275 virtutem,

1981 4288 2330 4360 sapientiam
2389 4287 2575 4344 solam
2598 4287 2812 4356 Patris,
2861 4293 3140 4344 aeternam
3187 4289 3498 4363 imaginem
3533 4310 3634 4365 per

1983 4377 2182 4432 omnia
2216 4375 2372 4430 Patri
2403 4375 2687 4442 similem,
2719 4380 2776 4431 et
2798 4381 2977 4431 Deum
3021 4394 3222 4433 verum
3249 4396 3263 4447 ;
3286 4380 3635 4451 deprehensi

1986 4470 2127 4522 sunt
2176 4464 2484 4520 Eusebiani
2517 4464 2631 4520 sibi
2676 4465 2926 4520 invicem
2967 4483 3249 4538 annuere,
3298 4471 3454 4539 quod
3513 4471 3635 4527 haec

222 4555 278 4610 οῖ
309 4553 434 4631 περί
458 4550 712 4612 Εὗσέϐιον
748 4552 1085 4616 διανεύοντες
1115 4549 1412 4623 ἀλλήλοις,
1443 4553 1528 4607 ὅτι
1574 4552 1663 4607 καὶ
1709 4556 1871 4607 ταῦτα

1985 4553 2243 4610 etiamin
2286 4570 2392 4608 nos
2431 4553 2697 4609 homines
2721 4555 3024 4610 caderent:
3077 4556 3292 4612 etenim
3343 4574 3450 4614 nos
3498 4559 3635 4632 ipsi,

220 4643 411 4722 φθάνει
468 4645 557 4700 καὶ
615 4645 692 4708 εἰς
749 4647 918 4718 ἡμᾶς·
955 4642 1044 4698 καὶ
1099 4643 1202 4719 γὰρ
1262 4643 1352 4696 καὶ
1401 4643 1564 4713 ἡμεῖς
1592 4640 1681 4695 καὶ
1715 4639 1872 4696 εἰκὼν

215 4732 311 4789 καὶ
372 4731 498 4805 δόξα
556 4737 690 4790 Θεοῦ
753 4731 1046 4809 λεγόμεθα,
1102 4729 1193 4786 καὶ
1249 4729 1373 4805 περὶ
1421 4731 1582 4803 ἡμῶν
1639 4728 1871 4805 εἶρηταν

1983 4643 2177 4714 imago
2206 4644 2264 4696 et
2293 4639 2474 4712 gloria
2500 4641 2600 4697 Dei
2621 4657 2916 4710 vocamur,
2978 4643 3167 4715 deque
3214 4645 3384 4702 nobis
3412 4647 3633 4704 dictum

1983 4735 2108 4788 est:
2137 4729 2362 4802 Semper
2381 4733 2531 4787 enim
2558 4746 2658 4788 nos
2689 4733 2784 4803 qui
2811 4733 3050 4789 vivimus
3078 4734 3144 4789 ³³.
3191 4736 3451 4792 Virtutes
3489 4753 3635 4808 quo-

296 4961 343 4996 ³ο
371 4963 541 5016 Rom.
573 4975 653 5026 Ix,
683 4958 774 5014 33.
805 4957 850 4994 ⁸¹
878 4957 902 5012 1
929 4957 1056 5013 Cor.
1088 4971 1210 5012 VIII.
1241 4955 1295 5009 6.
1327 4953 1373 4989 ⁸³
1405 4954 1457 5008 II
1485 4956 1612 5009 Cor.
1633 4970 1688 5024 v,
1714 4954 1802 5025 17,
1836 4955 1871 5010 1ὲ

1984 4955 2000 4991 ³
2032 4954 2184 5012 Psal.
2218 4970 2377 5024 cxux,
2403 4955 2491 5011 18.

302 5180 413 5253 (45)
449 5179 688 5252 Regius,
717 5193 1174 5252 προσκοπτοντες.
1226 5173 1380 5231 Editi
1435 5191 1591 5245 vero,
1642 5175 1878 5250 προσκό-

231 5272 482 5308 πτουσιν.

300 5324 536 5401 (46)_Sic
566 5326 704 5401 Reg.
738 5321 1057 5401 Anglic_._.et
1099 5318 1682 5401 _Theodoret.,‘apud_
1706 5335 1881 5401 quem

221 5387 329 5452 hi6
362 5387 604 5453 aii‘ertur
631 5387 1028 5460 lacus.vEditi,
1059 5394 1168 5464 τῶν
1226 5389 1319 5462 μὶν
1356 5387 1502 5464 παρά
1529 5387 1638 5464 τῶν
1670 5387 1881 5464 ’ᾼ’ρεια-

217 5470 356 5537 νῶν,
391 5468 593 5524 mullis
625 5466 885 5523 omissis.
920 5465 1074 5521 Infra
1104 5461 1524 5533 Theodoretus,
1555 5461 1645 5516 καὶ
1673 5461 1756 5532 τὸ,
1779 5463 1880 5517 Ἦν

217 5559 382 5594 ποτε.

303 5612 413 5684 (47)
447 5610 806 5684 Anglicanus
836 5615 895 5667 et
922 5607 1342 5684 Theodoretus,
1370 5605 1475 5684 ⁵τοῦ
1525 5607 1659 5684 Θεοῦ
1700 5603 1883 5684 trib;

225 5674 410 5760 φύσει,
445 5674 658 5760 Μοιῖῖὶιι
685 5679 1106 5760 Theodoreto_6
1138 5683 1274 5735 ante
1308 5674 1486 5760 Λόγος
1526 5677 1705 5733 deest.
1737 5678 1881 5735 Ibid.

2061 5176 2175 5252 (48)
2205 5175 2290 5252 ΤᾷιΔ
2311 5177 2504 5232 πάντα.
2538 5193 2657 5252 om.
2690 5183 2828 5252 Reg.
2864 5180 2995 5235 Mox
3023 5179 3084 5235 in
3128 5181 3331 5237 eodem
3366 5176 3422 5235 δέ
3453 5182 3635 5239 deest.

2087 5249 2176 5322 49)
2211 5249 2332 5305 Lib.
2372 5267 2434 5316 ιι,
2468 5250 2708 5322 Mandat.
2738 5249 2787 5306 1ζ

2207 5322 2516 5396 ’[ἰιεοᾴοΐη
2555 5321 2655 5396 τὴν
2685 5322 3036 5396 κακουργίαν.

2066 5393 2183 5462 (5|)
2217 5394 2329 5448 Τοῦ
2360 5394 2526 5449 deest
2555 5394 2614 5448 in
2646 5393 2982 5463 Anglicano.

2086 5465 2174 5537 52)
2198 5464 2508 5532 Theodor.,
2540 5462 2718 5537 Λόγου
2744 5462 2840 5518 τοῦ
2866 5463 3096 5536 Πατρός.

2217 5537 2536 5609 Anglican”
2574 5534 2880 5609 ci:)._é*{0iev.

2061 5605 2176 5684 (⁷5.4)
2210 5605 2452 5684 Regius,
2478 5605 2941 5684 exanMcpb’gogv.‘
2961 5607 3091 5663 Mox
3120 5607 3555 5684 :I‘beodoretus,
3581 5616 3639 5668 et

1994 5676 2206 5756 Regius
2237 5676 2738 5756 secunda‘m‘anu',
2768 5676 3078 5756 ἀλλήλοις..
3120 5680 3268 5756 Editi
3319 5686 3376 5756 et
3417 5683 3636 5756 Regius

227 5747 544 5827 Anglican.
577 5758 919 5814 Theodoret.
951 5757 1010 5827 et
1037 5757 1173 5824 Reg.
1209 5747 1701 5827 secundamanu,
1725 5767 1886 5826 σοφια
1995 5747 2183 5827 prima
2207 5766 2406 5827 manu,
2440 5747 2742 5827 ἀλλήλους.
2768 5747 3118 5827 Ιιιΐιει,εἷ’κών
3140 5752 3303 5827 deest
3332 5754 3391 5810 in
3425 5747 3632 5814 editis;

240 5817 434 5902 μὶιῗὴ.
461 5825 617 5885 Editi
650 5833 708 5886 et
734 5832 874 5902 Reg.
908 5825 1101 5902 prima
1121 5817 1336 5894 inanu,
1367 5817 1528 5899 σοφία
1559 5819 1722 5895 μόνη.

1995 5821 2098 5879 sed
2129 5821 2342 5894 legitur
2368 5821 2427 5879 in
2461 5825 2737 5883 omnibus
2755 5841 2899 5884 mss.
2932 5827 2990 5881 et
3017 5823 3080 5884 in
3106 5825 3386 5886 Theudor.
