4048 6360
218 436 364 496 1041

1265 437 1649 501 EPISTOLA
1692 440 1794 500 AD
1838 440 2093 505 AFROS
2138 443 2586 506 EPISCOPOS.

3475 441 3631 501 1042

212 568 371 644 τέρας
428 563 677 639 τούτους,
728 570 803 622 ῶν
857 566 959 622 οὐκ
999 566 1362 645 ἀποδέχονται
1409 572 1510 639 τὴν
1566 569 1856 647 ὁμολογίαι

1984 583 2135 634 recte
2165 583 2222 635 et
2243 579 2558 652 apostolica
2593 579 2875 651 scriptam
2925 593 3040 634 non
3099 572 3433 649 recipiunt?
3463 573 3626 639 Quod

213 659 312 727 τὴν
370 654 554 719 καλῶς
601 657 691 711 καὶ
752 656 1139 723 ἀποστολικῶς
1201 665 1535 736 γραφεῖναν;
1600 661 1772 729 Ἐπεὶ,
1823 661 1872 715 εἲ

211 747 530 821 νομίζουσιν
572 745 874 823 ἀντιλέγειν
932 745 1203 819 δύνασθαι,
1257 747 1588 828 ε’ίπάτωσιρν,
1654 748 1866 823 μᾶλλον

213 835 271 893 δὲ
319 837 825 913 ἀποκρινάσθωσαν,
873 835 966 893 *ίνα
1021 839 1113 893 καὶ
1183 838 1392 901 ἑαυτοῖς
1452 839 1867 916 περιπίπτοντες

211 927 572 1002 ἕλεγχθῶσιν,
632 925 678 980 εί
734 927 1048 982 πιστεύουσι
1117 926 1334 1003 λέγοντι
1383 935 1464 1001 τῷ
1518 931 1664 996 Υἱῷ·
1730 932 1868 1006 Ἐγὼ

209 1017 298 1072 καὶ
333 1018 365 1072 ἁ
394 1017 580 1092 Πατὴρ
612 1013 664 1070 ἓν
708 1015 890 1090 ἐσμεν·
941 1016 1052 1085 καὶ,
1103 1019 1164 1075 Ὀ
1213 1019 1468 1094 ἑωρακὼς
1524 1017 1620 1092 ἐμὲ
1665 1018 1868 1093 ἑώρακε

208 1106 300 1161 τὸν
351 1105 612 1182 Πατέρας
686 1104 807 1167 Ναί,
879 1103 1081 1161 εἷ’ποιεν
1159 1106 1244 1177 ἂν,
1309 1105 1495 1177 ἐπειδὴ
1551 1107 1864 1183 γέγραπται,

209 1195 560 1268 πιστεύομεν,
593 1193 769 1251 Ἀλλὰ
815 1195 903 1250 καὶ
953 1200 1076 1257 Πῶς
1126 1196 1180 1251 ἓν
1229 1196 1354 1264 εἶσι,
1404 1197 1492 1251 καὶ
1542 1201 1656 1258 πῶς
1701 1199 1728 1251 6
1762 1199 1866 1252 ἓω-

213 1287 392 1362 ρακὼς
445 1286 536 1339 τὸν
595 1286 720 1339 Υἱὸν
783 1284 988 1358 ἑώρακε
1042 1285 1130 1340 καὶ
1191 1290 1300 1360 (67)
1347 1287 1436 1341 τὸν
1489 1287 1718 1360 Πατέρα,
1780 1286 1866 1341 ἐὰν

209 1373 560 1448 έρωτηθῶσιν
590 1372 785 1446 εἵπεῖν,
813 1373 1024 1436 πάντως
1076 1396 1182 1430 που
1238 1377 1493 1453 φήσουσι,
1543 1376 1620 1429 Δι’
1674 1377 1864 1448 ὁμοιό-

209 1485 349 1531 τητα
378 1485 390 1498 ·
426 1463 471 1519 εἷ
509 1467 583 1538 μὴ
616 1464 800 1520 τέλεον
855 1464 1278 1538 συμπεπτώκασι
1328 1471 1445 1526 τοῖς
1495 1462 1701 1542 ἀδελφὰ
1732 1485 1862 1542 φρο-

207 1557 388 1609 νοῦσιν
422 1553 626 1624 αὐτοῖς,
681 1556 771 1608 καὶ
829 1554 1152 1629 λεγομένοις
1197 1554 1525 1627 ’Λνομοίοις.
1573 1552 1726 1610 Ἀλλ’
1774 1553 1861 1610 ἐὰν

209 1641 374 1699 πάλιν
410 1645 753 1719 ἔρωτηθῶσι,
791 1649 913 1704 Πῶς
947 1642 1142 1716 ὅμοιος
1177 1663 1190 1712 ;
1224 1643 1722 1715 ἀποθρασυνόμενοι
1757 1645 1860 1721 φή-

212 1755 392 1788 σουσιν
431 1752 443 1764 ’
475 1733 673 1809 ’Δρετῇ
702 1731 885 1804 τελείᾳ
922 1732 1012 1788 καὶ
1061 1731 1350 1808 συμφωνίᾳ
1398 1733 1460 1787 τὸ
1509 1733 1638 1787 αὑτὸ
1687 1731 1858 1796 θέλειν

209 1827 288 1894 τῷ
348 1822 542 1898 Πατρὶ,
588 1822 678 1876 καὶ
731 1823 805 1894 μή
851 1821 1026 1877 θέλειν
1087 1821 1220 1896 ὅπερ
1281 1823 1308 1877 6
1369 1823 1555 1898 Πατὴρ
1601 1821 1662 1876 οὐ
1694 1819 1859 1880 θέλει.

212 1908 387 2014 ’.ἧλλᾶ
420 1909 868 2014 μαθέτωσανβτι
903 1909 954 1980 ἕξ
985 1911 1180 1987 ἀρετῆς
1211 1910 1300 1966 καὶ
1343 1915 1440 1966 τοῦ
1489 1909 1662 1966 θέλειν
1695 1913 1860 1984 ὁμοιο
1891 1950 1938 2014 Β

213 2000 444 2074 ούμενος
473 2005 554 2073 τῷ
585 2004 720 2073 Θεῷ,
755 1997 871 2076 ἔχει
899 2000 994 2072 μὶν
1025 2000 1114 2054 καὶ
1145 1997 1244 2054 τοῦ
1281 2001 1562 2074 τρέπεσθαι
1606 2003 1717 2074 (68)
1758 2003 1858 2070 τήν

211 2090 522 2167 προαίρεσιν
561 2109 571 2120 ·
619 2089 719 2144 οὐκ
764 2088 874 2144 ἔστι
921 2087 978 2144 δὶ
1027 2087 1198 2152 οὕτως
1247 2092 1275 2144 ὁ
1323 2091 1522 2165 Λόγος,
1573 2090 1618 2144 εἰ
1653 2091 1728 2162 μή
1761 2089 1862 2164 ἄρα

211 2179 271 2234 ἐκ
305 2180 504 2255 μέρους
527 2179 615 2234 καὶ
646 2179 766 2242 καθ’
790 2180 938 2252 ἡμᾶς
980 2177 1196 2252 ὅμοιος,
1247 2180 1329 2234 ὅτι
1382 2181 1459 2252 μὴ
1505 2180 1592 2234 καὶ
1623 2181 1738 2234 κατ’
1768 2178 1859 2235 οὗ·

209 2269 322 2324 σίαν
357 2267 550 2342 ὅμοιός
610 2268 741 2324 ἐστι.
789 2271 973 2326 Ταῦτα
1022 2266 1080 2322 δὲ
1120 2265 1233 2323 ἷ¹δια
1279 2271 1438 2341 ἡμῶν
1481 2273 1588 2324 τῶν
1620 2274 1858 2346 γενητῶν

206 2359 298 2414 καὶ
327 2361 550 2428 κτιστὴν
605 2357 844 2434 ἑχόντων
903 2359 1001 2427 τὴν
1061 2358 1239 2436 φύσιν.
1290 2358 1390 2412 Καὶ
1417 2359 1518 2433 γὰρ
1549 2359 1635 2413 καὶ
1669 2361 1855 2431 ἡμεῖς,

205 2448 381 2504 καίτοι
420 2449 496 2521 μὴ
521 2445 811 2521 δυνάμενοι
842 2445 1026 2520 ὅμοιοι
1059 2450 1176 2502 κατ’
1207 2447 1395 2502 οὐσίαν
1426 2468 1517 2503 τον
1552 2452 1684 2502 Θεοῦ
1712 2446 1856 2524 γενέ-

207 2536 349 2607 σθοὶί,
387 2538 563 2610 ὅμως,
592 2537 642 2608 ἐξ
694 2536 890 2610 ἀρετῆς
944 2536 1347 2612 βελτιούμενοι,
1405 2539 1721 2611 μιμούμεθα
1763 2538 1855 2592 τὸν

204 2626 332 2683 Θεὸν
363 2629 499 2700 (69),
535 2628 906 2702 χαρισαμένου
933 2626 1021 2681 καὶ
1069 2631 1231 2681 τοῦτο
1275 2624 1370 2681 τοῦ
1403 2627 1618 2700 Κυρίου,
1651 2628 1736 2681 καὶ
1773 2626 1858 2685 λέ-

199 2736 391 2794 γοντος
429 2735 441 2749 '
501 2716 716 2780 Γίνεσθε
785 2715 1151 2792 οἰκτίρμονες,
1225 2717 1300 2777 ὡς
1379 2716 1407 2769 6'
1464 2717 1648 2790 Πατὴρ
1703 2717 1854 2788 ὑμῶν

203 2805 504 2882 οῗκτίρμων
557 2804 689 2863 ἔστί.
752 2805 965 2868 Γίνεσθε
1015 2802 1240 2873 τέλειοι,
1282 2804 1355 2867 ὡς
1411 2806 1439 2858 6
1473 2806 1668 2880 ,Πατὴρ
1704 2806 1854 2879 ὑμῶν

204 2897 232 2950 6
267 2895 519 2968 οὐράνιος
568 2893 778 2956 τέλειός
838 2893 969 2951 ἔστι.
1028 2894 1240 2970 Τρεπτὰ
1281 2891 1339 2949 δὲ
1375 2896 1442 2949 τὰ
1487 2895 1705 2968 γενητὰ.
1759 2895 1859 2949 οὐκ

203 2981 263 3040 ἄν
295 3006 379 3046 τις
412 2984 731 3059 ἀρνήσαιτο,
787 2982 1033 3059 ἀγγέλων
1081 2983 1175 3056 μὶν
1227 2978 1606 3058 παραϐάντων,
1655 2989 1752 3039 τοῦ
1802 2982 1859 3040 δέ

206 3071 384 3145 ’Δδὰμ
413 3072 875 3149 παρακούσαντος,
927 3073 1017 3127 καὶ
1065 3073 1280 3128 πάντων
1331 3070 1600 3146 δεομένων
1633 3081 1734 3145 τῆς
1762 3081 1858 3130 τοῦ

204 3163 388 3237 Λόγου
422 3163 672 3238 χάριτος.
705 3161 942 3237 Τρεπτὸν
975 3159 1033 3216 δὲ
1067 3162 1330 3234 ἀτρέπτου
1380 3160 1536 3225 ὄντος
1584 3167 1680 3218 τοῦ
1726 3168 1859 3220 Θεοῦ

201 3251 299 3308 οὐκ
329 3249 388 3306 ἄν
420 3251 503 3323 εἷή
539 3250 730 3326 ὅμοιον
762 3270 774 3283 ⁶
828 3250 1008 3326 ὥσπερ
1051 3248 1175 3307 οὗδὶ
1216 3253 1279 3307 τὸ
1329 3253 1537 3307 κτισθὲν
1596 3258 1694 3308 τοῦ
1741 3253 1854 3308 κτί-

1981 667 2030 722 si
2061 684 2190 724 sese
2213 687 2537 741 repugnare
2585 686 2759 742 posse
2814 668 3197 734 arbitrantur,
3253 663 3469 731 dicant,
3531 663 3634 716 aut

1980 757 2174 828 potius
2199 759 2609 831 respondeant,
2665 763 2729 814 ut
2758 758 2817 813 in
2867 773 2995 813 sese
3037 754 3432 827 impingentee
3463 767 3628 806 coar-

1979 853 2272 918 guantur;
2308 866 2449 903 num
2472 849 2715 904 credant
2759 846 2905 902 Filio
2937 844 3156 900 dicenti
3189 861 3201 898 :
3231 845 3352 912 Ego
3381 845 3434 897 et
3465 843 3630 896 Pater

1978 951 2148 990 unum
2162 954 2352 992 sumus
2372 956 2394 999 ;
2421 943 2478 993 et
2503 956 2514 993 :
2549 940 2644 1009 qui
2660 937 2799 992 vidit
2828 935 3079 1006 me,vidit
3093 938 3144 990 et
3165 937 3386 988 Patrem
3404 931 3464 984 ³³.
3478 931 3624 998 Imo,

1979 1023 2192 1092 dicent,
2227 1025 2335 1082 hoc
2367 1028 2504 1098 quia
2526 1027 2809 1098 scriptum
2842 1031 2952 1095 est,
3003 1023 3317 1080 credimus.
3347 1020 3452 1075 Sed
3487 1034 3629 1090 quo-

1979 1114 2292 1170 modonam
2318 1132 2499 1170 unum
2525 1122 2683 1184 sunt,
2714 1123 2772 1170 et
2789 1115 3103 1187 quomodo,
3128 1113 3224 1183 qui
3251 1109 3392 1166 vidit
3413 1107 3624 1164 Filium

1977 1202 2120 1256 vidit
2146 1210 2201 1259 et
2235 1205 2496 1271 Patrem;
2533 1205 2581 1259 si
2604 1205 2687 1260 sic
2720 1198 3628 1275 interrogentur,respondebunt

1975 1307 2136 1359 sane,
2163 1293 2244 1348 0b
2268 1294 2757 1348 similitudinem:
2794 1293 2905 1348 nisi
2939 1308 3072 1348 cum
3103 1291 3176 1346 iis
3232 1282 3473 1359 collapsi
3505 1286 3624 1341 sint

1977 1383 2075 1454 qui
2109 1383 2345 1437 afﬁnem
2378 1401 2492 1438 sua:
2542 1384 2892 1439 sententiam
2944 1385 3204 1448 tuentur,
3232 1387 3286 1434 et
3340 1379 3622 1432 vocantur

1972 1472 2256 1526 Anomcoi.
2279 1474 2389 1527 Sed
2421 1472 2469 1528 si
2500 1489 2735 1528 rursum
2769 1471 3088 1537 sciscitare,
3141 1485 3259 1542 qua
3293 1467 3505 1523 ratione
3536 1464 3619 1520 si-

1974 1560 2482 1617 milisPaudacius
2506 1561 2738 1618 dicent:
2775 1560 3006 1616 Virtute
3067 1558 3323 1631 perfecta
3369 1559 3426 1610 et
3476 1569 3613 1610 con-

1972 1653 2336 1722 sensu,quod
2367 1651 2623 1722 idipsum
2650 1649 2788 1706 velit
2818 1650 2972 1722 quod
3008 1649 3193 1717 Pater,
3208 1651 3266 1702 et
3287 1644 3442 1718 quod
3476 1640 3623 1698 nihil

1971 1738 2247 1806 velit,nisi
2279 1741 2430 1812 quod
2468 1741 2769 1796 Pater.Sed
2805 1739 3036 1794 discant
3083 1753 3218 1793 eum
3278 1734 3378 1806 qui
3414 1750 3482 1790 ex
3512 1731 3624 1787 vir-

1969 1831 2096 1884 tute
2117 1835 2174 1884 et
2203 1831 2499 1886 voluntate
2519 1830 2634 1886 Deo
2665 1829 2875 1885 similis
2935 1829 3030 1895 sit,
3083 1824 3350 1881 mutandi
3409 1821 3500 1878 sui
3534 1838 3622 1876 ar-

1971 1917 2218 1972 bitrium
2241 1919 2454 1974 habere
2479 1936 2490 1972 :
2518 1917 2952 1991 atquiVerbum
2969 1930 3346 1988 nequaquam
3378 1917 3467 1968 est
3479 1910 3616 1982 tale,

1973 2005 2083 2061 nisi
2117 2008 2264 2063 forte
2294 2024 2360 2063 ex
2393 2007 2590 2079 aliqua
2621 2011 2786 2078 parte
2814 2012 2870 2063 et
2918 2008 3115 2060 nostro
3165 2017 3348 2069 more,
3398 2001 3616 2056 nedum

1973 2097 2286 2152 secundum
2318 2096 2708 2153 substantiam
2722 2094 2914 2152 simile
2935 2094 3098 2152 sit.[d
3129 2092 3285 2148 enim
3308 2089 3611 2163 pr0prium

1972 2185 2142 2240 nobis
2172 2191 2258 2240 est
2282 2185 2384 2258 qui
2416 2186 2571 2254 facti,
2606 2190 2663 2241 et
2692 2191 2902 2242 natura
2931 2187 3126 2240 creata
3143 2180 3364 2255 praediti
3382 2195 3610 2235 sumus.

1971 2274 2200 2330 Etenim
2235 2292 2359 2346 nos,
2383 2274 2518 2331 licet
2545 2276 2866 2331 secundum
2900 2271 3290 2330 substantiam
3323 2274 3435 2324 Deo
3450 2267 3610 2324 simi-

1970 2363 2055 2420 les
2085 2381 2217 2421 esse
2248 2381 2634 2437 nequeamus,
2666 2370 2863 2421 tamen
2889 2363 2948 2418 in
2993 2363 3203 2418 virtute
3226 2359 3613 2432 proficientes,

1969 2453 2148 2510 Deum
2215 2454 2540 2525 imitamur,
2599 2453 2706 2510 hoc
2753 2454 3011 2509 donante
3061 2450 3326 2518 Domino,
3354 2447 3453 2519 qui
3487 2445 3613 2502 ait:

1969 2544 2144 2598 Estote
2200 2543 2604 2614 misericordes,
2663 2544 2805 2598 sicut
2860 2544 3024 2597 Pater
3086 2544 3261 2596 vester
3306 2537 3624 2603 misericor,

1965 2643 2044 2688 est
2062 2633 2126 2687 3°.
2163 2635 2337 2689 Estote
2359 2634 2604 2704 perfecti,
2640 2635 2777 2687 sicut
2807 2636 2979 2687 Pater
3036 2633 3211 2685 vester
3237 2628 3467 2682 caelestis
3493 2641 3616 2697 per-

1965 2725 2136 2793 fectus
2166 2727 2247 2778 est
2269 2723 2332 2776 ω.
2366 2721 2609 2792 Opificia
2639 2726 2835 2776 autem
2895 2717 3204 2774 mutabilia
3250 2732 3395 2784 esse,
3446 2729 3619 2771 nemo

1969 2812 2224 2882 negarit:
2257 2827 2391 2866 cum
2415 2815 2472 2865 et
2506 2809 2698 2881 angeli
2748 2807 3108 2881 praevaricati
3153 2806 3293 2871 sint,
3342 2808 3398 2860 et
3432 2804 3616 2859 Adam

1969 2918 2085 2957 non
2109 2900 2412 2966 obedierit,
2445 2904 2502 2954 et
2523 2915 2729 2955 omnes
2757 2903 2965 2970 egeant
2995 2896 3185 2969 gratia
3217 2893 3407 2950 Verbi.
3426 2893 3613 2948 Muta-

1968 2988 2083 3044 bile
2106 2993 2304 3044 autem
2336 2985 2693 3042 immutabili
2717 2991 2830 3042 Deo
2880 2982 3073 3040 simile
3132 2997 3261 3038 esse
3311 2996 3615 3051 nunquam

1970 3078 2214 3150 poterit:
2252 3081 2316 3132 ut
2347 3091 2450 3132 nec
2481 3079 2743 3132 creatum
2777 3073 3016 3130 creanti.
3037 3074 3398 3142 Quapropter
3428 3069 3485 3124 in
3509 3084 3614 3124 nos

1969 3166 2288 3238 respiciens
2321 3171 2561 3222 sanctus
2608 3164 2707 3220 ille
2745 3163 3194 3230 dicebatzDeus,
3235 3160 3357 3232 quis
3413 3157 3615 3214 similis

1967 3258 2079 3312 erit
2111 3258 2211 3312 tibi
2231 3257 2273 3291 ⁴¹
2299 3255 2326 3310 ?
2358 3261 2416 3311 et
2447 3271 2459 3307 :
2497 3256 2630 3323 Quis
2658 3253 2860 3309 similis
2888 3253 2999 3308 tibi
3025 3252 3085 3306 in
3118 3251 3248 3320 diis,
3280 3249 3508 3305 Domine
3528 3246 3614 3302 ιη

199 3362 411 3398 σαντος.
446 3321 542 3396 Δίά
571 3321 731 3396 τοῦτο
763 3341 888 3416 περῖ
924 3321 1018 3415 μέν
1048 3344 1208 3414 ἡμῶν
1243 3346 1458 3396 σκοπῶν
1493 3343 1520 3397 ὁ
1555 3344 1706 3418 ἅγιος
1735 3341 1852 3399 ἔλε-

1971 3347 2106 3402 deos
2131 3346 2328 3401 dicens
2356 3344 2486 3400 illos
2515 3321 2615 3416 qui
2647 3343 2822 3398 creati
2853 3342 3114 3413 quidem,
3148 3339 3248 3396 sed
3300 3337 3616 3410 participes

194 3452 282 3508 γεν
319 3451 331 3464 ·
386 3433 445 3489 Ὁ
522 3432 675 3504 Θεὸς,
727 3431 809 3493 τίς
890 3430 1299 3504 ὁμοιωθήσεται
1385 3451 1517 3502 σοι;
1593 3432 1704 3506 καὶ,
1761 3432 1850 3496 Τίς

199 3519 392 3594 ὅμοιός
425 3541 510 3576 σοι
543 3518 593 3574 ἐν
640 3521 807 3591 θεοῖς,
857 3519 1066 3596 Κύριε;
1130 3519 1282 3585 θεοὺς
1331 3519 1526 3597 λέγων,
1579 3522 1707 3584 τοὺς
1736 3543 1850 3577 κτι-

197 3610 418 3675 σθέντας
455 3611 571 3683 μέν,
609 3610 881 3685 μετόχους
930 3608 987 3664 δὲ
1036 3611 1366 3685 γενομένους
1404 3615 1501 3665 τοῦ
1544 3612 1742 3688 Λόγου,
1777 3613 1849 3674 ὡς

197 3698 360 3761 αὐτὸς
419 3700 561 3754 εἶπεν
597 3717 609 3730 ⁸
672 3700 732 3753 Εί
787 3697 1021 3759 ἑκείνους
1079 3698 1234 3762 θεοὺς
1289 3700 1422 3766 εἶπε,
1480 3700 1614 3775 πρὸς
1673 3699 1763 3762 οὓς
1824 3703 1852 3755 6

199 3790 378 3864 Λόγος
409 3793 504 3842 τοῦ
553 3791 687 3843 Θεοῦ
745 3786 974 3863 ἐγένετο.
1026 3788 1106 3842 Τὰ
1158 3784 1214 3842 δὲ
1280 3788 1580 3863 μετέχοντα
1638 3789 1735 3844 οὐκ
1790 3788 1848 3844 ἂν

197 3877 286 3948 εἴη
318 3877 384 3932 τὰ
415 3879 527 3950 (70)
558 3877 696 3931 αὐτᾶ
747 3872 877 3930 οὐδὲ
914 3876 1082 3949 ὅμοια
1125 3881 1221 3931 τοῦ
1276 3877 1666 3952 μετεχομένου.
1722 3878 1850 3954 Περὶ

199 3968 391 4023 ἑαυτοῦ
410 3970 542 4042 γοῦν
578 3962 784 4039 ἔλεγενο
833 3965 972 4040 Ἐγὼ
1029 3965 1119 4018 καὶ
1169 3967 1196 4020 6
1255 3968 1441 4039 Πατήρ
1473 3964 1529 4021 ἓν
1563 3966 1744 4040 ἐσμεν,
1778 3966 1852 4030 ὠς

194 4058 304 4112 τῶν
338 4058 572 4130 γενητῶν
611 4053 686 4126 μὴ
728 4048 895 4106 ὅντων
947 4051 1142 4114 οὕτως’
1195 4055 1344 4111 Ἐπεὶ
1377 4055 1853 4131 ἆποκρίνάσθωσαν

195 4147 248 4200 οἱ
279 4145 382 4212 τήν
427 4141 717 4218 Ἀρίμηνον
759 4140 1152 4216 προτείνοντες,
1213 4142 1262 4197 εἶ
1308 4145 1495 4212 κτιστή
1554 4148 1664 4217 (71)
1696 4144 1852 4199 οὐσία

195 4231 419 4288 δύναται
465 4230 635 4285 εἰπεῖν
670 4247 684 4261 ⁸
735 4232 807 4286 "A
883 4228 1070 4303 βλέπω
1144 4231 1234 4285 τὸν
1305 4233 1514 4306 Πατέρα
1569 4237 1849 4301 ποιοῦντα,

191 4326 360 4377 ταῦτα
415 4318 570 4394 κάγὼ
618 4323 782 4375 ποιῶ.
834 4316 1143 4390 Ποιούμενα
1189 4319 1290 4395 γὰρ
1349 4318 1459 4374 ἐστι
1516 4321 1581 4374 τὰ
1629 4321 1849 4395 γενητὰ,

192 4411 282 4466 καὶ
318 4410 380 4464 οὗ
410 4413 670 4464 ποιοῦντα
703 4427 716 4440 ο
770 4406 815 4462 εἷ
867 4409 980 4479 (72)
1025 4405 1084 4461 δὲ
1127 4409 1202 4480 μή
1259 4429 1342 4484 γε,
1401 4408 1488 4463 καί
1521 4410 1680 4464 ἑαυτὰ
1710 4409 1852 4464 ἐποί-

193 4521 354 4572 ησαν.
385 4497 609 4573 Ἀμέλει
644 4497 712 4567 εἷ’,
763 4496 838 4559 ὡς
890 4496 1129 4572 λέγουσι,
1180 4495 1382 4569 κτίσμα
1429 4497 1570 4551 ἐστὶν
1621 4501 1648 4553 ὁ
1703 4499 1848 4567 Υἱὸς,

190 4589 281 4646 καὶ
312 4594 460 4644 ποιεῖ
490 4588 650 4643 αὐτὸν
681 4588 709 4642 6
749 4588 962 4660 Πατὴρ,
996 4586 1209 4647 πάντως
1243 4585 1302 4639 ἂν
1335 4585 1556 4656 ἐποίησε
1599 4587 1688 4641 καὶ
1729 4589 1848 4643 έαυ-

1966 3436 2133 3492 Verbi
2161 3439 2319 3502 sunt,
2363 3433 2863 3505 quemadmodum
2898 3432 3023 3503 ipse
3081 3430 3197 3485 ait:
3223 3429 3288 3484 Si
3316 3429 3443 3484 illos
3472 3427 3620 3482 dixit

1962 3525 2181 3592 deos,ad
2211 3540 2343 3596 quos
2370 3524 2598 3580 Verbum
2655 3523 2754 3577 Dei
2793 3525 3002 3592 factum
3061 3524 3140 3574 est
3169 3519 3247 3596 "._
3276 3521 3387 3572 Res
3416 3520 3613 3572 autem

1963 3631 2090 3686 qua
2123 3593 2372 3684 alicujus
2396 3612 2710 3684 participes
2750 3618 2908 3676 sunt,
2939 3593 3248 3680 nunquam.
3275 3607 3490 3662 eaedem
3514 3610 3616 3661 aut

1963 3703 2187 3760 similes
2218 3703 2268 3758 ei
2293 3702 2508 3758 fuerint
2555 3702 2727 3772 cujus
2779 3704 2920 3756 sunt
2947 3698 3283 3770 participes.
3321 3698 3398 3752 De
3419 3695 3613 3767 seipso

1963 3793 2144 3865 igitur
2173 3791 2352 3847 dixit:
2386 3794 2501 3860 Ego
2529 3799 2582 3846 et
2613 3796 2782 3845 Pater
2811 3804 2985 3843 unum
3013 3803 3224 3854 sumus,
3259 3784 3412 3858 quod
3457 3783 3611 3839 scili-

1963 3887 2051 3937 cet
2083 3898 2176 3936 res
2221 3881 2383 3936 facta:
2435 3895 2740 3951 nunquam
2801 3877 3142 3948 hujusmodi
3191 3874 3331 3930 sint.
3381 3871 3611 3943 Alioqui

1963 3971 2355 4042 respondeant
2385 3969 2481 4040 qui
2508 3967 2931 4022 Ariminensem
2961 3961 3610 4033 obtenduntsynodum,

1964 4077 2037 4114 an
2069 4064 2263 4114 creata
2294 4056 2626 4112 substantia
2672 4057 2863 4110 dicere
2895 4053 3118 4126 possit:
3155 4053 3289 4120 Quae
3319 4049 3470 4104 video
3499 4049 3610 4103 Pa-

1963 4154 2098 4203 trem
2126 4149 2438 4220 facientem,
2473 4146 2590 4202 hzec
2609 4155 2761 4215 etego
2781 4146 2926 4215 fiin
2947 4142 3009 4196 “.
3043 4142 3187 4196 Nam
3217 4138 3451 4211 opificia
3472 4154 3610 4192 con-

1963 4239 2084 4292 dita
2104 4241 2331 4302 sunt,et
2361 4235 2505 4290 nihil
2539 4235 2833 4300 condunt;
2868 4233 2958 4288 sin
2992 4235 3186 4287 autem
3221 4229 3441 4295 minus,
3473 4242 3610 4299 ergo

1961 4327 2156 4397 seipsa
2187 4325 2590 4381 condiderunt.
2645 4325 2806 4378 Certe
2837 4322 2907 4392 si,
2969 4324 3031 4375 ut
3089 4319 3313 4386 dicunt,
3345 4321 3613 4372 creatura

1962 4421 2051 4470 est
2096 4412 2297 4480 Filius,
2349 4417 2406 4468 et
2467 4413 2627 4467 Pater
2675 4409 2873 4465 fecerit
2902 4425 3059 4474 eum,
3095 4407 3268 4479 plane
3299 4405 3482 4461 Filius
3513 4421 3610 4461 se-

1962 4503 2157 4575 ipsum
2189 4501 2534 4572 condiderit,
2567 4518 2723 4568 cum,
2760 4505 2822 4554 ut
2849 4499 2976 4571 ipse
3021 4502 3292 4567 testatur,
3324 4512 3391 4551 ea
3421 4493 3610 4568 possit

1961 4593 2150 4648 facere
2175 4609 2298 4662 quae
2321 4592 2490 4647 Pater
2512 4591 2686 4646 facit:
2719 4589 2821 4645 sed
2855 4587 2996 4643 illud
3035 4587 3358 4642 absurdum
3382 4589 3606 4640 etnun-

190 4680 286 4735 τὸν
318 4679 346 4734 6
384 4679 530 4746 Υἱὸς,
581 4675 878 4750 δυνάμενος
926 4680 1100 4731 ποιεῖν
1148 4675 1181 4728 ἃ
1235 4680 1386 4730 ποιεῖ
1433 4677 1462 4730 6
1512 4677 1719 4750 Πατὴρ,
1771 4678 1846 4742 ὡς

1971 4698 2130 4754 [nam
2155 4686 2422 4737 constare
2454 4685 2676 4752 potest:
2701 4695 2872 4734 nemo
2921 4676 3079 4734 enim
3123 4676 3384 4749 seipsum
3417 4678 3607 4746 potest

193 4771 340 4826 εἶπεν
371 4767 530 4829 αὐτός
563 4786 576 4799 ’
641 4764 768 4821 ἀλλ’
817 4766 1017 4820 ἄτοπον
1068 4764 1157 4818 καὶ
1216 4762 1339 4819 λίαν
1391 4764 1685 4820 ἀσύστατόν
1733 4765 1841 4821 ἐστι

191 4862 256 4914 τὸ
285 4861 532 4912 τοιοῦτον
569 4875 581 4887 °
614 4859 788 4910 ποιεῖν
821 4853 925 4928 γὰρ
958 4853 1140 4908 ἑαυτὸν
1179 4850 1354 4915 οὐδεὶς
1387 4850 1628 4910 δύναται.

264 4951 319 5004 8.
383 4943 553 5003 Πάλιν
610 4941 668 4998 δὲ
736 4943 1062 5012 εἰπάτωσαν,
1140 4941 1189 4995 εἷ
1260 4939 1478 4996 δύναται
1529 4945 1594 4997 τὰ
1651 4946 1846 5018 γενητὰ

192 5039 410 5094 εἰπεῖν·
471 5035 670 5102 Πάντα,
738 5034 838 5086 ὅσα
912 5028 1032 5106 ἔχει
1113 5033 1140 5084 ὁ
1200 5031 1408 5106 Πατὴρ,
1481 5030 1584 5105 ἐμά
1660 5031 1842 5102 ἐστιν;

1899 4827 1903 4830 λ
1952 4770 2200 4826 efficere.

2031 4949 2174 5002 717
2213 4951 2264 5003 8.
2299 4948 2554 5002 Rursum
2587 4947 2784 5002 dicant
2816 4963 2887 5001 an
2921 4944 3152 5017 possint
3181 4958 3274 4998 res
3305 4941 3466 4997 facta
3515 4937 3602 4994 di-

1956 5053 2118 5092 cere:
2153 5038 2354 5101 Omnia
2375 5053 2710 5109 qumcunque
2758 5037 2914 5091 habet
2975 5036 3154 5104 Pater,
3205 5047 3319 5086 mea
3350 5029 3549 5086 sunt“
3577 5027 3606 5084 ?

264 5175 308 5210 ³⁸
335 5173 503 5229 Joan.
537 5186 651 5239 xiv,
684 5169 719 5222 9
740 5169 786 5203 3’
818 5168 954 5242 Luc.
989 5183 1064 5234 vr,
1098 5167 1186 5222 36.
1222 5167 1266 5202 ⁴⁰
1295 5167 1498 5222 Matth.
1533 5185 1585 5237 ν,
1620 5169 1687 5223 48
1717 5173 1761 5207 ⁵1
1789 5169 1940 5226 Psal.
1975 5188 2181 5242 Lxxxn,
2213 5173 2267 5227 2.
2299 5173 2345 5206 “
2376 5171 2527 5226 Psal.
2555 5186 2753 5238 Lxxxv,
2783 5169 2904 5225 8.—’*3
2928 5169 3098 5224 Joan.
3131 5183 3189 5221 xi
3233 5167 3323 5221 35.
3358 5166 3404 5201 ιδ
3431 5166 3604 5222 Joan.

185 5264 244 5316 ν,
265 5246 352 5302 19.
384 5245 428 5279 ⁸⁸
456 5243 627 5299 Joan.
659 5257 772 5308 xw,
806 5240 894 5296 45.

262 5369 373 5440 (e7)
403 5363 808 5440 Kai‘deestjn
849 5361 1025 5440 Regio
1066 5363 1123 5440 et
1174 5361 1231 5415 in
1280 5361 1622 5440 Anglicano.
1657 5334 1832 5431 Infra,
1922 5418 1931 5427 ,

185 5433 277 5495 καῖ
314 5433 656 5512 λεγομένοις,
707 5433 1009 5512 ἆινομοίοις,
1065 5434 1157 5512 vi);
1200 5435 1491 5512 augurari
1524 5451 1841 5512 possumus

191 5513 334 5586 quid
368 5506 462 5567 hic
494 5506 695 5580 legerit
727 5507 1013 5586 Nannius,
1046 5507 1147 5576 qui
1181 5506 1370 5586 vertit,
1395 5508 1510 5576 qui,
1544 5507 1685 5576 quod
1706 5510 1842 5578 ipsis

187 5581 686 5662 animiscogitant,
718 5581 920 5662 verbis.
937 5582 1220 5662 promunt.

260 5657 374 5730 (68)
407 5648 753 5730 ltaRegius,
795 5648 949 5730 _Editi
1005 5667 1155 5730 vero,
1205 5648 1720 5730 πρέπισθαι-ῐῐιαιο.
1755 5652 1844 5730 In-

191 5719 282 5785 fra
312 5719 368 5782 in
399 5719 630 5793 eodem:
657 5724 747 5779 καί
778 5727 942 5781 deest
970 5728 1104 5796 ante
1131 5719 1258 5777 κατ”
1278 5719 1483 5776 οὐσίαν.
1509 5724 1688 5780 Paulo
1711 5727 1844 5796 post

190 5799 574 5875 Anglicadus,
603 5800 711 5856 τῶν
740 5797 972 5873 γενητὴν
1004 5794 1111 5855 καί.

2019 5363 2126 5436 (69)
2163 5365 2541 5436 Anglicanus,
2574 5361 2665 5416 τὸν
2715 5359 2864 5436 Θεόνν.
2909 5362 3062 5436 Mox,
3099 5359 3187 5415 καί
3212 5362 3384 5436 deest
3409 5361 3468 5416 in
3500 5361 3607 5417 Re-

1951 5433 2067 5509 gio.
2103 5433 2659 5509 Infra—Anglicanus.
2692 5433 2992 5509 ngicbexati
3025 5434 3290 5509 6_[l_o:11‘;p.

2026 5511 2132 5575 (70)
2168 5503 2548 5578 Anglicanus,
2583 5505 2682 5560 οὐκ
2710 5505 2775 5578 ἦν
2813 5505 2892 5559 ἀεὶ
2920 5507 2986 5559 τὰ
3015 5503 3170 5563 αὐτά.

2026 5572 2132 5650 (71)
2166 5572 2546 5652 Anglicanus,
2578 5572 2981 5652 προκρίναντες,
3013 5577 3202 5652 κτιστή
3220 5572 3411 5652 οὐσία.

1952 5723 1984 5775 ἄ
2025 5644 2228 5742 (‘22),Et
2258 5644 2446 5708 "deest
2488 5651 2546 5706 in
2597 5644 2938 5722 Anglicano.
2968 5644 3150 5706 'Inlra
3180 5650 3356 5718 idem,
3390 5644 3604 5709 πάντως

1985 5744 2009 5775 ν
2043 5743 2234 5775 εποιει.
3258 5758 3272 5770 ο

1985 5744 2009 5775 ν
2043 5743 2234 5779 εποιει.
