4048 6362
215 439 363 499 10H

1261 440 1645 504 EPISTOLA
1689 442 1790 502 AD
1834 443 2089 507 AFROS
2134 446 2582 508 EPISCOPOS.

3471 441 3627 502 1042

209 572 369 648 τέρας
425 566 674 642 τούτους,
725 573 800 625 ῶν
853 569 956 625 οὐκ
995 569 1359 648 ἀποδέχονται
1406 575 1506 642 τὴν
1562 571 1854 649 ὁμολογίαν

1979 585 2131 636 recte
2161 585 2218 637 et
2239 581 2554 654 apostolica
2589 580 2870 652 scriptam
2921 595 3036 635 non
3094 573 3428 650 recipiunt?
3459 573 3622 640 Quod

210 662 309 731 τὴν
367 657 552 721 καλῶς
599 660 689 714 καὶ
749 659 1136 726 ἀποστολικῶς
1197 668 1532 740 γραφεῖναν;
1597 663 1768 732 Ἐπεὶ,
1821 663 1864 717 εἷ

209 750 528 824 νομίζουσιν
569 748 870 826 ἀντιλέγειν
929 747 1199 822 δύνασθαι,
1254 750 1584 830 ε’ίπάτωσφν,
1650 751 1862 825 μᾶλλον

211 839 269 897 δὲ
317 841 822 915 ἀποκρινάσθωσαν,
870 838 962 895 ’ίνα
1018 842 1109 896 καὶ
1180 840 1388 903 ἑαυτοῖς
1449 842 1863 918 περιπίπτοντες

209 929 569 1006 Ξλεγχθῶσιν,
630 928 674 983 εἷ
731 930 1044 985 πιστεύουσι
1113 928 1330 1006 λέγοντι
1379 936 1460 1003 τῷ
1515 932 1661 998 Υἱῷ·
1727 933 1864 1008 Ἐγὼ

207 1020 296 1076 καὶ
330 1022 362 1074 ἁ
392 1019 578 1094 Πατὴρ
609 1015 662 1073 ἓν
705 1019 888 1092 ἐσμεν·
938 1019 1050 1088 καὶ,
1100 1021 1161 1077 Ὀ
1210 1021 1465 1096 ἑωρακὼς
1520 1019 1616 1094 ἐμὲ
1661 1020 1865 1096 ἑώρακε

206 1110 299 1164 τὸν
350 1108 609 1185 Πατέρας
683 1107 804 1170 Ναί,
876 1105 1078 1163 εἷ’ποιεν
1156 1108 1240 1178 ἂν,
1305 1106 1492 1178 ἐπειδὴ
1547 1109 1861 1185 γέγραπται,

207 1198 557 1272 πιστεύομεν,
591 1195 767 1254 Ἀλλὰ
811 1198 900 1253 καὶ
950 1202 1072 1260 Πῶς
1123 1199 1177 1253 ἓν
1226 1198 1350 1267 εἰσι,
1400 1199 1488 1254 καὶ
1538 1204 1653 1260 πῶς
1697 1201 1724 1253 6
1758 1201 1862 1255 ἕω-

210 1290 390 1365 ρακὼς
443 1289 533 1342 τὸν
593 1288 717 1342 Υἱὸν
780 1287 985 1360 ἑώρακε
1039 1287 1127 1341 καὶ
1187 1291 1297 1361 (67)
1344 1289 1433 1344 τὸν
1488 1289 1714 1363 Πατέρα,
1776 1287 1862 1343 ἐὰν

208 1375 558 1451 έρωτηθῶσιν
588 1375 782 1448 s'imiv,
810 1376 1021 1438 πάντως
1073 1398 1179 1432 που
1234 1379 1490 1455 φήσουσι,
1540 1377 1617 1430 Δι’
1671 1379 1861 1450 ὁμοιό-

207 1488 347 1534 τητα
376 1488 388 1500 ·
424 1466 469 1522 εἰ
506 1469 580 1540 μὴ
613 1466 796 1522 τέλεον
851 1466 1274 1539 συμπεπτώκασι
1325 1472 1441 1528 τοῖς
1492 1464 1698 1544 ἀδελφά
1728 1487 1858 1544 φρο-

205 1560 387 1611 νοῦσιν
420 1556 623 1627 αὐτοῖς,
679 1557 768 1611 καὶ
826 1556 1149 1631 λεγομένοις
1194 1556 1522 1629 Ἀνομοίοις.
1569 1554 1723 1612 Ἀλλ’
1770 1555 1857 1612 ἐὰν

208 1643 373 1702 πάλιν
408 1647 750 1721 ἕρωτηθῶσι,
789 1650 910 1706 Πῶς
943 1644 1139 1718 ὅμοιος
1175 1664 1187 1714 ;
1221 1645 1718 1717 ἀποθρασυνόμενοι
1753 1647 1857 1722 φή-

209 1757 391 1791 σουσιν
428 1755 440 1766 ⁸
473 1736 670 1811 ’Δρετῇ
699 1733 882 1806 τελείᾳ
919 1733 1009 1789 καὶ
1057 1733 1348 1809 συμφωνίᾳ
1395 1735 1456 1788 τὸ
1505 1734 1634 1788 αὑτὸ
1684 1732 1856 1798 θέλειν

207 1830 287 1898 τῷ
346 1825 540 1900 Πατρὶ,
585 1824 674 1878 καὶ
728 1825 803 1896 μὴ
849 1823 1023 1879 Θέλειν
1084 1823 1217 1898 ὅπερ
1277 1825 1305 1878 6
1366 1824 1551 1899 Πατὴρ
1598 1822 1658 1877 οὐ
1691 1821 1856 1881 θέλει.

211 1911 386 1971 Ἀλλὰ
418 1913 750 1986 μαθέτωσαν·
784 1910 866 1966 ὅτι
900 1911 951 1982 ἐξ
982 1913 1177 1988 ἀρετῆς
1209 1912 1297 1967 καὶ
1341 1916 1436 1967 106
1486 1911 1658 1968 θέλειν
1692 1913 1857 1985 ὁμοιυ
1887 1951 1936 2016 Β

212 2003 442 2077 ούμενος
470 2007 552 2074 τῷ
582 2005 718 2075 Θεῷ,
753 1998 868 2077 ἔχει
896 2001 991 2074 μὶν
1022 2002 1111 2056 καὶ
1142 1998 1240 2055 106
1278 2002 1558 2076 τρέπεσθαι
1755 2003 1856 2071 τήν

209 2093 520 2169 προαίρεσιν
558 2111 568 2122 ·
616 2091 716 2145 οὐκ
761 2089 870 2146 ἔστι
918 2088 976 2145 δὶ
1024 2089 1195 2154 οὕτως
1244 2093 1272 2146 6
1320 2092 1519 2166 Λόγος,
1570 2091 1615 2145 εἰ
1651 2092 1725 2163 μὴ
1758 2090 1859 2166 ἄρα

209 2180 270 2237 ἐκ
304 2182 502 2257 μέρους
525 2180 613 2236 καὶ
643 2181 763 2244 καθ’
787 2182 936 2253 ἡμᾶς
978 2179 1194 2254 ὅμοιος,
1244 2181 1326 2235 ὅτι
1379 2182 1456 2253 μή
1502 2181 1589 2234 καὶ
1619 2181 1734 2235 κατ’
1765 2179 1856 2236 οὐ·

207 2271 320 2326 σίαν
355 2269 548 2344 ὅμοιός
608 2269 738 2325 ἐστι.
787 2272 971 2327 Ταῦτα
1019 2268 1077 2324 δὲ
1117 2267 1230 2325 ἴδια
1276 2272 1435 2342 ἡμῶν
1479 2274 1585 2325 τῶν
1617 2275 1854 2346 γενητῶν

205 2361 295 2416 καὶ
326 2362 547 2430 κτιστὴν
603 2358 841 2435 ἐχόντων
901 2360 998 2428 τήν
1059 2359 1236 2438 φύσιν.
1287 2360 1387 2414 Καὶ
1414 2361 1514 2435 γὰρ
1545 2361 1632 2414 καὶ
1666 2363 1852 2432 ἡμεῖς,

203 2450 378 2506 καίτοι
418 2451 494 2523 μὴ
519 2447 808 2522 δυνάμενοι
840 2447 1024 2522 ὅμοιοι
1057 2451 1173 2504 κατ’
1204 2449 1392 2504 οὐσίαν
1423 2470 1514 2504 τον
1549 2453 1681 2504 Θεοῦ
1709 2448 1852 2526 γενέ-

205 2538 348 2608 σθαί,
385 2540 561 2612 ὅμως,
589 2538 640 2609 ἐξ
692 2539 888 2612 ἀρετῆς
942 2537 1344 2613 βελτιούμενοι,
1402 2540 1718 2612 μιμούμεθα
1760 2539 1852 2593 τὸν

203 2628 330 2685 Θεὸν
361 2631 497 2701 (69),
532 2629 904 2704 χαρισαμένου
929 2627 1018 2682 καὶ
1067 2632 1228 2682 τοῦτο
1273 2625 1367 2682 106
1401 2628 1614 2702 Κυρίου,
1647 2629 1732 2682 καὶ
1771 2627 1855 2686 λέ-

198 2738 389 2795 γοντος
426 2737 439 2750 ⁸
500 2717 715 2781 Γίνεσθε
783 2717 1148 2793 οἰκτίρμονες,
1223 2717 1297 2778 ὡς
1376 2717 1405 2771 ὅ
1461 2718 1645 2792 Πατὴρ
1700 2719 1851 2790 ὑμῶν

202 2806 502 2883 οῗκτίρμων
555 2805 687 2864 ἐστί,
750 2805 963 2869 Γίνεσθε
1012 2803 1237 2874 τέλειοι,
1279 2805 1352 2868 ὡς
1410 2807 1436 2860 ὁ
1470 2807 1664 2881 ,Πατήρ
1701 2807 1851 2879 ὑμῶν

202 2898 231 2952 6
265 2897 517 2970 οὐράνιος
566 2894 776 2957 τέλειός
835 2894 967 2952 ἐστι.
1026 2895 1238 2971 Τρεπτὰ
1279 2893 1336 2950 δὲ
1372 2897 1439 2950 τὰ
1484 2897 1702 2969 γενητὰ.
1756 2897 1856 2951 οὐκ

201 2983 262 3042 ἄν
294 3007 377 3048 τις
410 2985 729 3060 ἀρνήσαιτο,
785 2983 1031 3060 ἀγγέλων
1079 2985 1173 3058 μὶν
1224 2979 1604 3059 παραϐάντων,
1652 2989 1750 3040 τοῦ
1799 2983 1856 3041 δὲ

205 3072 382 3147 ’Δδὰμ
412 3073 873 3150 παρακούσαντος,
925 3075 1015 3128 καὶ
1063 3075 1278 3129 πάντων
1329 3072 1596 3148 δεομένων
1630 3083 1732 3147 τῆς
1760 3081 1856 3131 106

205 3164 387 3239 Λόγου
421 3165 670 3239 χάριτος.
703 3162 939 3238 Τρεπτὸν
973 3160 1030 3218 δὲ
1065 3163 1328 3236 ἀτρέπτου
1377 3162 1533 3226 ὄντος
1581 3169 1678 3219 106
1723 3169 1856 3221 Θεοῦ

200 3253 298 3310 οὐκ
327 3251 386 3308 ἄν
418 3253 502 3324 ιῖἠ
537 3251 728 3326 ὅμοιον
761 3271 772 3284 ·
827 3251 1006 3328 ὥσπερ
1049 3249 1173 3308 οὗδὶ
1213 3254 1276 3308 τὸ
1326 3254 1534 3308 κτισθὲν
1593 3259 1692 3310 106
1739 3254 1852 3310 κτί-

1977 669 2025 724 si
2059 685 2186 725 sese
2210 689 2532 743 repugnare
2581 687 2755 744 posse
2810 669 3193 735 arbitrantur,
3249 664 3465 731 dicant,
3527 663 3630 717 aut

1976 759 2170 830 potius
2195 761 2605 832 respondeant,
2661 759 2813 814 utin
2863 775 2990 814 sese
3033 755 3428 828 impingentss
3459 767 3624 806 coar-

1975 854 2268 920 guantur;
2305 867 2444 904 num
2469 851 2711 905 credant
2755 847 2901 904 Filio
2932 845 3151 902 dicenti
3185 861 3197 899 :
3227 846 3348 912 Ego
3377 845 3430 897 et
3461 843 3626 896 Pater

1975 953 2144 992 unum
2159 955 2348 994 sumus
2368 957 2390 1001 ;
2417 945 2474 994 et
2499 957 2510 994 :
2545 941 2640 1010 qui
2656 938 2794 994 vidit
2824 937 3076 1007 me,vidit
3089 939 3140 992 et
3160 938 3381 989 Patrem
3401 931 3460 984 ³⁸.
3475 932 3620 998 Imo,

1975 1025 2188 1094 dicent,
2223 1027 2331 1083 hoc
2363 1029 2500 1099 quia
2522 1029 2805 1100 scriptum
2839 1033 2948 1096 est,
2999 1023 3314 1080 credimus.
3343 1021 3449 1076 Sed
3484 1035 3626 1091 quo-

1975 1116 2288 1171 modonam
2315 1134 2496 1172 unum
2521 1123 2680 1186 sunt,
2711 1123 2767 1172 et
2785 1116 3098 1188 quomodo,
3123 1113 3221 1184 qui
3247 1110 3388 1166 vidit
3410 1108 3620 1164 Filium

1973 1203 2116 1258 vidit
2143 1212 2197 1260 et
2231 1207 2454 1260 Patrem
2481 1224 2493 1273 ;
2529 1207 2577 1260 si
2601 1206 2683 1261 sic
2716 1199 3624 1276 interrogentur,respondebunt

1972 1309 2132 1361 sane,
2159 1295 2240 1349 Ob
2264 1295 2752 1350 similitudinem:
2790 1294 2900 1348 nisi
2935 1309 3068 1348 cum
3100 1292 3173 1346 iis
3229 1283 3470 1360 collapsi
3502 1287 3621 1341 sint

1972 1385 2072 1455 qui
2106 1384 2341 1439 afﬁnem
2374 1402 2488 1439 suae
2539 1385 2888 1440 sententiam
2940 1386 3200 1449 tuentur,
3228 1387 3282 1435 et
3337 1381 3619 1433 vocantur

1969 1474 2252 1528 Anomcni.
2276 1475 2386 1529 Sed
2417 1473 2466 1530 si
2497 1490 2731 1529 rursum
2765 1471 3084 1538 sciscitare,
3137 1486 3255 1543 qua
3289 1467 3501 1524 ratione
3532 1465 3615 1521 si-

1970 1561 2127 1617 milis
2153 1563 2478 1618 ?audacius
2503 1563 2734 1619 dicent:
2773 1561 3003 1617 Virtute
3063 1559 3319 1632 perfecta
3365 1560 3423 1612 et
3473 1570 3610 1610 con-

1969 1654 2333 1723 sensu,quod
2364 1652 2620 1724 idipsum
2646 1650 2784 1707 velit
2815 1651 2969 1723 quod
3005 1651 3189 1718 Pater,
3205 1652 3262 1702 et
3284 1645 3438 1718 quod
3473 1641 3619 1700 nihil

1967 1740 2243 1808 velit,nisi
2276 1742 2427 1812 quod
2464 1741 2766 1797 Pater.Sed
2801 1740 3033 1796 discant
3079 1754 3216 1794 eum
3275 1735 3374 1808 qui
3411 1751 3480 1790 ex
3509 1732 3620 1788 vir-

1966 1833 2093 1885 tute
2114 1836 2170 1885 et
2199 1831 2495 1887 voluntate
2515 1831 2630 1886 Deo
2662 1830 2872 1886 similis
2931 1829 3026 1896 sit,
3080 1825 3347 1882 mutandi
3405 1822 3497 1878 sui
3531 1839 3619 1877 ar-

1968 1919 2214 1974 bitrium
2237 1920 2451 1975 habere
2475 1937 2487 1974 :
2515 1919 2948 1992 atquiVerbum
2966 1931 3343 1988 nequaquam
3375 1917 3464 1969 est
3476 1911 3614 1982 tale,

1969 2007 2080 2062 nisi
2114 2009 2261 2064 forte
2291 2025 2357 2064 ex
2390 2008 2587 2080 aliqua
2617 2012 2783 2080 parte
2811 2012 2867 2064 et
2914 2009 3112 2062 nostro
3161 2019 3344 2069 more,
3395 2002 3613 2056 nedum

1970 2098 2282 2152 secundum
2314 2097 2705 2154 substantiam
2719 2095 2911 2153 simile
2931 2095 3095 2152 sit.Id
3126 2093 3282 2149 enim
3305 2090 3608 2164 proprium

1969 2186 2139 2242 nobis
2169 2192 2255 2241 est
2279 2187 2380 2258 qui
2413 2187 2568 2254 facti,
2603 2191 2660 2242 et
2689 2192 2900 2243 natura
2927 2188 3122 2241 creata
3140 2181 3361 2256 praediti
3378 2195 3607 2236 sumus.

1967 2275 2197 2331 Etenim
2231 2293 2356 2346 nos,
2380 2275 2514 2332 licet
2542 2277 2863 2332 secundum
2897 2272 3287 2330 substantiam
3320 2275 3432 2325 Deo
3447 2267 3608 2324 simi-

1967 2365 2052 2420 les
2083 2382 2214 2422 esse
2245 2383 2631 2438 nequeamus,
2662 2371 2860 2422 tamen
2886 2365 2945 2419 in
2990 2364 3200 2418 virtute
3223 2359 3610 2434 proﬁcientes,

1966 2455 2145 2511 Deum
2213 2455 2537 2526 imitamur,
2595 2455 2703 2511 hoc
2751 2455 3008 2510 donante
3058 2451 3323 2518 Domino,
3351 2447 3450 2520 qui
3484 2445 3610 2502 ait:

1966 2545 2141 2600 Estote
2197 2544 2601 2614 misericordes,
2660 2545 2802 2598 sicut
2858 2545 3021 2598 Pater
3083 2545 3258 2596 vester
3303 2538 3621 2604 misericor,

1962 2643 2041 2690 est
2059 2634 2122 2688 3°.
2159 2636 2334 2690 Estote
2355 2635 2602 2705 perfecti,
2638 2636 2774 2688 sicut
2804 2637 2976 2688 Pater
3033 2633 3208 2686 vester
3235 2629 3464 2683 caelestis
3490 2641 3613 2697 per-

1962 2727 2133 2794 fectus
2163 2723 2329 2779 est“.
2363 2723 2606 2794 Opiﬁcia
2636 2727 2833 2777 autem
2892 2718 3201 2775 mutabilia
3247 2733 3392 2785 esse,
3443 2731 3616 2772 nemo

1966 2813 2221 2884 negarit:
2254 2829 2388 2868 cum
2412 2817 2468 2866 et
2503 2811 2695 2882 angeli
2746 2808 3106 2882 praevaricati
3150 2807 3290 2872 sint,
3339 2810 3396 2861 et
3429 2805 3614 2860 Adam

1966 2919 2083 2958 non
2107 2901 2409 2967 obedierit,
2442 2906 2499 2956 et
2520 2917 2726 2956 omnes
2754 2903 2962 2972 egeant
2992 2897 3182 2970 gratia
3215 2894 3404 2951 Verbi.
3424 2893 3610 2948 Muta-

1965 2989 2080 3046 bile
2103 2995 2301 3046 autem
2333 2986 2690 3044 immutabili
2715 2992 2826 3043 Deo
2876 2983 3070 3040 simile
3129 2999 3259 3039 esse
3309 2997 3612 3052 nunquam

1967 3080 2212 3152 poterit:
2250 3083 2313 3133 ut
2345 3094 2447 3133 nec
2479 3081 2740 3133 creatum
2774 3075 3013 3132 creanti.
3035 3075 3396 3144 QuaprOpter
3426 3070 3482 3124 in
3507 3086 3612 3126 nos

1966 3167 2285 3240 reSpiciens
2319 3172 2558 3223 sanctus
2605 3165 2704 3221 ille
2743 3163 3192 3230 dicebatzbeus,
3232 3161 3355 3233 quis
3410 3159 3612 3215 similis

1965 3259 2076 3313 erit
2108 3259 2208 3313 tibi
2229 3258 2270 3292 ⁴¹
2296 3257 2324 3311 ?
2355 3263 2413 3312 et
2445 3272 2456 3309 ε
2494 3257 2627 3324 Qui:
2655 3255 2857 3310 similis
2886 3255 2996 3310 tibi
3022 3253 3082 3307 in
3115 3252 3246 3322 diis,
3277 3250 3506 3306 Domine
3526 3247 3612 3303 "P

198 3364 410 3399 σαντος.
445 3343 540 3398 Διὰ
569 3347 729 3398 10610
761 3343 885 3417 περῖ
922 3322 1016 3416 μέν
1045 3345 1206 3415 ἡμῶν
1241 3347 1456 3398 σκοπῶν
1491 3345 1518 3398 6
1553 3345 1704 3419 ἅγιος
1732 3342 1850 3400 ἔλε-

1969 3349 2104 3403 deos
2128 3347 2326 3402 dicens
2353 3345 2483 3402 illos
2512 3322 2613 3417 qui
2645 3344 2819 3400 creati
2851 3343 3112 3414 quidem,
3146 3341 3244 3397 sed
3297 3338 3614 3412 participes

193 3454 282 3509 γεν
317 3453 330 3466 ⁸
385 3435 444 3490 Ὁ
520 3433 673 3505 Θεὸς,
725 3432 807 3494 τίς
888 3431 1296 3506 ὁμοιωθήσεται
1383 3453 1515 3503 σοι;
1591 3434 1701 3508 καὶ,
1759 3433 1848 3497 Τίς

198 3521 391 3596 ὅμοιός
423 3543 509 3577 σοι
541 3520 592 3576 έν
639 3523 805 3593 θεοῖς,
854 3520 1064 3597 Κύριε;
1128 3521 1280 3586 θεοὺς
1329 3521 1524 3598 λέγων,
1577 3523 1705 3585 τοὺς
1734 3544 1848 3579 κτι-

196 3612 416 3677 σθέντας
453 3613 569 3685 μὲν,
606 3612 879 3686 μετόχους
928 3609 985 3666 δὲ
1033 3613 1364 3686 γενομένους
1401 3616 1498 3666 106
1541 3613 1740 3689 Λόγου,
1775 3614 1847 3675 ὡς

196 3699 358 3762 αὐτὸς
417 3701 559 3755 εἶπεν
595 3719 608 3732 ·
672 3701 730 3754 Et
784 3698 1019 3761 ἐκείνους
1077 3700 1232 3764 θεοὺς
1287 3701 1421 3768 εἷπε,
1478 3701 1612 3778 πρὸς
1670 3701 1761 3764 οὓς
1821 3704 1849 3757 ὁ

198 3791 377 3865 Λόγος
407 3794 502 3844 106
551 3793 685 3845 Θεοῦ
744 3787 972 3865 ἐγένετο.
1024 3790 1104 3843 Τὰ
1156 3786 1213 3844 δὲ
1278 3790 1578 3866 μετέχοντα
1636 3790 1733 3846 οὐκ
1787 3790 1846 3846 ἂν

197 3878 285 3950 εἴη
317 3878 383 3933 τὰ
413 3880 525 3952 (70)
557 3879 694 3933 αὐτὰ
745 3874 876 3932 οὐδὲ
912 3878 1079 3950 ὅμοια
1123 3883 1219 3934 τοῦ
1275 3879 1664 3955 μετεχομένου.
1720 3881 1848 3957 Περὶ

198 3970 390 4024 ἑαυτοῦ
409 3971 540 4043 γοῦν
576 3965 782 4041 ἔλεγενο
830 3967 970 4042 Ἐγὼ
1027 3967 1116 4021 καὶ
1167 3969 1194 4023 ὁ
1253 3970 1439 4042 Πατήρ
1471 3966 1526 4024 ἓν
1561 3969 1742 4043 έσμεν,
1776 3969 1850 4033 ὠς

193 4059 302 4114 τῶν
336 4059 570 4132 γενητῶν
609 4055 684 4128 μὴ
726 4051 893 4108 ὄντων
945 4054 1140 4117 οὕτως’
1193 4058 1342 4114 Ἐπεὶ
1375 4058 1850 4135 ἀποκρίνάσθωσαν

194 4148 247 4202 οἱ
277 4147 380 4215 τήν
425 4143 715 4220 Ἀρίμηνον
757 4143 1149 4220 προτείνοντες,
1210 4145 1260 4200 εἶ’
1305 4149 1493 4216 κτιστή
1551 4152 1661 4221 (71)
1694 4148 1850 4203 οὐσία

195 4232 417 4289 δύναται
463 4232 633 4288 εἰπεῖν
668 4250 682 4264 ⁸
733 4235 805 4290 ’Ἀ
881 4231 1068 4306 βλέπω
1142 4235 1232 4290 τὸν
1303 4236 1511 4310 Πατέρα
1567 4241 1847 4304 ποιοῦντα,

191 4328 359 4379 ταῦτα
413 4320 568 4397 κάγὼ
615 4327 779 4379 ποιῶ.
832 4321 1140 4394 Ποιούμενα
1187 4324 1288 4400 γὰρ
1347 4323 1456 4379 ἐστι
1513 4325 1579 4378 τὰ
1626 4325 1846 4400 γενητὰ,

191 4413 281 4469 καὶ
316 4412 378 4467 οὐ
408 4417 668 4467 ποιοῦντα
701 4431 713 4444 ·
767 4410 812 4466 εἶ
864 4414 978 4483 (72)
1023 4409 1080 4466 δὲ
1125 4414 1200 4485 μή
1257 4434 1340 4489 γε,
1399 4413 1486 4467 καί
1519 4415 1677 4469 ἑαυτά
1708 4414 1850 4468 ἐποί-

193 4523 352 4574 ησαν.
383 4499 607 4576 Ἀμέλει
641 4500 708 4570 εἴ,
761 4501 835 4563 ὡς
887 4500 1126 4577 λέγουσι,
1177 4501 1380 4575 κτίσμα
1427 4502 1568 4557 ἐστὶν
1618 4505 1645 4558 6
1700 4505 1846 4572 Υἱὸς,

190 4591 280 4648 καὶ
312 4597 458 4647 ποιεῖ
487 4591 647 4647 αὐτὸν
679 4592 706 4646 6
746 4593 960 4665 Πατὴρ,
993 4591 1206 4653 πάντως
1240 4591 1300 4646 ἂν
1332 4592 1553 4662 ἐποίησε
1596 4593 1685 4647 καὶ
1726 4594 1846 4648 έαυ-

1963 3437 2130 3493 Verbi
2158 3440 2316 3503 sunt,
2361 3435 2861 3506 quemadmodum
2895 3433 3020 3504 ipse
3078 3432 3159 3486 ait
3183 3448 3194 3486 :
3221 3429 3285 3485 Si
3313 3429 3440 3485 illos
3469 3428 3618 3483 dixit

1960 3526 2179 3593 deos,ad
2208 3541 2340 3597 quos
2368 3525 2595 3581 Verbum
2653 3525 2752 3578 Dei
2791 3527 3000 3594 factum
3059 3525 3137 3576 est
3167 3520 3245 3597 ‘3.
3274 3522 3385 3573 Res
3414 3521 3610 3572 autem

1961 3632 2088 3688 quae
2121 3594 2370 3685 alicujus
2393 3613 2708 3686 participes
2747 3619 2906 3678 sunt,
2937 3594 3245 3681 nunquam
3273 3608 3488 3664 eaedem
3512 3611 3614 3662 aut

1960 3705 2185 3761 similes
2215 3705 2266 3760 ei
2291 3703 2506 3760 fuerint
2554 3703 2724 3774 cujus
2777 3705 2917 3757 sunt
2944 3699 3281 3772 participes.
3321 3699 3395 3753 De
3417 3696 3611 3768 seipso

1960 3795 2142 3868 igitur
2171 3793 2350 3848 dixit:
2384 3796 2499 3862 Ego
2527 3800 2581 3848 et
2610 3797 2780 3847 Pater
2807 3806 2982 3845 unum
3010 3805 3222 3856 sumus,
3256 3786 3410 3860 quod
3454 3784 3609 3840 scili-

1960 3889 2048 3940 cet
2080 3900 2174 3939 res
2219 3883 2381 3939 facta
2433 3897 2737 3952 nunquam
2800 3878 3140 3950 hujusmodi
3189 3876 3328 3932 sint.
3379 3872 3610 3945 Alioqui

1960 3974 2353 4044 respondeant
2383 3971 2479 4043 qui
2506 3970 2929 4024 Ariminensem
2959 3963 3608 4034 obtenduntsynodum,

1962 4080 2034 4118 an
2066 4067 2262 4118 creata
2292 4059 2624 4115 substantia
2670 4059 2861 4113 dicere
2893 4055 3115 4128 possit:
3152 4055 3287 4122 Quae
3317 4050 3468 4107 video
3496 4052 3609 4106 Pa-

1961 4157 2097 4207 trem
2124 4153 2436 4223 facientem,
2471 4149 2588 4205 haec
2607 4157 2759 4218 etego
2779 4148 2924 4218 fewio
2945 4145 3008 4198 “.
3042 4144 3186 4198 Nam
3215 4141 3449 4214 opiﬁcia
3470 4156 3608 4194 con-

1961 4243 2082 4296 dita
2102 4246 2329 4307 sunt,et
2359 4238 2502 4294 nihil
2537 4238 2831 4303 condunt;
2866 4236 2956 4291 sin
2991 4238 3185 4290 autem
3219 4231 3440 4296 minus,
3471 4245 3608 4301 ergo

1959 4331 2153 4401 seipse
2185 4329 2588 4385 condiderunt.
2643 4329 2804 4381 Certe
2835 4325 2906 4394 si,
2967 4327 3029 4378 ut
3087 4322 3312 4389 dicunt,
3343 4323 3612 4375 creatura

1960 4425 2048 4474 est
2095 4416 2296 4484 Filius,
2347 4421 2405 4472 et
2465 4417 2626 4470 Pater
2672 4412 2871 4469 fecerit
2901 4428 3056 4476 eum,
3093 4410 3266 4482 plane
3298 4407 3481 4463 Filius
3512 4423 3608 4463 se-

1959 4508 2155 4580 ipsum
2187 4505 2533 4576 condiderit,
2565 4521 2721 4572 cum,
2759 4509 2821 4558 ut
2847 4502 2974 4574 ipse
3020 4505 3291 4570 testatur,
3322 4515 3390 4553 ea
3419 4495 3608 4570 possit

1959 4597 2148 4652 facere
2173 4613 2295 4666 quae
2319 4596 2488 4650 Pater
2510 4595 2684 4649 facit:
2718 4592 2820 4648 sed
2853 4590 2995 4646 illud
3034 4590 3356 4645 absurdum
3381 4592 3437 4643 et
3454 4604 3604 4642 nun-

190 4682 285 4736 16v
317 4682 345 4735 6
383 4681 528 4750 Υἱὸς,
578 4678 875 4754 δυνάμενος
923 4686 1096 4736 ποιεῖν
1145 4681 1178 4736 ἃ
1232 4687 1383 4737 ποιεῖ
1431 4683 1458 4737 ὁ
1509 4683 1716 4756 Πατὴρ,
1769 4683 1844 4747 ὡς

1969 4703 2128 4758 luam
2153 4691 2420 4741 constare
2452 4689 2674 4756 potest:
2701 4698 2870 4738 nemo
2920 4679 3078 4736 enim
3121 4679 3382 4751 seipsum
3416 4679 3606 4749 potest

193 4773 339 4827 εἶπεν
370 4770 527 4833 αὐτός
561 4790 573 4802 ·
639 4769 765 4826 ἀλλ’
813 4772 1013 4826 ἄτοπον
1065 4771 1154 4826 καὶ
1213 4769 1335 4827 λίαν
1388 4770 1682 4827 ἀσύστατόν
1730 4771 1838 4827 ἐστι

191 4864 256 4916 τὸ
284 4864 530 4915 τοιοῦτον
567 4879 578 4891 ·
611 4863 785 4915 ποιεῖν
818 4859 922 4935 γὰρ
955 4860 1137 4916 ἑαυτὸν
1175 4858 1350 4924 οὐδεὶς
1384 4858 1625 4917 δύναται.

264 4952 320 5006 8.
382 4946 552 5005 Πάλιν
609 4945 666 5002 δὲ
734 4949 1058 5020 εἰπάτωσαν,
1137 4949 1185 5005 εἷ
1256 4948 1475 5006 δύναται
1525 4953 1592 5006 τὰ
1649 4952 1844 5025 γενητὰ

193 5040 410 5096 εἰπεῖν·
471 5038 668 5105 Πάντα,
736 5038 836 5092 ὅσα
909 5035 1028 5113 ἕχει
1109 5042 1136 5094 6
1196 5041 1404 5116 Πατὴρ,
1478 5040 1580 5114 ἐμά
1658 5039 1840 5108 tes-1w;

1898 4833 1900 4836 ,
1951 4774 2198 4831 efficere.

2029 4954 2172 5007 717
2211 4955 2262 5007 8.
2298 4952 2553 5006 Rursum
2586 4951 2783 5005 dicant
2815 4966 2887 5004 an
2921 4947 3151 5020 possint
3181 4960 3273 5000 res
3305 4943 3466 4999 factae
3514 4940 3602 4996 di-

1954 5059 2116 5098 cere:
2152 5043 2353 5106 Omnia
2373 5056 2709 5113 quaecunque
2757 5040 2913 5094 habet
2973 5039 3153 5106 Pater,
3203 5050 3318 5089 mea
3349 5032 3549 5089 sunt“
3576 5030 3605 5086 7

264 5175 503 5248 “Joan.
537 5189 650 5242 xxv,
683 5173 784 5226 93°
816 5173 952 5248 huc.
986 5191 1062 5243 v1,
1095 5176 1182 5231 36.
1218 5177 1262 5212 ⁴⁰
1291 5176 1495 5232 Matth.
1531 5194 1582 5246 v,
1617 5177 1684 5231 48
1716 5180 1758 5215 ³1
1786 5178 1854 5232 Ps

1973 5194 2180 5248 Lxxxn,
2211 5177 2266 5232 2.
2297 5177 2344 5211 ’δ’
2375 5174 2526 5231 Psal.
2554 5189 2752 5241 Lxxxv,
2782 5172 2904 5228 8.ο⁴³
2927 5171 3097 5227 Joan.
3130 5187 3189 5224 ιι
3233 5169 3322 5224 35.
3357 5169 3404 5204 “
3431 5168 3604 5224 Joan.

187 5265 244 5318 v,
265 5247 352 5303 19.
384 5246 428 5280 ⁴⁸
456 5245 627 5301 Joan.
658 5261 771 5312 xvr,
805 5245 892 5300 45.

263 5371 374 5442 (67)
402 5366 808 5442 Kai_deest_in
849 5367 1024 5442 Regio
1065 5371 1121 5442 et
1173 5368 1228 5422 in
1279 5369 1620 5442 Anglicano.
1656 5371 1830 5438 Infra,
1920 5424 1929 5434 ,

186 5437 278 5496 καῖ
314 5437 656 5514 λεγομένοις,
707 5437 1008 5514 ductio-fcie,
1064 5440 1157 5514 vix
1198 5437 1472 5514 augurari
1523 5437 1840 5513 possumus

192 5515 334 5588 quid
369 5511 462 5568 hic
494 5512 696 5580 legerit
727 5511 1012 5588 Nannius,
1046 5512 1146 5581 qui
1179 5513 1369 5588 vertit,
1393 5511 1683 5584 qun—quod
1705 5517 1842 5586 ipsis

188 5584 687 5665 duimiscoyitant,
721 5584 920 5665 verbis
937 5587 1220 5665 promunt.

261 5659 374 5730 (68)
408 5653 753 5730 Ita’Regius,
803 5653 948 5710 Editi
1004 5671 1155 5723 vero,
1205 5653 1497 5730 πρέπεσθαι
1550 5657 1719 5714 male.
1754 5659 1843 5714 In-

2017 5369 2126 5441 (69)
2161 5370 2540 5441 Anglicanus,
2573 5365 2665 5420 τὸν
2715 5363 2864 5441 Θεόν.
2909 5365 3062 5441 Mox,
3098 5361 3187 5418 καί
3212 5365 3384 5441 deest
3408 5364 3468 5418 in
3500 5363 3606 5418 Re-

1951 5436 2065 5514 gio.
2102 5436 2658 5514 Infra'Anglicanus.
2691 5436 2992 5514 {umboni
3025 5437 3290 5514 60911139.

2025 5517 2131 5582 (70)
2167 5507 2547 5585 Anglicanus,
2582 5509 2681 5564 οὐκ
2710 5509 2775 5585 ἦν
2812 5508 2891 5562 ἀεὶ
2919 5510 2986 5562 τὰ
3015 5507 3170 5566 αὐτά.

2025 5575 2131 5656 (71)
2167 5575 2545 5658 Anglicanus,
2577 5575 2981 5658 προκρίναντες,
3002 5579 3202 5658 κτιστῂ
3219 5575 3410 5658 ὀῦσία.

2024 5646 2135 5726 (72)
2168 5657 2226 5709 Εἰ
2256 5646 2445 5713 υἀθεεὶ
2488 5646 2546 5712 in
2597 5646 2938 5727 Anglicano.
2968 5646 3150 5710 'lnlra
3180 5646 3356 5720 idem,
3389 5646 3604 5710 πάντως

192 5725 284 5787 ira
313 5725 368 5803 in
400 5725 627 5803 eodem;
657 5726 747 5781 καί
778 5730 942 5803 deest
970 5732 1104 5803 ante
1131 5725 1257 5781 xci-1"
1278 5725 1483 5783 οὐσίαν.
1507 5731 1686 5786 Paulo
1710 5734 1844 5803 post

1969 5730 2009 5782 ἱν
2043 5727 2234 5785 ἐποίει.

191 5801 574 5876 Anglicadus,
604 5802 711 5859 τῶν
740 5800 972 5876 γενητὴν
1004 5798 1111 5859 καί.
