4048 6382
394 438 549 499 1043

929 437 994 498 S.
1040 437 1465 499 ATHANASII
1509 437 1681 498 OPP.
1728 436 1932 497 PARS
1977 436 2026 496 Ι.
2062 466 2139 481 -
2169 437 2587 499 HISTORICA
2636 439 2737 500 ET
2781 436 3250 500 DOGMATICA.

3659 436 3812 498 1044

394 571 578 627 Habet
607 575 802 626 autem
832 569 1113 639 ille,quod
1130 568 1207 623 sit
1223 568 2044 635 creator,conditor,ieternus,

2172 567 2317 642 Ἑχει
2351 565 2408 622 δὶ
2436 567 2500 623 τὸ
2529 568 2591 623 τὸ
2621 568 2840 638 κτίζειν,
2885 568 2946 623 τὸ
2995 543 3378 644 δημιουργεῖν,
3427 565 3494 622 τὸ
3522 563 3718 638 ἇΐδιον,
3746 566 3810 622 τὸ

394 659 1192 733 omnipotens,immutabilis.
1224 658 1467 730 Opificia
1497 664 1690 713 autem
1728 674 1829 713 nec
1853 673 2047 713 creare

398 753 870 823 possunt,creata
901 764 1031 803 cum
1064 751 1218 812 sint;
1252 764 1355 803 nec
1413 752 1627 802 aeterna
1649 763 1798 812 esse,
1834 747 2044 802 intium

398 841 611 911 quippe
641 836 956 892 exsistendi
995 837 1254 893 habent:
1281 854 1385 892 nec
1430 837 1627 892 omnia
1660 854 1828 906 posse
1851 841 1908 890 ct
1939 838 2047 891 im-

398 927 702 984 mutabilia
735 942 882 990 esse,
917 926 1026 980 sub
1060 926 1306 997 imperio
1337 926 1494 980 enim
1527 931 1686 996 sunt,
1714 932 2050 997 natumque

397 1026 530 1074 sunl
562 1015 1283 1086 mutabilis,utScripturze
1311 1016 1690 1088 dicunt.Ergo
1723 1017 1770 1070 si
1790 1015 2049 1070 hmcFilii

395 1110 676 1173 aunt,non
701 1121 769 1160 ex
784 1104 1487 1171 virtute,utdiximus,sed
1514 1121 1580 1160 ex
1596 1106 1929 1160 substantia
1942 1121 2049 1160 sua

392 1195 494 1252 illa
523 1195 717 1261 habet,
751 1199 817 1249 ut
848 1194 1105 1266 synodus
1127 1193 1247 1248 ait:
1281 1211 1382 1248 nec
1417 1210 1484 1248 ex
1545 1193 1656 1249 alia
1715 1194 2051 1249 substantia

399 1286 524 1358 ipse
557 1289 666 1353 est,
693 1285 793 1338 sed
827 1301 892 1338 ex
916 1283 1247 1338 substantia
1279 1283 1488 1350 Patris,
1521 1285 1695 1355 cujus
1750 1284 1869 1338 btrc
1920 1288 2051 1338 sunt

395 1374 660 1448 propria:
678 1373 830 1444 quod
849 1378 1044 1427 autem
1063 1389 1129 1426 su
1141 1372 1405 1427 bstantiae
1421 1373 1607 1428 Patris
1623 1374 1922 1444 proprium
1938 1377 2048 1440 est,

395 1465 647 1536 ejusque
671 1462 1028 1534 proles,quid
1055 1461 1214 1516 aliud
1233 1461 1838 1532 fuerit,autquomodo
1857 1461 2050 1533 appel-

398 1554 538 1610 land
555 1569 651 1607 um
685 1551 905 1617 sit,nisi
931 1550 1476 1606 consubstantiale?
1504 1551 1647 1605 Nam
1683 1568 1809 1621 quae
1842 1551 2045 1623 quisin

398 1646 569 1699 Patre
587 1641 972 1708 videt,eadem
990 1641 1044 1694 in
1064 1640 1206 1695 Filio
1222 1640 1593 1711 conspicit;in
1613 1639 2048 1711 Filio,inquam,

400 1749 517 1788 non
550 1748 617 1786 ex
629 1729 1200 1802 participatione,sed
1218 1730 1542 1784 secundum
1557 1730 2051 1785 substantiam.Et

400 1822 512 1877 hoc
542 1825 662 1875 est:
702 1823 807 1890 Ego
837 1827 889 1874 et
909 1822 1074 1874 Pater
1121 1835 1296 1873 unum
1332 1835 1522 1874 sumus
1551 1820 1627 1884 ‘5;
1663 1823 1740 1885 et,
1776 1820 1881 1887 Qui
1911 1819 2053 1875 vidit

2158 659 2290 712 εἶναι
2346 659 2763 733 παντοκράτωρ,
2813 658 2877 713 τὸ
2932 655 3213 734 ἄτρεπτον.
3267 657 3351 714 Τὰ
3407 653 3465 711 δὲ
3513 657 3711 732 γενητὰ
3743 657 3808 712 οὐ

2159 743 2375 800 δύναται
2408 741 2553 820 ἔχειν
2583 747 2645 800 τὸ
2677 743 3032 822 δημιουργιῖν
3067 766 3079 777 ·
3110 745 3301 800 κτιστὰ
3328 745 3430 820 γάρ
3463 744 3604 800 ἔστιν
3637 763 3650 778 ·
3684 742 3811 800 οὐδὲ

2154 836 2218 890 τὸ
2248 833 2421 889 ἀίδιον
2456 855 2469 868 ο
2503 837 2680 911 ἀργὴν
2711 836 2810 910 γὰρ
2839 835 2952 911 ἔχει
3009 840 3106 890 τοῦ
3152 837 3280 890 εἶναι
3316 856 3328 868 ο
3364 832 3488 890 οὐδέ
3515 835 3579 890 τὸ
3609 855 3809 890 παντο-

2157 923 2372 999 κράτωρ
2418 924 2506 980 καὶ
2559 927 2856 998 ἄτρεπτον·
2904 923 3239 998 κρατούμενα
3289 925 3389 998 γὰρ
3441 923 3530 978 καὶ
3577 931 3815 1000 τρεπτῆς

2159 1013 2368 1090 φύσεώς
2397 1014 2560 1081 ἐστιν,
2595 1015 2774 1090 ὥσπερ
2833 1016 2888 1068 αἱ
2936 1012 3140 1090 Γραφαὶ
3197 1010 3470 1088 λέγουσιν.
3521 1012 3731 1070 Οὐκοῦν
3766 1013 3813 1067 εἷ

2156 1107 2324 1158 ταῦτα
2377 1107 2473 1157 τοῦ
2523 1104 2649 1157 Υἱοῦ
2697 1102 2859 1173 ἐστιν,
2923 1103 3020 1158 οὐκ
3076 1102 3128 1173 ἐξ
3178 1103 3393 1178 ἀρετῆς,
3443 1101 3518 1166 ὡς
3564 1100 3813 1174 εἷ’πομεν,

2158 1190 2304 1246 ἀλλὰ
2331 1199 2430 1262 τῆς
2464 1193 2646 1254 οὐσίας
2692 1193 2856 1248 αὐτοῦ
2914 1193 3024 1248 ιστι
3074 1195 3185 1265 (73)
3240 1190 3523 1263 δηλονότι,
3566 1192 3640 1253 ὡς
3671 1192 3816 1247 εἶπεν

2157 1283 2192 1350 ἡ
2227 1278 2450 1344 σύνοδος
2487 1301 2499 1312 ⁸
2525 1282 2625 1336 οὐκ
2656 1281 2705 1354 ἐξ
2738 1280 2916 1352 ἄλλης
2962 1281 3147 1344 οὐσίας
3197 1280 3360 1351 ἐστὶν,
3410 1278 3556 1336 ἀλλᾶ
3586 1287 3685 1350 τῆς
3716 1284 3814 1335 τοῦ

2159 1372 2392 1446 Πατρὸς,
2423 1373 2488 1439 ἧς
2535 1371 2644 1426 ἐστι
2693 1372 2780 1426 καὶ
2829 1375 2998 1426 ταῦτα
3052 1369 3161 1426 ἴδια
3193 1388 3206 1404 ⁸
3267 1371 3331 1424 τὸ
3359 1367 3417 1424 δὲ
3445 1377 3546 1439 τῆς
3575 1374 3671 1424 τοῦ
3701 1376 3811 1426 Πα-

2157 1461 2284 1535 τρὸς
2315 1459 2496 1522 οὐσίας
2530 1458 2689 1528 ἴδιον,
2740 1462 2826 1515 καὶ
2880 1461 2932 1531 ἐξ
2982 1461 3152 1530 αὐτῆς
3194 1461 3457 1536 γέννημα,
3509 1458 3562 1514 τί
3592 1457 3650 1512 ἂν
3703 1457 3813 1530 εἷή,

2160 1549 2194 1617 ἢ
2226 1555 2342 1611 πῶς
2377 1548 2434 1603 ἄν
2478 1571 2560 1611 τις
2611 1550 2926 1622 ἀνομάσειεν
2978 1549 3129 1617 αὐτὸ,
3178 1549 3213 1618 ἢ
3265 1548 3561 1621 ὁμοεύσιον
3600 1567 3614 1616 ;
3647 1546 3679 1602 ἃ
3707 1548 3814 1623 γὰρ

2164 1637 2350 1713 βλέπει
2381 1660 2462 1700 τις
2494 1639 2544 1693 ἐν
2573 1644 2653 1712 τῷ
2684 1640 2874 1713 Πατρὶ,
2925 1644 3091 1694 ταῦτα
3135 1637 3323 1714 βλέπει
3373 1637 3463 1692 καὶ
3495 1639 3611 1711 (74)
3642 1637 3692 1692 έν
3729 1642 3814 1711 τῷ

2161 1729 2270 1799 Υἱῷ
2302 1745 2313 1758 ·
2352 1729 2462 1800 Υὶῷ
2514 1726 2570 1783 δὲ
2617 1728 2716 1783 οὐκ
2759 1728 2818 1784 ἐκ
2873 1728 3180 1802 μετουσίας,
3229 1726 3372 1783 ἀλλὰ
3431 1728 3545 1782 κατ’
3599 1726 3812 1784 οὐσίαν.

2161 1817 2257 1871 Καὶ
2289 1818 2449 1872 τοῦτό
2500 1817 2641 1874 ἐστὶν
2675 1838 2686 1850 ’
2749 1817 2891 1892 Ἐγὼ
2942 1817 3032 1873 καὶ
3084 1819 3113 1872 6
3164 1818 3348 1892 Πατὴρ
3387 1814 3441 1871 ἓν
3483 1815 3664 1890 ἔσμεν,
3718 1817 3813 1871 καὶ

400 1926 510 1974 me,
541 1909 678 1963 vidit
703 1911 754 1963 et
801 1909 1019 1962 Patrem
1049 1909 1112 1962 ‘7.
1163 1908 1379 1962 Verum
1435 1907 1570 1963 hinc
1610 1924 1845 1980 quoque
1901 1924 1931 1962 θ
1991 1925 2051 1963 re

2175 1907 2220 1962 Ο
2275 1906 2371 1979 έμὶ
2429 1908 2683 1981 ἑωρακὼς
2745 1907 2949 1982 ἑώρακε
3017 1907 3108 1962 τὸν
3176 1907 3404 1980 Πατέρα.
3463 1903 3692 1967 Ἄλλως
3752 1927 3812 1960 τε

402 1998 577 2054 fuerit
599 2014 800 2052 eorum
834 1997 1152 2052 amentiam
1202 2001 1704 2053 commonstrare:
1737 1997 1790 2051 Si
1840 2015 1907 2053 ex
1938 1997 2051 2052 vir-

404 2091 725 2158 tute,quam
761 2085 1030 2156 sequitur
1049 2085 1196 2142 velle
1218 2091 1273 2140 et
1306 2103 1419 2141 non
1451 2085 1619 2153 velle,
1652 2103 1757 2142 nec
1789 2104 1901 2141 non
1938 2103 2055 2143 mo-

405 2193 536 2232 rum
566 2176 884 2246 profectus,
910 2174 1123 2230 similis
1155 2180 1242 2230 est
1282 2175 1431 2230 Patri
1465 2175 1663 2247 Filius,
1690 2185 1752 2231 ut
1784 2193 1882 2232 vos
1913 2177 2054 2231 dici—

409 2266 509 2334 tis,
533 2264 655 2318 hec
688 2268 882 2318 autem
916 2269 1054 2318 sunt
1085 2263 1387 2334 qualitatis
1415 2265 1647 2335 propria
1673 2283 1684 2320 :
1718 2281 1854 2336 ergo
1873 2266 2057 2320 Deum

414 2353 611 2409 dicitis
640 2369 705 2408 ex
729 2351 1010 2424 qualitate
1041 2358 1096 2407 et
1142 2371 1208 2407 ex
1268 2353 1600 2408 substantia
1646 2356 2056 2426 compositum.

422 2442 636 2513 Ecquis
666 2459 766 2496 vos
800 2442 954 2498 ultra
978 2443 1121 2497 ferat
1177 2443 1318 2496 talia
1367 2443 1674 2498 dicentes?
1733 2461 1845 2500 non
1905 2445 2061 2500 enim

423 2531 787 2604 compositus
817 2537 906 2586 est
936 2532 1110 2602 Deus,
1142 2532 1242 2602 qui
1263 2532 1462 2587 omnia
1493 2537 1555 2586 ut
1606 2539 1801 2589 essent
1831 2551 2065 2606 compo-

423 2621 580 2677 suit:
617 2637 803 2692 neque
834 2620 991 2682 talis,
1013 2620 1208 2691 qualia
1231 2626 1367 2676 sunt
1397 2638 1523 2692 quae
1555 2623 1626 2676 ab
1657 2623 1784 2694 ipso
1811 2640 1913 2694 per
1933 2624 2067 2678 Ver-

422 2710 565 2764 bum
585 2714 722 2764 sunt
752 2709 920 2777 facta,
957 2710 1129 2764 absit.
1157 2710 1410 2782 Simplex
1470 2711 1624 2766 enim
1657 2716 1747 2767 est
1794 2714 2065 2768 substan-

421 2799 525 2865 tia,
558 2798 616 2852 in
650 2815 765 2869 qua
796 2798 960 2854 nulla
990 2800 1264 2871 qualitas,
1299 2816 1506 2872 neque,
1567 2805 1629 2856 ut
1669 2801 1749 2856 ait
1788 2803 2064 2870 Jacobus,

420 2890 816 2945 transmutatio
874 2893 969 2944 aut
1025 2891 1425 2946 vicissitudinis
1449 2891 1794 2946 obumbratio
1825 2891 1887 2945 ⁴⁸.
1921 2893 2062 2946 Cum

417 2976 600 3050 igitur
629 2978 1096 3033 demonstratum
1131 2978 1205 3033 sit
1236 2995 1367 3034 eum
1417 2997 1528 3034 non
1571 2997 1638 3035 ex
1690 2981 1904 3036 virtute
1934 2998 2064 3053 pro-

419 3067 869 3138 cedere,quippe
901 3083 1005 3122 nec
1038 3068 1095 3121 in
1119 3067 1234 3122 Deo
1266 3085 1370 3125 nec
1401 3069 1457 3124 in
1479 3069 1620 3125 Filio
1651 3075 1739 3125 est
1769 3070 2061 3142 qualitas;

416 3171 554 3227 ergo
588 3157 929 3211 substantia:
964 3158 1235 3228 proprius
1263 3157 1474 3214 fuerit:
1508 3159 1734 3230 hocque
1793 3176 1934 3214 sane
1986 3161 2063 3214 fa-

2160 1994 2249 2048 καὶ
2296 1994 2355 2049 ἐκ
2400 1995 2595 2051 τούτου
2639 1994 2802 2051 πάλιν
2853 1995 3019 2051 καλὸν
3069 1993 3304 2051 δεικύναι
3351 1996 3450 2064 τὴν
3506 1993 3814 2073 ἀφροσύνην

2163 2084 2337 2139 αὐτῶν
2373 2104 2387 2117 ο
2420 2084 2467 2139 εἴ
2493 2084 2543 2155 ἐξ
2587 2085 2781 2155 ἀρετῆς
2810 2087 2923 2159 (75)
2965 2082 3147 2140 ἕπεται
3200 2084 3264 2139 τὸ
3309 2083 3483 2148 θέλειν
3523 2085 3612 2139 καὶ
3636 2085 3698 2140 τὸ
3735 2084 3814 2156 μὴ

2167 2173 2366 2241 θέλειν,
2414 2174 2503 2228 καὶ
2551 2175 2769 2250 τρόπων
2821 2174 3134 2251 βελτίωσις,
3180 2175 3373 2246 ὅμοιος
3433 2175 3548 2228 καθ’
3593 2173 3733 2245 ὑμᾶς
3787 2173 3816 2226 6

2169 2262 2290 2324 Υἱός
2321 2262 2433 2318 ἔστι
2459 2267 2538 2335 τῷ
2586 2262 2787 2336 Πατρί·
2847 2266 3015 2316 ταῦτα
3059 2259 3117 2316 δὲ
3163 2262 3459 2330 ποιότητος
3517 2257 3627 2314 ἴδια
3657 2261 3773 2332 (76)
3800 2277 3814 2291 ⁸

2171 2349 2426 2422 δηλονότι
2461 2352 2706 2415 σύνθετον
2738 2353 2831 2406 τὸν
2883 2349 3122 2415 Θεὸν,έκ
3158 2350 3450 2419 ποιότητος
3496 2349 3584 2403 καὶ
3632 2346 3819 2409 ουσίας

2175 2439 2377 2516 λέγετε,
2413 2442 2510 2496 Καὶ
2563 2443 2648 2503 τὶς
2702 2443 2851 2515 ὑμῶν
2901 2441 3134 2511 ἀνέξεται
3175 2444 3343 2494 ταῦτα
3389 2437 3656 2514 λεγόντων
3694 2456 3706 2468 ·
3755 2437 3819 2491 οὐ

2173 2531 2274 2606 γὰρ
2305 2531 2608 2606 σύνθεροςὸ
2661 2532 2789 2593 Θεὸς
2842 2531 2870 2584 6
2915 2532 2982 2585 τὰ
3029 2531 3202 2584 πάντα
3250 2528 3325 2590 εἰς
3371 2528 3433 2582 τὸ
3473 2527 3823 2582 είναισυντε-

2177 2622 2392 2688 θεικὼς,
2450 2618 2574 2674 οὐδὲ
2618 2624 2888 2691 τοιοῦτος,
2938 2619 3027 2674 οἷά
3071 2619 3180 2674 ἐστι
3234 2619 3300 2672 τὰ
3346 2618 3472 2690 παρ’
3522 2616 3688 2675 αὐτοῦ
3734 2611 3825 2668 διὰ

2173 2714 2271 2765 τοῦ
2319 2713 2429 2784 (77)
2485 2710 2658 2784 Λόγου
2709 2709 2986 2784 γενόμενα,
3059 2709 3134 2782 μὴ
3184 2709 3431 2783 γενοιτοί
3490 2704 3667 2773 Ἀπλῆ
3722 2703 3823 2779 γάρ

2175 2797 2314 2855 ἐστιν
2347 2799 2525 2872 οὐσία,
2549 2799 2600 2855 ἐν
2726 2799 2825 2854 οὐκ
2873 2797 2949 2853 ἔνι
2993 2800 3244 2868 ποιότης,
3302 2793 3449 2864 οὐδὲ,
3503 2795 3578 2857 ὡς
3619 2793 3762 2849 εἶπεν
3795 2795 3824 2848 6

2174 2885 2451 2958 Ἰάκωϐος,
2515 2887 2847 2964 Παραλλαγή
2922 2910 3005 2950 τις
3084 2887 3118 2957 ἢ
3176 2893 3386 2961 τροπῆς
3449 2884 3818 2954 ἀποσκίασμα.

2173 2978 2380 3037 Οὐκοῦν
2440 2979 2484 3034 εί
2543 2977 2806 3033 δείκνυται
2868 2977 2967 3032 οὐκ
3017 2976 3068 3048 ἐξ
3125 2977 3321 3051 ἀρετῆς
3369 2976 3482 3049 (78)
3533 2991 3545 3003 ·
3597 2971 3657 3027 οὐ
3717 2972 3821 3046 γὰρ

2157 3070 2401 3137 ’ποιότης
2433 3067 2482 3122 ἐν
2515 3073 2593 3139 τῷ
2637 3071 2771 3139 Θεῷ,
2817 3065 2943 3121 οὐτε
2991 3066 3041 3120 έν
3089 3071 3168 3138 τῷ
3224 3066 3334 3136 ι’ἱῷ
3366 3083 3378 3096 ·
3431 3060 3691 3133 δηλονότι
3719 3066 3820 3129 τῆς

2172 3157 2358 3220 οὐσίας
2389 3155 2528 3219 ἴδιος
2561 3156 2619 3211 ἂν
2649 3154 2732 3226 εἷή
2769 3175 2782 3188 ·
2815 3157 2905 3210 καὶ
2959 3159 3120 3210 τοῦτο
3164 3156 3378 3214 πάντως
3423 3150 3820 3225 ὁμολογήσετε,

412 3245 652 3300 teamini
677 3261 912 3300 necesse
933 3245 1160 3311 est,nisi
1196 3247 1365 3318 plane
1397 3247 1456 3302 in
1485 3248 1650 3304 vobis
1677 3247 2057 3321 intelligentia

2174 3248 2219 3303 εί
2255 3249 2330 3322 μὴ
2360 3247 2546 3303 τέλεον
2582 3249 2645 3303 τὸ
2693 3253 2830 3302 νοεῖν
2876 3245 3131 3302 ἀπώλετο
3179 3244 3230 3300 ἐν
3285 3245 3412 3317 ὑμῖν
3635 3241 3711 3298 Τὸ
3764 3237 3823 3295 δὲ

416 3333 673 3406 perierit.
706 3338 834 3389 Jam
871 3308 1033 3406 quod
1073 3308 1373 3407 proprium
1403 3341 1511 3404 est,
1546 3342 1602 3392 et
1633 3337 1783 3392 idem
1819 3308 2054 3394 adsub-

2176 3308 2330 3390 ἴδιον.
2345 3336 2432 3391 καὶ
2465 3338 2660 3392 ταύτὸν
2693 3339 2760 3410 τῇ
2791 3339 2886 3390 τοῦ
2917 3338 3050 3390 Θεοῦ
3081 3333 3237 3405 οὐσίᾳ
3262 3308 3352 3387 καὶ
3402 3331 3453 3402 ἐξ
3505 3330 3673 3399 αὐτῆς
3695 3330 3821 3405 γέν-

418 3422 636 3478 stantia
668 3422 884 3490 divina,
943 3430 998 3479 et
1045 3441 1112 3479 ex
1172 3425 1299 3496 ipsa
1329 3426 1595 3481 naturale
1624 3443 1886 3498 germen,
1921 3428 2059 3500 quid

417 3510 576 3567 aliud
601 3511 794 3581 fuerit,
812 3513 922 3567 nisi
952 3519 1376 3584 consequenter
1405 3515 1650 3584 genitori
1675 3518 2064 3572 consubstan-

417 3599 595 3656 tiale:
632 3600 732 3656 illa
763 3600 978 3672 quippe
1037 3606 1172 3656 nota
1229 3607 1317 3657 est
1364 3602 1488 3657 Filii
1535 3621 1673 3676 erga
1720 3608 2065 3662 Patrem.Et

419 3688 524 3744 hoc
547 3689 646 3761 qui
683 3694 872 3761 negat,
899 3691 946 3745 is
978 3691 1221 3747 minime
1250 3692 1431 3748 credit
1459 3694 1710 3749 Verbum
1745 3711 1874 3751 esse
1902 3700 2066 3751 natu-

415 3795 479 3834 ra
510 3795 576 3834 ac
604 3793 738 3834 vere
767 3779 996 3835 Filium.

485 3869 538 3922 9.
574 3870 717 3924 Cum
752 3885 871 3924 rem
915 3869 996 3924 ita
1019 3870 1410 3940 intelligerent
1440 3877 1661 3942 Patres,
1681 3874 2062 3947 scripserunt,

412 3957 621 4012 Filium
645 3959 942 4013 essePatri
972 3961 1534 4017 consubstantialem
1565 3980 1577 4029 ;
1607 3968 1662 4017 ct
1693 3963 2066 4022 anathemate

413 4047 841 4102 damnaverunt
872 4064 968 4102 eos
1001 4049 1100 4120 qui
1136 4049 1410 4118 dicerent,
1445 4050 1654 4106 Filium
1688 4068 1755 4106 ex
1794 4051 1908 4108 alia
1936 4069 2066 4110 esse

411 4136 784 4192 substantia:
815 4153 1001 4208 neque
1031 4139 1202 4192 verba
1229 4141 1520 4208 ejusmodi
1552 4143 1868 4196 commenti
1899 4150 2062 4212 sunt,

412 4225 514 4280 sed
547 4242 613 4280 ea
645 4225 756 4298 ipsi
790 4244 822 4280 a
849 4227 1059 4297 priscis
1091 4228 1367 4283 Patribus
1400 4229 1781 4296 edidicerant,
1807 4230 1892 4286 uti
1914 4233 2061 4287 dixi-

414 4329 568 4368 mus.
604 4315 704 4369 His
734 4313 916 4386 igitur
949 4315 1027 4370 ita
1084 4317 1580 4381 commonstratis,
1624 4321 1923 4391 superflua
1979 4327 2066 4377 est

417 4417 547 4473 quae
576 4403 648 4456 ab
682 4402 797 4457 illis
820 4403 1059 4458 all'ertur
1079 4406 2064 4479 Ariminensissynodus,superﬂua

415 4493 473 4546 et
510 4489 625 4545 alia
655 4491 726 4545 ab
757 4490 904 4562 ipsis
926 4494 1184 4564 synodus
1216 4494 1286 4548 de
1318 4495 1429 4549 fide
1489 4496 1798 4568 appellata.
1834 4499 2065 4556 Sufﬁcit

417 4578 836 4635 enimNicmna
865 4597 993 4653 quer
1025 4599 1155 4637 cum
1190 4583 1398 4654 priscis
1429 4585 1719 4658 episcopis
1751 4589 2061 4659 consentit,

2171 3447 2320 3497 νημα
2342 3425 2495 3503 φύσει
2552 3425 2818 3500 τυγχάνον
2866 3424 2918 3479 τί
2960 3423 3018 3478 ἃν
3068 3422 3176 3494 εἴη,
3226 3422 3262 3491 ἢ
3312 3420 3479 3476 πάλιν
3535 3420 3621 3474 καὶ
3680 3418 3819 3472 κατὰ

2170 3520 2331 3570 τοῦτο
2363 3515 2653 3588 ὁμοούσιον
2684 3513 2764 3587 τῷ
2791 3515 3098 3587 γεννήσαντι
3129 3515 3326 3582 ςτοῦτο
3356 3511 3459 3584 γὰρ
3504 3509 3636 3562 Υἱοῢ
3684 3507 3821 3582 πρὸς

2174 3605 2384 3678 Πατέρα
2413 3605 2722 3679 γνώρισμα.
2755 3603 2855 3657 Καὶ
2880 3604 2907 3656 6
2944 3603 3018 3674 μὴ
3068 3605 3228 3656 τοῦτο
3274 3597 3470 3673 λέγων,
3521 3595 3584 3650 οὐ
3635 3600 3824 3670 φρονεῖ

2173 3693 2326 3771 φύσει
2358 3692 2448 3747 καὶ
2481 3692 2704 3762 ἀληθῶς
2739 3692 2858 3746 ι’ἱὸν
2894 3693 3025 3746 εἶναι
3055 3691 3147 3745 τὸν
3180 3687 3374 3764 Λόγον.

2241 3876 2297 3929 9.
2323 3871 2477 3926 Οὕτω
2515 3872 2802 3941 νοήσαντες
2851 3869 2901 3924 οἳ
2951 3867 3204 3944 Πατέρες,
3245 3862 3477 3940 ἔγραψαν
3529 3861 3824 3935 ὁμοούσιον

2174 3961 2285 4016 εἶνα
2316 3959 2409 4014 τὰν
2455 3959 2576 4013 Υἱὸν
2626 3965 2704 4032 τῷ
2764 3959 2953 4032 Πατρὶ,
3002 3957 3091 4013 καὶ
3138 3955 3521 4028 ἀνεθεμάτισαν
3573 3950 3702 4011 τοὺς
3731 3948 3822 4004 λέ-

2171 4070 2362 4126 γοντας
2405 4048 2456 4120 ἐξ
2505 4050 2686 4121 ἑτέρας
2749 4048 3090 4109 ὑποστάσεως
3141 4047 3274 4100 εἷναι
3330 4045 3420 4099 τὸν
3482 4042 3606 4096 Υἱὸν
3643 4061 3656 4072 ο
3717 4039 3826 4114 οὐχ

2174 4140 2384 4200 ἑαυτοῖς
2425 4138 2770 4211 πλασάμενοι
2824 4137 3018 4209 λέξεις,
3074 4135 3221 4192 ἀλλὰ
3271 4135 3357 4189 καὶ
3392 4132 3543 4188 αὐτοῖ
3579 4131 3685 4184 ἀπὸ
3712 4133 3823 4184 τῶν

2173 4229 2279 4302 πρὸ
2352 4227 2529 4284 αὐτῶν
2587 4227 2838 4304 Πατέρων
2927 4225 3205 4300 μαθόντες,
3279 4221 3516 4296 καθάπερ
3575 4217 3824 4291 εἴπομεν.

2171 4319 2386 4374 Τούτων
2421 4318 2477 4375 δὲ
2503 4320 2645 4374 οὕτω
2689 4317 3074 4391 δεικνυμένων,
3131 4315 3357 4391 περιττή
3409 4311 3583 4367 αὐτῶν
3613 4311 3650 4378 ἡ
3683 4307 3832 4380 Ἀρί-

2177 4430 2365 4483 μηνος,
2392 4412 2616 4482 περιττὴ
2649 4409 2738 4463 καὶ
2770 4411 2804 4477 ἡ
2839 4410 2950 4481 (80)
3002 4403 3146 4476 ἄλλη
3192 4405 3321 4479 παρ’
3349 4402 3524 4457 αὐτῶν
3557 4399 3828 4471 ὀνομαζο-

2177 4499 2309 4572 μένη
2343 4501 2470 4574 περὶ
2519 4501 2753 4560 πίστεως
2805 4497 3051 4558 σύνοδος.
3103 4496 3288 4570 ’Λρκεῖ
3327 4492 3430 4567 γὰρ
3477 4491 3511 4558 ἡ
3545 4487 3594 4544 ἐν
3630 4487 3827 4558 Νικαίᾳ

2171 4587 2460 4667 τύμφωνος
2493 4587 2623 4644 οὖσα
2681 4587 2768 4642 καὶ
2823 4592 2941 4649 τοῖς
2998 4583 3254 4661 ἀρχαίοις
3316 4581 3654 4667 ἐπισκοποις,
3710 4575 3826 4667 ἐνῇ

418 4668 476 4723 in
510 4685 626 4740 qua
657 4673 858 4725 Patres
897 4669 1161 4734 ipsorum
1194 4673 1618 4745 subscripsere,
1643 4692 1791 4747 quos
1825 4681 2057 4733 revereri

2177 4677 2265 4732 καὶ
2299 4666 2350 4733 οἱ
2383 4679 2614 4753 Πατέρες
2646 4677 2819 4733 αὐτῶν
2856 4676 3189 4752 ὑπέγραψαν,
3245 4672 3336 4734 οὓς
3386 4666 3653 4725 αἷδεῖσνθαι
3694 4666 3826 4720 τού-

418 4756 850 4830 illosoportuit,
886 4775 956 4814 ne
1013 4762 1212 4815 omnia
1265 4763 1460 4832 potius
1519 4779 1695 4834 quam
1747 4765 2065 4822 Christiani

417 4845 935 4914 habeantur.Quod
969 4849 1018 4903 si
1050 4850 1323 4921 posthaec
1355 4856 1536 4922 tanta,
1587 4859 1718 4925 post
1739 4855 2063 4926 priscorum

486 5022 532 5057 ⁸⁸
559 5023 724 5077 Joan.
759 5039 814 5092 x,
847 5022 935 5077 30.
971 5023 1012 5056 ‘7
1042 5021 1211 5078 Joan.
1244 5040 1356 5094 xxv,
1389 5026 1443 5079 9.
1472 5027 1515 5060 ‘3
1542 5027 1666 5083 Jac.
1701 5044 1742 5098 ι,
1777 5029 1866 5088 17.

483 5211 593 5282 (73)
625 5210 767 5282 Ἐςτι
799 5212 959 5267 deest
988 5211 1047 5266 in
1075 5211 1416 5282 Anglicano.

506 5281 598 5354 74⁷)
622 5281 721 5335 Καί
753 5285 917 5338 deest
946 5283 1003 5338 in
1039 5281 1230 5351 Regio.

502 5353 593 5426 75)
617 5355 949 5429 Legendum
975 5359 1270 5429 putamus,
1303 5353 1364 5429 ,ἐξ
1408 5354 1602 5429 ἀρετῆς
1626 5360 1690 5426 ἧς
1717 5403 1730 5427 ,
1763 5362 2055 5418 omissum

412 5443 622 5507 nempe
636 5428 878 5507 _videtur
898 5427 963 5493 ἧς
991 5427 1063 5482 ob
1086 5427 1488 5507 repetitionem
1515 5432 1778 5501 ejusdem
1805 5434 2060 5507 syllabae,

410 5499 564 5570 quod
599 5499 943 5570 plerumque
969 5499 1275 5570 contingit.

480 5567 863 5642 (76)_Regius,
892 5573 1058 5642 ταῦτα
1091 5567 1147 5622 δὲ
1177 5567 1471 5642 ποιότητος
1501 5573 1590 5626 καὶ
1641 5572 1846 5641 οὐσίας,
1881 5578 2058 5632 omis-

408 5637 494 5696 sis
525 5637 906 5719 interpositis,
941 5637 1007 5695 δι’
1039 5637 1477 5713 ὁμοιοτέλευτον.
1509 5647 1653 5700 Ibid.
1690 5637 1933 5719 Anglic,
1967 5646 2061 5703 λέ-

407 5731 575 5784 γεται.
608 5715 704 5766 Καὶ
734 5713 815 5775 τίς
847 5714 1004 5785 ὑμᾶς.

483 5785 592 5856 (77)
627 5785 709 5842 Ita
738 5783 968 5856 Regius.
1006 5790 1064 5839 In
1097 5785 1269 5840 editis
1301 5802 1454 5858 vero,
1487 5783 1577 5840 διὰ
1601 5791 1699 5842 τοῦ
1731 5791 1915 5847 deest.

2174 4789 2300 4829 τους
2335 4765 2582 4842 ἔπρεπεν,
2609 4766 2700 4821 τίνα
2734 4769 2810 4839 μή
2842 4766 3014 4820 πάντα
3065 4761 3277 4838 μᾶλλον
3324 4759 3358 4830 ἢ
3393 4756 3710 4834 Χριστιανοὶ
3741 4775 3826 4809 νο-

2179 4862 2467 4931 μισθῶσιν.
2531 4858 2591 4914 Εἰ
2638 4855 2695 4912 δὲ
2749 4856 2840 4910 καὶ
2901 4855 3035 4928 μετὰ
3083 4855 3339 4922 τοσαῦτα,
3392 4847 3528 4923 μετὰ
3577 4845 3667 4902 καὶ
3723 4845 3822 4913 τήν

2246 5224 2356 5293 (78)
2391 5225 2476 5278 lta
2505 5223 3088 5295 Anglicanus,_atqu_e
3138 5221 3220 5295 ita
3267 5217 3410 5295 legit
3437 5214 3825 5295 hlannjusye-

2173 5289 2281 5349 cte.
2321 5289 2380 5350 l'n
2413 5289 2672 5350 editis'et
2703 5295 2760 5350 in
2797 5293 2954 5358 aliis,
2992 5289 3107 5345 ὀὐκ
3149 5289 3352 5346 deest.’
3384 5289 3541 5344 Infra
3584 5289 3826 5356 Regius,

2178 5362 2334 5426 ιδιος.
2371 5367 2523 5422 Editi
2554 5384 2689 5422 vero
2721 5373 2778 5421 et
2807 5366 2927 5439 alii,
2961 5360 3123 5420 ἴδιον.
3181 5432 3194 5439 _
3287 5430 3300 5439 .
3355 5435 3379 5439 Α,
3482 5433 3520 5439 _

2246 5440 2355 5508 (79)
2389 5439 2602 5509 Regius
2645 5445 2703 5494 et
2748 5429 3127 5511 Anglicanus,
3177 5432 3228 5488 ἐν
3281 5430 3434 5505 ὑμῖν.
3482 5429 3632 5485 Editi
3663 5443 3821 5495 vero,

2173 5506 2223 5561 έν
2257 5510 2392 5565 ἡμῖν
2427 5510 2596 5565 male.

2198 5529 2223 5560 ν
2253 5527 2392 5585 μημιν
2427 5527 2596 5566 male.
2649 5580 2684 5585 __
3323 5579 3332 5585 _

2243 5531 2894 5659 (ἓγόἷνηῗὲῗόειίοοηυε.
2950 5585 3012 5659 In
3063 5579 3238 5634 editis
3265 5579 3342 5659 _et
3383 5572 3602 5659 ιξὶἱεηὴ
3634 5572 3822 5659 deest:

2172 5645 2350 5710 Paulo
2383 5657 2511 5718 post
2555 5645 2689 5722 REg.
2737 5659 2793 5708 et
2840 5652 3215 5723 Anglicanus,
3265 5649 3448 5720 Ἀρκεῖ
3493 5645 3619 5718 γάρ.
3671 5645 3826 5698 Editi

2171 5741 2306 5781 vero
2337 5731 2394 5782 et
2423 5725 2543 5792 alii,
2579 5726 2720 5781 Ἐκεῖ
2737 5723 2860 5797 γὰρ.
