4048 6340
245 391 404 453 1045

1292 394 1677 458 EPISTULA
1720 398 1824 487 AD
1866 398 2120 458 AFROS
2166 398 2618 460 EPISCOPOS.

3505 395 3702 494 “tibi

246 522 544 623 μαρτυρίαν
589 526 697 579 τῶν
746 522 994 623 ἀρχαίων
1048 524 1383 595 ιπισκόπων,
1432 528 1523 583 καὶ
1586 530 1722 601 μετὰ
1784 531 1881 600 τήν

2001 530 2407 604 episcoporum
2431 531 2998 623 testimonium,post
3026 528 3707 623 subscriptionqllqulfgnb

247 614 568 693 ὑπογραφὴν
617 616 725 668 τῶν
775 610 925 669 ἰδίων
993 615 1269 691 Πατέρων,
1319 622 1762 692 προσποιοῦνται,
1812 619 1885 681 ὡς

241 704 581 779 ἀγνοοῦντες,
613 704 712 773 τὴν
748 702 889 777 λέξιν
918 699 1201 782 φοϐεῖσθαι,
1228 711 1325 760 τοῦ
1380 707 1702 780 ὁμοουσίου,
1730 705 1887 762 εἶπά-

240 814 418 849 τωσαν
450 792 541 847 καὶ
570 792 934 871 φρονείτωσαν
969 793 1338 870 ἁπλούστερον
1387 795 1483 870 μὶν
1516 797 1605 851 καὶ
1666 796 1888 868 άληθῶς

237 882 331 938 τὸν
363 881 488 936 Υἱὸν
523 880 676 961 φύσει
734 882 881 953 Υἱὸν,
914 882 1457 956 ἀναθεματισάτωσαν
1504 881 1581 953 δὲ,
1625 886 1699 947 ὡς
1749 907 1890 963 παρ-

240 969 491 1049 ήγγειλεν
519 974 555 1042 ἡ
589 968 836 1045 σύνοδος,
866 971 996 1035 τοὺς
1029 972 1286 1048 λέγοντας
1322 974 1544 1048 κτίσμα,
1574 975 1608 1044 ἢ
1653 976 1889 1048 ποίημα,

240 1061 277 1132 ἢ
314 1059 366 1131 ἐξ
397 1059 496 1115 οὐκ
535 1056 729 1130 ὅντων,
765 1060 825 1132 ἢ,
852 1063 950 1116 Ἦν
983 1082 1115 1118 ποτε
1145 1061 1233 1117 ὅτε
1290 1061 1390 1117 οὐκ
1436 1064 1501 1133 ἦν
1554 1064 1581 1117 6
1632 1064 1753 1126 Υἱὸς
1794 1069 1891 1118 τοῦ

242 1153 397 1205 Θεοῦ·
444 1152 534 1205 καί
581 1149 662 1204 ὅτι
720 1151 948 1224 τρεπτὸς
1006 1152 1095 1205 καὶ
1154 1150 1461 1213 ἀλλοίωτός
1508 1152 1640 1226 ἐστι,
1692 1154 1777 1207 καὶ
1840 1152 1889 1226 ἐξ

242 1239 424 1315 ἑτέρας
474 1241 587 1313 (81)
641 1239 1005 1302 ὑποστάσεως·
1058 1241 1147 1295 καὶ
1198 1239 1339 1295 οὕτω
1391 1243 1726 1318 φευγέτωσαν
1786 1242 1892 1297 ἀπὸ

244 1336 347 1399 τῆς
399 1330 676 1405 ’Δρειανῆς
737 1327 1032 1405 αἱρέσεως·
1092 1330 1181 1384 καὶ
1236 1330 1560 1406 θαρροῦμεν,
1617 1331 1699 1386 ὅτι
1756 1353 1890 1406 γνη-

240 1417 372 1480 σίως
417 1422 585 1473 ταῦτα
636 1417 1114 1492 άναθεματίζοντες
1181 1418 1546 1495 ὁμολογοῦσιν
1598 1420 1772 1491 εὐθὺς,
1834 1421 1893 1477 ἐκ

239 1510 340 1572 τῆς
370 1505 557 1569 οὐσίας
583 1507 672 1562 καὶ
705 1506 1001 1581 ὁμοούσιον
1044 1508 1177 1563 εἶναι
1239 1509 1328 1564 τὸν
1388 1510 1510 1564 Υἱὸν
1568 1516 1649 1583 τῷ
1700 1510 1888 1585 Πατρί.

238 1595 338 1651 Διὰ
381 1593 544 1651 τοῦτο
591 1598 695 1672 γάρ
739 1599 827 1652 καὶ
877 1596 929 1651 οἱ
980 1597 1236 1671 Πατέρες,
1270 1598 1549 1672 εἰρηκότες
1595 1599 1888 1673 ὁμοούσιον

239 1684 373 1741 εἶναι
431 1686 523 1742 τὸν
577 1685 725 1755 Υἱὸν,
769 1684 1041 1762 ἐπήγαγον
1092 1686 1287 1750 εὐθύς·
1341 1686 1480 1750 Τοὺς
1532 1685 1589 1743 δὲ
1626 1687 1888 1763 ,λέγοντας

238 1773 465 1847 κτίσμα,
490 1776 526 1845 ἢ
557 1774 799 1848 ποίημα,
830 1774 866 1844 ἢ
917 1774 967 1845 ἐξ
1020 1774 1120 1831 οὐκ
1166 1771 1358 1847 ὄντων,
1390 1778 1447 1847 ἢ,
1482 1779 1578 1832 Ἦν
1622 1799 1773 1849 ποτε,
1803 1778 1891 1834 ὅτε

240 1863 341 1919 οὐκ
364 1864 459 1934 ἦν,
487 1861 865 1937 ἀναθεματίζει
896 1866 931 1933 ἠ
966 1863 1243 1934 Καθολική
1277 1865 1599 1937 Ἐκκλησία·
1668 1866 1759 1921 τίνα
1804 1866 1891 1923 διὰ

238 1951 446 2010 τούτων
477 1952 836 2028 γνωρίσωσιν,
870 1954 956 2009 ὅτι
1005 1958 1171 2008 ταῦτα
1220 1955 1474 2028 σημαίνει
1507 1959 1620 2030 (82)
1649 1956 1712 2011 τὸ
1760 1959 1890 2031 ὁμο-

241 2041 443 2099 οὐσιον.
479 2043 575 2097 Καὶ
626 2044 663 2112 ἡ
709 2046 807 2098 τοῦ
855 2042 1154 2117 ὁμοουσίου
1201 2040 1425 2116 δύναμις
1470 2046 1787 2122 γινώσκεται
1830 2045 1890 2102 ἐκ

236 2136 333 2187 τοῦ
389 2132 466 2205 μὴ
520 2131 655 2188 εἶναι
705 2130 907 2206 κτίσμα
944 2131 981 2201 ἢ
1022 2132 1239 2206 ποίημα
1274 2133 1368 2188 τὸν
1409 2134 1553 2188 Υἱόν·
1587 2134 1675 2189 καὶ
1724 2134 1805 2189 ὅτι
1858 2138 1885 2190 6

238 2219 411 2296 λέγων
459 2220 755 2294 ὁμοούσιον
808 2220 871 2275 οὐ
921 2227 1107 2299 φρονεῖ
1154 2221 1355 2296 κτίσμα
1396 2224 1530 2279 εἶναι
1561 2222 1652 2278 τόν
1686 2223 1882 2300 Λόγον·

233 2309 323 2366 καὶ
355 2312 383 2365 6
428 2310 835 2384 ἀναθεματίζων
886 2310 952 2366 τά
1000 2311 1376 2386 προειρημένα
1428 2312 1721 2385 ὁμοούσιον
1771 2315 1887 2388 ἅμα

237 2404 427 2477 φρονεῖ
456 2401 589 2455 εἶναι
618 2400 709 2455 τὸν
742 2400 866 2455 Υἱὸν
905 2421 987 2473 τῳ
1016 2400 1202 2476 Πὰτρί·
1239 2401 1327 2455 καὶ
1359 2403 1405 2456 ·ὁ
1451 2402 1741 2475 ὁμοούσιον
1793 2402 1883 2459 λέο

230 2510 339 2566 γων
390 2491 607 2565 γνήσιον
658 2489 748 2544 καὶ
800 2488 1062 2560 ἀληθινὸν
1109 2488 1253 2566 λέγει
1306 2492 1396 2545 τὸν
1426 2492 1548 2547 Υἱὸν
1580 2496 1676 2547 τοῦ
1726 2491 1879 2550 Θεοῦ.

232 2577 331 2633 Καὶ
366 2579 394 2634 6
428 2580 652 2650 Γνήσιον
703 2576 880 2654 λέγων
927 2584 1044 2635 νοεῖ
1090 2578 1172 2634 τό·
1211 2580 1351 2656 Ἐγὼ
1398 2581 1487 2635 καὶ
1536 2583 1564 2636 6
1613 2583 1795 2656 Πατὴρ
1824 2580 1878 2638 ’ἐν

231 2665 412 2741 ἐσμεν·
445 2668 559 2737 καὶ,
589 2669 651 2726 Ὁ
682 2668 939 2743 ἑωρακὼς
974 2669 1072 2742 ἐμὲ
1099 2670 1305 2744 ἑώρακε
1334 2670 1423 2724 τὸν
1458 2670 1687 2746 Πατέρα.

232 2758 302 2814 Et
331 2757 432 2831 qui
462 2758 605 2815 dicit
631 2776 1001 2831 germanum,
1032 2760 1215 2832 probe
1250 2758 1524 2832 intelligit
1548 2760 1728 2817 illud:
1759 2763 1868 2832 Ego
1898 2771 1949 2819 et

231 2849 394 2903 trem.

310 2933 396 2990 10.
431 2932 669 3009 Ἐπρεπε
702 2933 795 3007 μὲν
830 2930 922 2988 οῦν
952 2931 1041 2988 διὰ
1065 2931 1336 2989 πλειόνων
1380 2936 1448 2988 τὰ
1492 2938 1715 2990 τοιαῦτα
1753 2938 1886 3012 γρά-

238 3039 378 3098 φειν·
436 3018 622 3091 ἐπειδὴ
682 3019 740 3076 δὶ
786 3023 923 3097 πρὸς
971 3020 1184 3086 εἲδότας
1235 3024 1376 3096 ὑμᾶς
1418 3022 1701 3099 γράφομεν
1751 3026 1884 3098 (83),

242 3107 332 3165 διὰ
358 3116 520 3166 τοῦτο
556 3112 837 3185 συντόμως
891 3111 1362 3190 ὐπηγορεύσαμεν·
1399 3112 1693 3189 εὐχόμενοι
1742 3115 1887 3188 παρὰ

243 3205 372 3255 πᾶσι
405 3201 667 3270 σώζεσθαι
696 3202 787 3256 τὸν
836 3198 1132 3275 σύνδεσμον
1180 3204 1279 3271 τῆς
1333 3202 1579 3278 εἰρήνης,
1605 3202 1695 3258 καὶ
1752 3202 1882 3257 πάν-

232 3310 330 3352 τας
360 3288 488 3353 τοὺς
517 3297 619 3361 τῆς
651 3290 960 3361 Καθολικῆς
986 3289 1324 3362 Ἐκκλησίας
1352 3292 1415 3347 τὸ
1445 3291 1576 3347 αὐτὸ
1609 3290 1884 3368 λέγειν,τὸ

234 3377 365 3435 αὐτὸ
396 3384 634 3459 φρονεῖν.
666 3380 762 3435 Καὶ
796 3380 904 3457 οὐχ
932 3381 1007 3443 ὡς
1038 3378 1562 3451 διδάσκοντες,ἀλλὰ
1587 3381 1661 3443 ὡς
1684 3381 1883 3454 ὐπομι-
1912 3412 1955 3480 C

240 3470 571 3542 μνήσκοντές
601 3468 759 3542 ἰσμεν
792 3472 924 3543 (84).
943 3470 1129 3543 Ἐσμὲν
1156 3468 1214 3525 δὲ
1238 3470 1346 3546 οὐχ
1374 3474 1535 3544 ἡμεῖς
1567 3471 1617 3525 οἱ
1649 3470 1882 3548 γράφον-

233 3577 324 3619 τες
377 3559 557 3631 μόνοι,
609 3557 754 3614 ἀλλὰ
799 3558 887 3613 καὶ
927 3557 1121 3621 πάντες
1174 3560 1224 3613 οῖ
1273 3557 1323 3613 ἐν
1373 3563 1442 3632 τῇ
1494 3557 1757 3633 Αἰγύπτῳ
1793 3558 1882 3613 καὶ

234 3651 356 3709 ταῖς
387 3642 613 3709 Λιϐὐαις
643 3647 965 3718 ἐνενήκοντά
1007 3668 1112 3702 που
1162 3647 1471 3704 ἇπίσκοποι.
1503 3648 1722 3704 Πάντων
1780 3648 1881 3722 γὰρ

237 3733 293 3790 ἓν
326 3734 435 3791 ἐστι
463 3740 623 3791 τοῦτο
674 3735 950 3815 φρόνημα,
982 3737 1069 3791 καὶ
1125 3736 1255 3813 ὑπὲρ
1305 3735 1570 3807 αλλήλων
1621 3736 1700 3791 ἀεὶ
1754 3736 1883 3791 ὐπο-

235 3824 539 3902 γράφομεν,
597 3823 684 3880 ἐὰν
750 3819 933 3899 συμϐῇ
1006 3846 1126 3880 τινα
1209 3827 1285 3899 μὴ
1351 3831 1626 3901 παρεῖναι,
1695 3823 1882 3887 Οὕτως

239 3912 333 3970 οὗν
368 3917 481 3989 (85)
513 3911 869 3987 διακείμενοι,
902 3911 1090 3983 έπείδὴ
1141 3909 1336 3984 συνέϐη
1387 3914 1658 3979 συνελθεῖν
1709 3916 1879 3987 ἡμᾶς,

238 4002 546 4079 ἰγράψαμεν
579 4002 669 4057 καὶ
708 4007 789 4073 τῷ
837 4002 1105 4077 ἀγαπητῷ
1153 4006 1312 4075 ἡμῶν
1360 4002 1595 4076 Δαμάσῳ
1639 4004 1719 4074 τῷ
1766 4002 1881 4057 ἐπι-

238 4091 429 4164 σκόπῳ
466 4098 563 4160 τῆς
607 4090 850 4166 μεγάλης
881 4092 1100 4164 Ῥώμης
1151 4092 1274 4168 περὶ
1310 4097 1407 4147 τοῦ
1455 4092 1740 4165 Αὐξεντίου
1786 4088 1882 4146 τοῦ

237 4179 563 4245 ἆπελθόντος
611 4184 679 4255 τῇ
730 4179 780 4235 έν
826 4177 1150 4254 Μεδιολάνῳ
1199 4180 1486 4253 ἐκκλησίᾳ,
1529 4179 1879 4257 διηγούμενοι

233 4270 304 4325 τὰ
350 4270 465 4325 κατ’
491 4268 669 4325 αὐτόν·
706 4268 788 4325 ὅτι
836 4290 895 4325 τε
945 4268 1006 4324 οὐ
1056 4269 1218 4343 μόνον
1273 4277 1373 4339 τῆς
1405 4271 1689 4346 Ἀρειανῆς
1737 4269 1881 4342 αθιρέο

236 4358 372 4422 σεώς
403 4358 515 4414 ἐστι
538 4359 822 4428 κοινωνὸς,
857 4356 1002 4414 ἀλλὰ
1030 4359 1119 4414 καὶ
1154 4359 1447 4423 ὑπεύθυνός
1487 4358 1597 4413 ἐστι
1645 4356 1885 4420 πολλοῖς

234 4453 443 4517 κακοῖς,
475 4448 677 4523 πράξας
730 4452 900 4503 ταῦτα
951 4450 1087 4522 μετὰ
1138 4448 1439 4525 Γρηγορίου
1476 4452 1573 4503 τοῦ
1618 4452 1883 4502 κοινωνοῦ

233 4535 330 4604 τῆς
390 4532 636 4600 ἀσεϐείας
710 4536 911 4593 αὐτοῦ·
972 4538 1064 4592 καὶ
1119 4536 1482 4611 θαυμάζοντες
1538 4541 1654 4598 πῶς
1717 4537 1882 4611 μέχρι

238 4629 328 4681 νῦν
362 4625 424 4681 οὐ
454 4625 723 4702 καθῃρέθη
755 4627 846 4681 καὶ
894 4622 1223 4698 ἐκϐέϐληται
1274 4633 1373 4695 τῆς
1419 4624 1763 4696 Ἐκκλησίας,
1793 4627 1880 4679 καὶ

239 4714 401 4791 χάριν
434 4714 863 4791 ὁμολογήσαιμεν
892 4719 961 4790 τῇ
1003 4711 1279 4787 θεοσεϐείᾳ
1325 4714 1488 4770 αὐτοῦ
1534 4736 1592 4770 τε
1632 4715 1719 4769 καὶ
1776 4719 1883 4769 τῶν

239 4780 606 4869 σῦνελθόντων
631 4780 691 4860 ’ἐν
721 4780 790 4879 19:1
844 4780 1057 4881 μεγάλῃ
1084 4780 1294 4880 Ῥώμη,
1326 4806 1407 4859 ὅτι
1457 4804 1547 4859 καὶ
1589 4803 1716 4865 τοὺς
1766 4804 1890 4880 περὶ
1922 4780 1967 4844 D

240 4891 546 4967 Οὐρσάκιον
598 4894 688 4947 καὶ
733 4892 1028 4963 Οὐάλεντα,
1061 4894 1151 4949 καὶ
1199 4892 1325 4955 τοὺς
1373 4892 1441 4947 τά
1484 4892 1619 4947 αὐτά
1646 4894 1758 4965 (86)
1789 4893 1886 4946 αὐ-

235 4985 353 5042 τοῖς
384 4984 715 5055 φρονοῦντας
756 4976 1139 5052 ἐκϐάλλοντες,
1174 4981 1377 5037 ἔσωσαν
1428 4983 1525 5051 τήν
1573 4980 1887 5057 ὁμοψυχίαν

237 5075 338 5139 τῆς
378 5066 686 5139 Καθολικῆς
717 5068 1062 5141 Ἐκκλησίας·
1099 5073 1165 5141 ἣν
1209 5072 1299 5126 καὶ
1349 5072 1476 5147 παρ’
1535 5072 1662 5144 ὑμῖν
1722 5068 1885 5145 εὐχό-

1130 5243 1312 5297 επτος,
1371 5225 1458 5279 καὶ
1506 5217 1886 5285 άναΛλοῖωτός

299 5313 375 5359 τι,
405 5313 494 5347 και
528 5313 633 5348 ουκ
664 5313 715 5364 εξ
747 5313 949 5367 ετερας,
984 5313 1158 5352 male.

299 5366 422 5447 .(82)
456 5366 670 5491 Regius
702 5372 759 5423 et
806 5366 983 5422 editio
1033 5368 1338 5439 Commel.,
1390 5366 1632 5442 σημαίνῃ
1689 5365 1885 5422 male:

299 5453 361 5491 ιι.
394 5458 549 5491 unus
576 5458 679 5491 νει.

238 5435 361 5507 alii,
394 5435 461 5507 ση
474 5435 679 5509 μαίνει.

312 5506 436 5585 (83)*
453 5506 635 5585 ξὶᾶεὶἰἐ
660 5507 1469 5585 εἰ,Αηειμίοιιῐιυεηπροειδόσιν
1506 5512 1631 5584 ὑμῖν
1688 5506 1890 5585 γράφο-

247 5598 365 5650 μεν.
408 5577 549 5639 Mox
607 5577 1344 5657 Ηθείυείὺπηγορεύσάμεν.
1377 5584 1509 5653 Alii,
1542 5577 1889 5655 ⁷συνηγορὲύ-

248 5669 440 5708 σαμεν.

467 5730 556 5784 Ita
570 5726 786 5801 Regius
813 5741 991 5801 quem
1015 5727 1340 5800 sequimur.
1359 5718 1898 5801 Anglicanusﬁna

310 5221 423 5294 (84)
457 5221 831 5294 Anglicanus,
886 5219 969 5276 ὅτι
1027 5219 1090 5277 ἅτ

236 5267 375 5359 ἐστι,
405 5267 494 5347 καὶ
528 5267 949 5367 ξύκνῐξιέτέρας,
984 5267 1081 5351 ma

1996 624 2155 676 trum
2186 622 2637 693 suorum,quasi
2666 637 2869 677 eorum
2916 620 3127 694 ignari,
3189 636 3317 677 sese
3374 620 3699 708 simulauit”

1997 710 2518 767 consubstantialis
2547 727 2744 766 vocem
2778 710 3199 777 reformidare;
3258 708 3461 766 dicant
3499 725 3700 797 ﬁeri?”

1997 800 2266 872 tiantque
2295 800 2646 872 simplicius,
2680 816 2745 854 ac
2776 799 3087 865 sincerius,
3147 797 3382 866 Filium,

1998 906 2127 945 esse
2156 889 2367 946 Filium
2390 907 2404 958 ;
2426 890 2800 946 anathemate
2832 893 3029 944 autem
3082 888 3383 955 damnent,
3414 872 3702 974 uti

2001 979 2189 1034 nodus
2239 979 2530 1050 praecepit,
2563 995 2662 1034 eos
2722 978 2823 1049 qui
2880 978 3085 1033 dicunt
3109 992 3268 1039 eum,
3297 980 3695 1063 creaturam“

2001 1072 2104 1122 aut
2134 1084 2254 1122 rem
2288 1068 2500 1122 factam
2535 1085 2547 1122 :
2587 1071 2710 1135 aut,
2743 1083 2811 1121 ex
2843 1084 2958 1122 non
2990 1065 3380 1132 exstantibus,
3416 1064 3695 1153 veLati-Hi

2002 1157 2235 1226 quando
2270 1173 2383 1211 non
2406 1161 2530 1211 erat
2560 1156 2743 1211 Filius
2775 1155 2877 1210 Dei
2904 1171 2917 1209 ε
2952 1167 3009 1211 et
3032 1152 3353 1225 mutabilis,
3378 1170 3444 1209 ac
3472 1152 3694 1244 variant,

2002 1243 2138 1333 bilis
2169 1249 2277 1333 est,
2310 1250 2365 1300 et
2385 1262 2453 1299 ex
2512 1244 2628 1300 alia
2654 1245 3023 1333 substantia:
3082 1248 3138 1298 et
3190 1241 3273 1333 sic
3305 1243 3377 1333 ab
3434 1241 3693 1333 Arriana";

2000 1332 2208 1388 haeresi
2238 1333 2567 1405 refugiant;
2600 1338 2655 1387 et
2686 1332 3039 1387 conﬁdimus
3069 1346 3190 1397 eos,
3225 1331 3274 1385 si
3307 1329 3428 1385 haec
3465 1330 3653 1405 since;

2001 1422 2140 1477 riter
2167 1421 2539 1477 anathemate
2569 1421 2871 1491 damnent,
2905 1418 3108 1475 statim
3139 1418 3536 1490 confessuros,

1999 1510 2145 1566 lium
2177 1527 2247 1566 ex
2272 1511 2603 1566 substantia
2622 1509 2800 1566 Patris
2822 1479 2880 1565 et
2902 1507 3052 1565 Patri
3084 1479 3699 1564 consubstantia'leiii‘l

2000 1618 2151 1657 esse.
2185 1601 2319 1657 ldco
2350 1601 2504 1656 enim
2537 1605 2739 1656 Patres
2771 1616 2906 1655 cum
2937 1598 3227 1654 dixissent
3258 1595 3466 1652 Filium
3522 1613 3652 1655 esse

1999 1690 2159 1745 Patri
2187 1688 2777 1756 consubstantialem,
2825 1687 3027 1743 statim
3085 1685 3479 1741 addiderunt:
3538 1685 3685 1756 Eos;

2000 1784 2199 1835 autem
2231 1781 2331 1850 qui
2359 1779 2628 1846 dixerint,
2662 1781 3016 1844 creaturam,
3066 1779 3168 1831 aut
3225 1791 3349 1831 rem
3408 1750 3687 1850 factamy'f

2001 1873 2102 1923 aut
2125 1886 2194 1924 ex
2226 1838 2340 1924 non
2373 1838 2762 1935 exstantibus,
2794 1872 2917 1935 aut,
2954 1838 3270 1937 aliquando
3322 1865 3472 1920 ’118
3533 1838 3689 1937 non?

1998 1963 2144 2024 erat,
2175 1957 2549 2014 anathemate
2581 1932 2825 2014 damnat
2853 1932 3143 2012 catholica
3168 1952 3445 2015 Ecclesia;
3482 1960 3546 2011 ut
3576 1955 3650 2011 iis
3680 1932 3687 1955 ι

1998 2048 2190 2103 verbis
2222 2051 2431 2103 notum
2463 2047 2943 2116 facerent,vocem
2976 2041 3499 2100 consubstantialis
3528 2043 3652 2102 haec

1996 2137 2349 2210 signiﬁcare.
2382 2140 2577 2207 Atque
2607 2134 2693 2191 vis
2714 2134 2891 2205 hujus
2922 2132 3101 2198 vocis,
3124 2130 3651 2203 consubstantiale,

1995 2243 2061 2283 eo
2088 2225 2438 2299 intelligitur
2480 2225 2636 2297 quod
2668 2224 2849 2280 Filius
2880 2239 2996 2278 non
3029 2222 3107 2278 sit
3167 2235 3259 2275 res
3312 2227 3506 2277 creata
3563 2224 3651 2279 vel

1993 2316 2167 2384 facta,
2201 2320 2259 2372 et
2290 2316 2468 2388 quod,
2501 2315 2603 2386 qui
2635 2313 2779 2369 dicit
2836 2307 3364 2377 consubstantiale,
3427 2326 3650 2383 nequa-

1995 2422 2172 2478 quam
2205 2407 2402 2461 credat
2434 2404 2679 2460 Verbum
2704 2418 2833 2459 esse
2863 2406 3186 2459 creaturam
3212 2414 3225 2453 :
3251 2406 3308 2455 et
3340 2401 3441 2474 qui
3471 2417 3649 2471 supe-

1993 2496 2116 2551 rius
2147 2496 2305 2550 dicta
2334 2493 2709 2550 anathemate
2734 2493 2997 2560 damnat,
3021 2510 3137 2550 una
3194 2494 3379 2551 sentit
3435 2489 3647 2545 Filium

1990 2601 2120 2641 esse
2154 2585 2305 2641 Patri
2338 2581 2925 2641 consubstantialem:
2952 2598 3207 2655 cumque
3237 2579 3648 2639 dicitconsub-

1992 2673 2349 2740 stantialem,
2381 2688 2729 2745 germanum
2760 2687 2827 2727 ac
2851 2687 3057 2727 verum
3090 2672 3232 2728 dicit
3264 2671 3359 2727 Dei
3410 2667 3643 2725 Filium.

2004 2764 2173 2819 Pater
2200 2779 2374 2817 unum
2427 2765 2766 2828 sumus;et:
2802 2760 2908 2829 Qui
2937 2759 3074 2816 vidit
3094 2777 3201 2829 me,
3246 2760 3384 2817 vidit
3432 2762 3483 2814 et
3537 2758 3645 2813 Pa-

2070 2939 2157 2996 10.
2208 2941 2489 2992 Caeterum
2549 2953 2655 3008 par
2702 2939 2832 2992 erat
2885 2935 3008 2992 hmo
3040 2934 3311 3009 pluribus
3346 2933 3646 2990 scribere:

1993 3044 2220 3093 verum,
2253 3026 2392 3099 quia
2419 3026 2583 3082 vobis
2634 3026 2761 3096 jam
2789 3024 3003 3079 horum
3062 3024 3260 3096 gnaris
3310 3022 3649 3091 scribimus,

1994 3117 2123 3173 ideo
2152 3116 2357 3188 paucis
2389 3115 2763 3172 dictavimus.
2814 3113 3099 3186 Optantes
3150 3119 3215 3170 ut
3254 3111 3411 3184 apud
3442 3125 3649 3167 omnes

1992 3205 2293 3262 vinculum
2322 3205 2483 3276 pacis
2511 3208 2799 3270 servetur,
2830 3208 2887 3258 et
2926 3218 3132 3258 omnes
3192 3202 3293 3274 qui
3346 3199 3647 3257 catholica

1994 3301 2133 3351 sunt
2154 3293 2607 3361 Ecclesiasﬁdem
2630 3292 3132 3363 dicant,idemque
3150 3291 3503 3348 sentiant.Et
3525 3287 3647 3344 hac

1993 3401 2108 3440 non
2136 3384 2305 3456 quasi
2337 3384 2631 3449 docentes,
2664 3382 2765 3438 sed
2815 3380 2984 3453 quasi
3040 3381 3427 3436 admonentes
3503 3375 3645 3433 dici-

1995 3490 2149 3529 mus.
2184 3473 2310 3528 Non
2334 3472 2492 3528 enim
2525 3489 2632 3527 nos
2663 3470 2775 3527 soli
2806 3470 3150 3539 scribimus,
3181 3470 3284 3525 sed
3316 3482 3522 3524 omnes
3552 3466 3645 3522 IE-

1991 3562 2151 3635 gypti
2180 3566 2239 3615 et
2298 3561 2603 3633 Libyarum
2657 3559 2980 3631 nonaginta
3041 3558 3276 3614 circiter
3356 3554 3643 3628 episcopi.

1992 3650 2269 3705 Omnium
2300 3650 2455 3704 enim
2481 3665 2597 3703 una
2627 3648 2748 3703 haec
2781 3652 2873 3703 est
2931 3646 3241 3714 sententia,
3274 3649 3331 3701 et
3361 3661 3496 3700 cum
3529 3642 3642 3699 ali-

1991 3755 2166 3812 quem
2199 3740 2404 3795 ahesse
2435 3735 2869 3810 contigerit,alii
2900 3754 3005 3808 pro
3029 3735 3162 3791 aliis
3184 3733 3637 3791 subscribimus.

1991 3829 2083 3883 Sic
2116 3844 2222 3884 nos
2254 3827 2429 3897 igitur
2460 3826 2813 3892 aﬁ‘ecti,cum
2849 3825 3192 3896 contigisset
3240 3839 3345 3877 nos
3370 3822 3426 3875 in
3462 3836 3646 3875 unum

1989 3916 2317 3984 convenire,
2350 3916 2575 3971 litteras
2605 3931 2838 3986 quoque
2866 3913 3075 3970 dilecto
3142 3916 3340 3967 nostro
3393 3910 3645 3965 Damaso

1992 4022 2218 4078 magna:
2240 4006 2433 4060 Romae
2463 4003 2731 4074 episcopo
2765 4003 3057 4067 misimus,
3090 4001 3161 4056 de
3210 3997 3494 4054 Auxentio
3543 3996 3645 4068 qui

1994 4094 2485 4151 Mediolanensem
2518 4093 2730 4148 invasit
2757 4091 3088 4157 ecclesiam,
3133 4090 3304 4160 cujus
3339 4086 3424 4142 illi
3481 4089 3650 4158 gesta

1992 4183 2419 4251 enarravimus,
2451 4197 2585 4238 eum
2618 4196 2828 4251 nempe
2861 4196 2977 4234 non
3027 4177 3201 4233 modo
3256 4192 3385 4232 esse
3423 4174 3648 4230 Ariana

1993 4272 2282 4328 haereseos
2311 4274 2680 4334 sectatorem,
2716 4269 2816 4324 sed
2849 4268 3027 4323 etiam
3078 4265 3285 4322 multis
3328 4262 3649 4321 sceleribus

1992 4360 2332 4426 obnoxium,
2366 4377 2495 4431 quae
2524 4375 2657 4414 cum
2685 4357 2963 4429 Gregorio
2992 4353 3316 4427 impietatis
3340 4370 3455 4409 suae
3486 4350 3645 4407 socio

1995 4448 2347 4521 perpetravit
2382 4464 2394 4502 :
2431 4463 2621 4519 neque
2652 4447 2854 4502 mirari
2881 4462 2986 4501 cur
3042 4445 3303 4500 nondum
3344 4440 3646 4514 depositus

1992 4538 2144 4593 etab
2175 4535 2429 4592 Ecclesia
2487 4536 2707 4605 ejectus
2769 4535 2862 4589 sit.
2924 4534 3273 4604 Gratiasque
3331 4529 3644 4588 retulimus

1994 4629 2120 4696 ejus
2153 4625 2486 4696 pietati,nec
2519 4641 2635 4679 non
2665 4624 2740 4678 iis
2766 4623 2866 4694 qui
2897 4623 2955 4678 in
2993 4639 3265 4694 magnam
3300 4620 3506 4676 urbem
3528 4619 3648 4674 Ro-

1998 4730 2155 4769 mam
2187 4713 2759 4783 convenerant,quod
2793 4710 3031 4767 Ursacio
3062 4716 3119 4766 et
3143 4710 3383 4765 Valente
3401 4706 3650 4777 aliisque

2000 4803 2100 4875 qui
2131 4818 2266 4857 cum
2298 4801 2416 4857 illis
2448 4801 2735 4857 sentirent
2765 4800 2991 4872 ejectis,
3025 4798 3326 4855 catholica
3381 4793 3648 4852 Ecclesia

1999 4890 2371 4948 concordiam
2404 4894 2756 4947 servassent.
2790 4892 2975 4955 Quam
3006 4904 3143 4944 cum
3173 4886 3329 4959 apud
3354 4901 3455 4941 vos
3503 4899 3651 4955 quo-

2000 4998 2113 5053 quc
2145 4980 2363 5036 servari
2396 4984 2794 5051 peroptemus,
2820 4978 3146 5043 hortamur,
3180 4992 3303 5046 vos,
3335 4991 3409 5030 ne
3448 4972 3649 5029 fero‘tis

1999 5074 2064 5125 ut
2092 5086 2271 5141 supra
2300 5068 2575 5135 diximus,
2609 5083 2709 5123 eos
2740 5066 2841 5139 qui
2866 5066 2999 5122 ﬁdei
3032 5061 3657 5134 occasione,multitus

3418 5168 3447 5207 Α(
3476 5168 3560 5207 λι,
3588 5170 3659 5199 λιιι

1997 5220 2072 5299 ὡς
2121 5220 2669 5299 βπομιμξνήσξοντεε,
2702 5218 2865 5299 ὑμᾶς,
2897 5216 3202 5299 γράφομεν·
3239 5167 3655 5299 ῙΕσιθίδρλΪδεξὲ

1998 5284 2356 5371 Regius,'_xai
2380 5284 2783 5371 1aic.A16;5.ai'¢n,
2803 5293 2887 5371 et.
2905 5284 2989 5371 sic
3019 5284 3473 5371 's_u'pra_leg£turv
3596 5284 3651 5371 ι,

1995 5352 2345 5430 τὰξλιϐὐας,
2377 5363 2433 5418 in
2472 5361 2711 5435 plurali.
2745 5352 2888 5415 Editi
2922 5366 2979 5415 et
3009 5352 3129 5427 alii,
3159 5361 3228 5432 τῇ
3508 5362 3527 5427 ξ

2072 5422 2185 5507 (85)
2222 5422 2823 5509 Anglicanus,‘0"$1mq
2856 5435 3009 5509 γοῦν.
3118 5422 3125 5427 ⁷
3390 5422 3481 5509 Αἲξ).
3508 5422 3523 5465 ἰ
3559 5436 3655 5509 ἠν

2074 5496 2186 5581 (86)
2217 5496 2478 5581 Sicvlteg.
2499 5496 2736 5577 optime.
2761 5509 2817 5558 1n
2841 5496 2986 5581 aliis
3005 5518 3140 5581 vero
3160 5496 3659 5581 etiimaditisma’n

2002 5570 2291 5634 1i‘de'est.
2344 5570 2500 5634 Infra
2540 5570 2939 5646 'manuscripti
2999 5580 3057 5631 et
3110 5570 3655 5643 οάίιίελλορωωθιε,

2004 5652 2131 5725 παρ’
2168 5651 2316 5723 ὑμῖν.
2352 5650 2503 5706 Edit.
2537 5665 2669 5706 vero
2702 5647 2905 5718 Paris.,
2939 5646 3308 5729 παρξηῂῆῖνγηλμ
3344 5684 3463 5731 μή(
3526 5710 3535 5727 l
3592 5688 3650 5733 μ’(

3222 5790 3535 5820 ‘Li‘*z\1\‘.“‘
3572 5792 3628 5820 ει·
