4048 6366
363 416 515 477 1047

906 419 972 480 S.
1017 419 1446 480 ATHANASII
1491 418 1668 480 OPP.
1709 415 1913 478 PARS
1959 414 2006 474 Ι.
2040 446 2119 461 -—
2147 414 2570 478 HISTORICA
2611 417 2714 479 ET
2755 418 3242 481 DOGMATICA.

3619 419 3777 482 1048

361 547 558 604 dinem
588 549 874 622 synodum
953 549 1258 620 objiciunt.
1340 549 1813 620 |Ariminenscm,
1895 545 2014 600 Sir-

2136 565 2283 616 μενοι
2335 544 2618 617 σώζεσθαι,
2663 547 3084 624 παρακαλοῦμεν
3139 549 3216 622 μὴ
3269 549 3575 627 ἀνέχεσθαι,
3635 550 3777 617 καθὰ

365 637 668 706 miensem,
701 656 828 694 eam
861 655 987 711 quae
1011 641 1069 694 in
1105 639 1350 705 Isauria,
1370 639 1544 694 aliam
1577 655 1702 710 quae
1737 637 1793 690 in
1829 635 2014 690 Thra-

366 726 475 794 cia,
509 743 607 782 eas
637 743 765 798 quae
801 725 1328 798 Constantinopoli,
1364 727 1503 781 item
1536 743 1666 797 quae
1698 723 2014 780 Antiochia:

369 815 667 872 celebratas
700 821 860 881 sunt,
893 832 1019 887 quae
1055 815 1322 888 plurimas
1353 821 1492 870 sunt
1522 821 1579 871 et
1609 813 2012 870 tumultuosae.

363 906 472 960 Sed
506 905 657 975 apud
685 921 784 960 vos
815 905 1046 961 Nicaeus
1073 904 1265 960 solum
1314 905 1460 960 ﬁdes
1517 904 1799 960 obtineat.
1835 916 2014 973 quam

362 996 563 1048 Patres
595 993 1083 1066 promulgarunt:
1121 994 1218 1049 ubi
1249 1009 1450 1050 omnes
1505 996 1750 1049 aderant
1794 995 2014 1057 Patres,

366 1081 486 1138 imo
507 1081 749 1152 quidam
781 1099 848 1138 ex
880 1083 1000 1138 illis
1031 1083 1131 1155 qui
1157 1100 1286 1139 eam
1320 1100 1477 1138 nunc
1509 1087 1876 1155 Oppugnant,
1931 1079 2018 1134 uti

367 1189 549 1246 supra
579 1173 858 1241 diximus,
891 1173 1120 1246 ipsique
1151 1175 1725 1246 subscripserunt;ut
1755 1173 1826 1228 de
1849 1170 2018 1228 nobis

367 1262 544 1318 etiam
576 1263 888 1334 Apostolus
927 1264 1310 1320 dicatzLaudo
1364 1269 1550 1319 autem
1609 1263 1868 1334 vos,quod
1919 1276 2021 1332 per

369 1353 556 1408 omnia
614 1369 879 1408 memores
932 1357 1043 1408 mei
1098 1355 1271 1408 estis:
1332 1358 1384 1408 et
1439 1354 1578 1408 sicut
1626 1351 1840 1408 tradidi
1871 1352 2020 1406 vobis

359 1445 636 1514 praecepta
665 1459 785 1498 mea
815 1445 1011 1497 tenetis
1037 1443 1101 1497 ‘9.

447 1623 531 1677 11.
564 1621 695 1678 Haec
726 1621 882 1678 enim
914 1620 1144 1677 Nicena
1186 1621 1467 1694 synodus,
1499 1636 1628 1676 vere
1684 1619 1892 1692 cippus
1933 1621 2023 1674 est

371 1713 692 1784 inscriptus
723 1715 925 1767 contra
957 1712 1260 1766 universas
1291 1711 1560 1766 haereses.
1594 1709 1710 1765 Hac
1747 1709 1877 1781 ipsa
1923 1724 2021 1763 eos

371 1801 470 1873 qui
504 1801 562 1855 in
595 1800 878 1873 Spiritum
910 1803 1179 1856 sanctum
1226 1799 1654 1871 blasphemant,
1708 1799 2022 1871 ipsumque

371 1889 574 1946 dicunt
603 1905 730 1945 esse
760 1893 1110 1954 creaturam,
1141 1889 1424 1945 contutat.
1453 1889 1597 1944 Cum
1628 1888 1783 1944 enim
1827 1887 2022 1942 Patres

371 1980 443 2036 de
467 1979 578 2034 fide
609 1978 666 2033 in
685 1977 898 2034 Filium
927 1978 1608 2051 pertractassent,statim
1633 1976 2020 2032 addiderunt:

370 2067 666 2124 credimus
697 2073 753 2122 et
783 2066 840 2121 in
867 2067 1149 2140 Spiritum
1182 2071 1477 2133 sanctum;
1511 2071 1578 2122 ut
1609 2065 1930 2138 perfectam
1970 2068 2028 2119 et

371 2157 600 2230 plenam
634 2157 707 2212 de
737 2162 940 2212 sancta
985 2156 1270 2211 Trinitate
1323 2156 1494 2211 fidem
1556 2155 1828 2222 confessi,
1861 2152 2024 2208 Chri-

373 2247 577 2303 stiana:
611 2246 744 2301 fidei
779 2252 1061 2301 tesseram
1095 2249 1153 2300 et
1173 2243 1470 2301 catholicae
1503 2244 1771 2299 Ecclesia
1803 2241 2023 2298 doctri-

374 2351 511 2391 nam
545 2336 603 2390 in
638 2337 745 2390 hoc
776 2335 904 2407 ipso
936 2335 1297 2390 exhiberent.
1320 2334 1629 2405 Propalam
1665 2333 1880 2404 quippe
1927 2348 2024 2386 vo-

373 2425 466 2480 bis
498 2423 887 2494 omnibusque
917 2427 1024 2488 est,
1049 2428 1103 2478 et
1136 2422 1357 2478 nemini
1416 2423 1880 2478 Christianorum
1916 2420 2026 2476 hoc

377 2513 622 2569 dubium
657 2512 867 2582 fuerit,
903 2529 1010 2567 nos
1041 2512 1100 2566 in
1131 2516 1459 2567 creaturam
1493 2512 1738 2566 minime
1768 2511 2022 2578 credere,

379 2603 479 2659 sed
511 2602 570 2656 in
597 2618 780 2656 unum
800 2601 1240 2671 Deum,Patrem
1269 2600 2022 2673 omnipotentem,omnium

375 2689 696 2747 visibilium
728 2695 785 2746 et
814 2689 1201 2745 invisibilium
1259 2691 1558 2745 factorem.
1629 2688 1697 2743 Et
1727 2688 1785 2743 in
1840 2703 2022 2742 unum

377 2779 906 2836 DominumJesum
931 2777 1228 2834 Christum
1255 2778 1461 2833 Filium
1482 2780 1609 2850 ejus
1627 2777 2021 2849 unigenitum.

377 2870 446 2926 Et
475 2868 535 2923 in
568 2883 751 2922 unum
784 2867 1063 2938 Spiritum
1111 2872 1422 2923 sanctum:
1479 2884 1661 2922 unum
1724 2866 1909 2922 Deum
1964 2867 2022 2922 in

376 2962 580 3016 sancta
609 2962 666 3013 et
697 2956 950 3029 perfecta
981 2956 1264 3012 Trinitate
1293 2957 1689 3029 cognitumJn
1721 2955 1890 3026 cujus
1916 2971 2022 3011 no-

373 3049 532 3104 mine
565 3046 837 3117 bsptizati
895 3050 951 3100 et
994 3045 1052 3099 in
1080 3062 1196 3117 qua
1225 3046 1518 3102 divinitati
1550 3045 1872 3116 conjuncti,
1897 3060 2022 3100 cre-

371 3136 571 3192 dimus
605 3151 711 3190 nos
739 3150 985 3205 regnum
1016 3133 1295 3190 caelorum
1325 3133 1662 3190 haereditate
1683 3138 2024 3204 accepturos

368 3224 428 3280 in
461 3224 693 3280 Christo
717 3224 858 3279 Jesu
891 3223 1138 3279 Domino
1192 3228 1412 3293 nostro,
1475 3239 1579 3295 per
1634 3237 1809 3294 quem
1867 3223 2020 3279 Patri

371 3312 558 3386 gloria
587 3317 646 3368 et
676 3312 992 3384 imperium
1025 3311 1082 3366 in
1115 3310 1348 3367 saecula.
1382 3316 1590 3367 Amen.

2125 632 2482 709 προείπομεν,
2512 640 2618 692 τῶν
2651 632 3119 711 προϐαλλομένων
3151 633 3324 714 ὄχλον
3359 636 3596 695 συνόδων
3642 661 3775 717 προ-

2127 722 2279 800 φάσει
2312 724 2560 791 πίστεως,
2591 728 2688 796 τὴν
2717 725 2768 781 ἐν
2801 728 3115 802 Ἀριμήνῳ,
3147 727 3248 796 τὴν
3281 726 3332 782 ἐν
3385 726 3604 804 Σιρμῖῳ
3634 732 3770 805 (87),

2124 812 2223 880 τήν
2273 811 2325 866 ἐν
2372 817 2439 888 τῇ
2492 816 2878 892 Ἰσαυρίᾳ,τὴν
2925 813 2978 871 ἰν
3029 819 3095 889 τῇ
3147 816 3350 892 Θρᾴκῃ,
3379 819 3478 880 τὰς
3518 817 3570 873 ἔν
3619 824 3772 874 Κων-

2128 901 2592 972 σταντινουπόλει,
2631 905 2726 967 τὰς
2772 903 2824 960 ἐν
2878 905 3189 982 ’Δντιοχείᾳ
3239 904 3456 969 πολλὰς
3503 908 3593 962 καὶ
3641 908 3773 963 ἀτά-

2126 1010 2305 1054 κτους.
2356 989 2530 1048 Ἀλλὰ
2571 994 2736 1065 μόνον
2788 995 3052 1069 κρατείτω
3104 994 3156 1050 ἐν
3205 995 3331 1068 ὑμῖν
3380 998 3416 1065 ἡ
3477 995 3530 1051 ἐν
3579 996 3779 1070 Νικαίᾳ

2126 1079 2272 1154 παρὰ
2315 1085 2424 1134 τῶν
2470 1081 2724 1158 Πατέρων
2774 1081 3188 1160 ὁμολογηθεῖσα
3235 1084 3450 1147 πίστις’
3499 1084 3550 1141 ἐν
3686 1087 3778 1142 καὶ

2127 1169 2318 1230 πάντες
2348 1171 2438 1224 καὶ
2469 1174 2574 1225 τῶν
2607 1175 2698 1226 νῦν
2740 1171 3073 1248 μαχομένων
3124 1173 3260 1246 πρὸς
3309 1172 3476 1244 αὐτὴν
3527 1177 3776 1250 παρῆσαν

2129 1258 2382 1334 Ιίατὲρες,
2435 1258 2571 1313 καθᾶ
2609 1260 2940 1336 προείπομεν
2990 1263 3128 1334 (88),
3178 1263 3266 1316 καὶ
3321 1261 3656 1339 ὑπέγραψαν·
3685 1262 3780 1318 ’ίνα

2127 1347 2214 1401 καὶ
2249 1347 2368 1422 περὶ
2398 1349 2558 1421 ἡμῶν
2591 1349 2620 1403 ὁ
2652 1347 2991 1413 Ἀπόστολος
3022 1348 3173 1426 εἷ’πῃ·
3209 1352 3450 1410 Ἐπαινῶ
3502 1351 3560 1409 δὲ
3612 1354 3780 1426 ὑμᾶς,

2129 1435 2213 1490 ὅτι
2243 1436 2412 1491 πάντα
2458 1459 2563 1511 μου
2615 1440 2912 1511 μέμνησθε,
2945 1441 3032 1494 καὶ
3085 1442 3264 1503 καθὼς
3310 1439 3601 1516 παρέδωκα
3645 1443 3778 1517 ὑμῖν

2127 1524 2222 1586 τὰς
2249 1523 2591 1598 παραδόσεις,
2620 1527 2764 1582 οὕτω
2796 1527 3077 1604 πατὲχετε.

2204 1615 2289 1669 11.
2327 1613 2466 1685 Αὕτη
2515 1616 2614 1692 γὰρ
2665 1619 2699 1686 ἡ
2747 1615 2800 1671 ἐν
2851 1617 3048 1689 Νικαίᾳ
3094 1615 3337 1692 σύνοδος,
3379 1618 3603 1691 ἀληθῶς
3646 1643 3780 1692 στη-

2132 1700 2401 1781 λογραφία
2428 1705 2564 1759 κατᾶ
2593 1705 2770 1776 πάσης
2800 1707 3058 1782 αἱρέσεώς
3101 1706 3264 1766 ἐστιν.
3301 1707 3446 1780 Αὕτη
3505 1711 3592 1766 καὶ
3648 1710 3783 1774 τοὺς

2136 1789 2592 1870 βλασφημοῦντας
2622 1793 2699 1856 είς
2729 1796 2792 1849 τὸ
2823 1799 3042 1868 Πνεῦμα
3069 1797 3131 1851 τὸ
3176 1797 3352 1873 ἅγιον,
3384 1799 3474 1853 καὶ
3525 1799 3784 1875 λέγοντας

2134 1879 2265 1935 αὐτὸ
2320 1881 2542 1956 κτίσμα,
2595 1882 2899 1960 ἀνατρεπει.
2956 1883 3256 1962 Είρηκότες
3314 1887 3415 1962 γὰρ
3465 1890 3517 1943 οἱ
3547 1891 3785 1966 Πατὲρες

2136 1971 2256 2044 περὶ
2300 1977 2399 2040 τῆς
2447 1972 2523 2034 εἷς
2563 1973 2655 2027 τὸν
2706 1973 2829 2028 mw
2879 1973 3128 2046 πίστεως,
3161 1974 3434 2052 ἐπήγαγον
3467 1977 3647 2042 εὐθύς*
3683 1984 3785 2035 Πι-

2136 2058 2393 2132 στεύομεν
2439 2062 2529 2115 καὶ
2580 2061 2655 2123 εἷς
2702 2062 2766 2116 τὸ
2814 2067 3032 2136 Πνεῦμα
3080 2064 3141 2141 τὸ
3193 2066 3369 2140 ἅγιον,
3413 2064 3525 2135 ἵνα,
3566 2067 3783 2124 τελείαν

2133 2149 2222 2202 καὶ
2254 2147 2444 2224 πλήρη
2473 2151 2572 2219 τήν
2621 2150 2696 2213 εἰς
2741 2152 2839 2220 τὴν
2889 2152 3044 2227 ἁγίαν
3093 2151 3298 2227 Τριάδα
3341 2156 3522 2211 πίστιν
3567 2156 3784 2230 ὁμολο-

2134 2240 2422 2314 γήσαντες,
2469 2240 2560 2294 τὸν
2617 2247 2939 2316 χαρακτῆρα
2992 2249 3093 2312 τῆς
3143 2243 3195 2298 ἐν
3244 2247 3466 2321 Χριστῷ
3520 2245 3781 2318 πίστεως,

2133 2327 2222 2382 καὶ
2276 2328 2374 2396 τήν
2435 2325 2786 2385 διδασκαλίαν
2842 2337 2942 2400 τῆς
2992 2331 3302 2404 Καθολικῆς
3351 2333 3680 2405 Ἐκκλησίας
3726 2336 3780 2392 ἐν

2133 2415 2310 2489 τούτῳ
2342 2419 2451 2491 (89)
2475 2418 2804 2494 γνωρίσωσι.
2838 2420 3017 2490 Δῆλον
3065 2423 3168 2498 γὰρ
3213 2424 3301 2478 καὶ
3353 2427 3483 2500 παρ’
3511 2425 3639 2499 ὑμῖν
3688 2425 3782 2481 καὶ

2133 2505 2278 2581 παρὰ
2306 2511 2435 2561 πᾶσι
2473 2509 2789 2579 καθέστηκε·
2825 2511 2910 2564 καὶ
2963 2507 3140 2573 οὐδεὶς
3187 2511 3246 2566 ἂν
3291 2513 3624 2588 Χριστιανῶν
3669 2515 3781 2588 ἆμ-

2134 2590 2362 2674 φίϐολον
2415 2594 2490 2657 εἷς
2536 2602 2697 2652 τοῦτο
2749 2599 2913 2674 σχοίη
2961 2601 3060 2668 τὴν
3109 2597 3367 2674 διάνοιαν,
3402 2603 3478 2666 ὡς
3509 2602 3608 2658 οὐκ
3636 2601 3781 2659 ἔστιν

2134 2685 2294 2757 ἡμῶν
2319 2687 2352 2754 ἡ
2386 2685 2566 2747 πίστις
2595 2685 2670 2748 εἷς
2697 2688 2797 2756 τήν
2843 2686 3039 2761 κτίσιν,
3071 2689 3199 2746 ἀλλ’
3226 2690 3303 2753 εἷς
3352 2687 3444 2746 ἕνα
3489 2693 3618 2748 Θεὸν
3669 2695 3782 2750 Πα-

2131 2774 2261 2846 τέρα
2308 2777 2740 2850 παντοκράτορα,
2773 2777 2988 2832 πάντων
3039 2779 3246 2854 ὁρατῶν
3298 2801 3352 2835 τε
3393 2780 3482 2835 καί
3532 2781 3779 2854 ἀοράτων

2133 2865 2390 2933 ποιητήν·
2436 2865 2524 2918 καὶ
2578 2864 2653 2928 εἰς
2714 2861 2804 2920 ἕνα
2851 2865 3045 2942 Κύριον
3104 2870 3318 2937 Ἰησοῦν
3376 2870 3626 2943 Χριστὸν,
3683 2870 3779 2926 τόν

2134 2951 2256 3006 ne»
2283 2952 2448 3006 αὑτοῦ
2475 2953 2566 3007 τὸν
2620 2961 2908 3030 μονογενῆ⁶
2941 2955 3032 3010 καὶ
3095 2957 3169 3018 εἰς
3223 2957 3277 3013 ’ὲν
3335 2962 3550 3032 Πνεῦμα
3606 2959 3776 3035 ἅγιον·

2130 3037 2223 3094 ἕνα
2253 3041 2381 3096 Θεὸν
2414 3043 2508 3097 τὸν
2539 3041 2591 3096 ἰν
2617 3047 2686 3118 τῇ
2720 3043 2843 3119 ἁγίᾳ
2897 3045 2988 3100 καὶ
3044 3045 3224 3117 τελείᾳ
3277 3044 3465 3123 Τριάδι
3509 3049 3775 3122 γινωσκόο

2135 3147 2316 3202 μενον·
2352 3128 2428 3190 εἷς
2480 3133 2542 3199 ἣν
2600 3131 2689 3185 καὶ
2745 3134 3158 3207 βαπτιζόμενοι,
3196 3133 3286 3190 καὶ
3346 3135 3398 3190 ἐν
3441 3135 3607 3212 ταύτῃ
3649 3159 3780 3192 συν-

2129 3218 2428 3290 απτόμεναι
2457 3223 2525 3294 τῇ
2577 3219 2818 3296 θεότητι,
2849 3221 3174 3297 πιστεύομεν
3218 3223 3306 3279 κα)
3354 3223 3780 3302 κληρονομῆσαι

2079 3299 2093 3360 i
2135 3305 2414 3384 βασιλείαν
2449 3307 2690 3386 οὐρανῶν
2725 3309 2777 3366 ἐν
2810 3315 3028 3386 Χριστῷ
3058 3313 3238 3384 Ἰησοῦ
3266 3317 3348 3386 τῷ
3380 3299 3568 3390 Κυρίῳ
3593 3299 3778 3389 ἡμῶν,

373 3397 443 3455 δι’
475 3400 537 3454 οὗ
564 3402 645 3471 τῷ
675 3399 845 3470 Πατρὶ
879 3399 914 3467 ἡ
949 3395 1074 3469 δόξα
1103 3397 1192 3453 καὶ
1223 3397 1285 3453 τὸ
1315 3397 1512 3473 κράτος
1542 3397 1618 3460 εἰς
1651 3396 1776 3459 τοὺς
1802 3395 2018 3462 αἰῶνας.
2049 3397 2224 3471 Ἀμήν

444 3599 490 3634 ⁸³
513 3600 532 3653 ι
555 3601 678 3654 Cor.
712 3615 793 3666 ιι,
824 3599 876 3651 2.

451 3794 562 3865 (87)
596 3791 986 3864 Anglicanus,
1044 3791 1144 3860 τήν
1201 3788 1492 3864 Ἀρσενίῳ,
1554 3791 1709 3848 unde
1761 3790 2026 3848 Nannius

375 3865 566 3931 vertit,
599 3866 938 3922 Arsenicam.

447 3930 561 4010 (88)
585 3937 824 4010 Segius,
855 3930 1370 4010 καθάπερ-εἴπομεν.
1409 3933 1582 4010 Paulo
1632 3938 1764 4006 post
1811 3931 2024 4010 Segius

377 4001 856 4078 δι’Βθὲὶιηνὴμῶν
908 4007 936 4061 ὁ
985 4001 1342 4078 ’Λπόστολό-ς.
1396 4001 1771 4078 Anglicanus,
1806 4001 1958 4075 ὑμῶν
1993 4003 2020 4057 ὁ

377 4074 750 4140 Ἀπόστολοςζ’
766 4079 942 4149 Editi,
975 4080 1134 4149 ἡμῶν
1169 4074 1524 4136 Ἀπόστολος.

448 4154 562 4225 (89)
595 4154 677 4208 lta
735 4145 948 4223 Regius
1001 4145 1062 4208 et
1112 4149 1495 4222 Anglicanus.
1552 4147 1706 4204 Editi
1763 4163 1917 4217 vero,
1969 4145 2020 4200 ἐν

2135 3807 2339 3858 ταυτῳ.

2207 3857 2319 3940 (9Q)
2350 3857 2652 3940 Anglican.
2671 3857 3063 3940 'sol_us,quem
3095 3861 3364 3940 squitur
3393 3862 3682 3940 Nannius,
3708 3871 3788 3940 τῷ

2135 3928 2308 4008 Πατρῖ
2338 3949 2428 4008 και
2451 3928 2538 4001 τῷ
2594 3928 2740 4008 ulla:
2768 3928 3063 4008 Πνεύματι.
3107 3928 3264 4008 Ρρῖι,
3299 3934 3499 4008 Ἀμήν,
3531 3928 3782 4008 subj'un'.

2133 4003 2220 4129 fit
2249 4000 2581 4128 Anglican,
2612 4000 2877 4078 ἐρρῶσθαι
2904 4000 3052 4092 ἦμᾶξς
3081 4004 3166 4057 καὶ
3225 4000 3329 4076 μνη
3340 4000 3584 4077 μονιῦειν
3617 4000 3782 4081 ἦμῶν

2160 4095 2185 4127 ν
2228 4079 2335 4129 Κυο
2364 4094 2410 4129 ω
2458 4091 2722 4129 ιυγομαι.
2754 4073 3029 4129 ἀγαπητοί
3085 4075 3172 4129 καὶ
3225 4076 3622 4129 ποθεινότατοι-
3655 4098 3782 4129 ana

2160 4069 2185 4155 ς,
2228 4069 2410 4155 Kueh?
2446 4069 3060 4155 ἐὔχοεέαίλᾴγαπῄτοῆ
3085 4075 3172 4129 καὶ
3198 4069 3622 4155 βποσεινᾷτατοι,
3641 4069 3786 4155 qua

2133 4145 2352 4203 absunt
2381 4161 2415 4202 a
2445 4145 2585 4218 Reg.
2621 4145 2884 4204 Basil.'et
2910 4145 3165 4204 Felckm.
3196 4149 3252 4221 7,
3281 4154 3338 4207 et
3366 4151 3510 4207 edit.

840 4574 948 4659 IN
1015 4569 1660 4662 EPISTOLAM
1717 4571 1858 4658 AD
1918 4569 2571 4659 EPICTETUM
2634 4567 3317 4664 ADMONITIO.

454 4953 670 5008 7191.
706 4951 1072 5008 Celeberrima
1101 4949 1249 5022 apud
1267 4952 1524 5022 antiquos
1543 4949 1835 5021 scriptores
1865 4950 2073 5005 exstitit
2095 4947 2211 5004 haec
2250 4947 2508 5018 epistola:
2568 4961 2690 5002 eam
2748 4949 2950 5020 quippe
2991 4948 3266 5020 integram
3318 4952 3488 5023 dfert
3545 4955 3788 5027 Epipha-

376 5043 508 5097 nius
548 5042 748 5099 heresi
773 5057 955 5096 Lxxvu
990 5058 1003 5107 ;
1036 5039 1199 5109 hujus
1251 5039 1378 5094 item
1425 5039 1678 5094 meminit
1729 5038 1968 5111 Cyrillus
2026 5038 2088 5094 in
2143 5037 2379 5109 epistola
2429 5036 2503 5092 ad
2555 5037 2819 5093 Joannem
2870 5036 3268 5094 Antiochenam
3299 5042 3504 5099 etatiis
3532 5045 3594 5099 in
3623 5045 3788 5101 locis:

376 5132 565 5201 aitque
581 5133 700 5202 jam
729 5130 861 5185 olim
886 5131 1062 5200 ipsam
1090 5129 1160 5183 ab
1191 5129 1465 5185 haereticis
1487 5129 1662 5198 fuisse
1699 5129 1971 5196 vitiatam,
1997 5126 2214 5198 quodin
2248 5125 2350 5181 illa
2371 5133 2655 5182 cernerent
2684 5140 2894 5181 errores
2920 5127 3151 5182 convelli
3204 5144 3330 5184 suos
3361 5147 3374 5196 ;
3407 5147 3438 5186 a
3495 5147 3556 5187 se
3607 5141 3792 5190 tamen

377 5220 593 5275 collatis
620 5219 1031 5288 exemplaribus
1061 5217 1315 5288 pristinae
1333 5217 1650 5284 integritati
1669 5218 2000 5272 restitutam.
2032 5217 2222 5272 Verum
2238 5215 2538 5286 depravata
2575 5215 2844 5281 eiusmodi
2893 5217 3148 5287 exempta
3195 5216 3266 5272 ad
3320 5222 3569 5276 nostram
3623 5238 3792 5294 usque

377 5314 592 5366 etatem
620 5326 728 5365 non
757 5324 1053 5380 pervenere
1074 5324 1094 5369 ,'
1125 5316 1200 5362 est
1227 5309 1382 5361 enim
1404 5324 1489 5377 ea,
1535 5322 1661 5377 quae
1704 5308 1816 5375 iam
1848 5309 1906 5361 in
1964 5305 2358 5362 Athanasianis
2386 5310 2563 5361 exstat
2589 5305 2848 5371 editis,et
2892 5306 3061 5374 plane
3117 5307 3436 5366 orthodoxa:
3484 5316 3540 5366 et
3569 5313 3628 5367 ei
3672 5329 3792 5385 quae

377 5401 532 5471 apud
562 5398 933 5470 Epiphaniam
964 5398 1167 5464 legitur
1212 5395 1610 5450 consimillina.
1671 5394 1874 5466 Cyrilli
1903 5403 2086 5450 autem
2135 5395 2312 5450 locum
2340 5396 2474 5449 citat
2535 5394 2789 5450 Rusticus
2838 5393 3131 5463 diaconus,
3191 5398 3403 5453 Contra
3442 5399 3790 5472 Acephalos,

373 5503 504 5558 cap.
540 5488 594 5542 2.
625 5487 926 5558 Epistolam
943 5485 1020 5541 ad
1041 5486 1341 5556 Epictetum
1359 5487 1830 5554 memorantitem,
1861 5488 1910 5539 el
1937 5483 2064 5539 loca
2110 5483 2237 5538 inde
2264 5488 2516 5555 excerpta
2574 5484 2818 5556 a/ferunt
2872 5483 3075 5556 synodi
3123 5485 3416 5558 Ephesima
3464 5497 3515 5544 et
3561 5489 3791 5547 Chalce-

377 5577 652 5631 donensis.
696 5581 796 5631 Leo
826 5592 989 5646 pupa,
1029 5574 1410 5640 Theodoretus,
1439 5572 1684 5629 Gelasius
1715 5574 1854 5630 libro
1916 5577 1991 5628 De
2039 5572 2270 5626 duabus
2321 5573 2377 5626 in
2429 5571 2662 5627 Christo
2702 5573 2932 5628 naturis
2962 5575 3114 5644 in/ra
3141 5577 3258 5630 suis
3313 5593 3502 5633 omnes
3560 5581 3794 5636 notandi

382 5665 532 5718 locis.
567 5663 696 5719 Item
725 5665 872 5734 apud
901 5664 1185 5718 Leontium
1235 5662 1573 5733 Byzantium
1619 5663 1797 5717 multa
1847 5663 1975 5717 hinc
2025 5661 2339 5733 afferuntur
2388 5661 2505 5717 loca
2565 5662 2662 5718 lib.
2693 5680 2754 5731 ιι,
2778 5663 2880 5718 sub
2927 5661 3122 5734 ﬁnem.
3163 5664 3384 5738 Ipseque
3411 5667 3792 5738 Apollinei-ius

386 5753 714 5822 vaferrimus
734 5767 866 5807 sane
895 5751 1076 5821 homo,
1103 5752 1162 5804 in
1175 5752 1481 5822 fragmento
1511 5751 1760 5821 epistolae
1791 5750 1860 5806 ad
1890 5749 2244 5822 Serapionem
2279 5750 2426 5824 apud
2447 5750 2732 5807 Leontium
2791 5753 3185 5826 Byzantinum,
3235 5753 3340 5825 att,
3389 5771 3447 5813 se
3499 5758 3793 5829 epistolam
