4048 6382
230 473 380 536 1049
1403 475 1782 539 EPISTOLA

2036 474 2460 537 PlCTETUM.
3477 474 3634 535 1050

230 605 449 664 domini
481 605 574 663 sui
605 606 852 681 (scilicet
878 607 1207 682 Athanasii)
1237 609 1581 665 Corinthum
1631 609 1874 665 missam
1924 624 2298 681 summopere
2330 608 2674 681 approbare,
2705 611 2763 663 et
2792 622 2994 663 eorum
3026 605 3125 679 qui
3166 605 3371 663 dicunt
3400 624 3634 664 carnem

232 696 344 753 Deo
378 697 944 753 consubstantialem
977 714 1252 770 magnam
1283 698 1576 755 insaniam
1608 700 1909 754 damnare.
1942 697 2231 753 Nimirum
2264 699 2320 752 id
2372 697 2575 754 sedulo
2606 696 2830 752 curavit
2862 696 3237 752 heresiarcha
3265 695 3385 765 ille,
3418 703 3483 753 ut
3511 714 3636 755 om-

230 803 359 843 nem
392 803 579 859 prava:
610 785 917 843 sententia:
948 787 1343 860 suspicionem
1377 804 1410 842 a
1440 804 1524 855 se,
1556 805 1688 842 cum
1719 786 2039 843 Athanasio
2070 803 2271 858 agens,
2305 790 2617 850 amoveret,
2652 786 2807 857 quod
2840 800 3002 849 sane,
3035 786 3105 840 ad
3139 790 3373 857 tempus
3402 787 3635 855 saltem,

230 892 294 932 ex
322 880 452 931 voto
483 874 567 930 illi
598 875 844 931 cessisse
891 876 1157 944 videtur;
1212 878 1426 933 etenim
1458 876 1517 931 in
1551 876 1659 932 hac
1710 875 1959 948 epistola
2004 880 2061 931 et
2091 877 2149 930 in
2181 875 2679 947 subsequentibus
2728 880 2930 931 contra
2977 874 3398 947 Apollinarium
3443 876 3638 948 libris,

232 962 392 1021 nulla
418 962 761 1036 Apollinarii
796 965 1038 1021 mentio.
1068 963 1215 1020 Vide
1248 964 1386 1020 item
1420 982 1599 1036 supra
1627 982 1683 1037 p.
1715 966 1841 1019 618.
1866 988 1889 1017 ι

304 1075 324 1102 ι
360 1052 427 1107 ll.
461 1052 777 1109 Occasione
807 1058 1002 1108 autem
1035 1053 1249 1109 ductus
1290 1054 1877 1122 Commentariorum,
1911 1069 2040 1125 quae
2088 1053 2199 1108 sibi
2231 1053 2642 1108 transmiserat
2688 1052 2982 1124 Epictetus
3013 1051 3272 1108 Corinthi
3304 1055 3640 1127 episcopus,

230 1140 378 1198 hanc
409 1141 481 1196 ad
513 1139 681 1196 illum
713 1142 1014 1214 rescripsit
1046 1141 1375 1215 epistolam.
1408 1143 1587 1198 Erant
1617 1142 1831 1215 quippe
1861 1142 2144 1208 Corinthi,
2178 1143 2461 1198 referente
2492 1143 2769 1214 Epicteto,
2795 1142 3033 1214 quidam
3066 1142 3355 1211 homines,
3386 1145 3483 1217 qui
3508 1161 3640 1200 sen-

230 1230 442 1287 tentias
473 1230 545 1285 de
578 1230 688 1285 ﬁde
714 1230 1098 1302 impiissimas
1152 1232 1600 1303 proposuissent
1644 1232 2125 1304 agitassentque;
2176 1230 2411 1286 aiebant
2440 1231 2663 1287 scilicet
2712 1232 2768 1285 1ο
2797 1248 3010 1302 corpus
3058 1247 3127 1286 ex
3165 1232 3349 1288 Maria
3376 1234 3639 1305 genitum

233 1318 731 1376 consubstantiale
762 1336 890 1375 esse
920 1319 1093 1375 Verbi
1127 1319 1325 1376 deitati
1351 1338 1366 1389 ;
1396 1321 1456 1374 2°
1483 1320 1740 1376 Verbum
1773 1320 1831 1376 in
1865 1336 2122 1389 carnem,
2154 1337 2288 1375 ossa
2319 1324 2375 1375 et
2423 1319 2666 1392 capillos
2697 1323 2755 1374 et
2786 1319 2841 1374 in
2876 1324 3061 1375 totum
3096 1337 3308 1391 corpus
3349 1327 3640 1377 mutatum

233 1408 433 1464 fuisse.
467 1408 602 1472 Quae
632 1407 921 1464 sententia
951 1407 1313 1464 Marcionitis
1344 1408 1659 1465 ascribitur
1690 1409 1749 1463 in
1783 1408 2017 1481 Dialogo
2062 1409 2161 1480 qui
2192 1408 2459 1482 Origenis
2510 1409 2745 1465 nomine
2777 1408 3206 1464 circumfertur.
3239 1410 3299 1464 3⁸
3330 1411 3643 1466 Dominum

234 1496 465 1552 fictione
494 1513 607 1552 non
642 1500 855 1552 natura
884 1500 1150 1569 gestasse
1175 1512 1409 1569 corpus.
1443 1497 1549 1561 Qui
1583 1514 1725 1553 sane
1757 1514 1919 1554 error
1948 1497 2405 1570 antiquissimus
2433 1496 2544 1553 fuit
2573 1515 2586 1566 ;
2638 1497 2709 1553 ab
2745 1496 2965 1569 Ignatio
3000 1512 3252 1569 namque
3285 1504 3646 1555 memoratur

233 1584 478 1657 epistola
503 1586 573 1640 ad
606 1584 955 1655 Trallianos,
989 1602 1116 1659 cap.
1156 1586 1239 1654 lO,
1272 1590 1329 1642 et
1360 1587 1431 1642 ab
1465 1588 1738 1643 omnibus
1770 1586 1981 1643 deinde
2013 1587 2280 1642 Patribus
2306 1604 2319 1653 ;
2350 1588 2409 1641 4ο
2432 1588 2625 1659 Ipsam
2661 1586 2938 1641 deitatem
2961 1585 3371 1642 circumcisam
3402 1592 3459 1642 et
3488 1587 3646 1642 cruci

235 1673 469 1731 afﬁxam
503 1673 725 1742 fuisse;
754 1676 815 1729 5°
845 1675 1102 1731 Verbum
1133 1691 1509 1748 nequaquam
1539 1693 1605 1733 ex
1640 1676 1843 1745 Maria,
1888 1677 1990 1732 sed
2034 1692 2101 1732 ex
2130 1693 2237 1731 sua
2285 1677 2474 1748 ipsius
2506 1675 2838 1731 substantia
2883 1675 2995 1731 sibi
3026 1691 3239 1747 corpus
3266 1677 3645 1745 eﬂ‘ormasse;

232 1764 290 1819 6°
319 1763 427 1830 Qui
458 1762 538 1819 ait
568 1763 799 1820 Domini
832 1781 1044 1837 corpus
1072 1780 1141 1820 ex
1164 1764 1349 1820 Maria
1377 1781 1527 1832 esse,
1548 1783 1663 1821 non
1686 1766 2176 1832 Trinitatem,sed
2209 1766 2658 1836 quaternitatem
2685 1765 3011 1821 admittere.
3034 1765 3344 1821 Maximam
3370 1765 3650 1821 harumce

235 1853 658 1910 sententiarum
690 1857 912 1926 partem
938 1853 1297 1927 Apollinario
1328 1855 1567 1910 ascribit
1601 1855 1914 1927 Gregorius
1947 1854 2347 1912 Nazianzenus
2378 1860 2525 1910 orat.
2556 1856 2643 1922 46,
2670 1870 2801 1926 pag.
2831 1854 2958 1908 722.
2990 1853 3103 1909 Nec
3136 1859 3331 1910 tamen
3364 1854 3458 1910 hic
3489 1871 3647 1910 com-

233 1945 399 2013 paret
428 1940 526 1997 ille
547 1940 1098 2014 Apollinaristarum
1146 1958 1325 2011 error,
1359 1958 1474 2014 quo
1527 1944 1822 2016 negabant
1852 1946 2107 1999 mentem
2156 1942 2477 1998 humanam
2529 1942 2723 1998 inesse
2770 1942 3019 2009 Chrislo,
3055 1958 3180 2013 quae
3212 1944 3441 1999 videtur
3466 1942 3650 1999 fuisse

238 2036 406 2090 sectas
436 2030 598 2088 illius
626 2032 795 2104 quasi
824 2036 1084 2101 tessera;
1118 2034 1218 2089 sed
1252 2050 1318 2088 ea
1346 2034 1631 2090 duntaxat
1662 2034 1755 2090 hic
1783 2034 1973 2106 tangit
2003 2033 2375 2101 Athanasius,
2408 2049 2539 2105 qua
2584 2031 2848 2089 Corinthi
2903 2033 2962 2087 in
2996 2033 3448 2089 controversiam
3478 2049 3646 2088 vene-

237 2124 387 2177 rant.
420 2120 535 2178 Nec
558 2120 762 2177 leviter
790 2122 1059 2194 objurgat
1090 2122 1416 2194 Epictetum
1444 2123 1598 2194 quod
1632 2122 1774 2179 talia
1801 2123 1889 2179 vel
1922 2123 2164 2196 proponi
2218 2122 2590 2179 concesserit.
2644 2123 2835 2193 lisque
2865 2122 3143 2177 omnibus
3173 2122 3482 2178 sententiis
3516 2123 3648 2178 bre-

234 2209 474 2266 vissime
506 2210 839 2283 confutatis,
874 2210 1156 2267 claudens
1187 2210 1517 2284 epistolam,
1551 2227 1677 2268 sese
1708 2212 1961 2268 multum
2009 2210 2263 2285 gaudere
2309 2215 2580 2282 testatur,
2615 2211 2769 2284 quod
2801 2227 2867 2266 eo
2898 2212 3137 2267 demum
3170 2228 3262 2267 res
3292 2212 3554 2278 cesserit,
3587 2216 3654 2267 ut

238 2298 493 2371 quisque
523 2298 955 2371 disputantium
988 2299 1049 2355 in
1079 2298 1363 2355 catholica
1387 2299 1734 2356 consisteret
1764 2301 1895 2356 fide.
1930 2322 1958 2351 »
3358 2316 3361 2319 ί

308 2408 337 2438 ‹‹
356 2388 451 2443 ΙΙΙ.
470 2386 897 2445 Dimaaritarum
918 2405 1090 2462 porro
1109 2388 1346 2444 nomine
1365 2388 1811 2461 Apollinaristas
1829 2390 2154 2446 insectatur
2181 2388 2544 2461 Epiphanius
2577 2388 2779 2445 heresi
2802 2406 3011 2455 Lxxvn,
3035 2389 3206 2461 cujus
3241 2387 3653 2461 appellationis

239 2493 477 2533 causam
511 2477 700 2551 aperit
728 2476 1042 2550 Gregorius
1075 2477 1475 2535 Nazianzenus
1505 2494 1640 2534 cum
1672 2478 1754 2533 ait
1782 2483 1929 2535 orat.
1962 2479 2051 2547 46,
2085 2493 2218 2550 pag.
2249 2479 2357 2533 722
2390 2494 2403 2534 :
2437 2494 2651 2549 corpus
2682 2483 2738 2534 et
2790 2478 3046 2533 animam
3080 2494 3208 2533 esse
3239 2478 3297 2532 in
3329 2477 3560 2533 Christo
3590 2474 3652 2529 τὸ

236 2565 621 2643 τριτημόριον,
646 2569 869 2623 tertiam
894 2570 1129 2639 partem.
1152 2566 1575 2639 Apollinarista:
1597 2567 1813 2640 quippe
1844 2567 2100 2634 aiebant,
2123 2567 2182 2621 in
2214 2566 2444 2623 Christo
2478 2571 2701 2639 partem
2735 2583 2912 2622 unam
2946 2567 3224 2636 hominis,
3247 2568 3371 2619 νοῦν
3406 2565 3654 2634 scilicet,

240 2671 339 2712 seu
375 2661 650 2724 mentem,
681 2673 716 2711 a
740 2655 928 2712 Verbo
959 2654 1239 2729 suppleri,
1272 2655 1583 2729 solumque
1611 2657 1871 2712 Verbum
1896 2658 2171 2729 junctum
2208 2655 2434 2726 corpori
2456 2662 2511 2710 et
2540 2656 2749 2712 anima:
2780 2661 3013 2729 (nempe
3044 2656 3353 2725 sensitivze,
3388 2659 3454 2711 ut
3479 2655 3653 2711 dicti-

238 2745 441 2800 tabant
468 2744 578 2817 illi)
608 2749 796 2801 totum
826 2746 1181 2801 constituere
1209 2744 1531 2801 Christum.
1566 2745 1981 2813 Quamobrem,
2017 2761 2150 2800 cum
2199 2762 2267 2801 ex
2315 2743 2749 2800 Catholicorum
2801 2745 3112 2809 sententia,
3145 2745 3333 2799 tribus
3364 2747 3656 2800 constaret

238 2833 527 2904 Christus,
559 2834 748 2891 Verbo
769 2833 1013 2905 scilicet,
1029 2839 1223 2891 mente
1244 2833 1526 2901 humana,
1551 2839 1609 2890 et
1625 2851 1863 2907 corpore
1884 2834 2141 2891 animato
2170 2852 2183 2902 ;
2218 2833 2318 2905 qui
2352 2850 2529 2888 unam
2561 2850 2630 2889 ex
2652 2833 2770 2889 illis
2800 2835 3103 2889 demerent
3126 2839 3371 2904 partem,
3397 2838 3652 2888 mentem

238 2922 483 2995 scilicet,
516 2940 550 2980 a
579 2923 809 2980 duabus
840 2923 994 2993 aliis,
1028 2920 1328 2998 διμοιρῖται
1360 2924 1679 2979 audiebant
1710 2940 1723 2979 :
1758 2940 1894 2979 nam
1928 2920 2175 2997 δίμοιρον
2211 2922 2425 2978 Grecis
2456 2926 2564 2989 est,
2600 2923 2728 2977 duae
2768 2925 2950 2978 tertiae
2980 2928 3194 2994 partes,
3227 2922 3394 2991 cujus
3424 2920 3648 2993 signiﬁ-

238 3011 486 3069 cationis
516 3011 783 3085 exempla
812 3013 1027 3085 saepius
1058 3014 1358 3069 advertere
1388 3016 1479 3068 est
1506 3011 1564 3065 in
1612 3011 1888 3067 Analectis
1918 3011 2135 3068 nostris
2186 3012 2410 3079 Graecis,
2442 3026 2575 3084 pag.
2608 3012 2713 3066 319
2743 3016 2799 3067 et
2828 3028 2949 3083 seq.
3002 3011 3285 3067 Ceterum
3318 3010 3469 3066 hanc
3499 3008 3653 3082 epis-

240 3100 417 3158 tolam
454 3100 513 3158 in
544 3118 767 3158 annum
800 3102 1051 3160 conferri
1082 3117 1253 3176 posse
1281 3104 1563 3174 putamus
1593 3099 1823 3157 circiter
1846 3102 1972 3171 371,
2005 3105 2070 3157 ut
2100 3100 2288 3157 fusius
2320 3100 2379 3156 in
2418 3102 2535 3157 Vita
2563 3101 2913 3157 Athanasii.»
3423 3092 3427 3096 ’

527 3479 778 3576 ΤΟΥ
855 3479 1016 3574 ΕΝ
1098 3476 1515 3575 ΛΓΙΟΙΣ
1598 3476 2096 3574 ΠΑΤΡΟΣ
2191 3476 2559 3573 ΗΜΩΝ
2641 3477 3373 3575 ΑΘΑΝΑΣΙΟΥ

1404 3669 1934 3726 ΔΡΧΙΠΙΣΚΟΠΟΥ
1973 3670 2499 3726 ΔΛΕΞΑΝΔΡΕΙΑΣ

742 3822 924 3880 ΠΡΟΣ
964 3822 1365 3881 ΕΠΙΚΤΗΤΟΝ
1403 3821 1764 3893 ΚΟΡΙΝΘΟΥ,
1805 3821 1996 3878 ΚΑΤΑ
2031 3824 2162 3875 ΤΩΝ
2202 3821 2577 3879 ΔΙΡΕΤΙΚΩΝ
2618 3820 2972 3878 ΕΠΙΣΤΟΑΗ
3012 3820 3147 3893 (91).

1288 4135 1380 4231 S.
1461 4136 1559 4231 P.
1640 4136 1751 4231 N.
1831 4135 2617 4231 ATHANASII

1363 4317 1963 4380 ARCHIEPISCOPI
2007 4317 2539 4378 ALEXANDRI/E

381 4477 499 4540 AD
538 4474 868 4539 EPICTE
877 4473 1054 4539 TUM
1092 4474 1606 4540 EPISCOPUM
1646 4474 2067 4539 CORINTHI
2104 4473 2439 4539 CONTRA
2486 4474 3022 4579 HﬂRET/COS
3066 4477 3505 4541 EPISTULA.

244 4806 430 4885 Kupicp
504 4806 793 4885 poou(92)
866 4803 1135 4885 ἂῖαπῃεῷ
1209 4803 1589 4885 ἀβελφῷμδεαὶ
1639 4817 1842 4885 ςποθεινι

2059 4809 2247 4885 omina
2267 4824 2383 4885 meo
2403 4809 2604 4885 dilecto
2645 4812 2817 4885 fratri
2838 4815 2893 4866 et
2921 4811 3262 4885 θριαιίεείωο
3276 4811 3657 4885 ροτηηιίηἰεινο

319 4874 469 5005 εὶάὲιῖ
505 4874 516 4882 ’
545 4874 957 4954 συλλὶιτουργῷ
1024 4874 1415 4951 Ἐτξικτήτῳ
1454 4875 1769 4941 Ἀθανάσιος
1842 4876 1894 4933 ἐν

323 4958 434 5025 Κυρ
464 4972 509 5023 ῳ
534 4948 768 5025 χαίρειν.

1859 4880 1894 4932 ἐν
2204 4881 2466 4953 Epicteto,
2496 4874 2828 4939 Athanasius
2856 4884 2919 4939 in
2948 4874 3178 4940 Domino
3204 4883 3457 4939 salutem.

327 5077 378 5132 1.
428 5073 568 5150 Ἐγὼ
631 5071 723 5145 μὶν
782 5071 1038 5145 ἱνόμιζον
1094 5078 1266 5128 πᾶσαν
1326 5071 1720 5149 ματαιολογίαν
1775 5072 1902 5130 πάν-

2085 5079 2319 5135 7201.
2368 5079 2711 5135 Arbitrabar
2754 5078 3027 5151 equidem
3078 5079 3364 5145 omnium,
3399 5079 3496 5151 qui
3553 5096 3658 5135 un-

244 5186 380 5235 των,
441 5163 559 5217 ὅσοι
617 5158 887 5233 δηποτοῦν
944 5160 1077 5217 εἷ’σιν
1135 5164 1428 5241 πὶρετικοῖ,
1487 5165 1787 5219 πεπαῦσθαι

2063 5184 2187 5225 nam
2235 5169 2392 5225 fuere
2439 5168 2868 5240 haereticorum,
2900 5185 3110 5224 vanam
3159 5168 3596 5241 loquacitatem,
3627 5186 3661 5226 a

322 5366 434 5440 (9i)
465 5364 694 5440 Scripta
718 5379 872 5440 anno
904 5362 1139 5440 circiter
1175 5365 1301 5440 371.
1364 5366 1633 5440 Seguer._
1662 5366 1897 5423 Gobler.
2009 5367 2171 5425 tinus
2202 5368 2379 5424 habet
2405 5368 2474 5423 ad
2503 5370 2821 5440 Eptctitum,
2854 5372 2911 5424 et
2942 5367 3208 5439 inferius,
3240 5370 3498 5439 Epictz'to.

247 5445 309 5528 εξι
328 5433 750 5528 Fair-1339‘:
777 5433 1254 5528 αξδξὲξὲῑῖισῑιλὴ
1282 5433 1570 5528 trariis“
1617 5438 1845 5528 (γραφξῖε

2090 5440 2199 5528 (92)
2234 5442 2318 5495 Ita
2347 5433 2583 5528 Seguer.
2615 5433 3069 5528 GoblerLFelclf.
3105 5442 3153 5528 ξ,
3190 5433 3246 5528 et
3277 5433 3659 5528 Basiliensin

252 5513 420 5568 deest
450 5508 773 5588 in_Gobler.
802 5513 860 5563 et
887 5506 1079 5588 Eelck.
1117 5509 1193 5588 l)_
1227 5506 1374 5588 τιρρςξΔ
1398 5506 1850 5588 ’Ἶξπςκςήἶονᾏπ

2063 5506 2132 5566 uo
2162 5506 2366 5588 tamen
2389 5506 2493 5583 μου
2524 5513 2706 5588 deest.
2743 5506 2889 5588 E‘diti
2923 5512 3008 5588 sic
3028 5506 3266 5588 habent,
3291 5517 3367 5588 τῷ
3398 5513 3661 5588 ἀγαπητῷ

251 5602 468 5662 ιτκιγξιτον⁸
490 5580 753 5662 Κορίνθου
778 5578 1416 5662 Ξατᾲυαὶρετιδιῷνίῐδὶό
1448 5578 1849 5662 ΟρὺὶρῖκηΛόγς

2080 5622 2092 5635 .
2140 5624 2152 5638 .
2199 5625 2209 5635 .
2246 5578 2656 5662 συλλὲιτουργῷ
2705 5582 2793 5635 καὶ
2826 5580 3116 5662 συμμᾷστῃ
3152 5578 3485 5662 ’ᾼθὰνάξσιοζ
3520 5578 3655 5657 ϐίῦί,

251 5603 458 5637 σκοπον
490 5603 753 5654 Ἀορινυου
782 5603 919 5633 κατα
949 5603 1259 5654 αιρετικων.
1292 5603 1416 5637 ιῠια
1448 5603 1704 5649 UODlel'.,
1740 5603 1848 5656 Λογ‹

250 5654 393 5739 ξι-οιτᾲ
421 5654 755 5739 αἱρετικῶγη
777 5651 1082 5739 Basiliens:
1136 5657 1195 5739 οι
1222 5654 1397 5726 Ang.,
1443 5657 1541 5739 toﬁ
1574 5649 1741 5739 «6.106
1772 5672 1843 5739 np

2080 5622 2092 5635 .
2140 5624 2152 5638 .
2199 5625 2209 5635 .
2246 5603 2565 5657 συΛΛειτουρ
2612 5604 2656 5655 ῳ
2705 5603 2793 5635 και
2826 5603 3116 5657 συμμυστῃ
3167 5603 3485 5657 Αθανασιος,
3520 5603 3656 5657 61.0.,

2061 5672 2145 5739 ua;
2170 5603 2916 5739 ex_aliquonendeprompta
2963 5655 3081 5710 sint
3113 5656 3307 5739 codice
3338 5658 3657 5739 ignoratur.

256 5721 583 5795 Ἐπικτήτον
652 5721 964 5811 ,ἐπίσκοπον
1005 5721 1344 5811 ,Κρρίὶνοοιῗ
1389 5725 1524 5779 κατὰ
1596 5721 1851 5811 αἱρείτικιξ)

2064 5744 2085 5811 ξ
2116 5721 2442 5811 ξρειξοιιόο.
2461 5736 2516 5784 et
2551 5721 2740 5811 Felclr.
2769 5721 3041 5811 2,'horum
3072 5721 3662 5811 nihilJn-appendice

256 5799 449 5856 Felck.
482 5800 538 5869 2,
566 5796 796 5855 nullum
846 5795 1024 5853 habet
1052 5795 1312 5866 titulum,
1363 5799 1543 5855 codex
1569 5795 1777 5855 Jesu'it.
1813 5796 1910 5855 La-
2018 5798 2089 5854 ad
2121 5795 2239 5854 divi
2270 5799 2479 5857 Leonis
2505 5817 2686 5879 Opera
2714 5795 2856 5857 tom.
2891 5798 2962 5871 ll,
2994 5816 3052 5872 p.
3104 5800 3207 5857 198
3285 5795 3399 5878 sic:
3416 5795 3658 5861 titulus:
