4048 6404
315 460 470 520 1055

853 458 916 518 S.
966 459 1390 520 ATHANASII
1435 460 1608 520 OPP.
1657 456 1860 519 PARS
1901 457 1950 516 Ῑ.
1981 487 2059 501 -
2089 455 2505 520 HISTORICA
2548 457 2651 518 ET
2693 457 3174 520 DOGMATICA.

3569 459 3723 520 1056

309 567 784 664 obtemperantes
811 591 1250 664 acquiescerent
1279 609 1291 657 ;
1316 589 1402 646 vel
1435 591 1484 646 si
1536 591 1952 662 repugnarent,

2083 583 2155 640 ἱνα
2211 585 2246 656 ἢ
2302 587 2624 653 ἀκούσαντες
2698 589 3075 664 ἠρεμήσωσιν,
3134 588 3169 659 ἢ
3217 587 3589 666 ἀντιλέγοντες
3649 588 3724 650 ὡς

312 699 418 755 pro
441 681 728 738 haereticis
758 681 1133 736 haberentur.
1170 679 1395 735 Etenim
1423 696 1552 751 quae
1574 680 1701 750 jam
1736 693 1964 734 memo-

314 777 439 827 rata
468 777 628 840 sunt,
660 787 849 844 neque
880 770 1038 824 dictu
1065 786 1253 841 neque
1281 770 1485 824 auditu
1520 773 1662 824 sunt
1685 766 1966 824 Christia-

316 861 407 917 nis
431 860 773 928 tolerabilia,
809 859 910 914 ed
942 859 1014 913 ab
1047 858 1369 930 apostolica
1418 859 1685 914 doctrina
1735 857 1968 929 penitus

315 951 651 1007 abhorrent.
677 948 961 1016 Quocirca
990 963 1192 1003 eorum
1239 949 1415 1018 dicta,
1462 954 1525 1003 ut
1574 949 1701 1019 jam
1755 963 1969 1002 memo-

315 1045 440 1096 rata
465 1047 624 1104 sunt,
676 1037 821 1109 ipsis
879 1036 1072 1092 verbis
1133 1037 1190 1091 in
1243 1035 1490 1109 epistola
1542 1035 1969 1092 conscribenda

314 1128 552 1196 curavi;
587 1132 649 1183 ut
679 1127 956 1199 quisquis
986 1127 1259 1192 audierit,
1291 1143 1494 1182 eorum
1544 1125 1968 1198 turpitudinem

315 1222 372 1274 et
401 1217 761 1288 impietatem
794 1216 1236 1272 animadvertat.
1271 1217 1338 1270 Et
1382 1216 1614 1271 tametsi
1666 1214 1971 1286 oportebat

316 1306 548 1362 illorum
582 1306 679 1377 qui
706 1305 826 1360 haec
861 1305 1175 1360 commenti
1218 1309 1362 1359 sunt
1415 1303 1732 1360 stultitiam
1786 1302 1967 1374 pluri-

317 1396 429 1452 bus
460 1410 706 1466 arguere
729 1398 784 1449 et
814 1395 1118 1448 confutare
1146 1418 1160 1461 ;
1212 1398 1471 1448 attamen
1531 1393 1715 1448 satius
1763 1392 1972 1447 fuisset

317 1484 626 1557 epistolam
663 1483 773 1538 huc
825 1482 1113 1548 desinere,
1174 1487 1231 1537 et
1281 1481 1424 1537 nihil
1479 1481 1631 1538 ultra
1680 1481 1968 1537 scribere:

317 1590 447 1645 quae
477 1573 634 1628 enim
689 1573 770 1628 ita
832 1572 1142 1628 manifeste
1183 1589 1360 1644 prava
1409 1575 1968 1638 commonstrantur,

319 1662 615 1734 exagitare
643 1666 698 1717 et
728 1661 1021 1718 curiosius
1084 1660 1364 1733 indagare
1395 1678 1508 1716 non
1541 1662 1793 1733 expedit,
1839 1676 1909 1715 ne
1939 1677 1972 1714 a

319 1751 872 1808 contentiosis722
909 1750 1255 1806 hominibus
1309 1750 1587 1821 ambigua
1635 1749 1972 1806 existimen-

319 1844 453 1897 tur:
478 1842 579 1896 sed
612 1840 830 1897 sufﬁcit
854 1841 943 1896 his
968 1842 1252 1894 duntaxat
1283 1839 1474 1895 verbis
1507 1841 1577 1894 ad
1605 1839 1706 1895 illa
1737 1856 1969 1912 respon-

2079 676 2340 750 αἱρετικοὶ
2399 679 2719 750 νομισθῶσι.
2793 678 2867 732 Τὰ
2940 680 3038 754 γὰρ
3113 677 3376 752 εἱρημὲνα
3451 681 3565 752 (10)
3605 676 3728 732 οὔτε

2079 762 2242 819 λεκτὰ
2295 763 2418 821 οὔτε
2475 765 2709 822 ἀκουστὰ
2759 767 2904 841 παρὰ
2961 769 3325 842 Χριστιανοῖς,
3377 765 3521 823 ἀλλὰ
3562 765 3729 822 ἀλλό-

2075 873 2200 927 τρια
2256 856 2390 910 κατὰ
2446 856 2617 910 πάντα
2664 857 2866 931 τρόπον
2911 864 3011 925 τῆς
3053 854 3422 921 ἆποστολικῆς
3473 853 3727 912 διδασκα-

2081 941 2221 1005 λίας.
2283 945 2380 999 Διά
2429 950 2590 1000 τοῦτο
2660 950 2786 1020 γοῦν
2854 947 3002 1020 κάγὼ
3067 947 3134 1000 τά
3186 947 3311 1022 παρ’
3360 945 3602 1016 ἐκείνων,
3654 946 3729 1008 ὡς

2078 1035 2399 1108 προείρηται
2459 1037 2593 1107 (11),
2649 1034 2977 1110 ἐγγραφῆναι
3050 1041 3270 1111 γυμνῶς
3338 1036 3609 1106 πεποίηκα
3662 1039 3731 1108 τῇ

2080 1121 2478 1197 ἐπιστολῇ,ι“ίνα
2508 1126 2594 1178 καὶ
2653 1126 2814 1197 μόνον
2867 1126 2894 1180 6
2943 1125 3152 1179 ἀκούων
3202 1128 3380 1200 θεωρῆ
3423 1127 3523 1193 τὴν
3551 1125 3600 1180 ἐν
3634 1124 3728 1179 αῦ-

2079 1216 2192 1273 τοῖς
2272 1213 2537 1289 αἰσχύνην
2606 1213 2696 1269 καὶ
2751 1209 3016 1270 ἀσέϐειαν.
3073 1215 3176 1270 Καὶ
3225 1214 3272 1269 εἴ
3334 1215 3421 1269 καὶ
3480 1210 3588 1270 ἔδει
3644 1211 3735 1268 διὰ

2080 1297 2348 1356 πλειόνων
2397 1309 2718 1378 κατηγορεῖν
2768 1303 2857 1357 καὶ
2903 1301 3205 1378 διελέγχειν
3260 1307 3372 1376 (12)
3420 1305 3518 1371 τήν
3559 1305 3729 1380 ἀφρο-

2082 1389 2244 1458 σύνην
2295 1396 2400 1445 τῶν
2451 1393 2518 1447 τὰ
2563 1397 2786 1447 τοιαῦτα
2824 1392 3135 1459 νοησάντων
3167 1411 3179 1423 ·
3236 1390 3382 1447 ἀλλὰ
3429 1392 3593 1449 καλὸν
3621 1390 3729 1454 ἕως

2079 1480 2286 1535 τούτων
2335 1482 2466 1536 εἶναι
2514 1483 2613 1551 τὴν
2661 1481 2981 1551 ἐπιστολὴν,
3029 1482 3116 1536 καὶ
3163 1479 3332 1555 μηδὲν
3381 1483 3571 1536 πλεῖον
3604 1483 3735 1558 γρά-

2082 1590 2197 1644 φειν
2234 1588 2247 1600 ·
2278 1570 2345 1624 τὰ
2401 1572 2504 1645 γὰρ
2552 1569 2693 1625 οὕτω
2755 1575 2994 1645 φανερῶς
3037 1568 3352 1645 δεικνύμενα
3400 1569 3579 1648 φαῦλα
3636 1594 3730 1646 γυ-

2085 1661 2296 1731 μνάζειν
2360 1659 2444 1715 ἐπὶ
2490 1659 2680 1716 πλεῖον
2740 1661 2830 1716 καὶ
2879 1661 3319 1737 περιεργάζεσθαι
3385 1660 3447 1716 οὐ
3498 1658 3600 1730 δεῖ,
3637 1659 3729 1714 ἵνα

2086 1753 2159 1822 μή
2193 1751 2307 1811 τοῖς
2337 1747 2728 1827 φιλονεικοῦσιν
2764 1750 2838 1811 ὡς
2867 1745 3151 1827 ἀμφίϐολα
3191 1753 3428 1822 νομισθῆ
3464 1771 3475 1783 ’
3509 1749 3543 1818 ἢ
3572 1754 3730 1804 τοῦτο

2084 1838 2248 1910 μόνον
2306 1838 2693 1912 ἀποκρίνασθαι
2724 1839 2858 1913 πρὸς
2916 1838 2982 1893 τὰ
3036 1843 3278 1907 τοιαῦτα,
3333 1839 3419 1893 καὶ
3483 1838 3654 1893 εἰπεῖν
3714 1857 3726 1869 ·

317 1930 488 1986 dere:
517 1930 646 1985 Haec
678 1930 977 1986 catholica
1011 1928 1280 1985 Ecclesiae
1305 1946 1420 1985 non
1446 1933 1607 1999 sunt,
1667 1946 1853 2000 neque
1901 1943 1966 1984 ea

2083 1927 2292 2002 ’Λρκεῖ,
2333 1926 2414 1982 ὅτι
2475 1927 2573 1982 οὐκ
2618 1924 2726 1982 ἔστι
2775 1931 2940 1982 ταῦτα
2990 1934 3090 1997 τῆς
3138 1924 3449 1997 Καθολικῆς
3495 1925 3730 1997 Ἐκκλη-

319 2024 408 2076 est
440 2018 674 2074 Patrum
707 2019 1020 2075 sententia.
1055 2018 1340 2074 Caeterum
1366 2035 1438 2073 ne
1466 2035 1534 2073 ex
1582 2021 1864 2090 perpetuo
1895 2018 1970 2073 si-

318 2108 895 2181 lentioimpudentiaz
928 2107 1292 2164 occasionem
1318 2107 1607 2164 malarum
1655 2106 1739 2162 illi
1772 2123 1965 2163 rerum

319 2199 573 2256 artifices
595 2199 901 2270 arripiant,
930 2215 960 2254 e
991 2215 1051 2254 re
1079 2198 1256 2253 fuerit
1285 2214 1354 2253 ex
1400 2197 1615 2252 divinis
1652 2197 1968 2269 Scripturis

318 2303 507 2361 pauca
538 2303 900 2356 memorare;
935 2288 1182 2343 fortasse
1213 2285 1300 2342 vel
1349 2286 1459 2343 hoc
1517 2286 1691 2342 modo
1747 2286 1968 2359 pudore

320 2376 531 2445 aﬂ’ecti,
584 2377 964 2449 turpissimae
1019 2375 1327 2449 Opiniones
1374 2374 1741 2447 excogitandi
1792 2375 1968 2432 ﬁnem

321 2465 554 2522 tacient.

395 2555 443 2610 4.
481 2555 635 2611 Heus
655 2571 776 2626 vos,
801 2555 901 2626 qui
934 2571 999 2610 eo
1031 2553 1297 2610 animum
1330 2552 1644 2626 appulistis
1675 2557 1738 2608 ut
1758 2569 1971 2625 corpus

321 2644 594 2700 diceretis
644 2660 772 2700 esse
841 2644 1014 2700 Verbi
1098 2643 1389 2698 divinitati
1475 2642 1973 2699 consubstantiale

323 2734 658 2806 (hincenim
708 2732 887 2789 ordiri
936 2749 1124 2805 operae
1182 2732 1433 2805 pretium
1477 2732 1673 2798 fuerit,
1725 2738 1789 2788 ut
1835 2749 1969 2788 cum

324 2825 453 2896 ejus
485 2823 786 2880 sententia
816 2823 1046 2879 fmditas
1079 2821 1272 2896 palam
1297 2822 1492 2886 fuerit,
1532 2839 1717 2892 neque
1764 2827 1975 2878 cetera

327 2915 568 2985 majoris
599 2930 728 2970 esse
741 2913 909 2986 pretii
931 2912 1314 2985 conspicuum
1340 2912 1483 2985 sit)?
1503 2913 1565 2968 In
1589 2912 1800 2969 divinis
1818 2917 1972 2969 certe

325 3003 644 3076 Scripturis
683 3003 826 3058 nihil
860 3007 1158 3075 comparet
1214 3001 1576 3073 hujusmodi,
1637 3019 1771 3058 nam
1831 3002 1974 3076 ipse

323 3094 509 3150 Deum
560 3093 618 3148 in
678 3093 938 3149 humano
996 3092 1179 3148 fuisse
1219 3108 1457 3164 corpore
1501 3093 1833 3148 afﬁrmant:
1869 3093 1969 3148 sed

325 3183 501 3240 etiam
535 3182 730 3238 Patres
755 3181 856 3255 qui
883 3181 1082 3237 Nicaea:
1104 3185 1519 3253 convenerunt,
1569 3197 1685 3237 non
1735 3198 1971 3254 corpus,

324 3272 426 3329 sed
449 3271 647 3344 ipsum
682 3270 894 3327 Filium
926 3270 1200 3326 dixerunt
1227 3285 1358 3326 esse
1389 3269 1544 3325 Patri
1584 3271 1969 3327 consubstan-

2077 2016 2215 2088 σίας,
2249 2014 2372 2072 οὐδὲ
2418 2021 2586 2073 ταῦτα
2636 2019 2688 2072 οἱ
2738 2016 2970 2092 Ηατᾶρες
3021 2015 3340 2095 ἐφρόνησαν.
3380 2020 3497 2074 Ἵνα
3547 2014 3603 2072 δὲ
3651 2018 3728 2090 μὴ

2077 2105 2136 2161 ἐκ
2181 2109 2282 2171 τῆς
2329 2105 2514 2162 τέλεον
2582 2110 2792 2170 σιωπῆς
2851 2105 3117 2184 πρόφασιν
3166 2107 3546 2182 ἀναισχυντίας
3615 2107 3729 2181 (13)

2078 2195 2293 2257 ἑαυτοῖς
2347 2196 2398 2250 οἱ
2442 2199 2550 2250 τῶν
2594 2200 2772 2251 κακῶν
2826 2194 3102 2273 ἰφευρεταὶ
3149 2196 3505 2271 πορίσωνται,
3557 2193 3728 2251 καλὸν

2078 2281 2137 2338 ἐκ
2164 2287 2271 2338 τῶν
2302 2283 2456 2338 θείων
2509 2289 2733 2359 Γραφῶν
2786 2283 2947 2360 ὀλίγα
2992 2289 3359 2359 μνημονεῦσαι
3396 2303 3410 2318 ο
3459 2285 3604 2360 τάχα
3632 2282 3731 2339 κᾶν

2079 2373 2254 2436 οὑτως
2286 2371 2608 2436 αἰδεσθέντες
2657 2373 2966 2430 παύσωνται
3013 2373 3118 2430 άπὸ
3170 2380 3276 2430 τῶν
3325 2374 3576 2451 ῥυπαρῶν
3606 2371 3770 2433 τοό-¹

2077 2485 2183 2518 των
2212 2463 2486 2520 ἂπινοιῶν.

2150 2555 2201 2609 4.
2253 2554 2421 2616 Πόθεν
2482 2554 2605 2625 ὑμῖν
2674 2551 2906 2621 ἐπῆλθεν
2997 2551 3166 2608 εἷ’πεῖν
3245 2555 3357 2626 (14)
3391 2598 3405 2625 ,
3457 2554 3502 2606 ὦ
3555 2553 3738 2620 οὗτοι,

2082 2641 2375 2715 ὁμοοόσιον
2432 2641 2561 2697 εἶναι
2607 2643 2669 2697 τὸ
2721 2647 2882 2715 σῶμα
2950 2649 3050 2712 τῆς
3109 2647 3205 2696 τοῦ
3249 2641 3433 2716 Λόγου
3477 2641 3733 2711 θεότητος

2080 2730 2208 2806 (ἀπὸ
2264 2733 2364 2807 γὰρ
2412 2733 2606 2787 τούτου
2650 2731 2818 2787 καλόν
2867 2731 3006 2786 εστιν
3048 2730 3321 2807 ἄρξασθαι,
3367 2731 3480 2799 ἵνα,
3532 2731 3728 2786 τούτου

2082 2818 2426 2893 δεικνυμένου
2458 2824 2678 2898 σαθροῦ,
2728 2821 2816 2876 καὶ
2866 2820 3037 2877 πάντα
3083 2828 3148 2876 τᾶ
3196 2819 3339 2877 ἄλλα
3367 2820 3591 2876 τοίαῦτα
3622 2818 3730 2876 δει-

2081 2912 2265 2986 xiiii);
2317 2911 2450 2968 Ἀπὸ
2498 2913 2593 2984 μὲν
2659 2909 2749 2966 οῦν
2799 2915 2906 2966 τῶν
2957 2911 3114 2976 θείων
3160 2915 3383 2990 Γραφῶν
3439 2911 3538 2966 οὐκ
3593 2908 3734 2966 ἔστιν

2082 2999 2436 3075 εὑρεῖν,Θεὸν
2483 3002 2582 3075 γὰρ
2633 2998 2684 3056 ἐν
2730 3001 3056 3075 ἀνθρωπίνῳ
3107 2999 3318 3074 σώματι
3369 3000 3586 3076 λέγουσι
3640 3022 3734 3076 γε-

2079 3089 2309 3162 γονὲναι.
2346 3087 2525 3144 Ἀλλά
2552 3091 2656 3166 γὰρ
2685 3092 2799 3162 (15)
2828 3089 2915 3144 καὶ
2959 3089 3010 3144 οὶ
3066 3091 3320 3165 Ιιατὲρες,
3371 3091 3422 3145 οἱ
3451 3088 3502 3144 ἐν
3537 3089 3733 3162 Νικαίᾳ

2082 3177 2422 3240 συνελθόντες
2457 3178 2520 3233 οὐ
2546 3179 2608 3233 τὸ
2657 3183 2837 3252 σῶμα,
2886 3177 3013 3234 ἀλλ’
3060 3178 3218 3234 αὐτὸν
3250 3179 3343 3234 τὸν
3371 3179 3494 3234 Υίὸν
3528 3179 3732 3259 ὁμοσύ-

2083 3289 2197 3322 σιον
2241 3267 2487 3344 εἰρήκασι
2535 3272 2633 3324 τοῦ
2679 3269 2910 3342 Πατρὸς,
2976 3267 3064 3324 καὶ
3132 3272 3327 3324 τοῦτον
3380 3267 3475 3344 μὲν
3524 3268 3583 3323 ὲκ
3627 3275 3730 3338 τῆς

320 3331 546 3426 tialem,
581 3362 638 3414 et
669 3358 826 3413 hunc
857 3358 1094 3431 quidem
1125 3373 1194 3412 ex
1215 3357 1549 3413 substantia
1579 3357 1784 3427 Patris,
1843 3375 1966 3414 cor-

2084 3355 2268 3419 οὐσίας
2294 3331 2393 3413 ἰτοῦ
2424 3357 2655 3431 Πατρὸς,
2703 3358 2767 3413 τὸ
2795 3331 2870 3413 ¹δὲ
2897 3331 3079 3431 ⁷σῶμα
3109 3356 3168 3412 ἐκ
3197 3331 3404 3434 Μαρίας
3435 3331 3734 3433 ὡμολογῆ-

322 3463 435 3521 pus
463 3463 597 3504 vero
624 3463 693 3502 ex
722 3446 906 3503 Maria
936 3462 1064 3503 esse
1095 3462 1164 3502 ex
1219 3445 1537 3518 Scripturis
1575 3446 1717 3503 item
1773 3446 1966 3504 decla-

319 3541 545 3594 rarunt.
574 3536 965 3606 Quamobrem
991 3539 1092 3593 aut
1120 3535 1415 3592 Nicmnam
1448 3537 1752 3610 repudiate
1799 3554 1966 3611 syno-

319 3627 486 3694 dum,
518 3631 576 3684 et
602 3631 798 3700 utpote
829 3624 1109 3697 heretici,
1131 3626 1252 3682 haec
1284 3624 1477 3682 aliena
1505 3626 1802 3696 inducite;
1866 3632 1968 3684 aut

320 3717 371 3774 si
399 3715 578 3773 vultis
599 3716 841 3772 Patrum
873 3715 1109 3772 illorum
1141 3714 1242 3769 filii
1275 3731 1426 3785 esse,
1457 3731 1528 3772 ne
1555 3716 1846 3772 diversam
1891 3716 1965 3772 ab

318 3821 519 3862 eorum
561 3804 796 3878 scriptis
818 3804 1170 3861 sententiam
1204 3804 1644 3861 consectemini.
1678 3809 1797 3863 Hac
1827 3822 1968 3879 quo-

319 3910 434 3968 que
454 3894 678 3952 ratione
709 3893 852 3950 illud
875 3898 1106 3966 quanta:
1137 3894 1214 3949 sit
1241 3894 1630 3950 absurditatis
1651 3895 1960 3952 advertite:

318 3985 368 4041 si
399 3985 655 4042 Verbum
687 3984 937 4056 corpori,
971 3984 1124 4056 quod
1148 4000 1217 4040 ex
1272 3987 1426 4039 terra
1484 3988 1755 4040 naturam
1804 3990 1964 4041 tenet

319 4090 511 4140 suam,
543 4077 632 4130 est
662 4071 1185 4142 consubstantiale,
1217 4075 1274 4128 et
1300 4071 1537 4127 aliunde
1569 4073 1825 4130 Verbum
1875 4074 1964 4130 iti-

319 4163 674 4236 dem,juxta
697 4163 933 4219 Patrum
973 4161 1424 4229 confessionem,
1483 4166 1572 4218 est
1618 4163 1772 4218 Patri
1825 4181 1963 4220 con-

318 4252 746 4322 substantiale;
788 4252 914 4324 ipse
969 4256 1140 4308 Pater
1197 4251 1426 4324 corpori
1489 4268 1557 4307 ex
1604 4257 1762 4309 terra
1814 4254 1964 4310 facto

317 4342 840 4398 consubstantialis
861 4341 992 4398 erit.
1012 4341 1234 4412 Ecquid
1254 4340 1406 4396 ultra
1436 4342 1682 4398 Ariauos
1715 4343 1964 4399 insecte-

321 4431 490 4501 mini,
511 4431 664 4501 quod
685 4430 884 4486 dicant
915 4428 1124 4485 Filium
1157 4445 1284 4485 esse
1306 4435 1655 4496 creaturam,
1687 4448 1820 4488 cum
1851 4433 1966 4505 ipsi

319 4520 551 4576 Patrem
576 4519 752 4574 rebus
784 4519 996 4574 creatis
1039 4535 1167 4575 esse
1192 4519 1748 4576 consubstantialem
1807 4522 1964 4578 afﬁr-

319 4608 514 4680 metis,
548 4607 684 4664 etin
709 4606 886 4664 aliam
919 4609 1276 4680 impietatem
1309 4613 1682 4666 transeuntes
1731 4609 1963 4683 dicatis,

2076 3468 2169 3502 σαν
2220 3448 2350 3502 εἶναι
2415 3445 2580 3502 πάλιν
2639 3448 2775 3502 κατὰ
2834 3446 2928 3510 τὰς
2980 3446 3192 3525 Γραφάς
3241 3450 3376 3521 (16).
3429 3448 3498 3505 Ἦ
3549 3447 3729 3503 τοίνυν

2075 3537 2374 3611 ἀρνήσασθε
2401 3538 2498 3606 τὴν
2528 3535 2580 3592 ἐν
2635 3538 2835 3608 Νικαίᾳ
2882 3533 3128 3608 σύνοδον,
3198 3537 3287 3592 καὶ
3338 3536 3413 3599 ὡς
3463 3536 3729 3613 αἱρετικοὶ

2074 3625 2646 3703 παρεισφέρετεταῦτα
2677 3645 2688 3658 ·
2732 3626 2793 3696 ἢ,
2843 3624 2889 3680 εί
2943 3624 3204 3702 βούλεσθε
3259 3624 3417 3681 τικνα
3462 3629 3569 3680 τῶν
3623 3631 3732 3682 Πα-

2072 3716 2244 3791 τὲρων
2278 3715 2434 3784 εἶναι,
2473 3716 2550 3789 μή
2601 3720 2848 3794 φρονεῖτε
2895 3715 3024 3790 παρ’
3083 3714 3276 3783 εκεῖνα,
3322 3714 3457 3790 ἅπερ
3487 3710 3724 3790 ἔγραψαν

2073 3803 2226 3859 αὗτοί
2257 3806 2390 3878 (17).
2424 3803 2521 3858 Καὶ
2553 3806 2657 3881 γὰρ
2689 3803 2778 3858 καὶ
2809 3802 2870 3858 ἐκ
2914 3803 3114 3858 τούτου
3159 3804 3222 3858 τὸ
3271 3805 3472 3859 ἄτοπον
3505 3804 3728 3880 θεωρεῖν

2076 3895 2214 3967 ὑμᾶς
2242 3888 2438 3964 ἔξεστιν
2477 3911 2489 3923 ⁶
2525 3893 2569 3947 εί
2615 3891 2913 3966 ἁμοοόσιος
2961 3894 2989 3948 6
3033 3893 3210 3968 Λόγος
3257 3897 3339 3964 τῷ
3382 3891 3730 3966 σώματι(18)

2074 3982 2133 4038 ὲκ
2162 3985 2263 4058 γῆς
2297 3980 2480 4057 ἔχοντι
2527 3983 2628 4050 τὴν
2680 3981 2857 4059 φύσιν,
2911 3981 3207 4054 ὁμοοόσιος
3262 3978 3321 4036 δὶ
3377 3982 3405 4036 6
3448 3981 3623 4056 Λόγος
3651 3985 3730 4052 τῷ

2074 4071 2243 4147 Πατρὶ
2302 4070 2438 4126 κατὰ
2479 4072 2579 4139 τήν
2627 4076 2736 4126 τῶν
2806 4072 3059 4146 Πατὲρων
3108 4069 3410 4145 ὁμολογίαν
3448 4090 3460 4102 ·
3524 4069 3728 4143 ὁμοσύ-

2076 4181 2190 4222 σιος
2220 4157 2365 4215 ἔσται
2396 4161 2484 4214 καὶ
2535 4159 2694 4224 αὐτὸς
2741 4162 2770 4216 6
2829 4161 3015 4235 Πατήρ
3061 4157 3141 4232 τῷ
3189 4160 3511 4232 σώματιτῷ
3541 4159 3599 4214 ἐκ
3627 4161 3730 4234 γῆς

2071 4248 2365 4325 γενομένῳ.
2426 4248 2524 4303 Καὶ
2579 4248 2632 4302 τί
2689 4245 2766 4304 ἔτι
2823 4249 3088 4322 μὲμσεσθε
3134 4251 3250 4309 τοῖς
3296 4248 3591 4323 Ἀρειανοῖς
3642 4245 3731 4302 λά-

2071 4359 2225 4415 γουσι
2256 4338 2348 4392 τὸν
2382 4337 2503 4391 Υἱὸν
2555 4336 2779 4410 κτίσμα,
2830 4334 3085 4412 λέγοντες
3137 4335 3290 4391 αὐτοὶ
3339 4337 3425 4390 καὶ
3483 4338 3594 4409 (19)
3635 4337 3726 4391 τὸν

2075 4429 2288 4503 ΙῙατὲρα
2336 4426 2630 4500 ὁμοούσιον
2707 4433 2823 4489 τοῖς
2896 4425 3198 4499 κτίσμασι;
3257 4425 3346 4480 καί
3403 4424 3486 4487 τίς
3546 4423 3725 4499 ἑτέραν

2074 4512 2319 4572 ἀσέϐειαν
2380 4518 2802 4593 μετερχόμενοι,
2862 4517 3154 4592 φάσκοντες
3244 4515 3321 4578 εἷς
3386 4517 3578 4588 σάρκα,
3637 4514 3728 4570 καὶ

2075 4610 2256 4682 ἆστὲα,
2287 4609 2380 4664 καὶ
2408 4608 2628 4686 τρίχας,
2656 4609 2744 4664 καὶ
2767 4613 2948 4685 νεῦρα,
2978 4608 3067 4664 καὶ
3101 4606 3231 4664 ὅλον
3262 4609 3324 4663 τὸ
3356 4613 3514 4682 σῶμα
3566 4628 3730 4683 μετα-

317 4697 379 4754 in
411 4713 843 4767 carnem,ossa,
877 4696 1142 4769 capillos,
1177 4714 1386 4753 nervos
1425 4702 1482 4753 et
1511 4698 1568 4753 in
1611 4702 1800 4755 totum
1841 4717 1964 4757 cor-

2083 4694 2378 4769 Βεϐλῆσθαι
2426 4699 2516 4754 τὸν
2571 4699 2772 4775 Λόγον,
2820 4699 2909 4754 καὶ
2959 4695 3241 4775 ἠλλάχθαι
3288 4701 3388 4764 τῆς
3439 4695 3577 4760 ἰδίας
3628 4696 3727 4775 φό-

318 4804 429 4862 pus
460 4803 805 4844 conversum
835 4802 964 4844 esse
995 4787 1274 4854 Verbum,
1311 4792 1369 4842 et
1397 4805 1432 4842 a
1481 4788 1716 4861 propria
1779 4799 1966 4847 muta-

388 5021 766 5096 (10)_Seguer.
799 5027 856 5078 et
903 5020 1136 5093 Epiph.,
1189 5017 1548 5090 ὀνομασθῶσι.
1593 5019 1676 5076 Τὰ
1702 5020 1804 5096 γὰρ
1833 5041 1970 5096 προ-

645 5165 880 5236 Seguer.
912 5162 1140 5218 Gobler.
1174 5165 1231 5217 et
1260 5161 1514 5218 Felckm.
1552 5164 1600 5218 1.
1652 5167 1716 5219 In
1767 5164 1966 5232 editis,

317 5255 798 5379 είῆἲὲῗιδυὶόωη
837 5323 1025 5382 _mss.,
1058 5375 1068 5382 ⁵
1101 5309 1473 5382 κατηγορῆσαι
1543 5305 1645 5382 καὶ-
1690 5304 1940 5382 ἐλέγχειν

309 5374 596 5445 Μόι,’τῶν
626 5382 789 5432 ταῦτα
833 5374 1267 5446 διανοηθὲντων.’
1291 5374 1520 5432 Gobler.
1556 5377 1745 5432 Felck.
1780 5374 1962 5442 “-88-

310 5457 562 5526 guerhet
596 5451 824 5526 Epiph.,
857 5450 954 5517 τὴν
988 5453 1095 5501 τῶν
1126 5452 1309 5526 ταῦτα·
1342 5446 1732 5526 δζαν-οῃθέντων
1767 5450 1960 5526 αἶσχό-
1995 5477 1998 5480 ~

311 5520 431 5607 ςῃγ.
467 5520 1106 5607 Μρτχβρίρὺρθειξος.
1158 5520 1334 5607 Biaslil.
1370 5521 1602 5607 gobler.
1637 5520 1960 5607 et‘li‘elcl'i,

309 5594 495 5668 πλέον.
533 5591 689 5650 Editi
717 5591 773 5650 et
804 5594 925 5662 alii,
954 5591 1170 5648 πλεῖον.
1193 5593 1348 5649 Infra
1368 5598 1606 5666 Seguer.
1633 5593 1814 5668 solus,
1833 5591 1961 5650 ἀποέ

309 5667 765 5811 mp(1:330:3ueguer.
819 5738 979 5793 solus
1029 5734 1432 5810 ἀναισχυντίας.
1492 5736 1622 5804 Alii,
1671 5737 1958 5813 ἀναίσχυν-

309 5827 425 5864 τον.

2078 4809 2237 4850 σεως.
2277 4791 2416 4862 Ὥρα
2444 4788 2548 4865 γὰρ
2609 4789 2750 4862 ὑμᾶς
2800 4791 3044 4865 φανερῶς
3107 4787 3273 4843 εἰπεῖν
3324 4786 3384 4842 ἐκ
3428 4793 3534 4863 γῆς
3565 4785 3723 4842 αὐτὸν

2153 5023 2268 5094 (14)
2298 5022 2656 5093 Seguerian.,
2709 5021 2874 5094 Πόθεν
2926 5022 3078 5094 ὑμῖν,
3126 5023 3171 5076 ὦ
3221 5022 3389 5094 οὗτοι,
3439 5020 3631 5076 εἰπεῖν.
3666 5023 3729 5078 In

2081 5091 2285 5168 eodem
2315 5091 2470 5168 intra
2500 5091 2844 5168 post'mldv,
2874 5091 2989 5151 non
3020 5091 3252 5168 legitur,
3281 5091 3441 5148 ἐστιν.

2149 5167 2262 5239 (15)
2291 5164 2396 5240 Γάρ
2431 5164 2594 5240 deest
2620 5167 2679 5240 in
2709 5167 2906 5223 editis.
2945 5168 3024 5223 Ex
3073 5164 3217 5224 mss.
3265 5172 3499 5240 Seguer.
3550 5164 3730 5222 Basil.

2077 5245 2135 5295 et
2165 5237 2389 5310 Anglic}
2418 5237 2811 5310 restituimus.

2149 5307 2445 5438 (lca—radiat;
2490 5308 2723 5385 Γραφάς,
2777 5311 2835 5365 in
2880 5309 3117 5381 Seguer.
3179 5309 3356 5366 Basil.
3408 5307 3640 5366 Gobler.
3674 5313 3735 5367 et

2076 5383 2470 5526 “(liciifhogus
2499 5453 2712 5526 citatus
2751 5453 2809 5507 in
2841 5451 2978 5508 dial.
3013 5453 3487 5526 Theorianiadv.
3533 5455 3734 5526 Arme-

2076 5524 2202 5616 pos,
2238 5524 2378 5616 tom.
2417 5527 2436 5581 Ι
2469 5525 2614 5595 Bibl,
2649 5524 2821 5583 Graec.
2856 5527 2964 5582 PP.
2994 5543 3049 5597 p.
3083 5526 3210 5593 447,
3244 5525 3455 5598 Epiph.
3488 5524 3587 5579 Καὶ
3622 5527 3728 5599 γὰρ

2072 5595 2516 5754 ἐῖάὲἵτὲθίῆθῐκ
2549 5669 2803 5725 Felckm.
2841 5669 2891 5736 1,
2944 5667 2987 5721 εί
3033 5665 3326 5740 ὁμοοόσιον
3359 5671 3438 5739 τῷ
3470 5668 3636 5742 Λόγῳ
3663 5668 3731 5724 τὸ

2071 5760 2252 5813 σωμα.

2141 5809 2253 5885 (19)
2285 5809 2384 5866 Καί
2411 5812 2579 5871 deest
2605 5811 2666 5869 in
2698 5811 2876 5870 Basil.
