4048 6358
353 403 508 464 105⁸7

1529 403 1912 466 EPlSTOLA
1957 405 2058 465 AD
2103 406 2576 469 EPICTETUM.

3601 408 3757 470 1058

347 537 689 610 γεγενῆσθαισ
722 531 782 586 ἐκ
827 537 932 608 γῆς
985 532 1087 609 γὰρ
1317 537 1422 588 τῶν
1484 535 1684 590 ὀστέων
1715 535 1804 590 καὶ
1857 533 1991 590 ὅλου

2111 540 2232 594 tum
2263 554 2393 594 esse
2427 538 2680 594 natura?
2713 539 2917 595 Restat
2960 539 3114 595 enim
3177 544 3242 595 ut
3291 546 3488 612 aperta
3548 543 3757 599 dicatis

347 627 443 677 τοῖ’)
474 623 725 695 σώματος
755 621 934 698 φύσις.
970 619 1064 680 Τίς
1101 620 1192 677 οὖν
1226 625 1260 692 ἡ
1293 623 1526 694 τοσαύτη
1583 624 1996 701 παραφροσύνη,

341 710 432 767 ’ίνα
485 711 575 766 καὶ
623 713 759 786 πρὸς
835 711 1057 774 ἑαυτοὺς
1132 709 1519 788 διαμάχησθες
1580 713 1839 787 ὁμοούσιν
1903 713 1996 786 μὲν

343 802 446 878 γὰρ
506 799 760 876 λέγοντες
816 801 908 854 τὸν
973 802 1146 876 Λόγον
1203 806 1284 874 τῷ
1335 803 1570 875 σώματι,
1626 799 1805 878 ἕτερον
1865 801 1999 878 πρὸς

344 886 525 966 ἕτερον
580 887 873 962 σημαίνετε
929 892 1062 963 (21)·
1121 890 1184 944 τὸ
1235 887 1292 944 δὲ
1325 889 1402 952 εἰς
1430 892 1599 967 σάρκα
1658 886 1996 964 μεταϐεϐλῆ-

347 980 467 1033 σθαι
518 977 684 1032 αύτοῦ
721 981 818 1032 τοῦ
869 976 1045 1051 Λόγου
1101 979 1311 1052 τροπὴν
1367 980 1714 1056 φαντάζεσθε.
1776 980 1872 1033 Καὶ
1917 978 1999 1041 τίς

349 1063 426 1122 ἔτι
459 1065 652 1122 λοιπὸν
695 1066 848 1140 ύμῶν
901 1066 1134 1137 ἀνέξεται
1177 1071 1345 1122 ταῦτα
1393 1067 1480 1122 καὶ
1546 1068 1709 1140 μόνον
1771 1069 1997 1145 φθεγγο-

353 1157 570 1231 μένων;
635 1157 819 1226 Πάσης
890 1157 990 1231 γὰρ
1070 1153 1329 1232 αἱρέσεως
1399 1155 1568 1212 πλέον
1629 1156 1706 1218 εἰς
1753 1151 1999 1211 ἀσέϐειαν

347 1244 670 1318 έξεκλίνατε.
736 1244 795 1300 Ei
854 1245 956 1318 γὰρ
1007 1244 1302 1317 ὁμοούσιος
1345 1247 1372 1300 6
1423 1245 1598 1321 Λόγος
1652 1250 1730 1317 τῷ
1761 1247 1996 1318 σώματι,

348 1336 574 1412 περιττή
606 1341 706 1404 τῆς
741 1333 954 1408 Μαρίας
981 1336 1016 1402 ἡ
1054 1335 1246 1408 μνήμη
1281 1334 1367 1389 καὶ
1400 1336 1435 1404 ἡ
1471 1337 1585 1408 (22)
1615 1336 1794 1410 χρεία,
1841 1332 2000 1389 δυνα-

355 1425 514 1498 μένου
588 1427 685 1478 τοῦ
760 1423 1014 1494 σώματος
1071 1422 1201 1476 εἶναι
1252 1423 1343 1476 καὶ
1392 1423 1499 1498 πρὸ
1547 1423 1755 1499 Μαρίας
1801 1421 1996 1491 ἀίδιος,

350 1512 531 1589 ὥσπερ
563 1511 653 1567 οὖν
689 1510 920 1566 ἐστικαὶ
951 1510 1109 1572 αὐτὸς
1163 1511 1190 1565 6
1243 1511 1432 1588 Λόγος*
1493 1509 1547 1566 εἷ’
1583 1533 1644 1587 γε
1690 1514 1808 1576 καθ’
1859 1512 1999 1585 ὑμᾶς

349 1601 643 1676 ὁμοούσιός
675 1599 891 1672 ἐστιτῷ
950 1600 1183 1674 σώματι.
1233 1599 1325 1663 Τίς
1378 1598 1434 1656 δὲ
1481 1601 1570 1656 καὶ
1630 1604 1664 1671 ἡ
1694 1600 1853 1677 χρεία
1896 1609 1996 1671 τῆς

349 1689 647 1764 ἐπιδημίας
674 1694 776 1744 τοῦ
827 1688 1028 1763 Λόγου,
1054 1688 1146 1744 *ίνα
1175 1689 1209 1758 ἢ
1241 1690 1303 1744 τὸ
1334 1691 1528 1745 ἑαυτοῦ
1575 1691 1871 1764 ὁμοούσιον
1921 1689 1996 1745 έν-

349 1777 598 1850 δύσηται,
632 1779 666 1848 ἢ
697 1777 920 1840 τθαπεῖς
952 1777 1058 1833 ἀπὸ
1088 1781 1201 1852 (23)
1230 1787 1330 1848 τῆς
1363 1776 1504 1834 ἰδίας
1553 1779 1786 1857 φύσεως,
1839 1784 1998 1852 σῶμα

346 1869 569 1946 γένηται
596 1888 610 1937 ;
643 1867 720 1925 Ού
752 1868 852 1943 γὰρ
881 1867 1080 1936 εαυτῆς
1112 1870 1148 1938 ἡ
1180 1870 1372 1938 θεότης
1425 1864 1875 1941 ἐπιλαμϐάνεται,
1909 1865 1997 1924 i’va
2030 1912 2074 1976 Β

723 1955 737 1976 ι
893 1957 909 1976 ι
1026 1954 1236 1976 ..νυ
1462 1955 1614 1976 μυ.
1703 1957 1850 1976 ης..

348 1959 438 2013 καὶ
469 1959 532 2012 τὸ
567 1955 860 2030 ὁμοούσιον
893 1957 1089 2026 ἑαυτῆς
1119 1954 1426 2028 ἐνδύσηται.
1462 1955 1614 2013 Ἀλλ’
1663 1957 1788 2013 οὐδὲ
1817 1965 1996 2034 ἦμαρ-

346 2069 433 2102 τεν
465 2048 492 2102 6
522 2047 615 2109 τὰς
649 2043 836 2100 ἄλλων
893 2045 1156 2122 ἁμαρτίας
1207 2045 1576 2122 λυτρούμενος
1629 2047 1824 2122 Λόγος,
1887 2046 1995 2120 ῗνα,

345 2136 570 2213 τραπεὶς
603 2135 678 2199 εἷς
711 2139 868 2208 σῶμα
899 2138 1032 2210 (24),
1066 2136 1252 2190 ἑαυτὸν
1288 2136 1418 2212 ὑπὲρ
1453 2137 1643 2191 ἑαυτοῦ
1691 2136 1765 2198 είς
1811 2137 1993 2191 θυσίαν

348 2225 706 2300 προσενέγκῃ,
737 2225 824 2279 καὶ
861 2225 1046 2280 ἑαυτὸν
1081 2226 1449 2298 λυτρώσηται.

418 2498 473 2552 5.
507 2491 661 2551 Ἀλλ’
694 2492 794 2548 οὐκ
840 2490 981 2548 ἔστιν
1043 2491 1239 2562 οὕτως,
1302 2493 1377 2566 μὴ
1436 2494 1688 2569 γέγοιτοί
1742 2494 1996 2569 Σπέρμα-

347 2604 440 2646 τος
472 2583 577 2659 γὰρ
619 2577 867 2659 Ἀϐραὰμ
917 2578 1366 2654 ἐπιλαμϐάνεται,
1423 2582 1499 2644 ὡς
1558 2583 1698 2637 εἶπεν
1751 2584 1779 2637 6
1838 2581 1997 2638 Ἀπό-

349 2687 563 2736 στοΑος·
629 2670 747 2735 ὅθεν
827 2665 1030 2749 ὤφειλε
1106 2671 1239 2725 κατὰ
1309 2671 1480 2725 πάντα
1549 2677 1666 2732 τοῖς
1734 2668 1991 2748 ἀδελφοῖς

347 2762 711 2835 ὁμοιωθῆναι,
742 2759 831 2815 καὶ
863 2755 1050 2815 λαϐεῖν
1083 2758 1276 2832 ὅμοιον
1305 2762 1439 2832 ἡμῖν
1502 2764 1680 2832 σῶμα.
1717 2761 1815 2814 Διά
1859 2764 1990 2814 τοῦ·

343 2872 406 2905 το
428 2855 555 2927 γοῦν
590 2849 680 2904 nati
732 2849 1009 2904 ὑπόκειται
1068 2847 1292 2918 ἀληθῶς
1341 2851 1376 2918 ἡ
1434 2849 1633 2925 Μαρία,
1689 2845 1753 2903 i'v‘
1792 2848 1843 2918 ἐξ
1898 2849 1992 2903 αύ-

343 2947 444 3010 τῆς
473 2944 636 2995 τοῦτο
672 2933 834 3012 λάϐῃ,
865 2939 955 2992 καὶ
988 2938 1062 3000 ὡς
1097 2935 1238 2992 ἵδιου
1272 2938 1405 3013 ύπὶρ
1437 2941 1595 3012 ἡμῶν
1647 2937 1777 2994 αὐτὸ
1819 2959 1993 3014 προσ·-

347 3028 557 3104 ενέγκῃ.
635 3028 732 3082 Καὶ
805 3031 1009 3097 ταῦτην
1079 3028 1106 3081 ὁ
1185 3028 1278 3100 μὶν
1329 3026 1547 3090 Ἡσαΐας
1606 3026 1990 3105 προφητεύων,

349 3115 579 3173 ἐδείκνυε
639 3116 832 3192 λέγων.
895 3114 1036 3172 Ἰδοὺ
1089 3118 1124 3186 ἡ
1184 3116 1471 3192 ΙῙαρθὲνος·
1529 3118 1557 3172 6
1633 3114 1690 3172 δὲ
1745 3111 1991 3193 Γαϐριὴλ

350 3197 744 3262 ἀποστέλλεται
779 3206 913 3280 πρὸς
964 3205 1129 3274 αὐτὴν
1163 3203 1269 3281 οὐχ
1299 3205 1488 3268 ἁπλῶς
1520 3207 1654 3280 πρὸς
1705 3208 1818 3280 (25)
1861 3226 1992 3282 παρ-

352 3293 521 3367 θένον,
624 3293 801 3350 Ἀλλὰ
897 3294 1032 3369 πρὸς
1132 3292 1393 3370 παρθένον

339 3381 514 3458 ἀνδρί’
542 3380 613 3436 θίν’
645 3382 703 3438 ἐκ
745 3383 839 3436 τοῦ
893 3389 1204 3455 μνηστῆρος
1248 3384 1359 3456 (26)
1422 3380 1568 3458 δείξῃ
1625 3384 1726 3452 τὴν
1781 3389 1990 3458 Μαριαν

342 3471 564 3542 ἀληθῶς
617 3471 899 3544 ἄνθρωπον
959 3471 1141 3527 οὖσαν.
1201 3471 1294 3525 Διὸ
1345 3471 1433 3525 καὶ
1488 3477 1586 3526 τοῦ
1616 3472 1814 3527 τίκτειν
1851 3495 1990 3546 μνη-

342 3560 553 3635 μονεύει
626 3563 662 3630 ἡ
740 3561 947 3636 Γραφὴ,
1023 3561 1111 3615 καὶ
1174 3580 1357 3638 φησιν·
1405 3561 1841 3636 Ἐσπαργάνωσε·
1900 3561 1990 3617 καὶ

340 3649 732 3725 ἐμακαρίζοντο
797 3650 1012 3722 μαστοὶ,
1075 3648 1168 3711 οὕς
1227 3648 1480 3720 έθήλασε,
1531 3650 1620 3703 καὶ
1651 3651 1988 3726 προσενέχθη

341 3740 516 3807 θυσία,
551 3740 623 3801 ὡς
685 3736 1049 3808 διανοίξαντος
1104 3738 1200 3792 τοῦ
1255 3739 1544 3814 τεχθέντος
1599 3740 1698 3807 τήν
1755 3741 1986 3814 μήτρανο

331 3833 501 3883 ταῦτα
542 3825 600 3882 δὲ
653 3827 846 3896 πάντα,
905 3825 1197 3896 τικτούσης
1249 3827 1315 3895 ἦν
1377 3828 1648 3902 Παρθένου
1704 3828 1991 3904 γνωρίσμα

340 3939 422 3972 τα.
459 3916 556 3970 Καὶ
591 3917 618 3970 6
675 3912 921 3990 Γαϐριὴλ
982 3913 1039 3970 δὲ
1090 3915 1348 3993 ἀσφαλῶς
1397 3915 1780 3992 εὐηγγελίζετο
1829 3917 1987 3992 αὐτῇ,

337 4004 514 4078 λέγων
558 4003 665 4078 ούχ
717 4002 931 4073 ἁπλῶς,
989 4003 1052 4058 τὸ
1111 4004 1444 4078 γεννώμενον
1507 4004 1556 4060 ἐν
1617 4007 1724 4075 σοὶ,
1774 4005 1859 4061 ἴνα
1910 4009 1986 4081 μὴ

338 4090 533 4164 ἔξωθεν
580 4092 999 4168 ἓπεισαγόμινον
1049 4092 1184 4167 αὐτῇ
1236 4097 1394 4166 σῶμα
1442 4098 1704 4168 νομισθῇ·
1756 4095 1882 4150 ἀλλ’
1933 4095 1992 4150 ἐκ

342 4183 460 4250 σοῦ’,
491 4178 560 4235 ἵν’
612 4181 662 4251 ἐξ
707 4180 873 4250 αὐτῆς
904 4181 1056 4259 φύσει
1088 4182 1151 4237 τὸ
1180 4184 1512 4258 γεννώμενον
1547 4185 1678 4238 εἶναι
1705 4187 1987 4260 πιστευθῇ,

342 4292 586 4350 φανερως
615 4271 705 4326 καὶ
734 4271 896 4326 τοῦτο
926 4274 1026 4335 τῆς
1059 4270 1268 4348 φύσεως
1319 4269 1694 4345 δεικνυούσης,
1745 4275 1818 4335 ὡς
1861 4271 1990 4328 ἀδύ-

340 4382 497 4416 νατον
525 4361 790 4437 παρθένον
820 4362 1000 4437 φέρειν
1033 4357 1176 4435 γύλα
1204 4361 1280 4433 μὴ
1311 4365 1589 4432 τεκοῦσαν,
1651 4363 1740 4416 καὶ
1796 4360 1986 4418 ἀδύνα-

340 4471 429 4506 τον
511 4448 740 4527 γάλακτι
815 4452 1083 4528 τραφῆναι
1160 4454 1319 4523 σῶμα
1365 4450 1454 4504 καὶ
1513 4453 1987 4526 σπαργανωθῆναι,

346 4540 422 4612 μὴ
449 4539 712 4614 πρότερον
766 4538 918 4616 φύσει
970 4538 1186 4613 τεχθέν.
1245 4539 1422 4595 Τοῦτό
1481 4538 1691 4594 ἔστιτὸ
1725 4561 1990 4616 περιτμη-

346 4628 430 4692 θὲν
493 4629 858 4704 ὀκταήμερον·
917 4628 1078 4682 τοῦτο
1135 4627 1361 4700 Συμεὼν
1442 4627 1515 4689 εἲς
1583 4627 1678 4689 τὰς
1753 4628 1990 4704 ἀγκάλας

339 4715 581 4789 ἐδέξατο·
641 4723 804 4773 τοῦτο
863 4720 1052 4793 γέγονε
1107 4715 1324 4772 παιδίον
1376 4718 1463 4773 καὶ
1521 4712 1760 4790 ηὔξησε,
1821 4716 1992 4774 δωδε-

414 4877 490 4912 ⁶²⁰
518 4877 690 4932 Hebr.
728 4893 793 4944 II,
826 4878 912 4941 t6,
947 4877 1032 4930 17.
1147 4877 1191 4913 ⁸³
1224 4877 1332 4932 lsa.
1363 4891 1465 4947 vn,
1501 4876 1587 4932 14.

343 4948 387 4982 ⁸⁸
415 4948 554 5004 Luc.
589 4966 629 5016 ι,
663 4949 750 5002 39.
828 4949 872 4983 ⁵⁰
905 4949 1045 5004 Luc.
1081 4965 1143 5018 ιι,
1174 4949 1368 5003 21-42.

419 5111 529 5185 (20)
560 5107 933 5185 ’E_x__yﬁcloip,
969 5110 1199 5185 Gobler.
1255 5110 1506 5185 Felckm.
1567 5111 1616 5185 i_,
1671 5116 1910 5185 Seguer.
1944 5117 2002 5168 et

347 5179 557 5257 Epiph.
585 5179 768 5257 _Edi'ti‘.
802 5179 897 5236 Ἐκ
923 5187 1025 5257 τῇς
1061 5181 1176 5257 -γαρ
1207 5187 1308 5254 γῆς
1357 5181 1492 5257 πρὸς
1539 5179 1998 5257 αύτορςίδιαμά-

347 5250 545 5328 ximam
571 5250 870 5328 ῥμοούσιφγ
899 5253 1022 5328 γέρα
1061 5250 1279 5328 Ibidem
1312 5250 1413 5326 γάῤ
1449 5255 1625 5328 ἀδεεῖ.
1670 5255 1727 5328 in
1786 5250 1994 5328 Epibb-

421 5326 540 5396 ('31)
566 5325 660 5379 Sic
693 5324 922 5396 Anglic;
960 5324 1129 5378 Basil.
1165 5324 1402 5396 Seguerl
1439 5331 1493 5380 et
1525 5326 1735 5396 Epiph.
1782 5324 1848 5380 in'
1874 5324 1998 5383 edi-

347 5392 899 5469 tisl__atbpa1t_'é1spov
934 5415 1157 5469 σημαιη
1201 5392 1334 5460 Quae
1393 5392 1724 5466 sequuntur
1779 5403 1996 5465 autem,

343 5467 404 5520 τὸ
438 5463 495 5520 δὲ
529 5463 603 5528 είς
637 5463 827 5538 σάρκα,
863 5485 896 5522 a
917 5463 1148 5522 Gelasio
1179 5470 1436 5524 citantur
1464 5463 1520 5524 in
1553 5469 1655 5526 lib.
1689 5471 1763 5524 De
1792 5463 2001 5526 duabus

344 5542 583 5607 naturis,
613 5543 712 5594 sed
745 5539 916 5611 paulo
949 5540 1197 5594 diverse.

417 5614 532 5693 (22)_
560 5612 651 5666 Sic
682 5609 1072 5693 Seguerianus
1100 5609 1507 5693 et‘Epip.han.,
1539 5615 1718 5684 atque
1748 5613 1831 5669 ita
1862 5613 2003 5686 legit

351 5679 633 5740 Nannius.
667 5679 786 5738 Alii
815 5687 873 5738 et
899 5683 1062 5751 editi,
1095 5679 1184 5736 καὶ
1210 5679 1380 5750 tle-i3.

423 5755 534 5828 (23)
565 5757 653 5813 ita
682 5755 924 5829 Seguer.
955 5754 1180 5827 Anglic.
1215 5752 1762 5824 Gobler.Felck.1,et
1791 5755 1999 5830 Epiph.

1510 3293 1990 3368 μεμνηστευμένην
2023 3283 2066 3350 C

1720 4877 1766 4912 “
1797 4879 1931 4934 Luc.
1966 4895 2006 4949 ι,
2037 4879 2129 4935 27.

2107 625 2304 696 ipsum
2363 643 2432 682 ex
2486 631 2643 683 terra
2686 628 2906 682 factum
2940 628 3119 684 fuisse
3154 646 3166 684 :
3201 646 3269 686 ex
3298 634 3452 687 terra
3484 631 3640 687 enim
3669 647 3760 688 0s-

2109 714 2261 770 sium
2293 715 2592 787 totiusque
2645 716 2904 788 corporis
2962 722 3174 774 natura
3231 719 3516 791 originem
3573 721 3758 777 ducit.

2109 805 2384 868 Quanam
2443 805 2628 877 igitur
2681 806 2798 860 haec
2849 810 3011 861 tanta
3037 807 3332 863 dementia
3365 813 3428 863 ut
3456 809 3757 866 vobiscum

2109 893 2221 964 ipsi
2253 895 2569 966 pugnetis?
2601 895 2738 950 dum
2772 893 2926 949 enim
2961 895 3155 950 dicitis
3213 895 3471 952 Verbum
3529 899 3755 970 corpori

2109 997 2240 1036 esse
2295 983 2820 1048 consubstantiale,
2853 982 3100 1038 alterum
3132 999 3264 1038 cum
3295 983 3478 1041 altero
3509 987 3760 1042 conferri

2107 1069 2455 1141 signiﬁcatis
2491 1088 2503 1126 :
2537 1087 2671 1126 cum
2699 1089 2828 1127 vero
2875 1073 2933 1127 in
2987 1088 3222 1128 carnem
3277 1078 3574 1130 mutatum
3632 1092 3761 1132 esse

2108 1160 2438 1227 afﬁrmatis,
2461 1161 2574 1231 ipsi
2605 1160 2792 1216 Verbo
2825 1161 3204 1217 mutationem
3234 1162 3760 1237 afﬁngitis.Ecquis

2105 1263 2208 1303 vos
2242 1248 2395 1303 ultra
2421 1249 2568 1303 ferat
2600 1248 2719 1303 haec
2754 1249 2835 1304 vel
2897 1250 3152 1319 proferre
3209 1251 3426 1306 ausos?
3481 1251 3758 1308 Haeresim

2109 1336 2325 1408 quippe
2366 1353 2600 1392 omnem
2634 1338 2937 1408 impietate
2965 1339 3311 1410 superastis.
3346 1339 3404 1394 Si
3434 1341 3591 1398 enim
3626 1342 3757 1397 Ver-

2111 1426 2249 1480 bum
2281 1431 2372 1481 est
2399 1427 2625 1498 corpori
2656 1426 3179 1492 consubstantiale,
3230 1427 3528 1500 superﬂua
3587 1431 3760 1486 fuerit

2110 1515 2301 1571 Marias
2329 1515 2544 1570 mentio
2574 1520 2632 1571 et
2690 1515 3112 1582 ministerium,
3170 1533 3304 1570 cum
3361 1533 3572 1588 corpus
3623 1523 3757 1575 ante

2107 1605 2347 1660 Mariam
2405 1605 2477 1660 ab
2537 1616 2750 1660 aeterno
2795 1621 2923 1659 esse
2955 1604 3159 1675 possit,
3193 1609 3256 1659 ut
3285 1609 3374 1660 est
3402 1606 3597 1676 ipsum
3623 1606 3758 1663 Ver-

2109 1694 2287 1761 bum;
2323 1693 2370 1748 si
2400 1699 2620 1763 tamen,
2655 1699 2718 1749 ut
2750 1710 2847 1748 vos
2879 1693 3093 1760 dicitis,
3127 1694 3630 1752 consubstantiale
3672 1700 3763 1753 est

2107 1782 2356 1854 corpori.
2417 1785 2694 1848 Quaenam
2725 1781 2864 1837 item
2899 1782 3222 1838 necessitas
3254 1783 3425 1838 Verbi
3453 1785 3757 1854 adventus,

2107 1874 2172 1924 ut
2199 1869 2290 1925 vel
2322 1869 2464 1925 illud
2498 1871 2656 1941 quod
2689 1869 2803 1925 sibi
2837 1869 3339 1926 consubstantiale
3367 1878 3512 1942 erat,
3560 1873 3763 1930 indue-

2109 1964 2213 2028 ret,
2274 1958 2360 2014 vel
2411 1963 2701 2014 mutatum
2734 1976 2766 2014 a
2799 1959 3033 2030 propria
3061 1964 3288 2028 natura,
3323 1978 3535 2033 corpus
3566 1963 3760 2020 efﬁce-

2107 2049 2307 2104 retur?
2333 2049 2458 2103 Non
2491 2049 2646 2104 enim
2681 2048 2935 2119 seipsam
2969 2049 3155 2104 deitas
3184 2050 3455 2120 assumit,
3492 2056 3556 2106 ut
3603 2053 3759 2123 quod

2108 2138 2231 2212 sibi
2276 2138 2772 2194 consubstantiale
2822 2143 2911 2192 est
2944 2139 3167 2193 induat.
3199 2139 3302 2194 Sed
3339 2156 3526 2211 neque
3557 2158 3760 2212 pecca-

2107 2228 2188 2281 vit
2204 2201 2474 2282 ’νει-θοαὶ
2507 2229 2652 2296 quod
2683 2225 2931 2281 aliorum
2967 2232 3203 2298 peccata
3236 2201 3504 2298 redemit,
3539 2201 3603 2286 ut
3625 2247 3761 2286 mu-

2106 2321 2295 2372 tatum
2329 2317 2386 2370 in
2419 2333 2633 2387 corpus
2663 2316 2921 2387 seipsum
2957 2334 3059 2388 pro
3091 2317 3284 2389 seipso
3315 2319 3372 2372 in
3405 2320 3760 2377 sacriﬁcium

2107 2406 2358 2472 offerret,
2390 2422 2454 2461 ac
2485 2406 2746 2477 seipsum
2780 2405 3109 2461 redimeret.

2175 2496 2230 2550 5.
2261 2495 2370 2550 Sed
2405 2511 2518 2550 non
2546 2495 2628 2550 ita
2657 2511 2719 2550 se
2751 2511 2843 2550 res
2875 2495 3068 2563 habet,
3128 2495 3280 2552 absit
3313 2513 3326 2552 :
3361 2513 3516 2568 nam,
3574 2513 3761 2554 semen

2106 2583 2342 2639 Abrahz
2396 2583 2780 2655 apprehendit,
2825 2589 2889 2638 ut
2919 2584 3000 2638 ait
3030 2585 3365 2656 Apostolus,
3398 2586 3543 2642 unde
3571 2586 3759 2643 debuit

2101 2690 2199 2744 per
2227 2675 2416 2728 omnia
2444 2674 2714 2744 fratribus
2745 2674 2991 2728 similari
3017 2674 3106 2740 δν,
3128 2679 3184 2728 et
3214 2691 3424 2745 corpus
3455 2691 3758 2732 assumere

2105 2762 2269 2818 nobis
2301 2762 2516 2816 simile.
2549 2766 2863 2834 Propterea
2894 2762 3075 2833 igitur
3106 2763 3274 2818 adest
3306 2779 3435 2819 vere
3463 2764 3646 2819 Maria
3693 2770 3760 2820 ut

2103 2851 2174 2906 ab
2209 2866 2274 2906 ea
2304 2850 2448 2904 illud
2481 2855 2763 2916 assumat,
2793 2854 2847 2904 et
2883 2855 3158 2922 tanquam
3191 2852 3492 2922 proprium
3525 2869 3628 2922 pro
3661 2871 3755 2908 no-

2103 2939 2194 2995 bis
2226 2938 2369 2994 illud
2402 2939 2622 2995 oli'erat.
2660 2939 2942 3010 Illamque
2972 2939 3155 2995 Isaias
3185 2941 3423 3010 quidem
3474 2941 3755 2998 indicavit

2102 3030 2304 3084 dicens
2331 3029 2377 3063 ⁵³
2397 3046 2408 3083 :
2429 3030 2572 3084 Ecce
2602 3028 3011 3099 virgo,Gabriel
3041 3045 3174 3083 vero
3208 3029 3277 3084 ad
3312 3045 3441 3085 eam
3475 3029 3750 3100 mittitur,

2101 3135 2207 3174 nec
2237 3117 2584 3191 simpliciter
2617 3119 2766 3174 723
2799 3120 2868 3172 ad
2903 3116 3210 3190 virginem,
3246 3118 3344 3173 sed
3377 3118 3448 3174 ad
3476 3121 3752 3188 virginem

2101 3207 2479 3280 desponsatam
2507 3209 2623 3263 viro
2651 3207 2715 3262 “.
2751 3206 2822 3262 Ut
2849 3224 2917 3262 ex
2947 3206 3148 3279 sponsi
3180 3207 3475 3263 mentione
3523 3208 3752 3264 indica-

2105 3303 2190 3352 ret
2219 3298 2458 3352 Mariam
2486 3313 2615 3353 vere
2647 3295 2945 3352 hominem
2977 3300 3500 3368 esse.Partumque
3531 3312 3754 3353 memo-

2105 3392 2193 3441 rat
2249 3387 2570 3457 Scriptura,
2629 3391 2688 3441 et
2745 3386 2830 3441 ait
2864 3403 2876 3440 :
2908 3386 3124 3442 Pennis
3153 3402 3278 3441 eum
3310 3387 3539 3443 involvit
3567 3387 3611 3421 ³⁸
3642 3405 3655 3444 :
3689 3403 3755 3443 ao

2102 3476 2270 3531 beata
2303 3476 2771 3546 praedicabantur
2815 3475 2994 3530 ubera
3050 3474 3265 3546 quibus
3322 3475 3449 3547 ipse
3505 3476 3757 3532 Iactatus

2101 3571 2190 3620 est
2220 3566 2282 3633 ‘6,
2315 3571 2374 3620 et
2403 3565 2570 3636 quasi
2605 3569 2770 3636 partu
2805 3563 3036 3619 vulvam
3067 3563 3443 3636 adaperiente
3493 3564 3756 3620 oblatum

2101 3659 2188 3709 est
2217 3653 2570 3708 sacriﬁcium
2603 3654 2645 3688 ⁵⁷
2679 3670 2692 3707 :
2729 3653 2850 3708 haec
2882 3657 3075 3707 autem
3110 3652 3308 3707 omnia
3338 3653 3617 3723 parientis
3642 3653 3760 3710 Vir-

2101 3742 2255 3813 ginis
2313 3747 2481 3796 erant
2538 3741 2779 3796 indicia.
2843 3741 2910 3794 Et
2961 3740 3193 3796 Gabriel
3225 3741 3460 3811 quidem
3494 3746 3662 3797 caute
3692 3759 3758 3799 ac

2101 3831 2418 3901 prudenter
2446 3828 2838 3884 annuntiabat
2866 3827 3356 3895 illidicend0,non
3390 3829 3757 3900 simpliciter,

2101 3919 2253 3990 quod
2289 3921 2429 3974 inte
2481 3922 2776 3988 nascetur,
2833 3933 2905 3972 ne
2957 3916 3320 3972 extrinsecus
3377 3933 3591 3990 corpus
3647 3917 3760 3990 ipsi

2098 4007 2408 4062 inductum
2469 4011 2792 4079 putaretur,
2826 4007 2948 4076 sed,
3006 4023 3079 4061 ea:
3108 4014 3159 4062 te
3185 4005 3250 4073 ⁵⁸,
3287 4009 3350 4060 ut
3379 4007 3533 4078 quod
3565 4006 3763 4079 gigne-

2100 4097 2274 4152 batur
2302 4101 2492 4151 ortum
2526 4112 2595 4150 ex
2626 4095 2722 4150 illa
2754 4095 2992 4150 duxisse
3022 4095 3377 4165 crederetur,
3405 4094 3622 4166 liquido
3654 4095 3764 4151 hoc

2101 4186 2296 4256 ipsum
2330 4190 2540 4240 natura
2588 4185 3047 4250 demonstrante,
3103 4199 3336 4254 nempe,
3397 4183 3764 4255 impossibile

2102 4291 2231 4330 esse
2262 4273 2560 4345 Virginem
2593 4274 2738 4328 citra
2769 4277 2999 4344 partum
3033 4272 3120 4327 lac
3151 4271 3366 4327 habere
3421 4289 3434 4328 :
3486 4273 3762 4345 impossi-

2102 4363 2216 4419 bile
2274 4364 2412 4419 item
2473 4379 2603 4418 esse
2648 4361 2796 4416 lacte
2825 4360 3034 4416 nutriri
3068 4365 3126 4416 et
3158 4361 3368 4433 pannis
3400 4360 3613 4419 involvi
3639 4379 3764 4419 cor-

2102 4469 2234 4524 pus,
2268 4453 2424 4524 quod
2464 4452 2725 4507 nondum
2762 4449 3014 4506 naturali
3049 4455 3220 4522 partu
3254 4449 3331 4506 sit
3359 4450 3763 4508 editum.Illud

2103 4543 2299 4614 ipsum
2331 4557 2542 4612 corpus
2574 4545 2774 4595 octavo
2807 4540 2900 4595 die
2931 4540 3344 4595 circumcisum
3380 4544 3492 4608 est,
3526 4541 3681 4597 idem
3731 4557 3767 4597 a

2103 4633 2375 4687 Simeone
2405 4629 2465 4684 in
2500 4628 2668 4683 ulnas
2703 4633 3067 4700 susceptum,
3102 4629 3358 4700 idipsum
3390 4645 3536 4700 puer
3559 4628 3764 4698 evasit,

2106 4719 2302 4787 crevit,
2362 4718 2789 4788 duodecimque
2820 4733 3109 4773 annorum
3144 4716 3363 4773 factum
3397 4725 3483 4773 est
3511 4717 3574 4785 ‘9,
3601 4721 3660 4773 et
3689 4717 3762 4773 ad

2774 4873 2818 4910 ⁸⁸
2851 4875 2984 4930 Luc.
3018 4891 3098 4941 xx,
3128 4875 3218 4929 27.

2262 4877 2306 4912 ⁵⁵
2338 4877 2476 4932 Luc.
2513 4891 2572 4942 ιι,
2607 4876 2660 4928 7.
2774 4873 2818 4910 ⁸⁸
2851 4875 2984 4930 Luc.
3018 4891 3098 4941 xx,
3128 4875 3218 4929 27.
3332 4874 3373 4908 ⁸⁷
3406 4873 3546 4928 Luc.
3581 4889 3644 4943 ιι,
3675 4873 3747 4929 23

2109 5112 2283 5180 Editi,
2318 5109 2468 5165 male
2499 5111 2764 5182 τραπεῖσα
2794 5105 2922 5182 πρέό.

2182 5125 2283 5180 liti,
2318 5125 2468 5165 male
2499 5127 2764 5182 τραπεισα
2794 5125 2942 5233 πίο..

2182 5185 2292 5254 (24)
2321 5184 2417 5254 Sic
2442 5180 2786 5254 Seguerian.
2863 5177 3075 5249 ‘piph.,
3109 5182 3167 5254 et
3197 5177 3275 5232 ita
3304 5178 3444 5254 legit
3472 5177 3759 5254 Iﬁannius.

2109 5248 2361 5314 Ed‘itiai‘c
2393 5248 2580 5325 σάρκα.
2618 5248 3158 5325 Μοχβοεζίυιιινη-είς
3221 5248 3427 5325 θυσίαν,
3490 5251 3550 5306 In
3604 5249 3758 5320 aliis,

2112 5326 2184 5387 εἷς
2217 5328 2396 5380 deest.
2431 5319 2605 5387 Infra,
2641 5319 2778 5374 κατά
2807 5319 2998 5387 πάντα,
3033 5321 3195 5391 deest
3225 5321 3283 5376 in
3317 5323 3556 5391 Seguer.

2201 5400 2295 5465 25)
2325 5396 2528 5466 Epiph.
2564 5399 2620 5466 et
2649 5390 3102 5466 Seguer..inp6c,
3136 5393 3235 5448 sed
3279 5390 3442 5448 deest
3473 5394 3531 5448 in
3562 5391 3757 5466 editis.

2201 5463 2288 5529 26)
2320 5463 2547 5522 Gobler.
2585 5465 2776 5520 Felck.
2809 5467 2863 5531 4,
2913 5463 3174 5536 Seguer.,
3226 5466 3553 5536 μνήστορος.
3610 5463 3762 5518 Editi

2111 5545 2168 5595 et
2188 5535 2313 5608 alii,
2351 5542 2683 5610 μνηστῆροςο
2718 5540 2849 5610 M0x_
2874 5536 3038 5610 editi,
3070 5535 3294 5610 Attila},
3321 5539 3416 5589 τοῦ
3467 5535 3666 5610 τίκτειν
3699 5536 3760 5590 in

2110 5605 2317 5683 Epiph.
2352 5605 2410 5666 et
2437 5605 2496 5665 in
2527 5605 2793 5683 Seguer.,
2829 5605 2912 5661 διό
2945 5609 3128 5664 deest.
3161 5608 3337 5665 Paulo
3369 5616 3504 5682 post
3525 5606 3760 5666 Gobler.

2111 5678 2176 5739 et
2195 5678 2384 5740 Felck.
2421 5683 2474 5750 1,
2508 5681 2560 5737 0i.
2593 5678 2804 5756 μαστοί.
