  <div class='ocr_page' id='page_1' title='image "/cluster/home/n/w/nwhite01/storage/ocr_20150623/26/hvd.32044019208479/603.png"; bbox 0 0 4048 6512; ppageno 0'>
   <div class='ocr_carea' id='block_1_1' title="bbox 521 490 669 554">
    <p class='ocr_par' dir='ltr' id='par_1_1' title="bbox 521 490 669 554">
     <span class='ocr_line' id='line_1_1' title="bbox 521 490 669 554; baseline -0.007 -6"><span class='ocrx_word' id='word_1_1' title='bbox 521 490 542 548; x_wconf 83' lang='grc'><strong>1</strong></span> <span class='ocrx_word' id='word_1_2' title='bbox 555 491 669 554; x_wconf 78' lang='lat'><strong>067</strong></span> 
     </span>
    </p>
   </div>
   <div class='ocr_carea' id='block_1_2' title="bbox 1060 485 3396 554">
    <p class='ocr_par' dir='ltr' id='par_1_2' title="bbox 1060 485 3396 554">
     <span class='ocr_line' id='line_1_2' title="bbox 1060 485 3396 554; baseline 0.002 -6"><span class='ocrx_word' id='word_1_3' title='bbox 1060 486 1127 548; x_wconf 87' lang='lat' dir='ltr'><strong>S.</strong></span> <span class='ocrx_word' id='word_1_4' title='bbox 1171 486 1598 548; x_wconf 68' lang='lat' dir='ltr'><strong>A&#39;I’HANASII</strong></span> <span class='ocrx_word' id='word_1_5' title='bbox 1648 486 1800 546; x_wconf 69' lang='lat' dir='ltr'><strong>(lPP</strong></span> <span class='ocrx_word' id='word_1_6' title='bbox 1868 486 2068 547; x_wconf 69' lang='lat' dir='ltr'><strong>PARS</strong></span> <span class='ocrx_word' id='word_1_7' title='bbox 2117 485 2162 550; x_wconf 87' lang='grc' dir='ltr'>Ι.</span> <span class='ocrx_word' id='word_1_8' title='bbox 2200 522 2274 534; x_wconf 87' lang='grc'><strong>-</strong></span> <span class='ocrx_word' id='word_1_9' title='bbox 2307 487 2724 550; x_wconf 81' lang='lat' dir='ltr'><strong>HISTORICA</strong></span> <span class='ocrx_word' id='word_1_10' title='bbox 2769 487 2870 550; x_wconf 84' lang='lat' dir='ltr'><strong>ET</strong></span> <span class='ocrx_word' id='word_1_11' title='bbox 2913 490 3396 554; x_wconf 78' lang='lat' dir='ltr'><strong>DOGMATICA.</strong></span> 
     </span>
    </p>
   </div>
   <div class='ocr_carea' id='block_1_3' title="bbox 3767 494 3894 555">
    <p class='ocr_par' dir='ltr' id='par_1_3' title="bbox 3767 494 3894 555">
     <span class='ocr_line' id='line_1_3' title="bbox 3767 494 3894 555; baseline 0.016 -1"><span class='ocrx_word' id='word_1_12' title='bbox 3767 494 3894 555; x_wconf 85' lang='lat'><strong>1068</strong></span> 
     </span>
    </p>
   </div>
   <div class='ocr_carea' id='block_1_4' title="bbox 515 616 2133 702">
    <p class='ocr_par' dir='ltr' id='par_1_4' title="bbox 515 617 2133 690">
     <span class='ocr_line' id='line_1_4' title="bbox 515 617 2133 690; baseline -0.002 -14"><span class='ocrx_word' id='word_1_13' title='bbox 515 621 856 678; x_wconf 83' lang='lat' dir='ltr'><strong>vulneribus</strong></span> <span class='ocrx_word' id='word_1_14' title='bbox 887 619 1223 676; x_wconf 80' lang='lat' dir='ltr'><strong>confossum</strong></span> <span class='ocrx_word' id='word_1_15' title='bbox 1251 617 1600 690; x_wconf 80' lang='lat' dir='ltr'><strong>patiebatur,</strong></span> <span class='ocrx_word' id='word_1_16' title='bbox 1623 623 1679 674; x_wconf 93' lang='lat' dir='ltr'><strong>et</strong></span> <span class='ocrx_word' id='word_1_17' title='bbox 1711 619 1782 674; x_wconf 88' lang='lat' dir='ltr'><strong>ab</strong></span> <span class='ocrx_word' id='word_1_18' title='bbox 1817 620 1946 690; x_wconf 86' lang='lat' dir='ltr'><strong>ejus</strong></span> <span class='ocrx_word' id='word_1_19' title='bbox 1981 618 2133 674; x_wconf 51' lang='lat' dir='ltr'><strong>lateri</strong></span> 
     </span>
    </p>
   </div>
   <div class='ocr_carea' id='block_1_5' title="bbox 2257 616 3894 702">
    <p class='ocr_par' dir='ltr' id='par_1_5' title="bbox 2276 616 3894 702">
     <span class='ocr_line' id='line_1_5' title="bbox 2276 616 3894 702; baseline 0.006 -30"><span class='ocrx_word' id='word_1_20' title='bbox 2276 618 2365 672; x_wconf 84' lang='grc' dir='ltr'>καί</span> <span class='ocrx_word' id='word_1_21' title='bbox 2394 616 2543 692; x_wconf 77' lang='grc' dir='ltr'>ὕδωρ</span> <span class='ocrx_word' id='word_1_22' title='bbox 2583 663 2596 677; x_wconf 90' lang='grc'><strong>.</strong></span> <span class='ocrx_word' id='word_1_23' title='bbox 2629 622 2756 680; x_wconf 87' lang='grc' dir='ltr'>ναός</span> <span class='ocrx_word' id='word_1_24' title='bbox 2785 617 2842 674; x_wconf 71' lang='grc' dir='ltr'><strong>δὲ</strong></span> <span class='ocrx_word' id='word_1_25' title='bbox 2869 623 2966 674; x_wconf 77' lang='grc' dir='ltr'><strong>τοῦ</strong></span> <span class='ocrx_word' id='word_1_26' title='bbox 2992 616 3172 697; x_wconf 84' lang='grc' dir='ltr'>Λόγου</span> <span class='ocrx_word' id='word_1_27' title='bbox 3225 623 3520 697; x_wconf 82' lang='grc' dir='ltr'><strong>τυγχάνον,</strong></span> <span class='ocrx_word' id='word_1_28' title='bbox 3551 623 3894 702; x_wconf 72' lang='grc' dir='ltr'>πεπληρωμέο</span> 
     </span>
    </p>
   </div>
   <div class='ocr_carea' id='block_1_6' title="bbox 522 707 2158 784">
    <p class='ocr_par' dir='ltr' id='par_1_6' title="bbox 522 707 2158 784">
     <span class='ocr_line' id='line_1_6' title="bbox 522 707 2158 784; baseline -0.003 -17"><span class='ocrx_word' id='word_1_29' title='bbox 522 710 766 784; x_wconf 84' lang='lat' dir='ltr'><strong>sanguis</strong></span> <span class='ocrx_word' id='word_1_30' title='bbox 796 716 852 766; x_wconf 90' lang='lat' dir='ltr'><strong>et</strong></span> <span class='ocrx_word' id='word_1_31' title='bbox 880 725 1033 782; x_wconf 89' lang='lat' dir='ltr'><strong>aqua</strong></span> <span class='ocrx_word' id='word_1_32' title='bbox 1063 707 1510 763; x_wconf 85' lang='lat' dir='ltr'><strong>manabat.Cum</strong></span> <span class='ocrx_word' id='word_1_33' title='bbox 1533 711 1724 763; x_wconf 89' lang='lat' dir='ltr'><strong>autem</strong></span> <span class='ocrx_word' id='word_1_34' title='bbox 1749 707 1849 762; x_wconf 91' lang='lat' dir='ltr'><strong>Dei</strong></span> <span class='ocrx_word' id='word_1_35' title='bbox 1872 707 2158 780; x_wconf 79' lang='lat' dir='ltr'><strong>templum</strong></span> 
     </span>
    </p>
   </div>
   <div class='ocr_carea' id='block_1_7' title="bbox 516 796 2157 872">
    <p class='ocr_par' dir='ltr' id='par_1_7' title="bbox 516 796 2157 872">
     <span class='ocr_line' id='line_1_7' title="bbox 516 796 2157 872; baseline -0.003 -15"><span class='ocrx_word' id='word_1_36' title='bbox 516 805 699 872; x_wconf 80' lang='lat' dir='ltr'><strong>esset,</strong></span> <span class='ocrx_word' id='word_1_37' title='bbox 731 799 948 856; x_wconf 85' lang='lat' dir='ltr'><strong>deitate</strong></span> <span class='ocrx_word' id='word_1_38' title='bbox 999 798 1283 870; x_wconf 80' lang='lat' dir='ltr'><strong>repletum</strong></span> <span class='ocrx_word' id='word_1_39' title='bbox 1316 802 1460 852; x_wconf 82' lang='lat' dir='ltr'><strong>erat.</strong></span> <span class='ocrx_word' id='word_1_40' title='bbox 1493 797 1769 861; x_wconf 80' lang='lat' dir='ltr'><strong>Quocirca</strong></span> <span class='ocrx_word' id='word_1_41' title='bbox 1801 797 1886 853; x_wconf 87' lang='lat' dir='ltr'><strong>sol</strong></span> <span class='ocrx_word' id='word_1_42' title='bbox 1923 796 2157 869; x_wconf 85' lang='lat' dir='ltr'><strong>quidem</strong></span> 
     </span>
    </p>
   </div>
   <div class='ocr_carea' id='block_1_8' title="bbox 513 887 2160 961">
    <p class='ocr_par' dir='ltr' id='par_1_8' title="bbox 513 887 2160 961">
     <span class='ocr_line' id='line_1_8' title="bbox 513 887 2160 961; baseline -0.002 -14"><span class='ocrx_word' id='word_1_43' title='bbox 513 907 645 948; x_wconf 87' lang='lat' dir='ltr'><strong>eum</strong></span> <span class='ocrx_word' id='word_1_44' title='bbox 677 894 1002 947; x_wconf 80' lang='lat' dir='ltr'><strong>Creatorem</strong></span> <span class='ocrx_word' id='word_1_45' title='bbox 1035 906 1210 946; x_wconf 88' lang='lat' dir='ltr'><strong>suum</strong></span> <span class='ocrx_word' id='word_1_46' title='bbox 1243 887 1301 943; x_wconf 91' lang='lat' dir='ltr'><strong>in</strong></span> <span class='ocrx_word' id='word_1_47' title='bbox 1336 905 1576 961; x_wconf 81' lang='lat' dir='ltr'><strong>corpore</strong></span> <span class='ocrx_word' id='word_1_48' title='bbox 1602 887 1977 945; x_wconf 83' lang='lat' dir='ltr'><strong>contumeliis</strong></span> <span class='ocrx_word' id='word_1_49' title='bbox 2018 888 2160 945; x_wconf 83' lang='lat' dir='ltr'><strong>aﬂ&#39;e-</strong></span> 
     </span>
    </p>
   </div>
   <div class='ocr_carea' id='block_1_9' title="bbox 2271 707 3891 788">
    <p class='ocr_par' dir='ltr' id='par_1_9' title="bbox 2271 707 3891 788">
     <span class='ocr_line' id='line_1_9' title="bbox 2271 707 3891 788; baseline 0.009 -30"><span class='ocrx_word' id='word_1_50' title='bbox 2271 728 2360 762; x_wconf 83' lang='lat' dir='ltr'><strong>vov</strong></span> <span class='ocrx_word' id='word_1_51' title='bbox 2392 707 2459 776; x_wconf 73' lang='grc' dir='ltr'>ἦν</span> <span class='ocrx_word' id='word_1_52' title='bbox 2507 712 2606 780; x_wconf 71' lang='grc' dir='ltr'><strong>τῆς</strong></span> <span class='ocrx_word' id='word_1_53' title='bbox 2659 710 2935 780; x_wconf 86' lang='grc' dir='ltr'>θεότητος.</span> <span class='ocrx_word' id='word_1_54' title='bbox 2981 707 3078 764; x_wconf 84' lang='grc' dir='ltr'><strong>Διᾶ</strong></span> <span class='ocrx_word' id='word_1_55' title='bbox 3117 709 3280 767; x_wconf 75' lang='grc' dir='ltr'><strong>τοῦτο</strong></span> <span class='ocrx_word' id='word_1_56' title='bbox 3327 717 3457 788; x_wconf 80' lang='grc' dir='ltr'>γοῦν</span> <span class='ocrx_word' id='word_1_57' title='bbox 3503 713 3532 768; x_wconf 91' lang='lat'><strong>6</strong></span> <span class='ocrx_word' id='word_1_58' title='bbox 3585 713 3682 788; x_wconf 78' lang='grc' dir='ltr'>μὶν</span> <span class='ocrx_word' id='word_1_59' title='bbox 3735 714 3891 785; x_wconf 70' lang='grc' dir='ltr'>ἥλιος,</span> 
     </span>
    </p>
   </div>
   <div class='ocr_carea' id='block_1_10' title="bbox 2271 796 3892 880">
    <p class='ocr_par' dir='ltr' id='par_1_10' title="bbox 2271 796 3892 880">
     <span class='ocr_line' id='line_1_10' title="bbox 2271 796 3892 880; baseline 0.007 -32"><span class='ocrx_word' id='word_1_60' title='bbox 2271 796 2410 868; x_wconf 80' lang='grc' dir='ltr'>ὁρῶν</span> <span class='ocrx_word' id='word_1_61' title='bbox 2441 797 2532 852; x_wconf 87' lang='grc' dir='ltr'><strong>τὸν</strong></span> <span class='ocrx_word' id='word_1_62' title='bbox 2581 796 2921 874; x_wconf 83' lang='grc' dir='ltr'>δημιουργὸν</span> <span class='ocrx_word' id='word_1_63' title='bbox 2965 799 3155 854; x_wconf 67' lang='grc' dir='ltr'>ἑαυτοῦ</span> <span class='ocrx_word' id='word_1_64' title='bbox 3182 803 3292 871; x_wconf 86' lang='grc'>(62)</span> <span class='ocrx_word' id='word_1_65' title='bbox 3336 800 3387 856; x_wconf 79' lang='grc' dir='ltr'><strong>ἐν</strong></span> <span class='ocrx_word' id='word_1_66' title='bbox 3445 807 3526 876; x_wconf 84' lang='grc' dir='ltr'><strong>τῷ</strong></span> <span class='ocrx_word' id='word_1_67' title='bbox 3575 798 3892 880; x_wconf 77' lang='grc' dir='ltr'>ὀϐριζομένῳ</span> 
     </span>
    </p>
   </div>
   <div class='ocr_carea' id='block_1_11' title="bbox 2269 885 3890 965">
    <p class='ocr_par' dir='ltr' id='par_1_11' title="bbox 2269 885 3890 965">
     <span class='ocr_line' id='line_1_11' title="bbox 2269 885 3890 965; baseline 0.007 -25"><span class='ocrx_word' id='word_1_68' title='bbox 2269 885 2480 959; x_wconf 85' lang='grc' dir='ltr'>σώματι</span> <span class='ocrx_word' id='word_1_69' title='bbox 2549 887 2904 964; x_wconf 81' lang='grc' dir='ltr'>ἀνεχόμενον,</span> <span class='ocrx_word' id='word_1_70' title='bbox 2971 889 3069 951; x_wconf 82' lang='grc' dir='ltr'><strong>τὰς</strong></span> <span class='ocrx_word' id='word_1_71' title='bbox 3141 887 3360 953; x_wconf 83' lang='grc' dir='ltr'>ἀκτῖνας</span> <span class='ocrx_word' id='word_1_72' title='bbox 3435 892 3756 965; x_wconf 74' lang='grc' dir='ltr'><strong>συνέστειλε,</strong></span> <span class='ocrx_word' id='word_1_73' title='bbox 3813 895 3890 950; x_wconf 82' lang='grc' dir='ltr'><strong>καὶ</strong></span> 
     </span>
    </p>
   </div>
   <div class='ocr_carea' id='block_1_12' title="bbox 513 973 2133 1060">
    <p class='ocr_par' dir='ltr' id='par_1_12' title="bbox 513 978 2133 1049">
     <span class='ocr_line' id='line_1_12' title="bbox 513 978 2133 1049; baseline -0.004 -13"><span class='ocrx_word' id='word_1_74' title='bbox 513 985 604 1036; x_wconf 88' lang='lat' dir='ltr'><strong>eto</strong></span> <span class='ocrx_word' id='word_1_75' title='bbox 635 979 976 1038; x_wconf 77' lang='lat' dir='ltr'><strong>tolerantem</strong></span> <span class='ocrx_word' id='word_1_76' title='bbox 1008 979 1249 1047; x_wconf 89' lang='lat' dir='ltr'><strong>videret,</strong></span> <span class='ocrx_word' id='word_1_77' title='bbox 1284 978 1478 1034; x_wconf 86' lang='lat' dir='ltr'><strong>radios</strong></span> <span class='ocrx_word' id='word_1_78' title='bbox 1511 979 2133 1049; x_wconf 65' lang='lat' dir='ltr'><strong>eontraxit,terramqu«</strong></span> 
     </span>
    </p>
   </div>
   <div class='ocr_carea' id='block_1_13' title="bbox 2257 973 3890 1060">
    <p class='ocr_par' dir='ltr' id='par_1_13' title="bbox 2267 973 3890 1060">
     <span class='ocr_line' id='line_1_13' title="bbox 2267 973 3890 1060; baseline 0.006 -30"><span class='ocrx_word' id='word_1_79' title='bbox 2267 973 2508 1032; x_wconf 79' lang='grc' dir='ltr'>ἐσκότισε</span> <span class='ocrx_word' id='word_1_80' title='bbox 2536 978 2636 1046; x_wconf 78' lang='grc' dir='ltr'>τὴν</span> <span class='ocrx_word' id='word_1_81' title='bbox 2663 980 2766 1055; x_wconf 73' lang='grc' dir='ltr'><strong>γῆν</strong></span> <span class='ocrx_word' id='word_1_82' title='bbox 2803 997 2816 1009; x_wconf 75' lang='grc' dir='ltr'><strong>ο</strong></span> <span class='ocrx_word' id='word_1_83' title='bbox 2840 977 2974 1033; x_wconf 81' lang='grc' dir='ltr'>αὐτὸ</span> <span class='ocrx_word' id='word_1_84' title='bbox 3020 974 3076 1032; x_wconf 81' lang='grc' dir='ltr'><strong>δὶ</strong></span> <span class='ocrx_word' id='word_1_85' title='bbox 3120 979 3182 1033; x_wconf 86' lang='grc' dir='ltr'><strong>τὸ</strong></span> <span class='ocrx_word' id='word_1_86' title='bbox 3232 983 3412 1054; x_wconf 83' lang='grc' dir='ltr'>σῶμα,</span> <span class='ocrx_word' id='word_1_87' title='bbox 3445 983 3602 1060; x_wconf 75' lang='grc' dir='ltr'>φύσιν</span> <span class='ocrx_word' id='word_1_88' title='bbox 3625 981 3748 1060; x_wconf 81' lang='grc' dir='ltr'>ἔχον</span> <span class='ocrx_word' id='word_1_89' title='bbox 3775 985 3890 1056; x_wconf 70' lang='grc' dir='ltr'>θνηο</span> 
     </span>
    </p>
   </div>
   <div class='ocr_carea' id='block_1_14' title="bbox 512 1067 2155 1142">
    <p class='ocr_par' dir='ltr' id='par_1_14' title="bbox 512 1067 2155 1142">
     <span class='ocr_line' id='line_1_14' title="bbox 512 1067 2155 1142; baseline -0.002 -16"><span class='ocrx_word' id='word_1_90' title='bbox 512 1071 769 1128; x_wconf 79' lang='lat' dir='ltr'><strong>tenebris</strong></span> <span class='ocrx_word' id='word_1_91' title='bbox 797 1069 1026 1127; x_wconf 81' lang='lat' dir='ltr'><strong>oti&#39;udit.</strong></span> <span class='ocrx_word' id='word_1_92' title='bbox 1064 1070 1262 1142; x_wconf 87' lang='lat' dir='ltr'><strong>Ipsum</strong></span> <span class='ocrx_word' id='word_1_93' title='bbox 1295 1084 1426 1124; x_wconf 92' lang='lat' dir='ltr'><strong>vero</strong></span> <span class='ocrx_word' id='word_1_94' title='bbox 1457 1085 1670 1140; x_wconf 89' lang='lat' dir='ltr'><strong>corpus</strong></span> <span class='ocrx_word' id='word_1_95' title='bbox 1705 1072 1913 1122; x_wconf 87' lang='lat' dir='ltr'><strong>natura</strong></span> <span class='ocrx_word' id='word_1_96' title='bbox 1951 1067 2155 1140; x_wconf 68' lang='lat' dir='ltr'><strong>praedi-</strong></span> 
     </span>
    </p>
   </div>
   <div class='ocr_carea' id='block_1_15' title="bbox 509 1157 2150 1231">
    <p class='ocr_par' dir='ltr' id='par_1_15' title="bbox 509 1157 2150 1231">
     <span class='ocr_line' id='line_1_15' title="bbox 509 1157 2150 1231; baseline -0.002 -14"><span class='ocrx_word' id='word_1_97' title='bbox 509 1166 635 1217; x_wconf 90' lang='lat' dir='ltr'><strong>tum</strong></span> <span class='ocrx_word' id='word_1_98' title='bbox 669 1159 923 1228; x_wconf 76' lang='lat' dir='ltr'><strong>mortali,</strong></span> <span class='ocrx_word' id='word_1_99' title='bbox 955 1176 1133 1231; x_wconf 81' lang='lat' dir='ltr'><strong>supra</strong></span> <span class='ocrx_word' id='word_1_100' title='bbox 1159 1175 1328 1213; x_wconf 90' lang='lat' dir='ltr'><strong>suam</strong></span> <span class='ocrx_word' id='word_1_101' title='bbox 1349 1163 1616 1213; x_wconf 90' lang='lat' dir='ltr'><strong>naturam</strong></span> <span class='ocrx_word' id='word_1_102' title='bbox 1642 1162 1877 1230; x_wconf 79' lang='lat' dir='ltr'><strong>propter</strong></span> <span class='ocrx_word' id='word_1_103' title='bbox 1896 1157 2150 1213; x_wconf 85' lang='lat' dir='ltr'><strong>Verbum</strong></span> 
     </span>
    </p>
   </div>
   <div class='ocr_carea' id='block_1_16' title="bbox 508 1246 2149 1324">
    <p class='ocr_par' dir='ltr' id='par_1_16' title="bbox 508 1246 2149 1324">
     <span class='ocr_line' id='line_1_16' title="bbox 508 1246 2149 1324; baseline -0.004 -16"><span class='ocrx_word' id='word_1_104' title='bbox 508 1251 748 1324; x_wconf 88' lang='lat' dir='ltr'><strong>quodin</strong></span> <span class='ocrx_word' id='word_1_105' title='bbox 798 1250 926 1324; x_wconf 90' lang='lat' dir='ltr'><strong>ipso</strong></span> <span class='ocrx_word' id='word_1_106' title='bbox 973 1259 1118 1318; x_wconf 89' lang='lat' dir='ltr'><strong>erat,</strong></span> <span class='ocrx_word' id='word_1_107' title='bbox 1152 1246 1503 1304; x_wconf 85' lang='lat' dir='ltr'><strong>resurrexit:</strong></span> <span class='ocrx_word' id='word_1_108' title='bbox 1535 1251 1592 1303; x_wconf 91' lang='lat' dir='ltr'><strong>et</strong></span> <span class='ocrx_word' id='word_1_109' title='bbox 1649 1247 1850 1303; x_wconf 87' lang='lat' dir='ltr'><strong>amisit</strong></span> <span class='ocrx_word' id='word_1_110' title='bbox 1910 1247 2149 1319; x_wconf 78' lang='lat' dir='ltr'><strong>quidem</strong></span> 
     </span>
    </p>
   </div>
   <div class='ocr_carea' id='block_1_17' title="bbox 504 1335 2149 1410">
    <p class='ocr_par' dir='ltr' id='par_1_17' title="bbox 504 1335 2149 1410">
     <span class='ocr_line' id='line_1_17' title="bbox 504 1335 2149 1410; baseline -0.004 -13"><span class='ocrx_word' id='word_1_111' title='bbox 504 1341 832 1398; x_wconf 82' lang='lat' dir='ltr'><strong>naturalem</strong></span> <span class='ocrx_word' id='word_1_112' title='bbox 866 1357 1036 1397; x_wconf 88' lang='lat' dir='ltr'><strong>suam</strong></span> <span class='ocrx_word' id='word_1_113' title='bbox 1068 1335 1617 1410; x_wconf 87' lang='lat' dir='ltr'><strong>corruptibilitatem</strong></span> <span class='ocrx_word' id='word_1_114' title='bbox 1653 1353 1666 1390; x_wconf 91' lang='lat'><strong>:</strong></span> <span class='ocrx_word' id='word_1_115' title='bbox 1727 1336 1932 1392; x_wconf 90' lang='lat' dir='ltr'><strong>induto</strong></span> <span class='ocrx_word' id='word_1_116' title='bbox 1953 1341 2149 1392; x_wconf 80' lang='lat' dir='ltr'><strong>autem</strong></span> 
     </span>
    </p>
   </div>
   <div class='ocr_carea' id='block_1_18' title="bbox 501 1425 2148 1503">
    <p class='ocr_par' dir='ltr' id='par_1_18' title="bbox 501 1425 2148 1503">
     <span class='ocr_line' id='line_1_18' title="bbox 501 1425 2148 1503; baseline -0.003 -16"><span class='ocrx_word' id='word_1_117' title='bbox 501 1431 659 1502; x_wconf 90' lang='lat' dir='ltr'><strong>quod</strong></span> <span class='ocrx_word' id='word_1_118' title='bbox 689 1446 870 1503; x_wconf 88' lang='lat' dir='ltr'><strong>supra</strong></span> <span class='ocrx_word' id='word_1_119' title='bbox 895 1428 1190 1485; x_wconf 84' lang='lat' dir='ltr'><strong>hominem</strong></span> <span class='ocrx_word' id='word_1_120' title='bbox 1221 1431 1344 1482; x_wconf 88' lang='lat' dir='ltr'><strong>erat</strong></span> <span class='ocrx_word' id='word_1_121' title='bbox 1371 1425 1576 1494; x_wconf 85' lang='lat' dir='ltr'><strong>Verbo,</strong></span> <span class='ocrx_word' id='word_1_122' title='bbox 1601 1425 2042 1498; x_wconf 86' lang='lat' dir='ltr'><strong>incorruptibile</strong></span> <span class='ocrx_word' id='word_1_123' title='bbox 2066 1427 2148 1482; x_wconf 81' lang='lat' dir='ltr'><strong>fa-</strong></span> 
     </span>
    </p>
   </div>
   <div class='ocr_carea' id='block_1_19' title="bbox 498 1524 800 1576">
    <p class='ocr_par' dir='ltr' id='par_1_19' title="bbox 498 1524 800 1576">
     <span class='ocr_line' id='line_1_19' title="bbox 498 1524 800 1576; baseline -0.007 0"><span class='ocrx_word' id='word_1_124' title='bbox 498 1524 658 1576; x_wconf 86' lang='lat' dir='ltr'><strong>ctum</strong></span> <span class='ocrx_word' id='word_1_125' title='bbox 689 1525 800 1575; x_wconf 89' lang='lat' dir='ltr'><strong>est.</strong></span> 
     </span>
    </p>
   </div>
   <div class='ocr_carea' id='block_1_20' title="bbox 570 1603 2145 1673">
    <p class='ocr_par' dir='ltr' id='par_1_20' title="bbox 570 1603 2145 1673">
     <span class='ocr_line' id='line_1_20' title="bbox 570 1603 2145 1673; baseline -0.004 -8"><span class='ocrx_word' id='word_1_126' title='bbox 570 1611 654 1665; x_wconf 92' lang='lat'><strong>11.</strong></span> <span class='ocrx_word' id='word_1_127' title='bbox 690 1607 852 1673; x_wconf 87' lang='lat' dir='ltr'><strong>Quod</strong></span> <span class='ocrx_word' id='word_1_128' title='bbox 885 1623 1018 1663; x_wconf 82' lang='lat' dir='ltr'><strong>vero</strong></span> <span class='ocrx_word' id='word_1_129' title='bbox 1053 1604 1315 1662; x_wconf 88' lang='lat' dir='ltr'><strong>nonnulli</strong></span> <span class='ocrx_word' id='word_1_130' title='bbox 1378 1603 1912 1660; x_wconf 87' lang='lat' dir='ltr'><strong>comminiscuntur</strong></span> <span class='ocrx_word' id='word_1_131' title='bbox 1945 1609 2002 1659; x_wconf 90' lang='lat' dir='ltr'><strong>et.</strong></span> <span class='ocrx_word' id='word_1_132' title='bbox 2057 1605 2145 1660; x_wconf 88' lang='lat' dir='ltr'><strong>di-</strong></span> 
     </span>
    </p>
   </div>
   <div class='ocr_carea' id='block_1_21' title="bbox 498 1693 2143 1772">
    <p class='ocr_par' dir='ltr' id='par_1_21' title="bbox 498 1693 2143 1772">
     <span class='ocr_line' id='line_1_21' title="bbox 498 1693 2143 1772; baseline -0.004 -15"><span class='ocrx_word' id='word_1_133' title='bbox 498 1696 1167 1772; x_wconf 84' lang='lat' dir='ltr'><strong>cuntzquemadmodum</strong></span> <span class='ocrx_word' id='word_1_134' title='bbox 1200 1694 1257 1750; x_wconf 90' lang='lat' dir='ltr'><strong>in</strong></span> <span class='ocrx_word' id='word_1_135' title='bbox 1275 1693 1540 1767; x_wconf 85' lang='lat' dir='ltr'><strong>singulos</strong></span> <span class='ocrx_word' id='word_1_136' title='bbox 1575 1693 1858 1766; x_wconf 82' lang='lat' dir='ltr'><strong>propheta</strong></span> <span class='ocrx_word' id='word_1_137' title='bbox 1889 1693 2143 1751; x_wconf 86' lang='lat' dir='ltr'><strong>Verbum</strong></span> 
     </span>
    </p>
   </div>
   <div class='ocr_carea' id='block_1_22' title="bbox 502 1782 2145 1859">
    <p class='ocr_par' dir='ltr' id='par_1_22' title="bbox 502 1782 2145 1859">
     <span class='ocr_line' id='line_1_22' title="bbox 502 1782 2145 1859; baseline -0.004 -14"><span class='ocrx_word' id='word_1_138' title='bbox 502 1788 754 1858; x_wconf 88' lang='lat' dir='ltr'><strong>advenit,</strong></span> <span class='ocrx_word' id='word_1_139' title='bbox 777 1787 861 1843; x_wconf 89' lang='lat' dir='ltr'><strong>ita</strong></span> <span class='ocrx_word' id='word_1_140' title='bbox 890 1802 1125 1859; x_wconf 85' lang='lat' dir='ltr'><strong>quoque</strong></span> <span class='ocrx_word' id='word_1_141' title='bbox 1153 1785 1215 1839; x_wconf 91' lang='lat' dir='ltr'><strong>in</strong></span> <span class='ocrx_word' id='word_1_142' title='bbox 1248 1784 1564 1857; x_wconf 87' lang='lat' dir='ltr'><strong>quemdam</strong></span> <span class='ocrx_word' id='word_1_143' title='bbox 1599 1782 1918 1839; x_wconf 89' lang='lat' dir='ltr'><strong>hominem.</strong></span> <span class='ocrx_word' id='word_1_144' title='bbox 1952 1785 2145 1840; x_wconf 68' lang='lat' dir='ltr'><strong>Maria</strong></span> 
     </span>
    </p>
   </div>
   <div class='ocr_carea' id='block_1_23' title="bbox 499 1873 2146 1945">
    <p class='ocr_par' dir='ltr' id='par_1_23' title="bbox 499 1873 2146 1945">
     <span class='ocr_line' id='line_1_23' title="bbox 499 1873 2146 1945; baseline -0.002 -12"><span class='ocrx_word' id='word_1_145' title='bbox 499 1878 711 1934; x_wconf 88' lang='lat' dir='ltr'><strong>Filium</strong></span> <span class='ocrx_word' id='word_1_146' title='bbox 745 1876 996 1942; x_wconf 83' lang='lat' dir='ltr'><strong>venisse,</strong></span> <span class='ocrx_word' id='word_1_147' title='bbox 1028 1873 1233 1930; x_wconf 90' lang='lat' dir='ltr'><strong>inutile</strong></span> <span class='ocrx_word' id='word_1_148' title='bbox 1263 1878 1355 1930; x_wconf 91' lang='lat' dir='ltr'><strong>est</strong></span> <span class='ocrx_word' id='word_1_149' title='bbox 1385 1893 1398 1916; x_wconf 66' lang='grc' dir='ltr'><strong>ε</strong></span> <span class='ocrx_word' id='word_1_150' title='bbox 1421 1873 1625 1945; x_wconf 79' lang='lat' dir='ltr'><strong>gitare;</strong></span> <span class='ocrx_word' id='word_1_151' title='bbox 1659 1890 1794 1928; x_wconf 87' lang='lat' dir='ltr'><strong>eum</strong></span> <span class='ocrx_word' id='word_1_152' title='bbox 1826 1890 2025 1929; x_wconf 89' lang='lat' dir='ltr'><strong>eorum</strong></span> <span class='ocrx_word' id='word_1_153' title='bbox 2056 1874 2146 1931; x_wconf 91' lang='lat' dir='ltr'><strong>in-</strong></span> 
     </span>
    </p>
   </div>
   <div class='ocr_carea' id='block_1_24' title="bbox 2263 1065 3891 1147">
    <p class='ocr_par' dir='ltr' id='par_1_24' title="bbox 2263 1065 3891 1147">
     <span class='ocr_line' id='line_1_24' title="bbox 2263 1065 3891 1147; baseline 0.007 -30"><span class='ocrx_word' id='word_1_154' title='bbox 2263 1067 2385 1135; x_wconf 76' lang='grc' dir='ltr'><strong>τήν,</strong></span> <span class='ocrx_word' id='word_1_155' title='bbox 2422 1066 2552 1142; x_wconf 79' lang='grc' dir='ltr'>ὑπὲρ</span> <span class='ocrx_word' id='word_1_156' title='bbox 2582 1069 2682 1137; x_wconf 78' lang='grc' dir='ltr'>τήν</span> <span class='ocrx_word' id='word_1_157' title='bbox 2703 1067 2895 1122; x_wconf 77' lang='grc' dir='ltr'>ἑαυτοῦ</span> <span class='ocrx_word' id='word_1_158' title='bbox 2945 1065 3102 1141; x_wconf 73' lang='grc' dir='ltr'>φύσιν</span> <span class='ocrx_word' id='word_1_159' title='bbox 3150 1067 3338 1140; x_wconf 80' lang='grc' dir='ltr'>ἀνέστη</span> <span class='ocrx_word' id='word_1_160' title='bbox 3391 1067 3481 1126; x_wconf 80' lang='grc' dir='ltr'>διὰ</span> <span class='ocrx_word' id='word_1_161' title='bbox 3526 1071 3617 1127; x_wconf 73' lang='grc' dir='ltr'><strong>τὸν</strong></span> <span class='ocrx_word' id='word_1_162' title='bbox 3671 1072 3721 1127; x_wconf 79' lang='grc' dir='ltr'><strong>ἐν</strong></span> <span class='ocrx_word' id='word_1_163' title='bbox 3763 1073 3891 1147; x_wconf 82' lang='grc' dir='ltr'><strong>αὖτῷ</strong></span> 
     </span>
    </p>
   </div>
   <div class='ocr_carea' id='block_1_25' title="bbox 2266 1155 3887 1238">
    <p class='ocr_par' dir='ltr' id='par_1_25' title="bbox 2266 1155 3887 1238">
     <span class='ocr_line' id='line_1_25' title="bbox 2266 1155 3887 1238; baseline 0.006 -30"><span class='ocrx_word' id='word_1_164' title='bbox 2266 1155 2437 1231; x_wconf 82' lang='grc' dir='ltr'>Λόγον</span> <span class='ocrx_word' id='word_1_165' title='bbox 2474 1175 2487 1188; x_wconf 89' lang='grc'><strong>·</strong></span> <span class='ocrx_word' id='word_1_166' title='bbox 2522 1156 2610 1210; x_wconf 87' lang='grc' dir='ltr'><strong>καὶ</strong></span> <span class='ocrx_word' id='word_1_167' title='bbox 2643 1156 2907 1212; x_wconf 73' lang='grc' dir='ltr'><strong>πέπαυται</strong></span> <span class='ocrx_word' id='word_1_168' title='bbox 2943 1157 3039 1230; x_wconf 69' lang='grc' dir='ltr'>μὲν</span> <span class='ocrx_word' id='word_1_169' title='bbox 3069 1163 3170 1226; x_wconf 85' lang='grc' dir='ltr'><strong>τῆς</strong></span> <span class='ocrx_word' id='word_1_170' title='bbox 3201 1157 3336 1214; x_wconf 80' lang='grc' dir='ltr'>κατᾶ</span> <span class='ocrx_word' id='word_1_171' title='bbox 3357 1159 3514 1236; x_wconf 74' lang='grc' dir='ltr'>φύσιν</span> <span class='ocrx_word' id='word_1_172' title='bbox 3541 1162 3740 1238; x_wconf 73' lang='grc' dir='ltr'>φθορᾶς</span> <span class='ocrx_word' id='word_1_173' title='bbox 3769 1165 3887 1237; x_wconf 87' lang='grc'>(63)·</span> 
     </span>
    </p>
   </div>
   <div class='ocr_carea' id='block_1_26' title="bbox 2262 1241 3888 1328">
    <p class='ocr_par' dir='ltr' id='par_1_26' title="bbox 2262 1241 3888 1328">
     <span class='ocr_line' id='line_1_26' title="bbox 2262 1241 3888 1328; baseline 0.006 -31"><span class='ocrx_word' id='word_1_174' title='bbox 2262 1241 2613 1318; x_wconf 80' lang='grc' dir='ltr'>ἐνδυσάμενον</span> <span class='ocrx_word' id='word_1_175' title='bbox 2675 1243 2733 1301; x_wconf 72' lang='grc' dir='ltr'><strong>δὲ</strong></span> <span class='ocrx_word' id='word_1_176' title='bbox 2777 1247 2868 1302; x_wconf 84' lang='grc' dir='ltr'><strong>τὸν</strong></span> <span class='ocrx_word' id='word_1_177' title='bbox 2919 1247 3051 1324; x_wconf 71' lang='grc' dir='ltr'>ὑπὲρ</span> <span class='ocrx_word' id='word_1_178' title='bbox 3101 1248 3382 1322; x_wconf 85' lang='grc' dir='ltr'>ἄνθρωπον</span> <span class='ocrx_word' id='word_1_179' title='bbox 3442 1252 3636 1326; x_wconf 80' lang='grc' dir='ltr'>Λόγον,</span> <span class='ocrx_word' id='word_1_180' title='bbox 3693 1253 3888 1328; x_wconf 86' lang='grc' dir='ltr'>γέγονεν</span> 
     </span>
    </p>
   </div>
   <div class='ocr_carea' id='block_1_27' title="bbox 2261 1333 2552 1412">
    <p class='ocr_par' dir='ltr' id='par_1_27' title="bbox 2261 1333 2552 1412">
     <span class='ocr_line' id='line_1_27' title="bbox 2261 1333 2552 1412; baseline 0.014 -26"><span class='ocrx_word' id='word_1_181' title='bbox 2261 1333 2552 1412; x_wconf 74' lang='grc' dir='ltr'>ἄφθαρτον.</span> 
     </span>
    </p>
   </div>
   <div class='ocr_carea' id='block_1_28' title="bbox 2329 1602 3889 1686">
    <p class='ocr_par' dir='ltr' id='par_1_28' title="bbox 2329 1602 3889 1686">
     <span class='ocr_line' id='line_1_28' title="bbox 2329 1602 3889 1686; baseline 0.006 -28"><span class='ocrx_word' id='word_1_182' title='bbox 2329 1605 2414 1659; x_wconf 90' lang='grc'><strong>11.</strong></span> <span class='ocrx_word' id='word_1_183' title='bbox 2451 1603 2578 1680; x_wconf 84' lang='grc' dir='ltr'>Περί</span> <span class='ocrx_word' id='word_1_184' title='bbox 2611 1602 2668 1658; x_wconf 75' lang='grc' dir='ltr'>δὶ</span> <span class='ocrx_word' id='word_1_185' title='bbox 2697 1608 2794 1659; x_wconf 78' lang='grc' dir='ltr'><strong>τοῦ</strong></span> <span class='ocrx_word' id='word_1_186' title='bbox 2843 1604 3198 1684; x_wconf 81' lang='grc' dir='ltr'>φαντάζεσθαί</span> <span class='ocrx_word' id='word_1_187' title='bbox 3241 1627 3387 1669; x_wconf 88' lang='grc' dir='ltr'>τινας</span> <span class='ocrx_word' id='word_1_188' title='bbox 3435 1604 3527 1662; x_wconf 79' lang='grc' dir='ltr'>καί</span> <span class='ocrx_word' id='word_1_189' title='bbox 3567 1607 3762 1686; x_wconf 80' lang='grc' dir='ltr'>λέγειν.</span> <span class='ocrx_word' id='word_1_190' title='bbox 3792 1610 3889 1685; x_wconf 79' lang='grc' dir='ltr'>ὅτι,</span> 
     </span>
    </p>
   </div>
   <div class='ocr_carea' id='block_1_29' title="bbox 2257 1689 3891 1773">
    <p class='ocr_par' dir='ltr' id='par_1_29' title="bbox 2257 1689 3891 1773">
     <span class='ocr_line' id='line_1_29' title="bbox 2257 1689 3891 1773; baseline 0.006 -28"><span class='ocrx_word' id='word_1_191' title='bbox 2257 1690 2436 1769; x_wconf 81' lang='grc' dir='ltr'>ὥσπερ</span> <span class='ocrx_word' id='word_1_192' title='bbox 2486 1693 2567 1771; x_wconf 77' lang='grc' dir='ltr'>ἐφ’</span> <span class='ocrx_word' id='word_1_193' title='bbox 2613 1689 2836 1749; x_wconf 72' lang='grc' dir='ltr'>ἕκαστον</span> <span class='ocrx_word' id='word_1_194' title='bbox 2886 1696 3000 1768; x_wconf 78' lang='grc'>(64)</span> <span class='ocrx_word' id='word_1_195' title='bbox 3044 1699 3151 1749; x_wconf 87' lang='grc' dir='ltr'><strong>τῶν</strong></span> <span class='ocrx_word' id='word_1_196' title='bbox 3195 1700 3494 1770; x_wconf 79' lang='grc' dir='ltr'>προφητῶν</span> <span class='ocrx_word' id='word_1_197' title='bbox 3544 1695 3770 1773; x_wconf 86' lang='grc' dir='ltr'>ἐγίνετο,</span> <span class='ocrx_word' id='word_1_198' title='bbox 3810 1700 3891 1756; x_wconf 76' lang='lat' dir='ltr'><strong>eii-</strong></span> 
     </span>
    </p>
   </div>
   <div class='ocr_carea' id='block_1_30' title="bbox 2252 1779 3891 1860">
    <p class='ocr_par' dir='ltr' id='par_1_30' title="bbox 2252 1779 3891 1860">
     <span class='ocr_line' id='line_1_30' title="bbox 2252 1779 3891 1860; baseline 0.005 -25"><span class='ocrx_word' id='word_1_199' title='bbox 2252 1803 2331 1836; x_wconf 86' lang='grc' dir='ltr'><strong>τω</strong></span> <span class='ocrx_word' id='word_1_200' title='bbox 2385 1782 2474 1836; x_wconf 80' lang='grc' dir='ltr'><strong>καὶ</strong></span> <span class='ocrx_word' id='word_1_201' title='bbox 2525 1780 2610 1837; x_wconf 83' lang='grc' dir='ltr'><strong>ἐπὶ</strong></span> <span class='ocrx_word' id='word_1_202' title='bbox 2657 1779 2746 1837; x_wconf 73' lang='grc' dir='ltr'>ἕνα</span> <span class='ocrx_word' id='word_1_203' title='bbox 2799 1784 2920 1838; x_wconf 75' lang='grc' dir='ltr'>τινὰ</span> <span class='ocrx_word' id='word_1_204' title='bbox 2976 1780 3254 1857; x_wconf 74' lang='grc' dir='ltr'>ἄνθρωπον</span> <span class='ocrx_word' id='word_1_205' title='bbox 3314 1783 3373 1840; x_wconf 82' lang='grc' dir='ltr'><strong>ἐκ</strong></span> <span class='ocrx_word' id='word_1_206' title='bbox 3429 1784 3639 1860; x_wconf 82' lang='grc' dir='ltr'>Μαρίας</span> <span class='ocrx_word' id='word_1_207' title='bbox 3673 1787 3830 1857; x_wconf 71' lang='grc' dir='ltr'>ἦλθεν</span> <span class='ocrx_word' id='word_1_208' title='bbox 3863 1791 3891 1844; x_wconf 91' lang='lat'><strong>6</strong></span> 
     </span>
    </p>
   </div>
   <div class='ocr_carea' id='block_1_31' title="bbox 2255 1865 3892 1953">
    <p class='ocr_par' dir='ltr' id='par_1_31' title="bbox 2255 1865 3892 1953">
     <span class='ocr_line' id='line_1_31' title="bbox 2255 1865 3892 1953; baseline 0.005 -29"><span class='ocrx_word' id='word_1_209' title='bbox 2255 1865 2450 1947; x_wconf 85' lang='grc' dir='ltr'>Λόγος,</span> <span class='ocrx_word' id='word_1_210' title='bbox 2502 1867 2751 1944; x_wconf 75' lang='grc' dir='ltr'>περιττόν</span> <span class='ocrx_word' id='word_1_211' title='bbox 2815 1870 2926 1927; x_wconf 84' lang='grc' dir='ltr'>ἐστι</span> <span class='ocrx_word' id='word_1_212' title='bbox 2993 1874 3308 1948; x_wconf 77' lang='grc' dir='ltr'>γυμνάζειν,</span> <span class='ocrx_word' id='word_1_213' title='bbox 3382 1875 3609 1953; x_wconf 77' lang='grc' dir='ltr'>φανερὰν</span> <span class='ocrx_word' id='word_1_214' title='bbox 3664 1874 3892 1953; x_wconf 79' lang='grc' dir='ltr'>ἐχούσης</span> 
     </span>
    </p>
   </div>
   <div class='ocr_carea' id='block_1_32' title="bbox 499 1959 2133 2054">
    <p class='ocr_par' dir='ltr' id='par_1_32' title="bbox 499 1963 2133 2034">
     <span class='ocr_line' id='line_1_32' title="bbox 499 1963 2133 2034; baseline -0.003 -10"><span class='ocrx_word' id='word_1_215' title='bbox 499 1967 669 2024; x_wconf 88' lang='lat' dir='ltr'><strong>sania</strong></span> <span class='ocrx_word' id='word_1_216' title='bbox 697 1967 1070 2022; x_wconf 81' lang='lat' dir='ltr'><strong>manifestam</strong></span> <span class='ocrx_word' id='word_1_217' title='bbox 1093 1964 1182 2019; x_wconf 87' lang='lat' dir='ltr'><strong>sui</strong></span> <span class='ocrx_word' id='word_1_218' title='bbox 1215 1963 1672 2018; x_wconf 79' lang='lat' dir='ltr'><strong>confutationem</strong></span> <span class='ocrx_word' id='word_1_219' title='bbox 1705 1979 1817 2034; x_wconf 65' lang='lat' dir='ltr'><strong>pra:</strong></span> <span class='ocrx_word' id='word_1_220' title='bbox 1860 1979 1921 2018; x_wconf 89' lang='lat' dir='ltr'><strong>se</strong></span> <span class='ocrx_word' id='word_1_221' title='bbox 1977 1963 2133 2020; x_wconf 52' lang='lat' dir='ltr'><strong>ferat.</strong></span> 
     </span>
    </p>
   </div>
   <div class='ocr_carea' id='block_1_33' title="bbox 2257 1959 3894 2054">
    <p class='ocr_par' dir='ltr' id='par_1_33' title="bbox 2257 1959 3894 2040">
     <span class='ocr_line' id='line_1_33' title="bbox 2257 1959 3894 2040; baseline 0.006 -28"><span class='ocrx_word' id='word_1_222' title='bbox 2257 1966 2353 2027; x_wconf 77' lang='grc' dir='ltr'><strong>τῆς</strong></span> <span class='ocrx_word' id='word_1_223' title='bbox 2385 1959 2574 2032; x_wconf 81' lang='grc' dir='ltr'>μανίας</span> <span class='ocrx_word' id='word_1_224' title='bbox 2746 1961 2921 2016; x_wconf 79' lang='grc' dir='ltr'>αὐτῶν</span> <span class='ocrx_word' id='word_1_225' title='bbox 2951 1962 3052 2030; x_wconf 82' lang='grc' dir='ltr'><strong>τήν</strong></span> <span class='ocrx_word' id='word_1_226' title='bbox 3082 1963 3438 2039; x_wconf 87' lang='grc' dir='ltr'>κατάγνωσιν.</span> <span class='ocrx_word' id='word_1_227' title='bbox 3470 1964 3536 2021; x_wconf 78' lang='grc' dir='ltr'><strong>Εἰ</strong></span> <span class='ocrx_word' id='word_1_228' title='bbox 3577 1966 3680 2040; x_wconf 78' lang='grc' dir='ltr'><strong>γὰρ</strong></span> <span class='ocrx_word' id='word_1_229' title='bbox 3729 1965 3894 2030; x_wconf 77' lang='grc' dir='ltr'>οὕτως</span> 
     </span>
    </p>
   </div>
   <div class='ocr_carea' id='block_1_34' title="bbox 497 2052 2139 2129">
    <p class='ocr_par' dir='ltr' id='par_1_34' title="bbox 497 2052 2139 2129">
     <span class='ocr_line' id='line_1_34' title="bbox 497 2052 2139 2129; baseline -0.002 -17"><span class='ocrx_word' id='word_1_230' title='bbox 497 2058 554 2112; x_wconf 90' lang='lat' dir='ltr'><strong>Si</strong></span> <span class='ocrx_word' id='word_1_231' title='bbox 584 2072 834 2129; x_wconf 85' lang='lat' dir='ltr'><strong>namque</strong></span> <span class='ocrx_word' id='word_1_232' title='bbox 862 2055 1116 2110; x_wconf 88' lang='lat' dir='ltr'><strong>Verbum</strong></span> <span class='ocrx_word' id='word_1_233' title='bbox 1151 2053 1231 2108; x_wconf 90' lang='lat' dir='ltr'><strong>ita</strong></span> <span class='ocrx_word' id='word_1_234' title='bbox 1259 2052 1515 2116; x_wconf 86' lang='lat' dir='ltr'><strong>advenit,</strong></span> <span class='ocrx_word' id='word_1_235' title='bbox 1566 2069 1671 2107; x_wconf 90' lang='lat' dir='ltr'><strong>cur</strong></span> <span class='ocrx_word' id='word_1_236' title='bbox 1695 2052 1789 2106; x_wconf 90' lang='lat' dir='ltr'><strong>hie</strong></span> <span class='ocrx_word' id='word_1_237' title='bbox 1820 2052 1995 2107; x_wconf 91' lang='lat' dir='ltr'><strong>homo</strong></span> <span class='ocrx_word' id='word_1_238' title='bbox 2053 2070 2139 2109; x_wconf 84' lang='lat' dir='ltr'><strong>ex.</strong></span> 
     </span>
    </p>
   </div>
   <div class='ocr_carea' id='block_1_35' title="bbox 494 2140 2141 2219">
    <p class='ocr_par' dir='ltr' id='par_1_35' title="bbox 494 2140 2141 2219">
     <span class='ocr_line' id='line_1_35' title="bbox 494 2140 2141 2219; baseline -0.002 -19"><span class='ocrx_word' id='word_1_239' title='bbox 494 2145 753 2219; x_wconf 81' lang='lat' dir='ltr'><strong>Virgine,</strong></span> <span class='ocrx_word' id='word_1_240' title='bbox 785 2151 842 2201; x_wconf 92' lang='lat' dir='ltr'><strong>et</strong></span> <span class='ocrx_word' id='word_1_241' title='bbox 869 2161 983 2200; x_wconf 93' lang='lat' dir='ltr'><strong>non</strong></span> <span class='ocrx_word' id='word_1_242' title='bbox 1014 2161 1081 2199; x_wconf 85' lang='lat' dir='ltr'><strong>ex</strong></span> <span class='ocrx_word' id='word_1_243' title='bbox 1114 2143 1234 2198; x_wconf 91' lang='lat' dir='ltr'><strong>viro</strong></span> <span class='ocrx_word' id='word_1_244' title='bbox 1263 2147 1318 2196; x_wconf 90' lang='lat' dir='ltr'><strong>et</strong></span> <span class='ocrx_word' id='word_1_245' title='bbox 1349 2140 1592 2196; x_wconf 91' lang='lat' dir='ltr'><strong>muliere</strong></span> <span class='ocrx_word' id='word_1_246' title='bbox 1619 2143 1742 2214; x_wconf 89' lang='lat' dir='ltr'><strong>ipse</strong></span> <span class='ocrx_word' id='word_1_247' title='bbox 1773 2159 2006 2214; x_wconf 86' lang='lat' dir='ltr'><strong>quoque</strong></span> <span class='ocrx_word' id='word_1_248' title='bbox 2039 2160 2141 2216; x_wconf 86' lang='lat' dir='ltr'><strong>pro</strong></span> 
     </span>
    </p>
   </div>
   <div class='ocr_carea' id='block_1_36' title="bbox 493 2231 2140 2305">
    <p class='ocr_par' dir='ltr' id='par_1_36' title="bbox 493 2231 2140 2305">
     <span class='ocr_line' id='line_1_36' title="bbox 493 2231 2140 2305; baseline -0.002 -13"><span class='ocrx_word' id='word_1_249' title='bbox 493 2235 643 2292; x_wconf 83' lang='lat' dir='ltr'><strong>diit?</strong></span> <span class='ocrx_word' id='word_1_250' title='bbox 664 2235 747 2292; x_wconf 89' lang='lat' dir='ltr'><strong>sie</strong></span> <span class='ocrx_word' id='word_1_251' title='bbox 778 2233 933 2290; x_wconf 90' lang='lat' dir='ltr'><strong>enim</strong></span> <span class='ocrx_word' id='word_1_252' title='bbox 959 2234 1210 2305; x_wconf 81' lang='lat' dir='ltr'><strong>quisque</strong></span> <span class='ocrx_word' id='word_1_253' title='bbox 1244 2237 1580 2287; x_wconf 85' lang='lat' dir='ltr'><strong>sanctorum</strong></span> <span class='ocrx_word' id='word_1_254' title='bbox 1607 2231 1834 2301; x_wconf 80' lang='lat' dir='ltr'><strong>genitus</strong></span> <span class='ocrx_word' id='word_1_255' title='bbox 1867 2238 1974 2286; x_wconf 90' lang='lat' dir='ltr'><strong>est.</strong></span> <span class='ocrx_word' id='word_1_256' title='bbox 2027 2237 2140 2288; x_wconf 81' lang='lat' dir='ltr'><strong>Aut</strong></span> 
     </span>
    </p>
   </div>
   <div class='ocr_carea' id='block_1_37' title="bbox 492 2321 2137 2392">
    <p class='ocr_par' dir='ltr' id='par_1_37' title="bbox 492 2321 2137 2392">
     <span class='ocr_line' id='line_1_37' title="bbox 492 2321 2137 2392; baseline -0.004 -9"><span class='ocrx_word' id='word_1_257' title='bbox 492 2343 616 2388; x_wconf 88' lang='lat' dir='ltr'><strong>cur.</strong></span> <span class='ocrx_word' id='word_1_258' title='bbox 650 2325 698 2379; x_wconf 89' lang='lat' dir='ltr'><strong>si</strong></span> <span class='ocrx_word' id='word_1_259' title='bbox 731 2324 985 2379; x_wconf 87' lang='lat' dir='ltr'><strong>Verbum</strong></span> <span class='ocrx_word' id='word_1_260' title='bbox 1019 2323 1098 2378; x_wconf 89' lang='lat' dir='ltr'><strong>ita</strong></span> <span class='ocrx_word' id='word_1_261' title='bbox 1130 2321 1370 2386; x_wconf 86' lang='lat' dir='ltr'><strong>venerit,</strong></span> <span class='ocrx_word' id='word_1_262' title='bbox 1395 2321 1683 2392; x_wconf 77' lang='lat' dir='ltr'><strong>cuiusque</strong></span> <span class='ocrx_word' id='word_1_263' title='bbox 1717 2338 1870 2374; x_wconf 80' lang='lat' dir='ltr'><strong>mors</strong></span> <span class='ocrx_word' id='word_1_264' title='bbox 1906 2340 2016 2376; x_wconf 85' lang='lat' dir='ltr'><strong>non</strong></span> <span class='ocrx_word' id='word_1_265' title='bbox 2051 2323 2137 2376; x_wconf 86' lang='lat' dir='ltr'><strong>di-</strong></span> 
     </span>
    </p>
   </div>
   <div class='ocr_carea' id='block_1_38' title="bbox 491 2408 2139 2487">
    <p class='ocr_par' dir='ltr' id='par_1_38' title="bbox 491 2408 2139 2487">
     <span class='ocr_line' id='line_1_38' title="bbox 491 2408 2139 2487; baseline -0.002 -17"><span class='ocrx_word' id='word_1_266' title='bbox 491 2415 644 2470; x_wconf 91' lang='lat' dir='ltr'><strong>citur</strong></span> <span class='ocrx_word' id='word_1_267' title='bbox 673 2431 776 2487; x_wconf 90' lang='lat' dir='ltr'><strong>pro</strong></span> <span class='ocrx_word' id='word_1_268' title='bbox 801 2412 968 2468; x_wconf 91' lang='lat' dir='ltr'><strong>nobis</strong></span> <span class='ocrx_word' id='word_1_269' title='bbox 997 2411 1256 2478; x_wconf 87' lang='lat' dir='ltr'><strong>tolerala,</strong></span> <span class='ocrx_word' id='word_1_270' title='bbox 1287 2410 1386 2465; x_wconf 90' lang='lat' dir='ltr'><strong>sed</strong></span> <span class='ocrx_word' id='word_1_271' title='bbox 1416 2408 1576 2466; x_wconf 90' lang='lat' dir='ltr'><strong>illius</strong></span> <span class='ocrx_word' id='word_1_272' title='bbox 1608 2415 1834 2465; x_wconf 87' lang='lat' dir='ltr'><strong>tantum</strong></span> <span class='ocrx_word' id='word_1_273' title='bbox 1869 2410 1896 2464; x_wconf 81' lang='lat'><strong>‘?</strong></span> <span class='ocrx_word' id='word_1_274' title='bbox 1952 2412 2139 2474; x_wconf 84' lang='lat' dir='ltr'><strong>Quare</strong></span> 
     </span>
    </p>
   </div>
   <div class='ocr_carea' id='block_1_39' title="bbox 490 2498 2136 2572">
    <p class='ocr_par' dir='ltr' id='par_1_39' title="bbox 490 2498 2136 2572">
     <span class='ocr_line' id='line_1_39' title="bbox 490 2498 2136 2572; baseline -0.002 -12"><span class='ocrx_word' id='word_1_275' title='bbox 490 2505 626 2560; x_wconf 76' lang='lat' dir='ltr'><strong>item</strong></span> <span class='ocrx_word' id='word_1_276' title='bbox 661 2519 795 2559; x_wconf 91' lang='lat' dir='ltr'><strong>cum</strong></span> <span class='ocrx_word' id='word_1_277' title='bbox 820 2504 887 2558; x_wconf 85' lang='lat' dir='ltr'><strong>ad</strong></span> <span class='ocrx_word' id='word_1_278' title='bbox 908 2501 1176 2572; x_wconf 84' lang='lat' dir='ltr'><strong>singulos</strong></span> <span class='ocrx_word' id='word_1_279' title='bbox 1195 2499 1508 2572; x_wconf 83' lang='lat' dir='ltr'><strong>prophetas</strong></span> <span class='ocrx_word' id='word_1_280' title='bbox 1531 2498 1788 2554; x_wconf 81' lang='lat' dir='ltr'><strong>Verbum</strong></span> <span class='ocrx_word' id='word_1_281' title='bbox 1815 2501 2136 2568; x_wconf 83' lang='lat' dir='ltr'><strong>advenerit,</strong></span> 
     </span>
    </p>
   </div>
   <div class='ocr_carea' id='block_1_40' title="bbox 491 2588 2133 2649">
    <p class='ocr_par' dir='ltr' id='par_1_40' title="bbox 491 2588 2133 2649">
     <span class='ocr_line' id='line_1_40' title="bbox 491 2588 2133 2649; baseline -0.002 0"><span class='ocrx_word' id='word_1_282' title='bbox 491 2593 704 2649; x_wconf 90' lang='lat' dir='ltr'><strong>dicitur</strong></span> <span class='ocrx_word' id='word_1_283' title='bbox 731 2597 924 2646; x_wconf 88' lang='lat' dir='ltr'><strong>tamen</strong></span> <span class='ocrx_word' id='word_1_284' title='bbox 945 2591 1013 2644; x_wconf 87' lang='lat' dir='ltr'><strong>ad</strong></span> <span class='ocrx_word' id='word_1_285' title='bbox 1041 2591 1228 2645; x_wconf 91' lang='lat' dir='ltr'><strong>solum</strong></span> <span class='ocrx_word' id='word_1_286' title='bbox 1254 2588 1443 2643; x_wconf 61' lang='lat' dir='ltr'><strong>Mariae</strong></span> <span class='ocrx_word' id='word_1_287' title='bbox 1481 2588 1688 2642; x_wconf 87' lang='lat' dir='ltr'><strong>Filium</strong></span> <span class='ocrx_word' id='word_1_288' title='bbox 1715 2588 1893 2643; x_wconf 84' lang='lat' dir='ltr'><strong>semel</strong></span> <span class='ocrx_word' id='word_1_289' title='bbox 1921 2589 1974 2643; x_wconf 91' lang='lat' dir='ltr'><strong>in</strong></span> <span class='ocrx_word' id='word_1_290' title='bbox 1998 2607 2133 2645; x_wconf 87' lang='lat' dir='ltr'><strong>con-</strong></span> 
     </span>
    </p>
   </div>
   <div class='ocr_carea' id='block_1_41' title="bbox 490 2678 2136 2739">
    <p class='ocr_par' dir='ltr' id='par_1_41' title="bbox 490 2678 2136 2739">
     <span class='ocr_line' id='line_1_41' title="bbox 490 2678 2136 2739; baseline -0.003 0"><span class='ocrx_word' id='word_1_291' title='bbox 490 2682 886 2739; x_wconf 85' lang='lat' dir='ltr'><strong>summatione</strong></span> <span class='ocrx_word' id='word_1_292' title='bbox 918 2679 1260 2734; x_wconf 64' lang='lat' dir='ltr'><strong>saeculorum</strong></span> <span class='ocrx_word' id='word_1_293' title='bbox 1292 2678 1642 2732; x_wconf 83' lang='lat' dir='ltr'><strong>advenisse?</strong></span> <span class='ocrx_word' id='word_1_294' title='bbox 1672 2682 1786 2732; x_wconf 63' lang='lat' dir='ltr'><strong>Aut</strong></span> <span class='ocrx_word' id='word_1_295' title='bbox 1817 2695 1921 2732; x_wconf 87' lang='lat' dir='ltr'><strong>cur</strong></span> <span class='ocrx_word' id='word_1_296' title='bbox 1950 2679 2136 2735; x_wconf 74' lang='lat' dir='ltr'><strong>Verbo</strong></span> 
     </span>
    </p>
   </div>
   <div class='ocr_carea' id='block_1_42' title="bbox 493 2765 2137 2838">
    <p class='ocr_par' dir='ltr' id='par_1_42' title="bbox 493 2765 2137 2838">
     <span class='ocr_line' id='line_1_42' title="bbox 493 2765 2137 2838; baseline -0.002 -10"><span class='ocrx_word' id='word_1_297' title='bbox 493 2772 575 2828; x_wconf 90' lang='lat' dir='ltr'><strong>ita</strong></span> <span class='ocrx_word' id='word_1_298' title='bbox 603 2771 890 2834; x_wconf 89' lang='lat' dir='ltr'><strong>veniente,</strong></span> <span class='ocrx_word' id='word_1_299' title='bbox 925 2773 988 2822; x_wconf 90' lang='lat' dir='ltr'><strong>ut</strong></span> <span class='ocrx_word' id='word_1_300' title='bbox 1020 2773 1255 2823; x_wconf 83' lang='lat' dir='ltr'><strong>venerat</strong></span> <span class='ocrx_word' id='word_1_301' title='bbox 1280 2765 1337 2821; x_wconf 91' lang='lat' dir='ltr'><strong>in</strong></span> <span class='ocrx_word' id='word_1_302' title='bbox 1370 2771 1605 2822; x_wconf 83' lang='lat' dir='ltr'><strong>sanctos</strong></span> <span class='ocrx_word' id='word_1_303' title='bbox 1631 2765 1764 2822; x_wconf 91' lang='lat' dir='ltr'><strong>illos</strong></span> <span class='ocrx_word' id='word_1_304' title='bbox 1812 2767 1910 2838; x_wconf 90' lang='lat' dir='ltr'><strong>qui</strong></span> <span class='ocrx_word' id='word_1_305' title='bbox 1973 2769 2137 2838; x_wconf 86' lang='lat' dir='ltr'><strong>prius</strong></span> 
     </span>
    </p>
   </div>
   <div class='ocr_carea' id='block_1_43' title="bbox 491 2857 2134 2929">
    <p class='ocr_par' dir='ltr' id='par_1_43' title="bbox 491 2857 2134 2929">
     <span class='ocr_line' id='line_1_43' title="bbox 491 2857 2134 2929; baseline -0.004 -10"><span class='ocrx_word' id='word_1_306' title='bbox 491 2861 854 2929; x_wconf 78' lang='lat' dir='ltr'><strong>exstiterant,</strong></span> <span class='ocrx_word' id='word_1_307' title='bbox 881 2857 981 2914; x_wconf 86' lang='lat' dir='ltr'><strong>alii</strong></span> <span class='ocrx_word' id='word_1_308' title='bbox 1012 2857 1247 2929; x_wconf 85' lang='lat' dir='ltr'><strong>quidem</strong></span> <span class='ocrx_word' id='word_1_309' title='bbox 1283 2872 1488 2911; x_wconf 90' lang='lat' dir='ltr'><strong>omnes</strong></span> <span class='ocrx_word' id='word_1_310' title='bbox 1552 2857 1764 2910; x_wconf 81' lang='lat' dir='ltr'><strong>mortui</strong></span> <span class='ocrx_word' id='word_1_311' title='bbox 1806 2873 1936 2920; x_wconf 81' lang='lat' dir='ltr'><strong>cum</strong></span> <span class='ocrx_word' id='word_1_312' title='bbox 1998 2859 2134 2927; x_wconf 88' lang='lat' dir='ltr'><strong>sint,</strong></span> 
     </span>
    </p>
   </div>
   <div class='ocr_carea' id='block_1_44' title="bbox 493 2943 2136 3008">
    <p class='ocr_par' dir='ltr' id='par_1_44' title="bbox 493 2943 2136 3008">
     <span class='ocr_line' id='line_1_44' title="bbox 493 2943 2136 3008; baseline -0.002 -2"><span class='ocrx_word' id='word_1_313' title='bbox 493 2949 754 3007; x_wconf 88' lang='lat' dir='ltr'><strong>nondum</strong></span> <span class='ocrx_word' id='word_1_314' title='bbox 798 2950 1260 3008; x_wconf 85' lang='lat' dir='ltr'><strong>resurrexerunt,</strong></span> <span class='ocrx_word' id='word_1_315' title='bbox 1319 2943 1478 2998; x_wconf 83' lang='lat' dir='ltr'><strong>solus</strong></span> <span class='ocrx_word' id='word_1_316' title='bbox 1514 2961 1645 2998; x_wconf 85' lang='lat' dir='ltr'><strong>vero</strong></span> <span class='ocrx_word' id='word_1_317' title='bbox 1709 2945 1896 2999; x_wconf 65' lang='lat' dir='ltr'><strong>Mariae</strong></span> <span class='ocrx_word' id='word_1_318' title='bbox 1961 2947 2136 3002; x_wconf 75' lang='lat' dir='ltr'><strong>Filius</strong></span> 
     </span>
    </p>
   </div>
   <div class='ocr_carea' id='block_1_45' title="bbox 491 3034 2135 3112">
    <p class='ocr_par' dir='ltr' id='par_1_45' title="bbox 491 3034 2135 3112">
     <span class='ocr_line' id='line_1_45' title="bbox 491 3034 2135 3112; baseline -0.003 -16"><span class='ocrx_word' id='word_1_319' title='bbox 491 3045 623 3112; x_wconf 89' lang='lat' dir='ltr'><strong>post</strong></span> <span class='ocrx_word' id='word_1_320' title='bbox 666 3038 928 3094; x_wconf 90' lang='lat' dir='ltr'><strong>triduum</strong></span> <span class='ocrx_word' id='word_1_321' title='bbox 1001 3035 1317 3092; x_wconf 84' lang='lat' dir='ltr'><strong>resurrexit</strong></span> <span class='ocrx_word' id='word_1_322' title='bbox 1344 3034 1371 3088; x_wconf 75' lang='lat' dir='ltr'><strong>‘I</strong></span> <span class='ocrx_word' id='word_1_323' title='bbox 1401 3038 1512 3089; x_wconf 88' lang='lat' dir='ltr'><strong>Aut</strong></span> <span class='ocrx_word' id='word_1_324' title='bbox 1545 3051 1725 3105; x_wconf 87' lang='lat' dir='ltr'><strong>quare</strong></span> <span class='ocrx_word' id='word_1_325' title='bbox 1759 3051 1892 3089; x_wconf 91' lang='lat' dir='ltr'><strong>cum</strong></span> <span class='ocrx_word' id='word_1_326' title='bbox 1954 3036 2135 3092; x_wconf 86' lang='lat' dir='ltr'><strong>simili</strong></span> 
     </span>
    </p>
   </div>
   <div class='ocr_carea' id='block_1_46' title="bbox 489 3123 2135 3188">
    <p class='ocr_par' dir='ltr' id='par_1_46' title="bbox 489 3123 2135 3188">
     <span class='ocr_line' id='line_1_46' title="bbox 489 3123 2135 3188; baseline -0.001 -4"><span class='ocrx_word' id='word_1_327' title='bbox 489 3128 661 3184; x_wconf 87' lang='lat' dir='ltr'><strong>modo</strong></span> <span class='ocrx_word' id='word_1_328' title='bbox 680 3127 750 3183; x_wconf 88' lang='lat' dir='ltr'><strong>ad</strong></span> <span class='ocrx_word' id='word_1_329' title='bbox 783 3126 928 3183; x_wconf 89' lang='lat' dir='ltr'><strong>alios</strong></span> <span class='ocrx_word' id='word_1_330' title='bbox 959 3125 1216 3180; x_wconf 88' lang='lat' dir='ltr'><strong>Verbum</strong></span> <span class='ocrx_word' id='word_1_331' title='bbox 1246 3123 1491 3188; x_wconf 84' lang='lat' dir='ltr'><strong>venerit,</strong></span> <span class='ocrx_word' id='word_1_332' title='bbox 1514 3123 1676 3178; x_wconf 84' lang='lat' dir='ltr'><strong>solus</strong></span> <span class='ocrx_word' id='word_1_333' title='bbox 1709 3123 1900 3179; x_wconf 83' lang='lat' dir='ltr'><strong>Mariae</strong></span> <span class='ocrx_word' id='word_1_334' title='bbox 1951 3125 2135 3182; x_wconf 79' lang='lat' dir='ltr'><strong>Filius</strong></span> 
     </span>
    </p>
   </div>
   <div class='ocr_carea' id='block_1_47' title="bbox 486 3212 2134 3287">
    <p class='ocr_par' dir='ltr' id='par_1_47' title="bbox 486 3212 2134 3287">
     <span class='ocr_line' id='line_1_47' title="bbox 486 3212 2134 3287; baseline -0.002 -13"><span class='ocrx_word' id='word_1_335' title='bbox 486 3216 703 3274; x_wconf 91' lang='lat' dir='ltr'><strong>dicitur</strong></span> <span class='ocrx_word' id='word_1_336' title='bbox 731 3213 1060 3283; x_wconf 86' lang='lat' dir='ltr'><strong>Emmnuel,</strong></span> <span class='ocrx_word' id='word_1_337' title='bbox 1090 3215 1256 3285; x_wconf 87' lang='lat' dir='ltr'><strong>quasi</strong></span> <span class='ocrx_word' id='word_1_338' title='bbox 1288 3229 1500 3284; x_wconf 90' lang='lat' dir='ltr'><strong>corpus</strong></span> <span class='ocrx_word' id='word_1_339' title='bbox 1531 3213 1662 3282; x_wconf 79' lang='lat' dir='ltr'><strong>ejus</strong></span> <span class='ocrx_word' id='word_1_340' title='bbox 1685 3212 1900 3269; x_wconf 87' lang='lat' dir='ltr'><strong>deitale</strong></span> <span class='ocrx_word' id='word_1_341' title='bbox 1945 3214 2134 3287; x_wconf 84' lang='lat' dir='ltr'><strong>reple-</strong></span> 
     </span>
    </p>
   </div>
   <div class='ocr_carea' id='block_1_48' title="bbox 486 3300 2126 3376">
    <p class='ocr_par' dir='ltr' id='par_1_48' title="bbox 486 3300 2126 3376">
     <span class='ocr_line' id='line_1_48' title="bbox 486 3300 2126 3376; baseline -0.002 -14"><span class='ocrx_word' id='word_1_342' title='bbox 486 3311 613 3362; x_wconf 89' lang='lat' dir='ltr'><strong>tum</strong></span> <span class='ocrx_word' id='word_1_343' title='bbox 644 3309 701 3361; x_wconf 91' lang='lat' dir='ltr'><strong>et</strong></span> <span class='ocrx_word' id='word_1_344' title='bbox 728 3321 796 3361; x_wconf 82' lang='lat' dir='ltr'><strong>ex</strong></span> <span class='ocrx_word' id='word_1_345' title='bbox 824 3303 925 3360; x_wconf 86' lang='lat' dir='ltr'><strong>illa</strong></span> <span class='ocrx_word' id='word_1_346' title='bbox 955 3301 1219 3376; x_wconf 83' lang='lat' dir='ltr'><strong>genitum</strong></span> <span class='ocrx_word' id='word_1_347' title='bbox 1249 3300 1365 3356; x_wconf 86' lang='lat' dir='ltr'><strong>sit?</strong></span> <span class='ocrx_word' id='word_1_348' title='bbox 1397 3301 1538 3358; x_wconf 86' lang='lat' dir='ltr'><strong>Nam</strong></span> <span class='ocrx_word' id='word_1_349' title='bbox 1568 3301 1733 3365; x_wconf 89' lang='lat' dir='ltr'><strong>illud,</strong></span> <span class='ocrx_word' id='word_1_350' title='bbox 1761 3303 2126 3370; x_wconf 73' lang='lat' dir='ltr'><strong>Emmanuel,</strong></span> 
     </span>
    </p>
   </div>
   <div class='ocr_carea' id='block_1_49' title="bbox 485 3389 2125 3466">
    <p class='ocr_par' dir='ltr' id='par_1_49' title="bbox 485 3389 2125 3466">
     <span class='ocr_line' id='line_1_49' title="bbox 485 3389 2125 3466; baseline 0.001 -17"><span class='ocrx_word' id='word_1_351' title='bbox 485 3392 802 3466; x_wconf 78' lang='lat' dir='ltr'><strong>signiﬁcat,</strong></span> <span class='ocrx_word' id='word_1_352' title='bbox 835 3391 1128 3448; x_wconf 68' lang='lat' dir='ltr'><strong>Nobiscum</strong></span> <span class='ocrx_word' id='word_1_353' title='bbox 1157 3391 1318 3446; x_wconf 71' lang='lat' dir='ltr'><strong>Deus.</strong></span> <span class='ocrx_word' id='word_1_354' title='bbox 1357 3389 1450 3445; x_wconf 85' lang='lat' dir='ltr'><strong>Vel</strong></span> <span class='ocrx_word' id='word_1_355' title='bbox 1484 3406 1665 3461; x_wconf 90' lang='lat' dir='ltr'><strong>quare</strong></span> <span class='ocrx_word' id='word_1_356' title='bbox 1695 3391 1742 3444; x_wconf 85' lang='lat' dir='ltr'><strong>si</strong></span> <span class='ocrx_word' id='word_1_357' title='bbox 1773 3392 1854 3446; x_wconf 89' lang='lat' dir='ltr'><strong>ita</strong></span> <span class='ocrx_word' id='word_1_358' title='bbox 1883 3394 2125 3465; x_wconf 90' lang='lat' dir='ltr'><strong>venerit,</strong></span> 
     </span>
    </p>
   </div>
   <div class='ocr_carea' id='block_1_50' title="bbox 488 3479 2120 3555">
    <p class='ocr_par' dir='ltr' id='par_1_50' title="bbox 488 3479 2120 3555">
     <span class='ocr_line' id='line_1_50' title="bbox 488 3479 2120 3555; baseline 0.001 -17"><span class='ocrx_word' id='word_1_359' title='bbox 488 3480 790 3555; x_wconf 83' lang='lat' dir='ltr'><strong>quodlibet</strong></span> <span class='ocrx_word' id='word_1_360' title='bbox 818 3486 1152 3537; x_wconf 87' lang='lat' dir='ltr'><strong>sanctorum</strong></span> <span class='ocrx_word' id='word_1_361' title='bbox 1175 3480 1516 3535; x_wconf 87' lang='lat' dir='ltr'><strong>comedente</strong></span> <span class='ocrx_word' id='word_1_362' title='bbox 1538 3485 1596 3535; x_wconf 90' lang='lat' dir='ltr'><strong>et</strong></span> <span class='ocrx_word' id='word_1_363' title='bbox 1651 3479 1909 3548; x_wconf 79' lang='lat' dir='ltr'><strong>hibente,</strong></span> <span class='ocrx_word' id='word_1_364' title='bbox 1970 3482 2120 3540; x_wconf 81' lang='lat' dir='ltr'><strong>labu-</strong></span> 
     </span>
    </p>
   </div>
   <div class='ocr_carea' id='block_1_51' title="bbox 487 3567 2128 3638">
    <p class='ocr_par' dir='ltr' id='par_1_51' title="bbox 487 3567 2128 3638">
     <span class='ocr_line' id='line_1_51' title="bbox 487 3567 2128 3638; baseline 0 -12"><span class='ocrx_word' id='word_1_365' title='bbox 487 3575 653 3628; x_wconf 88' lang='lat' dir='ltr'><strong>rante</strong></span> <span class='ocrx_word' id='word_1_366' title='bbox 681 3575 738 3626; x_wconf 90' lang='lat' dir='ltr'><strong>et</strong></span> <span class='ocrx_word' id='word_1_367' title='bbox 769 3570 1071 3636; x_wconf 84' lang='lat' dir='ltr'><strong>moriente,</strong></span> <span class='ocrx_word' id='word_1_368' title='bbox 1098 3585 1212 3623; x_wconf 92' lang='lat' dir='ltr'><strong>non</strong></span> <span class='ocrx_word' id='word_1_369' title='bbox 1245 3567 1458 3622; x_wconf 86' lang='lat' dir='ltr'><strong>dicitur</strong></span> <span class='ocrx_word' id='word_1_370' title='bbox 1487 3569 1678 3638; x_wconf 85' lang='lat' dir='ltr'><strong>ipsum</strong></span> <span class='ocrx_word' id='word_1_371' title='bbox 1719 3569 1970 3625; x_wconf 72' lang='lat' dir='ltr'><strong>Verbum</strong></span> <span class='ocrx_word' id='word_1_372' title='bbox 2034 3589 2128 3627; x_wconf 89' lang='lat' dir='ltr'><strong>eo-</strong></span> 
     </span>
    </p>
   </div>
   <div class='ocr_carea' id='block_1_52' title="bbox 490 3656 2131 3725">
    <p class='ocr_par' dir='ltr' id='par_1_52' title="bbox 490 3656 2131 3725">
     <span class='ocr_line' id='line_1_52' title="bbox 490 3656 2131 3725; baseline 0 -9"><span class='ocrx_word' id='word_1_373' title='bbox 490 3660 721 3717; x_wconf 89' lang='lat' dir='ltr'><strong>medere</strong></span> <span class='ocrx_word' id='word_1_374' title='bbox 743 3664 802 3714; x_wconf 94' lang='lat' dir='ltr'><strong>et</strong></span> <span class='ocrx_word' id='word_1_375' title='bbox 833 3659 1053 3723; x_wconf 88' lang='lat' dir='ltr'><strong>bibere,</strong></span> <span class='ocrx_word' id='word_1_376' title='bbox 1085 3656 1351 3713; x_wconf 86' lang='lat' dir='ltr'><strong>laborare</strong></span> <span class='ocrx_word' id='word_1_377' title='bbox 1400 3664 1457 3712; x_wconf 91' lang='lat' dir='ltr'><strong>et</strong></span> <span class='ocrx_word' id='word_1_378' title='bbox 1489 3657 1659 3725; x_wconf 89' lang='lat' dir='ltr'><strong>mori,</strong></span> <span class='ocrx_word' id='word_1_379' title='bbox 1717 3660 1816 3714; x_wconf 86' lang='lat' dir='ltr'><strong>sed</strong></span> <span class='ocrx_word' id='word_1_380' title='bbox 1879 3661 1948 3716; x_wconf 87' lang='lat' dir='ltr'><strong>de</strong></span> <span class='ocrx_word' id='word_1_381' title='bbox 2005 3662 2131 3717; x_wconf 90' lang='lat' dir='ltr'><strong>solo</strong></span> 
     </span>
    </p>
   </div>
   <div class='ocr_carea' id='block_1_53' title="bbox 492 3746 2134 3822">
    <p class='ocr_par' dir='ltr' id='par_1_53' title="bbox 492 3746 2134 3822">
     <span class='ocr_line' id='line_1_53' title="bbox 492 3746 2134 3822; baseline 0.001 -18"><span class='ocrx_word' id='word_1_382' title='bbox 492 3749 680 3805; x_wconf 73' lang='lat' dir='ltr'><strong>Mariae</strong></span> <span class='ocrx_word' id='word_1_383' title='bbox 717 3747 854 3804; x_wconf 81' lang='lat' dir='ltr'><strong>Filio</strong></span> <span class='ocrx_word' id='word_1_384' title='bbox 887 3748 966 3803; x_wconf 88' lang='lat' dir='ltr'><strong>ita</strong></span> <span class='ocrx_word' id='word_1_385' title='bbox 997 3746 1256 3802; x_wconf 74' lang='lat' dir='ltr'><strong>dicitur?</strong></span> <span class='ocrx_word' id='word_1_386' title='bbox 1287 3746 1680 3818; x_wconf 55' lang='lat' dir='ltr'><strong>Quaecumque</strong></span> <span class='ocrx_word' id='word_1_387' title='bbox 1718 3749 1873 3803; x_wconf 88' lang='lat' dir='ltr'><strong>enim</strong></span> <span class='ocrx_word' id='word_1_388' title='bbox 1924 3766 2134 3822; x_wconf 87' lang='lat' dir='ltr'><strong>corpus</strong></span> 
     </span>
    </p>
   </div>
   <div class='ocr_carea' id='block_1_54' title="bbox 490 3835 2135 3909">
    <p class='ocr_par' dir='ltr' id='par_1_54' title="bbox 490 3835 2135 3909">
     <span class='ocr_line' id='line_1_54' title="bbox 490 3835 2135 3909; baseline -0.001 -14"><span class='ocrx_word' id='word_1_389' title='bbox 490 3839 649 3895; x_wconf 89' lang='lat' dir='ltr'><strong>istud</strong></span> <span class='ocrx_word' id='word_1_390' title='bbox 684 3854 925 3909; x_wconf 89' lang='lat' dir='ltr'><strong>passum</strong></span> <span class='ocrx_word' id='word_1_391' title='bbox 975 3839 1084 3902; x_wconf 91' lang='lat' dir='ltr'><strong>est,</strong></span> <span class='ocrx_word' id='word_1_392' title='bbox 1135 3835 1254 3890; x_wconf 73' lang='lat' dir='ltr'><strong>hinc</strong></span> <span class='ocrx_word' id='word_1_393' title='bbox 1299 3836 1462 3904; x_wconf 81' lang='lat' dir='ltr'><strong>quasi</strong></span> <span class='ocrx_word' id='word_1_394' title='bbox 1517 3835 1642 3906; x_wconf 90' lang='lat' dir='ltr'><strong>ipso</strong></span> <span class='ocrx_word' id='word_1_395' title='bbox 1675 3837 1932 3908; x_wconf 81' lang='lat' dir='ltr'><strong>patiente</strong></span> <span class='ocrx_word' id='word_1_396' title='bbox 1963 3840 2135 3895; x_wconf 89' lang='lat' dir='ltr'><strong>verbo</strong></span> 
     </span>
    </p>
   </div>
   <div class='ocr_carea' id='block_1_55' title="bbox 483 3925 2139 3985">
    <p class='ocr_par' dir='ltr' id='par_1_55' title="bbox 483 3925 2139 3985">
     <span class='ocr_line' id='line_1_55' title="bbox 483 3925 2139 3985; baseline -0.001 0"><span class='ocrx_word' id='word_1_397' title='bbox 483 3929 639 3985; x_wconf 87' lang='lat' dir='ltr'><strong>dicta</strong></span> <span class='ocrx_word' id='word_1_398' title='bbox 670 3929 901 3982; x_wconf 67' lang='lat' dir='ltr'><strong>suutJﬂt</strong></span> <span class='ocrx_word' id='word_1_399' title='bbox 946 3944 1080 3980; x_wconf 86' lang='lat' dir='ltr'><strong>cum</strong></span> <span class='ocrx_word' id='word_1_400' title='bbox 1141 3926 1209 3979; x_wconf 91' lang='lat' dir='ltr'><strong>de</strong></span> <span class='ocrx_word' id='word_1_401' title='bbox 1270 3925 1402 3979; x_wconf 89' lang='lat' dir='ltr'><strong>aliis</strong></span> <span class='ocrx_word' id='word_1_402' title='bbox 1454 3925 1729 3980; x_wconf 88' lang='lat' dir='ltr'><strong>omnibus</strong></span> <span class='ocrx_word' id='word_1_403' title='bbox 1778 3926 2001 3982; x_wconf 89' lang='lat' dir='ltr'><strong>dictum</strong></span> <span class='ocrx_word' id='word_1_404' title='bbox 2061 3929 2139 3985; x_wconf 89' lang='lat' dir='ltr'><strong>sit</strong></span> 
     </span>
    </p>
   </div>
   <div class='ocr_carea' id='block_1_56' title="bbox 479 4013 2135 4087">
    <p class='ocr_par' dir='ltr' id='par_1_56' title="bbox 479 4013 2135 4087">
     <span class='ocr_line' id='line_1_56' title="bbox 479 4013 2135 4087; baseline -0.001 -14"><span class='ocrx_word' id='word_1_405' title='bbox 479 4021 791 4082; x_wconf 80' lang='lat' dir='ltr'><strong>duntaxat,</strong></span> <span class='ocrx_word' id='word_1_406' title='bbox 825 4016 977 4087; x_wconf 87' lang='lat' dir='ltr'><strong>quod</strong></span> <span class='ocrx_word' id='word_1_407' title='bbox 1006 4015 1191 4085; x_wconf 79' lang='lat' dir='ltr'><strong>geniti</strong></span> <span class='ocrx_word' id='word_1_408' title='bbox 1234 4015 1355 4068; x_wconf 83' lang='lat' dir='ltr'><strong>nati</strong></span> <span class='ocrx_word' id='word_1_409' title='bbox 1387 4013 1526 4077; x_wconf 90' lang='lat' dir='ltr'><strong>sint,</strong></span> <span class='ocrx_word' id='word_1_410' title='bbox 1550 4013 1621 4068; x_wconf 87' lang='lat' dir='ltr'><strong>de</strong></span> <span class='ocrx_word' id='word_1_411' title='bbox 1665 4014 1788 4070; x_wconf 83' lang='lat' dir='ltr'><strong>solo</strong></span> <span class='ocrx_word' id='word_1_412' title='bbox 1818 4016 2010 4071; x_wconf 76' lang='lat' dir='ltr'><strong>Mariis</strong></span> <span class='ocrx_word' id='word_1_413' title='bbox 2044 4016 2135 4072; x_wconf 89' lang='lat' dir='ltr'><strong>Fi-</strong></span> 
     </span>
    </p>
   </div>
   <div class='ocr_carea' id='block_1_57' title="bbox 490 4104 1911 4171">
    <p class='ocr_par' dir='ltr' id='par_1_57' title="bbox 490 4104 1911 4171">
     <span class='ocr_line' id='line_1_57' title="bbox 490 4104 1911 4171; baseline -0.001 -9"><span class='ocrx_word' id='word_1_414' title='bbox 490 4108 566 4162; x_wconf 87' lang='lat' dir='ltr'><strong>iio</strong></span> <span class='ocrx_word' id='word_1_415' title='bbox 589 4107 809 4162; x_wconf 89' lang='lat' dir='ltr'><strong>dictum</strong></span> <span class='ocrx_word' id='word_1_416' title='bbox 841 4109 960 4161; x_wconf 87' lang='lat' dir='ltr'><strong>est:</strong></span> <span class='ocrx_word' id='word_1_417' title='bbox 991 4105 1054 4158; x_wconf 83' lang='lat' dir='ltr'><strong>Et</strong></span> <span class='ocrx_word' id='word_1_418' title='bbox 1092 4104 1316 4158; x_wconf 81' lang='lat' dir='ltr'><strong>Verbum</strong></span> <span class='ocrx_word' id='word_1_419' title='bbox 1344 4118 1478 4158; x_wconf 82' lang='lat' dir='ltr'><strong>caro</strong></span> <span class='ocrx_word' id='word_1_420' title='bbox 1507 4105 1712 4171; x_wconf 79' lang='lat' dir='ltr'><strong>factum</strong></span> <span class='ocrx_word' id='word_1_421' title='bbox 1741 4113 1817 4160; x_wconf 74' lang='lat' dir='ltr'><strong>est</strong></span> <span class='ocrx_word' id='word_1_422' title='bbox 1843 4105 1911 4159; x_wconf 83' lang='grc'><strong>⁷⁷.</strong></span> 
     </span>
    </p>
   </div>
   <div class='ocr_carea' id='block_1_58' title="bbox 563 4191 2134 4265">
    <p class='ocr_par' dir='ltr' id='par_1_58' title="bbox 563 4191 2134 4265">
     <span class='ocr_line' id='line_1_58' title="bbox 563 4191 2134 4265; baseline 0.001 -15"><span class='ocrx_word' id='word_1_423' title='bbox 563 4196 732 4251; x_wconf 81' lang='lat' dir='ltr'><strong>12.Ex</strong></span> <span class='ocrx_word' id='word_1_424' title='bbox 756 4194 969 4265; x_wconf 87' lang='lat' dir='ltr'><strong>quibus</strong></span> <span class='ocrx_word' id='word_1_425' title='bbox 1001 4193 1331 4249; x_wconf 88' lang='lat' dir='ltr'><strong>ostenditur</strong></span> <span class='ocrx_word' id='word_1_426' title='bbox 1351 4192 1421 4246; x_wconf 90' lang='lat' dir='ltr'><strong>nd</strong></span> <span class='ocrx_word' id='word_1_427' title='bbox 1446 4191 1700 4264; x_wconf 87' lang='lat' dir='ltr'><strong>reliquos</strong></span> <span class='ocrx_word' id='word_1_428' title='bbox 1732 4194 1969 4265; x_wconf 89' lang='lat' dir='ltr'><strong>quidem</strong></span> <span class='ocrx_word' id='word_1_429' title='bbox 1999 4213 2134 4252; x_wconf 86' lang='lat' dir='ltr'><strong>san-</strong></span> 
     </span>
    </p>
   </div>
   <div class='ocr_carea' id='block_1_59' title="bbox 487 4282 2136 4352">
    <p class='ocr_par' dir='ltr' id='par_1_59' title="bbox 487 4282 2136 4352">
     <span class='ocr_line' id='line_1_59' title="bbox 487 4282 2136 4352; baseline -0.001 -11"><span class='ocrx_word' id='word_1_430' title='bbox 487 4290 610 4341; x_wconf 89' lang='lat' dir='ltr'><strong>ctos</strong></span> <span class='ocrx_word' id='word_1_431' title='bbox 645 4285 884 4340; x_wconf 88' lang='lat' dir='ltr'><strong>verbum</strong></span> <span class='ocrx_word' id='word_1_432' title='bbox 916 4284 1133 4338; x_wconf 79' lang='lat' dir='ltr'><strong>factum</strong></span> <span class='ocrx_word' id='word_1_433' title='bbox 1165 4297 1292 4336; x_wconf 90' lang='lat' dir='ltr'><strong>esse</strong></span> <span class='ocrx_word' id='word_1_434' title='bbox 1315 4286 1378 4336; x_wconf 89' lang='lat' dir='ltr'><strong>ut</strong></span> <span class='ocrx_word' id='word_1_435' title='bbox 1397 4282 1835 4352; x_wconf 80' lang='lat' dir='ltr'><strong>prophetarent:</strong></span> <span class='ocrx_word' id='word_1_436' title='bbox 1859 4301 1927 4338; x_wconf 85' lang='lat' dir='ltr'><strong>ex</strong></span> <span class='ocrx_word' id='word_1_437' title='bbox 1949 4284 2136 4341; x_wconf 87' lang='lat' dir='ltr'><strong>Maria</strong></span> 
     </span>
    </p>
   </div>
   <div class='ocr_carea' id='block_1_60' title="bbox 485 4369 2132 4446">
    <p class='ocr_par' dir='ltr' id='par_1_60' title="bbox 485 4369 2132 4446">
     <span class='ocr_line' id='line_1_60' title="bbox 485 4369 2132 4446; baseline 0.001 -18"><span class='ocrx_word' id='word_1_438' title='bbox 485 4381 676 4430; x_wconf 80' lang='lat' dir='ltr'><strong>autem</strong></span> <span class='ocrx_word' id='word_1_439' title='bbox 695 4374 950 4428; x_wconf 90' lang='lat' dir='ltr'><strong>Verbum</strong></span> <span class='ocrx_word' id='word_1_440' title='bbox 981 4387 1154 4427; x_wconf 87' lang='lat' dir='ltr'><strong>carne</strong></span> <span class='ocrx_word' id='word_1_441' title='bbox 1168 4376 1473 4440; x_wconf 83' lang='lat' dir='ltr'><strong>assumpta</strong></span> <span class='ocrx_word' id='word_1_442' title='bbox 1493 4369 1789 4426; x_wconf 90' lang='lat' dir='ltr'><strong>hominem</strong></span> <span class='ocrx_word' id='word_1_443' title='bbox 1825 4374 2132 4446; x_wconf 88' lang='lat' dir='ltr'><strong>prodiisse,</strong></span> 
     </span>
    </p>
   </div>
   <div class='ocr_carea' id='block_1_61' title="bbox 481 4459 2129 4535">
    <p class='ocr_par' dir='ltr' id='par_1_61' title="bbox 481 4459 2129 4535">
     <span class='ocr_line' id='line_1_61' title="bbox 481 4459 2129 4535; baseline 0 -17"><span class='ocrx_word' id='word_1_444' title='bbox 481 4462 583 4535; x_wconf 90' lang='lat' dir='ltr'><strong>qui</strong></span> <span class='ocrx_word' id='word_1_445' title='bbox 617 4466 824 4518; x_wconf 87' lang='lat' dir='ltr'><strong>natura</strong></span> <span class='ocrx_word' id='word_1_446' title='bbox 852 4461 1087 4533; x_wconf 87' lang='lat' dir='ltr'><strong>quidem</strong></span> <span class='ocrx_word' id='word_1_447' title='bbox 1118 4467 1171 4514; x_wconf 90' lang='lat' dir='ltr'><strong>et</strong></span> <span class='ocrx_word' id='word_1_448' title='bbox 1203 4459 1538 4514; x_wconf 73' lang='lat' dir='ltr'><strong>substantia</strong></span> <span class='ocrx_word' id='word_1_449' title='bbox 1573 4459 1820 4515; x_wconf 88' lang='lat' dir='ltr'><strong>Verbum</strong></span> <span class='ocrx_word' id='word_1_450' title='bbox 1858 4463 1952 4518; x_wconf 83' lang='lat' dir='ltr'><strong>Dei</strong></span> <span class='ocrx_word' id='word_1_451' title='bbox 1986 4468 2129 4530; x_wconf 81' lang='lat' dir='ltr'><strong>erat,</strong></span> 
     </span>
    </p>
   </div>
   <div class='ocr_carea' id='block_1_62' title="bbox 478 4547 2130 4620">
    <p class='ocr_par' dir='ltr' id='par_1_62' title="bbox 478 4547 2130 4620">
     <span class='ocr_line' id='line_1_62' title="bbox 478 4547 2130 4620; baseline -0.001 -12"><span class='ocrx_word' id='word_1_452' title='bbox 478 4550 803 4609; x_wconf 86' lang='lat' dir='ltr'><strong>secundum</strong></span> <span class='ocrx_word' id='word_1_453' title='bbox 835 4564 1072 4606; x_wconf 89' lang='lat' dir='ltr'><strong>carnem</strong></span> <span class='ocrx_word' id='word_1_454' title='bbox 1089 4553 1272 4604; x_wconf 88' lang='lat' dir='ltr'><strong>astem</strong></span> <span class='ocrx_word' id='word_1_455' title='bbox 1289 4565 1356 4620; x_wconf 66' lang='lat' dir='ltr'><strong>ex</strong></span> <span class='ocrx_word' id='word_1_456' title='bbox 1377 4547 1600 4603; x_wconf 83' lang='lat' dir='ltr'><strong>semine</strong></span> <span class='ocrx_word' id='word_1_457' title='bbox 1634 4549 1810 4605; x_wconf 85' lang='lat' dir='ltr'><strong>David</strong></span> <span class='ocrx_word' id='word_1_458' title='bbox 1824 4555 1880 4605; x_wconf 92' lang='lat' dir='ltr'><strong>et</strong></span> <span class='ocrx_word' id='word_1_459' title='bbox 1915 4566 1984 4607; x_wconf 87' lang='lat' dir='ltr'><strong>ex</strong></span> <span class='ocrx_word' id='word_1_460' title='bbox 2005 4569 2130 4608; x_wconf 86' lang='lat' dir='ltr'><strong>car-</strong></span> 
     </span>
    </p>
   </div>
   <div class='ocr_carea' id='block_1_63' title="bbox 547 4693 985 4759">
    <p class='ocr_par' dir='ltr' id='par_1_63' title="bbox 547 4693 985 4759">
     <span class='ocr_line' id='line_1_63' title="bbox 547 4693 985 4759; baseline -0.009 -8"><span class='ocrx_word' id='word_1_461' title='bbox 547 4695 594 4731; x_wconf 73' lang='lat'><strong>&quot;</strong></span> <span class='ocrx_word' id='word_1_462' title='bbox 621 4695 790 4750; x_wconf 87' lang='lat' dir='ltr'><strong>Joan.</strong></span> <span class='ocrx_word' id='word_1_463' title='bbox 825 4711 866 4759; x_wconf 82' lang='grc' dir='ltr'><strong>ι,</strong></span> <span class='ocrx_word' id='word_1_464' title='bbox 900 4693 985 4748; x_wconf 80' lang='grc'><strong>14.</strong></span> 
     </span>
    </p>
   </div>
   <div class='ocr_carea' id='block_1_64' title="bbox 547 4833 1355 4964">
    <p class='ocr_par' dir='ltr' id='par_1_64' title="bbox 547 4833 1355 4964">
     <span class='ocr_line' id='line_1_64' title="bbox 547 4833 1355 4964; baseline -0.009 -69"><span class='ocrx_word' id='word_1_465' title='bbox 547 4838 666 4964; x_wconf 64' lang='grc'>(62)</span> <span class='ocrx_word' id='word_1_466' title='bbox 690 4837 1112 4918; x_wconf 81' lang='lat' dir='ltr'><strong>Theodoretus,</strong></span> <span class='ocrx_word' id='word_1_467' title='bbox 1168 4833 1355 4924; x_wconf 63' lang='grc' dir='ltr'>αὐτοῦ.</span> 
     </span>
     <span class='ocr_line' id='line_1_65' title="bbox 547 4908 1355 4964; baseline -0.009 0"><span class='ocrx_word' id='word_1_468' title='bbox 547 4909 628 4964; x_wconf 73' lang='grc' dir='ltr'>πελ</span> <span class='ocrx_word' id='word_1_469' title='bbox 673 4929 716 4964; x_wconf 87' lang='grc' dir='ltr'><strong>ε.</strong></span> <span class='ocrx_word' id='word_1_470' title='bbox 755 4909 898 4964; x_wconf 82' lang='lat' dir='ltr'><strong>Ibid.</strong></span> <span class='ocrx_word' id='word_1_471' title='bbox 933 4908 1152 4964; x_wconf 86' lang='lat' dir='ltr'><strong>Theod.</strong></span> <span class='ocrx_word' id='word_1_472' title='bbox 1187 4925 1355 4959; x_wconf 76' lang='grc' dir='ltr'>εσκοτι</span> 
     </span>
    </p>
   </div>
   <div class='ocr_carea' id='block_1_65' title="bbox 476 4906 2120 4981">
    <p class='ocr_par' dir='ltr' id='par_1_65' title="bbox 476 4906 2120 4981">
     <span class='ocr_line' id='line_1_66' title="bbox 476 4906 2120 4981; baseline 0 -15"><span class='ocrx_word' id='word_1_473' title='bbox 476 4906 716 4966; x_wconf 75' lang='grc' dir='ltr'>ἐστέλλε.</span> <span class='ocrx_word' id='word_1_474' title='bbox 755 4909 898 4964; x_wconf 89' lang='lat' dir='ltr'><strong>Ibid.</strong></span> <span class='ocrx_word' id='word_1_475' title='bbox 933 4908 1152 4981; x_wconf 90' lang='lat' dir='ltr'><strong>Theod_.</strong></span> <span class='ocrx_word' id='word_1_476' title='bbox 1187 4906 1458 4981; x_wconf 62' lang='grc' dir='ltr'>ἐσκότασε.</span> <span class='ocrx_word' id='word_1_477' title='bbox 1495 4906 1672 4981; x_wconf 58' lang='lat' dir='ltr'><strong>Paulo</strong></span> <span class='ocrx_word' id='word_1_478' title='bbox 1713 4914 1844 4981; x_wconf 87' lang='lat' dir='ltr'><strong>post</strong></span> <span class='ocrx_word' id='word_1_479' title='bbox 1883 4914 2120 4981; x_wconf 80' lang='lat' dir='ltr'><strong>Seguer.</strong></span> 
     </span>
    </p>
   </div>
   <div class='ocr_carea' id='block_1_66' title="bbox 475 4978 2118 5051">
    <p class='ocr_par' dir='ltr' id='par_1_66' title="bbox 475 4978 2118 5051">
     <span class='ocr_line' id='line_1_67' title="bbox 475 4978 2118 5051; baseline -0.005 -11"><span class='ocrx_word' id='word_1_480' title='bbox 475 4983 707 5040; x_wconf 90' lang='lat' dir='ltr'><strong>Gobler.</strong></span> <span class='ocrx_word' id='word_1_481' title='bbox 740 4981 992 5035; x_wconf 87' lang='lat' dir='ltr'><strong>Felekm.</strong></span> <span class='ocrx_word' id='word_1_482' title='bbox 1029 4981 1078 5046; x_wconf 92' lang='lat'><strong>1,</strong></span> <span class='ocrx_word' id='word_1_483' title='bbox 1113 4978 1400 5051; x_wconf 84' lang='lat' dir='ltr'><strong>Epiphan.</strong></span> <span class='ocrx_word' id='word_1_484' title='bbox 1435 4981 1490 5032; x_wconf 87' lang='lat' dir='ltr'><strong>et</strong></span> <span class='ocrx_word' id='word_1_485' title='bbox 1530 4978 1840 5046; x_wconf 83' lang='lat' dir='ltr'><strong>Theodor.,</strong></span> <span class='ocrx_word' id='word_1_486' title='bbox 1895 4978 2118 5050; x_wconf 71' lang='grc' dir='ltr'>θνῇτήν.</span> 
     </span>
    </p>
   </div>
   <div class='ocr_carea' id='block_1_67' title="bbox 472 5053 926 5120">
    <p class='ocr_par' dir='ltr' id='par_1_67' title="bbox 472 5053 926 5120">
     <span class='ocr_line' id='line_1_68' title="bbox 472 5053 926 5120; baseline -0.011 -10"><span class='ocrx_word' id='word_1_487' title='bbox 472 5054 645 5118; x_wconf 80' lang='lat' dir='ltr'><strong>Editi,</strong></span> <span class='ocrx_word' id='word_1_488' title='bbox 676 5053 926 5120; x_wconf 72' lang='grc' dir='ltr'>γενητήν.</span> 
     </span>
    </p>
   </div>
   <div class='ocr_carea' id='block_1_68' title="bbox 543 5073 2116 5196">
    <p class='ocr_par' dir='ltr' id='par_1_68' title="bbox 543 5073 2116 5196">
     <span class='ocr_line' id='line_1_69' title="bbox 543 5073 926 5120; baseline -0.01 -11"><span class='ocrx_word' id='word_1_489' title='bbox 543 5073 645 5118; x_wconf 85' lang='grc' dir='ltr'>ιιιι,</span> <span class='ocrx_word' id='word_1_490' title='bbox 715 5073 926 5120; x_wconf 80' lang='grc' dir='ltr'>εντ,την.</span> 
     </span>
     <span class='ocr_line' id='line_1_70' title="bbox 543 5073 2116 5196; baseline 0.003 -22"><span class='ocrx_word' id='word_1_491' title='bbox 543 5127 654 5196; x_wconf 80' lang='grc'>(63)</span> <span class='ocrx_word' id='word_1_492' title='bbox 676 5073 918 5196; x_wconf 50' lang='grc' dir='ltr'>ἓρίρὴη</span> <span class='ocrx_word' id='word_1_493' title='bbox 949 5124 1151 5195; x_wconf 75' lang='grc' dir='ltr'>φθορᾶς</span> <span class='ocrx_word' id='word_1_494' title='bbox 1175 5136 1197 5196; x_wconf 85' lang='lat'><strong>_&#39;</strong></span> <span class='ocrx_word' id='word_1_495' title='bbox 1229 5115 1430 5196; x_wconf 64' lang='grc' dir='ltr'>ἔνδυμα</span> <span class='ocrx_word' id='word_1_496' title='bbox 1467 5116 1523 5173; x_wconf 76' lang='grc' dir='ltr'><strong>δὲ</strong></span> <span class='ocrx_word' id='word_1_497' title='bbox 1564 5121 1765 5196; x_wconf 22' lang='grc' dir='ltr'>,γέγονε</span> <span class='ocrx_word' id='word_1_498' title='bbox 1795 5125 1892 5174; x_wconf 78' lang='grc' dir='ltr'><strong>τοῦ</strong></span> <span class='ocrx_word' id='word_1_499' title='bbox 1920 5122 2116 5196; x_wconf 75' lang='grc' dir='ltr'>Λόγου.</span> 
     </span>
    </p>
   </div>
   <div class='ocr_carea' id='block_1_69' title="bbox 541 5183 2120 5268">
    <p class='ocr_par' dir='ltr' id='par_1_69' title="bbox 541 5183 2120 5268">
     <span class='ocr_line' id='line_1_71' title="bbox 541 5183 2120 5268; baseline -0.003 -16"><span class='ocrx_word' id='word_1_500' title='bbox 541 5183 1093 5268; x_wconf 65' lang='grc' dir='ltr'>(6.4)δὸεὺθινὶδίιυρ,</span> <span class='ocrx_word' id='word_1_501' title='bbox 1145 5191 1220 5268; x_wconf 72' lang='grc' dir='ltr'>εἷς</span> <span class='ocrx_word' id='word_1_502' title='bbox 1263 5183 1506 5268; x_wconf 66' lang='grc' dir='ltr'>ἕκαστον.</span> <span class='ocrx_word' id='word_1_503' title='bbox 1558 5183 2120 5268; x_wconf 15' lang='grc' dir='ltr'>Ιὶιί³τιιι8οιζιιρνιι.,’τὸν</span> 
     </span>
    </p>
   </div>
   <div class='ocr_carea' id='block_1_70' title="bbox 471 5265 2116 5343">
    <p class='ocr_par' dir='ltr' id='par_1_70' title="bbox 471 5265 2116 5343">
     <span class='ocr_line' id='line_1_72' title="bbox 471 5265 2116 5343; baseline -0.001 -20"><span class='ocrx_word' id='word_1_504' title='bbox 471 5265 781 5343; x_wconf 48' lang='lat' dir='ltr'><strong>exemptae:</strong></span> <span class='ocrx_word' id='word_1_505' title='bbox 817 5271 876 5324; x_wconf 87' lang='lat' dir='ltr'><strong>In</strong></span> <span class='ocrx_word' id='word_1_506' title='bbox 910 5265 1106 5343; x_wconf 79' lang='lat' dir='ltr'><strong>editis,</strong></span> <span class='ocrx_word' id='word_1_507' title='bbox 1153 5266 1244 5343; x_wconf 74' lang='grc' dir='ltr'><strong>τόν</strong></span> <span class='ocrx_word' id='word_1_508' title='bbox 1291 5265 1472 5343; x_wconf 74' lang='lat' dir='ltr'><strong>der-st.</strong></span> <span class='ocrx_word' id='word_1_509' title='bbox 1521 5269 1652 5343; x_wconf 79' lang='lat' dir='ltr'><strong>_Mox</strong></span> <span class='ocrx_word' id='word_1_510' title='bbox 1699 5265 2116 5343; x_wconf 81' lang='lat' dir='ltr'><strong>S_eguerianus,</strong></span> 
     </span>
    </p>
   </div>
   <div class='ocr_carea' id='block_1_71' title="bbox 469 5333 2112 5410">
    <p class='ocr_par' dir='ltr' id='par_1_71' title="bbox 469 5333 2112 5410">
     <span class='ocr_line' id='line_1_73' title="bbox 469 5333 2112 5410; baseline -0.003 -13"><span class='ocrx_word' id='word_1_511' title='bbox 469 5333 853 5397; x_wconf 49' lang='lat' dir='ltr'><strong>Goble&#39;rianus</strong></span> <span class='ocrx_word' id='word_1_512' title='bbox 885 5343 942 5393; x_wconf 85' lang='lat' dir='ltr'><strong>et</strong></span> <span class='ocrx_word' id='word_1_513' title='bbox 976 5333 1119 5410; x_wconf 77' lang='lat' dir='ltr'><strong>Felo.</strong></span> <span class='ocrx_word' id='word_1_514' title='bbox 1157 5339 1208 5405; x_wconf 88' lang='lat'><strong>1,</strong></span> <span class='ocrx_word' id='word_1_515' title='bbox 1235 5333 1483 5410; x_wconf 71' lang='grc' dir='ltr'>περιττόν</span> <span class='ocrx_word' id='word_1_516' title='bbox 1519 5333 1628 5410; x_wconf 81' lang='grc' dir='ltr'>ἐστι</span> <span class='ocrx_word' id='word_1_517' title='bbox 1659 5333 2112 5410; x_wconf 30' lang='grc' dir='ltr'>καὶίγυμνάζειν.</span> 
     </span>
    </p>
   </div>
   <div class='ocr_carea' id='block_1_72' title="bbox 541 5407 2116 5485">
    <p class='ocr_par' dir='ltr' id='par_1_72' title="bbox 541 5407 2116 5485">
     <span class='ocr_line' id='line_1_74' title="bbox 541 5407 2116 5485; baseline -0.003 -19"><span class='ocrx_word' id='word_1_518' title='bbox 541 5413 654 5485; x_wconf 88' lang='grc'>(65)</span> <span class='ocrx_word' id='word_1_519' title='bbox 685 5417 924 5485; x_wconf 53' lang='grc' dir='ltr'><strong>δεξιευονζ</strong></span> <span class='ocrx_word' id='word_1_520' title='bbox 955 5407 1320 5485; x_wconf 25' lang='grc' dir='ltr'>(ὶοὶᾼοικιρι,</span> <span class='ocrx_word' id='word_1_521' title='bbox 1347 5408 1507 5485; x_wconf 78' lang='lat' dir='ltr'><strong>Fc_lc_._</strong></span> <span class='ocrx_word' id='word_1_522' title='bbox 1534 5409 1580 5485; x_wconf 84' lang='lat'><strong>1_,</strong></span> <span class='ocrx_word' id='word_1_523' title='bbox 1612 5410 1709 5470; x_wconf 69' lang='grc' dir='ltr'>τῆς</span> <span class='ocrx_word' id='word_1_524' title='bbox 1741 5407 1942 5485; x_wconf 41' lang='lat' dir='ltr'><strong>aibas.</strong></span> <span class='ocrx_word' id='word_1_525' title='bbox 1984 5410 2116 5485; x_wconf 68' lang='lat' dir='ltr'><strong>qu</strong></span> 
     </span>
    </p>
   </div>
   <div class='ocr_carea' id='block_1_73' title="bbox 467 5478 2118 5556">
    <p class='ocr_par' dir='ltr' id='par_1_73' title="bbox 467 5478 2118 5556">
     <span class='ocr_line' id='line_1_75' title="bbox 467 5478 2118 5556; baseline -0.001 -20"><span class='ocrx_word' id='word_1_526' title='bbox 467 5478 830 5556; x_wconf 63' lang='lat' dir='ltr'><strong>Segliérian.,</strong></span> <span class='ocrx_word' id='word_1_527' title='bbox 864 5481 1020 5556; x_wconf 77' lang='grc' dir='ltr'>οὗτος</span> <span class='ocrx_word' id='word_1_528' title='bbox 1073 5478 1130 5532; x_wconf 85' lang='grc' dir='ltr'><strong>ἐκ</strong></span> <span class='ocrx_word' id='word_1_529' title='bbox 1179 5479 1346 5550; x_wconf 86' lang='grc' dir='ltr'>Παρθ.</span> <span class='ocrx_word' id='word_1_530' title='bbox 1404 5478 1554 5556; x_wconf 75' lang='lat' dir='ltr'><strong>Editi</strong></span> <span class='ocrx_word' id='word_1_531' title='bbox 1608 5486 1664 5534; x_wconf 85' lang='lat' dir='ltr'><strong>et</strong></span> <span class='ocrx_word' id='word_1_532' title='bbox 1701 5480 2028 5556; x_wconf 68' lang='lat' dir='ltr'><strong>alii._o’51:wc</strong></span> <span class='ocrx_word' id='word_1_533' title='bbox 2059 5478 2118 5556; x_wconf 75' lang='grc' dir='ltr'><strong>ἐκ</strong></span> 
     </span>
    </p>
   </div>
   <div class='ocr_carea' id='block_1_74' title="bbox 471 5551 2113 5636">
    <p class='ocr_par' dir='ltr' id='par_1_74' title="bbox 471 5551 2113 5636">
     <span class='ocr_line' id='line_1_76' title="bbox 471 5551 2113 5636; baseline -0.002 -27"><span class='ocrx_word' id='word_1_534' title='bbox 471 5551 816 5636; x_wconf 38' lang='grc' dir='ltr'>ΠαρθκΜρΧ.</span> <span class='ocrx_word' id='word_1_535' title='bbox 844 5555 1066 5636; x_wconf 49' lang='lat' dir='ltr'><strong>Anglic:</strong></span> <span class='ocrx_word' id='word_1_536' title='bbox 1108 5560 1344 5634; x_wconf 72' lang='lat' dir='ltr'><strong>Seguer.</strong></span> <span class='ocrx_word' id='word_1_537' title='bbox 1394 5551 1626 5636; x_wconf 65' lang='lat' dir='ltr'><strong>Gobler.</strong></span> <span class='ocrx_word' id='word_1_538' title='bbox 1670 5560 1728 5636; x_wconf 80' lang='lat' dir='ltr'><strong>et</strong></span> <span class='ocrx_word' id='word_1_539' title='bbox 1762 5553 1909 5636; x_wconf 71' lang='lat' dir='ltr'><strong>b‘eic.</strong></span> <span class='ocrx_word' id='word_1_540' title='bbox 1943 5559 1994 5636; x_wconf 69' lang='lat'><strong>1,</strong></span> <span class='ocrx_word' id='word_1_541' title='bbox 2026 5551 2113 5636; x_wconf 72' lang='grc' dir='ltr'><strong>καὶ</strong></span> 
     </span>
    </p>
   </div>
   <div class='ocr_carea' id='block_1_75' title="bbox 469 5621 2110 5698">
    <p class='ocr_par' dir='ltr' id='par_1_75' title="bbox 469 5621 2110 5698">
     <span class='ocr_line' id='line_1_77' title="bbox 469 5621 2110 5698; baseline 0 -18"><span class='ocrx_word' id='word_1_542' title='bbox 469 5621 664 5698; x_wconf 68' lang='grc' dir='ltr'>μὴ’καὶ</span> <span class='ocrx_word' id='word_1_543' title='bbox 694 5625 860 5687; x_wconf 79' lang='grc' dir='ltr'>αὐτὸς</span> <span class='ocrx_word' id='word_1_544' title='bbox 897 5621 1396 5698; x_wconf 33' lang='lat' dir='ltr'><strong>finSegue‘rianq</strong></span> <span class='ocrx_word' id='word_1_545' title='bbox 1430 5621 1519 5677; x_wconf 86' lang='grc' dir='ltr'><strong>καί</strong></span> <span class='ocrx_word' id='word_1_546' title='bbox 1559 5624 1723 5681; x_wconf 85' lang='lat' dir='ltr'><strong>deest</strong></span> <span class='ocrx_word' id='word_1_547' title='bbox 1761 5629 1897 5681; x_wconf 81' lang='lat' dir='ltr'><strong>ante</strong></span> <span class='ocrx_word' id='word_1_548' title='bbox 1929 5623 2110 5684; x_wconf 81' lang='grc' dir='ltr'>αὐτός.</span> 
     </span>
    </p>
   </div>
   <div class='ocr_carea' id='block_1_76' title="bbox 465 5694 1370 5767">
    <p class='ocr_par' dir='ltr' id='par_1_76' title="bbox 465 5694 1370 5767">
     <span class='ocr_line' id='line_1_78' title="bbox 465 5694 1370 5767; baseline -0.006 -14"><span class='ocrx_word' id='word_1_549' title='bbox 465 5694 612 5754; x_wconf 79' lang='lat' dir='ltr'><strong>Editi</strong></span> <span class='ocrx_word' id='word_1_550' title='bbox 644 5715 798 5762; x_wconf 84' lang='lat' dir='ltr'><strong>vero.</strong></span> <span class='ocrx_word' id='word_1_551' title='bbox 831 5696 918 5752; x_wconf 78' lang='grc' dir='ltr'>καὶ</span> <span class='ocrx_word' id='word_1_552' title='bbox 957 5695 1032 5767; x_wconf 77' lang='grc' dir='ltr'>μή</span> <span class='ocrx_word' id='word_1_553' title='bbox 1058 5694 1156 5767; x_wconf 41' lang='grc' dir='ltr'>καὶ.</span> <span class='ocrx_word' id='word_1_554' title='bbox 1179 5694 1370 5767; x_wconf 76' lang='grc' dir='ltr'>οὕτως.</span> 
     </span>
    </p>
   </div>
   <div class='ocr_carea' id='block_1_77' title="bbox 537 5763 1524 5840">
    <p class='ocr_par' dir='ltr' id='par_1_77' title="bbox 537 5763 1524 5840">
     <span class='ocr_line' id='line_1_79' title="bbox 537 5763 1524 5840; baseline -0.001 -17"><span class='ocrx_word' id='word_1_555' title='bbox 537 5770 648 5840; x_wconf 86' lang='lat'>(66)</span> <span class='ocrx_word' id='word_1_556' title='bbox 679 5763 1041 5840; x_wconf 81' lang='lat' dir='ltr'><strong>Segueriau.,</strong></span> <span class='ocrx_word' id='word_1_557' title='bbox 1137 5763 1224 5840; x_wconf 69' lang='grc' dir='ltr'><strong>διὰ</strong></span> <span class='ocrx_word' id='word_1_558' title='bbox 1252 5765 1305 5840; x_wconf 78' lang='grc' dir='ltr'><strong>τί</strong></span> <span class='ocrx_word' id='word_1_559' title='bbox 1333 5763 1524 5840; x_wconf 49' lang='grc' dir='ltr'>οὕτως.</span> 
     </span>
    </p>
   </div>
   <div class='ocr_carea' id='block_1_78' title="bbox 536 5837 2114 5912">
    <p class='ocr_par' dir='ltr' id='par_1_78' title="bbox 536 5837 2114 5912">
     <span class='ocr_line' id='line_1_80' title="bbox 536 5837 2114 5912; baseline 0.001 -18"><span class='ocrx_word' id='word_1_560' title='bbox 536 5837 648 5912; x_wconf 86' lang='grc'>(67)</span> <span class='ocrx_word' id='word_1_561' title='bbox 679 5837 859 5901; x_wconf 79' lang='grc' dir='ltr'>Μόνος</span> <span class='ocrx_word' id='word_1_562' title='bbox 887 5840 1051 5893; x_wconf 88' lang='lat' dir='ltr'><strong>deest</strong></span> <span class='ocrx_word' id='word_1_563' title='bbox 1074 5838 1131 5892; x_wconf 90' lang='lat' dir='ltr'><strong>in</strong></span> <span class='ocrx_word' id='word_1_564' title='bbox 1159 5837 1330 5894; x_wconf 84' lang='lat' dir='ltr'><strong>Basil.</strong></span> <span class='ocrx_word' id='word_1_565' title='bbox 1360 5838 1610 5906; x_wconf 83' lang='lat' dir='ltr'><strong>ibidem,</strong></span> <span class='ocrx_word' id='word_1_566' title='bbox 1633 5837 1931 5911; x_wconf 75' lang='grc' dir='ltr'>τριήμερος</span> <span class='ocrx_word' id='word_1_567' title='bbox 1949 5840 2114 5896; x_wconf 81' lang='lat' dir='ltr'><strong>deest</strong></span> 
     </span>
    </p>
   </div>
   <div class='ocr_carea' id='block_1_79' title="bbox 2251 2047 3894 2128">
    <p class='ocr_par' dir='ltr' id='par_1_79' title="bbox 2251 2047 3894 2128">
     <span class='ocr_line' id='line_1_81' title="bbox 2251 2047 3894 2128; baseline 0.006 -26"><span class='ocrx_word' id='word_1_568' title='bbox 2251 2047 2409 2118; x_wconf 67' lang='grc' dir='ltr'>ἦλθε,</span> <span class='ocrx_word' id='word_1_569' title='bbox 2444 2047 2532 2104; x_wconf 69' lang='grc' dir='ltr'><strong>διὰ</strong></span> <span class='ocrx_word' id='word_1_570' title='bbox 2584 2049 2638 2104; x_wconf 90' lang='grc' dir='ltr'><strong>τί</strong></span> <span class='ocrx_word' id='word_1_571' title='bbox 2696 2051 2852 2116; x_wconf 79' lang='grc' dir='ltr'>οὗτος</span> <span class='ocrx_word' id='word_1_572' title='bbox 2907 2049 2967 2107; x_wconf 86' lang='grc' dir='ltr'><strong>ἐκ</strong></span> <span class='ocrx_word' id='word_1_573' title='bbox 3011 2053 3306 2128; x_wconf 75' lang='grc' dir='ltr'>Παρθένου,</span> <span class='ocrx_word' id='word_1_574' title='bbox 3353 2053 3442 2107; x_wconf 82' lang='grc' dir='ltr'><strong>καὶ</strong></span> <span class='ocrx_word' id='word_1_575' title='bbox 3495 2055 3572 2126; x_wconf 79' lang='grc' dir='ltr'>μή</span> <span class='ocrx_word' id='word_1_576' title='bbox 3621 2060 3714 2110; x_wconf 83' lang='grc' dir='ltr'><strong>καῖ</strong></span> <span class='ocrx_word' id='word_1_577' title='bbox 3740 2055 3894 2120; x_wconf 75' lang='grc' dir='ltr'>αὐτὸς</span> 
     </span>
    </p>
   </div>
   <div class='ocr_carea' id='block_1_80' title="bbox 2251 2135 3894 2217">
    <p class='ocr_par' dir='ltr' id='par_1_80' title="bbox 2251 2135 3894 2217">
     <span class='ocr_line' id='line_1_82' title="bbox 2251 2135 3894 2217; baseline 0.012 -25"><span class='ocrx_word' id='word_1_578' title='bbox 2251 2136 2298 2210; x_wconf 79' lang='grc' dir='ltr'>ἐξ</span> <span class='ocrx_word' id='word_1_579' title='bbox 2331 2135 2522 2214; x_wconf 76' lang='grc' dir='ltr'>ἀνδρὸς</span> <span class='ocrx_word' id='word_1_580' title='bbox 2555 2139 2643 2194; x_wconf 85' lang='grc' dir='ltr'><strong>καὶ</strong></span> <span class='ocrx_word' id='word_1_581' title='bbox 2673 2141 2924 2216; x_wconf 83' lang='grc' dir='ltr'>γυναικός</span> <span class='ocrx_word' id='word_1_582' title='bbox 2951 2161 2965 2210; x_wconf 91' lang='grc'>;</span> <span class='ocrx_word' id='word_1_583' title='bbox 3015 2141 3202 2216; x_wconf 63' lang='grc' dir='ltr'>Οῧῖως</span> <span class='ocrx_word' id='word_1_584' title='bbox 3251 2144 3356 2217; x_wconf 70' lang='grc' dir='ltr'>γᾶρ</span> <span class='ocrx_word' id='word_1_585' title='bbox 3404 2145 3492 2198; x_wconf 69' lang='grc' dir='ltr'>καὶ</span> <span class='ocrx_word' id='word_1_586' title='bbox 3523 2141 3750 2208; x_wconf 73' lang='grc' dir='ltr'>ἕκαστος</span> <span class='ocrx_word' id='word_1_587' title='bbox 3789 2151 3894 2202; x_wconf 72' lang='grc' dir='ltr'>τῶν</span> 
     </span>
    </p>
   </div>
   <div class='ocr_carea' id='block_1_81' title="bbox 2252 2227 3894 2310">
    <p class='ocr_par' dir='ltr' id='par_1_81' title="bbox 2252 2227 3894 2310">
     <span class='ocr_line' id='line_1_83' title="bbox 2252 2227 3894 2310; baseline 0.005 -28"><span class='ocrx_word' id='word_1_588' title='bbox 2252 2227 2414 2302; x_wconf 76' lang='grc' dir='ltr'>ἁγίων</span> <span class='ocrx_word' id='word_1_589' title='bbox 2448 2227 2727 2303; x_wconf 65' lang='grc' dir='ltr'>ἐγεννήθη.</span> <span class='ocrx_word' id='word_1_590' title='bbox 2761 2231 2828 2287; x_wconf 80' lang='grc' dir='ltr'><em>Ἥ</em></span> <span class='ocrx_word' id='word_1_591' title='bbox 2858 2227 2944 2285; x_wconf 68' lang='grc' dir='ltr'>διὰ</span> <span class='ocrx_word' id='word_1_592' title='bbox 2973 2229 3044 2299; x_wconf 88' lang='grc' dir='ltr'><strong>τί,</strong></span> <span class='ocrx_word' id='word_1_593' title='bbox 3080 2230 3250 2293; x_wconf 77' lang='grc' dir='ltr'>οὕτως</span> <span class='ocrx_word' id='word_1_594' title='bbox 3281 2229 3538 2295; x_wconf 67' lang='grc' dir='ltr'>ἐλθόντος</span> <span class='ocrx_word' id='word_1_595' title='bbox 3567 2237 3666 2288; x_wconf 69' lang='grc' dir='ltr'><strong>τοῦ</strong></span> <span class='ocrx_word' id='word_1_596' title='bbox 3695 2236 3894 2310; x_wconf 74' lang='grc' dir='ltr'>Λόγου,</span> 
     </span>
    </p>
   </div>
   <div class='ocr_carea' id='block_1_82' title="bbox 2250 2316 3892 2400">
    <p class='ocr_par' dir='ltr' id='par_1_82' title="bbox 2250 2316 3892 2400">
     <span class='ocr_line' id='line_1_84' title="bbox 2250 2316 3892 2400; baseline 0.005 -29"><span class='ocrx_word' id='word_1_597' title='bbox 2250 2316 2356 2392; x_wconf 66' lang='grc' dir='ltr'>οὐχ</span> <span class='ocrx_word' id='word_1_598' title='bbox 2399 2318 2426 2372; x_wconf 97' lang='lat'><strong>6</strong></span> <span class='ocrx_word' id='word_1_599' title='bbox 2481 2318 2706 2373; x_wconf 69' lang='grc' dir='ltr'>ἑκάστου</span> <span class='ocrx_word' id='word_1_600' title='bbox 2756 2321 2985 2383; x_wconf 80' lang='grc' dir='ltr'>θάνατος</span> <span class='ocrx_word' id='word_1_601' title='bbox 3031 2319 3243 2396; x_wconf 82' lang='grc' dir='ltr'>λέγεται</span> <span class='ocrx_word' id='word_1_602' title='bbox 3289 2322 3420 2395; x_wconf 73' lang='grc' dir='ltr'>ὑπὲρ</span> <span class='ocrx_word' id='word_1_603' title='bbox 3470 2324 3629 2396; x_wconf 78' lang='grc' dir='ltr'>ἡμῶν</span> <span class='ocrx_word' id='word_1_604' title='bbox 3679 2333 3892 2400; x_wconf 80' lang='grc' dir='ltr'>γεγενῆ-</span> 
     </span>
    </p>
   </div>
   <div class='ocr_carea' id='block_1_83' title="bbox 2249 2405 3892 2484">
    <p class='ocr_par' dir='ltr' id='par_1_83' title="bbox 2249 2405 3892 2484">
     <span class='ocr_line' id='line_1_85' title="bbox 2249 2405 3892 2484; baseline 0.005 -24"><span class='ocrx_word' id='word_1_605' title='bbox 2249 2409 2390 2474; x_wconf 88' lang='grc' dir='ltr'>σθαι,</span> <span class='ocrx_word' id='word_1_606' title='bbox 2444 2405 2571 2462; x_wconf 75' lang='grc' dir='ltr'>αλλ’</span> <span class='ocrx_word' id='word_1_607' title='bbox 2623 2409 2651 2463; x_wconf 85' lang='lat'><strong>6</strong></span> <span class='ocrx_word' id='word_1_608' title='bbox 2688 2407 2884 2463; x_wconf 71' lang='grc' dir='ltr'>τούτου</span> <span class='ocrx_word' id='word_1_609' title='bbox 2937 2409 3141 2484; x_wconf 89' lang='grc' dir='ltr'>μόνος;</span> <span class='ocrx_word' id='word_1_610' title='bbox 3194 2411 3292 2464; x_wconf 79' lang='grc' dir='ltr'><strong>Διὰ</strong></span> <span class='ocrx_word' id='word_1_611' title='bbox 3339 2410 3390 2464; x_wconf 91' lang='grc' dir='ltr'><strong>τί</strong></span> <span class='ocrx_word' id='word_1_612' title='bbox 3419 2407 3496 2480; x_wconf 76' lang='grc' dir='ltr'>δὲ,</span> <span class='ocrx_word' id='word_1_613' title='bbox 3527 2413 3646 2476; x_wconf 88' lang='grc' dir='ltr'>καθ’</span> <span class='ocrx_word' id='word_1_614' title='bbox 3674 2409 3892 2469; x_wconf 71' lang='grc' dir='ltr'>ἕκαστον</span> 
     </span>
    </p>
   </div>
   <div class='ocr_carea' id='block_1_84' title="bbox 2245 2495 3892 2576">
    <p class='ocr_par' dir='ltr' id='par_1_84' title="bbox 2245 2495 3892 2576">
     <span class='ocr_line' id='line_1_86' title="bbox 2245 2495 3892 2576; baseline 0.004 -26"><span class='ocrx_word' id='word_1_615' title='bbox 2245 2500 2351 2550; x_wconf 85' lang='grc' dir='ltr'><strong>τῶν</strong></span> <span class='ocrx_word' id='word_1_616' title='bbox 2382 2502 2678 2574; x_wconf 74' lang='grc' dir='ltr'><strong>προφητῶν</strong></span> <span class='ocrx_word' id='word_1_617' title='bbox 2733 2495 3135 2572; x_wconf 78' lang='grc' dir='ltr'><strong>ἐπιδημοῦντος</strong></span> <span class='ocrx_word' id='word_1_618' title='bbox 3181 2503 3276 2554; x_wconf 73' lang='grc' dir='ltr'><strong>τοῦ</strong></span> <span class='ocrx_word' id='word_1_619' title='bbox 3337 2499 3538 2575; x_wconf 84' lang='grc' dir='ltr'>Λόγου,</span> <span class='ocrx_word' id='word_1_620' title='bbox 3599 2500 3778 2576; x_wconf 88' lang='grc' dir='ltr'>λέγετε</span> <span class='ocrx_word' id='word_1_621' title='bbox 3806 2503 3892 2558; x_wconf 65' lang='grc' dir='ltr'><strong>ἐπὶ</strong></span> 
     </span>
    </p>
   </div>
   <div class='ocr_carea' id='block_1_85' title="bbox 2251 2583 3897 2663">
    <p class='ocr_par' dir='ltr' id='par_1_85' title="bbox 2251 2583 3897 2663">
     <span class='ocr_line' id='line_1_87' title="bbox 2251 2583 3897 2663; baseline 0.005 -25"><span class='ocrx_word' id='word_1_622' title='bbox 2251 2585 2418 2654; x_wconf 60' lang='grc' dir='ltr'>μένου</span> <span class='ocrx_word' id='word_1_623' title='bbox 2467 2590 2562 2640; x_wconf 74' lang='grc' dir='ltr'><strong>τοῦ</strong></span> <span class='ocrx_word' id='word_1_624' title='bbox 2612 2583 2669 2640; x_wconf 80' lang='grc' dir='ltr'><strong>ἐκ</strong></span> <span class='ocrx_word' id='word_1_625' title='bbox 2713 2587 2945 2662; x_wconf 78' lang='grc' dir='ltr'>Μαρίας,</span> <span class='ocrx_word' id='word_1_626' title='bbox 3001 2588 3074 2650; x_wconf 87' lang='grc' dir='ltr'>ὡς</span> <span class='ocrx_word' id='word_1_627' title='bbox 3129 2588 3264 2659; x_wconf 78' lang='grc' dir='ltr'>ἅπαξ</span> <span class='ocrx_word' id='word_1_628' title='bbox 3311 2588 3396 2644; x_wconf 77' lang='grc' dir='ltr'><strong>ἐπὶ</strong></span> <span class='ocrx_word' id='word_1_629' title='bbox 3458 2590 3736 2663; x_wconf 78' lang='grc' dir='ltr'>συντελείᾳ</span> <span class='ocrx_word' id='word_1_630' title='bbox 3791 2597 3897 2647; x_wconf 89' lang='grc' dir='ltr'><strong>τῶν</strong></span> 
     </span>
    </p>
   </div>
   <div class='ocr_carea' id='block_1_86' title="bbox 2246 2673 3894 2747">
    <p class='ocr_par' dir='ltr' id='par_1_86' title="bbox 2246 2673 3894 2747">
     <span class='ocr_line' id='line_1_88' title="bbox 2246 2673 3894 2747; baseline 0.007 -22"><span class='ocrx_word' id='word_1_631' title='bbox 2246 2674 2457 2728; x_wconf 74' lang='grc' dir='ltr'>αἰὶινων</span> <span class='ocrx_word' id='word_1_632' title='bbox 2511 2673 3000 2747; x_wconf 72' lang='grc' dir='ltr'>ἐπιδημήσαντοςξ</span> <span class='ocrx_word' id='word_1_633' title='bbox 3053 2679 3120 2733; x_wconf 81' lang='grc' dir='ltr'><strong>’Ἡ</strong></span> <span class='ocrx_word' id='word_1_634' title='bbox 3169 2675 3257 2731; x_wconf 74' lang='grc' dir='ltr'><strong>διὰ</strong></span> <span class='ocrx_word' id='word_1_635' title='bbox 3304 2677 3377 2746; x_wconf 87' lang='grc' dir='ltr'><strong>τί,</strong></span> <span class='ocrx_word' id='word_1_636' title='bbox 3423 2677 3675 2742; x_wconf 73' lang='grc' dir='ltr'>ἐλθόντος</span> <span class='ocrx_word' id='word_1_637' title='bbox 3728 2681 3894 2736; x_wconf 74' lang='grc' dir='ltr'>αὐτοῦ</span> 
     </span>
    </p>
   </div>
   <div class='ocr_carea' id='block_1_87' title="bbox 2246 2761 3891 2844">
    <p class='ocr_par' dir='ltr' id='par_1_87' title="bbox 2246 2761 3891 2844">
     <span class='ocr_line' id='line_1_89' title="bbox 2246 2761 3891 2844; baseline 0.006 -30"><span class='ocrx_word' id='word_1_638' title='bbox 2246 2766 2357 2836; x_wconf 74' lang='lat'>(65)</span> <span class='ocrx_word' id='word_1_639' title='bbox 2395 2809 2409 2832; x_wconf 84' lang='grc'><strong>,</strong></span> <span class='ocrx_word' id='word_1_640' title='bbox 2442 2765 2516 2826; x_wconf 86' lang='grc' dir='ltr'>ὡς</span> <span class='ocrx_word' id='word_1_641' title='bbox 2568 2761 2732 2833; x_wconf 77' lang='grc' dir='ltr'>ἦλθεν</span> <span class='ocrx_word' id='word_1_642' title='bbox 2780 2763 2830 2820; x_wconf 85' lang='grc' dir='ltr'><strong>ἐν</strong></span> <span class='ocrx_word' id='word_1_643' title='bbox 2889 2771 3007 2828; x_wconf 85' lang='grc' dir='ltr'>τοῖς</span> <span class='ocrx_word' id='word_1_644' title='bbox 3067 2764 3368 2843; x_wconf 83' lang='grc' dir='ltr'>ἔμπροσθεν</span> <span class='ocrx_word' id='word_1_645' title='bbox 3431 2769 3611 2844; x_wconf 79' lang='grc' dir='ltr'>ἁγίοις</span> <span class='ocrx_word' id='word_1_646' title='bbox 3642 2815 3656 2840; x_wconf 84' lang='grc'><strong>,</strong></span> <span class='ocrx_word' id='word_1_647' title='bbox 3707 2771 3765 2824; x_wconf 74' lang='grc' dir='ltr'>οἱ</span> <span class='ocrx_word' id='word_1_648' title='bbox 3799 2771 3891 2844; x_wconf 73' lang='grc' dir='ltr'>μὲν</span> 
     </span>
    </p>
   </div>
   <div class='ocr_carea' id='block_1_88' title="bbox 2246 2849 3896 2926">
    <p class='ocr_par' dir='ltr' id='par_1_88' title="bbox 2246 2849 3896 2926">
     <span class='ocr_line' id='line_1_90' title="bbox 2246 2849 3896 2926; baseline 0.005 -21"><span class='ocrx_word' id='word_1_649' title='bbox 2246 2849 2408 2907; x_wconf 66' lang='grc' dir='ltr'>ἄλλοι</span> <span class='ocrx_word' id='word_1_650' title='bbox 2466 2853 2682 2923; x_wconf 81' lang='grc' dir='ltr'>πάντες,</span> <span class='ocrx_word' id='word_1_651' title='bbox 2742 2853 3126 2922; x_wconf 80' lang='grc' dir='ltr'>ἀποθανόντες,</span> <span class='ocrx_word' id='word_1_652' title='bbox 3186 2853 3341 2910; x_wconf 69' lang='grc' dir='ltr'>οὔπω</span> <span class='ocrx_word' id='word_1_653' title='bbox 3407 2857 3717 2926; x_wconf 77' lang='grc' dir='ltr'>ἀνέστησαν,</span> <span class='ocrx_word' id='word_1_654' title='bbox 3778 2857 3896 2914; x_wconf 73' lang='grc' dir='ltr'><strong>ὅδὲ</strong></span> 
     </span>
    </p>
   </div>
   <div class='ocr_carea' id='block_1_89' title="bbox 2245 2939 3896 3019">
    <p class='ocr_par' dir='ltr' id='par_1_89' title="bbox 2245 2939 3896 3019">
     <span class='ocr_line' id='line_1_91' title="bbox 2245 2939 3896 3019; baseline 0.005 -25"><span class='ocrx_word' id='word_1_655' title='bbox 2245 2939 2304 2994; x_wconf 90' lang='grc' dir='ltr'><strong>έκ</strong></span> <span class='ocrx_word' id='word_1_656' title='bbox 2363 2941 2572 3016; x_wconf 83' lang='grc' dir='ltr'>Μαρίας</span> <span class='ocrx_word' id='word_1_657' title='bbox 2629 2941 2792 3014; x_wconf 86' lang='grc' dir='ltr'>μόνος</span> <span class='ocrx_word' id='word_1_658' title='bbox 2854 2946 2966 3016; x_wconf 80' lang='grc'>(67)</span> <span class='ocrx_word' id='word_1_659' title='bbox 3023 2945 3321 3019; x_wconf 69' lang='grc' dir='ltr'>τρὶήμερος</span> <span class='ocrx_word' id='word_1_660' title='bbox 3375 2945 3618 3017; x_wconf 81' lang='grc' dir='ltr'>ἀνέστη;</span> <span class='ocrx_word' id='word_1_661' title='bbox 3679 2949 3751 3006; x_wconf 91' lang='grc' dir='ltr'><strong><em>Ἤ</em></strong></span> <span class='ocrx_word' id='word_1_662' title='bbox 3807 2945 3896 3003; x_wconf 76' lang='grc' dir='ltr'>διὰ</span> 
     </span>
    </p>
   </div>
   <div class='ocr_carea' id='block_1_90' title="bbox 2243 3029 3896 3112">
    <p class='ocr_par' dir='ltr' id='par_1_90' title="bbox 2243 3029 3896 3112">
     <span class='ocr_line' id='line_1_92' title="bbox 2243 3029 3896 3112; baseline 0.005 -29"><span class='ocrx_word' id='word_1_663' title='bbox 2243 3030 2315 3099; x_wconf 82' lang='grc' dir='ltr'><strong>τί,</strong></span> <span class='ocrx_word' id='word_1_664' title='bbox 2349 3030 2555 3104; x_wconf 85' lang='grc' dir='ltr'>ὁμοίως</span> <span class='ocrx_word' id='word_1_665' title='bbox 2584 3037 2699 3093; x_wconf 84' lang='grc' dir='ltr'>τοῖς</span> <span class='ocrx_word' id='word_1_666' title='bbox 2748 3029 2943 3096; x_wconf 78' lang='grc' dir='ltr'>ἄλλοις</span> <span class='ocrx_word' id='word_1_667' title='bbox 2991 3031 3243 3097; x_wconf 85' lang='grc' dir='ltr'>ἐλθόντος</span> <span class='ocrx_word' id='word_1_668' title='bbox 3283 3039 3378 3089; x_wconf 81' lang='grc' dir='ltr'><strong>τοῦ</strong></span> <span class='ocrx_word' id='word_1_669' title='bbox 3428 3031 3628 3112; x_wconf 86' lang='grc' dir='ltr'>Λόγου,</span> <span class='ocrx_word' id='word_1_670' title='bbox 3681 3035 3896 3112; x_wconf 81' lang='grc' dir='ltr'>λέγεται</span> 
     </span>
    </p>
   </div>
   <div class='ocr_carea' id='block_1_91' title="bbox 2248 3119 3898 3198">
    <p class='ocr_par' dir='ltr' id='par_1_91' title="bbox 2248 3119 3898 3198">
     <span class='ocr_line' id='line_1_93' title="bbox 2248 3119 3898 3198; baseline 0.006 -24"><span class='ocrx_word' id='word_1_671' title='bbox 2248 3119 2412 3192; x_wconf 83' lang='grc' dir='ltr'>μόνος</span> <span class='ocrx_word' id='word_1_672' title='bbox 2445 3121 2473 3174; x_wconf 88' lang='lat'><strong>6</strong></span> <span class='ocrx_word' id='word_1_673' title='bbox 2505 3119 2565 3175; x_wconf 77' lang='grc' dir='ltr'><strong>ἐκ</strong></span> <span class='ocrx_word' id='word_1_674' title='bbox 2594 3122 2808 3195; x_wconf 86' lang='grc' dir='ltr'>Μαρίας</span> <span class='ocrx_word' id='word_1_675' title='bbox 2856 3120 3234 3195; x_wconf 72' lang='grc' dir='ltr'>Ἐμμανουήλ,</span> <span class='ocrx_word' id='word_1_676' title='bbox 3286 3123 3362 3186; x_wconf 86' lang='grc' dir='ltr'>ὡς</span> <span class='ocrx_word' id='word_1_677' title='bbox 3394 3125 3648 3197; x_wconf 85' lang='grc' dir='ltr'>σώματος</span> <span class='ocrx_word' id='word_1_678' title='bbox 3679 3127 3898 3198; x_wconf 85' lang='grc' dir='ltr'>πεπλη-</span> 
     </span>
    </p>
   </div>
   <div class='ocr_carea' id='block_1_92' title="bbox 2245 3209 3898 3292">
    <p class='ocr_par' dir='ltr' id='par_1_92' title="bbox 2245 3209 3898 3292">
     <span class='ocr_line' id='line_1_94' title="bbox 2245 3209 3898 3292; baseline 0.007 -29"><span class='ocrx_word' id='word_1_679' title='bbox 2245 3210 2494 3283; x_wconf 82' lang='grc' dir='ltr'>ρωμένου</span> <span class='ocrx_word' id='word_1_680' title='bbox 2527 3210 2806 3282; x_wconf 82' lang='grc' dir='ltr'>θεότητος,</span> <span class='ocrx_word' id='word_1_681' title='bbox 2838 3211 3144 3287; x_wconf 75' lang='grc' dir='ltr'>τεχθέντος,</span> <span class='ocrx_word' id='word_1_682' title='bbox 3178 3209 3230 3283; x_wconf 76' lang='grc' dir='ltr'>ἐξ</span> <span class='ocrx_word' id='word_1_683' title='bbox 3275 3213 3447 3282; x_wconf 79' lang='grc' dir='ltr'>αὐτῆς</span> <span class='ocrx_word' id='word_1_684' title='bbox 3478 3214 3592 3284; x_wconf 84' lang='grc' dir='ltr'><strong>;Τὸ</strong></span> <span class='ocrx_word' id='word_1_685' title='bbox 3623 3216 3729 3292; x_wconf 72' lang='grc' dir='ltr'>γὰρ</span> <span class='ocrx_word' id='word_1_686' title='bbox 3759 3217 3898 3290; x_wconf 78' lang='grc' dir='ltr'>Ἐμ-</span> 
     </span>
    </p>
   </div>
   <div class='ocr_carea' id='block_1_93' title="bbox 2247 3298 3900 3376">
    <p class='ocr_par' dir='ltr' id='par_1_93' title="bbox 2247 3298 3900 3376">
     <span class='ocr_line' id='line_1_95' title="bbox 2247 3298 3900 3376; baseline 0.004 -24"><span class='ocrx_word' id='word_1_687' title='bbox 2247 3298 2497 3370; x_wconf 75' lang='grc' dir='ltr'>μανουὴλ</span> <span class='ocrx_word' id='word_1_688' title='bbox 2549 3298 2925 3372; x_wconf 69' lang='grc' dir='ltr'>ἑρμηνεύεται,</span> <span class='ocrx_word' id='word_1_689' title='bbox 2974 3302 3107 3365; x_wconf 85' lang='grc' dir='ltr'>Μεθ’</span> <span class='ocrx_word' id='word_1_690' title='bbox 3147 3303 3306 3375; x_wconf 81' lang='grc' dir='ltr'>ἡμῶν</span> <span class='ocrx_word' id='word_1_691' title='bbox 3343 3302 3372 3357; x_wconf 92' lang='lat'><strong>6</strong></span> <span class='ocrx_word' id='word_1_692' title='bbox 3401 3301 3551 3366; x_wconf 86' lang='grc' dir='ltr'>Θεός.</span> <span class='ocrx_word' id='word_1_693' title='bbox 3595 3305 3668 3360; x_wconf 85' lang='grc' dir='ltr'><strong>Ἦ</strong></span> <span class='ocrx_word' id='word_1_694' title='bbox 3699 3300 3793 3359; x_wconf 76' lang='grc' dir='ltr'>διὰ</span> <span class='ocrx_word' id='word_1_695' title='bbox 3822 3305 3900 3376; x_wconf 84' lang='grc' dir='ltr'><strong>τί,</strong></span> 
     </span>
    </p>
   </div>
   <div class='ocr_carea' id='block_1_94' title="bbox 2241 3383 3900 3468">
    <p class='ocr_par' dir='ltr' id='par_1_94' title="bbox 2241 3383 3900 3468">
     <span class='ocr_line' id='line_1_96' title="bbox 2241 3383 3900 3468; baseline 0.005 -28"><span class='ocrx_word' id='word_1_696' title='bbox 2241 3383 2391 3460; x_wconf 77' lang='grc' dir='ltr'>εἶ’περ</span> <span class='ocrx_word' id='word_1_697' title='bbox 2425 3385 2596 3450; x_wconf 72' lang='grc' dir='ltr'>οὕτως</span> <span class='ocrx_word' id='word_1_698' title='bbox 2627 3386 2816 3459; x_wconf 75' lang='grc' dir='ltr'>ἦλθεν,</span> <span class='ocrx_word' id='word_1_699' title='bbox 2849 3387 3120 3454; x_wconf 79' lang='grc' dir='ltr'>ἐσθίοντος</span> <span class='ocrx_word' id='word_1_700' title='bbox 3147 3388 3373 3446; x_wconf 85' lang='grc' dir='ltr'>ἐκάστου</span> <span class='ocrx_word' id='word_1_701' title='bbox 3402 3395 3512 3446; x_wconf 90' lang='grc' dir='ltr'><strong>τῶν</strong></span> <span class='ocrx_word' id='word_1_702' title='bbox 3545 3392 3714 3467; x_wconf 78' lang='grc' dir='ltr'>ἁγίων</span> <span class='ocrx_word' id='word_1_703' title='bbox 3759 3395 3900 3468; x_wconf 82' lang='grc'>(68),</span> 
     </span>
    </p>
   </div>
   <div class='ocr_carea' id='block_1_95' title="bbox 2238 3477 3901 3552">
    <p class='ocr_par' dir='ltr' id='par_1_95' title="bbox 2238 3477 3901 3552">
     <span class='ocr_line' id='line_1_97' title="bbox 2238 3477 3901 3552; baseline 0.004 -21"><span class='ocrx_word' id='word_1_704' title='bbox 2238 3477 2324 3531; x_wconf 82' lang='grc' dir='ltr'><strong>καὶ</strong></span> <span class='ocrx_word' id='word_1_705' title='bbox 2354 3477 2622 3545; x_wconf 82' lang='grc' dir='ltr'>πίνοντος,</span> <span class='ocrx_word' id='word_1_706' title='bbox 2669 3477 2758 3532; x_wconf 86' lang='grc' dir='ltr'><strong>καὶ</strong></span> <span class='ocrx_word' id='word_1_707' title='bbox 2805 3483 3136 3551; x_wconf 87' lang='grc' dir='ltr'>κοπιῶντος,</span> <span class='ocrx_word' id='word_1_708' title='bbox 3185 3479 3274 3534; x_wconf 87' lang='grc' dir='ltr'>καὶ</span> <span class='ocrx_word' id='word_1_709' title='bbox 3324 3479 3782 3552; x_wconf 70' lang='grc' dir='ltr'>ἀποθνήσκοντος,</span> <span class='ocrx_word' id='word_1_710' title='bbox 3831 3483 3901 3538; x_wconf 81' lang='grc' dir='ltr'>οὗ</span> 
     </span>
    </p>
   </div>
   <div class='ocr_carea' id='block_1_96' title="bbox 2241 3563 3899 3642">
    <p class='ocr_par' dir='ltr' id='par_1_96' title="bbox 2241 3563 3899 3642">
     <span class='ocr_line' id='line_1_98' title="bbox 2241 3563 3899 3642; baseline 0.004 -22"><span class='ocrx_word' id='word_1_711' title='bbox 2241 3563 2451 3642; x_wconf 84' lang='grc' dir='ltr'>λέγεται</span> <span class='ocrx_word' id='word_1_712' title='bbox 2484 3567 2558 3628; x_wconf 85' lang='grc' dir='ltr'>ὡς</span> <span class='ocrx_word' id='word_1_713' title='bbox 2591 3566 2750 3629; x_wconf 84' lang='grc' dir='ltr'>αὐτὸς</span> <span class='ocrx_word' id='word_1_714' title='bbox 2807 3566 3018 3636; x_wconf 85' lang='grc' dir='ltr'>ἐσθίων,</span> <span class='ocrx_word' id='word_1_715' title='bbox 3069 3568 3161 3623; x_wconf 80' lang='grc' dir='ltr'><strong>καὶ</strong></span> <span class='ocrx_word' id='word_1_716' title='bbox 3191 3568 3385 3636; x_wconf 85' lang='grc' dir='ltr'>πίνων,</span> <span class='ocrx_word' id='word_1_717' title='bbox 3417 3571 3506 3625; x_wconf 83' lang='grc' dir='ltr'><strong>καὶ</strong></span> <span class='ocrx_word' id='word_1_718' title='bbox 3538 3575 3770 3638; x_wconf 80' lang='grc' dir='ltr'>κοπιῶν,</span> <span class='ocrx_word' id='word_1_719' title='bbox 3801 3573 3899 3627; x_wconf 81' lang='grc' dir='ltr'><strong>καὶ</strong></span> 
     </span>
    </p>
   </div>
   <div class='ocr_carea' id='block_1_97' title="bbox 2243 3653 3898 3737">
    <p class='ocr_par' dir='ltr' id='par_1_97' title="bbox 2243 3653 3898 3737">
     <span class='ocr_line' id='line_1_99' title="bbox 2243 3653 3898 3737; baseline 0.004 -28"><span class='ocrx_word' id='word_1_720' title='bbox 2243 3655 2621 3728; x_wconf 72' lang='grc' dir='ltr'>ἀποθνήσκων,</span> <span class='ocrx_word' id='word_1_721' title='bbox 2653 3653 2780 3710; x_wconf 83' lang='grc' dir='ltr'>ἀλλ’</span> <span class='ocrx_word' id='word_1_722' title='bbox 2802 3654 2889 3710; x_wconf 80' lang='grc' dir='ltr'><strong>ἐπὶ</strong></span> <span class='ocrx_word' id='word_1_723' title='bbox 2943 3658 3114 3730; x_wconf 83' lang='grc' dir='ltr'>μόνου</span> <span class='ocrx_word' id='word_1_724' title='bbox 3163 3663 3261 3714; x_wconf 80' lang='grc' dir='ltr'><strong>τοῦ</strong></span> <span class='ocrx_word' id='word_1_725' title='bbox 3306 3658 3366 3713; x_wconf 82' lang='grc' dir='ltr'><strong>ἐκ</strong></span> <span class='ocrx_word' id='word_1_726' title='bbox 3397 3662 3605 3736; x_wconf 83' lang='grc' dir='ltr'>Μαρίας</span> <span class='ocrx_word' id='word_1_727' title='bbox 3639 3681 3653 3730; x_wconf 86' lang='grc'><strong>;</strong></span> <span class='ocrx_word' id='word_1_728' title='bbox 3683 3663 3756 3716; x_wconf 73' lang='lat' dir='ltr'><strong>&quot;A</strong></span> <span class='ocrx_word' id='word_1_729' title='bbox 3789 3661 3898 3737; x_wconf 72' lang='grc' dir='ltr'><strong>γὰρ</strong></span> 
     </span>
    </p>
   </div>
   <div class='ocr_carea' id='block_1_98' title="bbox 2244 3740 3904 3827">
    <p class='ocr_par' dir='ltr' id='par_1_98' title="bbox 2244 3740 3904 3827">
     <span class='ocr_line' id='line_1_100' title="bbox 2244 3740 3904 3827; baseline 0.005 -30"><span class='ocrx_word' id='word_1_730' title='bbox 2244 3740 2450 3819; x_wconf 78' lang='grc' dir='ltr'>ἔπασχε</span> <span class='ocrx_word' id='word_1_731' title='bbox 2486 3748 2651 3798; x_wconf 79' lang='grc' dir='ltr'>τοῦτο</span> <span class='ocrx_word' id='word_1_732' title='bbox 2694 3745 2755 3798; x_wconf 86' lang='grc' dir='ltr'>τὸ</span> <span class='ocrx_word' id='word_1_733' title='bbox 2805 3748 2987 3817; x_wconf 88' lang='grc' dir='ltr'>σῶμα,</span> <span class='ocrx_word' id='word_1_734' title='bbox 3033 3750 3199 3802; x_wconf 78' lang='grc' dir='ltr'>ταῦτα</span> <span class='ocrx_word' id='word_1_735' title='bbox 3239 3748 3315 3812; x_wconf 81' lang='grc' dir='ltr'>ὡς</span> <span class='ocrx_word' id='word_1_736' title='bbox 3361 3750 3530 3804; x_wconf 79' lang='grc' dir='ltr'>αὐτοῦ</span> <span class='ocrx_word' id='word_1_737' title='bbox 3579 3751 3904 3827; x_wconf 81' lang='grc' dir='ltr'>πάσχοντος</span> 
     </span>
    </p>
   </div>
   <div class='ocr_carea' id='block_1_99' title="bbox 2249 3831 3915 3915">
    <p class='ocr_par' dir='ltr' id='par_1_99' title="bbox 2249 3831 3915 3915">
     <span class='ocr_line' id='line_1_101' title="bbox 2249 3831 3915 3915; baseline 0.005 -29"><span class='ocrx_word' id='word_1_738' title='bbox 2249 3831 2479 3908; x_wconf 85' lang='grc' dir='ltr'>ε’ρηται.</span> <span class='ocrx_word' id='word_1_739' title='bbox 2514 3832 2616 3888; x_wconf 77' lang='grc' dir='ltr'><strong>Καὶ</strong></span> <span class='ocrx_word' id='word_1_740' title='bbox 2662 3837 2769 3887; x_wconf 87' lang='grc' dir='ltr'><strong>τῶν</strong></span> <span class='ocrx_word' id='word_1_741' title='bbox 2816 3831 3004 3890; x_wconf 72' lang='grc' dir='ltr'>ἄλλων</span> <span class='ocrx_word' id='word_1_742' title='bbox 3048 3831 3107 3891; x_wconf 76' lang='grc' dir='ltr'><strong>δὲ</strong></span> <span class='ocrx_word' id='word_1_743' title='bbox 3153 3838 3264 3912; x_wconf 88' lang='grc'>(69)</span> <span class='ocrx_word' id='word_1_744' title='bbox 3313 3839 3528 3894; x_wconf 87' lang='grc' dir='ltr'>πάντων</span> <span class='ocrx_word' id='word_1_745' title='bbox 3588 3837 3915 3915; x_wconf 86' lang='grc' dir='ltr'>λεγομένων</span> 
     </span>
    </p>
   </div>
   <div class='ocr_carea' id='block_1_100' title="bbox 2249 3921 3918 4002">
    <p class='ocr_par' dir='ltr' id='par_1_100' title="bbox 2249 3921 3918 4002">
     <span class='ocr_line' id='line_1_102' title="bbox 2249 3921 3918 4002; baseline 0.006 -26"><span class='ocrx_word' id='word_1_746' title='bbox 2249 3921 2436 3994; x_wconf 86' lang='grc' dir='ltr'>μόνον,</span> <span class='ocrx_word' id='word_1_747' title='bbox 2487 3923 2568 3978; x_wconf 75' lang='grc' dir='ltr'><strong>ὅτι</strong></span> <span class='ocrx_word' id='word_1_748' title='bbox 2627 3921 2922 3998; x_wconf 77' lang='grc' dir='ltr'>ἐτέχθησαν</span> <span class='ocrx_word' id='word_1_749' title='bbox 2979 3925 3070 3979; x_wconf 79' lang='grc' dir='ltr'><strong>καὶ</strong></span> <span class='ocrx_word' id='word_1_750' title='bbox 3127 3925 3505 4002; x_wconf 74' lang='grc' dir='ltr'>ἐγεννήθησαν,</span> <span class='ocrx_word' id='word_1_751' title='bbox 3555 3926 3645 3982; x_wconf 83' lang='grc' dir='ltr'>ἐπὶ</span> <span class='ocrx_word' id='word_1_752' title='bbox 3698 3933 3802 3984; x_wconf 73' lang='grc' dir='ltr'><strong>τοῦ</strong></span> <span class='ocrx_word' id='word_1_753' title='bbox 3855 3929 3918 3986; x_wconf 76' lang='grc' dir='ltr'><strong>ἐκ</strong></span> 
     </span>
    </p>
   </div>
   <div class='ocr_carea' id='block_1_101' title="bbox 2247 4010 3781 4094">
    <p class='ocr_par' dir='ltr' id='par_1_101' title="bbox 2247 4010 3781 4094">
     <span class='ocr_line' id='line_1_103' title="bbox 2247 4010 3781 4094; baseline 0.007 -28"><span class='ocrx_word' id='word_1_754' title='bbox 2247 4010 2455 4087; x_wconf 81' lang='grc' dir='ltr'>Μαρίας</span> <span class='ocrx_word' id='word_1_755' title='bbox 2490 4012 2659 4085; x_wconf 88' lang='grc' dir='ltr'>μόνου</span> <span class='ocrx_word' id='word_1_756' title='bbox 2692 4010 2902 4088; x_wconf 72' lang='grc' dir='ltr'>εἷ’ρηται</span> <span class='ocrx_word' id='word_1_757' title='bbox 2940 4033 2951 4045; x_wconf 92' lang='grc'>·</span> <span class='ocrx_word' id='word_1_758' title='bbox 2987 4014 3086 4069; x_wconf 86' lang='grc' dir='ltr'>Καὶ</span> <span class='ocrx_word' id='word_1_759' title='bbox 3113 4015 3141 4070; x_wconf 87' lang='lat'><strong>6</strong></span> <span class='ocrx_word' id='word_1_760' title='bbox 3175 4011 3351 4092; x_wconf 86' lang='grc' dir='ltr'>Λόγος</span> <span class='ocrx_word' id='word_1_761' title='bbox 3383 4015 3508 4090; x_wconf 80' lang='grc' dir='ltr'>σάρξ</span> <span class='ocrx_word' id='word_1_762' title='bbox 3541 4016 3781 4094; x_wconf 78' lang='grc' dir='ltr'>ἐγένετο.</span> 
     </span>
    </p>
   </div>
   <div class='ocr_carea' id='block_1_102' title="bbox 2316 4189 3917 4271">
    <p class='ocr_par' dir='ltr' id='par_1_102' title="bbox 2316 4189 3917 4271">
     <span class='ocr_line' id='line_1_104' title="bbox 2316 4189 3917 4271; baseline 0.003 -24"><span class='ocrx_word' id='word_1_763' title='bbox 2316 4194 2402 4247; x_wconf 79' lang='grc'><strong>12.</strong></span> <span class='ocrx_word' id='word_1_764' title='bbox 2438 4191 2523 4262; x_wconf 82' lang='grc' dir='ltr'><strong>Ἐξ</strong></span> <span class='ocrx_word' id='word_1_765' title='bbox 2554 4189 2626 4245; x_wconf 86' lang='grc' dir='ltr'>ὦν</span> <span class='ocrx_word' id='word_1_766' title='bbox 2687 4189 2980 4262; x_wconf 84' lang='grc' dir='ltr'>δείκνυται,</span> <span class='ocrx_word' id='word_1_767' title='bbox 3032 4195 3114 4250; x_wconf 79' lang='grc' dir='ltr'><strong>ὅτι</strong></span> <span class='ocrx_word' id='word_1_768' title='bbox 3165 4195 3304 4271; x_wconf 83' lang='grc' dir='ltr'>πρὸς</span> <span class='ocrx_word' id='word_1_769' title='bbox 3367 4196 3462 4268; x_wconf 72' lang='grc' dir='ltr'>μὲν</span> <span class='ocrx_word' id='word_1_770' title='bbox 3505 4195 3634 4259; x_wconf 67' lang='grc' dir='ltr'>τοὺς</span> <span class='ocrx_word' id='word_1_771' title='bbox 3686 4193 3917 4259; x_wconf 73' lang='grc' dir='ltr'>ἄλλους</span> 
     </span>
    </p>
   </div>
   <div class='ocr_carea' id='block_1_103' title="bbox 2243 4281 3918 4362">
    <p class='ocr_par' dir='ltr' id='par_1_103' title="bbox 2243 4281 3918 4362">
     <span class='ocr_line' id='line_1_105' title="bbox 2243 4281 3918 4362; baseline 0.002 -26"><span class='ocrx_word' id='word_1_772' title='bbox 2243 4281 2480 4342; x_wconf 82' lang='grc' dir='ltr'>ἅπαντας</span> <span class='ocrx_word' id='word_1_773' title='bbox 2537 4281 2754 4355; x_wconf 77' lang='grc' dir='ltr'>γέγονεν</span> <span class='ocrx_word' id='word_1_774' title='bbox 2800 4281 2828 4335; x_wconf 87' lang='lat'><strong>6</strong></span> <span class='ocrx_word' id='word_1_775' title='bbox 2883 4282 3074 4358; x_wconf 81' lang='grc' dir='ltr'>Λόγος,</span> <span class='ocrx_word' id='word_1_776' title='bbox 3121 4287 3218 4338; x_wconf 73' lang='grc' dir='ltr'><strong>τοῦ</strong></span> <span class='ocrx_word' id='word_1_777' title='bbox 3267 4284 3630 4362; x_wconf 69' lang='grc' dir='ltr'>προφητεύειν</span> <span class='ocrx_word' id='word_1_778' title='bbox 3680 4285 3858 4362; x_wconf 80' lang='grc' dir='ltr'>χάριν</span> <span class='ocrx_word' id='word_1_779' title='bbox 3899 4304 3918 4318; x_wconf 86' lang='grc'><strong>·</strong></span> 
     </span>
    </p>
   </div>
   <div class='ocr_carea' id='block_1_104' title="bbox 2243 4367 3923 4450">
    <p class='ocr_par' dir='ltr' id='par_1_104' title="bbox 2243 4367 3923 4450">
     <span class='ocr_line' id='line_1_106' title="bbox 2243 4367 3923 4450; baseline 0.004 -26"><span class='ocrx_word' id='word_1_780' title='bbox 2243 4370 2301 4424; x_wconf 85' lang='grc' dir='ltr'><strong>ἐκ</strong></span> <span class='ocrx_word' id='word_1_781' title='bbox 2350 4367 2407 4424; x_wconf 68' lang='grc' dir='ltr'>δὲ</span> <span class='ocrx_word' id='word_1_782' title='bbox 2457 4369 2665 4445; x_wconf 83' lang='grc' dir='ltr'>Μαρίας</span> <span class='ocrx_word' id='word_1_783' title='bbox 2720 4370 2882 4432; x_wconf 78' lang='grc' dir='ltr'>αὐτὸς</span> <span class='ocrx_word' id='word_1_784' title='bbox 2947 4372 2975 4425; x_wconf 92' lang='lat'><strong>6</strong></span> <span class='ocrx_word' id='word_1_785' title='bbox 3035 4370 3233 4444; x_wconf 81' lang='grc' dir='ltr'>Λόγος,</span> <span class='ocrx_word' id='word_1_786' title='bbox 3296 4374 3466 4450; x_wconf 85' lang='grc' dir='ltr'>σάρκα</span> <span class='ocrx_word' id='word_1_787' title='bbox 3520 4368 3705 4429; x_wconf 75' lang='grc' dir='ltr'>λαϐὼν</span> <span class='ocrx_word' id='word_1_788' title='bbox 3763 4377 3923 4448; x_wconf 87' lang='lat'>(70),</span> 
     </span>
    </p>
   </div>
   <div class='ocr_carea' id='block_1_105' title="bbox 2241 4455 3922 4539">
    <p class='ocr_par' dir='ltr' id='par_1_105' title="bbox 2241 4455 3922 4539">
     <span class='ocr_line' id='line_1_107' title="bbox 2241 4455 3922 4539; baseline 0.002 -25"><span class='ocrx_word' id='word_1_789' title='bbox 2241 4457 2516 4534; x_wconf 80' lang='grc' dir='ltr'>προῆλθεν</span> <span class='ocrx_word' id='word_1_790' title='bbox 2577 4455 2884 4534; x_wconf 76' lang='grc' dir='ltr'>ἅνθρωπος,</span> <span class='ocrx_word' id='word_1_791' title='bbox 2932 4463 3000 4534; x_wconf 78' lang='grc' dir='ltr'><strong>τῇ</strong></span> <span class='ocrx_word' id='word_1_792' title='bbox 3054 4462 3150 4534; x_wconf 72' lang='grc' dir='ltr'>μὲν</span> <span class='ocrx_word' id='word_1_793' title='bbox 3201 4461 3355 4539; x_wconf 78' lang='grc' dir='ltr'>φύσει</span> <span class='ocrx_word' id='word_1_794' title='bbox 3383 4462 3472 4518; x_wconf 82' lang='grc' dir='ltr'><strong>καὶ</strong></span> <span class='ocrx_word' id='word_1_795' title='bbox 3501 4466 3571 4536; x_wconf 75' lang='grc' dir='ltr'><strong>τῇ</strong></span> <span class='ocrx_word' id='word_1_796' title='bbox 3602 4461 3763 4534; x_wconf 78' lang='grc' dir='ltr'>οὐσίᾳ</span> <span class='ocrx_word' id='word_1_797' title='bbox 3799 4462 3922 4518; x_wconf 80' lang='grc' dir='ltr'>Λό-</span> 
     </span>
    </p>
   </div>
   <div class='ocr_carea' id='block_1_106' title="bbox 2240 4547 3905 4628">
    <p class='ocr_par' dir='ltr' id='par_1_106' title="bbox 2240 4547 3905 4628">
     <span class='ocr_line' id='line_1_108' title="bbox 2240 4547 3905 4628; baseline 0.001 -23"><span class='ocrx_word' id='word_1_798' title='bbox 2240 4570 2336 4626; x_wconf 88' lang='grc' dir='ltr'><strong>γος</strong></span> <span class='ocrx_word' id='word_1_799' title='bbox 2369 4548 2442 4604; x_wconf 81' lang='grc' dir='ltr'>ὢν</span> <span class='ocrx_word' id='word_1_800' title='bbox 2470 4552 2568 4604; x_wconf 79' lang='grc' dir='ltr'><strong>τοῦ</strong></span> <span class='ocrx_word' id='word_1_801' title='bbox 2615 4553 2772 4619; x_wconf 77' lang='grc' dir='ltr'>Θεοῦ,</span> <span class='ocrx_word' id='word_1_802' title='bbox 2823 4548 2958 4604; x_wconf 86' lang='grc' dir='ltr'>κατὰ</span> <span class='ocrx_word' id='word_1_803' title='bbox 3005 4547 3064 4605; x_wconf 80' lang='grc' dir='ltr'><strong>δὶ</strong></span> <span class='ocrx_word' id='word_1_804' title='bbox 3111 4552 3283 4626; x_wconf 88' lang='grc' dir='ltr'>σάρκα</span> <span class='ocrx_word' id='word_1_805' title='bbox 3329 4551 3388 4607; x_wconf 80' lang='grc' dir='ltr'><strong>ἐκ</strong></span> <span class='ocrx_word' id='word_1_806' title='bbox 3431 4551 3744 4628; x_wconf 88' lang='grc' dir='ltr'>σπέρματος</span> <span class='ocrx_word' id='word_1_807' title='bbox 3787 4560 3905 4608; x_wconf 74' lang='grc' dir='ltr'><strong>Δαο</strong></span> 
     </span>
    </p>
   </div>
   <div class='ocr_carea' id='block_1_107' title="bbox 1419 4815 2133 4963">
    <p class='ocr_par' dir='ltr' id='par_1_107' title="bbox 1419 4834 2124 4963">
     <span class='ocr_line' id='line_1_109' title="bbox 1419 4834 2124 4904; baseline 0.003 -16"><span class='ocrx_word' id='word_1_808' title='bbox 1419 4834 1571 4888; x_wconf 81' lang='lat' dir='ltr'><strong>lnfra</strong></span> <span class='ocrx_word' id='word_1_809' title='bbox 1601 4835 1964 4904; x_wconf 81' lang='lat' dir='ltr'><strong>Seguerian.,</strong></span> <span class='ocrx_word' id='word_1_810' title='bbox 1997 4857 2124 4890; x_wconf 83' lang='grc' dir='ltr'>συν-</span> 
     </span>
     <span class='ocr_line' id='line_1_110' title="bbox 1419 4906 2120 4963; baseline 0.007 -5"><span class='ocrx_word' id='word_1_811' title='bbox 1419 4924 1458 4962; x_wconf 83' lang='grc' dir='ltr'><strong>ε.</strong></span> <span class='ocrx_word' id='word_1_812' title='bbox 1495 4906 1672 4962; x_wconf 80' lang='lat' dir='ltr'><strong>Paulo</strong></span> <span class='ocrx_word' id='word_1_813' title='bbox 1715 4914 1844 4963; x_wconf 83' lang='lat' dir='ltr'><strong>post</strong></span> <span class='ocrx_word' id='word_1_814' title='bbox 1883 4914 2120 4963; x_wconf 71' lang='lat' dir='ltr'><strong>Senuer.</strong></span> 
     </span>
    </p>
   </div>
   <div class='ocr_carea' id='block_1_108' title="bbox 2257 4815 3930 4963">
    <p class='ocr_par' dir='ltr' id='par_1_108' title="bbox 2257 4815 3930 4963">
     <span class='ocr_line' id='line_1_111' title="bbox 2260 4815 3930 4963; baseline 0.001 -72"><span class='ocrx_word' id='word_1_815' title='bbox 2260 4854 2292 4891; x_wconf 95' lang='lat' dir='ltr'><strong>n</strong></span> <span class='ocrx_word' id='word_1_816' title='bbox 2325 4834 2675 4916; x_wconf 57' lang='lat' dir='ltr'><strong>Epiphanio:</strong></span> <span class='ocrx_word' id='word_1_817' title='bbox 2711 4833 2868 4890; x_wconf 80' lang='lat' dir='ltr'><strong>Infra</strong></span> <span class='ocrx_word' id='word_1_818' title='bbox 2895 4835 3226 4908; x_wconf 79' lang='lat' dir='ltr'><strong>Anglican.,</strong></span> <span class='ocrx_word' id='word_1_819' title='bbox 3250 4815 3392 4963; x_wconf 54' lang='lat' dir='ltr'><strong>1aest</strong></span> <span class='ocrx_word' id='word_1_820' title='bbox 3415 4832 3474 4889; x_wconf 82' lang='grc' dir='ltr'><strong>ἐκ</strong></span> <span class='ocrx_word' id='word_1_821' title='bbox 3497 4833 3714 4921; x_wconf 54' lang='grc' dir='ltr'>μαριξας</span> <span class='ocrx_word' id='word_1_822' title='bbox 3762 4837 3930 4910; x_wconf 78' lang='grc' dir='ltr'><strong>Ἐμ-</strong></span> 
     </span>
     <span class='ocr_line' id='line_1_112' title="bbox 2257 4904 3746 4963; baseline 0 -3"><span class='ocrx_word' id='word_1_823' title='bbox 2257 4904 2508 4963; x_wconf 66' lang='grc' dir='ltr'>ιανουῆλ.</span> <span class='ocrx_word' id='word_1_824' title='bbox 2542 4907 2706 4960; x_wconf 78' lang='lat' dir='ltr'><strong>addit</strong></span> <span class='ocrx_word' id='word_1_825' title='bbox 2734 4905 2820 4958; x_wconf 80' lang='grc' dir='ltr'><strong>καὶ</strong></span> <span class='ocrx_word' id='word_1_826' title='bbox 2842 4905 3215 4963; x_wconf 65' lang='grc' dir='ltr'>ἑρμηνεύεται.</span> <span class='ocrx_word' id='word_1_827' title='bbox 3310 4908 3383 4963; x_wconf 66' lang='lat'><strong>60&#39;</strong></span> <span class='ocrx_word' id='word_1_828' title='bbox 3406 4907 3565 4963; x_wconf 75' lang='grc' dir='ltr'>ἡμων</span> <span class='ocrx_word' id='word_1_829' title='bbox 3595 4907 3746 4963; x_wconf 76' lang='grc' dir='ltr'>Θεός.</span> 
     </span>
    </p>
   </div>
   <div class='ocr_carea' id='block_1_109' title="bbox 3310 4927 3334 4962">
    <p class='ocr_par' dir='ltr' id='par_1_109' title="bbox 3310 4927 3334 4962">
     <span class='ocr_line' id='line_1_113' title="bbox 3310 4927 3334 4962; baseline 0 0"><span class='ocrx_word' id='word_1_830' title='bbox 3310 4927 3334 4962; x_wconf 86' lang='grc' dir='ltr'><strong>ε</strong></span> 
     </span>
    </p>
   </div>
   <div class='ocr_carea' id='block_1_110' title="bbox 2236 4904 3746 4980">
    <p class='ocr_par' dir='ltr' id='par_1_110' title="bbox 2236 4904 3746 4980">
     <span class='ocr_line' id='line_1_114' title="bbox 2236 4904 3746 4980; baseline 0 -20"><span class='ocrx_word' id='word_1_831' title='bbox 2236 4904 2508 4980; x_wconf 69' lang='grc' dir='ltr'>μανουῆλ,</span> <span class='ocrx_word' id='word_1_832' title='bbox 2542 4904 3215 4980; x_wconf 31' lang='grc' dir='ltr'>τιᾶιίῇι’καῖιέρμηνεῦεταῃ</span> <span class='ocrx_word' id='word_1_833' title='bbox 3250 4904 3383 4970; x_wconf 82' lang='grc' dir='ltr'>Μεθ’</span> <span class='ocrx_word' id='word_1_834' title='bbox 3406 4907 3565 4980; x_wconf 78' lang='grc' dir='ltr'>ἡμῶν</span> <span class='ocrx_word' id='word_1_835' title='bbox 3595 4904 3746 4970; x_wconf 66' lang='grc' dir='ltr'>ὒεός.</span> 
     </span>
    </p>
   </div>
   <div class='ocr_carea' id='block_1_111' title="bbox 2305 4975 3934 5051">
    <p class='ocr_par' dir='ltr' id='par_1_111' title="bbox 2305 4975 3934 5051">
     <span class='ocr_line' id='line_1_115' title="bbox 2305 4975 3934 5051; baseline 0.002 -21"><span class='ocrx_word' id='word_1_836' title='bbox 2305 4981 2418 5046; x_wconf 74' lang='lat'>(68)</span> <span class='ocrx_word' id='word_1_837' title='bbox 2451 4977 2543 5033; x_wconf 89' lang='lat' dir='ltr'><strong>Sic</strong></span> <span class='ocrx_word' id='word_1_838' title='bbox 2577 4977 2780 5051; x_wconf 71' lang='lat' dir='ltr'><strong>Epipb.</strong></span> <span class='ocrx_word' id='word_1_839' title='bbox 2814 4975 3227 5051; x_wconf 24' lang='lat' dir='ltr'><strong>Geblequelc.</strong></span> <span class='ocrx_word' id='word_1_840' title='bbox 3257 4981 3306 5044; x_wconf 88' lang='lat'><strong>1,</strong></span> <span class='ocrx_word' id='word_1_841' title='bbox 3329 4975 3566 5051; x_wconf 75' lang='lat' dir='ltr'><strong>Seguer.</strong></span> <span class='ocrx_word' id='word_1_842' title='bbox 3599 4999 3611 5048; x_wconf 89' lang='lat'>;</span> <span class='ocrx_word' id='word_1_843' title='bbox 3641 4979 3699 5034; x_wconf 89' lang='lat' dir='ltr'><strong>in</strong></span> <span class='ocrx_word' id='word_1_844' title='bbox 3721 4975 3934 5046; x_wconf 81' lang='lat' dir='ltr'><strong>edit.,</strong></span> 
     </span>
    </p>
   </div>
   <div class='ocr_carea' id='block_1_112' title="bbox 2230 5049 3928 5176">
    <p class='ocr_par' dir='ltr' id='par_1_112' title="bbox 2230 5049 3928 5176">
     <span class='ocr_line' id='line_1_116' title="bbox 2230 5049 3928 5176; baseline 0.001 -73"><span class='ocrx_word' id='word_1_845' title='bbox 2230 5053 2548 5126; x_wconf 75' lang='grc' dir='ltr'>προφητῶν,</span> <span class='ocrx_word' id='word_1_846' title='bbox 2583 5050 2733 5104; x_wconf 79' lang='lat' dir='ltr'><strong>Infra</strong></span> <span class='ocrx_word' id='word_1_847' title='bbox 2767 5055 3003 5119; x_wconf 72' lang='lat' dir='ltr'><strong>Seguer.</strong></span> <span class='ocrx_word' id='word_1_848' title='bbox 3039 5049 3270 5108; x_wconf 89' lang='lat' dir='ltr'><strong>Gobler.</strong></span> <span class='ocrx_word' id='word_1_849' title='bbox 3323 5049 3465 5106; x_wconf 62' lang='lat' dir='ltr'><strong>Fere.</strong></span> <span class='ocrx_word' id='word_1_850' title='bbox 3503 5053 3526 5105; x_wconf 90' lang='lat'><strong>1</strong></span> <span class='ocrx_word' id='word_1_851' title='bbox 3563 5057 3621 5106; x_wconf 82' lang='lat' dir='ltr'><strong>et</strong></span> <span class='ocrx_word' id='word_1_852' title='bbox 3652 5051 3928 5176; x_wconf 55' lang='grc' dir='ltr'>Ερὶἑιίιη</span> 
     </span>
     <span class='ocr_line' id='line_1_117' title="bbox 2231 5119 3928 5176; baseline 0.001 -2"><span class='ocrx_word' id='word_1_853' title='bbox 2231 5121 2304 5176; x_wconf 78' lang='grc' dir='ltr'>ὡς</span> <span class='ocrx_word' id='word_1_854' title='bbox 2337 5119 2520 5176; x_wconf 80' lang='grc' dir='ltr'>αὐτὸς.</span> <span class='ocrx_word' id='word_1_855' title='bbox 2553 5120 2704 5174; x_wconf 82' lang='lat' dir='ltr'><strong>Editi</strong></span> <span class='ocrx_word' id='word_1_856' title='bbox 2755 5137 2888 5176; x_wconf 82' lang='lat' dir='ltr'><strong>vero</strong></span> <span class='ocrx_word' id='word_1_857' title='bbox 2943 5128 3000 5176; x_wconf 87' lang='lat' dir='ltr'><strong>et</strong></span> <span class='ocrx_word' id='word_1_858' title='bbox 3049 5121 3168 5176; x_wconf 84' lang='lat' dir='ltr'><strong>alii.</strong></span> <span class='ocrx_word' id='word_1_859' title='bbox 3221 5120 3478 5176; x_wconf 80' lang='grc' dir='ltr'>ὡσαύτως</span> <span class='ocrx_word' id='word_1_860' title='bbox 3550 5123 3700 5176; x_wconf 80' lang='lat' dir='ltr'><strong>Mox.</strong></span> <span class='ocrx_word' id='word_1_861' title='bbox 3799 5141 3928 5176; x_wconf 81' lang='grc' dir='ltr'>πο-</span> 
     </span>
    </p>
   </div>
   <div class='ocr_carea' id='block_1_113' title="bbox 2231 5119 3932 5188">
    <p class='ocr_par' dir='ltr' id='par_1_113' title="bbox 2231 5119 3932 5188">
     <span class='ocr_line' id='line_1_118' title="bbox 2231 5119 3932 5188; baseline 0.001 -14"><span class='ocrx_word' id='word_1_862' title='bbox 2231 5119 2304 5182; x_wconf 16' lang='grc' dir='ltr'><strong>ὡγς</strong></span> <span class='ocrx_word' id='word_1_863' title='bbox 2337 5119 2520 5182; x_wconf 81' lang='grc' dir='ltr'>αὐτὸς.</span> <span class='ocrx_word' id='word_1_864' title='bbox 2553 5120 2704 5174; x_wconf 82' lang='lat' dir='ltr'><strong>Editi</strong></span> <span class='ocrx_word' id='word_1_865' title='bbox 2755 5137 2888 5176; x_wconf 82' lang='lat' dir='ltr'><strong>vero</strong></span> <span class='ocrx_word' id='word_1_866' title='bbox 2943 5128 3000 5178; x_wconf 85' lang='lat' dir='ltr'><strong>et</strong></span> <span class='ocrx_word' id='word_1_867' title='bbox 3049 5121 3168 5188; x_wconf 84' lang='lat' dir='ltr'><strong>alii,</strong></span> <span class='ocrx_word' id='word_1_868' title='bbox 3221 5120 3478 5184; x_wconf 80' lang='grc' dir='ltr'>ὡσαύτως</span> <span class='ocrx_word' id='word_1_869' title='bbox 3550 5119 3713 5184; x_wconf 52' lang='lat' dir='ltr'><strong>Mox;</strong></span> <span class='ocrx_word' id='word_1_870' title='bbox 3755 5119 3932 5176; x_wconf 66' lang='grc' dir='ltr'>ἆποο</span> 
     </span>
    </p>
   </div>
   <div class='ocr_carea' id='block_1_114' title="bbox 2231 5191 3932 5268">
    <p class='ocr_par' dir='ltr' id='par_1_114' title="bbox 2231 5191 3932 5268">
     <span class='ocr_line' id='line_1_119' title="bbox 2231 5191 3932 5268; baseline 0.004 -24"><span class='ocrx_word' id='word_1_871' title='bbox 2231 5194 2503 5268; x_wconf 71' lang='grc' dir='ltr'>θνήσκων,</span> <span class='ocrx_word' id='word_1_872' title='bbox 2536 5193 2622 5268; x_wconf 78' lang='lat' dir='ltr'><strong>sic</strong></span> <span class='ocrx_word' id='word_1_873' title='bbox 2649 5191 2818 5268; x_wconf 69' lang='lat' dir='ltr'><strong>Angl.</strong></span> <span class='ocrx_word' id='word_1_874' title='bbox 2863 5192 3031 5250; x_wconf 89' lang='lat' dir='ltr'><strong>Gobl.</strong></span> <span class='ocrx_word' id='word_1_875' title='bbox 3065 5194 3208 5250; x_wconf 68' lang='lat' dir='ltr'><strong>l’elc.</strong></span> <span class='ocrx_word' id='word_1_876' title='bbox 3257 5195 3308 5261; x_wconf 86' lang='lat'><strong>1,</strong></span> <span class='ocrx_word' id='word_1_877' title='bbox 3357 5199 3596 5268; x_wconf 81' lang='lat' dir='ltr'><strong>Seguer.</strong></span> <span class='ocrx_word' id='word_1_878' title='bbox 3647 5195 3814 5251; x_wconf 90' lang='lat' dir='ltr'><strong>Editi</strong></span> <span class='ocrx_word' id='word_1_879' title='bbox 3847 5202 3932 5251; x_wconf 74' lang='lat' dir='ltr'><strong>et</strong></span> 
     </span>
    </p>
   </div>
   <div class='ocr_carea' id='block_1_115' title="bbox 2230 5262 2884 5337">
    <p class='ocr_par' dir='ltr' id='par_1_115' title="bbox 2230 5262 2884 5337">
     <span class='ocr_line' id='line_1_120' title="bbox 2230 5262 2884 5337; baseline -0.002 -17"><span class='ocrx_word' id='word_1_880' title='bbox 2230 5264 2540 5337; x_wconf 57' lang='lat' dir='ltr'><strong>Epiphaq,</strong></span> <span class='ocrx_word' id='word_1_881' title='bbox 2569 5262 2884 5337; x_wconf 69' lang='grc' dir='ltr'>ᾁποθχνών.</span> 
     </span>
    </p>
   </div>
   <div class='ocr_carea' id='block_1_116' title="bbox 2300 5333 3931 5418">
    <p class='ocr_par' dir='ltr' id='par_1_116' title="bbox 2300 5333 3931 5418">
     <span class='ocr_line' id='line_1_121' title="bbox 2300 5333 3931 5418; baseline 0.001 -29"><span class='ocrx_word' id='word_1_882' title='bbox 2300 5333 2530 5418; x_wconf 66' lang='lat' dir='ltr'>(69)_Sie</span> <span class='ocrx_word' id='word_1_883' title='bbox 2561 5333 3060 5418; x_wconf 33' lang='lat' dir='ltr'><strong>nguerklnglie.</strong></span> <span class='ocrx_word' id='word_1_884' title='bbox 3093 5333 3323 5418; x_wconf 55' lang='lat' dir='ltr'><strong>(_}_oblei_&quot;.</strong></span> <span class='ocrx_word' id='word_1_885' title='bbox 3357 5334 3695 5418; x_wconf 46' lang='lat' dir='ltr'><strong>et_Felek.m.</strong></span> <span class='ocrx_word' id='word_1_886' title='bbox 3738 5338 3796 5418; x_wconf 89' lang='lat'><strong>.</strong></span> <span class='ocrx_word' id='word_1_887' title='bbox 3839 5336 3931 5418; x_wconf 83' lang='lat' dir='ltr'><strong>l_n</strong></span> 
     </span>
    </p>
   </div>
   <div class='ocr_carea' id='block_1_117' title="bbox 2227 5402 3944 5480">
    <p class='ocr_par' dir='ltr' id='par_1_117' title="bbox 2227 5402 3944 5480">
     <span class='ocr_line' id='line_1_122' title="bbox 2227 5402 3944 5480; baseline 0.001 -18"><span class='ocrx_word' id='word_1_888' title='bbox 2227 5402 2361 5463; x_wconf 85' lang='lat' dir='ltr'><strong>aliis</strong></span> <span class='ocrx_word' id='word_1_889' title='bbox 2387 5402 2444 5463; x_wconf 85' lang='lat' dir='ltr'><strong>et</strong></span> <span class='ocrx_word' id='word_1_890' title='bbox 2475 5409 2532 5462; x_wconf 90' lang='lat' dir='ltr'><strong>in</strong></span> <span class='ocrx_word' id='word_1_891' title='bbox 2565 5402 2760 5472; x_wconf 75' lang='lat' dir='ltr'><strong>editis,</strong></span> <span class='ocrx_word' id='word_1_892' title='bbox 2794 5402 2852 5460; x_wconf 84' lang='grc' dir='ltr'>δέ</span> <span class='ocrx_word' id='word_1_893' title='bbox 2883 5402 3063 5480; x_wconf 81' lang='lat' dir='ltr'><strong>deest.</strong></span> <span class='ocrx_word' id='word_1_894' title='bbox 3099 5407 3249 5480; x_wconf 63' lang='lat' dir='ltr'><strong>Mox,</strong></span> <span class='ocrx_word' id='word_1_895' title='bbox 3283 5404 3364 5461; x_wconf 78' lang='grc' dir='ltr'><strong>ὅτι</strong></span> <span class='ocrx_word' id='word_1_896' title='bbox 3399 5408 3564 5463; x_wconf 84' lang='lat' dir='ltr'><strong>deest</strong></span> <span class='ocrx_word' id='word_1_897' title='bbox 3607 5408 3666 5462; x_wconf 88' lang='lat' dir='ltr'><strong>in</strong></span> <span class='ocrx_word' id='word_1_898' title='bbox 3703 5407 3944 5480; x_wconf 73' lang='lat' dir='ltr'><strong>pluri-</strong></span> 
     </span>
    </p>
   </div>
   <div class='ocr_carea' id='block_1_118' title="bbox 2227 5478 3934 5551">
    <p class='ocr_par' dir='ltr' id='par_1_118' title="bbox 2227 5478 3934 5551">
     <span class='ocr_line' id='line_1_123' title="bbox 2227 5478 3934 5551; baseline 0.002 -18"><span class='ocrx_word' id='word_1_899' title='bbox 2227 5480 2340 5533; x_wconf 86' lang='lat' dir='ltr'><strong>mis</strong></span> <span class='ocrx_word' id='word_1_900' title='bbox 2373 5480 2690 5551; x_wconf 76' lang='lat' dir='ltr'><strong>mss.,_sed</strong></span> <span class='ocrx_word' id='word_1_901' title='bbox 2744 5478 3112 5551; x_wconf 75' lang='lat' dir='ltr'><strong>retinendum</strong></span> <span class='ocrx_word' id='word_1_902' title='bbox 3163 5479 3411 5551; x_wconf 84' lang='lat' dir='ltr'><strong>videtur.</strong></span> <span class='ocrx_word' id='word_1_903' title='bbox 3463 5478 3934 5551; x_wconf 9' lang='lat' dir='ltr'><strong>Moxfrse&#39;guer.</strong></span> 
     </span>
    </p>
   </div>
   <div class='ocr_carea' id='block_1_119' title="bbox 2225 5546 3938 5623">
    <p class='ocr_par' dir='ltr' id='par_1_119' title="bbox 2225 5546 3938 5623">
     <span class='ocr_line' id='line_1_124' title="bbox 2225 5546 3938 5623; baseline 0.003 -19"><span class='ocrx_word' id='word_1_904' title='bbox 2225 5552 2408 5616; x_wconf 85' lang='lat' dir='ltr'><strong>solus,</strong></span> <span class='ocrx_word' id='word_1_905' title='bbox 2441 5549 2525 5604; x_wconf 80' lang='grc' dir='ltr'><strong>ἐπὶ</strong></span> <span class='ocrx_word' id='word_1_906' title='bbox 2562 5546 2628 5623; x_wconf 19' lang='grc' dir='ltr'>δὲ,</span> <span class='ocrx_word' id='word_1_907' title='bbox 2655 5553 2752 5604; x_wconf 78' lang='grc' dir='ltr'><strong>τοῦ</strong></span> <span class='ocrx_word' id='word_1_908' title='bbox 2795 5549 2878 5623; x_wconf 24' lang='grc' dir='ltr'><strong>ἐκ,</strong></span> <span class='ocrx_word' id='word_1_909' title='bbox 2908 5547 3120 5623; x_wconf 83' lang='grc' dir='ltr'>Μαρίας</span> <span class='ocrx_word' id='word_1_910' title='bbox 3145 5549 3355 5623; x_wconf 75' lang='grc' dir='ltr'>μόνον.</span> <span class='ocrx_word' id='word_1_911' title='bbox 3391 5552 3548 5606; x_wconf 78' lang='lat' dir='ltr'><strong>Infra</strong></span> <span class='ocrx_word' id='word_1_912' title='bbox 3575 5546 3938 5623; x_wconf 6' lang='lat' dir='ltr'><strong>(Epiphan.</strong></span> 
     </span>
    </p>
   </div>
   <div class='ocr_carea' id='block_1_120' title="bbox 2223 5621 3938 5746">
    <p class='ocr_par' dir='ltr' id='par_1_120' title="bbox 2223 5621 3938 5746">
     <span class='ocr_line' id='line_1_125' title="bbox 2223 5621 3938 5746; baseline 0.002 -70"><span class='ocrx_word' id='word_1_913' title='bbox 2223 5626 2457 5746; x_wconf 54' lang='lat' dir='ltr'><strong>geguer.</strong></span> <span class='ocrx_word' id='word_1_914' title='bbox 2491 5622 2720 5679; x_wconf 89' lang='lat' dir='ltr'><strong>Gobler.</strong></span> <span class='ocrx_word' id='word_1_915' title='bbox 2755 5629 2812 5678; x_wconf 91' lang='lat' dir='ltr'><strong>et</strong></span> <span class='ocrx_word' id='word_1_916' title='bbox 2843 5621 3096 5678; x_wconf 84' lang='lat' dir='ltr'><strong>Felekm.</strong></span> <span class='ocrx_word' id='word_1_917' title='bbox 3135 5621 3188 5692; x_wconf 86' lang='lat'><strong>1,</strong></span> <span class='ocrx_word' id='word_1_918' title='bbox 3218 5621 3438 5683; x_wconf 82' lang='grc' dir='ltr'>πάντας.</span> <span class='ocrx_word' id='word_1_919' title='bbox 3485 5621 3736 5680; x_wconf 64' lang='grc' dir='ltr'><strong>Εὰίιῖοῑ</strong></span> <span class='ocrx_word' id='word_1_920' title='bbox 3773 5623 3938 5696; x_wconf 82' lang='lat' dir='ltr'><strong>alii,</strong></span> 
     </span>
     <span class='ocr_line' id='line_1_126' title="bbox 2261 5713 2478 5746; baseline 0 0"><span class='ocrx_word' id='word_1_921' title='bbox 2261 5713 2478 5746; x_wconf 78' lang='grc' dir='ltr'>παντας.</span> 
     </span>
    </p>
   </div>
   <div class='ocr_carea' id='block_1_121' title="bbox 2261 5713 2478 5755">
    <p class='ocr_par' dir='ltr' id='par_1_121' title="bbox 2261 5713 2478 5755">
     <span class='ocr_line' id='line_1_127' title="bbox 2261 5713 2478 5755; baseline 0.009 -9"><span class='ocrx_word' id='word_1_922' title='bbox 2261 5713 2478 5755; x_wconf 89' lang='grc' dir='ltr'>παντας.</span> 
     </span>
    </p>
   </div>
   <div class='ocr_carea' id='block_1_122' title="bbox 2295 5763 3555 5843">
    <p class='ocr_par' dir='ltr' id='par_1_122' title="bbox 2295 5763 3555 5843">
     <span class='ocr_line' id='line_1_128' title="bbox 2295 5763 3555 5843; baseline 0.003 -23"><span class='ocrx_word' id='word_1_923' title='bbox 2295 5766 2407 5839; x_wconf 87' lang='grc'>(70)</span> <span class='ocrx_word' id='word_1_924' title='bbox 2437 5764 2855 5838; x_wconf 80' lang='lat' dir='ltr'><strong>chuerianus,</strong></span> <span class='ocrx_word' id='word_1_925' title='bbox 2885 5764 2913 5818; x_wconf 86' lang='grc' dir='ltr'>ὁ</span> <span class='ocrx_word' id='word_1_926' title='bbox 2945 5763 3125 5842; x_wconf 86' lang='grc' dir='ltr'>Λόγος</span> <span class='ocrx_word' id='word_1_927' title='bbox 3155 5763 3330 5838; x_wconf 70' lang='grc' dir='ltr'>ἑαυτῷ</span> <span class='ocrx_word' id='word_1_928' title='bbox 3359 5765 3555 5843; x_wconf 81' lang='grc' dir='ltr'>σάρκα.</span> 
     </span>
    </p>
   </div>
  </div>
