  <div class='ocr_page' id='page_1' title='image "/cluster/home/n/w/nwhite01/storage/ocr_20150623/26/hvd.32044019208479/604.png"; bbox 0 0 4048 6386; ppageno 0'>
   <div class='ocr_carea' id='block_1_1' title="bbox 204 415 1802 492">
    <p class='ocr_par' dir='ltr' id='par_1_1' title="bbox 204 415 1793 486">
     <span class='ocr_line' id='line_1_1' title="bbox 204 415 1793 486; baseline 0.007 -10"><span class='ocrx_word' id='word_1_1' title='bbox 204 415 343 478; x_wconf 84' lang='lat'><strong>1069</strong></span> <span class='ocrx_word' id='word_1_2' title='bbox 1121 417 1501 485; x_wconf 77' lang='lat' dir='ltr'><strong>EPISTULA</strong></span> <span class='ocrx_word' id='word_1_3' title='bbox 1548 424 1646 486; x_wconf 88' lang='lat' dir='ltr'><strong>AD</strong></span> <span class='ocrx_word' id='word_1_4' title='bbox 1695 425 1793 486; x_wconf 87' lang='lat' dir='ltr'><strong>AD</strong></span> 
     </span>
    </p>
   </div>
   <div class='ocr_carea' id='block_1_2' title="bbox 2009 415 3607 492">
    <p class='ocr_par' dir='ltr' id='par_1_2' title="bbox 2013 424 3607 492">
     <span class='ocr_line' id='line_1_2' title="bbox 2013 424 3607 492; baseline 0.002 -4"><span class='ocrx_word' id='word_1_5' title='bbox 2013 424 2147 488; x_wconf 76' lang='lat' dir='ltr'><strong>IUM</strong></span> <span class='ocrx_word' id='word_1_6' title='bbox 2203 425 2642 489; x_wconf 80' lang='lat' dir='ltr'><strong>EPISCOPUM</strong></span> <span class='ocrx_word' id='word_1_7' title='bbox 2662 473 2674 488; x_wconf 93' lang='lat'><strong>.</strong></span> <span class='ocrx_word' id='word_1_8' title='bbox 3459 430 3607 492; x_wconf 77' lang='lat' dir='ltr'><strong>IO&#39;IO</strong></span> 
     </span>
    </p>
   </div>
   <div class='ocr_carea' id='block_1_3' title="bbox 199 544 1797 632">
    <p class='ocr_par' dir='ltr' id='par_1_3' title="bbox 199 544 1797 631">
     <span class='ocr_line' id='line_1_3' title="bbox 199 544 1797 631; baseline 0.003 -26"><span class='ocrx_word' id='word_1_9' title='bbox 199 544 281 605; x_wconf 77' lang='grc' dir='ltr'><strong>6ὶό</strong></span> <span class='ocrx_word' id='word_1_10' title='bbox 309 548 397 604; x_wconf 75' lang='grc' dir='ltr'><strong>καὶ</strong></span> <span class='ocrx_word' id='word_1_11' title='bbox 427 556 529 620; x_wconf 80' lang='grc' dir='ltr'><strong>τῆς</strong></span> <span class='ocrx_word' id='word_1_12' title='bbox 579 551 776 626; x_wconf 79' lang='grc' dir='ltr'>σαρκὸς</span> <span class='ocrx_word' id='word_1_13' title='bbox 824 552 1034 627; x_wconf 80' lang='grc' dir='ltr'>Μαρίας</span> <span class='ocrx_word' id='word_1_14' title='bbox 1084 555 1378 628; x_wconf 88' lang='grc' dir='ltr'>γενόμενος</span> <span class='ocrx_word' id='word_1_15' title='bbox 1429 553 1735 631; x_wconf 73' lang='grc' dir='ltr'>ἄνθρωπος,</span> <span class='ocrx_word' id='word_1_16' title='bbox 1769 557 1797 610; x_wconf 70' lang='lat' dir='ltr'><strong>cI</strong></span> 
     </span>
    </p>
   </div>
   <div class='ocr_carea' id='block_1_4' title="bbox 2003 544 3601 632">
    <p class='ocr_par' dir='ltr' id='par_1_4' title="bbox 2003 547 3601 628">
     <span class='ocr_line' id='line_1_4' title="bbox 2003 547 3601 628; baseline 0.003 -12"><span class='ocrx_word' id='word_1_17' title='bbox 2003 578 2029 616; x_wconf 91' lang='lat' dir='ltr'><strong>e</strong></span> <span class='ocrx_word' id='word_1_18' title='bbox 2060 561 2253 618; x_wconf 71' lang='lat' dir='ltr'><strong>Maria:</strong></span> <span class='ocrx_word' id='word_1_19' title='bbox 2311 562 2485 617; x_wconf 90' lang='lat' dir='ltr'><strong>homo</strong></span> <span class='ocrx_word' id='word_1_20' title='bbox 2543 562 2732 617; x_wconf 88' lang='lat' dir='ltr'><strong>factus</strong></span> <span class='ocrx_word' id='word_1_21' title='bbox 2784 566 2892 628; x_wconf 89' lang='lat' dir='ltr'><strong>est,</strong></span> <span class='ocrx_word' id='word_1_22' title='bbox 2929 547 2992 617; x_wconf 86' lang='lat' dir='ltr'><strong>ut</strong></span> <span class='ocrx_word' id='word_1_23' title='bbox 3040 562 3123 616; x_wconf 85' lang='lat' dir='ltr'><strong>ait</strong></span> <span class='ocrx_word' id='word_1_24' title='bbox 3183 565 3327 620; x_wconf 75' lang='lat'><strong>127</strong></span> <span class='ocrx_word' id='word_1_25' title='bbox 3366 564 3601 621; x_wconf 83' lang='lat' dir='ltr'><strong>Paulus.</strong></span> 
     </span>
    </p>
   </div>
   <div class='ocr_carea' id='block_1_5' title="bbox 199 638 1797 717">
    <p class='ocr_par' dir='ltr' id='par_1_5' title="bbox 199 638 1797 717">
     <span class='ocr_line' id='line_1_5' title="bbox 199 638 1797 717; baseline 0.002 -23"><span class='ocrx_word' id='word_1_26' title='bbox 199 639 330 694; x_wconf 73' lang='grc' dir='ltr'>εἶπεν</span> <span class='ocrx_word' id='word_1_27' title='bbox 359 639 387 692; x_wconf 84' lang='grc' dir='ltr'>ὁ</span> <span class='ocrx_word' id='word_1_28' title='bbox 419 638 658 701; x_wconf 79' lang='grc' dir='ltr'><strong>Παῦλος.</strong></span> <span class='ocrx_word' id='word_1_29' title='bbox 692 643 897 698; x_wconf 86' lang='grc' dir='ltr'>Τοῦτον</span> <span class='ocrx_word' id='word_1_30' title='bbox 933 643 960 696; x_wconf 91' lang='grc' dir='ltr'>ὁ</span> <span class='ocrx_word' id='word_1_31' title='bbox 988 643 1173 716; x_wconf 72' lang='grc' dir='ltr'>Πατὴρ</span> <span class='ocrx_word' id='word_1_32' title='bbox 1206 645 1318 716; x_wconf 89' lang='grc'><strong>(71)</strong></span> <span class='ocrx_word' id='word_1_33' title='bbox 1359 641 1613 717; x_wconf 76' lang='grc' dir='ltr'>ἐδείκνυε,</span> <span class='ocrx_word' id='word_1_34' title='bbox 1645 646 1734 699; x_wconf 86' lang='grc' dir='ltr'><strong>καὶ</strong></span> <span class='ocrx_word' id='word_1_35' title='bbox 1790 645 1797 697; x_wconf 81' lang='lat' dir='ltr'><strong>i</strong></span> 
     </span>
    </p>
   </div>
   <div class='ocr_carea' id='block_1_6' title="bbox 2005 638 3603 717">
    <p class='ocr_par' dir='ltr' id='par_1_6' title="bbox 2011 649 3603 709">
     <span class='ocr_line' id='line_1_6' title="bbox 2011 649 3603 709; baseline 0.003 -5"><span class='ocrx_word' id='word_1_36' title='bbox 2011 666 2122 704; x_wconf 87' lang='lat' dir='ltr'><strong>unc</strong></span> <span class='ocrx_word' id='word_1_37' title='bbox 2161 655 2340 706; x_wconf 75' lang='lat' dir='ltr'><strong>“Pater</strong></span> <span class='ocrx_word' id='word_1_38' title='bbox 2405 649 2462 704; x_wconf 91' lang='lat' dir='ltr'><strong>in</strong></span> <span class='ocrx_word' id='word_1_39' title='bbox 2529 651 2779 705; x_wconf 86' lang='lat' dir='ltr'><strong>Jordane</strong></span> <span class='ocrx_word' id='word_1_40' title='bbox 2845 655 2900 704; x_wconf 90' lang='lat' dir='ltr'><strong>et</strong></span> <span class='ocrx_word' id='word_1_41' title='bbox 2964 650 3024 705; x_wconf 90' lang='lat' dir='ltr'><strong>in</strong></span> <span class='ocrx_word' id='word_1_42' title='bbox 3095 657 3291 706; x_wconf 88' lang='lat' dir='ltr'><strong>monte</strong></span> <span class='ocrx_word' id='word_1_43' title='bbox 3359 655 3603 709; x_wconf 84' lang='lat' dir='ltr'><strong>manife-</strong></span> 
     </span>
    </p>
   </div>
   <div class='ocr_carea' id='block_1_7' title="bbox 197 725 1795 814">
    <p class='ocr_par' dir='ltr' id='par_1_7' title="bbox 197 725 1795 807">
     <span class='ocr_line' id='line_1_7' title="bbox 197 725 1795 807; baseline 0.004 -25"><span class='ocrx_word' id='word_1_44' title='bbox 197 725 433 804; x_wconf 77' lang='grc' dir='ltr'><strong>Ἰορδάνῃ</strong></span> <span class='ocrx_word' id='word_1_45' title='bbox 481 729 567 782; x_wconf 76' lang='grc' dir='ltr'><strong>καὶ</strong></span> <span class='ocrx_word' id='word_1_46' title='bbox 621 730 672 784; x_wconf 65' lang='lat' dir='ltr'><strong>tv</strong></span> <span class='ocrx_word' id='word_1_47' title='bbox 724 734 803 803; x_wconf 77' lang='grc' dir='ltr'>τῷ</span> <span class='ocrx_word' id='word_1_48' title='bbox 854 725 968 807; x_wconf 76' lang='grc' dir='ltr'>ὅρει</span> <span class='ocrx_word' id='word_1_49' title='bbox 1019 728 1210 806; x_wconf 75' lang='grc' dir='ltr'>λέγων·</span> <span class='ocrx_word' id='word_1_50' title='bbox 1267 733 1441 796; x_wconf 81' lang='grc' dir='ltr'>Οὗτός</span> <span class='ocrx_word' id='word_1_51' title='bbox 1491 733 1629 789; x_wconf 70' lang='grc' dir='ltr'>ἰστιν</span> <span class='ocrx_word' id='word_1_52' title='bbox 1663 735 1795 789; x_wconf 60' lang='lat' dir='ltr'><strong>ara</strong></span> 
     </span>
    </p>
   </div>
   <div class='ocr_carea' id='block_1_8' title="bbox 2003 725 3601 814">
    <p class='ocr_par' dir='ltr' id='par_1_8' title="bbox 2003 739 3601 814">
     <span class='ocr_line' id='line_1_8' title="bbox 2003 739 3601 814; baseline 0.006 -23"><span class='ocrx_word' id='word_1_53' title='bbox 2003 740 2128 793; x_wconf 88' lang='lat' dir='ltr'><strong>.avit</strong></span> <span class='ocrx_word' id='word_1_54' title='bbox 2159 739 2400 795; x_wconf 89' lang='lat' dir='ltr'><strong>dicens:</strong></span> <span class='ocrx_word' id='word_1_55' title='bbox 2435 741 2532 794; x_wconf 75' lang='lat' dir='ltr'><strong>llic</strong></span> <span class='ocrx_word' id='word_1_56' title='bbox 2580 742 2656 794; x_wconf 76' lang='lat' dir='ltr'><strong>est</strong></span> <span class='ocrx_word' id='word_1_57' title='bbox 2713 739 2884 794; x_wconf 60' lang='lat' dir='ltr'><strong>Filius</strong></span> <span class='ocrx_word' id='word_1_58' title='bbox 2941 755 3093 795; x_wconf 78' lang='lat' dir='ltr'><strong>meus</strong></span> <span class='ocrx_word' id='word_1_59' title='bbox 3138 740 3369 796; x_wconf 74' lang='lat' dir='ltr'><strong>dilectu:</strong></span> <span class='ocrx_word' id='word_1_60' title='bbox 3407 745 3467 797; x_wconf 76' lang='lat' dir='ltr'><strong>in.</strong></span> <span class='ocrx_word' id='word_1_61' title='bbox 3497 760 3601 814; x_wconf 86' lang='lat' dir='ltr'><strong>quo</strong></span> 
     </span>
    </p>
   </div>
   <div class='ocr_carea' id='block_1_9' title="bbox 202 817 1800 902">
    <p class='ocr_par' dir='ltr' id='par_1_9' title="bbox 202 817 1800 895">
     <span class='ocr_line' id='line_1_9' title="bbox 202 817 1800 895; baseline 0.004 -24"><span class='ocrx_word' id='word_1_62' title='bbox 202 837 298 890; x_wconf 90' lang='grc' dir='ltr'><strong>μου</strong></span> <span class='ocrx_word' id='word_1_63' title='bbox 355 818 382 871; x_wconf 89' lang='grc' dir='ltr'>ὁ</span> <span class='ocrx_word' id='word_1_64' title='bbox 442 817 747 892; x_wconf 85' lang='grc' dir='ltr'>ἀγαπητὸς,</span> <span class='ocrx_word' id='word_1_65' title='bbox 799 817 851 874; x_wconf 84' lang='grc' dir='ltr'>ἐν</span> <span class='ocrx_word' id='word_1_66' title='bbox 907 821 953 892; x_wconf 81' lang='grc' dir='ltr'>ᾧ</span> <span class='ocrx_word' id='word_1_67' title='bbox 1012 817 1316 892; x_wconf 80' lang='grc' dir='ltr'>ηὐδόκησα.</span> <span class='ocrx_word' id='word_1_68' title='bbox 1375 826 1573 878; x_wconf 90' lang='grc' dir='ltr'>Τοῦτον</span> <span class='ocrx_word' id='word_1_69' title='bbox 1636 823 1688 876; x_wconf 76' lang='grc' dir='ltr'>οἱ</span> <span class='ocrx_word' id='word_1_70' title='bbox 1744 822 1800 895; x_wconf 69' lang='grc' dir='ltr'>μὶ</span> 
     </span>
    </p>
   </div>
   <div class='ocr_carea' id='block_1_10' title="bbox 1999 817 3597 902">
    <p class='ocr_par' dir='ltr' id='par_1_10' title="bbox 1999 828 3597 902">
     <span class='ocr_line' id='line_1_10' title="bbox 1999 828 3597 902; baseline 0.004 -21"><span class='ocrx_word' id='word_1_71' title='bbox 1999 829 2093 883; x_wconf 71' lang='grc' dir='ltr'><strong>ιίΙιί</strong></span> <span class='ocrx_word' id='word_1_72' title='bbox 2121 829 2430 900; x_wconf 82' lang='lat' dir='ltr'><strong>complacui</strong></span> <span class='ocrx_word' id='word_1_73' title='bbox 2451 828 2690 882; x_wconf 70' lang='lat' dir='ltr'><strong>73.Hunc</strong></span> <span class='ocrx_word' id='word_1_74' title='bbox 2721 828 2918 883; x_wconf 86' lang='lat' dir='ltr'><strong>Ariani</strong></span> <span class='ocrx_word' id='word_1_75' title='bbox 2950 828 3187 900; x_wconf 86' lang='lat' dir='ltr'><strong>quidem</strong></span> <span class='ocrx_word' id='word_1_76' title='bbox 3212 831 3597 902; x_wconf 87' lang='lat' dir='ltr'><strong>abnegarunt,</strong></span> 
     </span>
    </p>
   </div>
   <div class='ocr_carea' id='block_1_11' title="bbox 195 907 1793 989">
    <p class='ocr_par' dir='ltr' id='par_1_11' title="bbox 195 907 1793 986">
     <span class='ocr_line' id='line_1_11' title="bbox 195 907 1793 986; baseline 0.001 -23"><span class='ocrx_word' id='word_1_77' title='bbox 195 907 458 982; x_wconf 79' lang='grc' dir='ltr'>Ἀρεῖανοὶ</span> <span class='ocrx_word' id='word_1_78' title='bbox 490 909 822 982; x_wconf 74' lang='grc' dir='ltr'><strong>ἠρνήσαντο,</strong></span> <span class='ocrx_word' id='word_1_79' title='bbox 856 911 1020 983; x_wconf 78' lang='grc' dir='ltr'>ἡμεῖς</span> <span class='ocrx_word' id='word_1_80' title='bbox 1071 907 1127 964; x_wconf 73' lang='grc' dir='ltr'><strong>δὲ</strong></span> <span class='ocrx_word' id='word_1_81' title='bbox 1177 908 1641 986; x_wconf 81' lang='grc' dir='ltr'><strong>ἐπιγινώσκοντες,</strong></span> <span class='ocrx_word' id='word_1_82' title='bbox 1673 931 1793 986; x_wconf 87' lang='grc' dir='ltr'>προ‹</span> 
     </span>
    </p>
   </div>
   <div class='ocr_carea' id='block_1_12' title="bbox 2001 907 3599 989">
    <p class='ocr_par' dir='ltr' id='par_1_12' title="bbox 2001 917 3599 989">
     <span class='ocr_line' id='line_1_12' title="bbox 2001 917 3599 989; baseline 0.004 -18"><span class='ocrx_word' id='word_1_83' title='bbox 2001 933 2058 971; x_wconf 89' lang='lat' dir='ltr'><strong>os</strong></span> <span class='ocrx_word' id='word_1_84' title='bbox 2089 934 2222 972; x_wconf 91' lang='lat' dir='ltr'><strong>vero</strong></span> <span class='ocrx_word' id='word_1_85' title='bbox 2244 928 2626 989; x_wconf 78' lang='lat' dir='ltr'><strong>agnoscentes</strong></span> <span class='ocrx_word' id='word_1_86' title='bbox 2649 918 3098 983; x_wconf 84' lang='lat' dir='ltr'><strong>adoramus,nec</strong></span> <span class='ocrx_word' id='word_1_87' title='bbox 3122 917 3328 974; x_wconf 89' lang='lat' dir='ltr'><strong>Filium</strong></span> <span class='ocrx_word' id='word_1_88' title='bbox 3353 937 3387 974; x_wconf 92' lang='lat' dir='ltr'><strong>a</strong></span> <span class='ocrx_word' id='word_1_89' title='bbox 3411 921 3599 977; x_wconf 91' lang='lat' dir='ltr'><strong>Verbo</strong></span> 
     </span>
    </p>
   </div>
   <div class='ocr_carea' id='block_1_13' title="bbox 196 995 1794 1078">
    <p class='ocr_par' dir='ltr' id='par_1_13' title="bbox 196 995 1794 1075">
     <span class='ocr_line' id='line_1_13' title="bbox 196 995 1794 1075; baseline 0.003 -25"><span class='ocrx_word' id='word_1_90' title='bbox 196 999 450 1068; x_wconf 87' lang='grc' dir='ltr'>κυνοῦμεν</span> <span class='ocrx_word' id='word_1_91' title='bbox 480 1043 496 1068; x_wconf 85' lang='grc'><strong>,</strong></span> <span class='ocrx_word' id='word_1_92' title='bbox 550 998 614 1052; x_wconf 84' lang='grc' dir='ltr'>οὐ</span> <span class='ocrx_word' id='word_1_93' title='bbox 670 995 1004 1075; x_wconf 76' lang='grc' dir='ltr'>διαιροῦντες</span> <span class='ocrx_word' id='word_1_94' title='bbox 1053 1000 1145 1052; x_wconf 89' lang='grc' dir='ltr'>τὸν</span> <span class='ocrx_word' id='word_1_95' title='bbox 1194 1001 1315 1055; x_wconf 76' lang='grc' dir='ltr'>Υἱὸν</span> <span class='ocrx_word' id='word_1_96' title='bbox 1364 1000 1452 1056; x_wconf 84' lang='grc' dir='ltr'><strong>καὶ</strong></span> <span class='ocrx_word' id='word_1_97' title='bbox 1499 1001 1591 1055; x_wconf 89' lang='grc' dir='ltr'>τὸν</span> <span class='ocrx_word' id='word_1_98' title='bbox 1643 999 1794 1074; x_wconf 65' lang='grc' dir='ltr'>Λόγοι</span> 
     </span>
    </p>
   </div>
   <div class='ocr_carea' id='block_1_14' title="bbox 2001 995 3599 1078">
    <p class='ocr_par' dir='ltr' id='par_1_14' title="bbox 2001 1005 3599 1078">
     <span class='ocr_line' id='line_1_14' title="bbox 2001 1005 3599 1078; baseline 0.004 -20"><span class='ocrx_word' id='word_1_99' title='bbox 2001 1005 2291 1075; x_wconf 82' lang='lat' dir='ltr'><strong>ividimus,</strong></span> <span class='ocrx_word' id='word_1_100' title='bbox 2320 1007 2418 1061; x_wconf 81' lang='lat' dir='ltr'><strong>sed</strong></span> <span class='ocrx_word' id='word_1_101' title='bbox 2453 1008 2827 1078; x_wconf 85' lang='lat' dir='ltr'><strong>agnoscimus</strong></span> <span class='ocrx_word' id='word_1_102' title='bbox 2855 1007 3049 1077; x_wconf 89' lang='lat' dir='ltr'><strong>ipsum</strong></span> <span class='ocrx_word' id='word_1_103' title='bbox 3074 1007 3325 1062; x_wconf 82' lang='lat' dir='ltr'><strong>Verbum</strong></span> <span class='ocrx_word' id='word_1_104' title='bbox 3358 1024 3485 1064; x_wconf 85' lang='lat' dir='ltr'><strong>esse</strong></span> <span class='ocrx_word' id='word_1_105' title='bbox 3509 1010 3599 1065; x_wconf 85' lang='lat' dir='ltr'><strong>Fi-</strong></span> 
     </span>
    </p>
   </div>
   <div class='ocr_carea' id='block_1_15' title="bbox 194 1082 1792 1167">
    <p class='ocr_par' dir='ltr' id='par_1_15' title="bbox 194 1082 1792 1163">
     <span class='ocr_line' id='line_1_15' title="bbox 194 1082 1792 1163; baseline 0.004 -25"><span class='ocrx_word' id='word_1_106' title='bbox 194 1082 312 1140; x_wconf 82' lang='grc' dir='ltr'>ἀλλ’</span> <span class='ocrx_word' id='word_1_107' title='bbox 341 1084 500 1140; x_wconf 72' lang='grc' dir='ltr'>αὐτὸν</span> <span class='ocrx_word' id='word_1_108' title='bbox 531 1087 623 1141; x_wconf 89' lang='grc' dir='ltr'>τὸν</span> <span class='ocrx_word' id='word_1_109' title='bbox 658 1087 837 1163; x_wconf 83' lang='grc' dir='ltr'>Λόγον</span> <span class='ocrx_word' id='word_1_110' title='bbox 1016 1085 1217 1150; x_wconf 81' lang='grc' dir='ltr'>εἰδότες</span> <span class='ocrx_word' id='word_1_111' title='bbox 1246 1088 1377 1143; x_wconf 81' lang='grc' dir='ltr'>εἶναι</span> <span class='ocrx_word' id='word_1_112' title='bbox 1409 1091 1500 1144; x_wconf 85' lang='grc' dir='ltr'><strong>τὸν</strong></span> <span class='ocrx_word' id='word_1_113' title='bbox 1531 1085 1792 1158; x_wconf 75' lang='grc' dir='ltr'>Υἶὸν,δι’‹</span> 
     </span>
    </p>
   </div>
   <div class='ocr_carea' id='block_1_16' title="bbox 2002 1082 3600 1167">
    <p class='ocr_par' dir='ltr' id='par_1_16' title="bbox 2002 1093 3600 1167">
     <span class='ocr_line' id='line_1_16' title="bbox 2002 1093 3600 1167; baseline 0.003 -18"><span class='ocrx_word' id='word_1_114' title='bbox 2002 1110 2095 1149; x_wconf 92' lang='lat' dir='ltr'><strong>um</strong></span> <span class='ocrx_word' id='word_1_115' title='bbox 2126 1110 2230 1166; x_wconf 90' lang='lat' dir='ltr'><strong>per</strong></span> <span class='ocrx_word' id='word_1_116' title='bbox 2260 1111 2433 1166; x_wconf 89' lang='lat' dir='ltr'><strong>quem</strong></span> <span class='ocrx_word' id='word_1_117' title='bbox 2469 1093 2665 1149; x_wconf 83' lang='lat' dir='ltr'><strong>omnia</strong></span> <span class='ocrx_word' id='word_1_118' title='bbox 2696 1094 2847 1149; x_wconf 87' lang='lat' dir='ltr'><strong>facta</strong></span> <span class='ocrx_word' id='word_1_119' title='bbox 2887 1100 3048 1164; x_wconf 89' lang='lat' dir='ltr'><strong>sunt,</strong></span> <span class='ocrx_word' id='word_1_120' title='bbox 3079 1101 3137 1150; x_wconf 89' lang='lat' dir='ltr'><strong>et</strong></span> <span class='ocrx_word' id='word_1_121' title='bbox 3159 1113 3263 1167; x_wconf 86' lang='lat' dir='ltr'><strong>per</strong></span> <span class='ocrx_word' id='word_1_122' title='bbox 3290 1113 3460 1166; x_wconf 87' lang='lat' dir='ltr'><strong>quem</strong></span> <span class='ocrx_word' id='word_1_123' title='bbox 3494 1115 3600 1154; x_wconf 87' lang='lat' dir='ltr'><strong>nos</strong></span> 
     </span>
    </p>
   </div>
   <div class='ocr_carea' id='block_1_17' title="bbox 191 1172 1789 1257">
    <p class='ocr_par' dir='ltr' id='par_1_17' title="bbox 191 1172 1789 1253">
     <span class='ocr_line' id='line_1_17' title="bbox 191 1172 1789 1253; baseline 0.001 -24"><span class='ocrx_word' id='word_1_124' title='bbox 191 1174 252 1229; x_wconf 75' lang='grc' dir='ltr'><strong>τὰ</strong></span> <span class='ocrx_word' id='word_1_125' title='bbox 295 1175 465 1230; x_wconf 85' lang='grc' dir='ltr'>πάντα</span> <span class='ocrx_word' id='word_1_126' title='bbox 510 1172 736 1252; x_wconf 71' lang='grc' dir='ltr'>γέγονε,</span> <span class='ocrx_word' id='word_1_127' title='bbox 785 1175 876 1231; x_wconf 81' lang='grc' dir='ltr'><strong>καὶ</strong></span> <span class='ocrx_word' id='word_1_128' title='bbox 922 1179 1085 1250; x_wconf 80' lang='grc' dir='ltr'>ἡμεῖς</span> <span class='ocrx_word' id='word_1_129' title='bbox 1137 1176 1551 1253; x_wconf 81' lang='grc' dir='ltr'>ἐλυτρώθημεν.</span> <span class='ocrx_word' id='word_1_130' title='bbox 1605 1177 1696 1232; x_wconf 89' lang='grc' dir='ltr'>Διὸ</span> <span class='ocrx_word' id='word_1_131' title='bbox 1747 1198 1789 1231; x_wconf 65' lang='grc' dir='ltr'>κς</span> 
     </span>
    </p>
   </div>
   <div class='ocr_carea' id='block_1_18' title="bbox 1998 1172 3596 1257">
    <p class='ocr_par' dir='ltr' id='par_1_18' title="bbox 1998 1183 3596 1257">
     <span class='ocr_line' id='line_1_18' title="bbox 1998 1183 3596 1257; baseline 0.003 -19"><span class='ocrx_word' id='word_1_132' title='bbox 1998 1183 2235 1254; x_wconf 63' lang='lat' dir='ltr'><strong>adempti</strong></span> <span class='ocrx_word' id='word_1_133' title='bbox 2267 1185 2866 1254; x_wconf 88' lang='lat' dir='ltr'><strong>sumus.Quapropter</strong></span> <span class='ocrx_word' id='word_1_134' title='bbox 2899 1183 3093 1238; x_wconf 81' lang='lat' dir='ltr'><strong>mirati</strong></span> <span class='ocrx_word' id='word_1_135' title='bbox 3127 1201 3337 1240; x_wconf 87' lang='lat' dir='ltr'><strong>sumus</strong></span> <span class='ocrx_word' id='word_1_136' title='bbox 3360 1187 3596 1257; x_wconf 84' lang='lat' dir='ltr'><strong>quodin</strong></span> 
     </span>
    </p>
   </div>
   <div class='ocr_carea' id='block_1_19' title="bbox 189 1261 1787 1344">
    <p class='ocr_par' dir='ltr' id='par_1_19' title="bbox 189 1261 1787 1344">
     <span class='ocr_line' id='line_1_19' title="bbox 189 1261 1787 1344; baseline 0.003 -27"><span class='ocrx_word' id='word_1_137' title='bbox 189 1261 576 1338; x_wconf 71' lang='grc' dir='ltr'><strong>ἐθαυμάσαμεν,</strong></span> <span class='ocrx_word' id='word_1_138' title='bbox 599 1269 716 1330; x_wconf 78' lang='grc' dir='ltr'><strong>πῶς</strong></span> <span class='ocrx_word' id='word_1_139' title='bbox 745 1265 890 1328; x_wconf 79' lang='grc' dir='ltr'>ὅλως</span> <span class='ocrx_word' id='word_1_140' title='bbox 915 1264 966 1321; x_wconf 83' lang='grc' dir='ltr'>ἐν</span> <span class='ocrx_word' id='word_1_141' title='bbox 997 1267 1123 1340; x_wconf 67' lang='grc' dir='ltr'>ὑμῖι</span> <span class='ocrx_word' id='word_1_142' title='bbox 1151 1269 1260 1340; x_wconf 89' lang='grc'><strong>(73)</strong></span> <span class='ocrx_word' id='word_1_143' title='bbox 1288 1267 1410 1344; x_wconf 84' lang='grc' dir='ltr'>περὶ</span> <span class='ocrx_word' id='word_1_144' title='bbox 1438 1271 1546 1323; x_wconf 81' lang='grc' dir='ltr'><strong>τῶν</strong></span> <span class='ocrx_word' id='word_1_145' title='bbox 1578 1266 1721 1322; x_wconf 76' lang='grc' dir='ltr'>οὕτω</span> <span class='ocrx_word' id='word_1_146' title='bbox 1745 1289 1787 1344; x_wconf 78' lang='grc' dir='ltr'><strong>ιρι</strong></span> 
     </span>
    </p>
   </div>
   <div class='ocr_carea' id='block_1_20' title="bbox 1997 1261 3595 1344">
    <p class='ocr_par' dir='ltr' id='par_1_20' title="bbox 1997 1271 3595 1342">
     <span class='ocr_line' id='line_1_20' title="bbox 1997 1271 3595 1342; baseline 0.003 -16"><span class='ocrx_word' id='word_1_147' title='bbox 1997 1272 2124 1327; x_wconf 60' lang='lat' dir='ltr'><strong>ibus</strong></span> <span class='ocrx_word' id='word_1_148' title='bbox 2153 1271 2238 1327; x_wconf 88' lang='lat' dir='ltr'><strong>ita</strong></span> <span class='ocrx_word' id='word_1_149' title='bbox 2267 1271 2596 1327; x_wconf 81' lang='lat' dir='ltr'><strong>manifestis</strong></span> <span class='ocrx_word' id='word_1_150' title='bbox 2627 1273 2782 1342; x_wconf 89' lang='lat' dir='ltr'><strong>apud</strong></span> <span class='ocrx_word' id='word_1_151' title='bbox 2813 1289 2914 1328; x_wconf 90' lang='lat' dir='ltr'><strong>vos</strong></span> <span class='ocrx_word' id='word_1_152' title='bbox 2935 1273 3230 1328; x_wconf 81' lang='lat' dir='ltr'><strong>contentio</strong></span> <span class='ocrx_word' id='word_1_153' title='bbox 3264 1274 3470 1330; x_wconf 90' lang='lat' dir='ltr'><strong>oborta</strong></span> <span class='ocrx_word' id='word_1_154' title='bbox 3501 1275 3595 1331; x_wconf 85' lang='lat' dir='ltr'><strong>sit.</strong></span> 
     </span>
    </p>
   </div>
   <div class='ocr_carea' id='block_1_21' title="bbox 189 1355 1787 1434">
    <p class='ocr_par' dir='ltr' id='par_1_21' title="bbox 189 1355 1787 1434">
     <span class='ocr_line' id='line_1_21' title="bbox 189 1355 1787 1434; baseline 0.003 -27"><span class='ocrx_word' id='word_1_155' title='bbox 189 1358 346 1426; x_wconf 81' lang='grc' dir='ltr'>νερῶν</span> <span class='ocrx_word' id='word_1_156' title='bbox 400 1356 589 1430; x_wconf 76' lang='grc' dir='ltr'>γέγονε</span> <span class='ocrx_word' id='word_1_157' title='bbox 633 1355 980 1434; x_wconf 81' lang='grc' dir='ltr'>φιλονεικία.</span> <span class='ocrx_word' id='word_1_158' title='bbox 1034 1355 1213 1413; x_wconf 85' lang='grc' dir='ltr'>Ἀλλά</span> <span class='ocrx_word' id='word_1_159' title='bbox 1272 1359 1438 1434; x_wconf 90' lang='grc' dir='ltr'>χάρις</span> <span class='ocrx_word' id='word_1_160' title='bbox 1492 1363 1572 1429; x_wconf 75' lang='grc' dir='ltr'>τῷ</span> <span class='ocrx_word' id='word_1_161' title='bbox 1630 1358 1787 1432; x_wconf 76' lang='grc' dir='ltr'>Κυρίι</span> 
     </span>
    </p>
   </div>
   <div class='ocr_carea' id='block_1_22' title="bbox 2000 1355 3598 1434">
    <p class='ocr_par' dir='ltr' id='par_1_22' title="bbox 2000 1360 3598 1433">
     <span class='ocr_line' id='line_1_22' title="bbox 2000 1360 3598 1433; baseline 0.003 -18"><span class='ocrx_word' id='word_1_162' title='bbox 2000 1362 2060 1416; x_wconf 81' lang='lat' dir='ltr'><strong>ed</strong></span> <span class='ocrx_word' id='word_1_163' title='bbox 2091 1361 2279 1433; x_wconf 80' lang='lat' dir='ltr'><strong>gratia</strong></span> <span class='ocrx_word' id='word_1_164' title='bbox 2309 1361 2386 1416; x_wconf 87' lang='lat' dir='ltr'><strong>sit</strong></span> <span class='ocrx_word' id='word_1_165' title='bbox 2414 1360 2682 1426; x_wconf 89' lang='lat' dir='ltr'><strong>Domino,</strong></span> <span class='ocrx_word' id='word_1_166' title='bbox 2717 1361 2855 1431; x_wconf 84' lang='lat' dir='ltr'><strong>quia</strong></span> <span class='ocrx_word' id='word_1_167' title='bbox 2884 1365 3170 1431; x_wconf 90' lang='lat' dir='ltr'><strong>quantum</strong></span> <span class='ocrx_word' id='word_1_168' title='bbox 3204 1378 3272 1416; x_wconf 85' lang='lat' dir='ltr'><strong>ex</strong></span> <span class='ocrx_word' id='word_1_169' title='bbox 3301 1379 3598 1419; x_wconf 90' lang='lat' dir='ltr'><strong>commen-</strong></span> 
     </span>
    </p>
   </div>
   <div class='ocr_carea' id='block_1_23' title="bbox 191 1444 1789 1523">
    <p class='ocr_par' dir='ltr' id='par_1_23' title="bbox 191 1444 1789 1523">
     <span class='ocr_line' id='line_1_23' title="bbox 191 1444 1789 1523; baseline 0.003 -23"><span class='ocrx_word' id='word_1_170' title='bbox 191 1444 289 1515; x_wconf 80' lang='grc' dir='ltr'>ὅτι,</span> <span class='ocrx_word' id='word_1_171' title='bbox 321 1445 445 1502; x_wconf 77' lang='grc' dir='ltr'>ὅσον</span> <span class='ocrx_word' id='word_1_172' title='bbox 465 1445 714 1518; x_wconf 76' lang='grc' dir='ltr'>ἐλυπήθη</span> <span class='ocrx_word' id='word_1_173' title='bbox 727 1469 820 1522; x_wconf 88' lang='grc' dir='ltr'><strong>μεν</strong></span> <span class='ocrx_word' id='word_1_174' title='bbox 840 1446 1154 1523; x_wconf 77' lang='grc' dir='ltr'>ἐντυχόντες</span> <span class='ocrx_word' id='word_1_175' title='bbox 1177 1450 1291 1523; x_wconf 80' lang='grc'>(74)</span> <span class='ocrx_word' id='word_1_176' title='bbox 1316 1454 1433 1511; x_wconf 86' lang='grc' dir='ltr'>τοῖς</span> <span class='ocrx_word' id='word_1_177' title='bbox 1457 1449 1789 1522; x_wconf 79' lang='grc' dir='ltr'>ὑπομνήμασ</span> 
     </span>
    </p>
   </div>
   <div class='ocr_carea' id='block_1_24' title="bbox 1999 1444 3597 1523">
    <p class='ocr_par' dir='ltr' id='par_1_24' title="bbox 1999 1447 3597 1517">
     <span class='ocr_line' id='line_1_24' title="bbox 1999 1447 3597 1517; baseline 0.003 -14"><span class='ocrx_word' id='word_1_178' title='bbox 1999 1450 2229 1505; x_wconf 64' lang='grc' dir='ltr'><strong>ιΓίΟῐἪῐῙ]</strong></span> <span class='ocrx_word' id='word_1_179' title='bbox 2265 1449 2513 1506; x_wconf 89' lang='lat' dir='ltr'><strong>lectione</strong></span> <span class='ocrx_word' id='word_1_180' title='bbox 2540 1447 2865 1504; x_wconf 85' lang='lat' dir='ltr'><strong>contristati</strong></span> <span class='ocrx_word' id='word_1_181' title='bbox 2891 1455 3357 1517; x_wconf 86' lang='lat' dir='ltr'><strong>sumus,tantum</strong></span> <span class='ocrx_word' id='word_1_182' title='bbox 3390 1469 3597 1508; x_wconf 86' lang='lat' dir='ltr'><strong>sumus</strong></span> 
     </span>
    </p>
   </div>
   <div class='ocr_carea' id='block_1_25' title="bbox 188 1534 1786 1614">
    <p class='ocr_par' dir='ltr' id='par_1_25' title="bbox 188 1534 1786 1613">
     <span class='ocr_line' id='line_1_25' title="bbox 188 1534 1786 1613; baseline 0.002 -25"><span class='ocrx_word' id='word_1_183' title='bbox 188 1537 437 1590; x_wconf 89' lang='grc' dir='ltr'>τοσοῦτον</span> <span class='ocrx_word' id='word_1_184' title='bbox 496 1534 775 1610; x_wconf 77' lang='grc' dir='ltr'>ἐχάρημεν</span> <span class='ocrx_word' id='word_1_185' title='bbox 826 1534 910 1590; x_wconf 76' lang='grc' dir='ltr'><strong>ἐπὶ</strong></span> <span class='ocrx_word' id='word_1_186' title='bbox 956 1540 1037 1607; x_wconf 79' lang='grc' dir='ltr'>τῷ</span> <span class='ocrx_word' id='word_1_187' title='bbox 1079 1534 1225 1591; x_wconf 72' lang='grc' dir='ltr'>τέλει</span> <span class='ocrx_word' id='word_1_188' title='bbox 1277 1535 1507 1592; x_wconf 77' lang='grc' dir='ltr'>τούτων.</span> <span class='ocrx_word' id='word_1_189' title='bbox 1540 1537 1691 1594; x_wconf 81' lang='grc' dir='ltr'>Μετὰ</span> <span class='ocrx_word' id='word_1_190' title='bbox 1735 1538 1786 1613; x_wconf 75' lang='grc' dir='ltr'>γὲ</span> 
     </span>
    </p>
   </div>
   <div class='ocr_carea' id='block_1_26' title="bbox 1997 1534 3595 1614">
    <p class='ocr_par' dir='ltr' id='par_1_26' title="bbox 1997 1537 3595 1596">
     <span class='ocr_line' id='line_1_26' title="bbox 1997 1537 3595 1596; baseline 0.001 -2"><span class='ocrx_word' id='word_1_191' title='bbox 1997 1555 2143 1594; x_wconf 74' lang='lat' dir='ltr'><strong>:rum</strong></span> <span class='ocrx_word' id='word_1_192' title='bbox 2175 1539 2423 1594; x_wconf 88' lang='lat' dir='ltr'><strong>istarum</strong></span> <span class='ocrx_word' id='word_1_193' title='bbox 2468 1538 2619 1593; x_wconf 83' lang='lat' dir='ltr'><strong>exitu</strong></span> <span class='ocrx_word' id='word_1_194' title='bbox 2667 1537 2860 1592; x_wconf 66' lang='lat' dir='ltr'><strong>latati.</strong></span> <span class='ocrx_word' id='word_1_195' title='bbox 2897 1539 3040 1593; x_wconf 86' lang='lat' dir='ltr'><strong>Cum</strong></span> <span class='ocrx_word' id='word_1_196' title='bbox 3093 1541 3403 1596; x_wconf 85' lang='lat' dir='ltr'><strong>concordia</strong></span> <span class='ocrx_word' id='word_1_197' title='bbox 3439 1542 3595 1596; x_wconf 87' lang='lat' dir='ltr'><strong>enim</strong></span> 
     </span>
    </p>
   </div>
   <div class='ocr_carea' id='block_1_27' title="bbox 191 1623 1789 1702">
    <p class='ocr_par' dir='ltr' id='par_1_27' title="bbox 191 1623 1789 1702">
     <span class='ocr_line' id='line_1_27' title="bbox 191 1623 1789 1702; baseline 0.001 -25"><span class='ocrx_word' id='word_1_198' title='bbox 191 1625 501 1702; x_wconf 80' lang='grc' dir='ltr'>συμφωνίας</span> <span class='ocrx_word' id='word_1_199' title='bbox 551 1623 929 1700; x_wconf 82' lang='grc' dir='ltr'>ἀνεχώρησαν,</span> <span class='ocrx_word' id='word_1_200' title='bbox 979 1625 1070 1680; x_wconf 83' lang='grc' dir='ltr'><strong>καὶ</strong></span> <span class='ocrx_word' id='word_1_201' title='bbox 1123 1624 1436 1701; x_wconf 70' lang='grc' dir='ltr'>εῗρήνευσαν</span> <span class='ocrx_word' id='word_1_202' title='bbox 1480 1625 1566 1680; x_wconf 78' lang='grc' dir='ltr'><strong>ἐπὶ</strong></span> <span class='ocrx_word' id='word_1_203' title='bbox 1597 1630 1665 1699; x_wconf 84' lang='grc' dir='ltr'><strong>τῇ</strong></span> <span class='ocrx_word' id='word_1_204' title='bbox 1695 1627 1789 1698; x_wconf 79' lang='grc' dir='ltr'><strong>ὁμε</strong></span> 
     </span>
    </p>
   </div>
   <div class='ocr_carea' id='block_1_28' title="bbox 2000 1623 3598 1702">
    <p class='ocr_par' dir='ltr' id='par_1_28' title="bbox 2000 1626 3598 1699">
     <span class='ocr_line' id='line_1_28' title="bbox 2000 1626 3598 1699; baseline 0.003 -18"><span class='ocrx_word' id='word_1_205' title='bbox 2000 1628 2366 1696; x_wconf 70' lang='lat' dir='ltr'><strong>iscesserunt,</strong></span> <span class='ocrx_word' id='word_1_206' title='bbox 2401 1628 2506 1699; x_wconf 60' lang='lat' dir='ltr'><strong>pia;</strong></span> <span class='ocrx_word' id='word_1_207' title='bbox 2555 1632 2612 1682; x_wconf 91' lang='lat' dir='ltr'><strong>et</strong></span> <span class='ocrx_word' id='word_1_208' title='bbox 2664 1626 2995 1682; x_wconf 65' lang='lat' dir='ltr'><strong>orthodoxae</strong></span> <span class='ocrx_word' id='word_1_209' title='bbox 3048 1627 3180 1682; x_wconf 85' lang='lat' dir='ltr'><strong>fidei</strong></span> <span class='ocrx_word' id='word_1_210' title='bbox 3233 1629 3598 1686; x_wconf 81' lang='lat' dir='ltr'><strong>confessione</strong></span> 
     </span>
    </p>
   </div>
   <div class='ocr_carea' id='block_1_29' title="bbox 191 1709 1789 1790">
    <p class='ocr_par' dir='ltr' id='par_1_29' title="bbox 191 1709 1789 1790">
     <span class='ocr_line' id='line_1_29' title="bbox 191 1709 1789 1790; baseline 0 -22"><span class='ocrx_word' id='word_1_211' title='bbox 191 1711 344 1790; x_wconf 78' lang='grc' dir='ltr'>λογίᾳ</span> <span class='ocrx_word' id='word_1_212' title='bbox 392 1721 491 1784; x_wconf 85' lang='grc' dir='ltr'><strong>τῆς</strong></span> <span class='ocrx_word' id='word_1_213' title='bbox 539 1709 790 1777; x_wconf 77' lang='grc' dir='ltr'>εὐσεϐοῦς</span> <span class='ocrx_word' id='word_1_214' title='bbox 839 1717 926 1769; x_wconf 81' lang='grc' dir='ltr'><strong>καὶ</strong></span> <span class='ocrx_word' id='word_1_215' title='bbox 985 1712 1275 1790; x_wconf 79' lang='grc' dir='ltr'>ὁρθοδόξου</span> <span class='ocrx_word' id='word_1_216' title='bbox 1327 1715 1600 1778; x_wconf 88' lang='grc' dir='ltr'>πίστεως.</span> <span class='ocrx_word' id='word_1_217' title='bbox 1659 1719 1789 1772; x_wconf 69' lang='grc' dir='ltr'>Τοῦπ</span> 
     </span>
    </p>
   </div>
   <div class='ocr_carea' id='block_1_30' title="bbox 1996 1709 3594 1790">
    <p class='ocr_par' dir='ltr' id='par_1_30' title="bbox 1996 1715 3594 1787">
     <span class='ocr_line' id='line_1_30' title="bbox 1996 1715 3594 1787; baseline 0.001 -17"><span class='ocrx_word' id='word_1_218' title='bbox 1996 1721 2098 1771; x_wconf 74' lang='lat' dir='ltr'><strong>iter</strong></span> <span class='ocrx_word' id='word_1_219' title='bbox 2126 1733 2188 1771; x_wconf 86' lang='lat' dir='ltr'><strong>se</strong></span> <span class='ocrx_word' id='word_1_220' title='bbox 2219 1715 2530 1772; x_wconf 87' lang='lat' dir='ltr'><strong>conciliata</strong></span> <span class='ocrx_word' id='word_1_221' title='bbox 2580 1731 2740 1787; x_wconf 84' lang='lat' dir='ltr'><strong>pace.</strong></span> <span class='ocrx_word' id='word_1_222' title='bbox 2774 1716 2854 1770; x_wconf 88' lang='lat' dir='ltr'><strong>Ea</strong></span> <span class='ocrx_word' id='word_1_223' title='bbox 2902 1720 3052 1770; x_wconf 89' lang='lat' dir='ltr'><strong>certe</strong></span> <span class='ocrx_word' id='word_1_224' title='bbox 3097 1733 3188 1771; x_wconf 89' lang='lat' dir='ltr'><strong>res</strong></span> <span class='ocrx_word' id='word_1_225' title='bbox 3219 1731 3312 1771; x_wconf 87' lang='lat' dir='ltr'><strong>me</strong></span> <span class='ocrx_word' id='word_1_226' title='bbox 3343 1717 3594 1773; x_wconf 83' lang='lat' dir='ltr'><strong>multum</strong></span> 
     </span>
    </p>
   </div>
   <div class='ocr_carea' id='block_1_31' title="bbox 187 1802 1785 1879">
    <p class='ocr_par' dir='ltr' id='par_1_31' title="bbox 187 1802 1785 1879">
     <span class='ocr_line' id='line_1_31' title="bbox 187 1802 1785 1879; baseline 0.001 -22"><span class='ocrx_word' id='word_1_227' title='bbox 187 1807 307 1879; x_wconf 84' lang='grc' dir='ltr'>γοῦν</span> <span class='ocrx_word' id='word_1_228' title='bbox 339 1804 501 1876; x_wconf 74' lang='grc' dir='ltr'>κάμὲ,</span> <span class='ocrx_word' id='word_1_229' title='bbox 535 1802 721 1858; x_wconf 79' lang='grc' dir='ltr'>πολλὰ</span> <span class='ocrx_word' id='word_1_230' title='bbox 767 1805 1030 1879; x_wconf 84' lang='grc' dir='ltr'>πρότερον</span> <span class='ocrx_word' id='word_1_231' title='bbox 1077 1804 1437 1878; x_wconf 77' lang='grc' dir='ltr'>σκεψάμενον,</span> <span class='ocrx_word' id='word_1_232' title='bbox 1471 1806 1692 1860; x_wconf 82' lang='grc' dir='ltr'>πὲπεικε</span> <span class='ocrx_word' id='word_1_233' title='bbox 1721 1808 1785 1876; x_wconf 68' lang='grc'>(71</span> 
     </span>
    </p>
   </div>
   <div class='ocr_carea' id='block_1_32' title="bbox 1997 1802 3595 1879">
    <p class='ocr_par' dir='ltr' id='par_1_32' title="bbox 1997 1803 3595 1875">
     <span class='ocr_line' id='line_1_32' title="bbox 1997 1803 3595 1875; baseline 0.003 -17"><span class='ocrx_word' id='word_1_234' title='bbox 1997 1805 2107 1859; x_wconf 79' lang='lat' dir='ltr'><strong>rius</strong></span> <span class='ocrx_word' id='word_1_235' title='bbox 2138 1803 2583 1871; x_wconf 87' lang='lat' dir='ltr'><strong>deliberantem,</strong></span> <span class='ocrx_word' id='word_1_236' title='bbox 2616 1804 2684 1858; x_wconf 88' lang='lat' dir='ltr'><strong>ad</strong></span> <span class='ocrx_word' id='word_1_237' title='bbox 2718 1803 2837 1858; x_wconf 76' lang='lat' dir='ltr'><strong>haec</strong></span> <span class='ocrx_word' id='word_1_238' title='bbox 2885 1820 3067 1875; x_wconf 88' lang='lat' dir='ltr'><strong>pauca</strong></span> <span class='ocrx_word' id='word_1_239' title='bbox 3096 1804 3402 1861; x_wconf 83' lang='lat' dir='ltr'><strong>scribenda</strong></span> <span class='ocrx_word' id='word_1_240' title='bbox 3435 1823 3595 1862; x_wconf 89' lang='lat' dir='ltr'><strong>com-</strong></span> 
     </span>
    </p>
   </div>
   <div class='ocr_carea' id='block_1_33' title="bbox 188 1891 1786 1994">
    <p class='ocr_par' dir='ltr' id='par_1_33' title="bbox 188 1891 1786 1968">
     <span class='ocr_line' id='line_1_33' title="bbox 188 1891 1786 1968; baseline 0 -22"><span class='ocrx_word' id='word_1_241' title='bbox 188 1891 384 1967; x_wconf 78' lang='grc' dir='ltr'>γράψαι</span> <span class='ocrx_word' id='word_1_242' title='bbox 415 1893 484 1947; x_wconf 81' lang='grc' dir='ltr'>τά</span> <span class='ocrx_word' id='word_1_243' title='bbox 516 1891 680 1967; x_wconf 83' lang='grc' dir='ltr'>ὀλίγα</span> <span class='ocrx_word' id='word_1_244' title='bbox 726 1892 914 1960; x_wconf 84' lang='grc' dir='ltr'>ταῦτα,</span> <span class='ocrx_word' id='word_1_245' title='bbox 969 1891 1353 1966; x_wconf 79' lang='grc' dir='ltr'>λογισάμενον,</span> <span class='ocrx_word' id='word_1_246' title='bbox 1401 1896 1476 1967; x_wconf 76' lang='grc' dir='ltr'>μὴ</span> <span class='ocrx_word' id='word_1_247' title='bbox 1527 1891 1629 1968; x_wconf 83' lang='grc' dir='ltr'><strong>ἄρα</strong></span> <span class='ocrx_word' id='word_1_248' title='bbox 1670 1897 1786 1948; x_wconf 83' lang='grc' dir='ltr'>ταῦ-ι</span> 
     </span>
    </p>
   </div>
   <div class='ocr_carea' id='block_1_34' title="bbox 1995 1891 3593 1994">
    <p class='ocr_par' dir='ltr' id='par_1_34' title="bbox 1995 1893 3593 1966">
     <span class='ocr_line' id='line_1_34' title="bbox 1995 1893 3593 1966; baseline 0.001 -18"><span class='ocrx_word' id='word_1_249' title='bbox 1995 1893 2133 1948; x_wconf 87' lang='lat' dir='ltr'><strong>ulit:</strong></span> <span class='ocrx_word' id='word_1_250' title='bbox 2173 1898 2408 1948; x_wconf 69' lang='lat' dir='ltr'><strong>verebar</strong></span> <span class='ocrx_word' id='word_1_251' title='bbox 2436 1893 2591 1947; x_wconf 86' lang='lat' dir='ltr'><strong>enim</strong></span> <span class='ocrx_word' id='word_1_252' title='bbox 2626 1909 2698 1947; x_wconf 90' lang='lat' dir='ltr'><strong>ne</strong></span> <span class='ocrx_word' id='word_1_253' title='bbox 2749 1893 2892 1966; x_wconf 79' lang='lat' dir='ltr'><strong>forfe</strong></span> <span class='ocrx_word' id='word_1_254' title='bbox 2949 1908 3016 1947; x_wconf 86' lang='lat' dir='ltr'><strong>ex</strong></span> <span class='ocrx_word' id='word_1_255' title='bbox 3049 1893 3466 1960; x_wconf 84' lang='lat' dir='ltr'><strong>taciturnitate,</strong></span> <span class='ocrx_word' id='word_1_256' title='bbox 3491 1912 3593 1966; x_wconf 88' lang='lat' dir='ltr'><strong>pro</strong></span> 
     </span>
    </p>
   </div>
   <div class='ocr_carea' id='block_1_35' title="bbox 187 1979 1785 2057">
    <p class='ocr_par' dir='ltr' id='par_1_35' title="bbox 187 1979 1785 2057">
     <span class='ocr_line' id='line_1_35' title="bbox 187 1979 1785 2057; baseline 0.001 -23"><span class='ocrx_word' id='word_1_257' title='bbox 187 1979 243 2035; x_wconf 77' lang='grc' dir='ltr'>ἐκ</span> <span class='ocrx_word' id='word_1_258' title='bbox 268 1988 364 2050; x_wconf 78' lang='grc' dir='ltr'><strong>τῆς</strong></span> <span class='ocrx_word' id='word_1_259' title='bbox 392 1989 606 2050; x_wconf 76' lang='grc' dir='ltr'>σιωπῆς</span> <span class='ocrx_word' id='word_1_260' title='bbox 635 1981 751 2035; x_wconf 81' lang='grc' dir='ltr'>ἀντὶ</span> <span class='ocrx_word' id='word_1_261' title='bbox 799 1987 974 2056; x_wconf 79' lang='grc' dir='ltr'>χαρᾶς</span> <span class='ocrx_word' id='word_1_262' title='bbox 1023 1980 1169 2051; x_wconf 73' lang='grc' dir='ltr'>λύπη</span> <span class='ocrx_word' id='word_1_263' title='bbox 1221 1983 1440 2057; x_wconf 72' lang='grc' dir='ltr'>γενηται</span> <span class='ocrx_word' id='word_1_264' title='bbox 1490 1988 1606 2044; x_wconf 81' lang='grc' dir='ltr'>τοῖς</span> <span class='ocrx_word' id='word_1_265' title='bbox 1649 1981 1709 2036; x_wconf 82' lang='grc' dir='ltr'>ἐκ</span> <span class='ocrx_word' id='word_1_266' title='bbox 1735 1990 1785 2037; x_wconf 78' lang='grc' dir='ltr'><strong>τὶ</strong></span> 
     </span>
    </p>
   </div>
   <div class='ocr_carea' id='block_1_36' title="bbox 1997 1979 3595 2057">
    <p class='ocr_par' dir='ltr' id='par_1_36' title="bbox 1997 1980 3595 2052">
     <span class='ocr_line' id='line_1_36' title="bbox 1997 1980 3595 2052; baseline 0.002 -16"><span class='ocrx_word' id='word_1_267' title='bbox 1997 1982 2157 2037; x_wconf 64' lang='lat' dir='ltr'><strong>audio</strong></span> <span class='ocrx_word' id='word_1_268' title='bbox 2187 1981 2429 2036; x_wconf 86' lang='lat' dir='ltr'><strong>tristitia</strong></span> <span class='ocrx_word' id='word_1_269' title='bbox 2458 1980 2576 2035; x_wconf 86' lang='lat' dir='ltr'><strong>illis</strong></span> <span class='ocrx_word' id='word_1_270' title='bbox 2632 1980 2979 2047; x_wconf 88' lang='lat' dir='ltr'><strong>oboriretur,</strong></span> <span class='ocrx_word' id='word_1_271' title='bbox 3013 1982 3110 2052; x_wconf 88' lang='lat' dir='ltr'><strong>qui</strong></span> <span class='ocrx_word' id='word_1_272' title='bbox 3158 1995 3225 2036; x_wconf 86' lang='lat' dir='ltr'><strong>ex</strong></span> <span class='ocrx_word' id='word_1_273' title='bbox 3281 1984 3595 2039; x_wconf 81' lang='lat' dir='ltr'><strong>concordia</strong></span> 
     </span>
    </p>
   </div>
   <div class='ocr_carea' id='block_1_37' title="bbox 187 2069 1785 2148">
    <p class='ocr_par' dir='ltr' id='par_1_37' title="bbox 187 2069 1785 2148">
     <span class='ocr_line' id='line_1_37' title="bbox 187 2069 1785 2148; baseline 0.001 -24"><span class='ocrx_word' id='word_1_274' title='bbox 187 2069 498 2148; x_wconf 77' lang='grc' dir='ltr'>συμφωνίας</span> <span class='ocrx_word' id='word_1_275' title='bbox 533 2070 806 2147; x_wconf 77' lang='grc' dir='ltr'>πρόφαφιν</span> <span class='ocrx_word' id='word_1_276' title='bbox 854 2075 951 2125; x_wconf 88' lang='grc' dir='ltr'><strong>τοῦ</strong></span> <span class='ocrx_word' id='word_1_277' title='bbox 996 2070 1208 2146; x_wconf 79' lang='grc' dir='ltr'>χαίρειν</span> <span class='ocrx_word' id='word_1_278' title='bbox 1254 2076 1626 2148; x_wconf 77' lang='grc' dir='ltr'>παρασχοῦσιν</span> <span class='ocrx_word' id='word_1_279' title='bbox 1672 2074 1785 2144; x_wconf 71' lang='grc' dir='ltr'>ἠμῖ</span> 
     </span>
    </p>
   </div>
   <div class='ocr_carea' id='block_1_38' title="bbox 1995 2069 3593 2148">
    <p class='ocr_par' dir='ltr' id='par_1_38' title="bbox 1995 2069 3593 2143">
     <span class='ocr_line' id='line_1_38' title="bbox 1995 2069 3593 2143; baseline 0.001 -18"><span class='ocrx_word' id='word_1_280' title='bbox 1995 2071 2112 2126; x_wconf 70' lang='lat' dir='ltr'><strong>abis</strong></span> <span class='ocrx_word' id='word_1_281' title='bbox 2157 2087 2390 2125; x_wconf 87' lang='lat' dir='ltr'><strong>causam</strong></span> <span class='ocrx_word' id='word_1_282' title='bbox 2444 2069 2654 2124; x_wconf 59' lang='lat' dir='ltr'><strong>laetitiis</strong></span> <span class='ocrx_word' id='word_1_283' title='bbox 2707 2070 3178 2141; x_wconf 83' lang='lat' dir='ltr'><strong>suppeditarunt.</strong></span> <span class='ocrx_word' id='word_1_284' title='bbox 3214 2071 3370 2142; x_wconf 80' lang='lat' dir='ltr'><strong>Rogo</strong></span> <span class='ocrx_word' id='word_1_285' title='bbox 3411 2071 3593 2143; x_wconf 86' lang='lat' dir='ltr'><strong>igitur</strong></span> 
     </span>
    </p>
   </div>
   <div class='ocr_carea' id='block_1_39' title="bbox 187 2156 1785 2235">
    <p class='ocr_par' dir='ltr' id='par_1_39' title="bbox 187 2156 1785 2235">
     <span class='ocr_line' id='line_1_39' title="bbox 187 2156 1785 2235; baseline -0.001 -20"><span class='ocrx_word' id='word_1_286' title='bbox 187 2159 340 2231; x_wconf 82' lang='grc' dir='ltr'><strong>Ἀξιῶ</strong></span> <span class='ocrx_word' id='word_1_287' title='bbox 395 2159 576 2214; x_wconf 85' lang='grc' dir='ltr'>τοίνυν</span> <span class='ocrx_word' id='word_1_288' title='bbox 627 2159 1060 2235; x_wconf 76' lang='grc' dir='ltr'>πρυηγουμὲνως</span> <span class='ocrx_word' id='word_1_289' title='bbox 1103 2161 1201 2228; x_wconf 77' lang='grc' dir='ltr'><strong>τήν</strong></span> <span class='ocrx_word' id='word_1_290' title='bbox 1252 2161 1349 2228; x_wconf 75' lang='grc' dir='ltr'>σὴν</span> <span class='ocrx_word' id='word_1_291' title='bbox 1402 2156 1706 2231; x_wconf 77' lang='grc' dir='ltr'>εὐλάϐειαν,</span> <span class='ocrx_word' id='word_1_292' title='bbox 1738 2181 1785 2214; x_wconf 70' lang='grc' dir='ltr'>κε</span> 
     </span>
    </p>
   </div>
   <div class='ocr_carea' id='block_1_40' title="bbox 1992 2156 3590 2235">
    <p class='ocr_par' dir='ltr' id='par_1_40' title="bbox 1992 2158 3590 2231">
     <span class='ocr_line' id='line_1_40' title="bbox 1992 2158 3590 2231; baseline 0.001 -17"><span class='ocrx_word' id='word_1_293' title='bbox 1992 2177 2105 2215; x_wconf 77' lang='lat' dir='ltr'><strong>iam</strong></span> <span class='ocrx_word' id='word_1_294' title='bbox 2140 2159 2410 2231; x_wconf 85' lang='lat' dir='ltr'><strong>pietatem</strong></span> <span class='ocrx_word' id='word_1_295' title='bbox 2444 2158 2721 2230; x_wconf 89' lang='lat' dir='ltr'><strong>primum,</strong></span> <span class='ocrx_word' id='word_1_296' title='bbox 2756 2159 3012 2213; x_wconf 86' lang='lat' dir='ltr'><strong>secundo</strong></span> <span class='ocrx_word' id='word_1_297' title='bbox 3045 2159 3442 2224; x_wconf 85' lang='lat' dir='ltr'><strong>auditores,ut</strong></span> <span class='ocrx_word' id='word_1_298' title='bbox 3473 2161 3590 2216; x_wconf 72' lang='lat' dir='ltr'><strong>haec</strong></span> 
     </span>
    </p>
   </div>
   <div class='ocr_carea' id='block_1_41' title="bbox 186 2245 1784 2324">
    <p class='ocr_par' dir='ltr' id='par_1_41' title="bbox 186 2245 1784 2324">
     <span class='ocr_line' id='line_1_41' title="bbox 186 2245 1784 2324; baseline 0 -22"><span class='ocrx_word' id='word_1_299' title='bbox 186 2245 428 2324; x_wconf 78' lang='grc' dir='ltr'>δεύτερον</span> <span class='ocrx_word' id='word_1_300' title='bbox 475 2248 601 2310; x_wconf 79' lang='grc' dir='ltr'>τοὺς</span> <span class='ocrx_word' id='word_1_301' title='bbox 654 2248 970 2317; x_wconf 74' lang='grc' dir='ltr'>ἀκούοντας,</span> <span class='ocrx_word' id='word_1_302' title='bbox 1032 2250 1164 2322; x_wconf 82' lang='grc' dir='ltr'>μετᾶ</span> <span class='ocrx_word' id='word_1_303' title='bbox 1223 2246 1578 2314; x_wconf 72' lang='grc' dir='ltr'>συνειδήσεως</span> <span class='ocrx_word' id='word_1_304' title='bbox 1629 2251 1784 2324; x_wconf 79' lang='grc' dir='ltr'>ἀγαθὶ</span> 
     </span>
    </p>
   </div>
   <div class='ocr_carea' id='block_1_42' title="bbox 1991 2245 3589 2324">
    <p class='ocr_par' dir='ltr' id='par_1_42' title="bbox 1991 2246 3589 2320">
     <span class='ocr_line' id='line_1_42' title="bbox 1991 2246 3589 2320; baseline 0.001 -18"><span class='ocrx_word' id='word_1_305' title='bbox 1991 2264 2076 2303; x_wconf 72' lang='lat' dir='ltr'><strong>1m</strong></span> <span class='ocrx_word' id='word_1_306' title='bbox 2111 2249 2262 2303; x_wconf 89' lang='lat' dir='ltr'><strong>bona</strong></span> <span class='ocrx_word' id='word_1_307' title='bbox 2287 2247 2647 2303; x_wconf 87' lang='lat' dir='ltr'><strong>conscientia</strong></span> <span class='ocrx_word' id='word_1_308' title='bbox 2677 2246 3010 2318; x_wconf 88' lang='lat' dir='ltr'><strong>recipiatis:</strong></span> <span class='ocrx_word' id='word_1_309' title='bbox 3044 2252 3099 2302; x_wconf 89' lang='lat' dir='ltr'><strong>et</strong></span> <span class='ocrx_word' id='word_1_310' title='bbox 3143 2247 3190 2302; x_wconf 89' lang='lat' dir='ltr'><strong>si</strong></span> <span class='ocrx_word' id='word_1_311' title='bbox 3223 2248 3361 2318; x_wconf 88' lang='lat' dir='ltr'><strong>quid</strong></span> <span class='ocrx_word' id='word_1_312' title='bbox 3405 2265 3437 2303; x_wconf 91' lang='lat' dir='ltr'><strong>a</strong></span> <span class='ocrx_word' id='word_1_313' title='bbox 3469 2249 3589 2320; x_wconf 89' lang='lat' dir='ltr'><strong>pie-</strong></span> 
     </span>
    </p>
   </div>
   <div class='ocr_carea' id='block_1_43' title="bbox 183 2334 1781 2413">
    <p class='ocr_par' dir='ltr' id='par_1_43' title="bbox 183 2335 1781 2413">
     <span class='ocr_line' id='line_1_43' title="bbox 183 2335 1781 2411; baseline 0.001 -19"><span class='ocrx_word' id='word_1_314' title='bbox 183 2342 344 2392; x_wconf 85' lang='grc' dir='ltr'>ταῦτα</span> <span class='ocrx_word' id='word_1_315' title='bbox 378 2335 640 2410; x_wconf 72' lang='grc' dir='ltr'>δέξασθαι·</span> <span class='ocrx_word' id='word_1_316' title='bbox 673 2339 758 2392; x_wconf 68' lang='grc' dir='ltr'>καῗ</span> <span class='ocrx_word' id='word_1_317' title='bbox 799 2337 847 2392; x_wconf 53' lang='lat' dir='ltr'><strong>ei</strong></span> <span class='ocrx_word' id='word_1_318' title='bbox 903 2337 994 2411; x_wconf 66' lang='grc' dir='ltr'><strong>μέν</strong></span> <span class='ocrx_word' id='word_1_319' title='bbox 1048 2360 1099 2392; x_wconf 91' lang='grc' dir='ltr'><strong>τι</strong></span> <span class='ocrx_word' id='word_1_320' title='bbox 1149 2338 1282 2392; x_wconf 68' lang='grc' dir='ltr'>ποὸ·</span> <span class='ocrx_word' id='word_1_321' title='bbox 1313 2335 1582 2393; x_wconf 65' lang='grc' dir='ltr'>εὐσέϐειαν</span> <span class='ocrx_word' id='word_1_322' title='bbox 1635 2337 1781 2394; x_wconf 87' lang='grc' dir='ltr'>λείπε</span> 
     </span>
     <span class='ocr_line' id='line_1_44' title="bbox 411 2380 1430 2413; baseline 0.003 -23"><span class='ocrx_word' id='word_1_323' title='bbox 411 2380 432 2390; x_wconf 77' lang='lat'><strong>-</strong></span> <span class='ocrx_word' id='word_1_324' title='bbox 609 2381 620 2390; x_wconf 92' lang='lat'><strong>.</strong></span> <span class='ocrx_word' id='word_1_325' title='bbox 749 2383 760 2392; x_wconf 89' lang='lat'><strong>.</strong></span> <span class='ocrx_word' id='word_1_326' title='bbox 834 2383 844 2391; x_wconf 93' lang='lat'><strong>.</strong></span> <span class='ocrx_word' id='word_1_327' title='bbox 946 2382 966 2392; x_wconf 83' lang='lat'><strong>-</strong></span> <span class='ocrx_word' id='word_1_328' title='bbox 1193 2381 1214 2413; x_wconf 51' lang='grc' dir='ltr'><strong>Γ</strong></span> <span class='ocrx_word' id='word_1_329' title='bbox 1260 2381 1280 2400; x_wconf 76' lang='grc'><strong>,</strong></span> <span class='ocrx_word' id='word_1_330' title='bbox 1410 2382 1430 2393; x_wconf 85' lang='lat'><strong>..</strong></span> 
     </span>
    </p>
   </div>
   <div class='ocr_carea' id='block_1_44' title="bbox 1988 2334 3586 2413">
    <p class='ocr_par' dir='ltr' id='par_1_44' title="bbox 1988 2334 3586 2407">
     <span class='ocr_line' id='line_1_45' title="bbox 1988 2334 3586 2407; baseline 0.001 -16"><span class='ocrx_word' id='word_1_331' title='bbox 1988 2342 2060 2391; x_wconf 76' lang='lat' dir='ltr'><strong>ite</strong></span> <span class='ocrx_word' id='word_1_332' title='bbox 2099 2336 2399 2401; x_wconf 84' lang='lat' dir='ltr'><strong>deficiunt,</strong></span> <span class='ocrx_word' id='word_1_333' title='bbox 2432 2334 2577 2390; x_wconf 90' lang='lat' dir='ltr'><strong>illud</strong></span> <span class='ocrx_word' id='word_1_334' title='bbox 2635 2335 2942 2407; x_wconf 90' lang='lat' dir='ltr'><strong>corrigatis</strong></span> <span class='ocrx_word' id='word_1_335' title='bbox 3002 2335 3265 2406; x_wconf 89' lang='lat' dir='ltr'><strong>mihique</strong></span> <span class='ocrx_word' id='word_1_336' title='bbox 3296 2337 3586 2393; x_wconf 88' lang='lat' dir='ltr'><strong>indicetis.</strong></span> 
     </span>
    </p>
   </div>
   <div class='ocr_carea' id='block_1_45' title="bbox 183 2423 1781 2503">
    <p class='ocr_par' dir='ltr' id='par_1_45' title="bbox 183 2423 1781 2503">
     <span class='ocr_line' id='line_1_46' title="bbox 183 2423 1781 2503; baseline 0 -23"><span class='ocrx_word' id='word_1_337' title='bbox 183 2429 339 2480; x_wconf 86' lang='grc' dir='ltr'>τοῦτο</span> <span class='ocrx_word' id='word_1_338' title='bbox 373 2423 768 2502; x_wconf 80' lang='grc' dir='ltr'>διορθώσασθαι</span> <span class='ocrx_word' id='word_1_339' title='bbox 818 2427 905 2480; x_wconf 77' lang='grc' dir='ltr'><strong>καὶ</strong></span> <span class='ocrx_word' id='word_1_340' title='bbox 957 2424 1207 2496; x_wconf 76' lang='grc' dir='ltr'>δηλῶσαί</span> <span class='ocrx_word' id='word_1_341' title='bbox 1242 2445 1354 2500; x_wconf 74' lang='grc' dir='ltr'>μοι’</span> <span class='ocrx_word' id='word_1_342' title='bbox 1391 2427 1435 2481; x_wconf 79' lang='grc' dir='ltr'>εἷ</span> <span class='ocrx_word' id='word_1_343' title='bbox 1487 2425 1543 2482; x_wconf 74' lang='grc' dir='ltr'><strong>δὲ</strong></span> <span class='ocrx_word' id='word_1_344' title='bbox 1584 2428 1657 2489; x_wconf 86' lang='grc' dir='ltr'>ὡς</span> <span class='ocrx_word' id='word_1_345' title='bbox 1690 2447 1781 2503; x_wconf 70' lang='grc' dir='ltr'>παε</span> 
     </span>
    </p>
   </div>
   <div class='ocr_carea' id='block_1_46' title="bbox 1993 2423 3591 2503">
    <p class='ocr_par' dir='ltr' id='par_1_46' title="bbox 1997 2423 3591 2497">
     <span class='ocr_line' id='line_1_47' title="bbox 1997 2423 3591 2497; baseline 0 -17"><span class='ocrx_word' id='word_1_346' title='bbox 1997 2426 2108 2480; x_wconf 90' lang='lat' dir='ltr'><strong>uod</strong></span> <span class='ocrx_word' id='word_1_347' title='bbox 2142 2425 2419 2496; x_wconf 84' lang='lat' dir='ltr'><strong>si,utpote</strong></span> <span class='ocrx_word' id='word_1_348' title='bbox 2451 2424 2522 2478; x_wconf 89' lang='lat' dir='ltr'><strong>ab</strong></span> <span class='ocrx_word' id='word_1_349' title='bbox 2557 2423 2792 2478; x_wconf 87' lang='lat' dir='ltr'><strong>homine</strong></span> <span class='ocrx_word' id='word_1_350' title='bbox 2820 2424 3232 2495; x_wconf 89' lang='lat' dir='ltr'><strong>imperito,non</strong></span> <span class='ocrx_word' id='word_1_351' title='bbox 3270 2441 3372 2496; x_wconf 91' lang='lat' dir='ltr'><strong>pro</strong></span> <span class='ocrx_word' id='word_1_352' title='bbox 3405 2425 3591 2497; x_wconf 88' lang='lat' dir='ltr'><strong>digni-</strong></span> 
     </span>
    </p>
   </div>
   <div class='ocr_carea' id='block_1_47' title="bbox 187 2512 1785 2591">
    <p class='ocr_par' dir='ltr' id='par_1_47' title="bbox 187 2512 1785 2591">
     <span class='ocr_line' id='line_1_48' title="bbox 187 2512 1785 2591; baseline 0.001 -23"><span class='ocrx_word' id='word_1_353' title='bbox 187 2512 406 2569; x_wconf 77' lang='grc' dir='ltr'>ἰδιώτου</span> <span class='ocrx_word' id='word_1_354' title='bbox 436 2513 514 2587; x_wconf 77' lang='grc' dir='ltr'><strong>τῷ</strong></span> <span class='ocrx_word' id='word_1_355' title='bbox 546 2515 704 2591; x_wconf 83' lang='grc' dir='ltr'><strong>Λόγῳ</strong></span> <span class='ocrx_word' id='word_1_356' title='bbox 740 2519 815 2586; x_wconf 79' lang='grc' dir='ltr'>μή</span> <span class='ocrx_word' id='word_1_357' title='bbox 849 2517 962 2570; x_wconf 81' lang='grc' dir='ltr'>κατ’</span> <span class='ocrx_word' id='word_1_358' title='bbox 994 2514 1166 2587; x_wconf 80' lang='grc' dir='ltr'>ἀξίαν,</span> <span class='ocrx_word' id='word_1_359' title='bbox 1201 2513 1342 2588; x_wconf 72' lang='grc' dir='ltr'>μηδὲ</span> <span class='ocrx_word' id='word_1_360' title='bbox 1382 2515 1608 2578; x_wconf 89' lang='grc' dir='ltr'>τελείως</span> <span class='ocrx_word' id='word_1_361' title='bbox 1638 2517 1785 2590; x_wconf 74' lang='grc' dir='ltr'>γέγρι</span> 
     </span>
    </p>
   </div>
   <div class='ocr_carea' id='block_1_48' title="bbox 1993 2512 3591 2591">
    <p class='ocr_par' dir='ltr' id='par_1_48' title="bbox 1993 2512 3591 2585">
     <span class='ocr_line' id='line_1_49' title="bbox 1993 2512 3591 2585; baseline 0 -17"><span class='ocrx_word' id='word_1_362' title='bbox 1993 2519 2063 2568; x_wconf 70' lang='lat' dir='ltr'><strong>ite</strong></span> <span class='ocrx_word' id='word_1_363' title='bbox 2095 2514 2198 2584; x_wconf 82' lang='lat' dir='ltr'><strong>rei,</strong></span> <span class='ocrx_word' id='word_1_364' title='bbox 2249 2529 2353 2568; x_wconf 90' lang='lat' dir='ltr'><strong>nec</strong></span> <span class='ocrx_word' id='word_1_365' title='bbox 2402 2512 2546 2567; x_wconf 88' lang='lat' dir='ltr'><strong>satis</strong></span> <span class='ocrx_word' id='word_1_366' title='bbox 2598 2517 2867 2567; x_wconf 87' lang='lat' dir='ltr'><strong>accurate</strong></span> <span class='ocrx_word' id='word_1_367' title='bbox 2924 2512 3040 2566; x_wconf 88' lang='lat' dir='ltr'><strong>ista</strong></span> <span class='ocrx_word' id='word_1_368' title='bbox 3091 2513 3420 2585; x_wconf 85' lang='lat' dir='ltr'><strong>conscripta</strong></span> <span class='ocrx_word' id='word_1_369' title='bbox 3453 2515 3591 2580; x_wconf 87' lang='lat' dir='ltr'><strong>sint,</strong></span> 
     </span>
    </p>
   </div>
   <div class='ocr_carea' id='block_1_49' title="bbox 186 2600 1784 2680">
    <p class='ocr_par' dir='ltr' id='par_1_49' title="bbox 186 2603 1781 2680">
     <span class='ocr_line' id='line_1_50' title="bbox 186 2603 1781 2680; baseline 0 -22"><span class='ocrx_word' id='word_1_370' title='bbox 186 2624 334 2671; x_wconf 87' lang='grc' dir='ltr'>πται,</span> <span class='ocrx_word' id='word_1_371' title='bbox 369 2607 666 2679; x_wconf 80' lang='grc' dir='ltr'>συγγνῶναι</span> <span class='ocrx_word' id='word_1_372' title='bbox 699 2603 898 2666; x_wconf 83' lang='grc' dir='ltr'>πάντας</span> <span class='ocrx_word' id='word_1_373' title='bbox 935 2607 1046 2677; x_wconf 89' lang='grc'><strong>(76)</strong></span> <span class='ocrx_word' id='word_1_374' title='bbox 1067 2607 1135 2678; x_wconf 76' lang='grc' dir='ltr'><strong>τῇ</strong></span> <span class='ocrx_word' id='word_1_375' title='bbox 1162 2604 1404 2679; x_wconf 69' lang='grc' dir='ltr'>ἡμετέρᾳ</span> <span class='ocrx_word' id='word_1_376' title='bbox 1424 2605 1545 2680; x_wconf 86' lang='grc' dir='ltr'><strong>περὶ</strong></span> <span class='ocrx_word' id='word_1_377' title='bbox 1565 2605 1626 2658; x_wconf 90' lang='grc' dir='ltr'>τὸ</span> <span class='ocrx_word' id='word_1_378' title='bbox 1654 2603 1781 2679; x_wconf 74' lang='grc' dir='ltr'>λέγε</span> 
     </span>
    </p>
   </div>
   <div class='ocr_carea' id='block_1_50' title="bbox 1995 2600 3593 2680">
    <p class='ocr_par' dir='ltr' id='par_1_50' title="bbox 1995 2600 3593 2658">
     <span class='ocr_line' id='line_1_51' title="bbox 1995 2600 3593 2658; baseline 0.001 -1"><span class='ocrx_word' id='word_1_379' title='bbox 1995 2601 2171 2657; x_wconf 64' lang='lat' dir='ltr'><strong>iniam</strong></span> <span class='ocrx_word' id='word_1_380' title='bbox 2203 2601 2353 2656; x_wconf 89' lang='lat' dir='ltr'><strong>detis</strong></span> <span class='ocrx_word' id='word_1_381' title='bbox 2377 2617 2576 2656; x_wconf 90' lang='lat' dir='ltr'><strong>omnes</strong></span> <span class='ocrx_word' id='word_1_382' title='bbox 2597 2606 2808 2655; x_wconf 59' lang='lat' dir='ltr'><strong>nostra;</strong></span> <span class='ocrx_word' id='word_1_383' title='bbox 2833 2601 2888 2654; x_wconf 91' lang='lat' dir='ltr'><strong>in</strong></span> <span class='ocrx_word' id='word_1_384' title='bbox 2913 2600 3160 2656; x_wconf 88' lang='lat' dir='ltr'><strong>dicendo</strong></span> <span class='ocrx_word' id='word_1_385' title='bbox 3184 2602 3593 2658; x_wconf 86' lang='lat' dir='ltr'><strong>imbecillitati.</strong></span> 
     </span>
    </p>
   </div>
   <div class='ocr_carea' id='block_1_51' title="bbox 186 2690 1784 2766">
    <p class='ocr_par' dir='ltr' id='par_1_51' title="bbox 186 2690 1784 2766">
     <span class='ocr_line' id='line_1_52' title="bbox 186 2690 1784 2766; baseline -0.001 -21"><span class='ocrx_word' id='word_1_386' title='bbox 186 2691 451 2762; x_wconf 75' lang='grc' dir='ltr'>ἀσθενείᾳ.</span> <span class='ocrx_word' id='word_1_387' title='bbox 510 2691 884 2766; x_wconf 84' lang='grc' dir='ltr'>Προσαγόρευε</span> <span class='ocrx_word' id='word_1_388' title='bbox 931 2693 1134 2754; x_wconf 89' lang='grc' dir='ltr'>πάντας</span> <span class='ocrx_word' id='word_1_389' title='bbox 1187 2691 1314 2756; x_wconf 73' lang='grc' dir='ltr'>τοὺς</span> <span class='ocrx_word' id='word_1_390' title='bbox 1367 2693 1500 2766; x_wconf 76' lang='grc' dir='ltr'>μετὰ</span> <span class='ocrx_word' id='word_1_391' title='bbox 1547 2697 1641 2746; x_wconf 90' lang='grc' dir='ltr'><strong>σοῦ</strong></span> <span class='ocrx_word' id='word_1_392' title='bbox 1673 2690 1784 2745; x_wconf 74' lang='grc' dir='ltr'><strong>ἅδε]</strong></span> 
     </span>
    </p>
   </div>
   <div class='ocr_carea' id='block_1_52' title="bbox 1997 2690 3595 2766">
    <p class='ocr_par' dir='ltr' id='par_1_52' title="bbox 1997 2690 3595 2762">
     <span class='ocr_line' id='line_1_53' title="bbox 1997 2690 3595 2762; baseline 0.001 -17"><span class='ocrx_word' id='word_1_393' title='bbox 1997 2690 2146 2746; x_wconf 73' lang='lat' dir='ltr'><strong>aluta</strong></span> <span class='ocrx_word' id='word_1_394' title='bbox 2176 2707 2404 2755; x_wconf 83' lang='lat' dir='ltr'><strong>omnes,</strong></span> <span class='ocrx_word' id='word_1_395' title='bbox 2435 2691 2535 2762; x_wconf 91' lang='lat' dir='ltr'><strong>qui</strong></span> <span class='ocrx_word' id='word_1_396' title='bbox 2585 2694 2778 2745; x_wconf 88' lang='lat' dir='ltr'><strong>tecum</strong></span> <span class='ocrx_word' id='word_1_397' title='bbox 2829 2695 2988 2758; x_wconf 87' lang='lat' dir='ltr'><strong>sunt,</strong></span> <span class='ocrx_word' id='word_1_398' title='bbox 3021 2692 3250 2745; x_wconf 78' lang='lat' dir='ltr'><strong>fratres.</strong></span> <span class='ocrx_word' id='word_1_399' title='bbox 3283 2691 3361 2746; x_wconf 92' lang='lat' dir='ltr'><strong>Te</strong></span> <span class='ocrx_word' id='word_1_400' title='bbox 3393 2708 3595 2748; x_wconf 89' lang='lat' dir='ltr'><strong>omnes</strong></span> 
     </span>
    </p>
   </div>
   <div class='ocr_carea' id='block_1_53' title="bbox 189 2777 1787 2858">
    <p class='ocr_par' dir='ltr' id='par_1_53' title="bbox 189 2780 1787 2858">
     <span class='ocr_line' id='line_1_54' title="bbox 189 2780 1787 2858; baseline 0.001 -24"><span class='ocrx_word' id='word_1_401' title='bbox 189 2780 341 2858; x_wconf 69' lang='grc' dir='ltr'>(ρούς.</span> <span class='ocrx_word' id='word_1_402' title='bbox 403 2782 472 2834; x_wconf 79' lang='grc' dir='ltr'>Σὲ</span> <span class='ocrx_word' id='word_1_403' title='bbox 521 2781 572 2833; x_wconf 78' lang='grc' dir='ltr'>οἱ</span> <span class='ocrx_word' id='word_1_404' title='bbox 627 2780 718 2834; x_wconf 82' lang='grc' dir='ltr'>σὺν</span> <span class='ocrx_word' id='word_1_405' title='bbox 770 2783 906 2853; x_wconf 78' lang='grc' dir='ltr'>ἡμῖν</span> <span class='ocrx_word' id='word_1_406' title='bbox 956 2783 1150 2845; x_wconf 84' lang='grc' dir='ltr'>πάντες</span> <span class='ocrx_word' id='word_1_407' title='bbox 1175 2781 1688 2858; x_wconf 82' lang='grc' dir='ltr'>προσαγορεύουσιν.</span> <span class='ocrx_word' id='word_1_408' title='bbox 1723 2782 1787 2854; x_wconf 53' lang='lat' dir='ltr'><strong>’E;</strong></span> 
     </span>
    </p>
   </div>
   <div class='ocr_carea' id='block_1_54' title="bbox 1998 2777 3596 2858">
    <p class='ocr_par' dir='ltr' id='par_1_54' title="bbox 1998 2777 3596 2835">
     <span class='ocr_line' id='line_1_55' title="bbox 1998 2777 3596 2835; baseline 0 -1"><span class='ocrx_word' id='word_1_409' title='bbox 1998 2780 2045 2834; x_wconf 87' lang='lat' dir='ltr'><strong>ui</strong></span> <span class='ocrx_word' id='word_1_410' title='bbox 2080 2778 2384 2834; x_wconf 89' lang='lat' dir='ltr'><strong>nobiscum</strong></span> <span class='ocrx_word' id='word_1_411' title='bbox 2418 2782 2557 2833; x_wconf 88' lang='lat' dir='ltr'><strong>sunt</strong></span> <span class='ocrx_word' id='word_1_412' title='bbox 2586 2777 2867 2832; x_wconf 89' lang='lat' dir='ltr'><strong>salutant.</strong></span> <span class='ocrx_word' id='word_1_413' title='bbox 2918 2777 3122 2834; x_wconf 83' lang='lat' dir='ltr'><strong>Salvus</strong></span> <span class='ocrx_word' id='word_1_414' title='bbox 3152 2779 3209 2833; x_wconf 88' lang='lat' dir='ltr'><strong>in</strong></span> <span class='ocrx_word' id='word_1_415' title='bbox 3242 2779 3488 2834; x_wconf 90' lang='lat' dir='ltr'><strong>Domino</strong></span> <span class='ocrx_word' id='word_1_416' title='bbox 3519 2780 3596 2835; x_wconf 90' lang='lat' dir='ltr'><strong>vi-</strong></span> 
     </span>
    </p>
   </div>
   <div class='ocr_carea' id='block_1_55' title="bbox 187 2865 1785 2944">
    <p class='ocr_par' dir='ltr' id='par_1_55' title="bbox 187 2866 1785 2944">
     <span class='ocr_line' id='line_1_56' title="bbox 187 2866 1785 2944; baseline 0 -22"><span class='ocrx_word' id='word_1_417' title='bbox 187 2868 448 2943; x_wconf 74' lang='grc' dir='ltr'>ῥωμὲνως</span> <span class='ocrx_word' id='word_1_418' title='bbox 505 2867 556 2922; x_wconf 82' lang='grc' dir='ltr'>ἐν</span> <span class='ocrx_word' id='word_1_419' title='bbox 615 2867 804 2944; x_wconf 84' lang='grc' dir='ltr'>Κυρίῳ</span> <span class='ocrx_word' id='word_1_420' title='bbox 862 2866 1110 2944; x_wconf 85' lang='grc' dir='ltr'>διάγοις,</span> <span class='ocrx_word' id='word_1_421' title='bbox 1172 2870 1412 2944; x_wconf 74' lang='grc' dir='ltr'>ἀγαπητὲ</span> <span class='ocrx_word' id='word_1_422' title='bbox 1467 2871 1554 2924; x_wconf 81' lang='grc' dir='ltr'><strong>καὶ</strong></span> <span class='ocrx_word' id='word_1_423' title='bbox 1611 2867 1785 2938; x_wconf 82' lang='grc' dir='ltr'>ἀληθᾶ</span> 
     </span>
    </p>
   </div>
   <div class='ocr_carea' id='block_1_56' title="bbox 1375 2865 2973 2944">
    <p class='ocr_par' dir='ltr' id='par_1_56' title="bbox 1375 2865 2973 2938">
     <span class='ocr_line' id='line_1_57' title="bbox 1375 2865 2973 2938; baseline -0.001 -14"><span class='ocrx_word' id='word_1_424' title='bbox 1375 2870 1412 2924; x_wconf 78' lang='lat' dir='ltr'><strong>:‘a</strong></span> <span class='ocrx_word' id='word_1_425' title='bbox 1467 2871 1554 2924; x_wconf 82' lang='grc' dir='ltr'><strong>καὶ</strong></span> <span class='ocrx_word' id='word_1_426' title='bbox 1611 2867 1836 2938; x_wconf 83' lang='grc' dir='ltr'>ἀληθῶς</span> <span class='ocrx_word' id='word_1_427' title='bbox 1946 2885 2068 2938; x_wconf 87' lang='lat' dir='ltr'><strong>vas,</strong></span> <span class='ocrx_word' id='word_1_428' title='bbox 2099 2867 2307 2923; x_wconf 89' lang='lat' dir='ltr'><strong>dilecte</strong></span> <span class='ocrx_word' id='word_1_429' title='bbox 2337 2872 2394 2922; x_wconf 89' lang='lat' dir='ltr'><strong>et</strong></span> <span class='ocrx_word' id='word_1_430' title='bbox 2422 2881 2554 2921; x_wconf 89' lang='lat' dir='ltr'><strong>vere</strong></span> <span class='ocrx_word' id='word_1_431' title='bbox 2583 2865 2973 2938; x_wconf 85' lang='lat' dir='ltr'><strong>optatissime.</strong></span> 
     </span>
    </p>
   </div>
   <div class='ocr_carea' id='block_1_57' title="bbox 181 2959 544 3013">
    <p class='ocr_par' dir='ltr' id='par_1_57' title="bbox 181 2959 544 3013">
     <span class='ocr_line' id='line_1_58' title="bbox 181 2959 544 3013; baseline 0.003 -1"><span class='ocrx_word' id='word_1_432' title='bbox 181 2959 544 3013; x_wconf 80' lang='grc' dir='ltr'>ποθεινότατε.</span> 
     </span>
    </p>
   </div>
   <div class='ocr_carea' id='block_1_58' title="bbox 252 3087 766 3156">
    <p class='ocr_par' dir='ltr' id='par_1_58' title="bbox 252 3087 766 3156">
     <span class='ocr_line' id='line_1_59' title="bbox 252 3087 766 3156; baseline -0.004 -13"><span class='ocrx_word' id='word_1_433' title='bbox 252 3089 294 3122; x_wconf 77' lang='grc'><strong>⁷⁸</strong></span> <span class='ocrx_word' id='word_1_434' title='bbox 326 3087 530 3142; x_wconf 84' lang='lat' dir='ltr'><strong>Matth.</strong></span> <span class='ocrx_word' id='word_1_435' title='bbox 559 3103 643 3156; x_wconf 80' lang='grc' dir='ltr'>ιιι,</span> <span class='ocrx_word' id='word_1_436' title='bbox 681 3088 766 3141; x_wconf 89' lang='grc'><strong>17.</strong></span> 
     </span>
    </p>
   </div>
   <div class='ocr_carea' id='block_1_59' title="bbox 277 3208 1875 3286">
    <p class='ocr_par' dir='ltr' id='par_1_59' title="bbox 277 3211 1688 3286">
     <span class='ocr_line' id='line_1_60' title="bbox 277 3211 1688 3286; baseline -0.001 -20"><span class='ocrx_word' id='word_1_437' title='bbox 277 3214 369 3286; x_wconf 81' lang='lat'><strong>7|)</strong></span> <span class='ocrx_word' id='word_1_438' title='bbox 400 3213 733 3286; x_wconf 84' lang='lat' dir='ltr'><strong>Seguerian.</strong></span> <span class='ocrx_word' id='word_1_439' title='bbox 773 3212 945 3286; x_wconf 80' lang='lat' dir='ltr'><strong>Gobl.</strong></span> <span class='ocrx_word' id='word_1_440' title='bbox 975 3218 1031 3268; x_wconf 91' lang='lat' dir='ltr'><strong>et</strong></span> <span class='ocrx_word' id='word_1_441' title='bbox 1063 3213 1210 3268; x_wconf 82' lang='lat' dir='ltr'><strong>Felc.</strong></span> <span class='ocrx_word' id='word_1_442' title='bbox 1247 3215 1298 3279; x_wconf 91' lang='lat'><strong>1,</strong></span> <span class='ocrx_word' id='word_1_443' title='bbox 1332 3211 1388 3266; x_wconf 82' lang='grc' dir='ltr'><strong>ὅν</strong></span> <span class='ocrx_word' id='word_1_444' title='bbox 1421 3211 1448 3265; x_wconf 85' lang='grc' dir='ltr'><strong>ὁ</strong></span> <span class='ocrx_word' id='word_1_445' title='bbox 1481 3213 1688 3285; x_wconf 75' lang='grc' dir='ltr'>Πατήρ.</span> 
     </span>
    </p>
   </div>
   <div class='ocr_carea' id='block_1_60' title="bbox 1987 3208 3585 3286">
    <p class='ocr_par' dir='ltr' id='par_1_60' title="bbox 2016 3208 3585 3286">
     <span class='ocr_line' id='line_1_61' title="bbox 2016 3208 3585 3286; baseline 0.004 -24"><span class='ocrx_word' id='word_1_446' title='bbox 2016 3211 2127 3286; x_wconf 76' lang='grc'>(75)</span> <span class='ocrx_word' id='word_1_447' title='bbox 2158 3209 2366 3286; x_wconf 75' lang='lat' dir='ltr'><strong>Epiph.</strong></span> <span class='ocrx_word' id='word_1_448' title='bbox 2401 3208 2628 3286; x_wconf 76' lang='lat' dir='ltr'><strong>Gobler.</strong></span> <span class='ocrx_word' id='word_1_449' title='bbox 2665 3209 2810 3286; x_wconf 54' lang='lat' dir='ltr'><strong>lielc-</strong></span> <span class='ocrx_word' id='word_1_450' title='bbox 2846 3211 2896 3275; x_wconf 93' lang='lat'><strong>1,</strong></span> <span class='ocrx_word' id='word_1_451' title='bbox 2924 3212 3047 3286; x_wconf 77' lang='lat' dir='ltr'><strong>Seg.</strong></span> <span class='ocrx_word' id='word_1_452' title='bbox 3095 3211 3386 3282; x_wconf 85' lang='grc' dir='ltr'>πεποίηκε.</span> <span class='ocrx_word' id='word_1_453' title='bbox 3440 3219 3585 3282; x_wconf 84' lang='lat' dir='ltr'><strong>Mox,</strong></span> 
     </span>
    </p>
   </div>
   <div class='ocr_carea' id='block_1_61' title="bbox 279 3279 1877 3358">
    <p class='ocr_par' dir='ltr' id='par_1_61' title="bbox 279 3279 1808 3358">
     <span class='ocr_line' id='line_1_62' title="bbox 279 3279 1808 3358; baseline 0.031 -25"><span class='ocrx_word' id='word_1_454' title='bbox 279 3279 369 3356; x_wconf 79' lang='lat'><strong>7-2)</strong></span> <span class='ocrx_word' id='word_1_455' title='bbox 403 3279 500 3338; x_wconf 64' lang='grc' dir='ltr'>τὸῦ</span> <span class='ocrx_word' id='word_1_456' title='bbox 539 3283 710 3358; x_wconf 73' lang='grc' dir='ltr'>Λόγον</span> <span class='ocrx_word' id='word_1_457' title='bbox 745 3286 904 3341; x_wconf 83' lang='lat' dir='ltr'><strong>deest</strong></span> <span class='ocrx_word' id='word_1_458' title='bbox 936 3285 990 3338; x_wconf 88' lang='lat' dir='ltr'><strong>in</strong></span> <span class='ocrx_word' id='word_1_459' title='bbox 1027 3286 1261 3358; x_wconf 56' lang='lat' dir='ltr'><strong>Set-Ille“</strong></span> <span class='ocrx_word' id='word_1_460' title='bbox 1453 3357 1457 3358; x_wconf 42' lang='grc' dir='ltr'><strong>ν</strong></span> <span class='ocrx_word' id='word_1_461' title='bbox 1591 3279 1646 3358; x_wconf 43' lang='grc' dir='ltr'><strong>λ’</strong></span> <span class='ocrx_word' id='word_1_462' title='bbox 1728 3357 1738 3358; x_wconf 45' lang='grc' dir='ltr'><em>κ</em></span> <span class='ocrx_word' id='word_1_463' title='bbox 1796 3354 1808 3358; x_wconf 89' lang='grc'><strong><em>-</em></strong></span> 
     </span>
    </p>
   </div>
   <div class='ocr_carea' id='block_1_62' title="bbox 1572 3279 3170 3358">
    <p class='ocr_par' dir='ltr' id='par_1_62' title="bbox 1591 3279 3170 3358">
     <span class='ocr_line' id='line_1_63' title="bbox 1591 3279 3170 3358; baseline 0.003 -24"><span class='ocrx_word' id='word_1_464' title='bbox 1728 3357 1738 3358; x_wconf 17' lang='lat'><em>7</em></span> <span class='ocrx_word' id='word_1_465' title='bbox 1796 3354 1808 3358; x_wconf 84' lang='lat'>_</span> <span class='ocrx_word' id='word_1_466' title='bbox 1944 3279 2551 3358; x_wconf 32' lang='lat' dir='ltr'><strong>raﬁga&#39;dpes’tinSeg.</strong></span> <span class='ocrx_word' id='word_1_467' title='bbox 2577 3281 2814 3358; x_wconf 66' lang='lat' dir='ltr'><strong>gobler.</strong></span> <span class='ocrx_word' id='word_1_468' title='bbox 2855 3288 2911 3358; x_wconf 80' lang='lat' dir='ltr'><strong>et</strong></span> <span class='ocrx_word' id='word_1_469' title='bbox 2939 3279 3084 3358; x_wconf 73' lang='lat' dir='ltr'><strong>Felp.</strong></span> <span class='ocrx_word' id='word_1_470' title='bbox 3123 3286 3170 3339; x_wconf 94' lang='lat'><strong>1.</strong></span> 
     </span>
    </p>
   </div>
   <div class='ocr_carea' id='block_1_63' title="bbox 263 3347 1861 3427">
    <p class='ocr_par' dir='ltr' id='par_1_63' title="bbox 263 3347 1835 3427">
     <span class='ocr_line' id='line_1_64' title="bbox 263 3347 1835 3427; baseline -0.001 -17"><span class='ocrx_word' id='word_1_471' title='bbox 263 3347 373 3427; x_wconf 69' lang='grc'>(73)</span> <span class='ocrx_word' id='word_1_472' title='bbox 407 3347 642 3427; x_wconf 64' lang='grc' dir='ltr'><strong>εθευθῐυί</strong></span> <span class='ocrx_word' id='word_1_473' title='bbox 677 3353 729 3409; x_wconf 84' lang='grc' dir='ltr'>ἐν</span> <span class='ocrx_word' id='word_1_474' title='bbox 757 3358 915 3427; x_wconf 78' lang='grc' dir='ltr'>ἡμῖν.</span> <span class='ocrx_word' id='word_1_475' title='bbox 950 3347 1112 3410; x_wconf 76' lang='lat' dir='ltr'><strong>Intra</strong></span> <span class='ocrx_word' id='word_1_476' title='bbox 1137 3354 1220 3409; x_wconf 82' lang='grc' dir='ltr'><strong>ὅτι</strong></span> <span class='ocrx_word' id='word_1_477' title='bbox 1247 3358 1410 3412; x_wconf 77' lang='lat' dir='ltr'><strong>deest</strong></span> <span class='ocrx_word' id='word_1_478' title='bbox 1447 3357 1505 3410; x_wconf 89' lang='lat' dir='ltr'><strong>in</strong></span> <span class='ocrx_word' id='word_1_479' title='bbox 1540 3356 1680 3427; x_wconf 86' lang='lat' dir='ltr'><strong>edit.</strong></span> <span class='ocrx_word' id='word_1_480' title='bbox 1714 3354 1835 3411; x_wconf 87' lang='lat' dir='ltr'><strong>Col.</strong></span> 
     </span>
    </p>
   </div>
   <div class='ocr_carea' id='block_1_64' title="bbox 1995 3347 3593 3427">
    <p class='ocr_par' dir='ltr' id='par_1_64' title="bbox 2019 3347 3593 3427">
     <span class='ocr_line' id='line_1_65' title="bbox 2019 3347 3593 3427; baseline 0.003 -21"><span class='ocrx_word' id='word_1_481' title='bbox 2019 3355 2127 3427; x_wconf 86' lang='lat'><strong>(76)</strong></span> <span class='ocrx_word' id='word_1_482' title='bbox 2160 3353 2366 3427; x_wconf 67' lang='lat' dir='ltr'><strong>Epiph.</strong></span> <span class='ocrx_word' id='word_1_483' title='bbox 2401 3355 2469 3407; x_wconf 80' lang='lat' dir='ltr'><strong>Gr.</strong></span> <span class='ocrx_word' id='word_1_484' title='bbox 2503 3347 2543 3406; x_wconf 82' lang='grc' dir='ltr'><strong>Ῑ.</strong></span> <span class='ocrx_word' id='word_1_485' title='bbox 2574 3353 2630 3406; x_wconf 93' lang='lat' dir='ltr'><strong>S.</strong></span> <span class='ocrx_word' id='word_1_486' title='bbox 2667 3351 2991 3427; x_wconf 80' lang='grc' dir='ltr'>συγγνώμην</span> <span class='ocrx_word' id='word_1_487' title='bbox 3025 3347 3170 3427; x_wconf 76' lang='grc' dir='ltr'>ἔχειν</span> <span class='ocrx_word' id='word_1_488' title='bbox 3218 3355 3439 3418; x_wconf 82' lang='grc' dir='ltr'>πάντας.</span> <span class='ocrx_word' id='word_1_489' title='bbox 3477 3356 3593 3410; x_wconf 81' lang='lat' dir='ltr'><strong>lbi-</strong></span> 
     </span>
    </p>
   </div>
   <div class='ocr_carea' id='block_1_65' title="bbox 266 3424 1864 3501">
    <p class='ocr_par' dir='ltr' id='par_1_65' title="bbox 266 3424 1838 3501">
     <span class='ocr_line' id='line_1_66' title="bbox 266 3424 1838 3501; baseline -0.001 -19"><span class='ocrx_word' id='word_1_490' title='bbox 266 3424 378 3497; x_wconf 81' lang='grc'>(74)</span> <span class='ocrx_word' id='word_1_491' title='bbox 411 3424 508 3501; x_wconf 71' lang='lat' dir='ltr'><strong>Sic</strong></span> <span class='ocrx_word' id='word_1_492' title='bbox 534 3430 740 3501; x_wconf 77' lang='lat' dir='ltr'><strong>Eplph.</strong></span> <span class='ocrx_word' id='word_1_493' title='bbox 775 3424 831 3482; x_wconf 80' lang='lat' dir='ltr'><strong>et</strong></span> <span class='ocrx_word' id='word_1_494' title='bbox 862 3428 952 3501; x_wconf 83' lang='lat' dir='ltr'><strong>Fr.</strong></span> <span class='ocrx_word' id='word_1_495' title='bbox 1022 3429 1103 3501; x_wconf 87' lang='lat' dir='ltr'><strong>D._</strong></span> <span class='ocrx_word' id='word_1_496' title='bbox 1142 3429 1316 3501; x_wconf 84' lang='lat' dir='ltr'><strong>Editi,</strong></span> <span class='ocrx_word' id='word_1_497' title='bbox 1368 3426 1708 3501; x_wconf 72' lang='grc' dir='ltr'>εὐτυχόντες.</span> <span class='ocrx_word' id='word_1_498' title='bbox 1776 3429 1838 3480; x_wconf 91' lang='lat' dir='ltr'><strong>ln</strong></span> 
     </span>
    </p>
   </div>
   <div class='ocr_carea' id='block_1_66' title="bbox 1997 3424 3595 3501">
    <p class='ocr_par' dir='ltr' id='par_1_66' title="bbox 1997 3424 3595 3501">
     <span class='ocr_line' id='line_1_67' title="bbox 1997 3424 3595 3501; baseline 0.003 -22"><span class='ocrx_word' id='word_1_499' title='bbox 1997 3424 2958 3501; x_wconf 49' lang='lat' dir='ltr'><strong>emipsiomittuntjgpocagopsus,</strong></span> <span class='ocrx_word' id='word_1_500' title='bbox 2999 3424 3134 3490; x_wconf 60' lang='lat' dir='ltr'><strong>etc},</strong></span> <span class='ocrx_word' id='word_1_501' title='bbox 3186 3443 3437 3498; x_wconf 91' lang='lat' dir='ltr'><strong>quorum</strong></span> <span class='ocrx_word' id='word_1_502' title='bbox 3473 3428 3595 3483; x_wconf 92' lang='lat' dir='ltr'><strong>loco</strong></span> 
     </span>
    </p>
   </div>
   <div class='ocr_carea' id='block_1_67' title="bbox 192 3492 1790 3624">
    <p class='ocr_par' dir='ltr' id='par_1_67' title="bbox 192 3492 1790 3624">
     <span class='ocr_line' id='line_1_68' title="bbox 192 3492 1790 3572; baseline -0.003 -20"><span class='ocrx_word' id='word_1_503' title='bbox 192 3492 320 3570; x_wconf 66' lang='lat' dir='ltr'><strong>Seg.</strong></span> <span class='ocrx_word' id='word_1_504' title='bbox 357 3492 522 3555; x_wconf 78' lang='lat' dir='ltr'><strong>Cobl.</strong></span> <span class='ocrx_word' id='word_1_505' title='bbox 557 3492 613 3554; x_wconf 75' lang='lat' dir='ltr'><strong>et</strong></span> <span class='ocrx_word' id='word_1_506' title='bbox 643 3492 791 3556; x_wconf 77' lang='lat' dir='ltr'><strong>Felc.</strong></span> <span class='ocrx_word' id='word_1_507' title='bbox 830 3501 878 3568; x_wconf 88' lang='grc'><strong>1,</strong></span> <span class='ocrx_word' id='word_1_508' title='bbox 915 3500 1052 3569; x_wconf 69' lang='lat' dir='ltr'><strong>haec,</strong></span> <span class='ocrx_word' id='word_1_509' title='bbox 1086 3497 1397 3572; x_wconf 78' lang='grc' dir='ltr'>ἐντυχόντες</span> <span class='ocrx_word' id='word_1_510' title='bbox 1439 3492 1555 3560; x_wconf 58' lang='grc' dir='ltr'>τοῖς</span> <span class='ocrx_word' id='word_1_511' title='bbox 1591 3498 1790 3569; x_wconf 71' lang='grc' dir='ltr'>ὑπομντ</span> 
     </span>
     <span class='ocr_line' id='line_1_69' title="bbox 198 3571 596 3624; baseline 0.003 0"><span class='ocrx_word' id='word_1_512' title='bbox 198 3589 330 3624; x_wconf 77' lang='grc' dir='ltr'>μασι</span> <span class='ocrx_word' id='word_1_513' title='bbox 363 3571 596 3624; x_wconf 83' lang='lat' dir='ltr'><strong>desunt.</strong></span> 
     </span>
    </p>
   </div>
   <div class='ocr_carea' id='block_1_68' title="bbox 1462 3492 3060 3624">
    <p class='ocr_par' dir='ltr' id='par_1_68' title="bbox 1462 3492 3060 3570">
     <span class='ocr_line' id='line_1_70' title="bbox 1462 3492 3060 3570; baseline 0 -19"><span class='ocrx_word' id='word_1_514' title='bbox 1462 3492 1555 3560; x_wconf 59' lang='grc' dir='ltr'>τοῖς</span> <span class='ocrx_word' id='word_1_515' title='bbox 1591 3498 1834 3569; x_wconf 77' lang='grc' dir='ltr'>ὑπομνηο</span> <span class='ocrx_word' id='word_1_516' title='bbox 1953 3492 2310 3568; x_wconf 64' lang='lat' dir='ltr'><strong>Epiphanius</strong></span> <span class='ocrx_word' id='word_1_517' title='bbox 2342 3495 2517 3550; x_wconf 83' lang='lat' dir='ltr'><strong>habet</strong></span> <span class='ocrx_word' id='word_1_518' title='bbox 2547 3492 2784 3570; x_wconf 62' lang='grc' dir='ltr'>ἒρρωσθε</span> <span class='ocrx_word' id='word_1_519' title='bbox 2806 3492 3060 3551; x_wconf 65' lang='lat' dir='ltr'><strong>tantem.</strong></span> 
     </span>
    </p>
   </div>
   <div class='ocr_carea' id='block_1_69' title="bbox 198 3577 596 3642">
    <p class='ocr_par' dir='ltr' id='par_1_69' title="bbox 198 3577 596 3642">
     <span class='ocr_line' id='line_1_71' title="bbox 198 3577 596 3642; baseline 0.008 -21"><span class='ocrx_word' id='word_1_520' title='bbox 198 3589 330 3642; x_wconf 84' lang='grc' dir='ltr'>μασι</span> <span class='ocrx_word' id='word_1_521' title='bbox 363 3577 596 3626; x_wconf 83' lang='lat' dir='ltr'><strong>desunt.</strong></span> 
     </span>
    </p>
   </div>
   <div class='ocr_carea' id='block_1_70' title="bbox 1541 3870 2248 3967">
    <p class='ocr_par' dir='ltr' id='par_1_70' title="bbox 1541 3870 2248 3967">
     <span class='ocr_line' id='line_1_72' title="bbox 1541 3870 2248 3967; baseline -0.004 0"><span class='ocrx_word' id='word_1_522' title='bbox 1541 3870 2248 3967; x_wconf 88' lang='lat' dir='ltr'><strong>ADMONITIO</strong></span> 
     </span>
    </p>
   </div>
   <div class='ocr_carea' id='block_1_71' title="bbox 1103 4034 2666 4118">
    <p class='ocr_par' dir='ltr' id='par_1_71' title="bbox 1103 4034 2666 4118">
     <span class='ocr_line' id='line_1_73' title="bbox 1103 4034 2666 4118; baseline -0.001 -20"><span class='ocrx_word' id='word_1_523' title='bbox 1103 4039 1172 4099; x_wconf 95' lang='lat' dir='ltr'><strong>In</strong></span> <span class='ocrx_word' id='word_1_524' title='bbox 1203 4039 1546 4118; x_wconf 89' lang='lat' dir='ltr'><strong>Epistolam</strong></span> <span class='ocrx_word' id='word_1_525' title='bbox 1577 4037 1778 4099; x_wconf 79' lang='lat' dir='ltr'><strong>sancti</strong></span> <span class='ocrx_word' id='word_1_526' title='bbox 1805 4035 2135 4098; x_wconf 85' lang='lat' dir='ltr'><strong>Athanasii</strong></span> <span class='ocrx_word' id='word_1_527' title='bbox 2161 4036 2240 4096; x_wconf 88' lang='lat' dir='ltr'><strong>ad</strong></span> <span class='ocrx_word' id='word_1_528' title='bbox 2265 4034 2666 4114; x_wconf 87' lang='lat' dir='ltr'><strong>Adelphium.</strong></span> 
     </span>
    </p>
   </div>
   <div class='ocr_carea' id='block_1_72' title="bbox 258 4320 3600 4396">
    <p class='ocr_par' dir='ltr' id='par_1_72' title="bbox 258 4320 3600 4396">
     <span class='ocr_line' id='line_1_74' title="bbox 258 4320 3600 4396; baseline 0 -17"><span class='ocrx_word' id='word_1_529' title='bbox 258 4325 302 4379; x_wconf 87' lang='grc' dir='ltr'><strong>Ι.</strong></span> <span class='ocrx_word' id='word_1_530' title='bbox 338 4345 365 4372; x_wconf 93' lang='grc'><strong>‹‹</strong></span> <span class='ocrx_word' id='word_1_531' title='bbox 398 4321 719 4394; x_wconf 86' lang='lat' dir='ltr'><strong>Adelphius</strong></span> <span class='ocrx_word' id='word_1_532' title='bbox 748 4320 880 4388; x_wconf 89' lang='lat' dir='ltr'><strong>iste,</strong></span> <span class='ocrx_word' id='word_1_533' title='bbox 915 4330 1061 4378; x_wconf 70' lang='lat' dir='ltr'><strong>(omo</strong></span> <span class='ocrx_word' id='word_1_534' title='bbox 1096 4325 1170 4378; x_wconf 86' lang='lat' dir='ltr'><strong>ad</strong></span> <span class='ocrx_word' id='word_1_535' title='bbox 1199 4323 1577 4388; x_wconf 77' lang='lat' dir='ltr'><strong>Antiochenos,</strong></span> <span class='ocrx_word' id='word_1_536' title='bbox 1609 4338 1740 4394; x_wconf 85' lang='lat' dir='ltr'><strong>pag.</strong></span> <span class='ocrx_word' id='word_1_537' title='bbox 1773 4321 1900 4387; x_wconf 86' lang='lat'><strong>619,</strong></span> <span class='ocrx_word' id='word_1_538' title='bbox 1931 4321 2241 4393; x_wconf 88' lang='lat' dir='ltr'><strong>episcopus</strong></span> <span class='ocrx_word' id='word_1_539' title='bbox 2273 4321 2589 4393; x_wconf 88' lang='lat' dir='ltr'><strong>Onupheos</strong></span> <span class='ocrx_word' id='word_1_540' title='bbox 2625 4320 2985 4392; x_wconf 83' lang='lat' dir='ltr'><strong>Lychnorum</strong></span> <span class='ocrx_word' id='word_1_541' title='bbox 3015 4327 3396 4395; x_wconf 87' lang='lat' dir='ltr'><strong>memoratur,</strong></span> <span class='ocrx_word' id='word_1_542' title='bbox 3430 4340 3600 4396; x_wconf 89' lang='lat' dir='ltr'><strong>quem</strong></span> 
     </span>
    </p>
   </div>
   <div class='ocr_carea' id='block_1_73' title="bbox 184 4410 3601 4486">
    <p class='ocr_par' dir='ltr' id='par_1_73' title="bbox 184 4410 3601 4486">
     <span class='ocr_line' id='line_1_75' title="bbox 184 4410 3601 4486; baseline -0 -16"><span class='ocrx_word' id='word_1_543' title='bbox 184 4415 261 4470; x_wconf 90' lang='lat' dir='ltr'><strong>ab</strong></span> <span class='ocrx_word' id='word_1_544' title='bbox 296 4412 522 4467; x_wconf 84' lang='lat' dir='ltr'><strong>Arianis</strong></span> <span class='ocrx_word' id='word_1_545' title='bbox 555 4412 611 4466; x_wconf 90' lang='lat' dir='ltr'><strong>in</strong></span> <span class='ocrx_word' id='word_1_546' title='bbox 645 4411 913 4466; x_wconf 88' lang='lat' dir='ltr'><strong>exsilium</strong></span> <span class='ocrx_word' id='word_1_547' title='bbox 947 4411 1280 4468; x_wconf 85' lang='lat' dir='ltr'><strong>Psinablam</strong></span> <span class='ocrx_word' id='word_1_548' title='bbox 1315 4412 1632 4468; x_wconf 87' lang='lat' dir='ltr'><strong>Thebaidis</strong></span> <span class='ocrx_word' id='word_1_549' title='bbox 1663 4411 1914 4467; x_wconf 88' lang='lat' dir='ltr'><strong>missum</strong></span> <span class='ocrx_word' id='word_1_550' title='bbox 1947 4410 2198 4481; x_wconf 84' lang='lat' dir='ltr'><strong>legimus</strong></span> <span class='ocrx_word' id='word_1_551' title='bbox 2229 4412 2465 4465; x_wconf 78' lang='lat' dir='ltr'><strong>Historia</strong></span> <span class='ocrx_word' id='word_1_552' title='bbox 2497 4411 2830 4466; x_wconf 78' lang='lat' dir='ltr'><strong>Arianorum</strong></span> <span class='ocrx_word' id='word_1_553' title='bbox 2863 4410 2932 4465; x_wconf 78' lang='lat' dir='ltr'><strong>ad</strong></span> <span class='ocrx_word' id='word_1_554' title='bbox 2962 4411 3274 4477; x_wconf 79' lang='lat' dir='ltr'><strong>monachos,</strong></span> <span class='ocrx_word' id='word_1_555' title='bbox 3311 4431 3437 4486; x_wconf 89' lang='lat' dir='ltr'><strong>pag.</strong></span> <span class='ocrx_word' id='word_1_556' title='bbox 3473 4416 3601 4486; x_wconf 86' lang='lat'><strong>306,</strong></span> 
     </span>
    </p>
   </div>
   <div class='ocr_carea' id='block_1_74' title="bbox 184 4497 3600 4576">
    <p class='ocr_par' dir='ltr' id='par_1_74' title="bbox 184 4497 3600 4576">
     <span class='ocr_line' id='line_1_76' title="bbox 184 4497 3600 4576; baseline -0.001 -18"><span class='ocrx_word' id='word_1_557' title='bbox 184 4516 438 4558; x_wconf 88' lang='lat' dir='ltr'><strong>numero</strong></span> <span class='ocrx_word' id='word_1_558' title='bbox 472 4501 566 4570; x_wconf 84' lang='lat'><strong>72,</strong></span> <span class='ocrx_word' id='word_1_559' title='bbox 597 4505 654 4554; x_wconf 91' lang='lat' dir='ltr'><strong>et</strong></span> <span class='ocrx_word' id='word_1_560' title='bbox 683 4501 939 4571; x_wconf 82' lang='lat' dir='ltr'><strong>Apologia</strong></span> <span class='ocrx_word' id='word_1_561' title='bbox 970 4501 1035 4555; x_wconf 81' lang='lat' dir='ltr'><strong>de</strong></span> <span class='ocrx_word' id='word_1_562' title='bbox 1059 4501 1223 4573; x_wconf 83' lang='lat' dir='ltr'><strong>fuga,</strong></span> <span class='ocrx_word' id='word_1_563' title='bbox 1253 4517 1384 4574; x_wconf 89' lang='lat' dir='ltr'><strong>pag.</strong></span> <span class='ocrx_word' id='word_1_564' title='bbox 1408 4501 1539 4565; x_wconf 87' lang='lat'><strong>256,</strong></span> <span class='ocrx_word' id='word_1_565' title='bbox 1571 4516 1734 4554; x_wconf 91' lang='lat' dir='ltr'><strong>num.</strong></span> <span class='ocrx_word' id='word_1_566' title='bbox 1760 4501 1815 4565; x_wconf 92' lang='lat'><strong>7,</strong></span> <span class='ocrx_word' id='word_1_567' title='bbox 1840 4497 2096 4569; x_wconf 86' lang='lat' dir='ltr'><strong>hincque</strong></span> <span class='ocrx_word' id='word_1_568' title='bbox 2125 4504 2213 4554; x_wconf 83' lang='lat' dir='ltr'><strong>est</strong></span> <span class='ocrx_word' id='word_1_569' title='bbox 2241 4499 2395 4568; x_wconf 90' lang='lat' dir='ltr'><strong>quod</strong></span> <span class='ocrx_word' id='word_1_570' title='bbox 2443 4497 2597 4553; x_wconf 90' lang='lat' dir='ltr'><strong>idem</strong></span> <span class='ocrx_word' id='word_1_571' title='bbox 2631 4498 2688 4552; x_wconf 92' lang='lat' dir='ltr'><strong>in</strong></span> <span class='ocrx_word' id='word_1_572' title='bbox 2738 4497 2989 4569; x_wconf 89' lang='lat' dir='ltr'><strong>epistola</strong></span> <span class='ocrx_word' id='word_1_573' title='bbox 3020 4499 3192 4555; x_wconf 88' lang='lat' dir='ltr'><strong>titulo</strong></span> <span class='ocrx_word' id='word_1_574' title='bbox 3223 4500 3600 4576; x_wconf 68' lang='grc' dir='ltr'>ὁμολογητής,</span> 
     </span>
    </p>
   </div>
   <div class='ocr_carea' id='block_1_75' title="bbox 189 4586 3602 4661">
    <p class='ocr_par' dir='ltr' id='par_1_75' title="bbox 189 4586 3602 4661">
     <span class='ocr_line' id='line_1_77' title="bbox 189 4586 3602 4661; baseline 0 -14"><span class='ocrx_word' id='word_1_575' title='bbox 189 4591 482 4658; x_wconf 74' lang='lat' dir='ltr'><strong>Confessor</strong></span> <span class='ocrx_word' id='word_1_576' title='bbox 511 4588 745 4643; x_wconf 89' lang='lat' dir='ltr'><strong>dicitur.</strong></span> <span class='ocrx_word' id='word_1_577' title='bbox 779 4589 842 4644; x_wconf 91' lang='lat' dir='ltr'><strong>In</strong></span> <span class='ocrx_word' id='word_1_578' title='bbox 873 4591 989 4645; x_wconf 80' lang='lat' dir='ltr'><strong>{ine</strong></span> <span class='ocrx_word' id='word_1_579' title='bbox 1021 4589 1280 4645; x_wconf 88' lang='lat' dir='ltr'><strong>Hieracis</strong></span> <span class='ocrx_word' id='word_1_580' title='bbox 1304 4588 1645 4661; x_wconf 84' lang='lat' dir='ltr'><strong>presbyteri,</strong></span> <span class='ocrx_word' id='word_1_581' title='bbox 1680 4588 1773 4643; x_wconf 89' lang='lat' dir='ltr'><strong>cui</strong></span> <span class='ocrx_word' id='word_1_582' title='bbox 1805 4591 1861 4642; x_wconf 90' lang='lat' dir='ltr'><strong>et</strong></span> <span class='ocrx_word' id='word_1_583' title='bbox 1893 4587 2011 4642; x_wconf 74' lang='lat' dir='ltr'><strong>haec</strong></span> <span class='ocrx_word' id='word_1_584' title='bbox 2057 4587 2357 4642; x_wconf 82' lang='lat' dir='ltr'><strong>recitanda</strong></span> <span class='ocrx_word' id='word_1_585' title='bbox 2385 4587 2566 4658; x_wconf 88' lang='lat' dir='ltr'><strong>cupit,</strong></span> <span class='ocrx_word' id='word_1_586' title='bbox 2604 4586 2868 4642; x_wconf 91' lang='lat' dir='ltr'><strong>meminit</strong></span> <span class='ocrx_word' id='word_1_587' title='bbox 2899 4587 3294 4658; x_wconf 77' lang='lat' dir='ltr'><strong>Athanasius;</strong></span> <span class='ocrx_word' id='word_1_588' title='bbox 3329 4591 3378 4647; x_wconf 91' lang='lat' dir='ltr'><strong>is</strong></span> <span class='ocrx_word' id='word_1_589' title='bbox 3408 4597 3602 4648; x_wconf 87' lang='lat' dir='ltr'><strong>autem</strong></span> 
     </span>
    </p>
   </div>
   <div class='ocr_carea' id='block_1_76' title="bbox 181 4665 3608 4753">
    <p class='ocr_par' dir='ltr' id='par_1_76' title="bbox 181 4665 3608 4753">
     <span class='ocr_line' id='line_1_78' title="bbox 181 4665 3608 4753; baseline 0.001 -18"><span class='ocrx_word' id='word_1_590' title='bbox 181 4680 422 4736; x_wconf 87' lang='lat' dir='ltr'><strong>videtur</strong></span> <span class='ocrx_word' id='word_1_591' title='bbox 451 4693 600 4745; x_wconf 88' lang='lat' dir='ltr'><strong>esse,</strong></span> <span class='ocrx_word' id='word_1_592' title='bbox 633 4665 731 4749; x_wconf 74' lang='lat' dir='ltr'><strong>qui</strong></span> <span class='ocrx_word' id='word_1_593' title='bbox 760 4683 817 4733; x_wconf 91' lang='lat' dir='ltr'><strong>et</strong></span> <span class='ocrx_word' id='word_1_594' title='bbox 846 4677 994 4749; x_wconf 89' lang='lat' dir='ltr'><strong>ipse,</strong></span> <span class='ocrx_word' id='word_1_595' title='bbox 1025 4679 1075 4732; x_wconf 89' lang='lat' dir='ltr'><strong>vi</strong></span> <span class='ocrx_word' id='word_1_596' title='bbox 1110 4679 1479 4748; x_wconf 84' lang='lat' dir='ltr'><strong>Arianorum,</strong></span> <span class='ocrx_word' id='word_1_597' title='bbox 1512 4677 1714 4732; x_wconf 90' lang='lat' dir='ltr'><strong>eodem</strong></span> <span class='ocrx_word' id='word_1_598' title='bbox 1775 4674 2078 4730; x_wconf 81' lang='lat' dir='ltr'><strong>exsulasse</strong></span> <span class='ocrx_word' id='word_1_599' title='bbox 2136 4681 2395 4746; x_wconf 84' lang='lat' dir='ltr'><strong>tempore</strong></span> <span class='ocrx_word' id='word_1_600' title='bbox 2426 4674 2569 4730; x_wconf 91' lang='lat' dir='ltr'><strong>locis</strong></span> <span class='ocrx_word' id='word_1_601' title='bbox 2628 4676 2798 4731; x_wconf 86' lang='lat' dir='ltr'><strong>modo</strong></span> <span class='ocrx_word' id='word_1_602' title='bbox 2833 4675 3085 4734; x_wconf 72' lang='lat' dir='ltr'><strong>laudatis</strong></span> <span class='ocrx_word' id='word_1_603' title='bbox 3144 4677 3346 4734; x_wconf 83' lang='lat' dir='ltr'><strong>fertur.</strong></span> <span class='ocrx_word' id='word_1_604' title='bbox 3380 4679 3608 4753; x_wconf 87' lang='lat' dir='ltr'><strong>Scripta</strong></span> 
     </span>
    </p>
   </div>
   <div class='ocr_carea' id='block_1_77' title="bbox 184 4763 3611 4838">
    <p class='ocr_par' dir='ltr' id='par_1_77' title="bbox 184 4763 3611 4838">
     <span class='ocr_line' id='line_1_79' title="bbox 184 4763 3611 4838; baseline 0.001 -14"><span class='ocrx_word' id='word_1_605' title='bbox 184 4773 393 4824; x_wconf 85' lang='lat' dir='ltr'><strong>autem</strong></span> <span class='ocrx_word' id='word_1_606' title='bbox 427 4764 656 4820; x_wconf 88' lang='lat' dir='ltr'><strong>videtur</strong></span> <span class='ocrx_word' id='word_1_607' title='bbox 683 4766 928 4838; x_wconf 86' lang='lat' dir='ltr'><strong>epistola</strong></span> <span class='ocrx_word' id='word_1_608' title='bbox 959 4767 1190 4822; x_wconf 88' lang='lat' dir='ltr'><strong>circiter</strong></span> <span class='ocrx_word' id='word_1_609' title='bbox 1221 4784 1439 4822; x_wconf 90' lang='lat' dir='ltr'><strong>annum</strong></span> <span class='ocrx_word' id='word_1_610' title='bbox 1473 4767 1597 4831; x_wconf 80' lang='lat'><strong>3’71,</strong></span> <span class='ocrx_word' id='word_1_611' title='bbox 1631 4781 1745 4836; x_wconf 91' lang='lat' dir='ltr'><strong>quo</strong></span> <span class='ocrx_word' id='word_1_612' title='bbox 1777 4779 2012 4836; x_wconf 88' lang='lat' dir='ltr'><strong>nempe,</strong></span> <span class='ocrx_word' id='word_1_613' title='bbox 2045 4763 2374 4835; x_wconf 89' lang='lat' dir='ltr'><strong>pullulante</strong></span> <span class='ocrx_word' id='word_1_614' title='bbox 2399 4763 2742 4836; x_wconf 84' lang='lat' dir='ltr'><strong>Apollinarii</strong></span> <span class='ocrx_word' id='word_1_615' title='bbox 2775 4765 3001 4836; x_wconf 66' lang='lat' dir='ltr'><strong>hasresi,</strong></span> <span class='ocrx_word' id='word_1_616' title='bbox 3025 4767 3168 4822; x_wconf 88' lang='lat' dir='ltr'><strong>varii</strong></span> <span class='ocrx_word' id='word_1_617' title='bbox 3201 4767 3611 4825; x_wconf 87' lang='lat' dir='ltr'><strong>exoriebantur</strong></span> 
     </span>
    </p>
   </div>
   <div class='ocr_carea' id='block_1_78' title="bbox 184 4851 3608 4928">
    <p class='ocr_par' dir='ltr' id='par_1_78' title="bbox 184 4851 3608 4928">
     <span class='ocr_line' id='line_1_80' title="bbox 184 4851 3608 4928; baseline 0.001 -17"><span class='ocrx_word' id='word_1_618' title='bbox 184 4858 267 4911; x_wconf 90' lang='lat' dir='ltr'><strong>de</strong></span> <span class='ocrx_word' id='word_1_619' title='bbox 299 4851 515 4908; x_wconf 81' lang='lat' dir='ltr'><strong>Christi</strong></span> <span class='ocrx_word' id='word_1_620' title='bbox 549 4853 956 4909; x_wconf 83' lang='lat' dir='ltr'><strong>lncarnatione</strong></span> <span class='ocrx_word' id='word_1_621' title='bbox 985 4871 1230 4910; x_wconf 89' lang='lat' dir='ltr'><strong>errores.</strong></span> <span class='ocrx_word' id='word_1_622' title='bbox 1264 4856 1406 4910; x_wconf 88' lang='lat' dir='ltr'><strong>Nam</strong></span> <span class='ocrx_word' id='word_1_623' title='bbox 1441 4854 1640 4910; x_wconf 88' lang='lat' dir='ltr'><strong>Ariani</strong></span> <span class='ocrx_word' id='word_1_624' title='bbox 1671 4854 1766 4909; x_wconf 88' lang='lat' dir='ltr'><strong>hic</strong></span> <span class='ocrx_word' id='word_1_625' title='bbox 1798 4852 2128 4919; x_wconf 86' lang='lat' dir='ltr'><strong>memorati,</strong></span> <span class='ocrx_word' id='word_1_626' title='bbox 2164 4852 2449 4924; x_wconf 88' lang='lat' dir='ltr'><strong>impietati</strong></span> <span class='ocrx_word' id='word_1_627' title='bbox 2501 4869 2621 4908; x_wconf 66' lang='lat' dir='ltr'><strong>suae</strong></span> <span class='ocrx_word' id='word_1_628' title='bbox 2670 4854 2951 4925; x_wconf 75' lang='lat' dir='ltr'><strong>pristinae,</strong></span> <span class='ocrx_word' id='word_1_629' title='bbox 2985 4855 3183 4921; x_wconf 85' lang='lat' dir='ltr'><strong>aliam,</strong></span> <span class='ocrx_word' id='word_1_630' title='bbox 3214 4872 3281 4912; x_wconf 85' lang='lat' dir='ltr'><strong>ex</strong></span> <span class='ocrx_word' id='word_1_631' title='bbox 3313 4857 3608 4928; x_wconf 83' lang='lat' dir='ltr'><strong>Apollina-</strong></span> 
     </span>
    </p>
   </div>
   <div class='ocr_carea' id='block_1_79' title="bbox 189 4940 1226 5012">
    <p class='ocr_par' dir='ltr' id='par_1_79' title="bbox 189 4940 1226 5012">
     <span class='ocr_line' id='line_1_81' title="bbox 189 4940 1226 5012; baseline -0.009 -12"><span class='ocrx_word' id='word_1_632' title='bbox 189 4942 364 5000; x_wconf 88' lang='lat' dir='ltr'><strong>ristis</strong></span> <span class='ocrx_word' id='word_1_633' title='bbox 398 4940 541 4993; x_wconf 79' lang='lat' dir='ltr'><strong>forte</strong></span> <span class='ocrx_word' id='word_1_634' title='bbox 573 4941 844 5007; x_wconf 88' lang='lat' dir='ltr'><strong>mutuati,</strong></span> <span class='ocrx_word' id='word_1_635' title='bbox 879 4943 1161 5012; x_wconf 86' lang='lat' dir='ltr'><strong>adjecere.</strong></span> <span class='ocrx_word' id='word_1_636' title='bbox 1199 4965 1226 4991; x_wconf 88' lang='grc'><strong>››</strong></span> 
     </span>
    </p>
   </div>
   <div class='ocr_carea' id='block_1_80' title="bbox 273 5029 3612 5106">
    <p class='ocr_par' dir='ltr' id='par_1_80' title="bbox 273 5029 3612 5106">
     <span class='ocr_line' id='line_1_82' title="bbox 273 5029 3612 5106; baseline 0.001 -21"><span class='ocrx_word' id='word_1_637' title='bbox 273 5032 346 5085; x_wconf 91' lang='lat' dir='ltr'><strong>ll.</strong></span> <span class='ocrx_word' id='word_1_638' title='bbox 381 5051 408 5077; x_wconf 90' lang='grc'><strong>‹‹</strong></span> <span class='ocrx_word' id='word_1_639' title='bbox 448 5030 505 5082; x_wconf 91' lang='lat' dir='ltr'><strong>ln</strong></span> <span class='ocrx_word' id='word_1_640' title='bbox 540 5029 823 5098; x_wconf 86' lang='lat' dir='ltr'><strong>quosdam</strong></span> <span class='ocrx_word' id='word_1_641' title='bbox 857 5029 1038 5100; x_wconf 89' lang='lat' dir='ltr'><strong>igitur</strong></span> <span class='ocrx_word' id='word_1_642' title='bbox 1069 5030 1314 5085; x_wconf 85' lang='lat' dir='ltr'><strong>Arianos</strong></span> <span class='ocrx_word' id='word_1_643' title='bbox 1346 5030 1563 5102; x_wconf 89' lang='lat' dir='ltr'><strong>scripta</strong></span> <span class='ocrx_word' id='word_1_644' title='bbox 1588 5033 1769 5096; x_wconf 89' lang='lat' dir='ltr'><strong>est,ut</strong></span> <span class='ocrx_word' id='word_1_645' title='bbox 1791 5029 1900 5084; x_wconf 84' lang='lat' dir='ltr'><strong>fert</strong></span> <span class='ocrx_word' id='word_1_646' title='bbox 1929 5029 2453 5100; x_wconf 85' lang='lat' dir='ltr'><strong>inscriptio,qui,ut</strong></span> <span class='ocrx_word' id='word_1_647' title='bbox 2484 5047 2727 5086; x_wconf 91' lang='lat' dir='ltr'><strong>numero</strong></span> <span class='ocrx_word' id='word_1_648' title='bbox 2761 5033 2782 5085; x_wconf 88' lang='lat'><strong>1</strong></span> <span class='ocrx_word' id='word_1_649' title='bbox 2821 5035 3072 5086; x_wconf 85' lang='lat' dir='ltr'><strong>testatur</strong></span> <span class='ocrx_word' id='word_1_650' title='bbox 3103 5032 3612 5106; x_wconf 82' lang='lat' dir='ltr'><strong>Athanasius,pas-</strong></span> 
     </span>
    </p>
   </div>
   <div class='ocr_carea' id='block_1_81' title="bbox 189 5115 3612 5190">
    <p class='ocr_par' dir='ltr' id='par_1_81' title="bbox 189 5115 3612 5190">
     <span class='ocr_line' id='line_1_83' title="bbox 189 5115 3612 5190; baseline 0.001 -15"><span class='ocrx_word' id='word_1_651' title='bbox 189 5122 436 5189; x_wconf 86' lang='lat' dir='ltr'><strong>simque</strong></span> <span class='ocrx_word' id='word_1_652' title='bbox 460 5115 883 5186; x_wconf 81' lang='lat' dir='ltr'><strong>alibi,primum</strong></span> <span class='ocrx_word' id='word_1_653' title='bbox 907 5118 1078 5172; x_wconf 88' lang='lat' dir='ltr'><strong>Verbi</strong></span> <span class='ocrx_word' id='word_1_654' title='bbox 1103 5117 1461 5174; x_wconf 85' lang='lat' dir='ltr'><strong>divinitatem</strong></span> <span class='ocrx_word' id='word_1_655' title='bbox 1491 5135 1700 5190; x_wconf 87' lang='lat' dir='ltr'><strong>negare</strong></span> <span class='ocrx_word' id='word_1_656' title='bbox 1717 5118 1861 5174; x_wconf 87' lang='lat' dir='ltr'><strong>satis</strong></span> <span class='ocrx_word' id='word_1_657' title='bbox 1885 5117 2785 5190; x_wconf 83' lang='lat' dir='ltr'><strong>habuerunt,simulaveruntque</strong></span> <span class='ocrx_word' id='word_1_658' title='bbox 2809 5120 2934 5189; x_wconf 82' lang='lat' dir='ltr'><strong>ejus</strong></span> <span class='ocrx_word' id='word_1_659' title='bbox 2961 5120 3018 5172; x_wconf 90' lang='lat' dir='ltr'><strong>in</strong></span> <span class='ocrx_word' id='word_1_660' title='bbox 3043 5136 3276 5175; x_wconf 89' lang='lat' dir='ltr'><strong>carnem</strong></span> <span class='ocrx_word' id='word_1_661' title='bbox 3299 5122 3612 5176; x_wconf 83' lang='lat' dir='ltr'><strong>adventum</strong></span> 
     </span>
    </p>
   </div>
   <div class='ocr_carea' id='block_1_82' title="bbox 191 5206 3619 5281">
    <p class='ocr_par' dir='ltr' id='par_1_82' title="bbox 191 5206 3619 5281">
     <span class='ocr_line' id='line_1_84' title="bbox 191 5206 3619 5281; baseline 0 -17"><span class='ocrx_word' id='word_1_662' title='bbox 191 5226 260 5266; x_wconf 89' lang='lat' dir='ltr'><strong>se</strong></span> <span class='ocrx_word' id='word_1_663' title='bbox 289 5208 399 5262; x_wconf 89' lang='lat' dir='ltr'><strong>rite</strong></span> <span class='ocrx_word' id='word_1_664' title='bbox 421 5207 1142 5277; x_wconf 87' lang='lat' dir='ltr'><strong>agnoscere,postmodum</strong></span> <span class='ocrx_word' id='word_1_665' title='bbox 1176 5224 1311 5262; x_wconf 90' lang='lat' dir='ltr'><strong>vero</strong></span> <span class='ocrx_word' id='word_1_666' title='bbox 1344 5208 1522 5279; x_wconf 69' lang='lat' dir='ltr'><strong>icnpie</strong></span> <span class='ocrx_word' id='word_1_667' title='bbox 1552 5224 1782 5279; x_wconf 85' lang='lat' dir='ltr'><strong>quoque</strong></span> <span class='ocrx_word' id='word_1_668' title='bbox 1813 5209 1883 5262; x_wconf 89' lang='lat' dir='ltr'><strong>de</strong></span> <span class='ocrx_word' id='word_1_669' title='bbox 1919 5206 2319 5261; x_wconf 80' lang='lat' dir='ltr'><strong>lncarnatione</strong></span> <span class='ocrx_word' id='word_1_670' title='bbox 2353 5208 2582 5262; x_wconf 90' lang='lat' dir='ltr'><strong>Domini</strong></span> <span class='ocrx_word' id='word_1_671' title='bbox 2616 5208 3232 5264; x_wconf 82' lang='lat' dir='ltr'><strong>senserunt.Homincs</strong></span> <span class='ocrx_word' id='word_1_672' title='bbox 3256 5210 3452 5281; x_wconf 88' lang='lat' dir='ltr'><strong>itaque</strong></span> <span class='ocrx_word' id='word_1_673' title='bbox 3473 5228 3619 5280; x_wconf 86' lang='lat' dir='ltr'><strong>quos</strong></span> 
     </span>
    </p>
   </div>
   <div class='ocr_carea' id='block_1_83' title="bbox 192 5297 3625 5370">
    <p class='ocr_par' dir='ltr' id='par_1_83' title="bbox 192 5297 3625 5370">
     <span class='ocr_line' id='line_1_85' title="bbox 192 5297 3625 5370; baseline 0 -16"><span class='ocrx_word' id='word_1_674' title='bbox 192 5300 300 5355; x_wconf 90' lang='lat' dir='ltr'><strong>hic</strong></span> <span class='ocrx_word' id='word_1_675' title='bbox 317 5301 619 5368; x_wconf 87' lang='lat' dir='ltr'><strong>oppugnat</strong></span> <span class='ocrx_word' id='word_1_676' title='bbox 640 5302 881 5350; x_wconf 89' lang='lat' dir='ltr'><strong>sanctus</strong></span> <span class='ocrx_word' id='word_1_677' title='bbox 905 5297 1343 5365; x_wconf 79' lang='lat' dir='ltr'><strong>doctor,Christi</strong></span> <span class='ocrx_word' id='word_1_678' title='bbox 1360 5314 1573 5369; x_wconf 91' lang='lat' dir='ltr'><strong>corpus</strong></span> <span class='ocrx_word' id='word_1_679' title='bbox 1598 5298 1891 5368; x_wconf 88' lang='lat' dir='ltr'><strong>negabant</strong></span> <span class='ocrx_word' id='word_1_680' title='bbox 1910 5313 2039 5352; x_wconf 89' lang='lat' dir='ltr'><strong>esse</strong></span> <span class='ocrx_word' id='word_1_681' title='bbox 2063 5297 2450 5352; x_wconf 88' lang='lat' dir='ltr'><strong>adorandum:</strong></span> <span class='ocrx_word' id='word_1_682' title='bbox 2475 5297 2560 5352; x_wconf 90' lang='lat' dir='ltr'><strong>vel</strong></span> <span class='ocrx_word' id='word_1_683' title='bbox 2583 5297 2873 5367; x_wconf 65' lang='lat' dir='ltr'><strong>potius,ut</strong></span> <span class='ocrx_word' id='word_1_684' title='bbox 2897 5298 3447 5370; x_wconf 88' lang='lat' dir='ltr'><strong>videtur,negabant</strong></span> <span class='ocrx_word' id='word_1_685' title='bbox 3469 5317 3502 5354; x_wconf 90' lang='lat' dir='ltr'><strong>a</strong></span> <span class='ocrx_word' id='word_1_686' title='bbox 3523 5302 3625 5355; x_wconf 87' lang='lat' dir='ltr'><strong>Ca-</strong></span> 
     </span>
    </p>
   </div>
   <div class='ocr_carea' id='block_1_84' title="bbox 196 5383 3626 5458">
    <p class='ocr_par' dir='ltr' id='par_1_84' title="bbox 196 5383 3626 5458">
     <span class='ocr_line' id='line_1_86' title="bbox 196 5383 3626 5458; baseline 0 -14"><span class='ocrx_word' id='word_1_687' title='bbox 196 5386 450 5444; x_wconf 85' lang='lat' dir='ltr'><strong>tholicis</strong></span> <span class='ocrx_word' id='word_1_688' title='bbox 472 5385 580 5439; x_wconf 88' lang='lat' dir='ltr'><strong>rite</strong></span> <span class='ocrx_word' id='word_1_689' title='bbox 598 5401 768 5457; x_wconf 89' lang='lat' dir='ltr'><strong>posse</strong></span> <span class='ocrx_word' id='word_1_690' title='bbox 791 5384 1042 5450; x_wconf 87' lang='lat' dir='ltr'><strong>adorari,</strong></span> <span class='ocrx_word' id='word_1_691' title='bbox 1067 5385 1164 5455; x_wconf 90' lang='lat' dir='ltr'><strong>qui</strong></span> <span class='ocrx_word' id='word_1_692' title='bbox 1191 5385 1470 5439; x_wconf 90' lang='lat' dir='ltr'><strong>nimirum</strong></span> <span class='ocrx_word' id='word_1_693' title='bbox 1491 5386 1792 5440; x_wconf 87' lang='lat' dir='ltr'><strong>crederent</strong></span> <span class='ocrx_word' id='word_1_694' title='bbox 1810 5383 2064 5439; x_wconf 88' lang='lat' dir='ltr'><strong>Verbum</strong></span> <span class='ocrx_word' id='word_1_695' title='bbox 2090 5385 2404 5455; x_wconf 76' lang='lat' dir='ltr'><strong>perfectam</strong></span> <span class='ocrx_word' id='word_1_696' title='bbox 2430 5385 2828 5455; x_wconf 85' lang='lat' dir='ltr'><strong>assumpsisse</strong></span> <span class='ocrx_word' id='word_1_697' title='bbox 2853 5386 3167 5441; x_wconf 83' lang='lat' dir='ltr'><strong>humanam</strong></span> <span class='ocrx_word' id='word_1_698' title='bbox 3195 5392 3626 5458; x_wconf 76' lang='lat' dir='ltr'><strong>naturam,cor-</strong></span> 
     </span>
    </p>
   </div>
   <div class='ocr_carea' id='block_1_85' title="bbox 197 5472 3630 5549">
    <p class='ocr_par' dir='ltr' id='par_1_85' title="bbox 197 5472 3630 5549">
     <span class='ocr_line' id='line_1_87' title="bbox 197 5472 3630 5549; baseline 0 -17"><span class='ocrx_word' id='word_1_699' title='bbox 197 5493 322 5549; x_wconf 87' lang='lat' dir='ltr'><strong>pus</strong></span> <span class='ocrx_word' id='word_1_700' title='bbox 346 5472 970 5544; x_wconf 80' lang='lat' dir='ltr'><strong>scilicet,mentemque</strong></span> <span class='ocrx_word' id='word_1_701' title='bbox 992 5473 1550 5529; x_wconf 59' lang='lat' dir='ltr'><strong>humanamllontra</strong></span> <span class='ocrx_word' id='word_1_702' title='bbox 1571 5472 2117 5545; x_wconf 85' lang='lat' dir='ltr'><strong>Apollinaristarurn</strong></span> <span class='ocrx_word' id='word_1_703' title='bbox 2143 5473 2322 5527; x_wconf 92' lang='lat' dir='ltr'><strong>duces</strong></span> <span class='ocrx_word' id='word_1_704' title='bbox 2342 5489 2512 5543; x_wconf 84' lang='lat' dir='ltr'><strong>prave</strong></span> <span class='ocrx_word' id='word_1_705' title='bbox 2534 5474 2927 5543; x_wconf 89' lang='lat' dir='ltr'><strong>opinabantur</strong></span> <span class='ocrx_word' id='word_1_706' title='bbox 2947 5475 3130 5529; x_wconf 89' lang='lat' dir='ltr'><strong>solam</strong></span> <span class='ocrx_word' id='word_1_707' title='bbox 3162 5477 3482 5531; x_wconf 85' lang='lat' dir='ltr'><strong>humanam</strong></span> <span class='ocrx_word' id='word_1_708' title='bbox 3506 5494 3630 5532; x_wconf 66' lang='lat' dir='ltr'><strong>car-</strong></span> 
     </span>
    </p>
   </div>
   <div class='ocr_carea' id='block_1_86' title="bbox 202 5560 3627 5634">
    <p class='ocr_par' dir='ltr' id='par_1_86' title="bbox 202 5560 3627 5634">
     <span class='ocr_line' id='line_1_88' title="bbox 202 5560 3627 5634; baseline -0 -13"><span class='ocrx_word' id='word_1_709' title='bbox 202 5579 350 5621; x_wconf 87' lang='lat' dir='ltr'><strong>nem</strong></span> <span class='ocrx_word' id='word_1_710' title='bbox 379 5579 412 5617; x_wconf 90' lang='lat' dir='ltr'><strong>a</strong></span> <span class='ocrx_word' id='word_1_711' title='bbox 431 5561 621 5616; x_wconf 88' lang='lat' dir='ltr'><strong>Verbo</strong></span> <span class='ocrx_word' id='word_1_712' title='bbox 645 5567 1011 5634; x_wconf 90' lang='lat' dir='ltr'><strong>assumptam</strong></span> <span class='ocrx_word' id='word_1_713' title='bbox 1028 5562 1381 5632; x_wconf 88' lang='lat' dir='ltr'><strong>esse,ipsum</strong></span> <span class='ocrx_word' id='word_1_714' title='bbox 1411 5569 1607 5617; x_wconf 79' lang='lat' dir='ltr'><strong>autem</strong></span> <span class='ocrx_word' id='word_1_715' title='bbox 1628 5561 1880 5617; x_wconf 88' lang='lat' dir='ltr'><strong>Verbum</strong></span> <span class='ocrx_word' id='word_1_716' title='bbox 1905 5560 2091 5615; x_wconf 89' lang='lat' dir='ltr'><strong>instar</strong></span> <span class='ocrx_word' id='word_1_717' title='bbox 2105 5560 2313 5615; x_wconf 72' lang='lat' dir='ltr'><strong>animm</strong></span> <span class='ocrx_word' id='word_1_718' title='bbox 2339 5561 2518 5614; x_wconf 81' lang='lat' dir='ltr'><strong>fuisse</strong></span> <span class='ocrx_word' id='word_1_719' title='bbox 2543 5561 2800 5617; x_wconf 87' lang='lat' dir='ltr'><strong>humano</strong></span> <span class='ocrx_word' id='word_1_720' title='bbox 2822 5564 3068 5634; x_wconf 86' lang='lat' dir='ltr'><strong>corpori:</strong></span> <span class='ocrx_word' id='word_1_721' title='bbox 3094 5581 3269 5634; x_wconf 89' lang='lat' dir='ltr'><strong>quom</strong></span> <span class='ocrx_word' id='word_1_722' title='bbox 3294 5565 3368 5619; x_wconf 95' lang='lat' dir='ltr'><strong>ob</strong></span> <span class='ocrx_word' id='word_1_723' title='bbox 3388 5581 3627 5620; x_wconf 88' lang='lat' dir='ltr'><strong>causam</strong></span> 
     </span>
    </p>
   </div>
   <div class='ocr_carea' id='block_1_87' title="bbox 205 5648 3630 5726">
    <p class='ocr_par' dir='ltr' id='par_1_87' title="bbox 205 5648 3630 5726">
     <span class='ocr_line' id='line_1_89' title="bbox 205 5648 3630 5726; baseline 0.001 -18"><span class='ocrx_word' id='word_1_724' title='bbox 205 5651 554 5726; x_wconf 82' lang='lat' dir='ltr'><strong>passionem</strong></span> <span class='ocrx_word' id='word_1_725' title='bbox 579 5655 904 5723; x_wconf 65' lang='lat' dir='ltr'><strong>ceteraque</strong></span> <span class='ocrx_word' id='word_1_726' title='bbox 927 5651 1187 5706; x_wconf 90' lang='lat' dir='ltr'><strong>humana</strong></span> <span class='ocrx_word' id='word_1_727' title='bbox 1212 5651 1409 5706; x_wconf 89' lang='lat' dir='ltr'><strong>omnia</strong></span> <span class='ocrx_word' id='word_1_728' title='bbox 1430 5651 1487 5704; x_wconf 90' lang='lat' dir='ltr'><strong>in</strong></span> <span class='ocrx_word' id='word_1_729' title='bbox 1512 5652 1638 5720; x_wconf 77' lang='lat' dir='ltr'><strong>eius</strong></span> <span class='ocrx_word' id='word_1_730' title='bbox 1661 5649 2091 5706; x_wconf 86' lang='lat' dir='ltr'><strong>transferebant</strong></span> <span class='ocrx_word' id='word_1_731' title='bbox 2110 5648 2495 5704; x_wconf 87' lang='lat' dir='ltr'><strong>divinitatem.</strong></span> <span class='ocrx_word' id='word_1_732' title='bbox 2514 5650 2601 5706; x_wconf 81' lang='lat' dir='ltr'><strong>Ita</strong></span> <span class='ocrx_word' id='word_1_733' title='bbox 2625 5651 2794 5724; x_wconf 90' lang='lat' dir='ltr'><strong>plane</strong></span> <span class='ocrx_word' id='word_1_734' title='bbox 2815 5652 2983 5706; x_wconf 89' lang='lat' dir='ltr'><strong>docet</strong></span> <span class='ocrx_word' id='word_1_735' title='bbox 3005 5657 3244 5709; x_wconf 73' lang='lat' dir='ltr'><strong>Sanctus</strong></span> <span class='ocrx_word' id='word_1_736' title='bbox 3270 5653 3630 5711; x_wconf 80' lang='lat' dir='ltr'><strong>Athanasius</strong></span> 
     </span>
    </p>
   </div>
   <div class='ocr_carea' id='block_1_88' title="bbox 202 5737 3628 5814">
    <p class='ocr_par' dir='ltr' id='par_1_88' title="bbox 202 5737 3628 5814">
     <span class='ocr_line' id='line_1_90' title="bbox 202 5737 3628 5814; baseline 0.001 -16"><span class='ocrx_word' id='word_1_737' title='bbox 202 5740 594 5798; x_wconf 84' lang='lat' dir='ltr'><strong>Orationibus</strong></span> <span class='ocrx_word' id='word_1_738' title='bbox 615 5744 818 5796; x_wconf 89' lang='lat' dir='ltr'><strong>contra</strong></span> <span class='ocrx_word' id='word_1_739' title='bbox 842 5739 1453 5814; x_wconf 78' lang='lat' dir='ltr'><strong>Apollinariudeem</strong></span> <span class='ocrx_word' id='word_1_740' title='bbox 1478 5739 1751 5794; x_wconf 82' lang='lat' dir='ltr'><strong>similiter</strong></span> <span class='ocrx_word' id='word_1_741' title='bbox 1771 5738 1987 5794; x_wconf 89' lang='lat' dir='ltr'><strong>diserte</strong></span> <span class='ocrx_word' id='word_1_742' title='bbox 2010 5737 2210 5793; x_wconf 78' lang='lat' dir='ltr'><strong>scribit</strong></span> <span class='ocrx_word' id='word_1_743' title='bbox 2237 5737 2551 5810; x_wconf 77' lang='lat' dir='ltr'><strong>Gregorius</strong></span> <span class='ocrx_word' id='word_1_744' title='bbox 2573 5741 3251 5812; x_wconf 83' lang='lat' dir='ltr'><strong>Nazianzenus,epistola</strong></span> <span class='ocrx_word' id='word_1_745' title='bbox 3276 5744 3298 5798; x_wconf 95' lang='lat'><strong>1</strong></span> <span class='ocrx_word' id='word_1_746' title='bbox 3325 5743 3395 5798; x_wconf 90' lang='lat' dir='ltr'><strong>ad</strong></span> <span class='ocrx_word' id='word_1_747' title='bbox 3419 5743 3628 5801; x_wconf 89' lang='lat' dir='ltr'><strong>Cledo-</strong></span> 
     </span>
    </p>
   </div>
  </div>
