4048 6406
529 470 678 531 1071
1074 472 1138 531 S.
1188 472 1609 531 ATHANASII
1656 473 1828 532 OPP.
1879 472 2075 531 PARS
2125 470 2171 529 l.
2205 503 2281 514 —
2314 469 2726 532 HISTURlCA
2772 469 2870 530 ET
2916 467 3396 530 DOGMATICA.
3790 466 3928 527 1072

527 599 714 670 nium,
748 599 842 658 his
871 600 1096 657 verbis:
1132 597 1195 657 Εἰ
1231 599 1323 673 μὲν
1375 600 1479 677 γὰρ
1523 596 1734 677 ἄψυχος
1786 601 2093 675 ἄνθρωπος.
2144 604 2305 656 τοῦτο
2331 598 2419 654 καὶ
2468 600 2738 676 Ἀρειανοὶ
2772 598 3043 674 λέγουσιν,
3069 596 3141 653 ἵν’
3171 597 3259 654 ἐπὶ
3289 599 3389 668 τὴν
3421 596 3653 670 θεότητα
3681 596 3743 652 τὸ
3771 595 3927 658 πάθος

526 683 839 761 ἐνέγκωσιν,
873 686 947 750 ὡς
968 690 1065 742 τοῦ
1095 690 1376 750 κινοῦντος
1406 688 1469 743 τὸ
1502 691 1661 761 σῶμα
1690 688 1779 743 καὶ
1808 687 2003 743 τούτου
2034 688 2124 742 πάι

2328 708 2362 750 ;.
2396 692 2541 745 Nam
2594 688 2645 745 si
2679 689 2802 762 ipse
2859 687 3172 761 (Christus)
3204 687 3569 745 inanimatus
3599 687 3775 744 homo
3810 690 3926 743 est:

525 773 636 832 hoc
665 776 838 833 etiam
869 777 1067 834 Ariani
1101 776 1284 847 aiunt,
1321 783 1383 835 ut
1413 778 1747 852 passionem
1774 778 1834 835 in
1865 779 2233 836 divinitatem
2264 779 2856 852 transferant,utpote
2886 794 3021 835 cum
3048 776 3106 834 id
3138 778 3295 851 quod
3330 781 3523 834 movet
3550 774 3928 850 corpus,idem

526 880 759 939 quoque
787 868 1065 940 patiatur.
1091 889 1119 917 ››
2681 906 2694 917 .

597 954 693 1011 Ill.
729 979 757 1007 ‹‹
787 955 1008 1013 Idcirco
1038 962 1236 1014 autem
1268 957 1326 1014 hi
1359 957 1627 1032 lucifugae
1659 975 1720 1016 se
1755 959 2008 1014 Verbum
2043 957 2341 1014 hominem
2364 958 2583 1014 factum
2608 961 2761 1015 recte
2790 958 3032 1015 adorare
3054 955 3676 1029 arhitrabantur,qnod
3711 959 3773 1011 ut
3791 970 3929 1012 vane

526 1045 1049 1116 putabant,animae
1074 1047 1268 1104 locum
1291 1046 1543 1103 Verbum
1579 1049 1772 1121 ipsum
1806 1048 2113 1104 obtineret.
2148 1047 2293 1103 Nam
2326 1048 2556 1104 etiamsi
2589 1045 2846 1105 Verbum
2878 1064 3000 1104 rem
3027 1052 3283 1105 creatam
3312 1045 3527 1103 vellent
3562 1062 3709 1114 esse,
3742 1044 3927 1117 ipsum

524 1131 909 1192 nihilominus
939 1136 1295 1193 adorabant:
1335 1137 1489 1193 unde
1522 1138 1740 1210 passim
1773 1137 1890 1193 illis
1920 1137 2230 1209 exprobrat
2253 1136 2629 1204 Athanasius,
2672 1137 2828 1209 quod
2857 1154 2980 1194 rem
3029 1141 3285 1193 creatam
3342 1136 3587 1193 adorent
3613 1135 3782 1206 eique
3806 1151 3926 1191 ser-

519 1225 702 1295 viant,
738 1230 800 1281 ut
831 1224 924 1282 hic
956 1242 1201 1282 numero
1229 1228 1276 1282 1.
1308 1231 1381 1281 At
1410 1226 1707 1283 Christum
1742 1231 1804 1283 ut
1834 1227 2129 1282 hominem
2165 1227 2456 1299 ncgabant
2487 1226 2664 1282 iidem
2695 1226 3061 1283 adorandum
3094 1242 3242 1296 esse,
3272 1226 3344 1295 si,
3379 1229 3444 1281 ut
3473 1229 3596 1281 erat
3625 1223 3929 1280 Catholico-

522 1332 652 1372 rum
686 1316 1295 1386 sentcntia,perl‘ectus
1328 1312 1503 1372 homo
1531 1321 1725 1384 esset;
1776 1320 1950 1387 atque
2003 1316 2080 1372 ita
2127 1314 2579 1387 intelligendum
2630 1320 2738 1386 est,
2798 1316 2953 1388 quod
2982 1331 3228 1372 numero
3255 1315 3291 1368 7
3322 1315 3403 1372 ait
3449 1320 3689 1372 sanctus
3717 1314 3927 1384 doctor,

520 1406 768 1461 Arianos
797 1404 1113 1460 Dominum
1149 1406 1205 1460 in
1238 1421 1412 1461 carne
1444 1412 1724 1477 tanquam
1757 1405 1816 1461 in
1850 1406 2069 1477 templo
2101 1405 2481 1461 exsistentem
2516 1405 2670 1461 nolle
2701 1405 2961 1462 adorare.
3015 1426 3043 1455 η

592 1494 688 1549 ιν.
724 1518 750 1545 ‹‹
776 1494 894 1551 Hoc
923 1511 991 1549 ex
1020 1493 1324 1550 erroreille
1347 1495 1499 1551 alius
1533 1495 1758 1550 videtur
1779 1510 2308 1563 enianasse,eorum
2338 1511 2547 1566 nempe
2579 1494 2677 1567 qui
2710 1511 2944 1550 carnem
2968 1493 3192 1551 Domini
3216 1494 3626 1566 conjunctione
3648 1509 3782 1549 cum
3805 1493 3931 1548 Ver-

519 1584 593 1641 bo
618 1584 933 1640 increatam
956 1584 1165 1640 factam
1218 1584 1398 1640 fuisse
1421 1584 1859 1640 existimabant.
1891 1583 2115 1656 Quippe
2164 1582 2240 1639 illi
2290 1584 2361 1639 ad
2396 1584 2486 1641 sui
2527 1583 2926 1640 defensionem
2950 1583 3296 1640 dictitabant
3320 1601 3333 1639 :
3357 1583 3547 1656 Ἡμεῖς
3581 1580 3643 1637 οὐ
3672 1579 3930 1653 κτίσματνι

518 1676 947 1748 προσκυνοῦμεν,
980 1674 1084 1729 No:
1113 1689 1232 1728 rem
1260 1675 1505 1731 creatam
1536 1690 1642 1730 non
1674 1673 2116 1743 adoramusﬁide:

2330 1672 2646 1729 Jatholicos
2666 1672 3039 1746 appellabant
3060 1670 3544 1750 ἀνθρωπολάτφας,
3578 1673 3842 1744 duosque
3862 1673 3928 1727 ab

519 1763 605 1820 eis
626 1762 864 1836 agnosci
890 1761 1063 1820 Filios
1085 1762 1780 1834 calumniabantur,quod
1804 1763 2058 1819 Verbum
2093 1762 2311 1819 factum
2334 1761 2631 1819 hominem
2658 1763 2978 1836 perfectum
3024 1763 3355 1819 adorarent.
3388 1763 3565 1834 Cujus
3585 1761 3821 1835 quidem
3845 1777 3925 1817 er-

517 1851 666 1908 roris
690 1851 1141 1908 fundamentum
1173 1851 1279 1908 hac
1302 1850 1360 1907 in
1384 1850 1631 1926 epistola
1651 1850 1833 1907 diruit
1853 1856 2093 1907 sanctus
2117 1851 2565 1922 Athanasius,in
2590 1868 2706 1924 qua
2727 1852 2895 1908 docet
2916 1856 2973 1908 et
3000 1850 3367 1909 adorandum
3392 1867 3522 1909 esse
3560 1848 3776 1908 Christi
3801 1866 3928 1907 cor-

515 1940 775 2015 pus,sive
794 1940 1085 1997 Christum
1112 1940 1545 2011 hominem,nec
1567 1942 1647 1998 ita
1667 1958 1701 1997 a
1724 1942 1894 1998 nobis
1915 1941 2144 1998 adorari
2171 1957 2290 1997 rem
2315 1945 2591 2010 creatam,
2626 1941 2727 1997 sed
2750 1940 3004 1998 Verbum
3030 1940 3327 1997 hominem
3356 1940 3573 1997 factum
3599 1957 3612 1997 :
3637 1956 3743 1997 nec
3773 1939 3927 1996 enim

513 2030 835 2088 humanam
865 2035 1131 2087 naturam
1156 2048 1191 2087 a
1210 2030 1397 2086 Verbo
1417 2031 1806 2103 separandam
1831 2046 1981 2098 esse,
2016 2035 2081 2087 ut
2117 2029 2373 2086 Verbum
2400 2031 2678 2087 adoretur
2702 2048 2714 2098 ;
2740 2030 2840 2087 sed
2870 2029 3020 2087 128
3044 2029 3303 2087 Verbum
3322 2030 3511 2088 forma
3542 2030 3718 2098 servi,
3750 2045 3926 2101 quam

512 2120 755 2193 accepit,
787 2119 1062 2176 indutum
1095 2119 1304 2176 debere
1329 2119 1577 2175 adorari.
1600 2122 1724 2186 Qua
1754 2135 1894 2176 sane
1924 2119 2191 2176 doctrina
2218 2123 2274 2176 et
2306 2118 2639 2175 Nestorium
2662 2124 2719 2175 et
2752 2119 3090 2192 Eutychem,
3118 2119 3288 2193 longe
3314 2125 3446 2177 ante
3476 2125 3636 2177 ortas
3666 2119 3926 2191 ipsorum

512 2208 783 2278 hereses,
816 2208 1148 2266 luculenter
1176 2209 1623 2265 condemnavit:
1657 2208 1992 2265 Nestorium
2024 2209 2285 2282 quidem,
2318 2225 2453 2265 cum
2501 2210 2799 2266 Christum
2859 2213 3035 2283 negat
3089 2209 3149 2265 in
3197 2209 3315 2266 duo
3348 2224 3479 2267 esse
3508 2208 3923 2265 dividendum:

510 2297 828 2371 Eutychem
846 2315 1001 2369 vero,
1035 2315 1169 2355 cum
1204 2300 1461 2371 integras
1492 2315 1557 2355 ac
1588 2298 1900 2356 distinctas
1932 2304 2127 2355 tuetur
2156 2297 2369 2355 Christi
2403 2303 2664 2357 naturas.

791 2611 1040 2707 ΤΟΥ
1124 2611 1283 2705 ΕΝ
1346 2609 1765 2707 ΛΓΙΟΙΣ
1851 2610 2347 2707 ΠΛΤΡΟΣ
2433 2609 2799 2706 ΗΜΩΝ
2882 2610 3641 2708 ΑΘΑΝΑΣΙΟΥ.

1562 2809 2123 2867 ΛΡΧΙΒΙΙῙΣΚΟΗΟΥ
2163 2810 2698 2867 ΔΛΕΞΑΝΔΡΕΙΛΣ
2739 2811 2874 2883 (77),

849 2955 1197 3012 ΕΠΙΣΤΟΛΗ
1241 2955 1420 3010 ΠΡΟΣ
1464 2955 1813 3011 ΔΔΕΛΦΙΟΝ
1855 2956 2255 3013 ΕΙΙΙΣΚΟΠΟΝ
2297 2956 2417 3012 ΚΑΙ
2457 2955 2958 3022 ΟΜΟΛΟΓΙΙΤΙΙΝ,
3004 2957 3172 3013 ΚΑΤΑ
3216 2956 3584 3013 APEIANQN.

1588 3262 1682 3356 S.
1760 3262 1891 3357 P.‘
1946 3261 2064 3356 N.
2140 3261 2855 3358 ATHANASII

1683 3440 2218 3498 ARCHIEPISCOPI
2261 3442 2749 3500 ALEXANDRUE

910 3584 1247 3642 EPISTOLA
1290 3585 1377 3639 AD
1414 3584 1800 3641 ADELPHIUM
1838 3584 2226 3645 EPISCOPUH
2263 3587 2350 3642 ET
2384 3585 2880 3655 CONFESSOREM,
2918 3585 3171 3643 CONTRA
3211 3585 3523 3643 ARIANOS.

2177 3759 2243 3772 _

576 3874 627 3930 1.
663 3873 936 3929 Perlectis
969 3872 1063 3928 his
1088 3889 1213 3945 quae
1245 3889 1278 3927 a
1307 3875 1408 3928 tua
1441 3871 1716 3945 religione
1741 3873 1958 3945 scripta
1988 3875 2148 3939 sunt,

2341 3874 2390 3929 1.
2425 3871 2776 3948 Ἐντυχόντες
2801 3877 2919 3935 τοῖς
2966 3872 3114 3946 παρὰ
3156 3876 3258 3941 τῆς
3308 3876 3409 3940 σῆς
3439 3864 3751 3933 θεοσεϐείας
3780 3892 3918 3948 γραο

500 3964 662 4018 tuam
697 3961 933 4034 quidem
968 3962 1025 4017 in
1062 3961 1349 4017 Christum
1399 3961 1672 4033 pietatem
1703 3978 1828 4017 vere
1859 3961 2098 4034 approba

2318 3966 2425 4028 :‘im,
2450 3961 2549 4030 τὴν
2586 3962 2679 4034 μὶν
2714 3963 2811 4032 σὴν
2845 3961 2922 4024 εἷς
2972 3958 3204 4036 Χριστὸν
3238 3954 3509 4016 εὐσέϐειαν
3559 3958 3786 4031 ἀληθῶς
3817 3960 3916 4015 ἀπ-

495 4050 709 4121 vimus,
743 4050 1064 4123 laudesque
1112 4049 1227 4106 Deo
1276 4049 1568 4122 imprimis
1600 4049 2011 4122 persolvimus,
2044 4066 2093 4122 qi

2321 4050 2666 4122 εξάμεθα,καῖ
2685 4051 2777 4106 τὸν
2810 4051 2904 4125 μὶν
2938 4052 3066 4106 Θεὸν
3101 4045 3538 4127 προηγουμενως
3562 4046 3919 4123 ἐδοξάσαμεν,

491 4138 598 4194 tibi
627 4139 966 4210 hujusmodi
990 4142 1078 4195 est
1108 4137 1354 4211 largitus
1376 4137 1723 4209 gratiam,ut
1752 4142 1809 4194 et
1840 4142 1992 4195 recte
2014 4155 2089 4195 εει

2327 4136 2532 4194 Βωκότα
2564 4161 2649 4195 σοι
2694 4140 2794 4209 τὴν
2840 4138 3100 4212 τοιαύτην
3128 4141 3316 4217 χάριν,
3370 4136 3509 4194 ὥστε
3536 4139 3624 4193 καὶ
3652 4139 3755 4208 τήν
3787 4138 3925 4218 φρόο

489 4227 763 4299 tires,nec
785 4228 999 4285 diaboli
1035 4228 1593 4299 fraudes,quantum
1628 4227 1776 4283 scire
1802 4227 1955 4294 licet,
1988 4227 2085 4300 ign

2325 4249 2405 4283 σιν
2466 4223 2612 4304 ἔχειν
2666 4228 2855 4301 ὀρθὴν,
2909 4226 2999 4284 καὶ
3052 4231 3129 4302 μὴ
3183 4229 3395 4305 ἀγνοεῖν
3434 4226 3658 4283 κατὰτὸ
3685 4224 3923 4282 δυνατὸν

496 4332 652 4372 rares
678 4333 691 4372 :
726 4332 838 4373 non
864 4317 1166 4389 potuimus
1198 4331 1329 4371 vero
1361 4331 1475 4371 non
1499 4314 1778 4371 admirari
1805 4330 2094 4387 perversui

2334 4337 2367 4379 ες
2421 4314 2706 4390 μεθοδείας
2749 4322 2846 4373 τοῦ
2892 4312 3175 4373 διαϐόλου·
3224 4317 3324 4386 τὴν
3377 4313 3434 4372 δὲ
3474 4319 3582 4372 τῶν
3633 4316 3932 4390 αἱρετικῶν

492 4403 891 4461 hereticorum
928 4405 1213 4471 animum,
1246 4404 1342 4476 qui
1378 4405 1520 4459 adeo
1553 4404 1609 4457 in
1644 4404 2000 4475 profundum
2036 4406 2090 4460 in

2328 4404 2557 4461 ικόνοιαν
2615 4404 2995 4480 ἐθαυμάσαμεν
3027 4452 3041 4478 ,
3101 4406 3427 4480 θεωροῦντες
3479 4408 3597 4467 πῶς
3654 4408 3926 4460 τοσοῦτον

495 4491 730 4565 pietatis
761 4493 1011 4550 demersi
1045 4497 1205 4563 sunt,
1239 4497 1301 4547 ut
1333 4492 1560 4547 nullum
1588 4493 1713 4562 jam
1747 4507 1983 4548 sensum
2008 4509 2093 4548 co:

2329 4516 2342 4556 ;
2391 4490 2632 4557 ἀσεϐείας
2689 4496 2955 4572 βάραθρον
3004 4495 3369 4568 πεπτώκασιν,
3410 4494 3487 4557 ὡς
3541 4494 3743 4568 μηκέτι
3775 4490 3927 4567 μηδέ

493 4583 853 4652 servent,sed
887 4586 1223 4654 corruptam
1245 4580 1405 4636 omni
1435 4596 1504 4635 ex
1525 4583 1689 4652 parte
1710 4579 1965 4637 habeant
1987 4596 2091 4637 mei

2336 4604 2353 4645 :
2402 4582 2679 4655 αἰσθήσεις
2726 4585 2939 4655 σώζειν,
2996 4583 3144 4640 ἀλλὰ
3198 4582 3533 4659 πανταχόθεν
3591 4580 3934 4663 διεφθαρμέ-

492 4672 803 4727 tem.Certe
835 4671 1179 4742 hujusmodi
1226 4670 1454 4725 facinus
1502 4668 1803 4725 diabolum
1844 4674 2090 4727 auctorei

2338 4695 2364 4727 ν
2395 4668 2541 4748 ἔχειν
2566 4674 2666 4743 τὴν
2700 4670 2960 4730 διάνοια-θ.
3011 4677 3180 4729 Τοῦτο
3212 4669 3270 4728 δὲ
3310 4673 3373 4728 τὸ
3424 4670 3765 4749 ἐπιχείρημα
3806 4669 3936 4727 δια-

490 4758 687 4830 habet,
720 4764 924 4832 estque
955 4761 1026 4816 ad
1058 4759 1460 4832 improborum
1498 4757 1884 4815 imitationem
1915 4759 2088 4815 Judie

2338 4761 2432 4817 λου
2484 4761 2577 4836 μὲν
2631 4761 2770 4818 ἐστιν
2828 4757 3099 4834 ὑποϐολή,
3151 4766 3259 4817 τῶν
3311 4760 3369 4817 δὶ
3398 4760 3735 4838 παρανόμων
3767 4762 3936 4819 ’ἰου-

488 4848 796 4904 rum.Nam
830 4853 893 4905 ut
916 4847 998 4904 illi
1022 4847 1282 4920 undique
1306 4846 1836 4913 convicti,rationes
1857 4848 2086 4904 advers:

2336 4848 2427 4906 ἰων
2487 4850 2719 4925 μίμησις
2752 4897 2764 4910 .
2820 4855 3023 4927 Ὠσπερ
3090 4852 3194 4927 γὰρ
3264 4850 3510 4920 ἐκεῖνοι,
3568 4850 3934 4928 πανταχόθεν

484 4937 712 5010 seipsos
745 4938 1240 5010 excogitabant,eo
1269 4940 1497 4991 tantum
1532 4940 1595 4991 ut
1624 4936 1937 4992 Dominum
1964 4954 2082 5009 neg:

2338 4938 2635 5015 γχόμενοι,
2694 4942 2991 5020 προφάσεις
3040 4940 3296 4997 ἐπενόουν
3353 4941 3469 4995 καθ’
3527 4940 3766 5009 tau-raw,
3818 4937 3936 4995 ’ἕνα

483 5028 632 5095 rent,
666 5031 724 5082 et
754 5042 879 5098 qua:
912 5026 1185 5099 praedicta
1218 5028 1357 5081 sunt
1383 5024 1439 5079 in
1474 5024 1700 5095 seipsos
1733 5025 2081 5082 attraherenl

2334 5049 2414 5083 νον
2445 5030 2535 5085 τὸν
2569 5030 2766 5106 Κύριον
2812 5030 3178 5107 ἀρνήσωνται,
3212 5028 3303 5085 καὶ
3350 5030 3420 5085 τὰ
3465 5029 3932 5109 προφητευθὲντα

482 5113 565 5170 sic
596 5118 654 5170 et
681 5114 778 5170 isti
810 5132 941 5171 cum
968 5131 1031 5172 se
1048 5115 1309 5187 undique
1336 5113 1844 5186 notari,suamque
1864 5114 2080 5172 haeresi:

2316 5119 2363 5183 θ’
2419 5119 2620 5175 ἑαυτῶν
2683 5117 3130 5176 ἐπισπάσωνται·
3184 5119 3277 5175 τὸν
3337 5117 3499 5174 αὐτὸν
3555 5118 3759 5192 τρόπον
3813 5119 3912 5173 καὶ

480 5203 759 5259 omnibus
790 5205 1204 5262 exsecrandam
1255 5217 1384 5260 esse
1429 5202 1650 5269 vident,
1684 5217 1815 5259 sese
1846 5203 2078 5260 sceleru‘

2320 5228 2417 5277 τοι,
2468 5210 2798 5286 θεωροῦντες
2846 5208 3070 5273 ἑαυτοὺς
3118 5209 3457 5284 πανταχόθεν
3506 5207 3918 5281 στηλιτευομὲ-

481 5295 749 5348 auctores
780 5309 894 5349 non
924 5297 1198 5350 verentur
1225 5293 1449 5358 facere;
1483 5294 1548 5347 ut
1578 5295 1783 5347 contra
1826 5292 2079 5349 veritate}

2326 5319 2388 5369 ις,
2423 5298 2511 5354 καὶ
2571 5297 2865 5374 βλέποντες
2914 5297 3215 5375 γενομένην
3268 5299 3380 5373 (78)
3415 5294 3718 5373 βδελυκτὴν
3752 5296 3924 5370 παρὰ

481 5397 741 5455 pugnare
781 5398 898 5439 non
957 5383 1329 5452 desistentes,
1362 5397 1492 5437 vere
1521 5379 1737 5437 Christi
1772 5380 1968 5468 hostes
2000 5399 2079 5454 pr:

2321 5407 2371 5442 σι
2417 5390 2516 5458 τήν
2574 5386 2779 5465 α’ίρεσιν
2830 5386 3027 5462 αὐτῶν,
3077 5386 3353 5468 ἐφευρεταὶ
3400 5387 3643 5465 γίνονται
3693 5389 3919 5455 κακῶν,

482 5479 775 5530 maneant.
806 5472 970 5529 Unde
1000 5471 1155 5529 enim
1187 5470 1305 5527 illis
1336 5469 1394 5526 id
1443 5474 1710 5526 exortum
1744 5467 1964 5527 malum
1998 5476 2080 5527 est

2363 5477 2771 5601 pﬁ/naudpevct
2789 5483 2908 5541 ταῖς
2936 5478 3075 5556 πρὸς
3100 5478 3199 5549 τήν
3225 5477 3487 5550 ἀλήθειαν
3522 5477 3733 5552 μάχαις
3759 5477 3952 5577 (⁸79),ί

3858 5562 3991 5609 Α.θῖ

540 5651 663 5737 ςη)
682 5652 908 5737 Scripta
938 5669 1091 5737 anno
1121 5651 1351 5737 circiter
1379 5649 1474 5737 ΞΠ
1493 5679 1607 5737 εΙ-
1635 5651 2000 5737 ξοειιοιυ.μτοῦ
2029 5648 2124 5737 uo-

1448 5649 1474 5705 "
1493 5679 1607 5737 ;.-
1635 5651 2000 5737 ἕθεμθτιέτοδ
2029 5648 2124 5737 α’ἒ·
2306 5659 2414 5737 (28)
2445 5664 2703 5737 ἔδευον-ν
2734 5658 3046 5737 γινφμένην·

474 5720 572 5775 τοῦ
601 5720 864 5794 ἐπιστοΧὴ
889 5728 1149 5802 γραφεῖσα
1176 5721 1333 5797 πρός.
1382 5720 1555 5778 Basil.
1617 5725 1676 5777 et
1716 5720 1963 5795 ’Anglic.
2024 5740 2072 5780 a4

1393 5720 1555 5777 Basil.
1617 5725 1676 5777 et
1716 5720 1963 5795 ’Anglic.
2024 5725 2124 5780 ad-
2305 5720 2420 5805 (79)
2449 5720 2617 5790 Forte
2643 5720 2991 5810 τῆίμάὴηςξ

478 5810 626 5868 dunt
656 5828 910 5885 quoque,
954 5816 1234 5889 γραφεῖσα.
