4048 6380
165 417 318 478 1073

1102 413 1487 476 EPISTOLA
1531 416 1636 475 AD
1678 414 2135 479 ADELPHIUM
2183 417 2653 480 EPISCOPUM.

3419 417 3577 477 1074

161 543 384 617 ἀληθῶς
431 544 815 621 Χριστομάχοι
866 540 1208 618 διαμείνωσι.
1261 540 1431 610 Πόθεν
1478 546 1579 622 γὰρ
1628 544 1810 607 αὐτοῖς

1925 548 2032 614 Qui
2066 550 2304 607 omnino
2337 566 2542 606 novem
2574 550 2725 606 hanc
2754 548 3110 606 calumniam
3144 552 3346 606 contra
3370 548 3572 605 Salva-

162 630 317 690 ἆνὲδυ
372 630 464 688 καὶ
520 635 683 687 τοῦτο
731 631 796 686 τὸ
832 632 1037 701 κακόν;
1071 635 1196 694 Πῶς
1249 630 1395 695 ὅλως
1437 629 1809 706 τετολμήκασι

160 723 259 793 τὴν
289 722 484 791 καινὴν
529 720 733 793 ταύτην
787 718 1100 800 δυσφημίαν
1155 721 1471 800 φθέγξασθαι
1525 722 1660 777 κατά
1713 725 1811 776 τοῦ

162 818 461 887 Σωτῆρος;
494 808 646 883 ἀλλ’,
676 811 751 873 ὡς
782 805 945 880 ἔοικε,
980 810 1223 887 πονηρὸν
1257 812 1284 866 ὁ
1312 806 1534 881 ἀσεϐὴς,
1564 810 1654 866 καὶ
1682 807 1807 865 ἀδό-

157 923 321 976 κιμος
496 895 668 962 ὅντως
696 898 821 973 περὶ
859 901 959 971 τήν
1002 898 1203 956 πίστιν.
1238 899 1508 976 Πρότερον
1553 899 1678 979 γὰρ,
1712 899 1807 976 ἆρ-

153 991 410 1065 νούμενοι
439 991 540 1059 τὴν
574 989 808 1061 θεότητα
836 993 932 1044 τοῦ
968 993 1292 1067 μονογενοῦς
1332 990 1461 1043 Υἱοῦ
1506 993 1602 1044 τοῦ
1650 993 1806 1060 Θεοῦ,

157 1079 503 1156 ὑπεκρίνοντο
533 1076 629 1134 κᾶν
671 1079 773 1148 τὴν
823 1076 1076 1152 ἔνσαρκον
1123 1077 1292 1134 αὐτοῦ
1338 1075 1640 1154 παρουσίαν
1689 1076 1803 1132 ἐπι-

153 1170 481 1247 γινώσκειν·
534 1172 627 1223 νῦν
688 1165 769 1239 δὲ,
824 1170 943 1223 κατ’
1002 1166 1191 1244 ὀλίγον
1261 1162 1803 1234 ὑποκαταϐαίνοντες,

156 1258 403 1331 ἐξέπεσαν
433 1256 525 1313 καὶ
574 1256 779 1329 ταύτης
826 1257 1002 1313 αὐτῶν
1045 1264 1146 1328 τῆς
1188 1256 1553 1328 οἷήσεως,καὶ
1602 1275 1802 1311 παντα-

153 1349 315 1426 χόθεν
349 1348 495 1403 ἄθεοι
524 1348 829 1424 γεγόνασιν,
862 1346 1001 1402 ὥστε
1051 1348 1191 1421 μήτε
1236 1346 1367 1402 Θεὸν
1417 1346 1577 1401 αὐτὸν
1624 1344 1800 1420 ἐπιγιη

149 1439 396 1505 νώσκειν,
461 1438 591 1510 μήθ’
648 1434 732 1491 ὅτι
790 1430 1077 1511 ἅνθρωπος
1131 1435 1318 1513 γέγονε
1381 1433 1675 1503 πιστεύειν.
1736 1432 1800 1491 Ei

147 1526 251 1603 γὰρ
279 1524 580 1595 ἐπίστευον,
615 1523 715 1580 οὐκ
741 1522 803 1579 ἂν
847 1528 1073 1579 τοιαῦτα
1122 1522 1465 1601 ἐφθέγξαιτο,
1498 1524 1586 1579 οἷα
1638 1521 1799 1600 ἔγρα-

149 1619 245 1691 ψεν
276 1617 311 1687 ἡ
346 1616 414 1685 σὴ
447 1609 728 1671 θεοσέϐεια
755 1614 873 1669 κατ’
904 1612 1102 1672 αὐτῶν.

216 1710 272 1762 2.
303 1703 379 1759 Σὺ
414 1704 509 1779 μὲν
553 1702 668 1775 οῦν,
700 1703 942 1780 ἀγαπητὲ
987 1701 1080 1758 καὶ
1128 1703 1242 1777 (81)
1271 1701 1496 1774 ἀληθῶς
1544 1702 1795 1757 ποθεινό-

145 1816 291 1868 τατε,
323 1793 601 1872 πρέποντα
655 1796 724 1868 τῇ
783 1790 1212 1866 ἐκκλησιαστικῇ
1242 1789 1535 1866 παραδόσει
1587 1790 1674 1847 καὶ
1726 1793 1795 1864 τῇ

151 1893 228 1955 είς
283 1892 375 1948 τὸν
440 1891 637 1966 Κύριον
709 1885 951 1964 εὐσεϐείᾳ
1023 1889 1351 1961 πεποίηκας,
1409 1887 1648 1965 ἐλέγξας,
1706 1886 1796 1943 καὶ

147 1980 475 2059 παραινέσας
529 1981 618 2037 καὶ
679 1978 1008 2055 ἐπιτιμήσας
1058 1983 1175 2041 τοῖς
1234 1976 1545 2040 τοιούτοις·
1606 1973 1794 2048 ἐπειδή

154 2080 235 2154 δὲ,
265 2081 689 2158 παροξυνόμενοί
722 2079 868 2157 παρὰ
903 2083 1001 2136 τοῦ
1047 2077 1250 2156 πατρὸς
1296 2078 1471 2134 αὐτῶν
1521 2082 1616 2133 τοῦ
1676 2075 1796 2133 δια-

147 2174 344 2251 ϐόλου,
397 2178 497 2235 οὐκ
568 2172 829 2255 ἔγνωσαν,
890 2175 1021 2233 οὐδὲ
1089 2183 1342 2247 συνῆκαν,
1401 2175 1536 2231 κατὰ
1589 2176 1650 2230 τὸ
1708 2197 1795 2250 γε-

150 2267 489 2345 γραμμένον,
575 2265 722 2323 ἀλλὰ
777 2265 829 2322 ὲν
907 2268 1085 2322 σκότει
1156 2263 1603 2342 διαπορεύονται·
1663 2286 1794 2339 μαν-

144 2356 446 2413 θανὲτωσαν
502 2354 648 2433 παρὰ
688 2362 788 2427 τῆς
845 2362 946 2427 σῆς
996 2349 1302 2425 εὐλαϐείας,
1354 2353 1428 2417 ὠς
1483 2356 1518 2425 ἡ
1565 2353 1791 2425 τοιαύτη

141 2458 321 2513 αὐτῶν
395 2455 654 2513 κακόνοια
724 2453 1091 2513 Οὐαλεντίνου
1161 2454 1251 2510 καὶ
1322 2453 1643 2531 Μαρκίωνος
1702 2453 1791 2509 καὶ

142 2546 459 2622 Μανιχαίου
489 2548 602 2620 (82)
634 2543 797 2601 ἐστιν·
832 2547 905 2601 ὢν
940 2546 991 2600 οἱ
1027 2545 1122 2618 μὲν
1161 2545 1276 2600 ἀντὶ
1319 2541 1579 2615 ἀληθείας
1628 2540 1792 2614 δόκη-

136 2663 223 2698 σιν
270 2642 654 2719 εἷσηγήσαντο,
687 2643 739 2697 οἱ
779 2639 838 2697 δὲ
886 2638 1219 2717 διαιροῦντες
1264 2641 1333 2696 τὰ
1373 2637 1649 2717 ἀδιαίρετα
1689 2641 1790 2715 ἠρ-

137 2733 377 2804 νήσαντο
431 2731 516 2801 τὸ,
574 2732 631 2787 Ὀ
689 2730 868 2807 Λόγος
927 2730 1055 2803 σὰρξ
1109 2730 1344 2806 ἐγένετο,
1405 2728 1495 2783 καὶ
1558 2727 1794 2799 ἐσκήνω-

137 2842 227 2877 σεν
282 2819 334 2876 ἐν
398 2822 557 2894 ἡμῖν.
618 2821 717 2876 Διὰ
772 2820 826 2875 τί
882 2819 1003 2888 οὖν,
1061 2820 1128 2874 τὰ
1181 2817 1388 2874 τούτων
1442 2817 1790 2894 φρονοῦντες,

137 2909 270 2985 οὐχὶ
298 2908 389 2964 καὶ
419 2912 526 2964 τῶν
572 2908 857 2983 ὀνομάτων
912 2907 1088 2964 αὐτῶν
1133 2907 1366 2983 γίνονται
1409 2905 1789 2981 κληρονόμοι;

137 3005 390 3082 Εὕλογον
423 3008 529 3082 γὰρ
559 3008 635 3063 ὧν
655 3009 757 3077 τήν
778 3003 1099 3077 κακοδοξίαν
1130 3004 1343 3081 ἔχουσι,
1374 3003 1581 3060 τούτων
1641 2998 1787 3079 ἔχειν

132 3096 231 3152 καὶ
279 3097 347 3151 τὰ
396 3096 640 3169 ὀνόματα
671 3099 806 3170 (83),
833 3093 923 3151 τίνα
965 3093 1160 3151 λοιπὸν
1211 3091 1651 3153 Οὐαλεντινιανοὶ
1698 3092 1787 3148 καὶ

138 3194 547 3267 Μαρκιωνισταὶ
606 3196 696 3251 καὶ
755 3196 1061 3271 Μανιχαῖοι
1116 3192 1414 3250 καλῶνται.
1473 3191 1637 3280 Τάχα
1691 3189 1787 3246 κᾶν

1920 639 2107 692 torem
2142 639 2399 710 proferre
2425 637 2554 694 ausi
2586 641 2724 694 sunt
2743 638 2770 692 7
2790 637 2921 707 Sed,
2944 641 3007 693 ut
3025 637 3270 710 planum
3287 640 3397 705 est,
3414 635 3570 693 mala

1920 741 2013 782 res
2037 729 2126 782 est
2156 726 2397 798 impius,
2430 744 2497 783 ac
2528 744 2725 783 revera
2757 727 3040 800 reprobus
3089 726 3244 783 circa
3292 726 3466 783 fidem
3500 728 3563 781 7°.

1923 815 2179 871 Primum
2214 816 2371 872 enim
2409 820 2614 889 negata
2648 815 2934 890 unigeniti
2966 815 3091 871 Filii
3113 814 3214 871 Dei
3238 814 3564 886 divinitate,

1919 905 2048 976 ejus
2078 905 2282 961 saltem
2317 922 2657 978 corporeum
2693 906 3004 961 adventum
3039 920 3353 978 agnoscere
3383 905 3565 961 simu-

1917 992 2218 1049 laverunt:
2257 1011 2413 1050 nunc
2444 998 2639 1051 autem
2673 994 2957 1066 paulatim
2982 993 3397 1067 delapsi,hanc
3422 1009 3565 1067 quo-

1918 1099 2031 1154 que
2061 1082 2450 1156 repudiarunt
2479 1083 2861 1152 sententiam,
2894 1087 3068 1154 atque
3099 1082 3255 1138 omni
3301 1097 3369 1138 ex
3405 1086 3570 1155 parte

1917 1171 2071 1227 athei
2105 1171 2237 1227 facti
2261 1176 2423 1239 sunt,
2453 1172 2734 1245 utipsum
2769 1187 2957 1245 neque
2978 1174 3302 1245 agnoscant
3360 1173 3564 1242 Deum,

1916 1276 2105 1333 neque
2137 1260 2431 1317 hominem
2466 1262 2681 1317 factum
2715 1278 2846 1317 esse
2869 1262 3129 1317 credant.
3164 1260 3309 1316 Nam
3343 1260 3390 1316 si
3441 1277 3564 1317 cre-

1913 1351 2138 1420 derent,
2170 1365 2238 1406 ea
2269 1365 2409 1406 sane
2437 1350 2616 1406 locuti
2650 1366 2765 1406 non
2801 1350 3071 1418 fuissent,
3096 1353 3345 1422 quietus
3375 1351 3563 1423 pietas

1912 1440 2193 1496 adversus
2224 1439 2384 1512 ipsos
2416 1439 2674 1513 scripsit.

1972 1709 2029 1763 2.
2061 1708 2148 1763 Tu
2182 1706 2384 1781 igitur,
2419 1707 2629 1763 dilecte
2689 1709 2747 1762 et
2800 1722 2932 1763 vere
2989 1704 3375 1779 optatissime,
3434 1722 3557 1763 rem

1908 1795 2314 1853 ecclesiasticae
2344 1795 2645 1852 traditioni
2699 1799 2759 1851 et
2803 1794 3016 1851 Christi
3068 1794 3335 1867 religioni
3391 1795 3558 1852 valde

1908 1890 2359 1942 consentaneam
2393 1884 2692 1957 peregisti,
2717 1899 2852 1939 cum
2886 1883 3226 1955 hujusmodi
3285 1883 3555 1940 homines

1909 1974 2195 2046 refutasti,
2226 1972 2874 2046 invitasti,objurgasti.
2902 1972 3145 2036 Quando
3166 1986 3301 2028 vero
3326 1972 3558 2029 diabolo

1905 2062 2163 2136 ipsorum
2199 2066 2361 2137 patre
2384 2062 2746 2135 impellente,
2788 2063 3124 2133 nescierunt,
3163 2077 3337 2134 neque
3392 2062 3556 2118 intel-

1907 2153 2181 2221 lexerunt,
2218 2152 2301 2207 uti
2324 2152 2607 2225 scriptum
2638 2156 2727 2207 est
2745 2151 2811 2220 ⁸ο,
2846 2151 2946 2207 sed
2979 2151 3038 2206 in
3068 2151 3311 2206 tenebris
3371 2150 3558 2207 ambu-

1907 2242 2054 2303 lant;
2086 2242 2318 2297 discant
2369 2258 2403 2295 a
2445 2246 2546 2296 tua
2602 2240 2816 2313 pietate
2863 2255 3101 2312 pravam
3143 2255 3268 2295 eam
3320 2238 3552 2295 illorum

1907 2332 2278 2402 sententiam,
2299 2328 2621 2398 Valentini,
2646 2328 2959 2385 Marcionis
2989 2332 3047 2384 et
3077 2327 3380 2383 Manichaei
3402 2343 3553 2397 esse,

1906 2437 2157 2493 quorum
2181 2419 2281 2475 alii
2313 2436 2416 2492 pro
2446 2418 2686 2475 veritate
2706 2434 2926 2474 meram
2960 2416 3216 2490 speciem
3250 2416 3554 2487 induxere,

1906 2509 2004 2566 alii
2029 2508 2332 2565 individua
2351 2507 2694 2575 dividentes,
2727 2505 2874 2562 illud
2905 2506 3216 2578 Scriptura:
3246 2522 3550 2578 negavero,

1906 2600 2132 2656 Verbum
2162 2614 2305 2654 caro
2330 2597 2545 2672 factum
2564 2598 2711 2653 estet
2731 2596 3005 2651 habitavit
3027 2597 3085 2651 in
3106 2595 3265 2651 nobis
3281 2597 3348 2651 εί.
3363 2596 3552 2660 Quare

1901 2688 2084 2761 igitur
2102 2704 2236 2743 cum
2267 2686 2467 2743 eadem
2503 2702 2629 2759 quze
2662 2685 2745 2740 illi
2773 2685 3050 2754 sentiant,
3073 2684 3413 2740 eorumdem
3447 2701 3550 2741 no-

1901 2778 2128 2834 minum
2161 2776 2418 2831 heredes
2450 2791 2565 2830 non
2584 2774 2732 2830 fiunt
2752 2774 3093 2846 ?Siquidem
3121 2788 3355 2846 aequum
3379 2772 3547 2829 estil-

1898 2865 1987 2922 los
2017 2865 2281 2938 ipsorum
2312 2863 2502 2918 vocari
2536 2861 2793 2930 nomine,
2826 2877 3076 2934 quorum
3110 2876 3440 2934 perversam
3464 2875 3549 2917 se-

1900 2943 2165 3029 quuntur
2186 2951 2561 3023 sententiam,
2592 2954 2659 3006 ut
2678 2952 2802 3023 jam
2833 2949 3109 3022 deinceps
3128 2949 3548 3015 Valentiniani,

1897 3041 2278 3099 Marcionistaa
2319 3045 2374 3097 et
2403 3039 2699 3095 Manichtei
2732 3039 3077 3095 vocitantur.
3114 3040 3277 3094 Forte
3301 3039 3455 3094 enim
3475 3039 3549 3095 ob

1896 3133 2131 3189 illorum
2168 3127 2792 3187 nominuminfamiam
2817 3129 3250 3194 erubescentes,
3274 3127 3512 3184 animad
3532 3161 3544 3169 -

1893 3227 2112 3279 vertere
2126 3219 2515 3294 poturruntin
2540 3222 2826 3292 quantum
2853 3217 3171 3290 impietatis
3186 3218 3542 3290 profundum

132 3285 311 3347 οὕτως
339 3282 430 3340 διὰ
457 3285 558 3354 τήν
587 3289 697 3340 τῶν
748 3283 1033 3358 ὀνομάτων
1083 3280 1349 3339 δυσωδίαν
1392 3280 1782 3358 ,αἰσχυνόμενοι

1911 3280 2229 3370 :eciderint.
2258 3310 2365 3364 Par
2388 3325 2529 3365 sane
2558 3280 2766 3364 fuisset
2796 3280 2956 3362 nihil.
2975 3280 3233 3380 amplius
3282 3305 3399 3363 illis
3453 3324 3542 3363 rc-

129 3389 474 3452 κατανοῆσαι
524 3379 846 3453 δυνηθῶσιν,
899 3381 978 3443 εἲς
1018 3383 1142 3437 ὅσον
1197 3380 1359 3457 βάθος
1405 3375 1649 3442 ἀσεϐείας
1688 3399 1784 3434 πε-

128 3471 405 3527 πτώκασι.
438 3470 543 3528 Καὶ
581 3471 648 3541 ἦν
686 3470 782 3545 μὶν
814 3469 1020 3526 δίκαιον
1048 3470 1239 3545 μηκέτι
1288 3468 1503 3531 τούτοις
1549 3467 1783 3544 ἀποκρί-

127 3562 344 3633 νασθαι,
376 3560 513 3616 κατᾶ
539 3563 639 3630 τὴν
668 3560 977 3637 παραίνεσιν
1008 3561 1106 3629 τὴν
1139 3556 1666 3631 ἀποστολικήν·(84)
1695 3558 1785 3614 Ai-

135 3650 348 3727 ρετικὸν
419 3651 709 3725 ἄνθρωπον
782 3651 916 3722 μετᾶ
986 3649 1108 3723 μίαν
1171 3648 1261 3703 καὶ
1329 3647 1577 3717 δευτέραν
1653 3667 1783 3701 νου-

133 3738 314 3795 θεσίαν
374 3743 662 3815 παραιτοῦ,
715 3736 899 3806 εἰδὼς,
957 3736 1040 3793 ὅτι
1111 3737 1455 3813 ἐξέστραπται
1520 3737 1549 3791 ὁ
1602 3739 1784 3791 τοιοῦ-

129 3850 270 3902 τος,
328 3828 420 3884 καὶ
495 3827 789 3905 ἁμαρτάνει
861 3826 936 3882 ὣν
997 3827 1490 3903 αὐτοκατάκριτος·
1551 3823 1787 3899 μάλιστα

133 3917 219 3973 ὅτι
268 3918 360 3973 καὶ
550 3917 578 3972 ὁ
608 3918 900 3994 προφήτης
940 3915 1063 3991 περὶ
1122 3920 1228 3971 τῶν
1277 3914 1538 3971 τοιούτων
1599 3913 1782 3993 φησίν·

130 4017 196 4074 Ὀ
253 4014 440 4089 μωρὸς
504 4013 663 4090 μωρὰ
719 4012 971 4086 λαλήσει,
1004 4014 1092 4068 καὶ
1150 4015 1184 4084 ἠ
1240 4010 1436 4090 καρδία
1475 4012 1638 4068 αὐνοῦ
1691 4011 1787 4087 μά-

128 4127 251 4162 τωα
299 4105 508 4174 νοήσει·
538 4100 727 4172 ἐπειδὴ
778 4099 834 4158 δὲ
868 4105 979 4177 (86)
1009 4101 1145 4158 κατὰ
1188 4104 1279 4158 τὸν
1336 4103 1640 4180 ἡγούμενον
1691 4100 1787 4156 αὐ-

140 4201 249 4252 τῶν
286 4192 669 4270 περιέρχονται
722 4192 811 4249 καὶ
863 4192 1039 4264 αὐτοὶ,
1072 4193 1146 4256 ὡς
1205 4192 1440 4265 λέοντες,
1500 4196 1785 4262 ζητοῦντες

126 4296 257 4350 τίνα
316 4291 618 4348 καταπίωσι
676 4296 784 4347 τῶν
841 4291 1125 4368 ἀκεραίων·
1172 4291 1369 4348 τούτου
1410 4290 1584 4347 ἓνεκεν
1632 4290 1785 4367 ἀναγ-

127 4387 289 4439 καῖον
320 4382 539 4458 γέγονεν
572 4383 707 4455 ἡμῖν
763 4382 832 4455 τῇ
1001 4376 1255 4454 εὐλαϐείᾳ
1305 4381 1649 4458 ἀντιγράψαι,
1675 4377 1787 4451 ἵνα,

1887 3400 2202 3474 spondere,
2236 3398 2318 3454 uti
2351 3397 2665 3470 Apostolus
2695 3396 2790 3453 his
2819 3395 3011 3452 verbis
3043 3398 3281 3452 monet:
3316 3395 3549 3452 «Hazre-

1891 3489 2077 3545 ticum
2118 3487 2416 3543 hominem
2450 3490 2781 3558 postunam
2811 3489 2868 3540 et
2898 3484 3266 3541 secundam?
3287 3484 3386 3541 29
3417 3501 3541 3540 cor-

1892 3577 2215 3651 reptionem
2248 3576 2460 3641 devita,
2494 3575 2685 3631 sciens
2730 3574 2867 3647 quia
2922 3574 3242 3630 subversus
3295 3579 3387 3630 est
3441 3572 3542 3645 qui

1893 3666 2184 3740 ejusmodi
2212 3669 2319 3734 est,
2353 3667 2410 3720 et
2432 3662 2724 3737 delinquit
2754 3660 2886 3719 cum
2920 3662 2997 3719 sit
3028 3679 3094 3719 eo
3118 3662 3245 3735 ipso
3266 3662 3541 3719 condem-

1894 3759 2073 3814 natus
2092 3755 2139 3790 ⁸³
2161 3773 2174 3811 :
2200 3776 2227 3805 »
2264 3754 2515 3809 maxime
2538 3768 2671 3808 cum
2699 3751 2869 3809 etiam
2902 3752 3188 3825 propheta
3217 3752 3288 3807 de
3332 3751 3540 3807 iisdem

1896 3845 2086 3902 dieat:
2120 3843 2331 3900 Stultus
2360 3844 2528 3898 stulta
2561 3843 2833 3914 loquetur.
2874 3845 2930 3896 et
2957 3857 3050 3896 cor
3078 3842 3196 3912 ejus
3226 3856 3371 3895 vana
3399 3842 3543 3910 cogi-

1894 3935 2033 3991 tabit
2060 3934 2125 3989 ⁸³.
2156 3933 2372 3987 Verum
2399 3947 2533 3986 cum
2576 3930 2686 3997 illi,
2717 3930 2886 3986 ducis
2935 3929 3027 3985 sui
3065 3927 3331 4001 exemplo
3386 3927 3544 3984 velut

1892 4024 2094 4081 leones
2123 4021 2507 4089 circumeant,
2540 4022 2867 4092 quaerentes
2919 4034 3094 4091 quem
3154 4034 3184 4073 e
3223 4016 3544 4089 simplicio-

1897 4113 2062 4170 ribus
2102 4113 2381 4168 devorent
2401 4109 2708 4176 3‘,idcirco
2755 4106 3149 4164 necessarium
3209 4105 3378 4162 nobis
3437 4107 3547 4163 fuit

1896 4207 2013 4260 tuae
2045 4200 2244 4274 pietati
2285 4199 2623 4260 reseribere.
2658 4201 2722 4253 ut
2754 4198 2962 4253 fratres
3009 4201 3111 4253 tua
3154 4195 3370 4252 iterum
3427 4196 3546 4253 ins-

1896 4291 2071 4349 tructi
2106 4287 2526 4359 admonitione,
2559 4303 2761 4343 eorum
2796 4286 3132 4342 futilitatem
3173 4284 3363 4359 magis
3421 4303 3544 4342 ma-

1900 4381 2106 4454 gisque
2144 4377 2608 4451 deprehendant.

127 4472 302 4529 πάλιν
337 4469 429 4527 διὰ
454 4478 554 4542 τῆς
580 4479 678 4543 σῆς
707 4470 985 4537 νουθεσίας
1166 4472 1426 4546 μαθόντες
1451 4473 1497 4526 οἱ
1532 4468 1782 4546 ἀδελφοὶ,
1813 4467 2291 4544 καταγινώσκωσιν
2324 4464 2410 4520 ἐπὶ
2461 4463 2652 4520 πλεῖον
2699 4470 2800 4534 τῆς
2847 4462 3065 4519 ἐκείνων
3127 4464 3542 4542 ματαιολογίας.

205 4565 258 4620 3.
297 4561 375 4618 Οὐ
433 4560 632 4634 κτίσμα
687 4566 1129 4637 προσκυνοῦμεν·
1177 4562 1253 4635 μὴ
1311 4560 1554 4636 γὲνοιτοῐ
1606 4561 1782 4623 Ἐθνι-

129 4656 247 4709 κῶν
294 4649 396 4726 γὰρ
444 4649 533 4705 καὶ
566 4652 849 4724 Ἀρειανῶν
901 4653 936 4721 ἡ
976 4650 1202 4722 τοιαύτη
1247 4649 1428 4720 πλάνη
1456 4667 1470 4682 ·
1505 4647 1650 4705 ἀλλά
1697 4649 1786 4703 τὸν

1972 4562 2026 4616 3.
2063 4560 2260 4630 Itaque
2290 4573 2411 4612 rem
2452 4559 2705 4613 creatam
2756 4571 2871 4611 non
2939 4555 3291 4613 adoramus:
3352 4557 3543 4614 absit!

1902 4649 2284 4705 Ethnicorum
2309 4644 2465 4702 enim
2506 4648 2563 4701 et
2596 4644 2934 4701 Arianorum
2968 4649 3055 4702 est
3082 4645 3426 4718 hujusmodi
3456 4663 3544 4702 er-

128 4721 343 4815 Κύριον
369 4721 474 4808 ’τῆς
504 4721 729 4804 κτίσεως
759 4738 1096 4818 ςαρκωθὲντα
1150 4740 1241 4795 τὸν
1291 4742 1390 4794 τοῦ
1432 4743 1567 4795 Θεοῦ
1618 4737 1788 4815 Λόγον

1911 4755 2013 4795 ror.
2049 4738 2158 4794 Sed
2189 4751 2383 4792 rerum
2417 4739 2749 4791 creatarum
2784 4734 3121 4807 Dominum,
3174 4751 3411 4793 carnem
3456 4737 3544 4793 fa-

128 4823 575 4908 προσκυνοῦμεν.
606 4827 671 4883 Ei
725 4828 826 4904 γὰρ
1054 4828 1143 4883 καὶ
1200 4830 1235 4899 ἡ
1295 4828 1423 4906 σάρξ
1477 4827 1613 4897 αὐτή
1670 4828 1789 4883 καθ’

1896 4831 2083 4896 ctum,
2118 4825 2213 4882 Dei
2247 4824 2499 4882 Verbum
2534 4824 2870 4882 adoramus.
2903 4824 3026 4881 Etsi
3059 4825 3213 4881 enim
3243 4825 3372 4899 ipsa
3410 4842 3543 4884 caro

200 5002 250 5038 7'
282 5005 305 5055 Ι
338 4998 491 5056 Tim.
524 5015 610 5071 ιιι,
642 5000 696 5056 8.
772 5000 819 5036 ⁸ο
848 5000 1001 5057 Psal.
1036 5018 1221 5073 Lxxxl,
1252 5002 1308 5058 5.
1385 5002 1616 5058 “Joan.
1652 5018 1691 5070 ι,
1720 5001 1802 5055 ili.

1911 4998 2067 5055 'Tit.
2104 5014 2189 5065 ιιι,
2222 4996 2308 5065 10,
2345 4997 2429 5052 11.
2507 4995 2553 5031 ⁸³
2586 4997 2698 5055 Isa.
2730 5014 2904 5066 χχχιι,
2930 4997 2985 5053 6.
3062 4998 3109 5033 ⁸⁸
3141 4998 3162 5054 Ι
3197 4998 3346 5056 Petr.
3387 5015 3442 5072 ν,
3486 5002 3539 5057 8.

225 5169 320 5240 80)
355 5166 600 5239 Anglio.,
630 5163 915 5240 ἀδόκιμον.

225 5173 320 5240 80)
355 5173 600 5239 Anglio.,
630 5173 915 5240 ἀδόκιμον.

201 5173 323 5315 ί81)
350 5239 439 5295 Sic
470 5240 810 5315 §eguerian.
842 5240 955 5315 A_li_i
988 5243 1057 5315 et,
1097 5241 1237 5315 editi
1293 5241 1642 5315 particulam
1698 5239 1789 5315 καί

123 5310 440 5374 omittunt.
476 5310 737 5369 In’Gohl.
766 5316 824 5370 et
853 5311 1003 5368 Felc.
1040 5313 1090 5381 1,
1124 5312 1265 5381 haec,
1293 5310 1516 5383 ἆληθῶς
1544 5310 1790 5376 ποθεινό-

120 5405 281 5449 τατε,
311 5384 546 5439 desunt.

203 5456 323 5530 (82)
356 5454 762 5527 Segueriauus,
780 5454 1125 5512 Basilionsis
1154 5469 1206 5511 et
1228 5454 1610 5529 Anglicanus,
1626 5460 1790 5510 Μανι-

129 5529 345 5606 χαίρει·

206 5600 324 5673 (83)
358 5597 769 5673 Seguerianus,
802 5592 1089 5673 τὸόνομα.
1124 5599 1274 5654 Mox.
1295 5598 1597 5672 Μανιχαῖοι
1629 5599 1793 5657 deest

128 5674 194 5729 in
215 5669 373 5728 edit.
405 5669 687 5727 Commel.
720 5675 777 5726 et
808 5669 950 5727 Felc.
989 5671 1040 5725 1.

210 5743 329 5815 (84)
360 5740 755 5815 Seguerianus
785 5742 951 5798 addit
978 5741 1079 5810 τὴν
1106 5738 1394 5815 λέγουσαν.

1967 5168 2083 5235 (85)
2112 5165 2522 5235 Seguerianus,
2553 5164 2643 5219 καὶ
2673 5164 2754 5221 ὅτι
2786 5166 2898 5236 καί,
2930 5171 3042 5225 etc.

1973 5241 2085 5311 (86)
2116 5240 2471 5313 biic‘Seglier.
2510 5238 2683 5295 Basil.
2720 5240 3094 5313 Anglicanus.
3131 5243 3240 5299 Alii
3289 5247 3347 5299 et
3400 5244 3538 5302 edit.

1898 5305 2179 5367 Commel.
2215 5305 2271 5363 δὲ
2293 5305 2590 5367 omittunt.
2807 5305 2835 5313 ν
3132 5315 3134 5318 ’

1974 5383 2084 5454 (87)
2115 5382 2523 5458 Seguerianus,
2575 5382 2858 5458 apvécawc.
2908 5388 2993 5458 Ex
3048 5385 3248 5442 eodem
3298 5387 3541 5458 ibidem,

1898 5471 2099 5509 vocem
2133 5459 2253 5521 σῆς,
2283 5471 2408 5523 quae
2460 5455 2518 5509 in
2570 5454 2701 5511 aliis
2749 5460 2806 5511 et
2850 5457 3018 5512 editis
3063 5458 3246 5528 deest,
3280 5454 3539 5518 restitui;

1902 5544 2056 5582 mus.
2102 5526 2232 5580 Mox
2263 5527 2388 5597 Seg.
2417 5526 2588 5583 Basil.
2622 5521 2698 5581 ἔτι
2733 5529 2909 5585 haent
2939 5547 3042 5597 pro
3072 5529 3177 5585 ἐπί.

2046 5568 2076 5602 ,ἢ
2106 5547 2232 5602 ιιιιρχ
2249 5547 2388 5602 _aeg.
2418 5547 2588 5602 ῠᾶεμ.
2735 5547 2909 5585 naent
2939 5547 3042 5602 pro
3072 5547 3177 5585 επι.

1974 5600 2085 5667 (δὸ)
2117 5597 2480 5675 Θὶοᾲὸοευοικ
2518 5600 2691 5675 Basil.
2731 5597 3107 5675 Anglicanus.
3169 5604 3357 5663 Editio
3403 5621 3538 5663 vero

1898 5668 2180 5726 Commel.
2202 5668 2366 5727 Gobl.
2400 5674 2459 5727 et
2488 5673 2635 5732 Felc.
2664 5674 2715 5746 1,
2745 5673 2807 5728 Ἦ
2822 5668 2956 5750 Ἷγάρ.
