4048 6422
420 528 572 589 10ῖὸ

954 530 1017 589 8.
1068 528 1497 591 A'l‘llANASll
1545 527 1716 589 OPP.
1765 523 1964 585 PARS
2012 522 2059 582 Ι.
2103 555 2174 565 -
2210 522 2624 588 IllSTURlCA
2672 530 2770 590 ET
2818 528 3288 591 DUGMATICA.

3680 528 3835 591 1076

422 679 688 719 seorsum
721 670 1006 734 spectata.
1032 680 1166 734 pars
1195 662 1273 717 sit
1321 677 1516 718 rerum
1561 663 1911 725 creatarum,
1975 659 2063 711 at—

2198 656 2376 724 ιαυτήν
2411 657 2575 733 μέρος
2604 657 2715 715 ἐστὶ
2762 664 2869 715 τῶν
2918 661 3257 734 κτισμάτων,
3290 657 3437 716 ἀλλὰ
3484 664 3617 716 Θεοῦ
3664 661 3826 736 γέγο-

425 757 622 807 tamen
655 752 750 808 Dei
783 753 935 806 facta
962 758 1051 806 est
1080 768 1313 823 corpus.
1346 755 1547 821 Neque
1569 765 1700 804 vero
1723 742 2067 818 hujusmodi

427 858 641 912 corpus
670 858 705 896 a
734 841 918 896 Verbo
949 841 1273 897 dividentes
1314 841 1651 906 adoramus,
1695 853 1884 908 neque
1932 850 2067 889 cum

430 932 684 985 Verbum
719 929 990 984 volumus
1029 928 1292 998 adorare,
1322 927 1517 1000 ipsum
1549 945 1583 982 a
1609 942 1781 982 carne
1815 939 2068 979 remove-

428 1036 602 1075 mus:
635 1019 761 1085 sed,
794 1023 858 1073 ut
885 1018 1158 1090 superius
1179 1016 1458 1083 diximus,
1493 1015 1633 1081 haec,
1671 1015 1901 1069 Verbum
1944 1025 2069 1066 caro

425 1112 641 1180 factum
667 1116 770 1178 est,
805 1124 920 1162 non
953 1107 1314 1180 ignorantes,
1350 1106 1500 1160 idem
1524 1103 1777 1159 Verbum
1811 1103 1869 1156 in
1897 1115 2070 1156 carne

426 1200 740 1267 exsistens,
773 1199 957 1255 Deum
991 1199 1387 1269 agnoscimus.
1421 1196 1565 1263 Quis
1611 1211 1747 1266 ergo
1797 1194 1940 1249 adeo
1969 1193 2067 1248 de-

427 1305 597 1344 mens
625 1288 722 1355 sit,
750 1292 815 1343 ut
856 1288 1101 1343 Domino
1132 1287 1286 1341 dicat
1310 1312 1324 1352 ;
1347 1284 1565 1341 Recede
1587 1300 1619 1338 a
1649 1298 1890 1355 corpore
1921 1286 1985 1335 ut
2014 1284 2071 1336 te

424 1377 712 1434 adorem?
741 1375 842 1432 Vel
873 1375 1007 1447 quis
1025 1392 1092 1431 eo
1139 1375 1372 1430 devenit
1422 1371 1766 1445 impietatis,
1819 1375 1885 1426 ut
1931 1386 2065 1426 cum

424 1465 651 1521 insanis
678 1465 902 1520 Judazis
927 1464 1115 1520 eidem
1149 1468 1381 1535 propter
1403 1478 1619 1534 corpus
1663 1461 1818 1516 dicat
1846 1476 1861 1515 :
1893 1459 2072 1528 Quare

424 1560 505 1625 tu,
530 1554 686 1611 homo
707 1570 834 1609 cum
857 1555 955 1620 sis,
987 1554 1126 1625 facis
1157 1555 1389 1623 teipsum
1420 1556 1598 1607 Deum
1618 1550 1704 1605 ⁸⁸⁸2
1749 1548 1924 1620 Atqui
1983 1552 2070 1603 ta-

427 1644 503 1701 lis
536 1661 650 1698 non
687 1643 794 1699 fuit
823 1641 1246 1714 leprosusille;
1298 1646 1477 1696 Deum
1524 1639 1682 1694 enim
1722 1638 1781 1694 in
1830 1653 2073 1710 corpore

425 1734 771 1790 existentem
802 1732 1085 1799 adoravit,
1117 1745 1370 1801 eumque
1404 1734 1581 1784 Deum
1610 1744 1740 1784 esse
1768 1727 1862 1782 his
1892 1742 2070 1799 agno~

428 1822 511 1877 vit
548 1822 741 1877 verbis
765 1838 779 1876 :
813 1821 1061 1890 Domine,
1079 1822 1129 1874 si
1150 1821 1254 1884 vis,
1282 1822 1432 1890 potes
1460 1833 1547 1873 me
1575 1817 1851 1873 mundare
1869 1815 1934 1870 ⁸⁸.
1958 1815 2072 1870 Nec

427 1928 562 1967 vero
584 1910 683 1966 ille
714 1909 812 1965 Dei
832 1908 1087 1965 Verbum
1119 1908 1439 1964 arbitratus
1457 1912 1548 1962 est
1576 1911 1813 1978 propter
1834 1920 2070 1961 carnem

2178 763 2234 797 νε
2261 748 2437 816 σῶμα.
2475 746 2570 801 Καὶ
2598 744 2723 802 οὗτε
2748 749 2811 803 τὸ
2836 753 3081 804 τοιοῦτον
3122 754 3283 822 σῶμα
3325 749 3449 804 καθ’
3478 749 3633 804 ἑαυτὸ
3681 746 3828 805 διαι-

2178 836 2398 905 ροῦντες
2428 835 2534 891 ἀπὸ
2574 839 2685 910 (89)
2730 842 2826 893 τοῦ
2875 838 3057 910 Λόγου
3099 843 3533 911 προσκυνοῦμεν·
3564 836 3687 893 οὔτε
3732 841 3824 894 τὸν

2180 922 2351 996 Λόγον
2397 934 2768 996 προσκυνῆσαι
2812 926 3079 998 θέλοντες,
3117 931 3459 1005 μακρύνομεν
3505 929 3665 983 αὐτὸν
3717 927 3827 983 ἀπὸ

2178 1012 2275 1078 τῆς
2321 1014 2533 1087 σαρκός*
2585 1012 2713 1070 ἀλλ’
2764 1013 2988 1085 εἰδότες,
3032 1017 3168 1072 καθά
3223 1016 3579 1092 προείπομεν,
3629 1017 3715 1084 τὸ,
3765 1018 3827 1075 Ὀ

2179 1100 2360 1175 Λόγος
2420 1104 2547 1179 σὰρξ
2601 1103 2827 1180 ἐγένετο,
2883 1110 3076 1162 τοῦτον
3132 1106 3225 1161 καὶ
3282 1105 3334 1160 ἐν
3383 1106 3538 1181 σαρκὶ
3596 1104 3826 1180 γενόμε-

2179 1210 2288 1258 νον,
2321 1188 2746 1267 ἐπιγινώσκομεν
2777 1194 2929 1252 Θεόν.
2961 1195 3058 1257 Τίς
3086 1199 3372 1271 τοιγαροῦν
3416 1193 3588 1256 οὕτως
3638 1192 3824 1271 ἄφρων

2180 1276 2341 1350 ἐστὶν,
2368 1281 2443 1345 ὡς
2501 1278 2674 1359 λέγειν
2894 1288 2973 1357 τῷ
3023 1284 3232 1360 Κυρίῳ·
3282 1283 3521 1339 Ἀπόστα
3568 1284 3674 1338 ἀπὸ
3729 1288 3829 1339 τοῦ

2179 1367 2571 1440 σώματος,’ίνα
2602 1391 2660 1426 σε
2706 1374 3111 1448 προσκυνήσω;
3144 1374 3212 1431 Ἢ
3260 1371 3343 1435 τίς
3393 1372 3567 1436 οὕτως
3627 1366 3829 1443 ἀσεϐής

2179 1454 2346 1527 ἐστιν,
2377 1458 2452 1522 ὡς
2482 1461 2617 1532 μετὰ
2644 1464 2752 1516 τῶν
2804 1462 3053 1539 ἀφρόνων
3090 1459 3365 1520 Ἰουδαίων
3417 1459 3506 1516 διὰ
3551 1462 3613 1516 τὸ
3666 1467 3830 1535 σῶμα

2179 1543 2354 1621 λέγειν
2423 1547 2739 1621 αὐτῷοΔιό.
2801 1550 2854 1605 τί
2928 1549 3028 1621 σὺ,
3099 1548 3383 1622 ἅνθρωπος
3466 1547 3580 1623 ὢν,
3648 1556 3830 1614 ποιεῖς

2182 1636 2401 1690 σεαυτὸν
2457 1638 2623 1706 Θεόν;
2660 1638 2819 1694 Ἀλλ’
2871 1638 2934 1693 οὗ
2989 1643 3237 1702 τοιοῦτος
3295 1640 3324 1694 6
3378 1637 3616 1714 λεπρός·
3653 1658 3828 1713 προσ-

2181 1723 2353 1778 εκόνει
2411 1726 2516 1802 γὰρ
2572 1728 2665 1782 τὸν
2724 1729 2840 1801 (91)
2867 1728 2998 1784 Θεὸν
3049 1727 3101 1783 ἐν
3151 1729 3365 1801 σώματι
3396 1723 3544 1797 ὄντα,
3575 1728 3666 1783 καὶ
3724 1725 3833 1804 ἐγίο

2180 1833 2401 1884 νωσκεν,
2433 1813 2516 1869 ὅτι
2570 1817 2698 1881 Θεὸς
2758 1817 2848 1886 ἦν,
2878 1816 3073 1895 λέγων·
3110 1817 3296 1894 Κύριε,
3355 1816 3441 1872 ἐὰν
3494 1815 3684 1892 θέλῃς,
3730 1813 3829 1871 δύο

2180 1902 2332 1956 νασαί
2392 1924 2459 1977 με
2515 1907 2821 1981 καθαρίσαι.
2866 1907 2965 1962 Καὶ
3023 1904 3151 1963 οὔτε
3208 1904 3297 1962 διὰ
3339 1907 3440 1975 τήν
3488 1906 3657 1982 σάρκα
3706 1904 3834 1961 ἐνό-

422 2017 544 2057 rem
575 2004 827 2056 creatam
851 2014 999 2066 esse,
1015 2014 1120 2053 nec
1141 1997 1279 2070 quia
1306 1996 1560 2052 Verbum
1590 2012 1783 2052 rerum
1803 1995 2068 2051 omnium

2198 2011 2307 2046 ιισε
2335 1993 2536 2066 κτίσμα
2563 1994 2655 2050 τὸν
2697 1993 2792 2051 τοῦ
2836 2000 2969 2052 Θεοῦ
3017 1996 3219 2072 Λόγον·
3254 1993 3379 2052 οὔτε
3431 1992 3520 2051 διὰ
3573 1996 3636 2051 τὸ
3692 1996 3834 2051 εἶναι

422 2094 755 2145 creatarum
777 2087 969 2159 opifex
1004 2091 1114 2153 est,
1173 2102 1408 2141 carnem
1449 2101 1566 2156 qua
1621 2084 1899 2140 indutum
1946 2089 2075 2140 erat

2198 2079 2275 2134 :6v
2306 2080 2478 2157 Λόγον
2512 2080 2855 2160 δημιουργὸν
2883 2084 3062 2155 πάσης
3283 2083 3531 2155 κτίσεως,
3564 2082 3833 2158 ἐξουθενει

420 2176 762 2248 vilipendit;
794 2176 896 2232 sed
943 2175 1203 2231 universi
1257 2178 1593 2231 Creatorem
1660 2180 1944 2246 tanquam
2012 2172 2072 2227 in

425 2271 619 2321 creato
649 2263 866 2335 templo
897 2263 1178 2330 adoravit,
1232 2263 1592 2335 affectusque
1644 2261 1902 2318 mundus
1952 2262 2077 2334 ipse

431 2359 541 2411 est.
565 2353 658 2408 Sic
679 2353 856 2409 etiam
886 2352 1119 2419 mulier,
1150 2369 1281 2424 qua:
1301 2351 1609 2425 sanguinis
1644 2351 1863 2407 ﬂuxum
1901 2350 2079 2423 patie-

433 2445 632 2505 batur.
663 2442 929 2511 credidit,
956 2442 1245 2513 tectisque
1274 2441 1685 2498 tantummodo
1727 2441 1857 2511 ejus
1903 2439 2081 2495 vestis

441 2530 713 2597 ﬁmbriis,
746 2535 953 2586 sanata
997 2536 1089 2585 est
1109 2531 1193 2584 '7?
1256 2545 1414 2585 mare
1468 2529 1743 2585 similiter
1791 2528 2081 2601 agitatum

443 2619 720 2675 ﬂuctibus
751 2618 973 2674 audivit
1004 2620 1258 2674 Verbum
1272 2635 1504 2674 carnem
1531 2618 1851 2686 factum,ac
1883 2617 2085 2673 sedata

446 2712 767 2780 tempestas
798 2707 983 2763 est":
1019 2723 1204 2762 caecus
1252 2706 1392 2762 item
1442 2713 1614 2761 natus
1670 2711 1842 2776 sputo
1891 2705 2086 2761 carnis

445 2801 690 2854 sanatus
718 2813 754 2852 a
782 2795 971 2851 Verbo
999 2803 1092 2851 est
1118 2796 1183 2851 ⁸⁸.
1215 2795 1377 2860 Quod
1419 2800 1616 2851 autem
1673 2796 1867 2865 majus
1905 2799 1994 2850 est
2029 2798 2088 2849 et

446 2884 1195 2955 admirabilius,(fortussis
1225 2884 1380 2939 enim
1426 2884 1485 2938 id
1545 2882 1920 2955 implissimis
1970 2882 2084 2937 illis

444 2974 793 3031 scandalum
828 2974 958 3045 fuit)
990 2973 1164 3029 etiam
1200 2973 1257 3028 in
1288 2973 1420 3044 ipsa
1440 2989 1609 3029 cruce
1641 2974 1931 3044 pendente
1973 2972 2084 3027 Do-

442 3065 627 3132 mino,
660 3063 819 3133 (nam
841 3063 970 3133 ejus
1001 3067 1127 3118 erat
1156 3079 1389 3135 corpus,
1432 3064 1488 3117 in
1548 3079 1731 3133 eoque
1767 3067 1892 3117 erat
1945 3059 2084 3115 Ver-

442 3153 609 3222 bum)
666 3151 753 3207 sol
804 3153 1155 3207 obscuratus
1211 3157 1320 3217 est,
1369 3157 1523 3207 terra
1568 3151 1833 3229 tremuit,
1916 3155 2086 3221 petras

443 3241 640 3296 scissas
671 3245 811 3295 sunt
828 3247 890 3295 ut
910 3247 968 3295 et
984 3240 1183 3310 templi
1211 3241 1423 3305 velum,
1448 3246 1506 3295 et
1533 3238 1717 3295 multa
1746 3244 2085 3295 sanctorum

442 3343 705 3399 corpora,
739 3329 838 3399 qui
865 3327 1244 3397 dormierunt,
1276 3333 1655 3382 surrexerunt
1674 3329 1737 3382 °°.

520 3508 570 3561 4.
606 3510 736 3562 Haec
766 3506 1001 3577 quidem
1033 3506 1115 3561 ita
1139 3505 1451 3578 contigere,
1476 3507 1912 3579 nemoque,utri
1937 3523 2093 3563 nunc

451 3596 670 3652 audent
699 3594 920 3662 Ariani,
953 3611 1151 3650 secum
1184 3595 1493 3661 dubitavit,
1536 3601 1733 3650 utrum
1791 3595 2092 3652 incarnato

452 3684 642 3740 Verbo
673 3684 1031 3740 credendum
1067 3689 1122 3738 et
1151 3684 1474 3754 parendum
1501 3688 1683 3751 esset;
1716 3685 1818 3740 sed
1856 3684 1938 3740 illi
1990 3685 2094 3741 ho-

454 3774 671 3829 minem
706 3775 1024 3839 intuentes,
1058 3773 1326 3828 eumdem
1358 3772 1626 3846 opificem
1658 3789 1788 3829 esse
1816 3775 2093 3831 suumin-

453 3863 827 3933 telligebant:
866 3862 1306 3933 humanamque
1353 3862 1656 3918 audientes
1712 3879 1933 3931 vocem,
2003 3879 2097 3918 ne-

452 3968 747 4023 quaquam
783 3952 1350 4023 propterbumanam
1382 3956 1653 4006 naturam
1686 3950 1940 4007 Verbum
1971 3968 2093 4007 rem

451 4048 703 4097 creatam
738 4040 972 4096 aiebant
1002 4057 1153 4109 esse,
1186 4040 1285 4094 sed
1319 4038 1509 4112 magis
1559 4039 1731 4095 etiam
1792 4041 2099 4096 contremi-

448 4131 707 4198 scebant,
740 4146 993 4201 eumque
1020 4129 1201 4184 nihilo
1234 4129 1429 4185 secius
1453 4128 1856 4201 suspiciebant
1900 4145 1963 4186 se
1993 4132 2038 4186 si
2067 4147 2098 4186 e

447 4220 668 4292 templo
702 4224 907 4276 sancto
937 4218 1292 4290 loqueretur.
1327 4219 1444 4274 Cur
1470 4217 1652 4291 igitur
1682 4235 1794 4274 non
1825 4226 2101 4276 verentur

448 4309 616 4381 impii
649 4310 919 4365 homines
955 4324 1048 4373 ne,
1078 4310 1346 4364 sicutnon
1377 4309 1744 4379 probaverunt
1779 4308 1944 4364 Deum
1999 4310 2095 4365 ha-

450 4399 574 4453 bere
602 4400 662 4451 in
692 4399 914 4463 notitia,
940 4397 1249 4451 tradantur
1280 4400 1340 4452 in
1398 4397 1685 4468 reprobum
1739 4413 1982 4465 sensum,
2040 4407 2101 4453 ut

447 4490 662 4558 faciant
688 4503 754 4540 ea
784 4500 910 4557 qum
947 4501 1053 4540 non
1103 4484 1529 4540 conveniunt"?
1586 4485 1702 4540 Nec
1760 4485 1916 4542 enim
1976 4504 2094 4543 rem

449 4582 703 4631 creatam
736 4575 940 4629 adorat
970 4590 1061 4628 res
1078 4580 1291 4639 creata,
1318 4590 1506 4644 neque
1530 4590 1734 4629 rursus
1759 4574 1832 4629 ob
1862 4591 2094 4633 carnem

454 4667 764 4720 Dominum
798 4680 970 4719 suum
1008 4664 1222 4733 relugit
1253 4664 1528 4727 adorare;
1553 4663 1653 4717 sed
1694 4662 1835 4718 vidit
1881 4664 1937 4719 in
1971 4682 2095 4720 cor-

2181 2170 2281 2238 τὴν
2339 2172 2530 2244 σάρκα,
2578 2175 2639 2242 ἢν
2686 2171 3034 2248 ἐνδεδυμένος
3086 2175 3152 2244 ἦν
3180 2194 3193 2207 ·
3237 2170 3365 2228 ἀλλ’
3406 2173 3479 2237 ὡς
3528 2173 3580 2229 ἐν
3624 2177 3836 2245 κτιστῷ

2184 2262 2298 2331 ναῷ
2325 2259 2416 2315 τὸν
2448 2260 2669 2333 κτίστην
2700 2268 2798 2318 τοῦ
2829 2264 3033 2319 παντὸσ
3060 2263 3401 2337 προσεκύνει,
3435 2262 3526 2317 καὶ
3574 2260 3835 2337 ἐκαθαρί-

2191 2351 2330 2416 ζετο.
2364 2348 2555 2413 Οὕτως
2582 2352 2669 2406 καὶ
2704 2353 2738 2421 ἡ
2771 2350 3143 2429 αἰμορῥοοῦσα
3169 2353 3329 2427 γυνὴ,
3360 2350 3688 2407 πιστεύσασα
3741 2348 3834 2406 καὶ

2196 2435 2360 2509 μόνον
2391 2438 2640 2512 ἁψαμένη
2687 2444 2784 2495 τοῦ
2831 2438 3159 2516 κρασπέδου,
3194 2439 3338 2510 ἰάθη*
3372 2440 3462 2495 καὶ
3511 2442 3546 2509 ἡ
3601 2441 3697 2513 μὲν
3733 2440 3835 2493 θά-

2194 2523 2364 2581 λαττα
2392 2524 2756 2605 ἐπαφρίζουσα
2783 2534 2900 2592 τοῖς
2929 2529 3162 2603 κύμασιν
3213 2526 3417 2599 ἤκουσε
3470 2533 3569 2583 τοῦ
3621 2549 3838 2604 σαρκω-

2194 2614 2375 2676 θέντος
2424 2615 2622 2692 Λόγου,
2669 2618 2758 2672 καὶ
2805 2616 3072 2674 πέπαυται
3118 2622 3217 2674 τοῦ
3258 2622 3558 2693 χειμῶνος”
3588 2616 3616 2672 6
3664 2614 3723 2672 δὲ
3782 2615 3841 2670 ἐκ

2193 2710 2412 2777 γενετῆς
2471 2708 2583 2777 (93)
2631 2704 2859 2781 τυφλὸς,
2906 2706 3181 2780 πτύσματι
3227 2714 3328 2777 τῆς
3375 2706 3572 2782 σαρκὸς
3617 2704 3842 2780 τεθερά-

2197 2811 2384 2846 πευται
2438 2795 2584 2865 παρᾶ
2638 2799 2735 2849 τοῦ
2784 2794 2977 2871 Λόγου.
3012 2795 3114 2853 Καὶ
3156 2794 3220 2850 τό
3267 2816 3326 2870 γε
3374 2800 3557 2869 μεῖζον
3602 2793 3694 2849 καὶ
3743 2814 3843 2847 πα-

2199 2878 2550 2956 ραδοξότερον
2606 2880 2762 2957 (ἴσως
2805 2884 2906 2962 γὰρ
2952 2888 3113 2940 τοῦτο
3158 2885 3249 2939 καὶ
3293 2884 3423 2947 τοὺς
3454 2878 3846 2944 ἀσεϐεστατους

2197 2966 2594 3043 ἐσκανδάλισε),
2646 2971 2735 3025 καὶ
2793 2970 2874 3025 ἐπ’
2931 2971 3095 3026 αὐτοῦ
3150 2974 3247 3026 τοῦ
3301 2974 3531 3046 σταυροῦ
3561 2968 3847 3044 κρεμαμὲο

2197 3077 2293 3111 νου
2320 3062 2418 3112 τοῦ
2448 3059 2653 3134 Κυρίου
2684 3058 2870 3131 (αὑτοῦ
2898 3060 3000 3136 γὰρ
3030 3059 3097 3128 ἦν
3134 3058 3196 3114 τὸ
3239 3063 3419 3132 σῶμα,
3449 3058 3539 3115 καὶ
3587 3056 3640 3113 ἐν
3698 3057 3848 3129 αῦτῷ

2196 3146 2262 3216 ἦν
2288 3146 2317 3200 6
2349 3146 2563 3223 Λόγος),
2596 3149 2624 3203 6
2660 3148 2753 3219 μὶν
2788 3148 2950 3218 ἥλιος
2976 3147 3283 3218 ἐσκοτίσθη,
3315 3149 3351 3217 ἠ
3393 3145 3452 3203 δὶ
3498 3154 3570 3221 γῆ
3617 3146 3850 3220 ἐτρόμαο

2198 3257 2283 3291 σεν
2322 3240 2455 3322 (94),
2488 3238 2543 3292 αἱ
2592 3239 2783 3314 πέτραι
2833 3237 3186 3314 ἐσχίσθησαν,
3216 3237 3306 3293 καὶ
3354 3237 3418 3292 τὸ
3458 3238 3851 3292 καταπέτασαα

2197 3323 2295 3381 τοῦ
2323 3330 2455 3381 ναοῦ
2494 3325 2744 3402 ἐσχίσθη,
2776 3329 2863 3382 καὶ
2916 3324 3103 3382 πολλὰ
3150 3327 3379 3399 σώματα
3423 3330 3533 3380 τῶν
3581 3346 3850 3398 κεκοιμηο

2120 3383 2163 3451 C
2207 3413 2380 3488 μένῖυν
2411 3383 2825 3490 ὴίωεάνέστη.

2273 3506 2325 3561 4.
2356 3508 2532 3560 Ταῦτα
2586 3500 2645 3560 δὲ
2699 3502 2922 3580 γέγονε,
2981 3503 3073 3560 καὶ
3140 3500 3335 3572 οὐδεὶς,
3400 3501 3581 3577 ὥσπερ
3638 3506 3731 3556 νῦν
3791 3503 3853 3556 οἱ

2202 3593 2471 3669 Ἀρειανοὶ
2525 3591 2799 3666 τολμῶσι,
2848 3590 3219 3668 διελογίσατο,
3268 3592 3315 3647 εί
3377 3588 3458 3646 δεῖ
3516 3592 3855 3665 σαρκωθὲντι

2200 3689 2280 3754 τῷ
2330 3682 2490 3757 Λόγῳ
2532 3682 2825 3738 πείθεσθαι⁸
2859 3679 3008 3737 ἀλλὰ
3053 3682 3143 3735 καὶ
3188 3681 3473 3755 ἄνθρωπον
3529 3678 3853 3756 βλέποντες,

2204 3771 2565 3847 ἐπεγίνωσκον
2618 3770 2775 3827 αὐτὸν
2825 3767 2955 3826 ὄντα
3011 3768 3348 3846 δημιουργὸν
3377 3768 3575 3824 αὐτῶν·
3609 3768 3701 3824 καὶ
3762 3770 3856 3823 dvo

2205 3860 2484 3937 θρωπίνης
2514 3867 2699 3938 φωνῆς
2872 3857 3177 3928 ἀκούοντες,
3212 3858 3273 3914 οὐ
3325 3856 3414 3915 διὰ
3460 3858 3522 3913 τὸ
3573 3858 3856 3933 ἀνθρώπι-

2202 3972 2293 4004 νον
2326 3947 2538 4024 ἔλεγον,
2573 3949 2654 4004 ὅτι
2688 3950 2717 4004 6
2748 3949 2921 4026 Λόγος
2951 3948 3152 4023 κτίσμα
3181 3947 3341 4003 ἐστίν·
3377 3945 3526 4003 ἀλλὰ
3572 3948 3665 4002 καὶ
3712 3944 3858 4020 μᾶλ-

2206 4039 2303 4096 λον
2336 4036 2583 4115 ἔτρεμον,
2609 4036 2697 4093 καὶ
2729 4035 2884 4092 οὐδὲν
2918 4040 3078 4106 ἧττον
3113 4035 3426 4113 ἐγίνωσκον,
3449 4036 3483 4105 ἢ
3516 4035 3601 4091 ὅτι
3633 4037 3694 4091 ἐκ
3720 4040 3857 4090 ναοῦ

2204 4129 2359 4203 ἁγίου
2389 4127 2690 4206 ἐφθέγγετο.
2722 4131 2844 4189 Πῶς
2873 4126 3054 4181 τοίνυν
3089 4127 3141 4181 οἱ
3182 4120 3395 4188 ἀσεϐεῖς
3443 4126 3509 4181 οὐ
3554 4120 3856 4204 φοϐοῦνται

2208 4219 2311 4292 μὴ,
2340 4218 2520 4281 καθὼς
2566 4216 2665 4272 οὐκ
2710 4213 3036 4289 ἐδοκίμασαν
3094 4216 3186 4271 τὸυ
3245 4220 3376 4271 Θεὸν
3600 4212 3748 4290 ἔχειν
3801 4212 3859 4269 ἐν

2205 4308 2511 4384 ἐπιγνώσει,
2561 4303 2945 4381 παραδοθῶσιν
2997 4304 3073 4368 είς
3154 4301 3417 4377 ἀδόκιμον
3472 4308 3622 4371 νοῦν,
3674 4307 3859 4357 ποιεῖν

2203 4399 2272 4454 τὰ
2303 4399 2379 4473 μὴ
2412 4398 2718 4468 καθήκοντα
2747 4414 2761 4464 ;
2794 4395 2873 4453 Οὐ
2912 4397 3018 4473 γὰρ
3066 4395 3324 4467 κτίσματι
3369 4394 3404 4462 ἠ
3454 4393 3627 4455 κτίσίς
3683 4412 3859 4467 προσ·

2205 4493 2371 4544 κυνεῖ’
2405 4484 2527 4541 οὐδὲ
2558 4484 2721 4541 πάλιν
2773 4482 2864 4540 διὰ
2907 4486 3009 4554 τὴν
3058 4486 3228 4560 σάρκα
3265 4483 3559 4562 παρῃτεῖτο
3606 4483 3701 4538 τὸν
3752 4483 3860 4537 Κύ-

2209 4599 2320 4654 ριον
2355 4578 2546 4645 ἑαυτῆς
2575 4579 2916 4651 προσκυνεῖν,
2948 4574 3096 4630 ἀλλὰ
3133 4575 3226 4629 τὸν
3278 4575 3469 4642 tauri;
3516 4570 3865 4647 δημιουργὸν

2207 4662 2433 4723 ἔϐλεπεν
2466 4664 2516 4718 ἐν
2549 4664 2784 4735 σώματι”
2814 4663 2903 4717 καὶ
2936 4661 2987 4718 ἐν
3018 4667 3098 4735 τῷ
3132 4662 3358 4734 ὀνόματι
3390 4663 3570 4731 Ἰησοῦ
3622 4662 3865 4736 Χριστοῦ

453 4769 592 4828 pore
613 4757 939 4808 Creatorem
973 4769 1172 4818 suum,
1195 4759 1373 4823 atque
1394 4752 1453 4806 in
1478 4754 1713 4806 nomine
1747 4751 1889 4808 Jesu
1923 4771 2083 4811 omn:

2202 4762 2304 4811 πᾶν
2360 4755 2490 4831 γόνυ
2543 4749 2785 4826 ἔκαμπτε
2806 4754 2953 4826 ((97),
2997 4752 3086 4806 καὶ
3142 4751 3345 4825 κάμψει
3395 4747 3472 4820 δὲ,
3522 4748 3862 4824 ἐπουρανίων

523 4879 832 4941 “Joan.x,
864 4877 953 4949 33.
1028 4875 1440 4949 ‘°Malth,viu,
1494 4879 1548 4929 2.
1623 4876 1666 4910 ⁸⁷
1720 4876 1928 4935 Matth.
1983 4897 2059 4949 ιι,

2198 4900 2219 4939 ι.
2294 4883 2338 4918 ⁸⁸
2394 4880 2595 4936 Matth.
2662 4894 2787 4945 vm,
2845 4878 2934 4933 26.
3011 4878 3057 4913 ⁸⁸
3106 4878 3277 4934 Joan.
3337 4894 3414 4947 ιι,
3476 4878 3533 4933 6.
3610 4876 3654 4911 ’°
3712 4876 3855 4931 Luc.

451 4969 609 5017 xxm,
642 4952 740 5019 45;
778 4948 981 5004 Matth.
1014 4965 1165 5012 xxvx,
1195 4949 1285 5002 51.
1363 4948 1405 4982 9³
1428 4952 1595 5003 Rom.
1625 4964 1666 5016 ι,
1696 4949 1787 5003 28.

520 5077 632 5148 (89)
660 5075 751 5132 Sic
781 5074 1202 5148 Seguerianus._
1232 5073 1338 5128 Alii
1370 5079 1428 5148 et
1458 5073 1619 5148 editi.
1654 5070 1762 5148 διά.

517 5144 750 5229 (90λὸἰο
781 5144 1026 5229 Seguer;
1053 5144 1560 5229 'Basil.-{\nglican.
1580 5145 1754 5229 _Gobl.
1789 5150 1986 5229 Caeteri
2039 5155 2098 5229 et

445 5213 585 5274 edit.
616 5213 979 5296 Committi;
1007 5213 1421 5296 Xéypv._Paulo
1467 5223 1617 5296 post,
1659 5234 1870 5296 vocem
1924 5219 2094 5296 ἀφρό·

443 5311 549 5343 νων
572 5297 685 5357 Seg
740 5289 931 5359 Basil:
954 5288 1173 5359 Anglic.
1209 5288 1423 5344 habent
1458 5314 1471 5343 :
1506 5288 1603 5343 alii
1635 5296 1693 5344 et
1730 5292 1872 5347 editi
1918 5288 2093 5348 omit-

444 5370 597 5419 tunt.
638 5361 878 5424 lbidem,
913 5356 1001 5413 διὰ
1028 5356 1091 5413 τὸ
1141 5362 1302 5429 σῶμα
1331 5368 1456 5424 Seg.
1490 5360 1656 5415 Gobl'
1694 5362 1842 5417 Felc.
1901 5364 1952 5430 1,
1987 5366 2093 5420 ad-

445 5436 613 5499 dunt,
648 5451 773 5499 quis
803 5434 876 5489 ab
907 5432 1039 5489 aliis
1070 5437 1126 5489 et
1154 5433 1293 5487 edit.
1327 5432 1551 5489 Comm.
1586 5434 1821 5490 absunt.

517 5507 629 5575 (91)
660 5503 765 5560 Τόν
797 5504 894 5560 hic
924 5504 1086 5560 addit
1115 5505 1451 5575 Seguerian.
1490 5503 1597 5560 Alii
1651 5522 1784 5561 vero
1833 5509 1891 5561 et
1949 5507 2089 5560 editi

446 5580 751 5633 omittunt.

519 5650 631 5717 (92.)
662 5648 849 5715 Πάσης
878 5648 1043 5703 deest
1075 5648 1129 5701 in
1166 5647 1502 5717 Anglicano.

490 5720 637 5805 ~(93)
668 5722 905 5789 Seguer.
939 5719 1245 5792 Anglican.
1279 5718 1509 5775 Gobler.
1542 5723 1601 5776 et
1633 5718 1785 5776 Fclc.
1822 5721 1871 5792 1,
1903 5740 2091 5794 7mm;-

450 5808 570 5857 της.

526 5861 637 5934 (94)
667 5861 759 5915 Sic
788 5864 914 5932 Seg.
968 5864 1039 5916 At
1083 5859 1251 5916 Basil.
1295 5860 1523 5934 Anglic.
1571 5861 1825 5930 Gobler.,
1858 5859 2090 5935 ἐτρόμα·

2209 5079 2313 5150 ξεν.
2349 5079 2496 5135 Edit.
2528 5074 2805 5150 Commel.
2867 5079 2926 5131 et
2976 5073 3103 5144 alii,
3145 5072 3457 5150 trpduatsv.
3496 5073 3674 5150 Paulo
3722 5078 3855 5145 post

2207 5146 2630 5223 Seguerianus_
2662 5147 2855 5223 habet,
2907 5146 3454 5223 προκεκοιμημένῳν,
3515 5146 3644 5223 sine
3717 5162 3855 5223 voce

2208 5218 2397 5297 ἁγίων.
2434 5224 2497 5277 ln
2528 5219 2753 5297 eodem,
2783 5221 2874 5271 νῦν
2912 5218 3043 5297 pes}
3071 5218 3252 5297 ᾣσ-περ
3287 5218 3518 5297 legitur.
3543 5220 3600 5272 in
3629 5218 3852 5297 caeteris

2207 5285 2338 5367 post
2370 5289 2656 5368 'Apstgvoi:
2685 5292 2852 5368 ldem_
2874 5285 2979 5362 pro
3012 5285 3115 5362 δεῖ,
3148 5285 3325 5347 habet
3355 5288 3446 5359 δή,
3479 5297 3537 5344 et
3582 5307 3687 5361 pro
3733 5288 3851 5342 πείο

2207 5360 2405 5434 δεσθαι,
2435 5360 2704 5429 πείθεσθε,
2742 5360 2912 5416 male.

2277 5431 2508 5509 (95"8ic
2539 5431 2983 5509 SeguersBasil.
3007 5436 3065 5489 et
3114 5433 3344 5505 Anglic.
3377 5432 3507 5509 Alii
3538 5436 3739 5509 autem
3794 5437 3851 5509 et

2205 5498 2382 5584 editi;
2400 5498 2647 5584 960219;:
2664 5505 2838 5584 Paulo
2859 5508 3017 5584 post,
3048 5498 3371 5584 mentiset,
3405 5505 3439 5573 ἢ
3477 5500 3562 5556 ὅτι
3612 5500 3673 5557 ἐκ
3706 5498 3854 5571 λναοῦ

2207 5574 2463 5646 habent;
2497 5581 2661 5644 editi,
2691 5577 2725 5646 ἢ
2759 5574 2938 5632 (Its—Ex.
2965 5579 3117 5632 ναοῦ.

2275 5654 2391 5721 (96)
2425 5653 2601 5707 Basil.
2634 5656 2691 5707 et
2720 5646 3103 5721 Anglicanus,
3134 5647 3224 5701 τὸν
3256 5647 3511 5721 Χριστόν.

2273 5718 2384 5812 (97)
2415 5724 2506 5778 sic
2533 5730 2662 5795 Seg.
2695 5721 2860 5777 Uobl.
2888 5724 2946 5777 et
2978 5719 3124 5777 Felc.
3161 5722 3211 5775 1.
3245 5719 3397 5775 Editi
3444 5734 3579 5774 vero
3622 5722 3683 5773 et
3732 5718 3860 5779 alii,

2200 5791 2530 5867 ἐκάμπτετο.

3599 6403 3616 6406 -
3686 6404 3734 6412 ⁷-
3770 6404 3911 6417 ήῒ-ι,
4007 6403 4014 6422 ι
