4048 6344
239 399 395 462 1077

1180 406 1560 471 EPISTULA
1604 412 1707 471 AD
1754 410 2212 473 ADELPHIUM
2261 407 2730 472 EPISCUl'UM.

3501 399 3660 462 1078

234 531 325 586 καὶ
386 531 673 608 ὶπιγείων,
726 532 817 589 καὶ
885 537 1284 614 καταχθονίων,
1337 541 1425 595 καὶ
1473 546 1615 597 πᾶσα
1664 555 1733 616 γΛ
1753 542 1887 595 ὅσσα

2001 556 2155 613 genu
2189 543 2397 599 ﬂexum
2430 545 2519 598 est
2548 544 2604 597 et
2634 532 3655 605 ﬂectetur,ccelestium,terrestrium

236 619 692 696 ἐξομολγησεται,
751 621 848 678 κᾶν
895 629 1012 687 τοῖς
1090 626 1391 699 Ἀρειανοῖς
1446 632 1521 702 μὴ
1590 627 1748 704 δοκῇ,
1810 630 1891 684 ὅτι

236 708 439 786 Κύριος
483 713 674 780 Ιησοῦς
732 713 964 784 Χριστὸς
1014 713 1093 777 εἷς
1143 712 1297 786 δόξαν
1343 723 1476 773 Θεοῦ
1526 720 1757 795 Πατρός.
1814 717 1891 775 Ού

234 799 340 875 γὰρ
372 796 585 870 ἀδοξίαν
627 799 848 877 ἤνεγκεν
901 805 937 872 ἡ
989 804 1117 878 σάρξ
1156 810 1235 877 τῷ
1284 806 1448 882 Λόγῳ
1474 829 1486 841 ·
1527 809 1601 881 μὴ
1636 809 1888 881 γὲνοιτοί

236 886 381 943 ἀλλὰ
443 887 659 961 μᾶλλον
717 888 851 961 αὕτη
915 888 1223 962 δεδόξασται
1305 898 1432 970 παρ’
1489 897 1673 952 αὑτοῦ.
1733 893 1889 963 Οὐδὲ,

235 975 426 1046 ἐπειδὴ
475 975 678 1033 δούλου
727 980 946 1056 μορφὴν
994 977 1250 1037 ἀνέλαϐεν
1303 985 1330 1038 ὁ
1385 984 1436 1039 ἐν
1515 989 1698 1063 μορφῇ
1758 989 1891 1040 Θεοῦ

236 1065 501 1142 ὑπὰρχων
534 1067 682 1140 Υἱὸς,
715 1067 1011 1141 ἠλαττώθη
1061 1078 1162 1140 τῆς
1194 1072 1415 1145 θεότηος
1452 1095 1463 1107 ι
1499 1072 1643 1129 ἀλλά
1676 1072 1888 1147 μᾶλλον

231 1156 391 1218 αὐτὸς
425 1153 795 1231 ἐλευθερωτής
841 1160 1018 1230 πάσης
1069 1162 1269 1235 σαρκὸς
1316 1164 1408 1218 καὶ
1458 1165 1637 1234 πάσης
1669 1163 1890 1225 κτίσεως

232 1247 441 1322 γέγονε.
471 1247 574 1304 Καὶ
624 1248 671 1302 εἷ
721 1250 749 1304 ὁ
795 1249 926 1312 Θεὸς
979 1247 1036 1305 δὲ
1084 1250 1367 1308 ἀπέστειλε
1413 1255 1501 1308 τὸν
1554 1255 1675 1309 Υῖὸν
1725 1256 1890 1310 αὐτοῦ

229 1336 561 1411 γεννώμενον
620 1336 679 1392 ἐκ
727 1340 1002 1413 γυναικὸς,
1055 1338 1154 1396 οὐκ
1200 1342 1465 1418 αἰσχύνην
1523 1346 1659 1416 ἡμῖν
1705 1343 1887 1421 ἐπάγει

228 1425 291 1480 τὸ
322 1432 572 1499 πρᾶγμα,
612 1424 761 1482 ἀλλὰ
790 1425 1006 1500 μᾶλλον
1041 1428 1280 1500 εὐδοξίαν
1309 1434 1396 1487 καὶ
1436 1433 1682 1509 μεγάλην
1705 1434 1885 1509 χάριν.

230 1515 425 1589 Γέγονε
453 1515 557 1591 γὰρ
586 1512 895 1590 ἄνθρωπός,
924 1516 997 1571 ἵν’
1046 1521 1194 1592 ἡμᾶς
1247 1521 1298 1575 ἐν
1342 1522 1512 1595 ἑαυτῷ
1536 1524 1834 1598 θεοποιήση
1871 1542 1883 1555 ·

226 1603 317 1659 καὶ
373 1604 589 1679 γέγονεν
646 1602 707 1660 ἐκ
749 1607 1025 1681 γυναικὸς,
1071 1610 1159 1662 καὶ
1206 1609 1514 1685 γεγέννηται
1572 1611 1630 1666 ἐκ
1680 1613 1885 1688 Ηαρθὲ-

231 1689 472 1765 νου,”ίνα
494 1693 595 1761 τήν
636 1695 797 1766 ἡμῶν
852 1692 1218 1767 πλανηθεῖσαν
1269 1699 1518 1774 γέννησιν
1570 1700 1644 1763 εἷός
1698 1701 1882 1756 ἑαυτὸν

238 1779 556 1854 μετενέγκῃ,
603 1781 695 1834 καὶ
751 1782 1033 1858 γενώμεθα
1095 1783 1288 1840 λοιπὸν
1348 1786 1505 1861 γένος
1563 1789 1738 1863 ἅγιον,
1794 1789 1883 1844 καὶ

229 1868 483 1923 κοινωνοὶ
514 1868 659 1931 θείας
719 1869 953 1945 φύσεως,
1004 1893 1078 1934 ως
1127 1867 1355 1949 ἔγραψεν
1417 1877 1445 1930 ὁ
1489 1876 1750 1949 μακάριος
1782 1878 1881 1932 [Ιὲ-

228 1976 358 2034 τρος
390 1999 403 2012 .
438 1957 536 2012 Καὶ
587 1959 650 2013 τὸ
701 1955 959 2016 ἀδύνατον
1020 1958 1079 2016 δὲ
1130 1968 1227 2018 τοῦ
1276 1959 1469 2039 νόμου,
1518 1964 1569 2021 ἐν
1621 1968 1667 2039 ᾧ
1723 1965 1882 2037 ἡσθέ-

228 2066 309 2102 νει
389 2042 479 2101 διὰ
550 2053 651 2117 τῆς
726 2049 943 2123 σαρκὸς,
1019 2050 1046 2105 ὁ
1123 2052 1251 2114 Θεὸς
1325 2053 1417 2108 τὸν
1494 2054 1685 2110 ἑαυτοῦ
1761 2057 1880 2111 ι”ιὸν

229 2135 449 2211 πεμψας
506 2135 559 2191 ἐν
614 2138 929 2212 ὁμοιώματι
987 2141 1185 2216 σαρκὸς
1242 2142 1531 2218 ἁμαρτίας,
1602 2144 1691 2201 καὶ
1758 2146 1882 2222 περί

225 2223 493 2301 ἁμαρτίας
524 2224 803 2302 κατέκρινε
832 2229 930 2297 τὴν
964 2230 1228 2304 ἁμαρτίαν
1254 2229 1305 2287 ἐν
1332 2236 1402 2298 τῇ
1437 2233 1611 2308 σαρκί.

287 2424 342 2479 5.
376 2422 488 2491 Τὴν
519 2422 699 2477 τοίνυν
757 2422 1203 2500 προσληφθεῖσαν
1265 2429 1368 2483 ὑπὸ
1424 2433 1521 2484 τοῦ
1554 2429 1730 2505 Λόγου
1757 2432 1878 2505 σάρ-

215 2530 305 2578 κα,
364 2510 450 2565 ἐπὶ
526 2516 609 2584 τῷ
657 2509 861 2575 πάντας
947 2515 1264 2590 ἀνθρώπους
1347 2517 1728 2595 ἐλευθερῶσαι,
1785 2519 1875 2574 καί

223 2600 423 2661 πάντας
458 2598 519 2654 ἐκ
552 2605 757 2678 νεκφῶν
806 2600 1122 2675 ἀναστῆσαι,
1174 2605 1262 2659 καὶ
1322 2607 1587 2681 ἁμαρτίας
1639 2610 1751 2682 (98)
1778 2608 1875 2664 λυ-

213 2688 545 2764 τρώσασθαι,
606 2693 724 2751 πῶς
782 2690 835 2744 οἱ
890 2691 1092 2761 ταύτην
1140 2691 1559 2768 ἐξουδενοῦντες,
1613 2698 1647 2767 ἢ
1703 2699 1755 2751 οῖ
1788 2695 1876 2752 διὰ

212 2775 417 2847 ταύτην
449 2782 884 2854 κατηγοροῦντες
910 2785 1007 2834 τοῦ
1058 2783 1187 2837 Υἱοῦ
1229 2788 1326 2837 τοῦ
1357 2789 1491 2840 Θεοῦ
1523 2785 1599 2849 ὡς
1626 2788 1871 2859 ποιήμα-

212 2885 306 2927 τος
336 2865 373 2935 ἢ
406 2865 697 2939 κτίσματος
752 2870 884 2942 (99),
931 2870 1034 2925 οὐκ
1082 2871 1373 2947 ἀχάριστοι
1432 2873 1728 2948 φαίνονται,
1781 2877 1870 2931 καὶ

215 2952 412 3016 παντός
443 2954 547 3009 εἷ’σι
581 2957 773 3028 μίσους
825 2955 964 3028 ἄξιοι
1001 2979 1014 3028 ;
1070 2959 1247 3015 Μόνον
1290 2962 1391 3038 γὰρ
1435 2961 1562 3038 ούχὶ
1593 2964 1762 3038 βοῶσι
1792 2969 1871 3036 τῷ

216 3046 332 3115 Θεῷ
361 3041 608 3118 λέγοντες
641 3064 653 3077 ·
687 3046 776 3116 Μή
809 3048 1034 3122 πέμψῃς
1065 3068 1160 3103 σου
1202 3050 1293 3104 τὸν
1322 3050 1442 3105 Υἱὸν
1474 3052 1565 3105 τὸν
1602 3060 1867 3127 μονογενῆ

219 3129 271 3185 ἐν
304 3131 527 3215 σαρκί·
590 3134 665 3207 μή
726 3137 962 3210 ποιήσῃς
1020 3136 1179 3192 αὐτὸν
1253 3138 1313 3194 ἐκ
1367 3142 1642 3214 Ηαρθὲνου
1702 3143 1870 3215 σάρκα

215 3213 424 3288 λαϐεῖν,
451 3218 544 3274 ’ίνα
578 3222 652 3294 μὴ
695 3219 1043 3298 λυτρώσηται
1087 3228 1235 3299 ἡμᾶς
1260 3231 1361 3282 τοῦ
1392 3228 1618 3283 θανάτου
1648 3229 1735 3283 καὶ
1767 3213 1866 3299 τῆς

2002 637 2059 690 et
2087 631 2472 701 infernorum,
2525 636 2583 686 et
2636 628 2829 685 omnis
2888 626 3089 697 lingua
3144 620 3518 679 conﬁtebitur
3575 621 3650 688 9';

2000 721 2236 777 tametsi
2292 720 2526 775 Arianis
2590 735 2703 773 non
2757 716 2966 789 placet,
3016 712 3153 785 quia
3186 711 3467 767 Dominus
3501 709 3652 764 780

1974 802 2168 867 ’Jesus
2195 809 2458 866 Christus
2486 808 2541 863 in
2571 807 2757 880 gloria
2785 811 2874 860 est
2904 802 3004 859 Dei
3036 800 3242 856 Patris.
3268 801 3463 870 Neque
3493 798 3649 853 enim

2001 899 2254 955 dedecus
2284 899 2469 953 Verbo
2501 915 2633 953 caro
2683 894 2880 951 attulit
2914 910 2926 949 :
2961 891 3151 948 absit!
3204 889 3305 945 sed
3364 888 3493 959 ipsa
3549 903 3650 958 po-

2002 988 2121 1044 tius
2151 989 2221 1043 ab
2257 988 2354 1042 illo
2386 986 2637 1059 gloriam
2670 983 3035 1055 accepit.Nec
3067 981 3371 1051 item,quia
3402 977 3648 1032 formam

2000 1078 2148 1133 servi
2181 1077 2403 1148 accepit
2438 1076 2635 1144 l‘ilius,
2667 1073 2764 1145 qui
2787 1074 2843 1128 in
2878 1074 3065 1126 forma
3095 1068 3193 1125 Dei
3226 1072 3316 1125 est
3354 1067 3417 1138 οδ,
3478 1065 3648 1120 dimi-

2000 1171 2179 1221 nutus
2237 1166 2540 1221 divinitate
2586 1169 2674 1220 est
2708 1181 2720 1218 :
2755 1162 2855 1217 sed
2887 1164 3109 1226 contra,
3146 1157 3432 1213 universas
3458 1154 3651 1210 carnis

2002 1271 2314 1327 rerumque
2345 1254 2607 1310 omnium
2639 1257 2965 1308 creatarum
3009 1248 3280 1304 liberator
3336 1246 3459 1318 ipse
3518 1243 3648 1299 iuit.

1999 1347 2067 1401 Et
2097 1362 2227 1401 vero
2258 1344 2307 1399 si
2340 1344 2498 1400 Deus
2529 1341 2739 1399 Filium
2773 1356 2947 1396 suum
2983 1338 3145 1392 misit
3176 1354 3244 1392 ex
3277 1334 3520 1390 muliere
3551 1349 3648 1406 ge-

2000 1434 2211 1499 nitum,
2245 1432 2390 1489 nihil
2422 1449 2563 1488 sane
2593 1429 2917 1496 dedecoris,
2948 1428 3047 1483 sed
3083 1427 3277 1499 potius
3316 1423 3561 1497 gloriam
3593 1426 3649 1477 et

1994 1523 2244 1596 gratiam
2278 1538 2551 1595 magnam
2585 1519 2753 1576 nobis
2788 1536 2879 1574 res
2912 1516 3011 1573 illa
3043 1513 3423 1587 comparavit.
3450 1510 3643 1583 Siqui-

1994 1612 2126 1668 dem
2160 1613 2347 1667 factus
2379 1611 2552 1666 homo
2583 1614 2693 1680 est,
2728 1611 2791 1663 ut
2820 1624 2925 1663 nos
2953 1605 3012 1661 in
3045 1605 3237 1676 seipso
3267 1604 3407 1658 deos
3454 1600 3642 1657 efﬁce-

1997 1706 2085 1757 ret
2143 1718 2155 1755 :
2214 1702 2402 1756 lactus
2432 1704 2615 1755 estex
2647 1698 2914 1761 muliere,
2945 1700 3002 1750 et
3030 1694 3265 1767 genitus
3295 1696 3385 1748 est
3412 1707 3476 1747 ex
3510 1689 3637 1746 Vir-

1993 1790 2151 1863 gine,
2187 1794 2251 1844 ut
2279 1794 2571 1845 errantem
2604 1785 2788 1842 nostri
2819 1792 3012 1841 ortum
3045 1781 3383 1838 transferret
3429 1778 3486 1833 in
3546 1795 3635 1833 se-

1992 1881 2212 1952 ipsum,
2271 1885 2447 1949 atque
2496 1878 2620 1948 jam
2681 1892 2786 1931 nos
2834 1890 3017 1945 genus
3046 1874 3317 1926 sanctum
3348 1874 3405 1923 et
3433 1866 3637 1923 divine:

1996 1975 2294 2025 consortes
2322 1973 2541 2023 naturae
2573 1958 3466 2034 efﬁceremur,quemadmodum
3498 1954 3641 2012 scri-

1995 2058 2114 2130 psit
2145 2058 2352 2113 beatus
2384 2056 2590 2110 Petrus
2621 2052 2856 2108 ":Unde
2894 2071 2913 2098 α
2941 2050 3095 2122 quod
3127 2044 3491 2120 impossibile
3520 2049 3644 2100 erat

1991 2146 2124 2217 legi,
2156 2146 2214 2201 in
2247 2163 2364 2217 quo
2396 2144 2810 2200 infirmabatur
2840 2157 2942 2213 per
2971 2153 3228 2203 carnem,
3263 2136 3415 2191 Deus
3461 2132 3642 2188 misso

1993 2235 2134 2291 Filio
2165 2252 2271 2291 suo
2301 2235 2361 2289 in
2395 2232 2846 2290 similitudinem
2877 2228 3070 2285 carnis
3101 2225 3405 2299 peccati,et
3427 2223 3496 2278 de
3516 2238 3644 2293 pec-

1990 2330 2118 2382 cato
2147 2324 2453 2380 damnavit
2481 2326 2784 2394 peccatum
2814 2320 2874 2375 in
2906 2333 3079 2374 carne
3110 2340 3132 2368 ι
3168 2316 3230 2369 ³⁵.

2056 2434 2111 2486 5.
2145 2436 2227 2487 An
2262 2447 2375 2486 non
2402 2429 2582 2499 igitur
2610 2428 2717 2491 illi,
2779 2426 2879 2499 qui
2941 2427 3306 2493 assumptam
3366 2437 3400 2475 a
3451 2417 3641 2474 Verbo

1987 2538 2244 2587 carnem,
2278 2537 2394 2591 quo
2424 2535 2628 2575 omnes
2658 2517 2928 2571 homines
2959 2513 3249 2579 liberaret,
3278 2526 3347 2563 ex
3393 2507 3642 2563 mortuis

1985 2611 2390 2673 exsuscitaret,
2423 2626 2457 2663 a
2488 2608 2859 2679 peccatisque
2891 2602 3222 2667 redimeret,
3249 2597 3639 2669 vilipendunt,

1984 2699 2070 2756 vel
2102 2701 2230 2769 ejus
2261 2715 2441 2753 causa
2487 2696 2691 2751 Filium
2750 2695 2851 2750 Dei
2904 2700 3184 2763 tanquam
3243 2705 3364 2743 rem
3424 2687 3638 2741 factum

1983 2795 2309 2843 creatamve
2339 2785 2802 2851 calumniantur,
2835 2779 3049 2853 ingrati
3078 2776 3355 2848 omnique
3386 2775 3518 2830 odio
3551 2774 3641 2828 di-

1981 2877 2079 2949 gni
2112 2875 2291 2930 videri
2324 2874 2578 2930 debent?
2610 2874 2865 2928 Tantum
2898 2869 3054 2925 enim
3089 2883 3205 2921 non
3262 2866 3343 2919 ita
3386 2863 3645 2918 clamant

1983 2966 2054 3019 ad
2116 2966 2297 3020 Deum
2332 2980 2345 3017 :
2382 2963 2463 3018 Ne
2496 2963 2696 3016 mittas
2731 2959 2944 3015 Filium
2983 2961 3152 3012 tuum
3177 2952 3549 3024 unigenitum
3581 2950 3642 3005 in

1981 3070 2217 3109 carnem
2252 3071 2265 3108 :
2301 3051 2420 3107 noli
2451 3051 2648 3123 ipsum
2674 3064 2909 3104 carnem
2941 3063 3010 3102 ex
3068 3043 3314 3115 Virgine
3357 3040 3642 3110 accipere,

1981 3159 2052 3198 ne
2111 3159 2219 3198 nos
2269 3159 2303 3197 a
2333 3147 2521 3196 morte
2550 3145 2607 3195 et
2638 3143 2872 3211 peccato
2906 3136 3128 3191 liberet.
3163 3130 3448 3187 Nolumus
3479 3129 3640 3183 hunc

1980 3230 2142 3287 nasci
2188 3232 2244 3285 in
2275 3245 2536 3300 corpore,
2566 3244 2638 3282 ne
2672 3231 2919 3281 mortem
2954 3240 3056 3295 pro
3094 3221 3265 3277 nobis
3298 3218 3586 3288 suscipiat
3618 3234 3631 3271 :

210 3307 503 3383 ἁμαρτίας.
561 3288 651 3368 ὀύ
692 3288 949 3385 θέλομεν.
983 3288 1143 3369 αὐτὸν
1200 3288 1251 3369 ἐν
1321 3317 1535 3389 σώματι
1599 3288 1864 3392 γενέσθαι,

1986 3320 2256 3375 nolumus
2278 3319 2531 3374 Verbum
2556 3332 2788 3371 carnem
2817 3313 2962 3377 ﬁeri,
2997 3330 3068 3367 ne
3094 3308 3279 3366 nostri
3310 3309 3381 3362 ad
3415 3313 3471 3361 te
3505 3322 3634 3377 pro-

200 3393 293 3452 ἵνα
326 3399 402 3471 μὴ
434 3398 525 3453 τὸν
586 3399 718 3476 ὑπὲρ
767 3403 929 3474 ἡμῶν
974 3400 1289 3476 ἀναδέξηται
1335 3405 1561 3469 θάνατον
1595 3427 1605 3438 ·
1642 3407 1704 3461 ού
1741 3408 1866 3482 βου-

208 3484 419 3558 λόμεθα
446 3487 538 3542 τὸν
596 3489 774 3563 Λόγον
839 3490 1011 3565 σάρκα
1065 3493 1324 3567 γενέσθαι,
1368 3492 1461 3548 ’ίνα
1511 3498 1586 3567 μή
1646 3495 1697 3550 ἐν
1726 3496 1860 3551 ταύ-

206 3595 277 3648 τῃ
306 3576 383 3648 (1)
418 3575 643 3648 μεσίτης
689 3580 851 3651 ἡμῶν
896 3578 1121 3654 γενηται
1166 3588 1267 3650 τῆς
1316 3583 1452 3657 πρὸς
1498 3583 1556 3637 σε
1585 3582 1863 3660 προσόδου

205 3664 425 3727 καὶτὰς
457 3663 509 3719 ἓν
543 3664 795 3740 οὐρανοῖς
839 3666 1150 3741 οῗκήσωμεν
1203 3671 1393 3742 μονάς.
1438 3668 1862 3742 Κλεισθήτωσαν

205 3753 262 3806 αἱ
292 3751 461 3809 πύλαι
492 3758 601 3810 τῶν
640 3754 901 3831 οὐρανῶν,
947 3755 1039 3811 *ίνα
1093 3759 1166 3830 μή
1218 3755 1307 3812 διὰ
1334 3764 1429 3813 τοῦ
1456 3760 1864 3834 καταπετάσμα-

204 3861 301 3905 τος
337 3849 438 3911 τῆς
491 3840 689 3917 σαρκὸξ
750 3845 915 3901 αὑτοῦ
966 3847 1066 3915 τὴν
1124 3845 1174 3900 ἐν
1235 3846 1486 3920 οὐρανοῖς
1538 3852 1673 3922 ἡμῖν
1738 3848 1860 3906 ὁδὸν

206 3927 484 4005 ἐγκαινίσῃ
505 3932 534 3986 ὁ
564 3932 657 3995 σὸς
685 3934 763 4005 (2)
818 3932 1016 4008 Λόγος,
1069 3933 1235 3991 Αῦται
1282 3937 1377 4009 μὶν
1415 3938 1469 3991 αἱ
1500 3938 1716 3994 ἐκείνων
1748 3962 1862 4014 φω-

204 4019 289 4073 ναὶ
334 4018 468 4090 μετὰ
520 4014 855 4090 διαϐολικῆς
903 4021 1121 4096 τόλμης
1180 4023 1281 4078 εἰσί
1334 4029 1759 4103 προφερόμεναι,
1794 4025 1865 4083 δι’

203 4107 271 4176 ἧς
303 4105 598 4177 ἐπενόησαν
650 4109 861 4171 ἑαυτοῖς
909 4112 1197 4174 κακονοίας
1231 4131 1244 4142 '
1288 4115 1339 4167 οἱ
1368 4115 1468 4189 γὰρ
1504 4117 1580 4188 μή
1614 4116 1863 4179 θέλοντες

205 4194 378 4269 σάρκα
418 4196 710 4270 γενόμενον
760 4197 851 4252 τὸν
901 4199 1070 4273 Λόγον
1112 4208 1455 4273 προσκυνεῖν,
1502 4205 1861 4279 ἀχαριστοῦσι

198 4288 270 4358 τῇ
303 4283 709 4359 ἐνανθρωπήσει
742 4285 908 4341 αὐτοῦ
941 4305 953 4318 ·
983 4288 1072 4342 καὶ
1105 4290 1155 4342 οἱ
1190 4287 1522 4365 διαιροῦντες
1553 4294 1644 4347 τὸν
1688 4294 1862 4369 Λόγον

198 4371 309 4426 ἀπὸ
347 4379 448 4441 τῆς
499 4374 694 4446 σαρκὸς
743 4370 868 4428 οὐδὲ⁹
913 4373 1039 4447 μίαν
1100 4375 1368 4451 λύτρωσιν
1426 4385 1527 4447 τῆς
1588 4381 1858 4452 ἁμαρτίας

198 4459 468 4535 γενέσθαι,
502 4459 631 4516 οὐδὲ
659 4462 951 4518 κατάλυσιν
982 4468 1080 4518 τοῦ
1133 4466 1361 4520 θανάτου
1408 4467 1716 4539 νομίζουσι.
1750 4474 1861 4523 Ποῦ

201 4546 261 4602 δὲ
293 4547 439 4609 ὅλως
490 4550 541 4603 οἱ
601 4546 812 4613 ἀσεϐεῖς
872 4552 961 4606 καὶ
1016 4554 1134 4616 καθ’
1191 4554 1383 4623 ἑαυτήν
1437 4556 1728 4631 εὑρήσουσι
1759 4558 1860 4625 τὴν

1974 3425 2213 3481 gressus
2244 3408 2531 3463 mediator
2565 3407 2622 3460 in
2656 3422 2722 3460 ea
2754 3405 2875 3468 fiat,
2900 3400 3279 3470 cmlestesque
3309 3397 3514 3452 domos
3538 3394 3624 3448 in-

1975 3498 2259 3554 colamus.
2309 3497 2672 3552 Claudantur
2718 3491 2993 3548 caelorum
3047 3489 3267 3560 januaa,
3328 3502 3400 3540 ne
3459 3492 3627 3539 tuum

1974 3589 2231 3643 Verbum
2264 3602 2367 3657 per
2394 3585 2587 3640 carnis
2618 3600 2739 3639 suae
2768 3580 3032 3636 velamen
3058 3576 3227 3632 nobis
3257 3573 3367 3629 iter
3396 3573 3467 3628 ad
3514 3574 3626 3626 coe-

1972 3675 2061 3732 los
2119 3681 2373 3730 renovet.
2427 3679 2507 3728 En
2540 3688 2687 3744 quas
2718 3670 2804 3724 illi
2834 3683 3002 3725 voces
3032 3663 3324 3721 diabolica
3352 3679 3485 3718 cum
3518 3677 3623 3715 au-

1973 3766 2140 3821 dacia
2174 3764 2500 3835 proterunt,
2531 3778 2646 3831 qua
2674 3759 2876 3815 eadem
2909 3755 3228 3826 instigante
3282 3767 3459 3822 prava
3514 3747 3627 3803 sibi

1971 3853 2085 3926 ipsi
2142 3852 2542 3923 excogitavere
2598 3852 2953 3904 commenta.
3013 3845 3159 3899 Nam
3218 3840 3320 3912 qui
3370 3836 3624 3893 Verbum

1973 3925 2209 3999 carnem
2268 3942 2488 3997 factum
2545 3939 2789 3994 adorare
2849 3937 3142 4001 recusant,
3184 3931 3246 3985 hi
3275 3928 3537 3998 ingratos
3569 3925 3627 3978 in

1971 4032 2100 4102 ejus
2134 4028 2551 4100 benignitatem
2584 4043 2713 4082 sese
2736 4022 3158 4091 exhibent,qua
3186 4018 3509 4073 humanam
3540 4029 3629 4068 as-

1972 4119 2229 4192 sumpsit
2258 4123 2551 4173 naturam.
2583 4116 2690 4179 Qui
2723 4120 2918 4168 autem
2950 4108 3205 4165 Verbum
3239 4123 3272 4160 a
3322 4118 3494 4159 carne
3538 4100 3625 4156 di-

1970 4191 2216 4274 rimunt,
2269 4207 2326 4261 hi
2372 4209 2625 4278 profecto
2658 4201 2879 4257 nullam
2916 4196 3132 4271 peccati
3164 4191 3622 4264 redemptionem

1971 4297 2265 4353 nullamve
2292 4296 2498 4350 mortis
2520 4292 2868 4349 solutionem
2884 4289 3197 4344 autumant
3216 4280 3621 4340 ﬁeri.Ubinam

1968 4402 2103 4440 vero
2134 4401 2393 4455 carnem,
2426 4399 2605 4453 quam
2639 4380 2900 4435 Salvator
2931 4376 3172 4447 accepit,
3206 4386 3471 4431 seorsum
3519 4388 3619 4442 po-

1968 4475 2144 4530 sitam
2202 4472 2493 4544 reperient
2542 4470 2732 4542 impii,
2777 4475 2839 4522 ut
2863 4472 2919 4521 et
2948 4465 3139 4520 dicere
3170 4462 3425 4519 audeant
3455 4477 3469 4515 :
3502 4459 3620 4515 Nos

1956 4550 2088 4617 .non
2118 4562 2433 4617 adoramus
2468 4558 2776 4615 Dominum
2809 4572 2945 4612 cum
2994 4570 3188 4619 carne,
3248 4552 3351 4607 sed
3407 4563 3621 4620 corpus

200 4636 395 4707 σάρκα,
425 4636 490 4704 ἢν
522 4632 713 4694 ἔλαϐεν
744 4640 773 4694 ὁ
824 4642 1044 4713 Σωτὴρ,
1090 4640 1179 4697 ’ίνα
1219 4644 1308 4697 καὶ
1348 4642 1598 4716 τολμῶσι
1631 4643 1805 4720 λέγειν
1836 4666 1849 4677 ·

1986 4667 2331 4721 ιθριιιιειωυε,
2364 4655 2425 4705 et
2453 4648 2562 4704 soli
2595 4648 2842 4703 Domino
2872 4642 3206 4700 servimus?
3235 4650 3382 4695 b‘ane
3414 4639 3619 4693 beatus

200 4723 275 4778 Ού
308 4725 382 4795 (3)
403 4732 810 4800 προσκυνοῦμεν
833 4731 997 4802 ἡμεῖς
1019 4730 1112 4784 τὸν
1138 4731 1331 4805 Κύριον
1362 4736 1494 4805 μετά
1517 4740 1618 4802 τῆς
1633 4736 1848 4807 σαρκός·

200 4811 349 4868 ἀλλὰ
380 4808 692 4888 διαιροῦμεν
725 4819 785 4871 τὸ
836 4822 1015 4891 σῶμα,
1056 4819 1145 4872 καὶ
1198 4820 1349 4893 μόνῳ
1386 4823 1562 4894 τούτῳ
1594 4822 1850 4899 λατρεύο-

203 4921 299 4973 μεν
338 4918 351 4969 ;
382 4901 440 4957 Ὀ
476 4902 569 4973 μὲν
605 4901 696 4957 οὖν
741 4906 1007 4980 μακάριος
1057 4906 1324 4984 Στέφανος
1375 4909 1427 4964 ἐν
1461 4910 1711 4983 οὐρανοῖς
1744 4910 1851 4968 εἶδε

193 4990 289 5045 τὸν
328 4988 523 5062 Κύριον
559 4990 619 5046 ἐκ
670 4989 853 5063 δεξιῶν
902 4992 1107 5049 ἑστῶτα
1138 5013 1151 5028 ⁶
1210 4996 1262 5051 οἱ
1315 4995 1372 5052 δὲ
1410 4996 1633 5075 ἄγγελοι
1666 4999 1847 5057 ἕλενον

188 5083 308 5141 τοῖς
373 5080 639 5151 μαθηταῖς
669 5099 680 5113 ’
737 5082 929 5144 Οὕτως
1001 5080 1273 5140 ἐλεύσεται
1331 5088 1388 5141 ὅν
1440 5088 1640 5164 τρόπον
1698 5088 1843 5154 ἐθεάο

263 5223 310 5301 ξπ
339 5223 593 5295 philipp.
630 5242 693 5301 μ,
729 5227 814 5297 10,
849 5227 936 5282 11.
1034 5229 1077 5264 σε
1106 5228 1249 5285 ibid.
1283 5233 1338 5301 7,
1369 5233 1421 5286 6.

188 5294 234 5333 9‘
259 5294 431 5350 Joan.
466 5294 605 5366 xvii,
627 5297 717 5352 24.

199 5438 385 5581 ἀέξέ)
418 5440 752 5511 Seguerian.
791 5441 972 5499 Basil.
1023 5448 1082 5499 et
1135 5445 1505 5518 nnglicanus,
1534 5444 1620 5501 καί
1651 5450 1851 5508 παντὸς

274 5580 386 5664 (99)
416 5580 777 5664 SicSeguer.
812 5589 1007 5664 atque
1041 5586 1120 5640 ita
1167 5587 1309 5659 legit
1337 5588 1622 5648 Nannius.
1655 5591 1766 5648 Alii
1794 5598 1852 5648 et

203 5652 347 5728 editi
379 5652 676 5728 omittunt,
709 5656 743 5725 ἢ
776 5652 1093 5728 κτίσματος.

279 5723 353 5794 (1)
385 5724 475 5780 δίο
505 5743 711 5785 omnes
735 5723 1069 5786 'msstditi
1119 5746 1270 5803 vero,
1315 5728 1557 5797 ἐνταῦθα.
1591 5739 1717 5791 Mox
1744 5739 1843 5793 Se-

1522 5234 1566 5268 9‘
1598 5238 1647 5286 II
1682 5239 1830 5290 Petr.
1869 5253 1909 5304 ι,
1944 5238 1995 5292 4.

1963 4739 2299 4809 Stephanus
2333 4738 2636 4792 Dominum
2668 4753 2703 4790 a
2749 4735 2969 4790 dextris
3026 4736 3279 4788 stantem
3341 4728 3487 4783 vidit
3542 4727 3617 4793 ’6;

1963 4828 2155 4899 angeli
2196 4843 2425 4899 quoque
2455 4824 2765 4896 discipulis
2793 4825 3030 4879 aiebant
3060 4838 3073 4876 :
3110 4820 3198 4875 Sic
3227 4819 3401 4875 veniet
3433 4831 3619 4887 quem-

1959 4919 2279 4972 admodum
2310 4916 2531 4971 vidisu's
2559 4932 2688 4969 eum
2717 4919 2945 4969 euntem
2989 4914 3049 4966 in
3104 4909 3296 4964 calum
3355 4904 3504 4972 Quin
3562 4907 3621 4959 et

1958 5005 2085 5076 ipse
2116 5006 2403 5062 Dominus
2435 5009 2665 5060 Patrem
2698 5003 2999 5073 alloquens
3025 4998 3171 5055 dixit
3202 5014 3215 5052 :
3258 4997 3387 5054 Volo
3420 5005 3482 5051 ut
3520 4993 3621 5049 ubi

1955 5111 2075 5150 sum
2107 5111 2234 5167 ego,
2265 5099 2323 5148 et
2351 5096 2438 5148 ιιιὶ
2466 5109 2679 5163 semper
2705 5094 2817 5147 sint
2846 5106 3059 5145 mecum
3087 5088 3151 5144 θ’.
3185 5086 3245 5144 Si
3274 5086 3455 5159 igitur
3484 5100 3617 5140 caro

2091 5240 2134 5273 95
2163 5239 2323 5293 Rom.
2353 5255 2481 5305 vm,
2512 5239 2564 5291 3.
2662 5237 2705 5270 ⁰⁸
2740 5240 2862 5290 Act.
2896 5250 2997 5304 v11,
3029 5233 3121 5286 55.
3223 5231 3268 5267 ’7
3298 5233 3421 5286 Act.
3453 5246 3494 5299 1,
3530 5210 3617 5282 11°

1963 5468 2151 5523 guer.,
2184 5447 2444 5523 προόδου.

2036 5510 2241 5606 (ξλεὶᾁ
2272 5533 2400 5595 Seg.
2435 5522 2611 5577 Basil.
2650 5520 2878 5590 Anglic.
2929 5518 3041 5575 Alii
3073 5534 3205 5574 vero
3236 5521 3292 5572 et
3320 5514 3483 5583 editi,
3513 5510 3605 5575 σός

1961 5600 2469 5739 omnes
2503 5683 2645 5724 mss.
2683 5664 2830 5719 Male
2862 5666 3058 5717 autem
3089 5660 3267 5718 editio
3298 5657 3605 5728 Commel.,

1956 5734 2017 5790 ού
2033 5734 2283 5795 Ὀὶῐιὶιιὶῑ.
