4048 6366
344 377 500 437 1079

900 382 964 437 S.
1015 378 1431 439 ATHANASII
1482 381 1656 441 OPP.
1702 380 1908 440 PARS
1953 380 2000 439 Ι.
2035 412 2109 424 -
2141 380 2556 442 HISTORICA
2601 381 2700 439 ΕΤ
2745 376 3220 439 DOGMATICA.

3570 386 3571 389 “
3603 377 3763 439 1080

347 525 381 564 a
409 509 598 566 Verbo
634 509 834 581 nequit
863 509 1066 577 dividi,
1091 528 1161 564 an
1196 526 1307 564 non
1346 526 1581 566 necesse
1611 516 1699 566 est
1730 510 1860 567 illos
1891 515 1991 566 aut

2137 511 2261 565 ασθε
2315 510 2476 565 αὐτὸν
2556 503 2922 582 πορευόμενον
2998 505 3075 568 εἲς
3150 507 3244 561 τὸν
3332 505 3582 582 οὐρανόν.
3659 505 3760 563 Καὶ

347 615 542 656 errore
573 597 836 671 deposito
861 598 985 669 jam
1021 602 1249 654 Patrem
1280 597 1339 653 in
1376 600 1612 655 nomine
1642 599 1868 655 Domini
1902 616 2001 656 no-

353 691 458 747 stri
489 690 626 746 Jesu
660 689 871 746 Christi
903 689 1166 757 adorare,
1199 694 1320 761 aut,
1353 691 1401 744 si
1455 691 1705 747 Verbum
1765 707 2001 747 carnem

353 780 569 835 factum
605 780 845 834 adorare
875 776 1078 851 illique
1105 780 1319 834 servire
1350 779 1660 847 noluerint,
1693 781 1765 835 ab
1814 780 2002 836 omni-

352 868 464 923 bus
498 867 677 939 rejici,
711 883 815 922 nec
846 866 1101 938 amplius
1133 869 1356 923 censeri
1388 867 1883 939 Christianos,sed
1918 868 2003 925 vel

350 958 504 1012 inter
532 957 817 1021 ethnicos,
851 956 934 1011 vel
969 956 1120 1011 inter
1145 957 1382 1012 Judieos
1413 958 1828 1014 annumerari?

2111 598 2272 662 αὐτὸς
2313 596 2371 655 δὲ
2415 600 2443 654 ὁ
2488 598 2683 674 Κύριος
2741 593 2946 671 εἴρηκε,
3000 599 3334 673 προσφωνῶν
3391 599 3473 667 τῷ
3531 593 3705 671 Πατρί
3740 614 3755 629 ·
3824 602 3834 617 ‘

2113 688 2289 756 Θὲλω,
2334 688 2472 743 ὅπου
2522 687 2637 760 είμὶ
2693 684 2822 761 ἐγὼ,
2869 683 2961 740 ’ίνα
3010 683 3099 739 καὶ
3152 684 3303 739 αὐτοὶ
3356 683 3585 739 πάντοτε
3643 687 3761 758 μετ’

2114 777 2249 850 ἐμοῦ
2280 778 2402 834 ὦσι.
2434 778 2532 832 Καὶ
2566 775 2735 847 ὅλως,
2786 773 2832 830 εί
2880 771 3183 849 ἀδιαίρετός
3233 772 3374 828 ἐστιν
3425 775 3461 842 ἡ
3497 773 3623 849 σὰρξ
3654 774 3763 829 ἀπὸ

2109 871 2208 922 τοῦ
2239 868 2438 943 Λόγου,
2483 870 2599 928 πῶς
2654 863 2755 920 ούκ
2808 863 3012 939 ἀνάγκη
3064 862 3291 925 τούτους
3340 863 3629 926 ἀποθέσθαί
3659 864 3761 932 τὴν

2113 954 2349 1026 πλάνην,
2400 955 2489 1010 καὶ
2541 957 2860 1030 προσκυνεῖν
2913 950 3105 1008 λοιπὸν
3158 952 3248 1006 τὸν
3304 952 3514 1026 Πατέρα
3571 950 3622 1006 ἐν
3681 957 3765 1025 τῷ

352 1044 580 1117 ὀνόματι
639 1048 736 1099 τοῦ
786 1043 983 1119 Κυρίου
1041 1046 1202 1117 ἡμῶν
1259 1045 1440 1115 Ἰησοῦ
1500 1051 1776 1122 Χριστοῦ·
1827 1045 1885 1116 ἢ,
1947 1047 2024 1120 μή
2082 1043 2540 1123 προσκυνοῦντας,
2616 1040 2757 1118 μηδὲ
2814 1040 3171 1117 λατρεύοντας
3221 1044 3300 1111 τῷ
3356 1039 3408 1094 ἐν
3466 1040 3623 1113 σαρκὶ
3674 1059 3763 1115 γε-

350 1135 564 1207 νομένῳ
649 1134 851 1208 Λόγῳ⁹
929 1134 1267 1209 πανταχόθεν
1354 1129 1753 1203 ἐκϐάλλεσθαι,
1835 1134 1926 1191 καί

353 1224 796 1297 συναριθμεῖσθαι
831 1241 843 1291 ;

422 1312 477 1365 6.
516 1316 643 1367 Hice
671 1328 832 1384 ergo,
864 1316 927 1366 ut
956 1328 1134 1383 supra
1166 1311 1445 1377 diximus,
1477 1313 1709 1370 insania
1739 1321 1795 1371 et
1827 1320 2006 1371 teme-

354 1400 501 1456 ritas
535 1399 767 1455 illorum
802 1404 910 1456 est.
944 1400 1156 1456 Nostra
1187 1406 1379 1457 autem
1415 1401 1555 1457 ﬁdes
1589 1410 1744 1459 recta
1775 1409 1885 1473 est,
1918 1410 2007 1460 at-

358 1506 472 1562 que
501 1506 569 1544 ex
600 1489 866 1545 doctrina
892 1488 1211 1560 apostolica
1237 1490 1504 1557 deducta,
1540 1496 1598 1547 et
1632 1492 1856 1548 Patrem
1894 1496 2010 1548 tra-

359 1578 600 1647 ditione,
625 1593 730 1633 nec
764 1593 876 1633 non
910 1595 1042 1633 cum
1070 1578 1207 1633 Novi
1243 1583 1368 1634 tum
1401 1579 1628 1636 Veteris
1653 1581 2012 1637 Testamenti

360 1666 704 1723 auctoritate
733 1666 1234 1722 conﬁrmataﬂmc
1265 1668 1420 1723 enim
1439 1675 1579 1725 sunt
1597 1671 2015 1742 prophetarum

369 1755 827 1811 verbamEmitte
856 1755 1111 1810 Verbum
1143 1762 1307 1813 tuum
1340 1762 1399 1813 et
1426 1759 1727 1814 veritatem
1758 1764 1919 1815 tuam
1951 1761 2016 1816 ’σε

2013 1134 2208 1210 μηκέτι
2289 1134 2661 1211 Χριστιανοὺς,
2744 1129 2871 1186 ἀλλ’
2947 1130 2983 1200 ἢ
3074 1130 3207 1203 μετὰ
3284 1133 3393 1185 τῶν
3480 1127 3766 1202 Ἰομδαίων

2187 1317 2240 1370 6.
2276 1311 2521 1367 Ἐκεῖνων
2558 1311 2651 1385 μὲν
2705 1307 2818 1378 οὖν,
2879 1307 3016 1373 καθὰ
3052 1306 3408 1383 προείπομεν,
3461 1309 3496 1376 ἡ
3546 1305 3774 1375 τοιαύτη

2123 1400 2287 1476 μανία
2315 1401 2403 1456 καὶ
2432 1399 2616 1474 τόλμα
2644 1417 2657 1431 ⁶
2708 1401 2868 1472 ἡμῶν
2921 1395 2978 1453 δὲ
3020 1400 3055 1466 ἡ
3102 1396 3283 1457 πίστις
3346 1394 3489 1451 ἐστὶν
3532 1396 3668 1471 ὀρθή
3700 1398 3781 1468 (4)

2119 1492 2209 1546 καὶ
2255 1490 2314 1545 ἐκ
2363 1486 2715 1550 διδασκαλίας
2761 1485 3130 1551 ἀποπολικῆς
3179 1485 3480 1562 ὁρμωμὲνη
3530 1485 3620 1539 καὶ
3671 1504 3779 1538 πα-

2125 1577 2396 1655 ραδόσεως
2433 1583 2540 1633 τῶν
2603 1576 2874 1653 Πατέρων,
2928 1570 3289 1651 βεϐαιουμὲνη
3341 1568 3401 1628 ἔκ
3429 1594 3487 1628 τε
3519 1572 3655 1635 Νὲας
3686 1573 3777 1627 καὶ

2126 1667 2373 1726 Παλαιᾶσ
2422 1668 2719 1739 Διαθήκης,
2766 1670 2875 1720 τῶν
2948 1665 3044 1739 μὶν
3097 1668 3395 1739 προφητῶν
3457 1660 3729 1739 λεγόντων
3764 1681 3779 1695 ο

2126 1754 2461 1813 Ἀπόστελον
2544 1755 2637 1811 τὸν
2722 1754 2890 1831 Λόγον
2974 1773 3071 1808 σου
3155 1752 3245 1807 καὶ
3328 1752 3428 1819 τήν
3514 1750 3783 1821 ἀλήθειάν

365 1847 422 1898 et
454 1861 467 1899 :
502 1844 644 1899 Ecce
676 1843 852 1915 Virgo
881 1844 1167 1915 concipiet
1196 1850 1253 1900 et
1283 1845 1469 1917 pariet
1503 1845 1731 1914 Filium,
1765 1853 1823 1904 et
1852 1864 2017 1904 voca-

2135 1865 2266 1901 σουο
2324 1844 2463 1915 καὶ,
2513 1841 2652 1902 Ἰδοὺ
2708 1846 2744 1914 ὴ
2827 1842 3094 1918 Παρθίνος
3156 1839 3210 1896 ἂν
3264 1840 3457 1916 γαστρῖ
3515 1836 3623 1909 ἵζει
3689 1839 3784 1893 καὶ

363 1931 512 1987 bunt
536 1948 746 1987 nomen
762 1932 1434 2005 ejuaEmmanuel,quod
1450 1934 2022 2006 estinterpretatum,

362 2019 681 2076 Nobiscum
716 2019 1107 2084 Deus»’.0uid
1142 2038 1312 2093 porro
1344 2021 1489 2078 illud
1523 2028 1808 2096 estquam
1844 2028 2021 2079 Deum

361 2107 421 2163 in
453 2124 626 2163 carne
659 2109 877 2164 factum
908 2108 1082 2165 esse?
1114 2110 1272 2166 Idem
1304 2127 1538 2183 quoque
1571 2111 1884 2184 apostolica
1917 2113 2025 2168 do-

367 2202 458 2252 cet
486 2198 741 2267 traditio,
769 2201 894 2253 tum
930 2200 1097 2254 beato
1132 2203 1298 2256 Petro
1328 2201 1557 2256 dicente
1593 2219 1605 2258 :
1637 2201 1855 2258 Chrislo
1901 2204 2025 2274 igi-

368 2290 463 2342 tur
491 2302 591 2355 pro
621 2288 775 2343 nobis
803 2303 973 2343 carne
999 2290 1330 2359 passo’;tum
1364 2289 1544 2345 Paulo
1572 2290 2028 2357 scribente,«Ex-

379 2380 711 2447 spectantes
742 2377 971 2431 beatam
1006 2393 1166 2448 spem
1201 2381 1258 2433 et
1286 2378 1595 2434 adventum
1632 2380 1775 2435 181
1830 2380 2027 2452 gloria

381 2463 581 2535 magni
613 2463 708 2519 Dei
741 2470 797 2519 et
825 2466 1139 2522 Salvatoris
1168 2466 1350 2521 nostri
1380 2467 1517 2522 Jesu
1542 2467 1891 2540 Christi,qui
1924 2470 2027 2526 de-

377 2552 463 2606 dit
495 2553 877 2624 semetipsum
914 2570 1015 2624 pro
1048 2554 1310 2620 nobis,ut
1331 2556 1637 2611 redimeret
1655 2574 1759 2612 nos
1774 2559 1846 2613 ab
1867 2559 2029 2615 omni

375 2645 631 2712 peccato,
664 2647 721 2697 et
760 2644 1071 2698 mundaret
1099 2643 1208 2698 sibi
1243 2643 1521 2717 populum
1557 2646 1929 2717 peculiarem,
1971 2653 2030 2703 et

374 2734 719 2795 sectatorem
753 2730 1037 2787 bonorum
1070 2734 1371 2804 operum'.
1396 2734 1741 2797 nQuomodo
1770 2752 1906 2809 ergo
1937 2753 2026 2793 se-

372 2818 570 2890 ipsum
605 2836 709 2891 pro
742 2820 909 2876 nobis
941 2821 1218 2886 dedisset,
1255 2822 1370 2877 nisi
1401 2839 1632 2879 carnem
1692 2826 2029 2896 gestasset?

373 2907 525 2962 hanc
581 2908 736 2963 enim
798 2909 1068 2976 offerens,
1102 2912 1486 2982 semetipsum
1517 2928 1621 2983 pro
1657 2913 1823 2969 nobis
1845 2914 2025 2984 d'edit,

374 3001 441 3051 ut
471 3002 716 3053 mortem
752 2997 808 3052 in
844 2998 944 3053 illa
973 3000 1303 3065 subeundo,
1335 3000 1635 3056 diabolum
1670 3004 1878 3057 mortis
1917 3005 2027 3058 im-

372 3086 601 3157 perium
636 3085 948 3141 habentem
985 3087 1518 3160 proﬂigaret‘.Hinc
1547 3090 1766 3160 gratias
1797 3108 2032 3163 semper

371 3173 602 3245 agimus
633 3175 691 3228 in
725 3175 962 3230 nomine
990 3175 1127 3231 Jesu
1152 3177 1386 3243 Christi,
1422 3193 1611 3248 neque
1642 3179 1888 3249 gratiam
1923 3197 2024 3236 no-
2058 3211 2101 3279 ο

370 3262 463 3318 bis
496 3278 596 3332 per
645 3262 839 3333 ipsum
901 3266 1216 3335 prastitam
1275 3265 1680 3336 repudiamus.
1739 3268 2028 3339 Corporea

372 3350 528 3406 enim
587 3350 904 3408 Salvatoris
956 3353 1262 3424 praesentia
1297 3353 1502 3408 mortis
1532 3354 1642 3411 fuit
1673 3356 1943 3427 pretium,
1970 3363 2030 3413 et

372 3454 568 3493 rerum
603 3440 869 3495 omnium
901 3446 1224 3495 creatarum
1260 3440 1444 3499 salus.
1477 3442 1777 3510 Quocirca,
1802 3444 2023 3502 charis-

371 3525 520 3583 sime
550 3532 605 3580 et
633 3527 1018 3597 optatissime.
1042 3528 1099 3583 hi
1127 3530 1387 3600 quidem,
1416 3531 1517 3602 qui
1547 3531 1803 3604 diligunt
1834 3533 2025 3590 Domi-

371 3631 538 3685 num,
572 3631 639 3669 ex
669 3615 840 3671 dictis
870 3619 1323 3673 commonetiant
1354 3635 1366 3673 :
1403 3621 1503 3693 qui
1537 3637 1670 3676 vero
1720 3622 2027 3679 imitantur

369 3702 607 3770 Judam,
632 3710 689 3759 et
723 3705 1030 3761 Dominum
1063 3708 1432 3776 deserunt,ut
1460 3709 1737 3781 Caipham
1771 3728 2022 3783 aequan-

369 3795 484 3859 tur,
517 3809 584 3847 ex
617 3792 823 3849 iisdem
853 3795 1270 3862 dedoceantur,
1303 3798 1350 3852 si
1402 3798 1574 3854 modo
1626 3800 1826 3871 velint,
1885 3806 2014 3856 tan-

370 3880 620 3951 demque
678 3883 1047 3939 erubescant.
1079 3885 1348 3941 Noverint
1379 3886 1559 3959 igitur
1589 3903 1715 3955 nos,
1744 3905 1876 3943 cum
1910 3888 2020 3944 Do-

368 3968 596 4025 minum
631 3970 686 4025 in
720 3987 893 4028 carne
924 3974 1259 4040 adoramus,
1293 3990 1407 4030 non
1442 3992 1564 4031 rem
1603 3982 1855 4032 creatam
1915 3979 2021 4033 ad-

366 4074 564 4125 orare,
626 4062 724 4116 sed
784 4064 1111 4118 Creatorem
1173 4069 1366 4120 creato
1422 4064 1695 4121 indutum
1754 4081 2019 4139 corpore,

366 4149 866 4217 quemadmodum
900 4167 1080 4223 supra
1110 4152 1555 4225 explicavimus.

2130 1934 2332 2007 τέξεται
2413 1935 2562 2005 Υἲὸν,
2646 1931 2736 1988 καὶ
2830 1929 3119 1986 καλέσουσι
3194 1929 3259 1985 τὸ
3343 1924 3518 2001 ὄνομα
3617 1927 3787 1983 αὐτοῦ

2131 2021 2513 2097 Ἐμμανουήλ,
2566 2020 2597 2076 ὅ
2645 2022 2757 2077 ἐστι
2802 2018 3362 2096 μεθερμηνευόμενον,
3432 2018 3566 2074 Μεθ’
3621 2020 3788 2088 ἡμῶν

2134 2113 2163 2168 ὁ
2193 2111 2345 2175 Θεός.
2404 2111 2473 2169 Τί
2532 2108 2589 2167 δὲ
2642 2109 2803 2165 τοῦτό
2860 2108 2999 2163 ἐστιν
3056 2109 3091 2179 ἢ
3142 2109 3270 2164 Θεὸν
3329 2105 3381 2161 ἐν
3430 2105 3586 2182 σαρκί
3634 2126 3792 2180 γεγε·

2134 2208 2378 2272 νῆσθαις
2422 2202 2485 2258 Ἡ
2545 2198 2602 2255 δὲ
2656 2196 2996 2266 ἀποστολικὴ
3048 2193 3344 2272 παράδοσις
3402 2191 3660 2266 διδάσκει,
3691 2197 3793 2249 τοῦ

2140 2290 2233 2365 μὶν
2286 2289 2553 2366 μακαρίου
2605 2292 2682 2362 (5)
2741 2288 2946 2362 Πὲτρου
3024 2284 3277 2363 λὲγοντος
3310 2305 3323 2318 ·
3402 2287 3637 2359 Χριστοῦ
3697 2282 3791 2338 οῦν

2138 2380 2271 2453 ὖπὶρ
2320 2381 2481 2451 ἡμῶν
2547 2377 2809 2439 παθόντος
2871 2377 3026 2451 σαρκὶ
3064 2394 3077 2408 ⁸
3135 2378 3233 2430 τοῦ
3285 2372 3343 2429 δὲ
3394 2371 3613 2428 Παύλου
3661 2373 3793 2449 γρά·

2137 2488 2333 2547 φοντος
2367 2487 2380 2500 ο
2426 2462 2868 2543 Ηροσδεχὸμενοι
2941 2466 3044 2534 τήν
3104 2463 3368 2537 μακαρίαν
3423 2459 3637 2532 ἆλπίδα,
3697 2460 3790 2516 καὶ

2136 2555 2443 2632 ἐπιφάνειαν
2491 2561 2590 2626 τῆς
2645 2552 2808 2625 δόξης
2851 2558 2949 2609 τοῦ
3028 2550 3267 2628 μεγάλου
3340 2555 3473 2607 Θεοῦ
3521 2549 3613 2604 καὶ
3668 2554 3793 2604 Σω-

2133 2652 2303 2719 τῆρος
2379 2647 2540 2716 ἡμῶν
2618 2645 2797 2715 Ἰησοῦ
2869 2646 3123 2717 Χριστοῦ,
3203 2638 3261 2702 ὃς
3329 2637 3526 2695 ἔδωκεν
3597 2638 3788 2694 ἑαυτὸν

2140 2734 2271 2808 ὑπὲρ
2330 2736 2515 2806 ἡμῶν,
2569 2731 2661 2787 ’ίνα
2745 2729 3094 2806 λυτρώσηται
3178 2729 3328 2803 ἡμᾶς
3414 2728 3519 2783 ἀπὸ
3603 2727 3791 2798 πάσης

2137 2822 2425 2895 ἁμαρτίας,
2509 2821 2597 2875 καὶ
2679 2820 2943 2895 καθαρίσῃ
3020 2819 3196 2890 ἑαυτῷ
3264 2816 3396 2872 λαὸν
3452 2816 3789 2892 περιούσιον,

2136 2912 2225 2967 καὶ
2294 2910 2549 2981 ζηλωτὴν
2592 2908 2778 2965 καλῶν
2837 2907 3026 2984 ἔργων.
3088 2912 3210 2970 Πῶς
3270 2906 3362 2961 οὖν
3415 2903 3643 2961 δέδωκεν
3693 2905 3784 2960 a6-

2133 3002 2227 3056 τὸν
2259 3003 2336 3073 (6)
2369 2999 2502 3072 ὑπὲρ
2527 2997 2712 3071 ἡμῶν,
2740 2999 2784 3054 εἶ
2839 3000 2915 3071 μὴ
2958 2998 3130 3071 σάρκα
3167 2995 3396 3074 φορίςας
3443 2995 3509 3064 ἦν
3544 3013 3559 3061 ;
3589 2993 3789 3065 ταύτην

2104 3091 2235 3166 ,γὰρ
2291 3088 2652 3165 προσενέγκας
2701 3090 2799 3159 (7),
2850 3086 3037 3142 ἑαυτὸν
3106 3084 3238 3159 ὑπὲρ
3313 3086 3477 3153 ἡμῶν
3538 3080 3786 3152 δέδωκεν,

2133 3176 2226 3248 'lv‘,
2276 3178 2329 3233 ἐν
2383 3176 2557 3251 ἐκείνῃ
2603 3178 2694 3232 τὸν
2744 3175 2968 3240 θάνατον
3015 3171 3429 3246 ἀναδεξάμενος,
3483 3174 3790 3247 καταργήσῃ

2137 3267 2227 3322 τὸν
2258 3268 2320 3322 τὸ
2349 3265 2548 3340 κράτος
2591 3264 2791 3340 ἔχοντα
2835 3267 2934 3319 τοῦ
2982 3262 3208 3326 θανάτου
3259 3256 3540 3317 διάϐολον.
3576 3261 3668 3316 Διὸ
3694 3262 3785 3315 καὶ

2133 3354 2365 3409 πάντοτε
2396 3353 2829 3430 εὐχαριστοῦμεν
2859 3351 2911 3407 ἐν
2942 3356 3021 3423 τῷ
3049 3348 3278 3424 ἆνόματι
3311 3351 3488 3416 Ἰησοῦ
3514 3351 3747 3425 Χριστοῦ
3771 3367 3782 3379 ·

2131 3443 2223 3499 καὶ
2254 3442 2355 3498 οὐκ
2382 3443 2676 3515 άθτεοῦμεν
2717 3440 2819 3511 τήν
2869 3437 2940 3496 δι’
2994 3438 3160 3495 αὐτοῦ
3185 3436 3485 3513 γενοςιὲνην
3519 3438 3680 3513 χάριν
3707 3437 3781 3498 εἲς

2132 3534 2301 3604 ἡμᾶς.
2332 3533 2394 3589 Ἦ
2424 3532 2524 3607 γὰρ
2572 3527 2828 3606 ἔνσαρκος
2880 3528 3149 3606 παρουσία
3191 3532 3292 3583 τοῦ
3338 3534 3598 3604 Σωτῆρος
3625 3527 3783 3581 θανά·-

2131 3642 2229 3677 του
2285 3620 2480 3695 λύτρον
2540 3621 2631 3676 καὶ
2702 3619 2929 3681 κτίσεως
3003 3619 3182 3689 πάσης
3240 3616 3485 3687 σωτηρία
3540 3616 3784 3690 γέγονεν.

2133 3713 2315 3779 "nata,
2351 3710 2597 3785 άγαπητὲ
2624 3709 2714 3764 καὶ
2760 3708 3108 3764 ποθειτότατε
3156 3709 3257 3779 (8),
3307 3705 3360 3760 οἱ
3413 3704 3509 3777 μὶν
3536 3703 3760 3780 ἀγαπῶν

2133 3819 2221 3861 τες
2278 3800 2371 3854 τὸν
2425 3798 2625 3873 Κύριον
2678 3796 3271 3871 ὑπομιμνθσκὲσθωσαν
3333 3792 3395 3849 lx
3442 3791 3650 3848 τούτων
3679 3812 3692 3826 ·
3731 3794 3787 3847 οἱ

2133 3886 2189 3944 δὲ
2219 3889 2311 3943 τὸν
2344 3884 2522 3945 Ἰούδα
2550 3886 2750 3963 τρόπον
2810 3885 3209 3961 μιμησάμενοι,
3252 3882 3343 3938 καὶ
3364 3879 3787 3944 “καταλιπόντες

2128 3976 2219 4033 τὸν
2254 3976 2471 4048 Κύριον,
2497 3975 2591 4031 ἵνα
2643 3975 2778 4048 μετᾶ
2819 3977 2919 4031 τοῦ
2966 3974 3179 4050 Καϊάφα
3224 3974 3302 4045 (9)
3359 3971 3646 4046 γένωνται,
3696 3989 3790 4042 με·

2128 4063 2625 4129 ταπαιδευὲσθωσαν
2675 4063 2727 4119 ἐν
2774 4062 3013 4129 τούτοις,
3063 4060 3152 4118 ἰὰν
3204 4062 3306 4137 ἄρα
3334 4060 3662 4130 θελήσωσιν,
3694 4057 3787 4113 ζαν

2130 4151 2232 4230 ἄρα
2262 4154 2620 4230 αίσχυνθῶσι.
2671 4153 2770 4208 Καὶ
2827 4151 3255 4228 γινὼσκὲτωσαν,
3308 4146 3415 4218 ὅτι,
3464 4148 3560 4203 τὸν
3588 4147 3788 4222 Κύριον

368 4232 422 4288 ἐν
481 4235 636 4309 σαρκὶ
666 4242 1115 4308 προσκυνοῦντες.
1166 4239 1227 4295 οὐ
1271 4240 1524 4313 κτίσματι
1571 4245 2007 4315 προσκυνοῦμεν,
2052 4238 2201 4299 ἀλλὰ
2244 4244 2338 4298 τὸν
2391 4241 2614 4313 κτίστην
2662 4237 3021 4314 ἐνδυσάμενον
3076 4238 3141 4294 τὸ
3191 4237 3405 4293 κτιστὸν
3439 4239 3621 4309 σῶμα,
3648 4234 3792 4289 κὰθᾶ

368 4322 700 4398 προείπομεν
713 4371 724 4383 ,

441 4417 497 4470 7.
534 4415 748 4471 Vellem
781 4434 914 4474 vero
946 4424 1010 4473 ut
1042 4423 1137 4474 tua
1171 4420 1358 4491 pietas
1389 4420 1497 4477 hoc
1527 4420 1599 4476 ab
1656 4421 1775 4476 illis
1832 4420 2027 4477 scisci-

371 4507 613 4559 taretur.
646 4504 865 4578 Nempe
897 4523 1026 4561 cum
1067 4508 1342 4564 Israelita:
1380 4509 1807 4582 Jerosolymam
1851 4510 2026 4580 jube-

373 4592 591 4648 bantur
619 4595 955 4661 ascendere,
989 4601 1053 4650 ut
1085 4598 1396 4653 adorarent
1426 4598 1484 4652 in
1515 4598 1736 4670 tempto
1767 4597 1999 4653 Domini

2203 4423 2259 4476 7.
2294 4414 2676 4493 Ἐϐουλόμεθα
2707 4416 2765 4474 δὶ
2787 4419 2888 4487 τὴν
2938 4418 3037 4487 σήν
3067 4412 3349 4473 εὐλάϐειαν
3376 4414 3633 4479 πυθὲσθαι
3660 4399 3790 4489 παρ’

2134 4508 2309 4563 αὐτῶν
2340 4512 2502 4563 τοῦτο
2536 4526 2549 4540 ·
2600 4508 2762 4577 ἡνίκα
2813 4507 2842 4561 ὁ
2882 4503 3101 4581 Ἰσραὴλ
3152 4503 3432 4560 ὶκελεύετο
3465 4501 3789 4578 ἀνέρχεσθαι

2138 4595 2212 4658 εἷς
2239 4598 2338 4665 τήν
2401 4594 2764 4670 Ἰερουσαλὴμ
2811 4614 3126 4670 προσκυνειν
3179 4592 3231 4648 ἐν
3279 4596 3361 4665 τῷ
3414 4596 3531 4663 ναῷ
3561 4588 3787 4664 Κυρίου,

375 4645 445 4648 -ρ
624 4645 955 4661 hum-vv.
994 4645 1052 4650 ν-
1086 4645 1396 4653 ην---νω
1519 4645 1733 4670 -ν--ιι--
1767 4645 2017 4666 -——----.

374 4680 474 4737 ubi
507 4681 774 4738 videlicet
804 4699 937 4739 arca
969 4691 1112 4753 erat,
1146 4703 1326 4759 supra
1356 4703 1530 4759 quam
1563 4686 1864 4743 cherubim
1898 4687 2017 4758 glo-

2139 4645 2210 4658 ~-~
2250 4645 2332 4665 --ι-
2422 4645 2466 4652 -ν
2516 4645 2764 4668 -τνν---ιι-
2819 4645 2848 4649 η
2897 4645 3117 4650 η-τ--π
3183 4645 3200 4648 -
3299 4645 3350 4665 ντ
3457 4645 3515 4663 ν.
3641 4645 3651 4664 .
3776 4645 3786 4658 .

2135 4681 2257 4749 ἔνθα
2284 4688 2318 4755 ἡ
2351 4645 2587 4746 κιϐωτὸς
2615 4684 2703 4739 καὶ
2755 4645 3004 4760 ὑπεράνω
3049 4682 3250 4753 ταύτης
3282 4682 3350 4736 τὰ
3379 4674 3658 4756 χιρουϐὶμ.
3686 4686 3790 4749 τῆς

374 4770 473 4825 rice
504 4770 852 4841 obtegebant
874 4772 1367 4845 prepitiatorium,
1401 4776 1623 4831 benene
1652 4776 1923 4849 agebant,
1947 4792 2021 4831 an

372 4857 568 4915 male?
596 4859 654 4915 Si
684 4860 836 4915 male
867 4864 1121 4933 agebant
1152 4880 1164 4917 :
1195 4880 1301 4919 cur
1330 4865 1387 4919 bi
1439 4864 1541 4936 qui
1598 4864 1786 4938 legem
1846 4864 2021 4920 istam

370 4947 753 5020 negligerent,
787 4951 1199 5008 multabantur
1221 4953 1249 5008 ‘I
1281 4954 1579 5027 Scriptum
1611 4956 1768 5009 enim
1800 4955 2025 5022 est:Qui

367 5040 748 5109 contempserit
813 5056 911 5096 nec
969 5042 1293 5111 ascenderit,
1345 5044 1551 5114 peribit
1603 5045 1674 5099 de
1725 5044 1928 5116 populo
1977 5043 2018 5098 ⁸.

367 5125 466 5182 Sin
503 5133 696 5182 autem
728 5135 884 5184 recte
915 5131 1183 5203 agebant,
1211 5146 1396 5204 eaque
1425 5133 1483 5187 in
1517 5149 1577 5187 re
1607 5134 1823 5205 accepti
1856 5137 2023 5189 erant

437 5240 483 5276 ⁹⁹
517 5240 663 5314 Psal.
696 5258 829 5314 xm,
862 5244 914 5299 3.

364 5328 481 5385 va,
516 5313 603 5371 16.

441 5427 519 5507 (ξι)
553 5431 634 5507 Ita
664 5428 907 5507 Seguer,
937 5432 1111 5507 Basil-
1147 5439 1205 5490 et
1234 5432 1460 5507 Anglic.
1494 5438 1568 5490 At
1595 5434 1693 5507 alii
1715 5440 1772 5491 et
1790 5434 1954 5507 editi,
1976 5435 2011 5502 ἡ

370 5499 594 5593 οδω]ηέ
627 5499 789 5593 ιιιιῑεὶ.⁵
818 5500 975 5591 ὀρθή.
1004 5505 1179 5593 [idem
1215 5499 1447 5593 Seguer.
1482 5506 1656 5593 I‘Sasill.
1692 5499 2009 5593 etOAn‘glic.‘

369 5586 524 5649 nios,
557 5569 963 5649 άποστολοκῆς,
996 5582 1053 5632 et
1085 5577 1251 5649 intra,
1286 5569 1647 5649 ἆποστολική,
1680 5579 1778 5636 ubi
1829 5569 1926 5635 alii
1957 5584 2013 5634 et

369 5641 531 5706 editi,
571 5639 916 5702 ἀποστόλων.

445 5712 522 5782 (5)
557 5713 649 5770 Sic
686 5721 811 5785 Seg.
846 5718 1016 5774 Basil.
1063 5724 1121 5776 et
1176 5719 1395 5791 Anglic.
1446 5720 1560 5777 Alii
1590 5736 1727 5779 vero
1758 5727 1814 5778 et
1842 5719 2006 5790 editi,

1015 5248 1032 5281 ί
1069 5246 1179 5302 lsa.
1212 5263 1312 5316 vn,
1347 5248 1445 5317 14;
1478 5247 1683 5305 Matth.
1718 5265 1757 5319 ι,
1788 5248 1878 5305 23.
1975 5248 1996 5282 ³
2031 5248 2050 5303 Ι
2082 5250 2235 5303 Petr.
2269 5263 2346 5316 ιν,
2377 5246 2429 5302 l.

2135 4772 2303 4845 δόκης
2330 4775 2757 4843 κατασκιάζοντα
2800 4773 2863 4829 τὸ
2912 4772 3256 4847 ἱλαστήριον,
3285 4767 3468 4832 καλῶς
3495 4766 3719 4823 ἐποίουν
3752 4767 3789 4837 ἢ

2130 4862 2442 4918 τούναντίον
2479 4881 2493 4931 ;
2526 4861 2590 4919 Εἰ
2626 4863 2720 4935 μὶν
2754 4861 2845 4917 οὖν
2879 4858 3103 4940 φαύλως
3132 4855 3419 4932 ἔπραττον,
3448 4860 3567 4919 πῶς
3595 4856 3649 4911 o't
3690 4860 3791 4912 τοῦ

2130 4951 2301 5024 νόμου
2328 4951 2525 5007 τούτου
2562 4948 3065 5028 κατολιγωροῦντες
3116 4948 3220 5004 ὑπὸ
3267 4945 3542 5020 ἇπιτιμίαν
3574 4942 3788 5020 ἐγίνον-

2130 5059 2241 5107 to;
2309 5039 2613 5116 Γέγραπται
2660 5040 2765 5117 γὰρ
2800 5059 2813 5072 °
2871 5042 2967 5102 ὐς
3022 5038 3110 5094 ἐὰν
3171 5038 3492 5109 ὲξουθενήση
3541 5033 3633 5089 καὶ
3709 5035 3786 5107 μὴ

2132 5124 2327 5203 ἀναϐῇ,
2386 5128 2898 5206 ἐξολοθρευθήσεται
2953 5127 3014 5183 ἐκ
3062 5133 3160 5182 τοῦ
3216 5126 3351 5183 λαοῦ
3384 5144 3397 5159 ⁸
3432 5125 3479 5180 εί
3510 5121 3568 5179 δὶ
3595 5119 3791 5186 καλῶς

2524 5248 2546 5282 ³
2576 5246 2690 5302 Tit.
2729 5264 2787 5314 ιι,
2823 5245 2909 5301 13.
3003 5244 3025 5279 ⁸
3056 5244 3228 5301 Hebr.
3261 5259 3325 5308 ιι,
3357 5239 3439 5294 14.
3551 5237 3575 5272 ⁸
3609 5239 3784 5294 Dent.

2121 5448 2343 5500 vocem,
2382 5430 2646 5505 μακαρίου
2677 5431 2973 5489 omittunt.

2218 5506 2273 5575 6)
2302 5508 2467 5560 Forte
2497 5504 2703 5561 ἑαυτὸν.

2298 5576 2710 5665 geguerianus.
2744 5572 3141 5665 αιτροσενεγκιιίῖνἶ

2212 5634 2267 5711 8)
2302 5634 2404 5703 Κᾶἷ
2435 5634 3091 5711 ποθεινότατεόῐηίὶὶίιηῐ
3132 5642 3296 5701 Gobl.
3329 5644 3388 5698 et
3428 5634 3750 5698 Felckm.l

2190 5648 2246 5717 (8
2302 5648 2404 5703 Καὶ
2435 5648 2942 5711 ποθεινότατεόϊιιϋ

2190 5648 2269 5791 (9)
2297 5720 2704 5793 Seguerianus.
2738 5715 2942 5791 Καΐφα.
