4048 6380
240 410 368 471 1081

1148 416 1528 478 EPISTOLA
1579 417 1677 476 AD
1725 415 2178 474 ADELPHIUM
2231 416 2702 478 EPISCOPUM.

3480 420 3632 482 108³2

241 541 510 615 ἔπραττον,
557 545 644 599 καὶ
693 544 746 600 ἦν
794 545 974 620 τούτῳ
1029 547 1303 624 εὐάρεστοι
1350 553 1430 620 τῷ
1459 546 1575 619 Θεῷ
1622 549 1736 620 (10)
1763 545 1873 620 ἐγί-

1994 547 2124 617 Deo,
2159 564 2352 603 annon
2388 547 2710 604 sexcenties
2743 548 2888 604 mori
2949 550 3108 621 digni
3170 555 3313 606 sunt
3367 551 3631 606 scelerati

241 652 404 687 νοντο”
461 637 576 694 πῶς
629 633 729 688 οὐκ
766 633 1113 691 ἀπολωλέναι
1169 635 1442 698 πολλάκις
1492 635 1620 690 εἰσὶν
1654 633 1790 707 ἄξιοι
1825 634 1876 688 οἳ

245 720 420 795 μιαροὶ
473 721 562 774 καὶ
613 721 789 792 πάσης
837 722 1092 797 αἱρέσεως
1139 723 1413 798 α’ίσχιστοι
1446 722 1733 795 Ἀρειανοὶ,
1770 722 1876 787 ὅτι,

239 809 323 864 τὸν
352 807 525 863 πάλαι
582 807 711 864 λαὸν
762 808 1162 885 ἀποδεχόμενοι
1215 809 1304 865 διὰ
1331 811 1428 880 τὴν
1461 811 1596 883 πρὸς
1629 809 1718 864 τὸν
1746 806 1875 863 ναὸν

239 898 416 970 τιμήν,
452 897 513 952 ού
565 897 857 973 βούλονται
903 901 992 954 τὸν
1047 900 1240 976 Κύριον
1273 899 1326 954 ἐν
1359 899 1536 975 σαρκὶ,
1569 899 1644 960 ὡς
1678 898 1730 952 ἐν
1761 902 1875 970 ναῷ

238 982 374 1054 ὄντα,
425 992 743 1063 προσκυνεῖν
782 1007 794 1056 ;
832 989 1014 1043 Καίτοι
1049 990 1076 1043 6
1124 989 1289 1044 πάκαι
1335 989 1458 1050 ναὸς
1503 987 1562 1044 ἐκ
1609 988 1776 1052 λίθων
1807 990 1874 1057 ἦν

237 1076 316 1130 καὶ
364 1080 572 1151 χρυσοῦ
626 1080 1094 1149 κατασκευασθεὶς,
1154 1078 1229 1139 ὡς
1286 1080 1441 1132 σκιά’
1502 1076 1762 1148 ἐκθούσης
1820 1074 1877 1131 δὲ

236 1171 325 1234 τῆς
381 1162 660 1234 ἀληθείας,
714 1167 978 1220 πέπαυται
1038 1164 1232 1221 λοιπὸν
1292 1167 1320 1220 6
1375 1165 1574 1234 τύπος,
1629 1166 1720 1220 καὶ
1778 1165 1877 1220 οὐκ

241 1249 428 1327 ἔμεινε,
457 1253 592 1308 κατά
623 1254 721 1322 τήν
751 1257 1022 1329 Κυριακήν
1056 1258 1260 1332 φωνὴν,
1295 1253 1450 1316 λίθος
1500 1255 1587 1310 ἐπὶ
1638 1253 1787 1318 λίθον
1821 1253 1872 1310 ἐν

235 1342 394 1414 αύτῷ,
427 1343 487 1405 ’ὸς
520 1342 580 1397 ού
609 1341 904 1413 κατελύθη.
940 1345 1035 1399 Καὶ
1089 1341 1232 1416 οὔτε,
1280 1345 1371 1398 τὸν
1423 1345 1547 1398 ναὸν
1583 1343 1872 1420 βλέποντες

232 1429 287 1487 ἐκ
314 1429 503 1502 λίθων,
563 1427 813 1505 ἐνόμιζον
845 1433 934 1487 καὶ
990 1433 1081 1488 τὸν
1142 1433 1192 1488 ἐν
1245 1433 1392 1505 αὐτῷ
1444 1437 1557 1505 ναῷ
1602 1432 1875 1489 λαλοῦντα

233 1521 415 1596 Κύριον
466 1522 596 1575 εἶναι
647 1521 887 1594 κτίσμα,
938 1519 1080 1594 οὔτε,
1128 1523 1219 1577 τὸν
1279 1523 1405 1577 ναὸν
1461 1523 1870 1594 ἐξουθενοῦντες,

231 1611 592 1686 ἀπερχόμενοι
651 1612 857 1686 μακρὰν
927 1611 1292 1687 προσεκύνουν
1332 1633 1343 1644 ο
1405 1610 1530 1667 ἀλλ’
1583 1611 1658 1672 είς
1713 1611 1874 1666 αὐτὸν

229 1698 509 1776 ἰρχόμενοι
561 1700 816 1773 νομίμως
867 1699 1152 1774 ἐλάτρευον
1199 1705 1276 1772 τῷ
1325 1705 1440 1772 Θεῷ
1482 1700 1588 1755 ἀπὸ
1616 1705 1713 1755 τοῦ
1743 1704 1874 1754 ναοῦ

225 1788 639 1864 χρηματίζοντι.
690 1789 898 1844 Τούτου
949 1787 1005 1844 δὲ
1055 1789 1227 1851 οὕτως
1280 1790 1596 1865 γενομένου,
1647 1794 1764 1851 πῶς
1810 1789 1873 1843 τὸ

223 1883 374 1950 σῶμα
417 1881 512 1932 τοῦ
563 1877 793 1954 Κυρίου,
850 1878 910 1934 τὸ
960 1880 1072 1951 (11)
1123 1879 1378 1952 πανάγιον
1436 1877 1525 1932 καί
1574 1875 1873 1932 πάνσεπτον

222 1965 453 2037 ἀληθῶς,
516 1966 620 2022 ὑπὸ
670 1967 766 2039 μὲν
816 1971 913 2022 τοῦ
971 1967 1316 2044 ἀρχαγγὲλου
1364 1961 1608 2043 Γαϐριὴλ
1649 1966 1863 2042 εὐαγγε-

223 2054 395 2111 λισθὲν
454 2056 556 2111 ὑπὸ
617 2053 674 2111 δὲ
729 2060 824 2110 τοῦ
883 2056 972 2111 ἁί
1099 2062 1116 2111 1
1209 2055 1232 2092 ·’
1390 2077 1411 2092 ν
1648 2057 1664 2075 ⁸
1845 2058 1860 2079 ‘

405 2099 418 2122 ,
917 2077 1040 2132 γου
1119 2063 1410 2130 Ινεδματο..
1467 2055 1723 2125 πλασθεν,
1774 2075 1861 2111 και

220 2149 308 2200 τοῦ
359 2144 542 2220 Λόγου
595 2146 820 2221 γεγονὸς
871 2147 984 2219 (12)
1033 2141 1267 2218 ἔνδυμα,
1325 2145 1387 2200 ού
1437 2143 1863 2220 προσκυνητόν;

224 2235 383 2305 Χεῖρα
429 2239 558 2310 γοῦν
607 2236 922 2306 σωματικὴν
965 2233 1200 2296 ἐκτείνας
1233 2235 1259 2289 6
1287 2233 1483 2309 Λόγος,
1535 2232 1720 2311 ἤγειρε
1766 2235 1866 2303 τήν

219 2321 601 2398 πυρέσσουσαν·
644 2323 733 2377 καὶ
787 2324 972 2398 φωνὴν
1014 2322 1356 2399 ἀνθρωπίνην
1415 2324 1567 2398 ἀφεὶς
1607 2369 1619 2392 ,
1678 2331 1866 2400 ἤγειρε

218 2412 303 2467 τὸν
339 2411 579 2487 Λάζαρον
626 2411 685 2467 ἐκ
735 2409 936 2487 νεκρῶν
991 2415 1121 2486 (l3)'
1173 2413 1261 2468 καὶ
1311 2411 1477 2467 πάλιν
1524 2413 1618 2474 τάς
1672 2420 1864 2488 χεῖρας

218 2500 444 2562 ἐκτείνας
474 2499 561 2556 ἐπὶ
592 2505 689 2556 τοῦ
737 2507 990 2576 σταυροῦ,
1035 2503 1128 2556 τὸν
1182 2502 1274 2574 μὲν
1323 2499 1563 2577 ἄρχοντα
1590 2509 1690 2572 τῆς
1723 2503 1863 2573 ἐξουο

215 2590 328 2650 σίας
385 2595 483 2644 τοῦ
541 2590 716 2665 ἀέρος,
773 2595 870 2644 τυῦ
917 2595 1006 2644 νῦν
1065 2591 1413 2665 ἐνεργοῦντος
1470 2589 1520 2645 ἐν
1579 2596 1696 2653 τοῖς
1727 2592 1865 2652 υἱοῖς

213 2685 309 2747 τῆς
362 2679 652 2746 ἀπειθείας,
699 2674 986 2746 κατέϐαλε,
1033 2681 1132 2748 τὴν
1185 2677 1241 2734 δὲ
1285 2677 1407 2734 ὁδὸν
1463 2681 1599 2752 ἡμῖν
1650 2679 1702 2734 ἐν
1746 2686 1862 2743 τοῖς

219 2766 464 2841 οὐρανοῖς
492 2769 726 2843 καθαρὰν
769 2767 961 2826 ἐποίει.

288 2859 340 2911 8.
370 2855 578 2913 Ούκοῦν
609 2857 636 2911 6
669 2859 779 2929 (14)
829 2857 924 2911 τὸν
972 2857 1096 2911 ναὸν
1146 2858 1441 2930 ἀτιμάζων,
1492 2856 1742 2930 ἀτιμάζει
1771 2859 1862 2912 τὸν

224 2944 273 2998 ἐν
304 2945 382 3016 τῷ
415 2949 524 3016 ναῷ
559 2944 770 3020 Κύριον·
804 2945 892 3000 καὶ
925 2947 953 3000 6
996 2943 1218 3020 διαιρῶν
1267 2946 1357 3000 τὸν
1405 2947 1586 3020 Λόγον
1635 2946 1742 3000 ἀπὸ
1769 2950 1866 3000 τοῦ

223 3034 498 3106 σώματος,
529 3035 707 3097 ἀθετεῖ
733 3035 832 3103 τήν
881 3034 1043 3110 χάριν
1094 3037 1194 3104 τὴν
1225 3032 1472 3098 δοθεῖσαν
1513 3037 1648 3106 ἡμῖν
1682 3033 1733 3088 ἐν
1766 3035 1864 3088 αὐ-

224 3126 318 3194 τῷ.
373 3122 474 3178 Καὶ
523 3118 867 3178 ἀσεϐέστατοι
923 3121 980 3178 δὲ
1027 3125 1430 3198 Ἀρειομανῖται
1489 3126 1564 3196 μὴ
1601 3168 1616 3190 ,
1674 3121 1862 3194 ἐπειδή

223 3211 283 3265 τὸ
332 3216 490 3284 σῶμα
539 3213 751 3267 κτιστόν
802 3212 911 3267 ἐστι
943 3256 956 3280 ,
1007 3211 1370 3285 νομιζέτωσαν
1415 3213 1504 3267 καὶ
1547 3213 1635 3267 τὸν
1689 3212 1861 3287 Λόγον

225 3300 350 3354 εἶναι
383 3299 602 3371 κτίσμα,
640 3298 779 3372 μηδὲ
809 3298 898 3356 διὰ
925 3305 986 3356 τὸ
1021 3303 1097 3374 μὴ
1132 3301 1264 3356 εἶναι
1294 3301 1385 3355 τὸν
1418 3303 1595 3377 Λόγον
1639 3303 1861 3374 κτίσμα,

221 3385 658 3445 διαϐαλλέτωσαν
689 3391 751 3446 τὸ
805 3395 964 3464 σῶμα
1015 3390 1199 3446 αὐτοῦ.
1251 3389 1528 3464 Θαυμάσαι
1573 3392 1674 3466 γάρ
1719 3390 1860 3446 ἐστιν

215 3477 390 3532 αὐτῶν
448 3479 546 3548 τὴν
599 3480 910 3548 κακόνοιαν,
971 3481 1052 3534 δτι
1128 3479 1217 3534 καὶ
1295 3479 1464 3535 πάντα
1517 3485 1719 3535 κυκῶσι
1773 3478 1861 3535 καί

216 3567 492 3644 φύρουσι,
547 3568 636 3622 καὶ
693 3569 988 3645 προφάσεις
1047 3568 1447 3642 ἐφευρίσκουσιν
1483 3615 1496 3640 ,
1549 3567 1642 3623 ⁹ίνα
1695 3570 1860 3641 μόνον

212 3655 303 3710 τὸν
340 3656 560 3728 κτίστην
592 3663 707 3720 τοῖς
736 3657 990 3730 κτίσμασι
1026 3659 1519 3734 συναριθμήσωσιν.
1554 3660 1667 3730 (15)
1708 3657 1861 3714 Ἀλλ’

212 3743 572 3800 ἀκουέτωσαν·
628 3745 693 3802 Εἰ
741 3745 942 3818 κτίσμα
990 3747 1056 3816 ἧν
1097 3747 1125 3800 ὁ
1179 3746 1377 3820 Λόγος,
1431 3746 1494 3800 ού
1541 3745 1856 3820 προσελάμ-

213 3829 342 3888 ϐανε
372 3835 434 3888 τὸ
462 3836 676 3890 κτιστὸν
704 3840 884 3908 σῶμα,
919 3835 1002 3889 ἶνα
1042 3835 1171 3890 αὐτὸ
1225 3837 1560 3910 ζωοποιήσῃ.
1594 3835 1730 3890 Ποία
1757 3837 1858 3911 γὰρ

209 3929 329 3983 τοῖς
358 3924 615 3996 κτίσμασι
664 3925 810 3998 παρὰ
849 3925 1144 3995 κτίσματος
1195 3920 1334 3979 ἔσται
1375 3925 1618 4000 βοήθεια,
1665 3921 1856 3997 δεομέ-

208 4031 312 4065 νου
371 4013 457 4066 καὶ
533 4011 696 4066 αὐτοῦ
755 4012 1027 4088 σωτηρίας
1084 4031 1096 4082 ;
1161 4011 1315 4070 Ἀλλ’
1370 4011 1582 4083 ἐπειδὴ,
1640 4013 1859 4085 κτίστης

209 4096 287 4153 ὢν
319 4102 434 4171 (16)
468 4100 496 4153 ὁ
533 4099 728 4174 Λόγος,
772 4099 928 4162 αὐτὸς
973 4098 1314 4177 δημιουργὸς
1362 4103 1547 4178 γέγονε
1590 4107 1698 4157 τῶν
1742 4124 1856 4157 κτι·

207 4188 457 4260 σμάτων·
494 4185 583 4242 διὰ
627 4193 787 4244 τοῦτο
835 4188 924 4244 καὶ
973 4188 1059 4244 ἐπὶ
1108 4189 1387 4261 συντελείᾳ
1415 4196 1521 4246 τῶν
1550 4191 1762 4246 αἰώνων
1793 4192 1856 4247 τὸ

203 4277 424 4332 κτιστὸν
471 4276 628 4340 αὐτὸς
680 4276 960 4334 ἐνεδύσατο
1008 4281 1149 4352 (17),
1195 4277 1288 4334 ’ίνα
1335 4278 1498 4335 πάλιν
1547 4279 1731 4352 αὐτὸς,
1782 4281 1858 4346 ὡς

199 4368 454 4438 κτίστης,
511 4367 859 4443 ἀνακαινίσῃ,
908 4368 997 4424 καὶ
1045 4369 1342 4438 ἀναστῆσαι
1387 4375 1547 4424 τοῦτο
1596 4367 1803 4445 δυνηθῇ
1841 4416 1852 4427 .

196 4456 425 4528 Κτίσμα
473 4453 530 4511 δὲ
584 4458 687 4512 ὑπὸ
730 4457 1024 4530 κτίσματος
1075 4457 1173 4513 οὐκ
1203 4456 1260 4512 ἂν
1294 4479 1425 4513 ποτε
1465 4461 1638 4533 σωθῇ,
1673 4459 1854 4536 ὥσπερ

193 4541 332 4600 οὗδὶ
387 4546 487 4600 ὑπὸ
533 4545 825 4620 κτίσματος
871 4546 1187 4619 ἐκτίσθησαν
1235 4547 1304 4602 τὰ
1353 4546 1642 4621 κτίσματα,
1695 4548 1740 4602 εί
1775 4550 1850 4622 μὴ

270 4715 293 4748 ⁸
328 4713 536 4772 Matth.
578 4734 730 4784 xxxv,
759 4720 812 4773 2.
889 4720 909 4754 "
940 4719 1070 4774 Luc.
1099 4735 1176 4786 1v,
1205 4719 1276 4774 26
1305 4733 1468 4790 seqq.

422 4882 680 4976 ἓρ-ὗίοιςθξ.
703 4886 957 4976 Felqkm.
992 4888 1045 4952 1,
1074 4887 1400 4976 εύηρίιστουν
1428 4889 1673 4976 τῇιιθεῷ.

270 4954 390 5024 (il)
422 4954 708 5041 Sic-editi,
741 4959 837 5041 send
872 4954 1257 5041 manuscripti
1279 4975 1394 5041 ‘pro
1424 4954 1490 5041 rvi
1515 4954 1732 5015 habent
1764 4955 1848 5029 οὐ,

187 5027 761 5152 αἴθωωρᾶςίίίουιοω
788 5027 1360 5101 ὃθειιοτίαιιιιέὶηίὶει
1390 5035 1523 5086 ante
1552 5027 1850 5104 προσκυνηέ

187 5118 215 5150 τ
259 5118 286 5148 ν
325 5113 358 5151 o
427 5114 444 5150 ι
502 5115 514 5151 ι
551 5139 563 5152 .

180 5118 286 5150 τον
325 5118 563 5152 omnum.

180 5167 592 5292 yéggngasil.
627 5175 684 5225 et
709 5170 1036 5243 Anglican.,
1083 5169 1328 5242 ἐπλάσθη
1379 5171 1467 5226 καὶ
1514 5175 1610 5225 τοῦ
1670 5171 1848 5246 Λόγου

177 5258 752 5388 7EIiiiviivéeguerian.
787 5314 973 5388 addit,
1006 5313 1314 5388 ἐνγνικρῶν,
1349 5315 1634 5388 omittunt
1663 5314 1762 5388 alii
1795 5319 1851 5388 et

177 5383 372 5460 editi._
403 5385 622 5440 Ibidem
657 5385 810 5460 idem
848 5393 903 5441 et
931 5383 1244 5460 Basil.cu'm
1279 5383 1714 5460 Anglicanqxai
1746 5387 1847 5440 πά-

177 5451 279 5546 λιν
317 5454 414 5515 τὰς
448 5461 635 5546 χῗῖρέας
664 5475 676 5511 :
706 5456 807 5546 alii
837 5475 968 5546 vero
998 5465 1055 5546 et
1084 5459 1247 5544 editi,
1277 5451 1460 5543 :ahiSk
1481 5462 1670 5546 χεῖρας
1705 5461 1846 5546 Item

171 5527 692 5610 Seg‘JPPCI—btdem'
719 5530 910 5619 babet,
945 5527 1031 5583 ἐπὶ
1061 5535 1157 5583 τοῦ
1190 5527 1420 5603 σταυροῦ
1466 5527 1586 5619 τίᾷκί
1614 5529 1706 5600 μὲν
1753 5527 1840 5619 ἄρ.

198 5614 394 5682 (ρει-τα,
427 5605 482 5654 et
516 5617 646 5655 mox
681 5602 831 5655 idem
868 5607 924 5656 et
952 5604 1124 5658 Basil.
1163 5619 1293 5658 cum
1354 5602 1686 5714 Anguem“
1747 5602 1846 5670 τὴν

198 5665 244 5720 ἷε
280 5665 436 5730 ὁδόν,
471 5676 578 5728 etc.
616 5672 723 5727 Alii
755 5689 886 5728 vero
918 5680 976 5729 et
1007 5673 1167 5730 editi.
1201 5676 1296 5726 τοῦ
1328 5679 1383 5728 et
1417 5693 1509 5730 μ-ν
1543 5672 1845 5730 omittunt.

176 5685 244 5721 οε
280 5685 436 5738 οοον,
471 5685 578 5728 etc.
616 5685 723 5727 Alll
755 5689 886 5728 vero
918 5685 976 5729 et
1007 5685 1167 5742 editi,
1201 5685 1296 5726 του
1328 5685 1383 5728 et
1417 5685 1509 5745 μεν
1543 5685 1845 5739 omittunt,

170 5743 250 5795 ut
276 5745 338 5794 et
356 5743 724 5801 Bcsiliens.et
747 5742 1562 5816 Anglicenus,habentquexai
1577 5744 1676 5811 τὴν
1694 5739 1842 5800 ὁδόν.

1547 4719 1568 4754 ⁸
1598 4718 1767 4774 Joan.
1799 4736 1878 4791 x1,
1910 4721 1999 4777 43.

1988 635 2430 707 turpissimique
2488 636 2746 691 omnium
2809 636 3212 693 haereticorum
3271 638 3490 702 Ariani,
3533 639 3631 710 qui

1983 725 2197 779 veteris
2231 726 2425 796 populi
2460 742 2597 796 erga
2629 725 2912 796 templum
2947 729 3326 782 reverentiam
3371 727 3632 795 laudant,

1984 817 2042 868 et
2072 813 2383 868 Dominum
2421 815 2476 868 in
2510 831 2682 869 carne
2713 821 2992 884 tanquam
3027 815 3082 868 in
3116 816 3334 886 templo
3358 815 3632 871 exsisten-

1984 904 2101 956 tem
2135 903 2378 956 adorare
2410 903 2707 958 renuunt?
2737 903 2904 972 Atqui
2936 907 3100 958 vetus
3131 904 3415 976 templum
3443 910 3501 959 et
3551 905 3632 959 la-

1985 989 2220 1061 pidibus
2273 995 2329 1045 et
2380 1008 2541 1058 auro,
2572 992 2729 1046 velut
2763 993 2990 1057 umbra,
3024 991 3425 1048 constructum
3462 997 3587 1047 erat
3622 1010 3635 1048 :

1984 1084 2293 1150 postquam
2320 1086 2509 1134 autem
2537 1081 2770 1134 advenit
2791 1081 3150 1149 veritas,jam
3177 1081 3635 1151 evanuitﬁgura,

1985 1186 2088 1224 nec
2123 1169 2272 1240 lapis
2312 1184 2490 1240 super
2547 1168 2822 1237 lapidem,
2883 1171 3225 1224 secundum
3269 1168 3633 1224 Dominicam

1982 1274 2179 1313 vocem
2212 1259 2253 1322 ⁶,
2288 1257 2344 1311 in
2373 1274 2438 1312 eo
2471 1258 2710 1322 mansit,
2743 1258 2839 1327 qui
2871 1275 2980 1312 non
3017 1258 3188 1312 fuerit
3218 1273 3476 1313 eversus.
3521 1258 3635 1313 Nec

1983 1364 2116 1402 vero
2147 1347 2229 1401 illi
2264 1346 2545 1417 templum
2571 1363 2639 1401 ex
2664 1345 2956 1417 lapidibus
2983 1346 3330 1402 aediﬁcatum
3355 1351 3634 1403 contuen-

1983 1440 2089 1501 tes,
2127 1437 2320 1508 ipsum
2359 1436 2534 1490 etiam
2577 1435 2908 1500 Dominum,
2943 1435 3041 1506 qui
3076 1436 3134 1491 in
3165 1452 3231 1491 eo
3261 1436 3635 1507 loquebatur,

1982 1541 2102 1581 rom
2136 1530 2390 1580 creatam
2427 1526 2712 1596 putabant
2740 1540 3080 1595 essezneque
3115 1525 3399 1595 templum
3435 1525 3627 1596 despi-

1983 1614 2200 1670 cientes
2234 1614 2430 1685 procul
2467 1614 2598 1668 inde
2630 1613 2924 1668 adoraturi
2970 1613 3356 1675 recedebant;
3415 1613 3514 1668 sed
3576 1614 3633 1667 in

1981 1704 2124 1759 illud
2183 1706 2452 1776 ingrcssi,
2514 1705 2627 1759 Deo
2681 1703 2918 1759 oracula
2966 1720 2997 1758 e
3046 1702 3267 1776 templo
3299 1704 3490 1758 edenti
3528 1703 3635 1760 rite

1982 1795 2328 1850 serviebant.
2391 1795 2525 1858 Quae
2585 1810 2716 1847 cum
2777 1794 2856 1847 ita
2914 1792 3053 1860 sint,
3115 1809 3186 1847 an
3248 1792 3476 1847 adorari
3539 1793 3630 1847 di-

1901 1920 1948 1984 B
1982 1899 2161 1955 gnum
2218 1889 2307 1938 est
2332 1882 2773 1938 sanctissimum
2807 1898 3057 1953 vereque
3095 1882 3488 1936 venerandum
3522 1882 3632 1947 Do-

1979 1971 2121 2027 mini
2157 1971 2548 2043 corpus,quod
2583 1971 2816 2041 quidem
2851 1971 2921 2024 ab
2969 1969 3318 2040 archangelo
3363 1969 3633 2025 Gabricle

1976 2060 2455 2129 annuntiatum,a
2483 2059 2699 2129 Spiritu
2734 2063 2936 2113 sancto
2970 2059 3280 2112 formatum
3315 2058 3357 2121 ⁸,
3391 2073 3454 2111 ac
3485 2057 3632 2113 Ver-

1975 2149 2032 2204 bi
2067 2149 2284 2203 factum
2317 2152 2408 2202 est
2442 2146 2899 2202 indumentum?
2947 2147 3136 2216 Hujus
3185 2147 3448 2216 corporis
3504 2147 3629 2201 Ver-

1976 2238 2115 2294 bum
2179 2253 2356 2291 manu
2413 2239 2647 2292 extenta
2679 2234 2921 2290 muliere
2953 2235 3094 2289 febri
3131 2234 3494 2290 laborantem
3531 2251 3627 2290 sa-

1975 2325 2139 2381 navit
2169 2327 2273 2386 7.et
2302 2340 2439 2381 voce
2468 2325 2730 2379 humana
2758 2324 2979 2379 emissa
3011 2323 3286 2378 Lazarum
3348 2322 3633 2378 revocavit

1974 2416 2044 2469 ad
2081 2415 2257 2469 vitam
2290 2416 2308 2448 ’¹
2343 2431 2356 2468 :
2391 2414 2660 2484 idemque
2692 2415 2965 2468 manibus
2997 2429 3204 2466 rursus
3234 2413 3292 2466 in
3328 2427 3498 2467 cruce
3531 2427 3626 2467 ex-

1975 2504 2182 2571 tensis,
2217 2503 2536 2575 principem
2573 2501 2874 2574 potestatis
2910 2501 3081 2568 aoris,
3115 2499 3214 2572 qui
3251 2517 3402 2554 nunc
3434 2517 3633 2572 opera-

1973 2596 2073 2647 tur
2103 2593 2157 2646 in
2192 2593 2328 2646 ﬁliis
2359 2591 2699 2646 diffidentia:
2731 2592 2772 2659 °,
2809 2591 3142 2662 prostravit,
3180 2604 3505 2660 puramque
3555 2590 3626 2644 ad

1975 2682 2151 2738 ccelos
2181 2681 2350 2737 nobis
2383 2683 2533 2736 viam
2567 2680 2810 2752 paravit.

2045 2860 2467 2931 8.Quapropter
2497 2859 2595 2930 qui
2628 2859 2951 2914 contemnit
2985 2858 3290 2930 templum,
3314 2860 3618 2915 Dominum

1976 2948 2075 3020 qui
2110 2950 2163 3002 in
2197 2947 2414 3019 templo
2446 2953 2534 3002 est
2566 2947 2886 3002 contemnit
2921 2965 2932 3002 :
2962 2952 3016 3003 et
3048 2948 3144 3018 qui
3179 2948 3432 3003 Verbum
3475 2949 3621 3003 divi-

1975 3037 2062 3091 dit
2093 3055 2126 3092 a
2156 3037 2671 3109 corpore,gratiam
2708 3037 2878 3091 nobis
2912 3038 2966 3090 in
3001 3037 3127 3106 ipso
3159 3038 3356 3090 datam
3416 3037 3620 3107 rejicit.

1975 3125 2090 3180 Nec
2148 3142 2281 3180 vero
2333 3125 2670 3196 impiissimi
2700 3125 2990 3192 Ariani,co
3024 3125 3178 3196 quod
3212 3130 3468 3180 creatum
3495 3141 3620 3179 cor-

1975 3231 2086 3287 pus
2117 3219 2227 3279 est,
2267 3214 2521 3268 Verbum
2551 3230 2785 3286 quoque
2818 3217 3075 3269 creatum
3109 3230 3237 3268 esse
3267 3214 3480 3268 debent
3507 3213 3624 3268 exi-

1977 3303 2217 3358 stimare
2251 3320 2263 3358 :
2301 3319 2403 3358 nec
2434 3304 2571 3358 item
2605 3303 2744 3374 quia
2783 3307 3041 3357 creatum
3077 3319 3189 3357 non
3224 3307 3309 3356 est
3341 3304 3622 3367 Verbum,

1973 3393 2044 3448 de
2074 3393 2202 3463 ejus
2233 3409 2472 3464 corpore
2503 3392 2807 3447 detrahere
2837 3392 2947 3446 sibi
2981 3391 3149 3446 licere
3180 3391 3623 3462 putent.'_Siqui-

1974 3482 2105 3538 dem
2141 3482 2395 3556 permira
2423 3486 2512 3536 est
2543 3481 2757 3536 mentis
2788 3480 3022 3535 illorum
3053 3480 3541 3552 perversitas,qua
3567 3485 3626 3536 et

1973 3572 2171 3627 omnia
2204 3572 2557 3627 conturbant
2587 3571 3074 3641 permiscentque,
3109 3576 3167 3624 et
3191 3587 3400 3625 causas
3457 3585 3619 3625 exco-

1971 3662 2180 3733 gitant,
2214 3678 2328 3732 quo
2357 3660 2547 3716 solum
2580 3664 2906 3715 Creatorem
2939 3660 3089 3714 inter
3117 3675 3208 3713 res
3238 3664 3461 3714 creatas
3495 3675 3621 3729 pos-

1971 3750 2092 3805 sint
2121 3750 2424 3805 collocare.
2457 3750 2667 3804 Verum
2693 3749 2936 3803 audiant
2965 3765 3091 3817 quae
3125 3764 3331 3802 sumus
3362 3747 3571 3802 dicturi
3603 3763 3615 3802 :

1969 3840 2026 3894 Si
2057 3839 2309 3894 Verbum
2341 3856 2432 3893 rcs
2465 3843 2656 3893 creata
2687 3843 2863 3901 esset,
2893 3842 3153 3890 creatum
3206 3853 3320 3890 non
3383 3852 3618 3891 assum-

1969 3929 2186 4001 psisset
2241 3944 2476 3999 corpus,
2528 3932 2592 3982 ut
2623 3925 2706 3981 illi
2741 3928 2890 3982 732
2922 3927 3096 3980 vitam
3133 3924 3477 3995 impertiret.
3513 3925 3618 3978 Ec-

1969 4019 2105 4090 quid
2130 4018 2282 4072 cnim
2314 4016 2510 4072 auxilii
2537 4033 2626 4071 res
2655 4023 2846 4070 creata
2878 4015 2954 4069 rei
2989 4018 3189 4068 creataa
3222 4015 3368 4068 ferre
3408 4013 3616 4084 possit,

1968 4124 2102 4164 cum
2135 4107 2260 4177 ipsa
2294 4107 2480 4161 salute
2512 4102 2815 4176 indigeat?
2845 4103 2951 4157 Sed
2985 4102 3121 4174 quia
3151 4102 3434 4170 Verbum,
3479 4118 3610 4157 cum

1967 4203 2193 4254 creator
2244 4196 2339 4264 sit,
2394 4211 2585 4250 rerum
2621 4199 2946 4248 creatarum
2983 4192 3088 4246 fuit
3121 4191 3310 4260 opifex
3351 4208 3363 4244 :
3398 4191 3526 4245 ideo
3558 4190 3612 4244 in

1966 4286 2082 4341 ﬁne
2112 4283 2463 4340 saeculorum
2496 4299 2614 4338 rem
2648 4286 2900 4336 creatam
2932 4278 3143 4344 induit,
3177 4284 3240 4334 ut
3281 4295 3432 4343 eam,
3482 4285 3615 4333 tan-

1966 4391 2141 4447 quam
2201 4377 2444 4440 creator,
2504 4372 2811 4426 resarciret
2866 4376 2923 4424 et
2967 4373 3282 4440 repararet.
3319 4369 3432 4425 Nec
3459 4369 3612 4424 enim

1965 4479 2058 4519 res
2102 4466 2296 4517 creata
2352 4478 2472 4516 rem
2535 4465 2787 4515 creatam
2861 4463 3054 4530 posset
3117 4457 3335 4513 salvam
3405 4460 3614 4521 facere,

1965 4551 2464 4624 quemadmodum
2499 4565 2600 4604 nec
2633 4565 2725 4604 res
2751 4553 2951 4603 creata:
2985 4563 3017 4600 a
3046 4563 3108 4601 re
3139 4549 3330 4601 creata
3389 4544 3612 4615 potuis-

2076 4721 2097 4756 θ
2125 4718 2336 4792 Ephes.
2371 4736 2433 4787 ιι,
2460 4722 2514 4774 2.

2037 4890 2148 4959 (14)
2179 4889 2272 4944 Sic
2301 4888 2709 4959 Seguerianus.
2748 4887 2851 4942 Alii
2883 4893 2940 4942 et
2968 4885 3111 4942 editi
3143 4884 3306 4950 ortic,
3359 4882 3387 4934 6
3446 4883 3609 4936 omit-

1961 4965 2115 5016 tunt.

2032 5033 2144 5103 (15)
2174 5032 2304 5087 I-Izec
2337 5031 2531 5096 verba,
2568 5047 2756 5103 usque
2787 5031 2858 5086 ad
2892 5027 3188 5103 ἀνακτῇσαι
3210 5021 3470 5103 Δδυνηθῇ,
3531 5025 3606 5103 ci-

1958 5098 2160 5187 tantur
2189 5122 2222 5187 ξι
2249 5103 2607 5187 ξίιροάοιιθιο
2640 5098 2962 5187 ἆὶεθίοβοιιι,
2997 5098 3298 5186 sed,velt~1t
3355 5098 3602 5187 excpi-

1959 5174 2110 5231 stola
2139 5177 2208 5230 ad
2245 5175 2566 5246 Epictetum
2598 5191 2609 5229 :
2649 5174 2759 5246 nisi
2792 5167 3080 5246 forte'pro
3112 5167 3171 5246 ἐκ
3198 5175 3296 5236 τῆς
3326 5167 3603 5246 adﬁcie-

1957 5249 2215 5319 gendum
2244 5240 2341 5309 sit,
2374 5244 2424 5319 ἐξ
2457 5241 2633 5319 ἄλλης
2663 5240 2992 5319 ἐπιστολῆς,
3018 5250 3080 5298 ut
3105 5244 3372 5319 observat
3400 5240 3600 5319 Eelcl}:

1960 5307 2236 5374 manuus.
2274 5307 2492 5373 Ibidem
2526 5307 2940 5382 'I‘beodoretus',
2969 5307 3484 5390 προσελάμϐανενᾶν
3516 5313 3602 5366 .Et

1959 5407 2111 5459 mox,
2148 5393 2309 5443 τοῦτο
2341 5391 2606 5459 ζωοποιῇ.

2056 5455 2141 5532 16)
2172 5455 2444 5532 Βελεὶἰζεί
2477 5455 2804 5531 Anglican,
2834 5455 3057 5532 κτίστης
3090 5456 3178 5525 ἦν.

2056 5464 2120 5516 16
2172 5464 2347 5517 Basil.
2381 5465 2444 5532 εἰ
2477 5464 2804 5531 Anglican.,
2837 5464 3057 5526 κτίστης
3090 5464 3178 5525 ἦν.

2028 5464 2141 5603 iul
2169 5533 2586 5603 Theodoretus,
2620 5531 2999 5603 συνεστήσατο.
3019 5533 3145 5585 Mox
3178 5526 3514 5603 Basiliensis
3544 5530 3602 5581 et

1956 5600 2316 5728 :ngli‘canus
2346 5602 2507 5665 αὐτὸς
2540 5603 2567 5656 ὁ
2599 5602 2840 5671 κτίστης.
2877 5603 3098 5658 ibidem
3129 5618 3261 5656 mox
3290 5600 3598 5670 Theodor.,

1990 5695 2251 5728 νακτ.σαι.

1990 5695 2251 5732 νακτισαι.
