4048 6410
348 456 506 519 1083

889 458 953 515 S.
1002 456 1427 516 ATHANASII
1473 457 1646 514 Ul’l’.
1697 455 1895 515 PARS
1940 456 1989 514 l.
2025 486 2077 498 —-
2130 456 2548 519 HISTURICA
2595 459 2696 520 ET
2742 454 3221 522 DUGMATICA.

3612 459 3770 521 0184

348 594 481 647 sent
510 588 716 657 creari,
750 589 864 643 nisi
896 587 1147 643 Verbum
1188 592 1412 645 creator
1454 588 1681 644 fuisset.
1730 587 2005 644 Desinant

2124 586 2337 657 κτίστης
2368 588 2433 658 ἦν
2467 589 2495 643 ὁ
2522 588 2719 665 Λόγος.
2772 592 2925 655 Ὃθεν
2974 593 3050 664 μή
3105 588 3619 665 καταψευδέσθωσαν
3660 594 3769 646 τῶν

348 678 529 750 igitur
549 676 824 750 deinceps
844 678 1177 749 Scripturas
1202 677 1431 733 divinas
1454 675 1594 732 false
1616 674 2010 748 interpretari,

351 782 539 837 neque
572 767 691 820 sint
721 765 997 821 seandalo
1035 764 1498 838 simplicioribus
1528 763 2012 830 fratrum:sed,si

352 855 590 928 quidem
622 853 817 921 velint,
851 854 1203 910 sententiam
1239 862 1473 910 mutent
1502 860 1560 910 et
1591 854 1727 926 ipsi,
1761 852 2007 924 necjam

355 945 536 1001 rebus
566 943 777 999 creatis
809 944 1007 1015 potius
1036 960 1214 1016 quam
1267 944 1384 1001 Deo
1443 943 1711 1000 omnium
1772 940 2016 998 creatori

355 1032 617 1091 serviant
675 1032 738 1086 ¹⁰.
789 1033 888 1087 Sin
925 1049 1056 1088 vero
1088 1033 1146 1087 in
1179 1049 1287 1088 sua
1319 1048 1685 1105 perseverare
1715 1031 2016 1104 impietate

352 1122 605 1191 malunt,
637 1138 699 1178 se
729 1121 885 1178 solos
918 1138 987 1177 ea
1018 1122 1174 1177 inﬁci
1206 1122 1346 1177 satis
1376 1121 1653 1189 habeant,
1711 1120 2013 1176 dentibus-

352 1228 466 1283 que
497 1227 612 1267 non
644 1228 815 1267 secus
834 1227 899 1267 ac
934 1210 1200 1283 ipsorum
1224 1215 1389 1282 pater
1408 1210 1677 1266 diabolus
1706 1208 2015 1266 strideant.

354 1300 834 1373 quandoquidem
856 1300 1003 1355 ﬁdes
1027 1298 1325 1355 catholica:
1346 1298 1612 1355 Ecclesia:
1635 1297 1737 1354 Dei
1756 1298 2015 1354 Verbum

355 1406 552 1445 rerum
585 1392 851 1446 omnium
883 1396 1206 1445 creatorem
1240 1395 1297 1444 et
1326 1389 1594 1461 opiﬁcem
1648 1405 1781 1445 esse
1833 1403 2015 1459 agno-

353 1478 831 1550 scit,scimusque
855 1478 1008 1551 quod
1037 1480 1095 1533 in
1116 1479 1393 1550 principio
1413 1486 1532 1534 erat
1555 1478 1864 1546 Verbum,et
1892 1478 2016 1534 νεν-

354 1569 485 1624 bum
504 1570 624 1624 erat
645 1567 791 1639 apud
811 1569 979 1624 Deum
1007 1568 1043 1603 ¹¹
1068 1584 1081 1623 :
1104 1568 1299 1640 ipsum
1323 1567 1461 1624 item
1487 1572 1725 1640 prapter
1755 1572 2016 1624 nostram

354 1656 614 1714 salutem
646 1657 868 1714 factum
903 1658 1221 1714 adoramus
1248 1656 1571 1728 hominem,
1604 1674 1719 1714 non
1777 1657 2015 1729 quidem

361 1751 425 1803 ut
454 1746 673 1819 mquale
702 1747 762 1803 in
794 1746 1005 1820 equali
1031 1748 1248 1803 factum
1278 1762 1540 1820 corpore,
1574 1746 1675 1802 sed
1709 1751 1772 1802 ut
1817 1746 2015 1802 Domi-

354 1852 499 1892 num
560 1835 659 1908 qui
718 1836 869 1892 servi
929 1836 1155 1909 accepit
1189 1836 1463 1905 formam,
1497 1852 1724 1892 necnon
1752 1840 1818 1891 ut
1848 1835 2015 1908 opiﬁ-

354 1940 480 1982 cem
512 1931 571 1981 et
608 1931 929 1982 creatorem
961 1925 1061 1997 qui
1094 1925 1153 1981 in
1185 1942 1247 1982 re
1276 1930 1473 1982 creata
1505 1925 1626 1981 ﬁeri
1681 1924 1886 1992 voluit,
1949 1931 2015 1982 ut

351 2014 551 2071 omnia
605 2015 663 2070 in
721 2013 851 2087 ipsa
908 2013 1202 2084 liberans,
1246 2016 1534 2070 mundum
1590 2014 1824 2071 offerret
1856 2006 2032 2071 Patri’

358 2108 688 2176 cunctaque
716 2104 1053 2177 paciﬁcaret
1080 2103 1199 2160 sive
1230 2120 1362 2176 qua
1389 2103 1447 2159 in
1476 2102 1639 2160 coelis
1663 2103 1783 2160 sive
1804 2120 1928 2176 quas
1953 2104 2013 2160 in

352 2193 530 2251 terris
564 2198 704 2250 sunt
735 2194 797 2247 ⁸³.
822 2193 916 2249 Sic
948 2193 1106 2250 enim
1139 2198 1195 2249 et
1225 2198 1531 2266 paternam
1562 2194 1692 2266 eius
1740 2194 2010 2266 agnosci-

364 2299 499 2339 mus
530 2281 921 2349 divinitatem,
952 2286 1009 2339 et
1033 2282 1403 2355 praesentiam
1435 2299 1773 2355 corpoream
1803 2283 2012 2339 adora-

362 2371 978 2443 mus,disrumpantur
1005 2372 1145 2427 licet
1171 2371 1390 2427 Ariani.
1425 2370 1630 2427 Saluta
1657 2386 1863 2428 omnes
1912 2372 2012 2444 qui

357 2460 673 2518 Dominum
730 2464 996 2517 nostrum
1040 2460 1240 2517 Jesum
1273 2460 1569 2517 Christum
1603 2460 1869 2533 diligunt.
1901 2465 2012 2518 Va-

357 2547 475 2605 lere
507 2553 647 2605 teet
681 2566 1001 2605 memorem
1049 2550 1231 2606 nostri
1293 2550 1448 2622 apud
1513 2551 1823 2607 Dominum
1885 2567 2014 2608 esse

359 2654 688 2709 precamur,
738 2638 1085 2696 charissime
1140 2654 1386 2711 vereque
1443 2638 1831 2712 optatissime.
1884 2639 2013 2695 Haec

358 2725 557 2794 etiam,
607 2728 655 2783 si
706 2744 857 2800 opus
906 2726 1100 2798 fuerit,
1133 2727 1382 2784 Hieraca:
1410 2728 1750 2801 presbytero
1782 2727 2011 2785 recitari

359 2831 659 2889 cupimus.

433 2987 476 3025 ¹⁶
507 2991 670 3043 Rom.
707 3006 746 3057 ι,
776 2988 865 3043 25.
947 2988 986 3024 ¹¹
1018 2990 1187 3045 Joan.
1227 3006 1267 3058 ι,
1302 2990 1351 3044 1.
1432 2991 1476 3025 ¹²
1507 2988 1726 3047 Coloss.
1760 3007 1799 3059 ι,
1828 2990 1919 3045 20.

438 3158 813 3234 (Ιφβεκυριι.
848 3157 1022 3234 B_as_il.
1053 3159 1428 3231 Anglicanus,
1484 3158 1799 3234 βούλονται,
1834 3166 1893 3217 et
1931 3160 2016 3216 in-

366 3226 474 3294 fra,
505 3226 706 3282 Θίλωσι
739 3246 841 3302 pro
872 3227 1119 3284 ἐθέλωσι.
1147 3226 1191 3302 ί
1417 3226 1423 3228 ⁷
1484 3226 1494 3234 ·
1544 3298 1558 3302 ᾇ
1592 3246 1606 3258 .

433 3302 547 3371 (19)
575 3297 812 3373 Seguer.
850 3302 1020 3358 Basil.
1055 3301 1383 3373 Anglican.,
1413 3303 1505 3357 τὸν
1538 3297 2012 3359 διάϐολον.1ἰᾶθω

362 3388 497 3427 mox
529 3378 586 3427 et
613 3371 759 3428 Gobl
791 3416 806 3443 ,
835 3376 936 3437 τῆς
964 3371 1285 3441 καθολικῆς.
1318 3374 1433 3430 Alii
1464 3380 1525 3430 et
1574 3376 1712 3431 editi
1774 3375 2011 3444 habent,

362 3449 463 3496 τῆς
492 3442 754 3496 καθόλου.

361 3463 463 3511 της
492 3462 754 3496 καυοΛου.

438 3515 548 3586 (20)
581 3514 709 3571 Haec
740 3516 811 3571 ad
847 3516 1024 3571 linem
1055 3516 1270 3572 desunt
1302 3516 1361 3573 in
1411 3517 1753 3590 Anglicano.
1790 3516 2013 3574 Ibidem

2064 1970 2112 2036 Β

2122 674 2282 730 θείων
2315 682 2562 755 Γραφῶν,
2601 676 2743 752 μηδὲ
2775 676 3271 750 αανδαλιζὲτωσαν
3320 679 3449 743 τοὺς
3491 679 3768 757 ἀκεραίους

2121 768 2227 819 τῶν
2273 762 2542 842 ἀδελφῶν·
2593 765 2721 823 ἀλλ’
2773 767 2819 823 εί
2856 770 2950 841 μὲν
3012 769 3315 843 βούλωνται
3366 770 3502 843 (18),
3560 790 3772 845 μεταγι-

2121 853 2465 917 νωσκὲτωςαν
2496 857 2586 910 καὶ
2619 856 2795 928 αὐτοὶ,
2826 856 2917 912 καὶ
2972 859 3167 930 μηκὲτι
3196 861 3264 933 τῇ
3296 857 3465 914 κτίσει
3521 854 3772 932 λατρευέ-

2123 962 2298 997 τωσαν
2328 944 2474 1019 παρὰ
2499 945 2591 1000 τὸν
2622 935 2878 1001 κτίσαντα
2923 946 2990 1001 τὰ
3034 948 3205 1003 πάντα
3236 946 3387 1002 Θεόν·
3423 945 3512 1001 ἐὰν
3563 943 3620 1001 δὲ
3656 950 3773 1007 ταῖς

2124 1028 2392 1094 ἀσεϐείαις
2424 1032 2596 1089 αὐτῶν
2631 1033 2882 1108 ἐμμένειν
2907 1034 3156 1107 ἐθέλωσι,
3187 1036 3346 1109 μόνοι
3374 1036 3580 1090 τούτων
3609 1033 3771 1112 ἐμφο-

2125 1120 2441 1195 ρείσθωσαν,
2504 1122 2591 1177 καθ
2660 1123 2988 1199 τριζὲτωσαν
3039 1123 3167 1188 τοὺς
3216 1121 3437 1185 ἁδόντας
3494 1124 3627 1179 κατᾶ
3682 1124 3773 1177 τὸν

2125 1210 2332 1284 πατέρα
2382 1210 2559 1266 αὐτῶν
2612 1211 2705 1266 τὸν
2753 1206 3012 1267 διάϐολον
3066 1214 3203 1287 (19),
3256 1211 3338 1267 ὅτι
3369 1215 3405 1282 ἡ
3456 1211 3635 1276 πίστις
3673 1219 3774 1282 τῆς

2124 1297 2422 1368 καθολικῆς
2453 1299 2798 1371 Ἐκκλησίας,
2832 1300 3047 1368 κτίστην
3098 1299 3210 1357 οἶδε
3254 1301 3346 1357 τὸν
3377 1302 3474 1357 τοῦ
3515 1302 3647 1357 Θεοῦ
3675 1301 3775 1357 Λό-

2126 1408 2221 1461 γον
2253 1389 2344 1442 καί
2377 1386 2715 1467 δημιουργὸν
2764 1393 2871 1444 τῶν
2924 1389 3196 1459 ἁπάντων,
3249 1389 3337 1445 καὶ
3389 1387 3637 1464 οἷ’δαμεν,
3692 1392 3776 1445 ὅτι

2128 1476 2215 1533 Ἐν
2276 1477 2423 1552 ἀρχῇ
2483 1478 2578 1550 μὲν
2636 1478 2761 1547 ἧνὸ
2810 1478 3002 1553 Λόγος,
3061 1478 3152 1534 καὶ
3212 1480 3240 1534 ὁ
3294 1479 3465 1555 Λόγος
3518 1479 3584 1549 ἦν
3641 1480 3778 1556 πρὸς

2124 1566 2217 1620 τὸν
2248 1565 2396 1621 Θεόν·
2430 1568 2720 1642 γενόμενον
2772 1564 2828 1622 δὲ
2875 1568 3036 1648 αὐτὸν
3089 1568 3178 1623 καὶ
3230 1566 3517 1645 ἄνθρωπον
3560 1565 3650 1622 διὰ
3676 1570 3778 1637 τήν

2125 1656 2393 1731 ἠμετὲραν
2454 1656 2722 1733 σωτηρίαν
2773 1658 3203 1733 προσκυνοὺμεν,
3265 1656 3374 1733 οὐχ
3429 1657 3504 1722 ὡς
3557 1654 3669 1712 ἴσον
3722 1656 3776 1712 ἐν

2126 1742 2228 1817 ἴσῳ
2258 1744 2548 1820 γενόμενον
2573 1751 2655 1819 τῷ
2686 1749 2921 1820 σώματι,
2948 1744 3076 1801 ἀλλ’
3104 1747 3179 1811 ὡς
3209 1746 3483 1818 Δεσπότην
3533 1745 3777 1824 προσλα-

2125 1826 2292 1889 ϐόντα
2334 1834 2433 1903 τὴν
2486 1838 2582 1889 τοῦ
2630 1832 2831 1890 δούλου
2888 1834 3127 1910 μορφὴν,
3180 1833 3268 1889 καὶ
3323 1831 3656 1910 δημιουργὸν
3688 1834 3780 1889 καὶ

2140 1921 2361 1993 κτίστην
2418 1922 2472 1977 ἐν
2526 1922 2783 1996 κτίσματι
2836 1923 3122 1998 γινόμενον
3157 1965 3173 1991 ,
3225 1920 3300 1977 ⁸ίν³
3331 1966 3347 1993 ,
3406 1920 3458 1977 ἐν
3517 1921 3662 1995 αὐτῷ
3715 1921 3784 1977 τὸ.

2140 2011 2314 2067 πάντα
2372 2010 2756 2086 ἐλευθερώσας,
2799 2010 2892 2067 τὸν
2937 2011 3147 2085 κόσμον
3189 2012 3505 2088 προσαγάγῃ
3557 2015 3638 2084 τῷ
3678 2016 3787 2067 Ila-

2124 2101 2235 2176 τρὶ,
2270 2100 2361 2156 καὶ
2410 2101 2806 2177 εἰρηνοποιήσῃ
2854 2102 2923 2157 τὰ
2972 2102 3166 2174 πάντα,
3191 2101 3260 2156 τὰ
3310 2099 3361 2155 ἐν
3414 2100 3663 2178 οὐρανοῖς
3691 2101 3785 2155 καὶ

2120 2190 2188 2244 τὰ
2232 2189 2319 2245 ἐπὶ
2368 2198 2469 2261 τῆς
2520 2197 2643 2267 γῆς.
2699 2187 2859 2248 Οὕτω
2911 2190 3006 2267 γὰρ
3059 2190 3150 2246 καὶ
3197 2191 3295 2260 τὴν
3351 2191 3626 2267 πατρικὴν
3682 2188 3779 2245 αὐ-

2119 2278 2216 2335 τοῦ
2266 2279 2495 2351 θεότητα
2547 2278 3003 2354 ἰπιγινώσκομεν,
3054 2280 3141 2334 καὶ
3198 2279 3297 2349 τὴν
3365 2273 3619 2355 ἕνσαρκον
3674 2280 3778 2334 αὖ·

2120 2374 2217 2425 τοῦ
2290 2370 2583 2447 παρουσίαν
2659 2367 3073 2445 προσκυνοῦμεν
3128 2411 3143 2439 ,
3201 2366 3297 2423 κᾶν
3373 2369 3776 2444 ’Λρειομανῖται

2123 2456 2555 2537 διαρῥηγνύωσιν
2622 2459 2844 2523 ἑαυτούς
2878 2502 2892 2516 .
2942 2457 3319 2535 Προσαγόρευε
3381 2460 3583 2521 πάντας
3650 2458 3778 2523 τοὺς

2122 2549 2440 2624 ἀγαπῶντας
2478 2550 2571 2604 τὸν
2620 2548 2817 2624 Κύριον
2861 2549 3021 2622 ἡμῶν
3076 2547 3287 2618 Ἰησοῦν
3346 2548 3598 2621 Χριστόν.
3650 2546 3774 2623 Ἐῤ-

2123 2637 2325 2715 ῥῶσθαί
2350 2659 2407 2693 σε
2435 2638 2524 2693 καὶ
2558 2639 2932 2712 μνὼμονεύειν
2964 2640 3124 2712 ἡμῶν
3154 2641 3234 2710 τῷ
3260 2635 3447 2712 Κυρίῳ
3476 2636 3775 2713 εὐχόμεθα,

2120 2726 2367 2802 ἆγαπητὶ
2393 2726 2482 2781 καὶ
2513 2727 2588 2791 ὡς
2614 2725 2840 2797 ἀληθῶς
2868 2721 3218 2791 ποθεινότατε
3250 2727 3384 2797 ('20),
3418 2725 3505 2781 ἐὰν
3561 2724 3778 2801 χρείαῇ

2122 2817 2535 2891 ἀναγνωσθῆναι
2562 2816 2728 2871 ταῦτα
2757 2817 2967 2891 Ἱερακᾷ
2993 2821 3072 2889 τῷ
3101 2807 3472 2892 πρεσϐυτέρῳ.
3623 2827 3635 2837 “

2125 3159 2802 3234 Segusrianugflepaxi
2818 3159 3016 3234 habet.
3033 3159 3215 3234 _Editi,
3247 3156 3504 3234 ‘lapalfp,
3527 3159 3778 3234 Gobl_._et

2126 3230 2381 3305 Felckm.
2418 3233 2468 3298 1,
2498 3230 2727 3305 Ἱέραᾷια.
2759 3230 2955 3296 Forte,
2982 3230 3207 3305 'ltpam,
3236 3230 3636 3287 scribendum.
3669 3232 3777 3305 Hic

2126 3250 2381 3287 reicxm.
2418 3250 2468 3298 1,
2518 3250 2568 3285 ιε
2607 3250 2727 3285 sxa.
2765 3250 2955 3296 ποι-ιο,
3002 3250 3200 3305 napum,
3236 3250 3636 3287 scrinenaum.
3673 3250 3774 3287 mc

2125 3304 2283 3387 enim
2314 3304 2411 3387 ille
2442 3250 2769 3387 estﬁierax
2798 3319 2975 3385 quem
3007 3304 3203 3387 Ariani
3240 3319 3538 3387 una.cum
3598 3303 3774 3387 ade]:

2126 3375 2263 3447 phio
2293 3382 2353 3431 et
2380 3374 2585 3447 multis
2619 3374 2755 3431 aliis
2814 3374 2872 3429 in
2924 3374 3199 3447 exsilium
3232 3375 3656 3447 Aprojecerunt,
3714 3380 3781 3430 ut

2126 3445 2325 3503 narrat
2357 3446 2636 3503 Athanas.
2699 3446 2840 3503 Ηὶει.
2899 3446 2971 3502 ad
3019 3445 3342 3516 monachos,
3367 3445 3376 3446 “
3401 3462 3568 3503 num.
3597 3447 3690 3515 72,
3722 3453 3782 3503 et

2124 3519 2385 3592 Apologia
2415 3518 2480 3575 de
2505 3520 2639 3591 fuga
2666 3534 2791 3586 sua,
2828 3534 2989 3573 num.
3022 3518 3077 3574 7.

642 3963 1083 4026 ADMONITIO
1129 3967 1204 4025 IN
1249 3952 1699 4027 EPISTULAM
1746 3968 1811 4028 S.
1858 3967 2283 4029 ATHANASII
2333 3968 2435 4026 AD
2482 3965 2859 4028 MAXIMUM
2902 3964 3489 4027 PHILOSOPHUM.

436 4378 477 4431 Ι.
513 4400 541 4426 ‹‹
576 4376 736 4432 Idem
763 4377 993 4434 circiter
1023 4384 1254 4451 tempus
1285 4380 1394 4437 hoc
1423 4382 1609 4437 sancti
1643 4381 1946 4438 Athanasii
1979 4397 2324 4453 responsum
2359 4380 2430 4434 ad
2463 4379 2784 4435 Maximum
2818 4377 3233 4449 philosophum
3267 4377 3471 4431 datum
3508 4380 3598 4431 est
3662 4393 3786 4447 quo

364 4466 494 4537 ejus
524 4466 595 4520 ad
631 4465 978 4538 Adelphium
1011 4470 1257 4536 epistola
1291 4489 1304 4526 :
1337 4487 1451 4543 quo
1481 4470 1761 4527 nimirum
1798 4470 2151 4543 multiplices
2182 4470 2335 4526 circa
2361 4468 2824 4525 incarnationem
2859 4467 3086 4522 Domini
3119 4466 3427 4538 opiniones
3458 4464 3786 4520 nasceban-

362 4560 478 4610 tur.
514 4554 631 4611 Hac
662 4554 843 4627 igitur
870 4558 1117 4626 epistola
1148 4560 1434 4631 approbat
1463 4566 1704 4616 sanctus
1734 4560 1937 4616 doctor
1964 4577 2091 4632 quae
2141 4561 2213 4615 ad
2271 4559 2468 4630 ipsum
2516 4558 2834 4629 scripserat
2888 4556 3181 4612 Maximus
3238 4560 3440 4611 contra
3489 4554 3786 4625 quosdam

363 4645 685 4711 haereticos,
739 4662 988 4716 quorum
1042 4648 1259 4703 scilicet
1312 4648 1409 4704 alii
1441 4649 1734 4705 Christum
1763 4666 1964 4705 verum
1997 4649 2179 4705 Deum
2212 4665 2340 4704 esse
2371 4650 2803 4720 pernegabant;
2835 4645 2933 4700 alii
2966 4646 3247 4712 Verbum,
3281 4649 3346 4699 ut
3374 4643 3535 4707 olim,
3567 4643 3639 4698 ad
3673 4642 3784 4697 ali-

365 4750 541 4807 quem
571 4733 869 4790 hominem
902 4735 1209 4792 advenisse
1239 4740 1649 4802 autumabant,
1683 4756 1796 4794 non
1829 4742 2023 4793 autem
2054 4738 2272 4793 factum
2304 4737 2501 4808 ipsum
2531 4752 2661 4792 esse
2690 4720 2887 4790 revera
2916 4733 3249 4799 hominem;
3281 4732 3379 4788 alii
3408 4747 3542 4787 vero
3583 4731 3783 4801 ipsum

366 4823 664 4879 communi
699 4828 918 4879 naturis
948 4826 1152 4882 ordine
1183 4826 1482 4883 hominem
1517 4829 1732 4884 factum
1765 4844 1894 4883 esse
1923 4827 2355 4883 existimabant.
2392 4824 2598 4879 Paucis
2627 4828 2830 4879 contra
2861 4838 2961 4878 eos
2990 4838 3217 4878 errores
3247 4821 3507 4893 disputat
3537 4824 3786 4876 sanctus

368 4912 746 4977 Athanasius,
778 4929 905 4983 quae
936 4918 992 4969 et
1033 4914 1162 4985 ipsa
1189 4932 1258 4970 ex
1287 4915 1526 4971 Maximi
1555 4915 1765 4971 litteris
1794 4920 2130 4970 mutuatum
2156 4930 2218 4970 se
2247 4930 2398 4974 esse.
2425 4911 2634 4983 hisque
2665 4909 2810 4965 nihil
2851 4909 3189 4964 addendum
3236 4908 3472 4963 duxisse
3520 4906 3625 4973 ait,
3677 4907 3783 4961 sed

361 5003 598 5057 tantum
657 5001 849 5059 crucis
882 5003 1243 5069 meminisse,
1276 5010 1341 5059 ut
1370 5005 1467 5075 qui
1501 5022 1570 5061 ex
1600 5004 1675 5060 iis
1699 5022 1827 5075 quae
1858 5010 1924 5060 ut
1952 5004 2128 5059 homo
2158 5003 2277 5074 egit
2306 5008 2363 5057 et
2391 5017 2603 5073 passus
2632 5004 2722 5055 est
2764 4998 3067 5061 Dominus,
3098 4996 3282 5053 Deum
3315 4996 3482 5052 illum
3516 5011 3649 5051 esse
3680 5011 3785 5050 ne-

365 5095 526 5163 gant,
560 5096 788 5145 mutata
816 5097 874 5147 et
902 5092 1012 5165 ipsi
1045 5094 1335 5148 sententia
1364 5093 1704 5149 cruciﬁxum
1730 5094 1852 5162 jam
1888 5095 2151 5148 adorent.
2175 5090 2401 5147 Passim
2433 5096 2624 5145 autem
2658 5105 2838 5159 supra
2868 5087 3125 5141 vidimus
3159 5085 3544 5140 Athanasium
3577 5088 3789 5138 contra

363 5180 611 5236 Arianos
641 5179 1027 5237 disserentem
1060 5183 1365 5240 ostendere
1394 5184 1651 5239 Verbum
1682 5183 1900 5238 factum
1930 5198 2062 5238 vere
2092 5198 2223 5238 esse
2253 5180 2575 5242 hominem.
2609 5195 2724 5234 non
2753 5193 2914 5241 vero,
2941 5180 3008 5230 ut
3037 5174 3201 5241 olim,
3234 5175 3307 5230 ad
3351 5179 3621 5229 sanctum
3673 5172 3791 5227 ali-

365 5285 540 5341 quem
584 5269 875 5325 hominem
911 5271 1218 5327 advenisse
1252 5290 1264 5328 :
1299 5290 1473 5344 quem
1508 5273 1643 5328 item
1672 5289 1924 5328 errorem
1961 5287 2233 5344 expresse
2262 5288 2443 5343 supra
2474 5266 2683 5324 refellit
2716 5288 2736 5315 ι
2772 5263 3031 5337 Epistola
3060 5264 3131 5319 ad
3164 5262 3518 5335 Epictetum.

436 5357 478 5414 Il
492 5358 654 5415 .«Hic
675 5376 847 5430 porro
863 5361 1151 5417 Maximus
1172 5361 1656 5434 philosophus,ad
1679 5379 1852 5433 quem
1871 5360 2181 5433 epistolam
2199 5359 2377 5416 mittit
2401 5362 2642 5415 sanctus
2662 5353 3163 5420 Athanasius,non
3188 5351 3340 5408 alius
3361 5352 3619 5424 profecto
3636 5348 3797 5405 vide-

363 5450 463 5504 tur
492 5465 639 5516 esse,
659 5466 835 5522 quam
868 5450 1292 5507 Alexandrinus
1322 5452 1619 5523 ille,cujus
1651 5452 1858 5509 laudes
1888 5450 2144 5508 celebrat
2172 5449 2487 5521 Gregorius
2518 5445 2938 5509 Nazianzenus,
2958 5442 3221 5499 oratione
3248 5441 3518 5512 23,cujus
3549 5438 3796 5495 nomine

365 5537 607 5610 quidam
632 5546 833 5609 postea
855 5542 1417 5613 suppresso,l‘alsum
1443 5542 1688 5598 Heronis
1708 5558 1924 5597 nomen
1948 5539 2438 5613 superscripsisse
2463 5540 2661 5591 narrat
2680 5534 3068 5605 Hieronymus
3091 5530 3347 5599 ϐαιαιουο
3368 5529 3794 5600 scriptor.eccl.,

368 5629 521 5699 quod
549 5630 773 5684 scilicet
794 5631 851 5685 in
876 5633 1147 5688 eumdem
1183 5633 1322 5689 alibi
1348 5634 1723 5690 vehementer
1752 5633 2072 5690 admodum
2104 5630 2412 5686 invehatur
2440 5629 2592 5682 idem
2618 5624 3147 5699 Gregorius:quasi
3175 5639 3282 5679 non
3315 5622 3558 5691 licuerit,
3591 5619 3798 5690 inquit

369 5716 780 5789 Hieronymus,
812 5720 1067 5775 eumdem
1091 5730 1145 5777 et
1177 5722 1407 5779 laudare
1433 5727 1486 5778 ct
1514 5726 1826 5795 vituperare
1854 5738 1951 5793 pro
1982 5729 2240 5792 tempore.
2276 5719 2552 5775 Testatur
2591 5720 2789 5773 autem
2833 5711 3168 5787 Gregorius,
3217 5711 3533 5768 Maximum
3581 5714 3798 5795 contra

366 5805 612 5877 gentiles
634 5811 692 5864 et
719 5807 1018 5866 haereticos
1045 5810 1285 5868 solitum
1307 5829 1437 5869 esse
1461 5793 1779 5886 disputare,
1796 5822 1853 5867 ut
1878 5829 1945 5868 ex
1970 5811 2013 5867 h‘

2124 5810 2210 5882 ius
2231 5808 2422 5867 verbis
2438 5807 2659 5879 liquet:
2686 5804 2888 5879 Σύγχει
2928 5800 3023 5876 μὶν
3055 5799 3145 5856 καὶ
3172 5800 3271 5870 τὴν
3302 5796 3581 5869 Ἑλλήνων
3625 5793 3798 5853 δεισι-
