4048 6412
339 471 497 534 1085
1236 472 1618 539 EPlSTOLA
1669 479 1771 537 AD
1822 477 2007 537 MAX]

2091 476 2197 539 UM
2253 471 2810 537 PHILOSOPHUM
2825 517 2839 531 .
3589 459 3744 522 1086

338 608 646 684 δαιμονιαν,
677 612 750 672 ὡς
780 609 1066 686 πρότερον,
1124 610 1214 665 καὶ
1260 612 1359 679 τήν
1412 610 1673 665 ποκύθεον
1726 609 1898 665 αὐτῶν
1951 608 2155 681 ἀθεΐαν,
2204 608 2294 664 καὶ
2341 608 2470 671 τοὺς
2511 604 2781 668 παλαιοὺς
2813 603 2966 665 θεοὺς
2993 608 3087 658 καῖ
3114 599 3239 662 τοὺς
3271 603 3444 665 νέους,
3476 596 3563 650 καὶ
3612 592 3743 653 τοὺς

336 698 603 776 αἰσχροὺς
669 700 944 774 μύθους...
1008 698 1204 775 σύγχει
1255 697 1313 754 δὲ
1366 699 1455 754 καὶ
1499 699 1592 763 τὰς
1644 704 1751 754 τῶν
1803 698 2057 775 αἱρέσεων
2110 697 2510 769 ἐπαναστάσεις,
2561 695 2650 751 καὶ
2700 693 2945 765 τοσούτῳ
2996 691 3339 767 θερμότερον,
3391 686 3503 759 ὅσῳ
3548 683 3744 738 πέπον-

336 790 787 851 0a<.Gentilium
811 790 1320 861 superstitionem,
1342 795 1402 845 ut
1435 790 1619 862 prius,
1655 791 1912 857 confuta,
1944 806 2266 860 eorumque
2297 789 2654 860 impietatem
2679 803 2796 857 qua
2818 783 3036 838 multos
3066 780 3267 837 colunt
3296 779 3473 844 deos;
3499 780 3746 829 veteres-

337 895 451 950 que
480 884 536 934 et
566 884 826 934 recentes
856 880 1017 946 deos,
1056 895 1281 934 necnon
1311 878 1596 934 obscenas
1621 877 1935 934 fabulas....
1971 878 2405 949 Iusurgentium
2431 876 2702 932 similiter
2719 875 3005 929 haaresum
3036 870 3292 941 impetus
3316 867 3534 936 frange,
3565 877 3748 933 eoque

339 967 536 1024 acrius
566 985 683 1040 quo
706 985 918 1041 passus
948 985 1029 1023 es.
1061 987 1082 1015 ι
1118 970 1252 1034 Qua:
1283 967 1519 1039 quidem
1555 969 1611 1022 in
1643 970 1959 1024 Maximum
1993 968 2064 1023 ad
2095 984 2267 1039 quem
2292 966 2495 1022 scribit
2526 964 2901 1029 Athanasius,
2936 960 3157 1033 optime
3187 957 3479 1029 quadrant
3509 953 3606 1024 qui
3642 967 3745 1024 pro

336 1057 450 1112 ﬁde
477 1056 688 1113 Christi
720 1074 932 1130 passus
966 1056 1468 1129 fueratJnsignem
1506 1073 1741 1128 quoque
1757 1057 1833 1112 De
1858 1056 1964 1127 ﬁde
1983 1058 2243 1113 adversus
2263 1058 2494 1111 Ariano:
2522 1055 2738 1110 librum
2762 1050 3068 1123 scripsisse
3097 1048 3368 1104 eumdem
3402 1042 3745 1107 Maximum,

333 1144 728 1218 Gratianoque
756 1144 1066 1201 Mediolani
1107 1145 1337 1201 dedisse
1365 1151 1654 1201 memorat
1675 1152 1918 1202 sanctus
1947 1144 2336 1218 Hieronymus
2372 1170 2391 1197 ι
2428 1143 2682 1213 Catalogo
2702 1141 3042 1211 scriptarum
3065 1134 3571 1192 ecclesiasticarum.

1501 1437 1631 1493 ΤΟΥ
1679 1440 1767 1491 ΕΝ
1808 1436 2032 1492 ΑΓΙΟΙΣ
2075 1436 2349 1491 ΗΔΤΡΟΣ
2390 1438 2580 1490 ΗΜΩΝ

586 1572 1317 1671 ΑΘΑΝΑΣΙΟΥ
1395 1574 2436 1671 ΑΡΧΙΕΠΙΣΚΟΠΟΥ
2514 1564 3481 1667 ΑΛΕΞΑΝΔΡΕΙΑΣ

1449 1755 1624 1805 npoz
1667 1751 2007 1809 ΜΑΞΙΜΟΝ
2047 1751 2461 1809 ΦΙΛΟΣΟΦΟΝ
2503 1752 2633 1821 (21).

1981 1908 2050 1920 -η

778 2030 876 2117 Ρ.
944 2033 1036 2116 Ν.
1096 2031 1690 2118 ATHANASII
1750 2020 2629 2118 ARCHIEPISCOPI
2680 2024 3433 2114 ALEXWDRINI

1452 2187 1556 2246 AD
1603 2185 1986 2249 MAXIMUM
2034 2187 2617 2248 PHILOSOPHUM.
3035 2229 3038 2232 ~

332 2469 427 2539 Τῷ
458 2465 548 2521 καὶ
597 2464 861 2542 άγαπητῷ
898 2466 1127 2542 άληθῶς
1173 2468 1540 2542 ποθεινοτάτῳ
1588 2469 1691 2542 υίῷ
1740 2440 1979 2541 Μαξίμῳ

2097 2471 2246 2526 738
2304 2470 2509 2526 Dilecto
2590 2486 2655 2525 ac
2721 2484 2847 2525 vere
2909 2468 3258 2542 rapidissimo
3304 2464 3449 2542 filia
3506 2464 3743 2518 Maximo

549 2537 861 2615 φιλοσόφῳ,
897 2537 1213 2602 Ἀθανάσιος
1242 2540 1294 2594 ἐν
1327 2537 1764 2616 Κυρίφχαίρ-ειν.
1844 2537 1857 2541 -
1893 2537 1900 2541 .
1951 2537 1961 2541 -

2160 2542 2498 2613 philosopho,
2531 2542 2864 2597 Athanasius
2894 2537 3202 2594 in'Domino
3231 2538 3489 2591 salutem.

411 2648 456 2700 ί.
491 2644 765 2720 Ἑντυχὼν
795 2649 912 2708 τοῖς
945 2646 1035 2699 νῦν
1068 2652 1321 2725 γραφεῖσι
1345 2646 1489 2723 παρὰ
1519 2647 1739 2716 σοῦ,τήν
1767 2647 1860 2719 μὲν
1885 2646 1982 2715 σὴν

334 2727 616 2787 εὐλάϐειαν
650 2730 991 2807 ἀπεδεξάμην
1022 2737 1156 2809 (22),
1186 2736 1286 2804 τὴν
1321 2731 1379 2790 δι
1408 2733 1728 2808 προπέτειαν
1759 2739 1865 2789 τῶν
1902 2734 1978 2807 μὴ

333 2820 604 2876 νοούντων
639 2824 779 2894 μήτε
808 2821 841 2876 ἃ
871 2822 1113 2898 λέγουσι,
1124 2826 1262 2898 μήτε
1289 2824 1413 2900 περὶ
1435 2823 1589 2879 τίνων
1608 2818 1980 2879 διαϐεϐαιοῦν-

335 2928 444 2977 ται,
478 2907 565 2964 ἐπὶ
610 2907 755 2964 πολὺ
804 2912 1105 2984 θαυμάσας,
1146 2907 1556 2986 ἐϐουλευσάμην
1591 2909 1815 2983 άληθῶς
1846 2932 1978 2965 σιω-

338 2997 609 3067 πῆσαιοτὸ
639 3000 739 3075 γὰρ
770 2998 853 3054 ἐπὶ
881 3006 998 3063 τοῖς
1031 3000 1174 3056 οὕτω
1204 3008 1453 3079 φανεροῖς
1484 3001 1573 3057 καὶ
1599 3000 1765 3057 πλέον
1799 3000 1979 3077 φωτὸς

342 3085 651 3160 λάμπουσιν
711 3087 1119 3163 ἀποκρίνασθαι,
1176 3087 1329 3146 οὐδὲν
1375 3087 1555 3166 ἕτερόν
1602 3088 1742 3145 ἐστιν
1783 3088 1980 3162 ἢπρο-

341 3176 527 3253 φάσεις
584 3175 967 3253 ἀναισχυντίας
1038 3183 1157 3241 τοῖς
1215 3179 1357 3233 οὕτω
1414 3183 1786 3256 παρανομοῦσι
1844 3197 1980 3253 παρ-

338 3266 506 3342 έχειν.
543 3264 640 3319 Καὶ
669 3267 831 3321 τοῦτο
888 3268 1036 3343 παρὰ
1087 3266 1184 3322 τοῦ
1241 3274 1500 3345 Κωτῆρος
1564 3270 1978 3341 μεμαθήκαμεν.

337 3350 634 3427 Νιψαμένῳ
677 3354 778 3429 γὰρ
822 3359 901 3427 τῷ
959 3353 1182 3429 Πιλάτῳ
1236 3355 1326 3411 καὶ
1391 3352 1824 3430 καταλαϐομένῳ
1878 3356 1979 3424 τὴν

337 3441 697 3521 συκοφαντίαν
726 3447 835 3498 τῶν
865 3444 987 3498 τότε
1031 3442 1324 3517 Ἰουδαίων,
1380 3444 1478 3500 οὐκ
1536 3439 1612 3500 ἔτι
1658 3444 1980 3521 ἀπεκρίνατο

332 3529 480 3603 αὖτῷ
509 3530 538 3585 ὁ
569 3530 786 3607 Κύριος,
817 3530 962 3587 ἀλλὰ
1006 3532 1218 3606 μᾶλλον
1272 3532 1609 3610 ἐχρημάτιζε
1658 3536 1726 3607 τῇ
1784 3533 1980 3588 τούτου

335 3619 575 3695 γυναικὶ,
610 3616 693 3675 ἵνα
727 3620 803 3692 μὴ
831 3619 884 3674 ἐν
919 3619 1089 3696 λόγῳ,
1133 3620 1279 3677 ἀλλᾶ
1333 3621 1384 3677 ἐν
1441 3619 1663 3694 δυνάμει
1720 3621 1945 3692 πιστεύη
1969 3655 1980 3662 -

332 3730 422 3765 ται
454 3709 829 3783 ὁκρινόμενος
860 3706 993 3763 εῗἏιαι
1041 3711 1153 3784 (23)
1201 3709 1353 3772 Θεός.
1403 3712 1495 3784 Τῷ
1548 3707 1604 3765 δὲ
1638 3712 1849 3788 Καϊάφᾳ
1902 3712 1978 3783 μὴ

2165 2648 2214 2702 1.
2248 2647 2523 2703 Perlectis
2554 2647 2627 2703 iis
2658 2664 2786 2719 qua:
2820 2663 2853 2701 ει
2882 2651 2938 2701 te
2963 2645 3134 2699 modo
3165 2642 3382 2713 scripta
3412 2644 3739 2710 sunt,tuam

2089 2737 2327 2809 quidem
2349 2736 2671 2792 collaudavi
2689 2737 2961 2808 pietatem
2989 2751 3002 2803 ;
3030 2734 3128 2788 sed
3163 2728 3739 2788 vehementeradmi-

2090 2830 2253 2882 ratus
2275 2825 2579 2881 hominum
2614 2821 3132 2894 temeritatem,qni
3163 2818 3623 2891 nonintelligunt
3637 2834 3739 2872 ne-

2090 2932 2206 2988 que
2228 2932 2353 2986 quae
2386 2918 2708 2986 loquuntur
2753 2929 2939 2985 neque
2970 2912 3041 2967 de
3089 2910 3305 2983 quibus
3354 2906 3739 2976 afﬁrmant",

2091 3004 2263 3061 silere
2285 3003 2525 3060 omnino
2544 3001 3190 3072 statueram.Siquidem
3216 3000 3287 3054 de
3310 2998 3483 3054 rebus
3497 2996 3617 3052 tam
3632 2995 3739 3052 evi-

2090 3093 2363 3149 dentibus
2383 3092 2630 3164 luceque
2660 3093 2789 3164 ipsa
2826 3090 3174 3146 clarioribus
3205 3087 3572 3160 respondere,
3594 3084 3742 3140 nihil

2091 3183 2250 3239 aliud
2280 3187 2369 3238 est
2401 3198 2581 3254 quam
2612 3180 2990 3253 impudentiae
3021 3195 3225 3236 ansam
3253 3176 3593 3249 hujusmodi
3629 3176 3738 3229 im-

2091 3271 2290 3343 probis
2320 3270 2658 3326 hominibus
2680 3269 3027 3342 praebereJd
3061 3284 3192 3323 vero
3224 3265 3307 3321 vel
3339 3265 3553 3336 abipso
3594 3262 3742 3318 didi-

2089 3358 2752 3416 cimusSalvatore.Nam
2774 3362 3080 3430 postquam
3096 3355 3318 3411 Pilatus
3337 3371 3547 3409 manus
3566 3351 3738 3427 lavis-

2090 3452 2273 3519 set,ac
2297 3448 2632 3505 Judacrum
2667 3445 3027 3502 calumniam
3060 3444 3400 3501 admisisset
3432 3440 3659 3513 “,nihil
3685 3441 3738 3497 ei

2091 3537 2345 3609 amplius
2375 3536 2676 3608 respondit
2704 3522 3011 3601 Dominus,
3044 3535 3144 3590 sed
3205 3534 3399 3606 potius
3429 3533 3558 3605 ejus
3598 3548 3737 3587 uxo-

2091 3643 2213 3682 rem
2244 3625 2477 3682 oraculo
2502 3626 2546 3661 ¹⁶
2576 3625 2824 3691 monuit,
2858 3630 3014 3680 utne
3052 3640 3117 3679 ex
3149 3624 3342 3679 verbis
3372 3623 3473 3679 sed
3536 3638 3605 3677 ex
3635 3638 3735 3694 po-

2090 3714 2274 3770 tentia
2305 3714 2375 3784 is,
2407 3714 2507 3785 qui
2539 3713 2941 3785 judicabatur,
2991 3712 3147 3768 Deus
3204 3727 3332 3767 esse
3383 3711 3734 3767 crederetur.

335 3796 767 3871 dnoxpwd'risvoc
822 3796 958 3868 πρὸς
1013 3798 1113 3866 τὴν
1172 3798 1460 3876 φλυαρίαν,
1516 3799 1676 3862 αὐτὸς
1718 3803 1788 3872 τῇ
1820 3798 1973 3875 ἔπαγ-

2095 3804 2251 3858 Idem
2293 3808 2487 3858 autem
2520 3802 2646 3873 ipse
2676 3802 2774 3874 qui
2796 3800 2940 3859 nihil
2969 3802 3041 3857 ad
3072 3800 3306 3872 Caiphae
3363 3798 3614 3871 ineptias
3644 3815 3706 3854 re

335 3886 497 3964 γελίᾳ
523 3884 649 3947 τοὺς
680 3887 881 3947 πάντας
936 3884 1013 3947 εἰς
1058 3891 1255 3961 γνῶσιν
1310 3888 1628 3963 μετήγαγεν.
1681 3887 1799 3942 Ἐπὶ
1838 3885 1983 3942 πολὺ

2091 3892 2424 3964 sponderat,
2445 3890 2834 3962 promissione
2864 3907 2972 3961 sua
2996 3906 3198 3945 omnes
3220 3889 3288 3943 ad
3324 3888 3416 3944 sui
3449 3886 3733 3959 cognitio-

338 3977 470 4051 γοῦν
500 3973 918 4046 ὑπερτιθέμενος
965 3973 1054 4027 καὶ
1102 3975 1241 4048 ὁρῶν
1284 3975 1384 4043 τήν
1414 3979 1521 4029 τῶν
1550 3972 1980 4048 ἀναιδευομένων

339 4062 718 4138 λογομαχίαν,
776 4058 940 4133 μόλις
991 4059 1215 4135 ᾐδέσθεν
1263 4062 1354 4117 τὸν
1405 4064 1495 4119 σὸν
1547 4064 1680 4140 ύπὲρ
1711 4071 1808 4133 τῆς
1832 4060 1980 4134 ἀλη-

339 4151 486 4218 θείας
513 4148 703 4224 ξῆλον,
752 4149 842 4204 καὶ
893 4149 1237 4226 ὑπηγόρευσα
1284 4148 1438 4207 οὐδέν
1478 4150 1645 4208 πλέον
1675 4157 1782 4207 τῶν
1837 4151 1984 4228 παρὰ

336 4246 435 4298 σοῦ
486 4239 818 4317 γραφέντων,
859 4237 933 4293 ἵν’
990 4241 1073 4300 οἷς
1127 4237 1435 4315 ἀντείρηκεν
1487 4242 1515 4296 ὁ
1563 4241 1818 4311 ἐναντίος,
1863 4241 1983 4296 τού-

332 4352 450 4394 τοις
485 4327 678 4386 λοιπὸν
710 4326 971 4399 πεισθεὶς,
1001 4327 1181 4403 παύσῃ
1213 4329 1311 4397 τήν
1358 4327 1607 4404 γλῶσσαν
1658 4330 1823 4385 αὐτοῦ
1875 4330 1981 4385 ἀπὸ

333 4424 523 4492 κακοῦ,
557 4417 646 4474 καὶ
678 4415 844 4493 χείλη
878 4416 1042 4471 αὐτοῦ
1082 4421 1179 4471 τοῦ
1228 4418 1303 4490 μὴ
1356 4416 1593 4487 λαλῆσαι
1639 4415 1824 4474 δόλον.
1878 4419 1979 4475 Καὶ

331 4512 544 4588 γένοιτο
580 4508 675 4581 μὲν
708 4505 836 4569 τοὺς
868 4505 1153 4568 τοιούτους
1194 4506 1388 4579 μηκέτι
1422 4504 1677 4561 ὀνειδίσαι
1713 4508 1846 4581 μετὰ
1872 4512 1977 4562 τῶν

331 4595 748 4675 παροδευόντων
779 4595 901 4651 τότε
932 4593 1211 4650 Ἰουδαίων
1259 4595 1351 4649 τὸν
1382 4596 1725 4670 κρεμάμενον
1757 4594 1843 4650 ἐπὶ
1893 4595 1980 4667 ξύ-

335 4689 460 4757 λου,
492 4686 555 4742 Εί
587 4688 715 4750 Υἱός
746 4686 857 4742 ἐστι
903 4690 1000 4741 τοῦ
1057 4690 1210 4757 Θεοῦ,
1266 4684 1428 4739 σώσει
1456 4684 1637 4740 αὐτόν·
1671 4682 1758 4740 ἐὰν
1793 4683 1849 4740 δὶ
1880 4684 1981 4761 ἄρα

338 4775 481 4855 μηδὲ
512 4777 685 4841 οὕτως
712 4774 1106 4844 καταδύωνται,
1160 4772 1305 4831 ἀλλὰ
1352 4772 1414 4828 σὺ
1463 4777 1564 4844 τῆς
1611 4775 1980 4842 ἀποπολικῆς

336 4869 696 4944 μνημονεύων
749 4867 1134 4945 παραγγελίας,
1194 4867 1461 4944 αἱρετικὸν
1516 4855 1800 4944 ἄνθρωπον.
1847 4869 1980 4943 μετὰ

334 4959 463 5034 μίαν
520 4960 609 5015 καὶ
669 4957 918 5035 δευτέραν
974 4955 1250 5014 νουθεσίαν
1308 4959 1596 5035 παραιτοῦ,
1657 4956 1838 5029 εἰδὼς,
1894 4960 1976 5015 ὅτι

330 5050 678 5123 ἐξέστραπται
751 5051 779 5105 ὁ
846 5052 1138 5119 τοιοῦτος,
1203 5047 1290 5103 καὶ
1370 5048 1662 5125 ἁμαρτάνει
1738 5044 1812 5104 ὧν
1880 5049 1974 5105 αύ-

325 5140 735 5215 τοκατάκριτος.
791 5138 857 5196 Εἴ
905 5138 1003 5212 μὲν
1053 5138 1155 5213 γὰρ
1201 5134 1476 5208 ’Έλληνες
1524 5139 1558 5207 ἢ
1609 5142 1716 5194 τῶν
1744 5137 1966 5195 Ἰουδαῖ-

326 5229 527 5299 ζόντων
563 5231 676 5303 (24)
729 5227 863 5284 εἶ’σὶν
914 5228 966 5284 οἱ
1022 5227 1089 5283 τὰ
1135 5231 1361 5283 τοιαῦτα
1382 5226 1716 5302 τολμῶντες,
1748 5229 1822 5294 ὥς
1872 5230 1967 5305 μὲν

2093 3996 2223 4036 nem
2255 3980 2516 4036 traduxit
2546 3979 2762 4035 “.Hinc
2792 3978 2967 4049 igitur
2996 3977 3096 4032 diu
3131 3978 3255 4048 ipse
3275 3975 3499 4042 distuli,
3522 3975 3734 4046 vixque

2087 4070 2349 4140 tandem,
2376 4085 2576 4125 eorum
2640 4072 2969 4124 commotus
2999 4064 3366 4138 impudentia
3392 4070 3450 4120 et
3480 4064 3733 4135 loquaci-

2090 4161 2228 4226 tate,
2260 4161 2361 4213 tuo
2393 4174 2496 4230 pro
2524 4156 2763 4213 veritate
2793 4157 2941 4212 cessi
2972 4153 3350 4211 ardori.Nihil
3380 4159 3573 4210 tamen
3602 4152 3736 4226 plus

2090 4246 2303 4302 dictavi
2332 4246 2406 4301 iis
2435 4261 2560 4316 quae
2592 4263 2626 4301 a
2654 4250 2710 4301 te
2741 4245 2959 4317 scripta
3005 4248 3165 4312 sunt,
3199 4247 3264 4298 ut
3309 4243 3526 4314 quibus
3566 4259 3735 4314 repu-

2088 4336 2289 4408 gnavit
2317 4335 2704 4404 adversarius,
2735 4335 2945 4390 iisdem
2987 4335 3109 4406 jam
3171 4350 3492 4406 persuasus
3541 4332 3734 4405 prohi-

2090 4424 2223 4480 beat
2253 4423 2511 4496 linguam
2536 4441 2703 4479 suam
2737 4442 2771 4478 a
2802 4422 3350 4491 malo,etlabia-sua
3380 4439 3451 4479 ne
3480 4421 3730 4494 loquan-

2088 4518 2185 4568 tur
2214 4511 2412 4567 dolum
2448 4513 2511 4568 ¹’¹.
2558 4511 2791 4568 Utinam
2826 4530 2957 4568 vero
2990 4529 3104 4567 non
3136 4511 3393 4585 amplius
3422 4529 3554 4566 cum
3594 4529 3732 4583 prae-

2090 4603 2458 4658 tereuntibus
2488 4606 2627 4656 tunc
2658 4600 2874 4657 Judmis
2919 4618 3207 4673 suspenso
3239 4601 3294 4655 in
3338 4616 3506 4655 cruce
3528 4616 3728 4671 expro-
3816 4648 3819 4651 ,

2089 4692 2279 4759 brent,
2301 4691 2357 4746 Si
2400 4691 2577 4746 Filius
2642 4691 2741 4746 Dei
2774 4696 2883 4759 est,
2914 4692 3176 4764 seipsum
3209 4689 3433 4746 salvum
3468 4689 3637 4745 faciet
3666 4690 3708 4725 ¹⁸

2085 4783 2249 4848 Quod
2269 4782 2316 4838 si
2338 4799 2441 4838 nec
2468 4781 2696 4838 sicillos
2716 4798 2838 4838 suae
2855 4781 3111 4837 audacias
3134 4781 3436 4854 pudeat,tu
3463 4780 3729 4852 praecepti

2085 4873 2386 4945 apostolici
2404 4871 3020 4943 memor,«haareticum
3035 4870 3329 4926 hominem
3344 4873 3474 4941 post
3487 4884 3660 4923 unam
3678 4872 3732 4924 et

2084 4964 2409 5020 secundum
2440 4963 2865 5035 correptionem
2887 4961 3098 5031 devita,
3123 4959 3318 5015 sciens
3338 4959 3475 5030 quia
3495 4958 3732 5014 subver-

2086 5071 2188 5109 sus
2219 5057 2308 5109 est
2336 5053 2433 5125 qui
2466 5053 2758 5124 ejusmodi
2791 5055 2898 5120 est,
2932 5055 2989 5106 et
3020 5048 3326 5121 delinquit,
3351 5064 3484 5104 cum
3518 5049 3564 5104 si
3600 5065 3731 5121 pro-

2085 5143 2209 5215 prio
2231 5142 2456 5216 judicio
2486 5142 2916 5197 condemnatus
2948 5141 3046 5195 1°.»
3077 5138 3221 5194 Nam
3247 5137 3295 5194 si
3334 5136 3735 5211 gentilessunt

2082 5239 2185 5290 aut
2214 5249 2282 5288 ex
2309 5231 2743 5288 Judaizantium
2774 5246 3019 5286 numero
3048 5228 3165 5300 qui
3199 5228 3339 5284 talia
3376 5227 3613 5295 audent,
3646 5226 3731 5282 illi

397 5374 439 5409 ⁸⁸
472 5373 491 5428 Ι
523 5374 671 5429 Tim.
708 5391 746 5438 ῐ,
779 5374 833 5429 7.
863 5376 907 5411 ¹⁴
936 5371 1145 5428 Matth.
1177 5390 1354 5438 xxvu,
1384 5373 1474 5428 24.
1512 5373 1557 5410 ¹⁸
1585 5372 1722 5428 ibid.
1761 5375 1845 5429 19.
1880 5375 1923 5411 ¹⁶
1950 5378 2007 5430 Μη

2091 5377 2149 5431 h.
2181 5392 2336 5441 xxvr,
2380 5375 2472 5431 63.
2539 5374 2581 5410 ¹⁷
2621 5373 2789 5430 ΡειιΙ.·
2817 5390 3015 5439 xum,
3042 5374 3086 5428 1.
3126 5372 3169 5407 ’⁸
3199 5370 3400 5428 Matth.
3432 5387 3608 5435 xxvn,
3639 5371 3730 5425 40.

327 5448 369 5483 ⁸³
398 5446 512 5501 Tit.
549 5447 746 5513 ιιι,10,
776 5447 855 5501 11.

399 5593 768 5663 (21),8ίιι·ἰρίο
800 5610 955 5649 anno
987 5593 1216 5649 circiter
1236 5594 1437 5648 37~l.—-
1471 5590 1969 5661 Βαεί1.,ὲπίσκοπον

329 5682 432 5790 pro
466 5661 861 5750 φιλόσοφονλη
885 5664 1252 5748 βεκυςεῐιὶοηο
1275 5664 1472 5721 nullus
1497 5666 1821 5757 praeﬁgitur
1840 5667 1976 5723 titu-

356 5753 447 5790 us.
481 5738 581 5790 sed
616 5737 749 5790 aliis
778 5737 1017 5790 omissis
1049 5738 1348 5790 incipitur-
1377 5735 1457 5790 τῶ
1486 5741 1751 5790 αγαπτιτῶ
1775 5744 1887 5790 etc.

356 5753 457 5813 us,
472 5737 749 5813 sodaliis
778 5737 1017 5794 omissis
1049 5737 1348 5813 incipitur,
1377 5737 1457 5810 τῷ
1486 5737 1751 5813 ἀγαπητῷ
1774 5744 1887 5813 etc.

409 5808 520 5881 (22)
552 5809 643 5867 Sic
668 5815 905 5883 Seguer
939 5815 995 5868 et
1026 5806 1203 5868 Basil'.
1236 5809 1350 5867 Alii
1374 5806 1506 5870 vero
1534 5806 1608 5868 'et
1648 5811 1784 5868 editi
1860 5806 1970 5864 ἐδε-

2082 5593 2279 5665 ξάμην.
2314 5592 2441 5650 Mox
2495 5612 2565 5654 ex
2618 5600 2855 5666 Seguer.
2909 5591 3256 5663 particulam
3315 5592 3390 5663 μή
3452 5591 3510 5645 in
3553 5590 3730 5647 editis
3798 5628 3813 5641 .

2083 5668 2364 5724 omissam
2395 5670 2788 5732 restituimus.

2174 5739 2244 5795 23
2298 5737 2450 5795 Εἶναι
2484 5746 2656 5810 abest
2685 5757 2718 5797 a
2747 5734 2974 5794 Gobler.
2997 5738 3054 5791 et
3080 5734 3225 5792 Felc.
3260 5736 3309 5791 1.

2177 5739 2269 5885 24)
2301 5811 2733 5885 Seguerianus,
2758 5811 2864 5863 τῶν
2894 5810 2984 5861 νῦν
3012 5804 3309 5877 Ἰουδαϊζόν

2177 5804 2269 5885 24)
2301 5804 2733 5890 ερειιθιθῖέῇῃε,
2758 5811 2864 5863 τῶν
2894 5810 2984 5861 νῦν
3012 5804 3436 5877 Ἰουδαϊζὸντων.
