4048 6410
342 464 496 525 1089

1245 460 1626 523 EPISTOLA
1668 461 1771 521 AD
1816 458 2191 521 MAXIMUM
2241 461 2824 524 PHILOSOPHUM.

3593 471 3609 524 l
3625 462 3745 526 090

335 614 429 656 τος
487 593 576 648 καὶ
633 591 891 664 ἀληθείας
927 636 940 651 .
998 596 1066 650 Ἃ
1119 591 1218 669 γὰρ
1279 589 1368 647 διὰ
1419 596 1516 648 τοῦ
1569 593 1822 666 σώματος
1880 592 2023 659 ὑπο)

2122 595 2298 652 lemus
2328 596 2566 664 gloriam
2594 598 2736 667 eius,
2785 597 3020 668 gloriam
3075 600 3237 669 quasi
3284 599 3565 670 Unigeniti
3585 602 3752 656 aPa.

340 685 541 757 έμεινε,
598 686 765 739 ταῦτα
808 682 885 744 ὡς
940 683 1069 745 Θεὸς
1128 681 1442 759 έμεγάλυνε·
1501 681 1593 738 καὶ
1650 680 1833 736 έπείνα
1891 680 1985 753 μὲν

337 772 517 848 σαρκὶ,
570 775 761 836 θεϊκῶς
815 768 873 826 δὲ
916 769 1044 834 τοὺς
1097 774 1394 834 πεινῶντας
1443 771 1745 847 έχόρταζε.
1801 769 1902 826 Καὶ
1942 767 1988 824 εἰ

340 857 750 930 σκανδαλίζεταί
795 881 877 922 τις
942 859 1027 914 ἐπὶ
1076 864 1192 923 τοῖς
1256 865 1589 934 σωματικοῖς
1623 904 1637 929 ,
1694 856 1988 914 πιστευέτω

368 951 424 1028 φ’
475 952 559 1012 οἷς
607 950 636 1003 ὁ
688 949 817 1011 Θεὸς
864 948 1161 1026 ἐργάζεται.
1211 949 1534 1013 Ιῐυνθάνεται
1580 949 1683 1024 γὰρ
1716 945 1990 1023 ἀνθρωπί-

340 1061 469 1109 νως,
502 1042 607 1094 ποῦ
652 1039 895 1115 Λάζαρος
937 1043 1128 1109 κεῖται,
1181 1037 1373 1114 ἐγείρει
1433 1035 1491 1093 δὲ
1534 1041 1723 1093 τοῦτον
1774 1038 1986 1099 θεῖκῶς.

340 1130 503 1187 ’Όθεν
541 1125 682 1203 μηδὲ
724 1126 940 1204 γελάτω
981 1148 1065 1189 τις
1120 1126 1293 1203 λέγων
1347 1124 1563 1182 παιδίον
1622 1127 1711 1181 καὶ
1768 1124 1986 1195 ἡλικίαν

344 1218 650 1292 ὀνομάζων,
696 1218 785 1272 καὶ
837 1213 1081 1290 αὔξησιν,
1133 1217 1222 1272 καὶ
1274 1222 1484 1291 φαγεῖν,
1533 1217 1618 1271 καὶ
1650 1220 1848 1283 γπιεῖν,
1902 1216 1990 1269 καὶ

343 1309 554 1376 παθεῖν,
601 1304 693 1361 ’ίνα
743 1307 869 1379 μή,
919 1306 987 1361 τὰ
1030 1303 1146 1361 ἴδια
1189 1309 1287 1361 τοῦ
1336 1306 1589 1378 σώματος
1636 1304 1989 1381 ἀρνούμενος,

340 1397 643 1474 ἆρνήσηται
672 1395 857 1451 τέλεον
885 1394 975 1450 καὶ
1005 1396 1103 1464 τήν
1155 1393 1225 1450 δι’
1272 1396 1422 1467 ἡμᾶς
1471 1391 1765 1467 ἐπιδημίαν
1800 1392 1985 1448 αὐτοῦ.

344 1485 445 1543 Καὶ
479 1485 658 1560 ὥσπερ
716 1484 815 1539 οὐκ
866 1481 1162 1556 ἀκολουθίᾳ
1214 1482 1422 1561 φύσεως
1465 1480 1748 1555 ἅνθρωπος
1778 1483 1992 1559 γεγένη-

340 1596 449 1645 ται,
501 1572 673 1636 οὕτως
715 1572 1013 1637 ἀκόλουθον
1070 1575 1132 1642 ἧν
1182 1576 1341 1647 σῶμα
1390 1566 1622 1627 λαϐόντα
1670 1570 1829 1627 αὐτὸν
1881 1569 1989 1626 δει-

342 1664 527 1720 κνύναι
575 1664 642 1718 τὰ
691 1659 800 1717 ἷ¹δια
844 1662 1062 1733 τούτου,
1106 1658 1201 1716 ’ίνα
1251 1662 1328 1735 μή
1377 1663 1412 1731 ἠ
1446 1660 1706 1739 φαντασία
1751 1665 1847 1715 τοῦ
1876 1662 1988 1735 (31)

347 1751 653 1829 Μανιχαίου
705 1753 980 1828 κρατήσῃ.
1041 1748 1368 1809 Ἀκὸλουθον
1429 1748 1487 1806 δὲ
1542 1748 1705 1805 πάλιν
1763 1749 1829 1817 ήν
1890 1770 1993 1804 σω-

351 1840 593 1918 ματικῶς
649 1841 810 1896 αὑτὸν
884 1839 1297 1918 χρηματίζοντα
1369 1841 1445 1915 μή
1516 1839 1717 1915 κρύψαι
1774 1840 1841 1894 τὰ
1890 1845 1991 1908 τῆς

350 1932 605 2005 θεότητος
640 1975 654 2001 ,
706 1928 795 1986 ’ίνα
848 1931 925 2005 μὴ
985 1931 1014 1986 ὁ
1073 1929 1419 2005 Σαμοσατεὺς
1488 1929 1755 2007 πρόφασιν
1789 1929 1938 2006 ,εὕρῃ
1973 1974 1988 2001 ,

351 2018 633 2099 ἄνθρωπον
694 2019 851 2076 αὐτὸν
902 2018 1104 2096 λέγων,
1165 2020 1238 2082 ὡς
1295 2017 1464 2075 ἄλλον
1524 2014 1649 2076 ὅντα
1704 2018 1849 2094 παρά
1904 2018 1995 2074 τὸν

352 2111 478 2168 Θεὸν
514 2111 687 2187 Λόγον
699 2155 712 2168 .

2029 1980 2122 2047 Βέ

2098 687 2202 751 tre,
2221 685 2449 755 plenum
2482 686 2677 756 gratiae
2719 694 2770 741 et
2810 687 3055 741 veritatis
3085 688 3150 742 9'.
3210 689 3344 753 Quae
3414 688 3572 745 enim
3648 707 3751 762 per

2099 789 2312 846 corpus
2361 772 2648 845 toleravit,
2700 774 2821 838 haec
2859 776 3085 843 eadem,
3138 781 3202 831 ut
3233 776 3409 843 Deus,
3442 779 3752 850 magniﬁce

2100 861 2419 918 exornavit.
2471 864 2574 918 Hic
2632 877 2807 919 carne
2863 863 3101 935 quidem
3157 864 3474 934 esuriebat,
3521 871 3583 922 at
3615 884 3753 924 esu-

2102 950 2318 1008 rientes
2352 952 2625 1024 pascebat
2653 957 2932 1025 tanquam
2968 952 3142 1008 Deus.
3198 952 3360 1009 Unde
3391 953 3441 1010 si
3500 955 3593 1011 cui
3625 972 3752 1013 cor-

2101 1056 2275 1112 porea
2305 1041 2433 1112 ejus
2473 1046 2603 1098 acta
2651 1040 3002 1097 offendicula
3052 1047 3211 1108 sunt,
3261 1060 3330 1098 ex
3378 1042 3470 1099 his
3529 1061 3657 1116 quae
3690 1050 3755 1102 ut

2100 1127 2255 1185 Deus
2282 1131 2423 1202 agit,
2457 1130 2688 1187 credere
2727 1129 2873 1185 nihil
2903 1136 3230 1187 cunctetur.
3263 1131 3526 1204 Namque
3568 1135 3754 1192 inter-

2102 1223 2269 1290 rogat
2298 1219 2537 1291 quidem
2582 1225 2646 1275 ut
2703 1218 2902 1289 homo,
2962 1219 3061 1274 ubi
3101 1221 3296 1291 jaceat
3346 1227 3616 1290 Lazarus,
3650 1225 3752 1281 sed

2101 1307 2296 1379 ipsum
2327 1314 2390 1363 ut
2422 1313 2572 1364 Deus
2602 1309 2673 1364 ad
2709 1308 2885 1363 vitam
2922 1314 3149 1365 revocat
3168 1309 3233 1363 ³ο.
3269 1309 3450 1368 Nemo
3479 1312 3754 1383 igiturir-

2100 1396 2298 1452 ridens
2331 1397 2836 1469 objiciatpuerum
2887 1414 3020 1452 eum
3076 1397 3258 1453 fuisse
3296 1404 3579 1471 aatateque
3631 1418 3757 1458 cre-

2100 1485 2275 1555 visse,
2311 1487 2720 1554 manducasse,
2774 1485 2992 1542 bibisse
3022 1492 3081 1542 et
3129 1503 3369 1558 passum
3412 1505 3560 1556 esse,
3603 1508 3673 1547 ne
3704 1494 3753 1548 si

2100 1591 2169 1630 ea
2199 1590 2330 1647 quae
2358 1574 2623 1647 corporis
2655 1574 2892 1647 propria
2924 1580 3065 1630 sunt
3096 1576 3412 1646 negaverit,
3433 1577 3669 1649 penitus
3694 1598 3755 1637 e-

2101 1663 2245 1720 tiam
2278 1668 2450 1736 neget
2469 1665 2597 1735 ejus
2655 1666 2892 1736 propter
2921 1679 3023 1719 nos
3054 1665 3393 1722 adventum.
3440 1668 3521 1722 Ac
3550 1684 3759 1741 quem-

2101 1753 2419 1809 admodum
2452 1769 2567 1809 non
2600 1755 2878 1809 consueto
2901 1756 3120 1809 naturae
3144 1753 3347 1810 ordine
3368 1753 3546 1813 homo
3570 1757 3763 1819 faclus

2101 1847 2209 1911 est,
2237 1840 2318 1898 ita
2347 1840 2618 1898 convenit
2667 1840 2886 1913 ipsum,
2946 1857 3191 1914 corpore
3245 1849 3573 1917 assumpto,
3629 1850 3760 1921 ejus

2104 1930 2490 2004 proprietates
2545 1931 2603 1986 in
2663 1946 2725 1986 se
2755 1929 3047 1998 exhibere,
3083 1934 3146 1985 ut
3186 1947 3257 1987 ne
3287 1931 3422 1987 ficta
3452 1932 3759 1992 Manichiei

2109 2018 2435 2076 incarnatio
2466 2018 2581 2074 vim
2631 2018 2938 2075 obtineret.
3002 2021 3225 2074 Rursus
3283 2035 3415 2077 vero
3462 2039 3570 2093 par
3624 2041 3761 2082 eum

2111 2114 2238 2163 erat
2266 2108 2349 2163 ita
2379 2123 2507 2164 sese
2537 2121 2776 2178 corpore
2810 2106 3135 2175 ostendere,
3182 2111 3244 2163 ut
3281 2124 3407 2180 quas
3439 2109 3763 2171 divinitatis

350 2199 582 2277 propria
611 2203 754 2257 sunt
782 2217 900 2256 non
930 2199 1269 2272 occultaret,
1304 2217 1375 2256 ne
1405 2197 1798 2256 Samosatensi
1836 2200 1988 2255 esset
2027 2196 2263 2253 errandi
2303 2213 2501 2264 causa,
2528 2195 2627 2268 qui
2676 2211 2884 2268 nempe
2919 2194 3218 2252 hominem
3251 2213 3386 2254 eum
3416 2215 3547 2258 esse
3578 2208 3756 2275 atque

357 2290 538 2348 alium
566 2308 600 2347 a
629 2290 813 2347 Verbo
847 2287 1015 2344 dixit.

429 2381 482 2435 4.
541 2380 724 2435 Ταῦτα
777 2374 957 2431 τοίνυν
1007 2380 1286 2434 κατανοῶν
1338 2377 1367 2431 ὁ
1426 2371 1676 2444 ἄπιστος,
1740 2374 1958 2449 μαθέτω
1991 2414 2006 2442 ,

358 2469 442 2523 ὅτι
501 2456 728 2545 βρέφοί
762 2466 857 2539 μὲν
913 2467 978 2535 ἦν
1038 2464 1127 2520 ἐπὶ
1184 2466 1430 2545 φάτνης,
1490 2463 1624 2528 τοὺς
1683 2461 1741 2519 δὲ
1801 2464 2006 2539 μάγους

360 2555 582 2627 ὑπέταξε
648 2552 1123 2629 προσκυνούμενος
1200 2554 1288 2610 ὑπ’
1357 2553 1532 2610 αὐτῶν
1570 2573 1582 2586 ο
1646 2553 1735 2608 καὶ
1791 2549 2005 2607 παιδίον

363 2646 457 2720 μὲν
515 2644 592 2709 εἷς
648 2642 926 2719 Αἴγυπτον
979 2640 1240 2716 κατῆλθε,
1290 2644 1357 2698 τὰ
1413 2639 1471 2697 δὲ
1513 2642 1880 2719 χειροποίητα
1908 2647 2009 2711 τῆς

361 2732 817 2808 είδωλολατρείας
866 2731 1201 2810 λατήργησε’
1236 2731 1324 2787 καὶ
1373 2730 1782 2809 ἐσταυρωμένος
1830 2727 2007 2807 σαρκὶ,

360 2823 582 2901 νεκροὺς
641 2820 702 2877 ἐκ
755 2818 972 2877 πολλοῦ
1044 2820 1250 2899 χρόνου
1311 2819 1572 2883 σαπέντας
1630 2822 1742 2895 (32)
1798 2816 2008 2897 ἤγειρε.

364 2914 459 2969 Καὶ
513 2908 774 2968 δέδεικται
833 2916 1016 2985 πᾶσιν,
1074 2908 1157 2966 ὅτι
1219 2909 1281 2966 ού
1341 2907 1411 2965 δι’
1466 2908 1677 2981 ἑαυτὸν,
1736 2908 1881 2965 ἀλλά
1936 2906 2015 2965 δι-

363 3004 510 3077 ἠμᾶς
545 3002 797 3075 ὑπέμεινε
840 3002 1029 3071 πάντα,
1072 2997 1148 3053 τίν’
1198 3002 1386 3074 ἡμεῖς,
1441 3004 1558 3062 τοῖς
1598 2997 1804 3054 ἐκείνου
1834 2999 2010 3069 παθή-

368 3113 496 3166 μασι
552 3090 811 3155 ἀπάθειαν
860 3088 949 3144 καὶ
1009 3086 1304 3169 ἀφθαρσίαν
1363 3085 1737 3163 ἐνδυσάμενοι,
1797 3084 2010 3162 διαμεί-

363 3201 542 3256 νωμεν
576 3177 654 3241 εἷς
679 3180 825 3249 ζωὴν
857 3178 1102 3234 αἰώνιον.
1784 3180 1795 3188 ”

433 3273 489 3327 5.
518 3272 702 3328 Ταῦτα
760 3264 819 3323 δέ
876 3288 961 3323 σοι
1014 3266 1295 3342 συντόμως
1352 3266 1411 3323 ἐκ
1462 3270 1572 3323 τῶν
1628 3270 1733 3322 σῶν
1764 3311 1778 3333 ,
1828 3265 2011 3331 καθὼς

363 3364 650 3435 προεῖπον,
714 3356 999 3431 δεξάμενος
1050 3357 1433 3433 ὑπηγόρευσα,
1488 3352 1641 3412 οὐδὲν
1693 3354 1858 3412 πλέον
1916 3355 2011 3410 έπ-

2190 2374 2243 2430 4.
2277 2373 2407 2430 Haec
2438 2373 2620 2446 igitur
2647 2372 2979 2446 intelligens
3033 2373 3313 2443 infidelis,
3353 2375 3542 2434 discat
3595 2378 3765 2438 illum

2120 2462 2406 2520 infantem
2441 2462 2676 2535 quidem
2702 2462 2964 2534 jacuisse
2995 2463 3053 2518 in
3088 2465 3388 2537 praesepio,
3422 2467 3521 2523 sed
3539 2484 3765 2542 magos,

2122 2570 2153 2610 ιι
2187 2551 2400 2623 quibus
2430 2552 2705 2609 adoratus
2735 2557 2842 2619 est,
2869 2552 2980 2608 sibi
3015 2551 3351 2611 subdidisse
3377 2580 3390 2623 ;
3412 2556 3601 2614 discat
3632 2574 3773 2631 pue-

2122 2659 2250 2698 rum
2284 2657 2421 2698 eum
2452 2641 2826 2698 descendisse
2856 2640 2912 2697 in
2947 2642 3279 2715 Egyptum,
3297 2645 3397 2700 sed
3425 2644 3765 2703 idololatria:

2121 2731 2439 2788 simulacra
2467 2731 3038 2799 detubasse;discat
3084 2748 3255 2787 carne
3299 2734 3540 2804 quidem
3580 2738 3766 2793 cruci-

2122 2820 2299 2875 fixum
2333 2820 2526 2891 ipsum
2557 2836 2705 2889 esse,
2739 2823 2799 2876 at
2830 2824 3092 2876 mortuos
3143 2820 3328 2877 multo
3349 2822 3475 2894 jam
3508 2828 3768 2898 tempore

2121 2911 2426 2980 corruptos
2457 2908 2868 2964 exsuscitasse.
2902 2908 3162 2978 Denique
3201 2908 3393 2981 palam
3430 2912 3648 2970 factum
3680 2920 3769 2972 est

2121 2998 2317 3071 ipsum
2341 3013 2454 3053 non
2479 3000 2716 3070 prapter
2736 2997 2925 3065 se,sed
2968 3002 3202 3070 propter
3232 3015 3339 3056 nos
3369 3001 3569 3058 omnia
3590 3005 3770 3060 susti-

2123 3087 2414 3155 nuisse,ut
2429 3103 2537 3144 nos
2549 3086 2677 3157 ejus
2692 3085 3072 3159 passionibus
3086 3086 3164 3141 im
3173 3088 3622 3160 passibilitatem
3635 3091 3765 3150 etin

2123 3192 2286 3233 corru
2297 3175 2553 3249 ptionem
2568 3174 2925 3232 induentes31
2936 3176 3135 3242 ,vitam
3150 3175 3472 3234 viveremus
3485 3183 3763 3238 aeternam

2191 3264 2245 3319 5.
2279 3263 2410 3320 Haec
2440 3269 2638 3320 autem
2669 3264 3013 3336 breviter,ex
3042 3265 3180 3337 tuis,
3215 3269 3279 3322 ut
3333 3267 3498 3339 dixit,
3532 3274 3767 3328 mutua-

2124 3357 2244 3421 tus,
2273 3352 2502 3423 dictavi,
2538 3353 2752 3425 quibus
2783 3353 2928 3410 nihil
2985 3352 3142 3411 aliud
3192 3356 3360 3413 duxit
3406 3358 3762 3433 addendum,
3794 3417 3809 3432 ,

365 3448 784 3527 εξεργασάμενος
845 3448 979 3520 (33),
1029 3445 1172 3503 me
1211 3446 1376 3519 μόνον
1424 3447 1487 3501 τὸ
1537 3446 1659 3521 περὶ
1709 3449 1807 3500 τοῦ
1865 3443 2011 3501 θείου

2123 3442 2237 3499 nisi
2269 3443 2423 3516 quod
2456 3441 2640 3499 solius
2671 3442 2863 3499 crucis
2921 3442 3312 3522 meminerim,
3346 3449 3410 3502 ut
3439 3461 3566 3519 qua:
3596 3448 3767 3506 incu-

366 3540 602 3614 σταυροῦ
676 3536 1049 3611 μνημονεύσας
1086 3582 1101 3609 ,
1127 3533 1220 3590 ’ίνα
1275 3536 1328 3590 ἐν
1388 3536 1469 3598 οἷς
1522 3531 2014 3604 ἐσκανδαλίσθησαν

369 3628 423 3683 oi.
455 3625 745 3702 ὀλίγωροι.
798 3623 851 3681 ἒν
901 3624 1115 3686 τούτοις
1166 3621 1671 3698 μεταπαιδευθέντες
1709 3625 2016 3700 προσκυνήο

371 3737 506 3772 σωσι
536 3714 628 3770 τὸν
661 3712 1087 3791 ἐσταυρωμένον.
1123 3712 1199 3767 Σὺ
1232 3709 1289 3767 δὲ
1318 3713 1559 3788 γνησίως
1588 3710 1714 3774 τοὺς
1760 3710 2018 3775 ἀπίστους

372 3805 544 3861 πεῖθεο
604 3804 750 3878 τάχα
806 3822 921 3863 πως
970 3799 1075 3856 ἀπό
1137 3799 1401 3877 ἀγνωσίας
1451 3802 1561 3873 (34)
1596 3798 1671 3861 εἷς
1730 3798 2014 3876 ἐπίγνωσιν

373 3892 597 3959 ἔλθωσι,
646 3891 737 3945 καὶ
785 3887 1111 3944 πιστεύσωσι
1162 3888 1368 3951 καλῶς.
1420 3887 1517 3942 Καί
1568 3888 1613 3942 εἰ
1655 3887 1745 3942 καὶ
1777 3886 2035 3965 αὐτάρκη.

373 3982 509 4038 αὐτὰ
552 3980 621 4034 τὰ
662 3980 807 4054 παρὰ
843 3981 940 4032 σοῦ
990 3978 1276 4052 γραφέντα,
1310 3975 1464 4049 ὅμως
1514 3977 1870 4049 ὑπομνήσεως
1896 3973 2015 4031 ἓνε-

373 4091 461 4125 κεν
494 4067 630 4142 πρὸς
673 4065 801 4128 τοὺς
843 4061 1187 4143 φιλονείκους
1233 4066 1545 4141 προσθεῖναι
1570 4064 1682 4119 ικαὶ
1724 4068 1893 4119 ταῦτα
1920 4085 2017 4119 κα-

373 4157 492 4213 λόν·
543 4153 635 4210 ’ίνα
692 4155 768 4229 μὴ
828 4154 901 4215 ὡς
948 4152 1335 4228 ἐλεγχόμενοι,
1387 4152 1439 4223 ἐξ
1469 4153 1543 4208 ὧν
1592 4151 2014 4227 τετολμήκασιν,

367 4246 757 4322 αἶσχυνθῶσιν,
807 4241 933 4297 ἀλλ’
982 4242 1055 4304 ὠς
1107 4242 1651 4317 ὑπομιμνησκόμενοι
1701 4242 1774 4315 μὴ
1826 4240 2017 4298 ἐπιλά-

368 4340 569 4392 θωνται
620 4339 722 4405 τῆς
776 4329 1054 4403 ἀληθείας.
1114 4329 1388 4408 Κρατείτω
1442 4330 1542 4407 γὰρ
1599 4329 1667 4385 τὰ
1722 4328 1776 4386 ἐν
1822 4330 2019 4405 Νικαίᾳ

364 4424 512 4501 παρὰ
567 4427 676 4479 τῶν
736 4425 987 4498 Πατέρων
1044 4422 1156 4494 (35)
1215 4419 1664 4496 ὁμολογηθέντα·
1721 4416 1855 4494 ὀρθὰ
1911 4421 2015 4495 γὰρ

367 4516 477 4573 ἐστι
530 4515 620 4571 καὶ
677 4511 835 4568 ἱκανὰ
887 4515 1059 4566 πᾶσαν
1118 4502 1474 4578 ἀσεϐεστάτην
1534 4505 1737 4583 α’ίρεσιν
1796 4508 2016 4583 ἀνατρέ-

367 4609 486 4681 ψαι,
524 4603 616 4659 καὶ
680 4600 919 4675 μάλιστα
963 4600 1064 4671 τὴν
1097 4598 1376 4674 Ἀρειανὴν
1414 4640 1428 4666 ,
1458 4598 1557 4667 τὴν
1592 4595 1668 4658 εἷς
1715 4597 1806 4651 τὸν
1839 4590 2014 4672 Λόγον

366 4698 465 4749 τοῦ
495 4695 629 4748 Θεοῦ
836 4686 1242 4768 δυσφημοῦσαν,
1294 4685 1384 4740 καὶ
1439 4684 1489 4756 ἐξ
1543 4685 1774 4761 ἀνάγκης
1829 4684 1904 4747 εἰς
1953 4686 2016 4740 τὸ

370 4780 586 4854 Πνεῦμα

2124 3531 2296 3588 riosis
2328 3531 2603 3589 scandalo
2632 3531 2990 3601 fuerunt,his
3020 3532 3428 3606 ipsis,mutata
3455 3538 3765 3609 sententia,

2125 3619 2335 3677 adduci
2370 3620 2601 3693 possint
2627 3624 2692 3677 ut
2748 3621 3097 3679 Crucifixum
3149 3624 3414 3681 adorent.
3452 3626 3538 3683 Tu
3569 3632 3767 3685 autem

2122 3708 2388 3766 inﬁdeles
2419 3709 2527 3767 rite
2556 3711 2834 3783 perdoce:
2867 3711 3012 3768 forte
3042 3712 3198 3768 enim
3266 3714 3529 3772 futurum
3587 3721 3676 3774 est
3705 3723 3772 3774 ut

2126 3796 2328 3854 relicta
2357 3797 2591 3854 inscitia
2622 3799 2692 3855 ad
2725 3799 2987 3857 veritatis
3007 3801 3399 3873 cognitionem
3431 3806 3772 3876 perveniant

2126 3891 2396 3959 recteque
2425 3888 2682 3944 credant.
2734 3890 2991 3945 Tametsi
3038 3907 3169 3946 vero
3196 3892 3339 3947 satis
3370 3898 3508 3947 sunt
3548 3910 3674 3965 quae
3705 3899 3768 3950 tu

2125 3975 2253 4049 ipse
2280 3974 2752 4047 scripsisti,haud
2789 3979 2860 4032 ab
2893 3994 2953 4033 re
2983 3981 3177 4035 tamen
3213 3980 3387 4034 fuerit
3418 3981 3535 4037 hac
3566 3983 3633 4037 ad
3648 4000 3769 4039 mo-

2125 4062 2364 4118 nitionis
2389 4079 2586 4130 causa,
2622 4068 2858 4136 propter
2885 4064 3173 4137 litigiosos
3214 4065 3341 4123 illos
3373 4067 3641 4126 homines
3665 4072 3768 4127 ad-

2125 4150 2472 4221 didisse;ut
2499 4152 2644 4210 785
2707 4153 2930 4210 scilicet
2974 4171 3088 4210 non
3146 4155 3317 4227 quasi
3374 4157 3446 4214 ob
3503 4174 3593 4228 ea,
3642 4175 3770 4232 quis

2126 4240 2252 4296 ausi
2285 4243 2444 4309 sunt,
2467 4240 2713 4297 convicti
2768 4247 3135 4313 erubescant,
3187 4244 3290 4300 sed
3340 4249 3425 4317 ut,
3484 4250 3769 4321 tanquam

2125 4328 2595 4398 commonefacti,
2643 4330 2905 4387 veritatis
2977 4348 3091 4388 non
3140 4325 3579 4392 obliviscantur.
3640 4337 3771 4395 Vim

2126 4416 2279 4472 enim
2303 4416 2555 4474 habeant
2604 4434 2731 4491 qua:
2784 4420 2981 4477 Patres
3042 4421 3241 4480 Nicaea:
3296 4432 3437 4481 sunt
3485 4426 3771 4485 confessi:

2126 4510 2283 4562 recta
2304 4506 2519 4579 quippe
2550 4506 2652 4563 illa
2707 4515 2846 4564 sunt
2892 4510 3216 4585 idoneaque
3247 4514 3314 4570 ad
3348 4532 3582 4573 omnem
3615 4533 3775 4574 ever-

2126 4596 2362 4651 tendam
2392 4596 2678 4665 haeresim,
2708 4603 2765 4654 et
2814 4600 3066 4656 maxime
3086 4602 3385 4671 Arianam,
3409 4622 3536 4678 quas
3565 4606 3624 4662 in
3673 4606 3774 4662 Dei

2123 4683 2380 4740 Verbum
2414 4684 2699 4757 injuriosa
2721 4692 2827 4756 est,
2862 4690 3220 4763 proindeque
3252 4692 3309 4748 in
3344 4698 3614 4749 sanctum
3647 4696 3776 4767 ejus

646 4778 808 4833 αὐτοῦ
865 4778 927 4831 τὸ
985 4776 1141 4852 ἅγιον
1203 4768 1585 4831 δυσσεϐοὖσαν.
1638 4771 2016 4849 Ῑῐροσαγόρευε

2124 4772 2409 4846 Spiritum
2444 4773 2642 4847 impia.
2681 4776 2885 4835 Saluta
2917 4796 3122 4837 omnes
3153 4781 3252 4853 qui
3282 4786 3438 4839 recte
3468 4782 3771 4841 sentiunt:

370 4825 502 4836 μ.--
555 4825 586 4834 ..
647 4825 805 4833 π---
877 4825 924 4831 --
987 4825 1017 4831 α
1639 4825 1880 4848 --ιηηικ

365 4825 567 4931 πάντας
608 4866 735 4930 τοὺς
790 4866 965 4939 ὀρθῶς
1019 4825 1390 4944 ιρρονοῦντας.
1440 4825 1917 4939 Προσαγορεύουσί
1956 4883 2014 4917 σε

2135 4825 2409 4846 τμη---
2445 4825 2642 4847 ---τη
2681 4825 2885 4835 πη-..
2919 4825 3122 4837 -.-...-..
3154 4825 3252 4853 ει...

2122 4865 2178 4920 te
2206 4863 2467 4920 salutant
2497 4880 2701 4923 omnes
2726 4867 2823 4940 qui
2847 4868 3153 4926 nobiscum
3185 4874 3345 4926 sunt.

364 4958 560 5021 πάντες
591 4957 643 5012 οἱ
676 4956 768 5011 σὺν
801 4957 961 5030 ἡμῖν.

437 5087 483 5122 ²⁹
509 5086 677 5143 Joan.
714 5100 753 5153 ι,
790 5084 874 5139 14.
910 5082 1142 5138 ao.loan.
1175 5096 1253 5149 χι,
1286 5078 1379 5148 34,
1410 5077 1498 5135 43.
1532 5077 1576 5114 ³¹
1608 5078 1631 5136 Ι
1668 5081 1792 5135 Cor.
1829 5094 1919 5147 xv,
1949 5078 2045 5134 53.

442 5214 555 5285 (31)
587 5212 929 5285 Seg.vocern_
946 5207 1106 5285 dotes
1125 5207 1497 5285 addit,quam
1523 5206 1632 5285 al_i_i_
1651 5210 1709 5285 et
1737 5206 1876 5285 editi
1903 5221 2018 5262 om.

460 5277 550 5356 32)
576 5277 1510 5356 Βεξ.ειΒοεὶ1.οᾱάυηισαπένταςε
1537 5277 1713 5356 aliiet
1733 5277 1874 5356 editi
1899 5294 2017 5356 om.

460 5296 550 5356 32)
576 5296 1188 5355 seg.etBasu.anount
1210 5296 1510 5339 σαπενταςτ
1537 5296 1633 5334 am
1655 5296 1713 5335 et
1733 5296 1874 5334 eam
1899 5296 2017 5333 om.

442 5296 555 5428 (33)
588 5356 685 5413 Sic
716 5356 1125 5431 Seguerianus.
1160 5357 1235 5409 At
1274 5351 1373 5409 alii
1416 5356 1474 5408 et
1522 5350 1685 5420 editi,
1740 5347 2020 5424 ἐξεργασά-

420 5448 561 5489 ενος.

582 5498 981 5583 Seguerianus
1010 5496 1250 5583 etnBasil
1262 5539 1271 5550 .
1283 5493 1437 5583 ,ηάπὸ
1481 5490 1796 5583 ἐιγνιιξστςςιις.¹
1815 5491 2020 5583 μεθ-ιενί

440 5515 553 5583 (54)
584 5515 655 5556 se
704 5515 981 5555 uerlanus
1010 5515 1067 5554 et
1097 5515 1297 5580 b.8811”
1332 5515 1437 5548 απο
1481 5515 1770 5569 αγνωσιας.
1821 5515 2017 5575 beaten

370 5576 429 5627 et
456 5571 618 5650 edi-ti,
652 5515 703 5642 ἃ
734 5568 1280 5650 ἀγνωσίας.“ί[)ιάθω
1303 5571 1540 5650 Seguer.
1573 5565 2017 5650 etgobleganp

368 5635 719 5700 πιστεύσωσί.
751 5635 863 5701 ᾹΙὶί
883 5648 942 5700 et
971 5641 1139 5713 editi,
1166 5635 1537 5713 πεοτεύσουσι.
1574 5637 1795 5713 Ibidem
1847 5635 2015 5713 Gobl.

369 5720 433 5806 et
481 5714 630 5773 Felc.
691 5716 743 5788 1,
805 5721 869 5774 ut
918 5718 977 5772 et
1032 5704 1173 5788 legit
1228 5711 1515 5782 Nannius,
1571 5709 1663 5765 καὶ
1719 5704 1775 5764 εἷ’
1809 5707 1886 5781 μή
1918 5706 2020 5762 αύ-

369 5805 569 5864 ταρκη.

2200 5206 2313 5279 (35)
2341 5208 2433 5262 Sic
2461 5210 2591 5279 Seg.
2625 5212 2682 5265 et
2708 5209 2836 5267 Bas.
2871 5211 2938 5266 At
2968 5211 3068 5269 alii
3092 5218 3149 5266 et
3176 5212 3352 5270 editio
3383 5212 3776 5279 Comm.,mp’

2128 5275 2304 5360 αὐτῶν
2340 5275 2613 5360 ματέρων.
2650 5281 2780 5338 Mox
2807 5288 2935 5357 Seg.
2968 5283 3133 5340 Gobl.
3167 5293 3219 5341 el
3253 5285 3407 5341 Felc.
3442 5275 3636 5360 1,ὀρθὴ
3667 5275 3771 5360 γάρ

2127 5347 2239 5405 ἐστι
2271 5349 2359 5403 καὶ
2390 5347 2548 5419 ἱκατή
2560 5391 2574 5404 .

2198 5423 2311 5493 (36)
2337 5423 2700 5494 Seguerian.,
2730 5428 2827 5479 τοῦ
2858 5428 3012 5481 Θεοῦ.
3049 5426 3109 5482 In
3143 5426 3274 5483 aliis
3304 5430 3363 5483 et
3391 5426 3566 5484 editis
3615 5427 3779 5484 deest

2126 5496 2223 5571 τος»
2254 5498 2380 5571 Mos
2410 5494 2753 5571 haac‘verba,
2810 5494 2860 5566 ἐξ
2908 5496 3147 5571 ἀνάγκης
3203 5497 3276 5560 εἰς
3322 5498 3653 5571 τὸΫΠνεῦμα
3677 5497 3775 5554 αὖ·

2125 5564 2315 5648 τούτᾷ
2346 5564 2496 5639 ἅγιον
2527 5563 2901 5648 δ-εσσεοούσαν,
2933 5563 3150 5625 absunt
3179 5587 3213 5648 ιι
3246 5570 3439 5648 _l'_iasil.
3491 5563 3596 5627 nec
3644 5588 3775 5648 ver-

2130 5641 2520 5714 titjnterpres
2549 5643 2607 5699 in
2638 5641 2892 5714 editione
2917 5646 3141 5714 90mm.
3178 5644 3322 5698 Ibid.
3353 5650 3613 5714 Seguer.,
3661 5642 3779 5698 ἄσι-

2129 5700 2471 5787 ὃρῦσανῌένο-
2496 5707 3185 5787 δυσσεϐοὖσανηὶἀεξωλη-
3213 5715 3325 5787 ﬁne
3363 5700 3666 5787 ethasi'lq
3726 5715 3779 5770 οἱ

2128 5777 2220 5834 σὺν
2255 5777 2412 5855 ἡμῖν.
2446 5785 2657 5859 Ceteri
2689 5792 2747 5846 et
2773 5783 2934 5853 editi,
2966 5783 3017 5837 οἱ
3045 5782 3135 5840 σὺν
3169 5782 3317 5859 ἐμοί.
