4048 6402
386 493 534 555 1095

927 493 988 552 S.
1040 487 1460 552 A'l'llANASll
1508 486 1680 550 UPP.
1730 484 1931 548 PAIlS
1976 484 2022 544 l.
2055 516 2130 528 —
2163 482 2579 555 HlSTORlCA
2622 494 2724 556 ET
2770 492 3246 558 DUGMA'I‘ICA.

3638 493 3791 555 1036

378 626 696 692 eorum,vel
712 624 1121 696 resipiscentes
1135 637 1257 677 rem
1270 616 1856 689 animadvertant,vel
1874 614 2018 674 alios

2140 613 2273 681 λους
2334 619 2537 693 ἂπατᾷν
2599 625 2674 697 μή
2733 621 3019 694 δύνωνται,
3078 621 3388 697 κατάληψιν
3451 621 3791 696 εὖκρινεστά-

377 715 643 787 decipere
674 730 787 770 non
818 712 1068 779 valeant,
1113 711 1255 765 dum
1323 709 1760 782 apertissimum
1816 706 2012 762 Christ

2142 729 2240 778 την
2327 710 2451 786 περὶ
2526 714 2761 789 Χριστοῦ
2839 712 3294 788 ὑπισχνούμενοι,
3359 713 3437 786 μή
3515 717 3785 782 νοοῦντες,

374 802 957 876 comprehensionem
992 798 1479 873 pollicenturmou
1526 797 1901 868 intelligente:
1942 810 2035 852 ne-

372 910 473 967 que
500 909 617 966 qua:
651 892 1108 965 loquntur,neque
1134 888 1200 943 de
1229 888 1426 960 quibus
1454 888 1742 959 afﬁrmant
1764 885 1833 940 ³³.

442 984 496 1038 2.
530 981 676 1037 Nam
709 981 908 1037 Patres
937 979 1176 1051 quidem
1200 977 1419 1048 dixere,
1441 973 2027 1033 consubstantialem.

374 1088 504 1128 esse
536 1070 692 1127 Patri
720 1068 954 1140 Filium,
985 1084 1052 1124 ac
1084 1068 1264 1124 Deum
1295 1082 1498 1122 verum
1529 1082 1599 1122 ex
1629 1071 1744 1121 Deo
1788 1080 1943 1131 vero,
1971 1067 2030 1120 et

375 1159 695 1233 perfectum
726 1175 795 1215 ex
824 1157 1097 1232 perlecta.
1130 1156 1237 1224 Qui
1270 1154 1480 1211 deinde
1532 1154 1837 1211 descendit
1895 1169 2029 1225 pro-

374 1256 508 1322 pter
540 1252 801 1304 nostram
833 1244 1455 1311 salutem,incarnatus
1485 1248 1542 1299 et
1601 1244 1775 1298 homo
1837 1242 2027 1299 factus

373 1347 478 1406 est;
514 1355 579 1394 ac
613 1337 986 1410 postmodum
1023 1350 1234 1409 passus
1258 1338 1348 1390 est
1381 1339 1437 1388 ct
1463 1332 1793 1388 resurrexit.
1813 1332 1922 1387 Sed
1956 1346 2028 1388 ne

375 1429 509 1501 quis
523 1427 725 1483 audita
744 1425 1017 1498 passione
1040 1428 1095 1479 et
1111 1440 1240 1479 resu
1252 1421 1749 1490 rrectione,Deum
1769 1420 2025 1477 Verbum

378 1522 668 1572 mutatum
695 1532 825 1571 esse
855 1510 1603 1587 cogitaret;immutabilem
1627 1515 1685 1565 et
1710 1508 2027 1567 invariabi-

376 1605 489 1660 lem
514 1621 643 1661 esse
663 1602 895 1659 Fillium
918 1600 1297 1657 damnatione
1317 1599 1584 1657 adhibita
1604 1598 2023 1655 definiunt.Isti

378 1711 511 1749 vero
547 1696 649 1748 aut
673 1690 1064 1747 mutationem
1100 1689 1267 1745 Verbi
1316 1687 1845 1744 comminiscuntur
1877 1705 1889 1745 :
1922 1693 2025 1745 aut

377 1781 678 1839 Passionis
695 1780 1192 1854 dispensationem
1217 1795 1437 1834 meram
1471 1794 1600 1834 esse
1651 1777 2022 1851 phantasiam

375 1872 793 1944 suspicantur:
832 1873 1007 1941 atque
1028 1867 1319 1923 interdum
1356 1867 1670 1923 increatam
1704 1866 2024 1924 cmlestem-

375 1977 489 2034 que
508 1958 719 2015 Christi
765 1974 1038 2053 carnem.
1072 1955 1415 2053 aliquando.
1449 1954 1646 2053 deitati
1678 1955 1847 2053 aiunt
1892 1970 2022 2012 esse
2054 1988 2099 2053 Β

372 2045 955 2107 consubstantialem.
993 2044 1230 2114 Deinde,
1254 2044 1551 2117 inquiunt,
1574 2043 1694 2100 vice
1726 2044 2023 2101 interioris

373 2138 471 2211 qui
497 2138 554 2193 in
585 2135 754 2192 nobis
784 2139 895 2206 est,
928 2133 1473 2201 hominis,mentem
1500 2131 1794 2189 cmlestem
1828 2133 2022 2189 inesse

373 2228 623 2285 Christo.
651 2225 795 2281 Nam
831 2225 1018 2296 ﬁgura
1046 2222 1146 2278 illa
1176 2222 1381 2278 dicunt
1407 2239 1524 2295 qua
1554 2221 2020 2291 induebatur,in-

372 2322 498 2374 star
527 2313 729 2389 organi
764 2330 907 2369 usus
936 2318 1026 2368 est
1058 2328 1246 2384 neque
1270 2311 1425 2367 enim
1453 2309 1730 2383 possibile
1747 2315 1871 2365 erat
1894 2328 2020 2384 per-

372 2407 586 2463 fectum
621 2402 919 2460 hominem
945 2399 1116 2456 illum
1177 2400 1324 2456 ﬁeri.
1358 2398 1466 2456 Ubi
1525 2398 1679 2456 enim
1734 2400 2021 2472 perfectus

373 2497 573 2566 homo,
604 2493 682 2550 ibi
713 2496 771 2548 et
803 2489 1391 2564 peccatum:itemque
1417 2488 1535 2544 duo
1562 2488 1812 2561 perfecta
1836 2505 2019 2546 unum

377 2584 498 2641 fleri
533 2600 644 2639 non
680 2584 946 2655 possunt.
990 2578 1221 2651 Alioqui
1249 2578 1304 2632 in
1336 2576 1564 2633 Christo
1609 2577 1721 2633 erit
1775 2593 1844 2633 ea
1891 2594 2019 2650 qua

376 2675 435 2731 in
468 2673 636 2730 nobis
666 2674 979 2742 est,pugna
999 2665 1633 2740 peccatizopusqueerit
1659 2666 1709 2721 ei
1733 2665 1834 2721 illa
1864 2667 2018 2738 apud

374 2780 481 2820 nos
522 2761 642 2817 ﬁeri
671 2758 840 2816 solita
873 2754 1301 2829 purgatione:si
1333 2754 1601 2811 Christus
1633 2754 1807 2811 homo
1831 2755 2019 2813 factus

375 2851 529 2925 quod
554 2852 611 2906 in
633 2847 802 2905 nobis
823 2844 1037 2918 cogitat
1057 2845 1200 2901 181
1220 2848 1277 2899 et
1291 2860 1522 2900 carnem
1550 2845 1808 2899 movetin
1825 2844 2018 2917 seipso

373 2939 705 3013 suscepisse
747 2935 1111 2994 exhibeatur.
1133 2934 1241 2990 Sed
1302 2933 1648 3004 assumpsit,
1718 2933 2017 3006 inquiunt,

373 3046 585 3102 corpus
615 3026 838 3099 absque
869 3029 1083 3094 mente,
1114 3028 1175 3078 ut
1214 3022 1336 3094 ipse
1377 3038 1546 3079 mens
1597 3020 1653 3077 in
1686 3021 1784 3078 illo
1840 3027 2016 3095 esset,

374 3133 581 3191 expers
602 3115 842 3172 omnino
875 3111 1257 3187 peccati,cum
1290 3111 1511 3167 ratione
1542 3110 2019 3183 divinitatis,tum

376 3206 601 3264 ratione
631 3204 847 3273 carnis,
879 3218 1011 3274 qua:
1030 3202 1256 3272 absque
1287 3204 1479 3256 mente
1512 3200 1608 3255 sit.
1640 3199 1839 3273 Neque
1859 3201 2018 3258 enim

376 3297 575 3369 peccat
603 3309 738 3350 caro
767 3293 895 3364 ejus
926 3290 1023 3363 qui
1057 3304 1291 3345 carnem
1326 3287 1596 3355 movet,id
1646 3293 1735 3344 est
1777 3289 1878 3362 qui
1924 3305 2017 3348 co-

374 3385 536 3458 gitat,
564 3383 614 3439 si
648 3385 695 3438 is
728 3380 891 3454 prius
913 3379 1128 3453 peccati
1159 3383 1355 3433 actum
1406 3394 1518 3432 non
1571 3381 1763 3433 mente
1815 3394 2017 3435 conce-

376 3473 563 3546 perit;
586 3476 643 3528 et
671 3470 719 3526 si
750 3486 850 3542 per
870 3484 1082 3542 corpus
1104 3466 1173 3523 ad
1202 3465 1421 3539 peccati
1443 3468 2015 3525 consummationem

371 3565 646 3635 operatus
671 3575 783 3615 non
818 3556 1179 3614 fuerit.Unde
1209 3556 1400 3611 carnis
1430 3555 1667 3628 quidem
1701 3558 2015 3613 novitatem

370 3651 638 3707 Christus
658 3645 1139 3704 commonstravit
1175 3662 1277 3717 pro
1309 3644 1533 3700 ratione
1563 3644 1974 3701 similitudinis
1998 3691 2014 3718 ,

370 3740 681 3796 novitatem
715 3741 907 3794 autem
939 3735 1068 3806 ejus
1095 3736 1195 3807 qui
1228 3733 1284 3789 in
1312 3733 1481 3790 nobis
1512 3733 1864 3807 cogitat,per
1885 3735 2016 3790 imi-

370 3829 650 3885 tationem
683 3823 1202 3883 etsimilitudinem
1226 3828 1281 3878 et
1298 3823 1715 3878 abstinentiam
1734 3829 2015 3896 apeccato

370 3917 781 3991 unusquisque
812 3914 867 3969 in
903 3913 1097 3987 seipso
1127 3912 1454 3969 exhibet.Et
1476 3912 1559 3968 sic
1593 3911 1864 3969 Christus
1886 3914 2016 3971 sine

367 4012 602 4082 peccato
635 4003 1004 4077 intelligitur.

437 4116 489 4171 3.
525 4116 651 4170 Hec
689 4118 831 4169 sunt
861 4109 1095 4167 illorum
1119 4108 1575 4180 soPhismata,et
1602 4108 1672 4164 ad
1706 4125 1800 4166 res
1820 4110 2017 4167 detor-

363 4204 629 4278 quendas
657 4200 923 4259 consilia:
958 4216 1146 4271 neque
1179 4214 1332 4253 unus
1368 4204 1459 4253 est
1487 4197 1722 4253 illorum
1779 4214 2011 4256 sermo:

366 4293 556 4350 multa
584 4293 741 4349 enim
771 4287 1204 4346 incredulitatis
1233 4286 1599 4358 diverticula,
1631 4286 1906 4343 humanis
1926 4304 2016 4345 ra-

367 4382 683 4439 tiocinibus
764 4377 1109 4450 excogitata.
1201 4376 1598 4447 Proponamus
1664 4376 1844 4448 igitur
1899 4376 2017 4434 illis

364 4470 548 4526 divini
569 4467 765 4542 placiti
795 4466 1152 4522 voluntatem
1185 4466 1343 4537 (nam
1378 4465 1608 4530 iurauit,
1672 4463 1881 4536 inquit,
1913 4466 2015 4523 Do-

367 4562 575 4630 minus,
605 4562 655 4614 et
685 4573 793 4613 non
822 4554 1107 4628 panitebit
1129 4554 1425 4624 cum“),ac
1455 4552 1773 4609 verissimae
1795 4571 2018 4612 uicano-

375 4650 506 4704 mize
538 4644 1130 4713 consummationem,
1161 4647 1219 4698 et
1264 4640 1689 4697 absolutissimi
1753 4643 2016 4699 beneﬁcii

2146 798 2285 870 μήτε
2316 798 2350 853 ἃ
2378 798 2621 877 λέγουσι,
2650 804 2789 877 μήτε
2817 802 2941 879 περὶ
2969 802 3133 857 τίνων
3167 795 3623 858 διαϐεϐαιοῦνται.

2211 978 2264 1035 2.
2297 979 2365 1035 Οἱ
2418 980 2513 1052 μὲν
2564 981 2668 1056 γὰρ
2716 981 2948 1057 Πατὲρες
3002 978 3306 1055 εἰρήκασιν,
3339 979 3636 1054 ὁμοούσιον
3691 980 3784 1035 τὸν

2141 1065 2262 1120 Υίὸν
2315 1071 2396 1140 τῷ
2446 1068 2637 1144 ΙΙατρὶ,
2667 1069 2757 1124 καὶ
2801 1069 2930 1124 Θεὸν
2974 1067 3235 1141 ἀληθινὸν
3288 1067 3348 1125 ἐκ
3402 1072 3537 1125 Θεοῦ
3584 1068 3782 1140 ἀληθι-

2138 1158 2255 1227 νοῦ,
2285 1155 2376 1211 καὶ
2423 1157 2631 1214 τέλειον
2690 1156 2750 1214 ἑκ
2806 1156 3040 1214 τελείουδ
3082 1154 3266 1214 ἔπειτα
3319 1157 3648 1214 κατελθόντα
3696 1156 3786 1213 διά

2137 1244 2238 1313 τήν
2307 1246 2574 1324 ἡμετέραν
2658 1246 2956 1325 σωτηρίαν,
3018 1249 3380 1324 σαρκωθὲντα,
3438 1247 3787 1322 ὶνανθριιπή-

2138 1354 2321 1403 σαντα,
2372 1337 2471 1390 εἷθ’
2501 1335 2674 1399 οὕτως
2730 1338 2991 1406 παθόντα,
3044 1336 3134 1393 καὶ
3190 1335 3504 1394 ἀναστάντα.
3553 1336 3673 1394 Ἵνα
3726 1333 3786 1392 δὲ

2138 1425 2215 1495 μή
2274 1445 2377 1497 τις,
2438 1426 2606 1490 πάθος
2652 1428 2740 1482 καὶ
2800 1426 3083 1482 ἀναστασιν
3143 1425 3379 1494 ἀκούων,
3439 1424 3782 1497 ἠλλοιῶσθαι

2134 1514 2226 1567 τὸν
2257 1514 2385 1569 Θεὸν
2421 1514 2594 1590 Λόγον
2628 1514 2886 1584 ἐννοοῖτο,
2917 1516 2981 1571 τὸ
3026 1515 3289 1590 ἄτρεπτον
3336 1515 3426 1571 καὶ
3475 1513 3785 1571 ἀναλλοίω-

2133 1623 2226 1657 τον
2273 1607 2369 1657 τοῦ
2408 1604 2537 1659 Υἱοῦ
2584 1606 2717 1679 μετά
2762 1604 3027 1682 κρίματος
3076 1601 3431 1681 διορίζονται.
3462 1605 3626 1661 Οὗτοι
3658 1601 3717 1659 δὲ
3744 1605 3782 1674 ἢ

2134 1689 2429 1747 ἀλλοίωσῖν
2485 1697 2582 1748 τοῦ
2648 1694 2822 1770 Λόγου
2872 1695 3251 1772 φαντάζονται,
3304 1692 3339 1762 ἢ
3398 1689 3619 1764 δόκησιν
3679 1694 3780 1762 τὴν

2134 1779 2450 1854 οἰκονομίαν
2508 1786 2607 1838 τοῦ
2663 1784 2869 1846 πάθους
2931 1777 3418 1857 ὑπολαμϐάνουσι*
3476 1782 3609 1837 ποτὶ
3680 1782 3781 1855 μὲν

2134 1869 2381 1925 ἅκτιστον
2436 1869 2523 1926 καῖ
2574 1870 2889 1946 ἐπουράνιον
2943 1870 3191 1947 λέγοννες
3236 1872 3336 1942 τήν
3393 1874 3491 1926 τοῦ
3546 1874 3781 1946 Χριστοῦ

2132 1959 2322 2033 σάρκα,
2362 1960 2495 2015 ποτὶ
2542 1957 2600 2015 δὶ
2645 1960 2945 2033 ὁμοοῦσιον
2992 1967 3092 2030 τῆς
3144 1960 3420 2031 θεότητος.
3474 1960 3623 2029 Εἶτα,
3672 1980 3781 2037 φα-

2131 2047 2237 2113 σῖν,
2270 2048 2385 2103 ἀντὶ
2414 2053 2512 2103 τοῦ
2543 2048 2736 2113 ἔσωθεν
2769 2048 2819 2105 ἰν
2852 2052 2987 2122 ἡμῖν
3037 2049 3328 2125 ἀνθρώπου
3376 2053 3500 2111 νοῦς
3544 2048 3779 2125 ἐπουρά-

2128 2153 2243 2194 νιος
2301 2133 2353 2189 ἐν
2422 2136 2660 2212 Χριστῷ.
2719 2136 2809 2198 Ὠς
2865 2135 2969 2211 γάρ
3019 2138 3130 2208 (45)
3178 2135 3452 2211 ὀργανικῷ
3507 2134 3778 2211 κέχρηται

2130 2224 2377 2296 σχήματι
2410 2228 2490 2296 τῷ
2534 2225 2872 2301 περιέχοντι·
2908 2224 2970 2279 οὐ
3019 2224 3123 2300 γὰρ
3173 2224 3287 2279 οἷόν
3337 2245 3397 2280 τε
3440 2224 3507 2294 ἦν
3566 2222 3777 2279 τέλειον

2130 2312 2409 2388 ἁνθρωπον
2441 2312 2601 2368 αὐτὸν
2634 2314 2899 2389 γενέσθαι.
2930 2315 3109 2371 ’Ὁπου
3149 2314 3251 2391 γάρ
3297 2313 3510 2377 τέλειος
3562 2310 3780 2386 ἄνθρω-

2128 2421 2253 2470 πος,
2286 2400 2396 2457 ἐκεῖ
2437 2402 2526 2458 καὶ
2585 2402 2838 2479 ἁμαρτία·
2875 2402 2963 2457 καὶ
2997 2405 3079 2457 δτι
3113 2400 3208 2457 δύο
3236 2400 3418 2458 τέλεια
3447 2402 3503 2458 ’ὲν
3532 2402 3779 2479 γενέσθαι

2130 2489 2191 2545 οῦ
2250 2487 2643 2546 δύναται-ἐπεὶ
2692 2490 2838 2547 ἔσται
2892 2491 2982 2546 καὶ
3044 2491 3097 2546 ὲν
3155 2492 3375 2565 Χριστῷ
3430 2493 3465 2561 ἠ
3526 2490 3577 2546 ἐν
3637 2493 3776 2564 ἡμῖν

2133 2576 2286 2653 μάχη
2319 2585 2418 2648 τῆς
2454 2579 2734 2655 άμαρτίας’
2771 2579 2861 2634 καὶ
2912 2576 3057 2634 ἔσται
3109 2579 3257 2652 αὐτῷ
3307 2578 3466 2655 χρεία
3515 2584 3613 2635 τοῦ
3660 2586 3781 2644 καθ’

2128 2670 2274 2740 ἡμᾶς
2330 2670 2692 2744 καθαρισμοῦ,
2735 2667 2779 2723 εί
2838 2669 2899 2723 τὸ
2949 2673 3179 2745 φρονοῦν
3231 2669 3321 2724 καὶ
3369 2669 3431 2725 τὸ
3477 2666 3608 2743 ἆγον
3662 2672 3775 2743 (46)

2129 2755 2179 2812 ἐν
2226 2758 2361 2830 ἡμῖν
2416 2758 2512 2826 τήν
2564 2759 2734 2832 σάρκα
2788 2758 3018 2833 Χριστὸς
3076 2757 3128 2813 ἐν
3180 2758 3356 2830 ἑαυτῷ
3413 2756 3775 2814 ἐπιδέδεικται

2126 2845 2419 2922 γενόμενος
2450 2845 2757 2922 ἅνθρωπος.
2792 2844 2966 2902 Ἀλλᾶ
3015 2841 3198 2918 ἔλαϐε,
3231 2847 3379 2925 φασὶ,
3411 2847 3475 2903 τὸ
3523 2847 3774 2920 ἀνόητον,

2121 2933 2194 2989 ’ἶν’
2222 2934 2379 2997 αὐτὸς
2426 2934 2461 3010 ᾖ
2509 2939 2632 2998 νοῦς
2681 2933 2733 2990 ἐν
2782 2934 3062 3008 αὐτῷ,καὶ
3113 2935 3371 3011 ἄγευστος
3402 2935 3438 3011 ᾖ
3464 2938 3639 3004 πάντη
3671 2944 3773 3008 τῆς

2129 3023 2415 3101 ἁμαρτίας,
2448 3025 2583 3079 κατά
2619 3045 2680 3101 γε
2706 3024 2769 3080 τὸ
2800 3025 2975 3080 θεϊκὸν
3004 3025 3092 3080 καὶ
3131 3026 3193 3080 τὸ
3241 3020 3468 3095 ἀνόητον
3512 3027 3625 3099 (47)
3672 3033 3778 3096 τῆς

2128 3113 2345 3188 σαρκός.
2380 3111 2518 3172 Οῦτε
2564 3113 2665 3189 γάρ
2734 3114 2970 3190 ἁμάρτοι
3025 3112 3085 3168 ἃν
3138 3116 3173 3184 ἡ
3234 3115 3359 3187 σάρξ
3402 3117 3500 3169 τοῦ
3548 3114 3776 3191 ἄγοντος

2125 3202 2225 3270 τὴν
2259 3199 2448 3277 σάρκα,
2472 3202 2716 3258 τουτέστι
2764 3207 2863 3257 τοῦ
2910 3206 3262 3281 φρονοῦντος,
3298 3203 3376 3275 μὴ
3427 3203 3774 3276 προενθυμη-

2127 3291 2307 3354 θέντος
2360 3292 2461 3361 τήν
2511 3294 2699 3365 πρᾶξιν
2754 3294 2853 3357 τῆς
2919 3292 3210 3368 ἁμαρτίας,
3249 3290 3338 3346 καὶ
3388 3290 3777 3368 ἐνεργήσαντος

2045 3352 2089 3421 C
2129 3376 2219 3435 διὰ
2275 3352 2374 3435 τοῦ
2418 3352 2692 3454 ’σώματος
2758 3352 2849 3442 είς
2898 3352 3248 3455 ἐκπληρωσιν
3313 3388 3413 3451 τῆς
3475 3352 3774 3456 ’ἁμαρτίαᾳ

2123 3473 2277 3532 Ὅθεν
2326 3470 2521 3545 σαρκὸς
2603 3469 2696 3542 μὲν
2773 3469 3066 3539 καινότητα
3125 3470 3359 3545 Χριστὸς
3417 3466 3773 3525 ἐπιδέδεικται

2123 3558 2243 3622 καθ’
2273 3557 2557 3630 δμοίωσινο
2592 3562 2689 3612 τοῦ
2720 3555 2775 3613 δὲ
2801 3563 3130 3635 φρονοῦντος
3172 3556 3224 3614 ἐν
3254 3561 3391 3631 ἡμῖν
3438 3560 3537 3628 τήν
3589 3558 3773 3614 καινό-

2122 3667 2259 3716 τητα
2291 3644 2379 3702 διά
2412 3649 2724 3720 μιμήσεως,
2750 3647 2839 3702 καὶ
2888 3648 3234 3720 ὁμοιώσεως,
3266 3649 3356 3703 καὶ
3403 3647 3624 3724 ἀποχῆς
3674 3655 3773 3718 τῆς

2123 3736 2411 3812 ἁμαρτίας,
2464 3733 2687 3798 ἕκαστος
2742 3739 2851 3809 (48)
2905 3735 2957 3791 ἐν
3011 3737 3184 3810 ἑαυτῷ
3232 3734 3612 3793 ἐπιδείκνυται.
3672 3738 3770 3791 Καὶ

2126 3825 2295 3887 οὕτως
2323 3832 2525 3879 νοειται
2558 3826 2782 3901 Χριστὸς
2816 3826 2991 3902 χωρδς
3024 3824 3312 3901 ἁμαρτίας.

2192 4114 2246 4168 3.
2274 4110 2450 4165 Ταῦτά
2499 4107 2640 4166 ἑστιν
2694 4109 2864 4165 αὐτῶν
2895 4110 2964 4165 τὰ
3012 4111 3341 4187 σοφίσματα,
3392 4110 3481 4165 καὶ
3524 4117 3624 4180 τῆς
3674 4130 3774 4165 πα-

2125 4207 2401 4277 ρατροπῆς
2454 4200 2522 4254 τὰ
2577 4202 2867 4273 νοήματα·
2901 4201 2988 4255 καὶ
3053 4200 3153 4255 οὐκ
3208 4195 3350 4255 ἔστιν
3404 4202 3483 4262 εἷς
3531 4200 3561 4255 ὁ
3606 4198 3772 4275 λόγος

2124 4291 2337 4346 αὐτῶν·
2397 4287 2604 4344 πολλαὶ
2663 4290 2767 4365 γὰρ
2824 4296 2922 4360 τῆς
2980 4288 3231 4351 ἀπιστίας
3289 4289 3345 4343 αἱ
3403 4290 3772 4364 παρατροπαὶ,

2123 4376 2482 4453 ἀνθρωπίνοις
2559 4375 2853 4453 λογισμοῖς
2935 4376 3394 4450 ἰπινενοημὲναι.
3473 4383 3774 4451 Προθῶμεν

2122 4468 2299 4524 τοίνυν
2331 4468 2546 4528 τούτοις
2574 4468 2691 4541 (49)
2713 4473 2812 4535 τῆς
2854 4470 2951 4521 τοῦ
2990 4470 3125 4521 Θεοῦ
3166 4463 3410 4528 εὐδοκίας
3457 4469 3557 4535 τὴν
3608 4465 3774 4536 θὲληο

2124 4578 2205 4611 σιν
2238 4552 2447 4630 (ὤμοσε
2493 4556 2619 4632 γάρ,
2663 4556 2820 4632 φησί,
2873 4553 3089 4630 Κύριος,
3140 4554 3229 4609 καί
3280 4556 3342 4610 οῦ
3392 4553 3777 4629 μεταμεληθή-

2126 4647 2319 4717 σεται),
2366 4645 2456 4699 καὶ
2511 4650 2614 4713 τῆς
2670 4643 3047 4714 ἀληθεστάτης
3106 4643 3427 4717 οἰκονομίας
3483 4645 3584 4714 τήν
3634 4664 3774 4717 συμ-

359 4738 967 4812 gratiamzmutuoque
997 4733 1394 4797 sciscitemur,
1428 4735 1491 4786 ut
1518 4747 1720 4788 eorum
1750 4731 2009 4805 explore-

2134 4733 2433 4809 πλήρωσιν,
2510 4738 2605 4788 καῖ
2684 4739 2784 4802 τῆς
2859 4731 3210 4804 τελειοτάτης
3293 4731 3592 4809 εὐεργεσίας
3675 4733 3773 4801 τὴν

365 4843 496 4884 mus
531 4831 781 4884 mentem
801 4839 965 4880 :num
995 4820 1351 4895 propheticis
1375 4818 1854 4893 praedictionibus
1884 4839 2019 4880 con-

361 4922 617 4976 sonent:
667 4932 808 4973 num
860 4911 1185 4986 apostolica
1240 4911 1596 4967 documenta
1643 4917 2014 4983 sequantur:

359 5025 501 5066 num
532 5008 591 5064 id
615 5006 852 5063 Patrum
879 5002 1181 5077 praeceptis
1203 4999 1646 5069 incedant;num
1676 5001 2018 5059 manifestas

434 5206 479 5241 ³⁸
506 5209 530 5260 Ι
560 5203 756 5261 Thim.
798 5219 838 5271 ι,
861 5200 917 5258 7.
995 5200 1042 5237 ³⁴
1074 5197 1225 5256 Psal.
1259 5215 1371 5266 cur,
1413 5197 1466 5253 4.

434 5398 662 5486 (ᾴᾷγρς
690 5397 813 5486 γάρ,
845 5396 1099 5486 οιοζᾲεξο
1123 5394 1321 5486 εποδε.
1374 5394 1522 5450 Felc.
1569 5397 1593 5450 1
1648 5401 1706 5451 et
1752 5396 1883 5470 Seg.
1938 5401 2013 5454 At

367 5466 540 5537 editi;
560 5475 641 5543 τῷ
670 5466 805 5545 γάρ,
826 5474 884 5524 et
912 5469 996 5545 sic
1024 5466 1249 5545 Anglic.

435 5546 545 5617 (46)
579 5536 910 5599 Goblérian.
948 5536 1199 5617 Felcldn.
1226 5536 2007 5617 ⁸1-,λξοιςυθιιίιιο.,ιτὸ.ἐντπὶγον.

369 5606 544 5673 Paulo
580 5623 707 5686 post
738 5617 976 5685 Seguer.
1000 5611 1196 5686 Aeolus,
1226 5606 1424 5686 ἰλ-λ).ὰῆΞ
1454 5610 1608 5686 φησί,
1641 5608 1703 5686 to
1753 5606 2007 5678 ἀνόητον.

366 5689 496 5744 Mox
519 5679 686 5755 Gobl.
724 5679 872 5741 Felc.
910 5683 1248 5755 1,_Segner.,
1282 5679 1333 5735 ἐν
1368 5679 1780 5755 αὐτῷλωοιίυε
1830 5698 2010 5755 quam

365 5760 529 5845 editi,
581 5754 632 5809 ἐν
693 5755 907 5828 ἕαυτῷε
943 5751 1117 5811 iidem
1178 5751 1587 5824 m’anuscripti,
1650 5751 1923 5827 ἄγνωστος
1972 5751 2010 5827 ᾖ

366 5849 469 5885 παν
475 5849 541 5899 τη
552 5868 565 5881 .

2124 4823 2308 4899 χάριν·
2357 4822 2825 4898 ἀντερωτήσαντες
2872 4820 3081 4876 τούτων
3131 4822 3198 4876 τὰ
3243 4823 3518 4895 νοήματα,
3556 4823 3604 4877 εἱ
3657 4826 3776 4885 τοῖς

2123 4916 2486 4990 προφητικοῖς
2560 4912 2675 4981 ξ50)
2755 4909 3034 4984 μηνύμασι
3121 4906 3473 4981 συνᾴδουσινσ
3532 4910 3580 4965 εἰ
3655 4915 3774 4973 τοῖς

2124 4998 2514 5062 ἀποπολικοῖς
2579 4995 2903 5076 διδάγμασιν
2951 4995 3366 5064 ἀκολουθοῦσινο
3407 4998 3453 5055 εί
3499 5003 3619 5063 τοῖς
3668 5004 3777 5055 τῶν

2193 5397 2307 5468 (47)
2338 5397 2602 5468 Seguer.,
2641 5390 2732 5468 καὶ
2762 5391 2898 5468 κατὰ
2924 5392 3102 5468 τὸ
3127 5393 3259 5450 Mox
3277 5392 3442 5468 idem
3475 5411 3612 5451 eum
3663 5395 3774 5453 Go-

2123 5463 2265 5525 bler.
2292 5463 2359 5523 ὀι
2386 5463 2535 5539 Εέιο.
2572 5467 2623 5531 1,
2657 5463 2953 5538 ἁμαρτάνει
2986 5464 3114 5539 σὰρξ
3143 5469 3240 5519 τοῦ
3270 5464 3519 5539 ἄγοντος.

2192 5540 2306 5613 (48)
2337 5538 2485 5613 Edit.
2522 5535 2804 5613 Commgl.
2831 5542 2896 5613 Aet
2925 5535 3167 5613 quidam
3209 5535 3378 5610 11186.,
3409 5539 3478 5613 ᾖν
3523 5535 3779 5601 ἕκαστος.

2123 5608 2330 5667 Ιηόίὶε
2361 5608 2510 5679 etin
2541 5608 2680 5664 edit.
2716 5608 2923 5675 Paris.,
2948 5608 3018 5677 ἢν
3055 5610 3242 5679 deest,
3281 5608 3524 5667 reetius.

2195 5681 2286 5751 49)
2314 5678 2561 5754 Τούτοις
2594 5681 2760 5754 deest
2790 5680 2848 5736 in
2879 5678 3262 5754 Segueriano.

2123 5820 2156 5876 ἆ
2159 5754 2304 5876 1t(50)
2336 5752 2585 5826 Anglia.
2620 5750 2671 5807 ἐν
2701 5756 2817 5814 τοῖς
2844 5750 3043 5827 προῴ.,
3070 5757 3129 5809 et
3161 5753 3315 5809 infra
3361 5751 3523 5822 item,
3558 5750 3611 5807 ἐν
3658 5754 3787 5815 τοῖς

2202 5844 2320 5876 οστ.

2159 5842 2320 5882 ποστ.
