4048 6424
230 453 386 514 1097

1120 444 1434 506 CONTRA
1479 446 2071 508 APOLLINARIUM
2118 451 2351 512 LIBER
2394 450 2714 514 PRIMUS.

3485 448 3642 511 1098

230 581 484 656 Πατέρων
534 576 962 655 παραγγέλμασι
1009 579 1321 651 στοιχοῦσιν
1356 595 1369 610 ·
1420 573 1466 629 εί
1523 574 1616 638 τὰς
1676 573 1906 644 ὲναπον

2006 579 2086 636 )ei
2119 596 2286 637 voces
2320 597 2435 637 non
2469 582 2797 654 despiciant
2827 598 2840 637 :
2875 585 2942 638 ut
2970 598 3039 637 ex
3067 581 3438 654 propheticis
3468 582 3647 638 testi-

231 669 474 732 δείκτους
520 672 618 724 τοῦ
668 666 941 723 Δεσπότου
974 667 1086 739 (51)
1119 686 1301 744 φωνας
1351 663 1449 719 οὐκ
1484 665 1784 728 ἀθετοῦσιν·
1808 663 1882 719 ’ἶν’

232 762 292 817 ἐκ
331 763 438 814 τῶν
478 760 834 836 προφητικῶδ
890 754 1248 830 μηνυμάτων,
1279 753 1369 808 καὶ
1415 758 1522 808 τῶν
1583 752 1883 809 ἀποστολι-

227 854 339 905 κῶν
393 845 764 923 διδαγμάτων,
802 844 891 900 καὶ
937 847 1046 899 τῶν
1101 843 1202 898 ὑπὸ
1248 847 1345 898 τοῦ
1401 841 1599 917 Κυρίου
1650 841 1882 918 πληρω-

235 939 431 1003 θὲντων
489 936 827 1010 πραγμάτων
883 935 1020 1008 (52),
1077 934 1325 1010 γίγνηται
1381 938 1482 1001 τῆς
1543 929 1801 1001 ἀληθείας
1843 934 1879 1001 ἡ

234 1024 531 1102 ὁμολογία,
563 1025 652 1079 καὶ
695 1031 795 1094 τῆς
842 1021 1056 1093 πλάνης
1103 1023 1138 1092 ἡ
1176 1020 1402 1097 ἔλεγξις.
1453 1019 1654 1076 Εἴπατε
1698 1020 1882 1076 τοίνυν

232 1118 285 1172 οἱ
315 1113 593 1195 ἐφευρεταὶ
621 1117 718 1168 τοῦ
749 1117 939 1168 καινοῦ
984 1113 1101 1168 καθ’
1136 1113 1276 1185 ὑμᾶς
1317 1109 1675 1188 Εὖαγγελίου,
1707 1111 1736 1166 ’ὀ
1786 1110 1884 1166 οὐκ

229 1205 370 1262 ἔστιν
447 1201 616 1272 ἄλλο,
674 1201 834 1258 πόθεν
914 1203 1040 1276 ὑμῖν
1113 1199 1456 1278 κατηγγὲλθη
1539 1203 1649 1274 (53)
1714 1201 1884 1276 σάρκα

231 1294 480 1352 ἅκτιστον
510 1292 712 1368 λὲγειν,
749 1291 888 1346 ὥστε
923 1291 959 1359 ἢ
1008 1291 1108 1360 τὴν
1155 1290 1388 1360 θεότητα
1438 1293 1536 1344 τοῦ
1575 1289 1754 1365 Λόγου
1803 1288 1882 1352 εἷς

236 1385 575 1458 μετάπτωσιν
639 1381 838 1458 σαρκὸς
896 1380 1270 1458 φαντάζεσθαι,
1311 1379 1346 1447 ἢ
1401 1381 1501 1448 τὴν
1561 1377 1879 1451 οἰκονομίαν

232 1479 328 1530 τοῦ
380 1473 586 1534 πάθους
643 1471 746 1545 καὶ¹
789 1474 887 1525 τοῦ
943 1471 1170 1534 θανάτου
1224 1467 1315 1523 καὶ
1369 1471 1468 1537 τῆς
1518 1468 1884 1540 ἀναστάσεως,

234 1564 308 1626 ὡς
369 1560 590 1632 δόκησιν
645 1559 909 1632 νομίζειν.
970 1562 1260 1620 ’Ἀκτιστος
1328 1557 1421 1630 μὲν
1498 1558 1602 1633 γὰρ
1675 1557 1883 1636 πέφηνε

235 1651 376 1724 μόνη
402 1653 437 1720 ἡ
471 1649 599 1724 ἁγία
628 1647 795 1724 Τριάς
819 1649 918 1716 τῆς
953 1646 1234 1718 θεότητος,
1267 1643 1442 1710 ἀίδιός
1469 1667 1526 1700 τε
1574 1646 1663 1701 καὶ
1723 1645 1883 1722 ἄτρε-

229 1760 390 1808 πτος,
421 1737 509 1792 καὶ
540 1734 934 1798 ἀναλλοίωτος.
966 1737 1199 1809 Χριστοῦ
1247 1731 1303 1788 δὲ
1359 1734 1494 1788 κατά
1545 1734 1714 1810 σάρκα
1769 1737 1883 1808 (54)

227 1829 287 1899 ἐξ
319 1827 620 1903 ἀνθρώπων
655 1825 1012 1898 ἀνισταμένου
1045 1823 1104 1877 ἐκ
1147 1827 1252 1878 τῶν
1298 1820 1545 1901 ἀδελφῶν
1591 1825 1776 1896 ἡμῶν,
1806 1824 1881 1884 ὠς

240 1937 564 1994 γεγραπται,
623 1913 712 1970 καὶ
781 1916 1028 1982 παθητοῦ
1101 1913 1188 1966 καὶ
1252 1912 1603 1989 πρωτοτόκου
1833 1911 1883 1983 ἐξ

241 2005 582 2068 ἀναστάσεως
634 2007 862 2076 νεκρῶν,
914 2000 1480 2077 προκαταγγείλαντος
1537 2005 1633 2056 τοῦ
1689 2001 1885 2074 νόμου,

233 2101 350 2158 πῶς
405 2095 468 2149 τὸ
525 2093 774 2148 ἄκτιστον
829 2089 1070 2161 παθητὸν
1131 2089 1356 2165 λέγετε;
1391 2089 1424 2160 ἢ
1458 2095 1574 2152 πῶς
1615 2089 1678 2146 τὸ
1707 2101 1886 2158 παθη-

232 2186 326 2242 τὸν
377 2183 632 2240 ἂκτιστον
684 2181 1016 2254 ὀνομάζετε;
1057 2178 1160 2236 Καὶ
1208 2179 1307 2255 γάρ
1353 2180 1442 2234 καὶ
1489 2180 1590 2248 τὴν
1639 2176 1885 2234 ἅκτιστον

237 2273 422 2329 οὐσίαν
478 2276 576 2328 τοῦ
636 2265 813 2348 Λὸγου
869 2269 1121 2340 παθητὴν
1171 2267 1441 2343 λέγοντες,
1491 2268 1566 2330 εἰς
1615 2270 1717 2338 τήν
1768 2266 1885 2323 θεό-

232 2385 372 2436 τητα
423 2361 818 2440 βλασφημεῖτε·
850 2359 940 2413 καὶ
998 2359 1098 2427 τὴν
1154 2359 1402 2429 παθητὴν
1463 2357 1650 2432 σάρκα,
1681 2357 1887 2419 ὀστέοις

242 2476 301 2510 τε
511 2453 600 2508 καὶ
653 2448 866 2524 αἵματι,
921 2447 1010 2504 καὶ
1051 2451 1228 2524 ψυχῇ,
1280 2449 1367 2503 καὶ
1425 2447 1559 2504 ὅλου
1618 2451 1714 2504 τοῦ
1770 2449 1890 2512 καθ’

237 2544 388 2616 ἡμᾶς
421 2539 676 2613 σώματος
708 2537 1091 2610 ἁρμοσθεῖσαν,
1123 2533 1457 2615 ψηλαφητήν
1503 2557 1563 2592 τε
1611 2536 1702 2591 καὶ
1759 2537 1888 2611 ὁρα-

235 2633 337 2701 τήν
397 2629 720 2706 γενομένην,
754 2625 1002 2682 ἄκτιστον
1060 2623 1330 2702 λέγοντες,
1363 2623 1481 2680 δυσὶ
1537 2625 1889 2700 περιπίπτετε

237 2717 609 2794 πτώμασιν·ἢ
668 2715 954 2795 φαντασίαν
1011 2715 1109 2783 τήν
1167 2712 1328 2785 δεῖξιν
1383 2713 1471 2769 καὶ
1528 2716 1628 2784 τὴν
1677 2715 1888 2790 ἀνοχὴν

238 2814 336 2865 τοῦ
373 2809 580 2873 πάθους
615 2799 1119 2879 ὑπολαμϐάνοντες,
1152 2805 1288 2859 κατά
1331 2805 1431 2872 τὴν
1462 2806 1574 2877 (57)
1611 2809 1718 2859 τῶν
1770 2806 1887 2860 Μα-

236 2899 469 2974 νιχαίων
520 2889 787 2951 ἀσέϐειαν·
821 2893 856 2963 ἢ
913 2893 1170 2963 τοιαύτην
1231 2890 1546 2956 ὑποτίθεσθε
1590 2899 1692 2960 τῆς
1740 2891 1887 2946 ἀκτί-

240 3009 369 3044 στου
399 2987 657 3057 θεότητος
687 2985 786 3054 τήν
835 2982 1042 3039 οὐσίαν.
1077 2982 1174 3036 Καὶ
1215 2983 1268 3036 τί
1319 2979 1395 3036 ἔτι
1448 2980 1721 3059 μέμφεσθε
1773 2987 1889 3042 τοῖς

238 3078 292 3134 ἐν
352 3075 668 3152 ἀνθρῶπίνῃ
733 3075 919 3149 μορφῇ
975 3075 1044 3146 τῇ
1096 3070 1233 3126 κατά
1270 3071 1440 3146 σάρκα
1465 3071 1556 3126 τὸν
1590 3070 1717 3125 Θεὸν
1751 3091 1889 3148 φαν-

234 3167 559 3240 ταζομὲνοις
587 3184 600 3236 ;

306 3259 361 3314 4.
395 3253 573 3313 Ἀλλά
604 3251 806 3330 λέγετε,
840 3249 923 3306 ὅτι
956 3251 1069 3324 (58)
1098 3251 1347 3313 ἄκτιστος
1387 3251 1578 3326 γέγονε
1631 3253 1699 3323 τῇ
1756 3249 1888 3304 ἐνώ-

1995 669 2230 738 moniis,
2259 687 2327 726 ex
2357 670 2696 743 apostolicis
2726 671 3114 727 documentis.
3150 675 3208 726 et
3237 685 3308 726 ex
3365 671 3645 743 operibus

1991 775 2025 813 a
2053 758 2302 814 Domino
2334 759 2658 832 designatis
2690 759 2952 816 veritatis
2986 759 3276 814 confessio
3323 764 3381 815 et
3426 761 3643 817 erroris

1990 848 2310 904 confutatio
2333 849 3130 920 subsequatur.Respondete
3154 847 3357 920 igitur,
3377 854 3644 906 auctores

1994 936 2479 1003 novi,secundum
2509 954 2632 1008 vos,
2657 937 3115 1010 Evangelii,cum
3149 937 3307 992 aliud
3342 955 3640 1011 nusquam

1994 1025 2071 1081 sit
2100 1026 2500 1098 Evangelium,
2561 1027 2859 1082 undenam
2889 1026 3051 1082 vobis
3086 1026 3461 1099 praedicatum
3525 1034 3636 1100 est,

1993 1131 2230 1172 carnem
2263 1116 2585 1173 increatam
2615 1131 2744 1173 esse
2774 1116 3193 1185 dicendam;ita
3221 1120 3286 1172 ut
3314 1121 3417 1173 aut
3446 1117 3636 1174 deita-

1991 1209 2110 1262 tem
2132 1205 2308 1262 Verbi
2337 1206 2399 1260 in
2429 1222 2664 1262 carnem
2694 1206 2983 1278 dilapsam
3014 1210 3073 1262 et
3117 1209 3404 1262 mutatam
3458 1207 3642 1264 fuisse

1993 1294 2658 1363 comminiscamini;aut
2685 1294 3068 1350 oeconomiam
3088 1294 3403 1368 passionis,
3437 1297 3640 1352 mortis

1992 1388 2049 1439 et
2071 1383 2532 1449 resurrectionis,
2567 1400 2787 1438 meram
2839 1383 3211 1456 phantasiam
3271 1384 3638 1443 existimetis.

1993 1471 2122 1528 Sola
2151 1472 2306 1528 enim
2344 1475 2547 1528 sancta
2577 1471 2840 1528 Trinitas
2872 1472 3104 1528 deitatis
3133 1476 3223 1528 est
3275 1472 3534 1530 increata
3577 1479 3636 1529 et

1991 1566 2229 1629 aeterna,
2293 1560 2688 1616 immutabilis
2741 1566 2799 1617 et
2830 1560 3211 1616 invariabilis.
3244 1565 3387 1618 Cum
3444 1567 3641 1618 autem

1993 1649 2260 1706 Christus
2293 1650 2618 1705 secundum
2651 1666 2886 1706 carnem
2918 1667 2986 1706 ex
3015 1649 3356 1706 hominibus
3411 1651 3642 1707 duxerit

1994 1743 2213 1804 ortum,
2247 1738 2472 1794 scilicet
2501 1755 2569 1794 ex
2601 1739 2883 1795 fratribus
2912 1739 3178 1806 nobis,ut
3207 1740 3493 1812 scriptum
3532 1746 3646 1809 est,

1994 1844 2060 1882 ac
2093 1826 2396 1898 passibilis
2429 1827 2526 1895 sit,
2559 1832 2617 1883 et
2647 1827 3080 1901 primogenitus
3111 1845 3180 1883 ex
3211 1831 3638 1886 resurrectione

1995 1920 2384 1982 mortuorum,
2416 1916 2546 1988 lege
2575 1915 2834 1988 idipsum
2867 1917 3318 1989 pranuntiante,
3350 1919 3643 1990 quomodo

1999 2007 2154 2078 quod
2186 2006 2511 2062 increatum
2540 2005 2932 2078 est,passibile
2961 2005 3202 2062 dicitis?
3223 2011 3324 2063 aut
3353 2009 3644 2078 quomodo

1997 2095 2153 2168 quod
2190 2095 2468 2168 passibile
2500 2098 2609 2165 est,
2643 2095 2967 2150 increatum
2998 2095 3476 2152 vocatis?Etenim
3507 2113 3642 2152 cum

1997 2185 2314 2240 increatam
2338 2183 2512 2240 Verbi
2543 2184 2936 2239 substantiam
2966 2184 3308 2256 passibilem
3341 2185 3560 2256 dicitis,
3583 2186 3645 2241 in

1997 2273 2362 2331 divinitatem
2393 2272 2916 2346 blasphematis.Et
2945 2274 3087 2330 dum
3138 2273 3480 2346 passibilem
3525 2291 3650 2331 oar-

1999 2379 2156 2429 nem,
2190 2379 2316 2434 quae
2348 2363 2605 2432 ossibus,
2651 2361 2950 2434 sanguini,
2974 2361 3208 2428 animae,
3259 2369 3315 2418 et
3369 2363 3645 2419 universo

1999 2456 2201 2507 nostro
2233 2450 2459 2522 corpori
2492 2451 2770 2522 adaptata
2798 2454 2907 2519 est,
2942 2466 3186 2522 quasque
3215 2449 3530 2522 palpabilis
3589 2455 3649 2506 et

1997 2540 2248 2596 visibilis
2280 2544 2390 2608 est,
2424 2540 2744 2595 increatam
2775 2538 3218 2612 dicitis,duplici
3241 2538 3410 2612 lapsu
3444 2541 3648 2596 concio

2000 2630 2172 2686 ditis:
2209 2633 2310 2684 aut
2339 2629 2494 2684 enim
2524 2627 2940 2684 exhibitionem
2972 2632 3030 2683 et
3074 2628 3448 2684 tolerantiam
3511 2645 3644 2701 pas-

1998 2719 2181 2775 sionis
2215 2718 2585 2790 phantasiam
2607 2717 2978 2784 existimatis,
3001 2718 3166 2786 juxta
3188 2718 3645 2773 Manichaeorum

1998 2808 2076 2863 im
2087 2809 2492 2880 pietatem;aut
2520 2807 2694 2861 talem
2727 2822 2855 2862 esse
2884 2806 3142 2862 statuitis
3171 2807 3442 2862 increataa
3463 2807 3647 2862 deita-

1997 2897 2073 2952 tis
2105 2894 2762 2965 substantiam.Ecquid
2812 2893 3007 2950 adhuc
3062 2895 3490 2966 reprehenditis
3541 2910 3642 2950 eos

1997 2987 2094 3058 qui
2111 2987 2168 3040 in
2184 2985 2445 3039 humana
2457 2984 2644 3040 forma
2661 2983 2989 3039 secundum
3012 2999 3246 3040 carnem
3267 2983 3451 3040 Deum
3475 2999 3644 3040 com-

1998 3073 2439 3131 miniscuntur?

2068 3254 2121 3308 4.
2153 3253 2262 3308 Sed
2294 3251 2488 3307 dicitis
2517 3251 2839 3308 increatum
2870 3251 3090 3307 factum
3121 3266 3271 3322 esse,
3314 3251 3470 3324 quod
3504 3251 3648 3308 uni-

238 3367 318 3402 σει
376 3349 446 3420 τῇ
503 3344 642 3421 πρὸς
697 3343 788 3398 τὸν
857 3337 1131 3396 ἄπιστον.
1191 3341 1463 3404 Ἐντεῦθεν
1527 3337 1584 3394 δὲ
1644 3340 1795 3413 ὑμῶν
1845 3340 1879 3408 ἡ

2006 3347 2121 3400 tum
2143 3343 2223 3398 sit
2243 3358 2377 3396 cum
2403 3343 2678 3396 increato.
2705 3340 2847 3395 Hinc
2877 3344 3072 3396 autem
3098 3345 3360 3396 vestrum
3391 3357 3646 3398 errorem

236 3435 420 3506 πλάνη
471 3432 820 3509 δειχθήσεται
884 3428 1277 3505 αὐτέλεγκτος·
1327 3431 1362 3499 ὴ
1401 3428 1500 3505 γὰρ
1542 3432 1642 3495 τῆς
1685 3428 1882 3505 σαρκὸς

232 3523 426 3587 ἔνωσις
476 3523 613 3600 πρὸς
674 3523 774 3590 τήν
829 3523 926 3574 τοῦ
977 3518 1153 3595 Λόγου
1204 3516 1432 3587 θεότητα
1461 3516 1522 3572 ἐκ
1552 3520 1763 3594 μήτρας
1793 3516 1881 3592 γὲ-

228 3633 412 3690 γονεν³
447 3611 687 3668 ἐντεῦθεν
741 3609 844 3684 γὰρ
903 3606 1069 3675 αὐτὴν
1123 3607 1449 3677 ἀνεστήσατο
1509 3608 1538 3661 ὁ
1595 3605 1787 3682 Λόγος,
1836 3604 1887 3674 ἐξ

237 3703 485 3780 οὐρανῶν
555 3697 949 3771 ἐπιδημήσας·
1011 3697 1074 3750 οὑ
1149 3694 1558 3770 προϋπάρξασαν
1625 3699 1725 3760 τῆς
1789 3693 1887 3748 τοῦ

239 3793 421 3870 Λόγου
449 3788 612 3862 ἐπεδη
625 3787 774 3863 μίας,
806 3787 840 3855 ἢ
871 3787 970 3854 τῆς
1007 3783 1272 3839 Θεοτόκου
1312 3788 1422 3857 (59)
1455 3783 1682 3870 Μαρίας,
1719 3783 1890 3856 μόνης

237 3881 298 3938 ἐκ
335 3868 454 3935 -τοῦ
486 3876 666 3950 Ἀδὰμ.
715 3879 1110 3948 καταγομένης,
1141 3873 1230 3926 καὶ
1289 3872 1348 3927 ἐκ
1374 3877 1470 3927 τοῦ
1501 3868 1749 3948 Ἀϐραὰμ
1798 3871 1888 3926 καὶ

242 3973 306 4026 ὲκ
349 3973 448 4026 τοῦ
498 3961 665 4022 Δαϐὶδ
712 3962 1246 4039 γενεαλογουμὲνης,
1287 3961 1378 4016 σὺν
1428 3965 1508 4033 τῷ
1557 3962 1758 4038 Ἰωσὴφ
1813 3964 1891 4032 τῷ

245 4056 717 4136 μεμνηστευμὲνῳ
769 4051 960 4119 αὐτὴν,
1016 4046 1184 4105 ὄντων
1259 4051 1521 4126 ἑκατέρων
1600 4051 1678 4113 εἰς
1723 4051 1893 4124 σάρκα

243 4151 397 4226 μίαν,
425 4147 603 4206 καθὼς
641 4143 962 4220 γέγραπται,
994 4138 1057 4194 οὑ
1107 4143 1175 4204 τῆ
1232 4140 1368 4213 πρὸς
1426 4137 1712 4209 ἀλλήλους
1771 4160 1890 4193 συν-

240 4237 421 4318 αφείᾳ,
454 4233 601 4290 ἀλλὰ
655 4230 726 4297 τῆ
784 4229 835 4300 ἐξ
896 4229 1012 4290 ἑνὸς
1073 4226 1330 4304 ὑπάρξει·
1388 4228 1490 4318 ὅτιζ
1526 4229 1628 4303 γάρ
1688 4229 1894 4302 ἀθιγεῖς

243 4314 552 4402 δι’άμειναν,
614 4317 1066 4397 μεμαρτύρηται’
1128 4321 1374 4370 Γεννᾶται
1432 4314 1522 4369 οὖν
1581 4318 1608 4370 ὁ
1668 4318 1894 4391 Χριστὸς

242 4417 295 4472 ἐν
359 4413 615 4486 Βηθλεὲμ
670 4413 771 4475 τῆς
830 4404 1118 4474 Ἰουδαίας,
1165 4405 1256 4459 τὸν
1293 4405 1488 4478 Ἰωσὴφ
1538 4405 1741 4480 πατέρα
1793 4427 1893 4460 κα-

244 4503 383 4573 λῶν,
415 4501 611 4558 ταυτὸν
662 4502 732 4574 τῇ
781 4494 962 4571 Μαρίᾳ
1007 4491 1353 4569 τυγχάνοντα
1397 4496 1494 4547 τοῦ
1543 4487 1709 4546 Δαϐίδ
1761 4495 1890 4567 (60)·

316 4651 362 4685 ³⁸
388 4646 598 4704 Matth.
632 4663 672 4717 1,
707 4645 758 4700 1.
833 4643 878 4678 ⁸⁸
901 4641 1044 4698 Gen.
1076 4655 1138 4705 n,
1169 4638 1259 4692 24.
1337 4638 1382 4672 ³⁷
1413 4636 1618 4693 Matth.
1651 4651 1714 4706 ιι,
1740 4638 1793 4694 1.

314 4792 432 4864 (51)
465 4789 558 4845 Sic
591 4790 832 4864 Seguer.
863 4782 1091 4864 Gobler.
1127 4779 1276 4864 F_elc.
1313 4781 1362 4864 1ἐ
1394 4779 1572 4864 Editi,
1604 4782 1699 4864 τοῦ
1749 4782 1903 4864 Θεοῦ.
1935 4785 1983 4850 D

319 4849 813 4939 (52)Βεεῇ1ἰξῑιείε
869 4857 1082 4939 habet”
1115 4855 1223 4905 τῶν
1267 4854 1364 4939 τοῦ
1428 4855 1575 4939 ρεοῦ,
1624 4849 1903 4939 πληρωρη

246 4922 433 4996 Ρείυιό
467 4936 622 5007 post,
653 4929 1006 5007 Segueria_r_1_._
1033 4924 1274 5007 γενηται,
1309 4923 1486 4979 Basil.
1519 4922 1759 4996 γίνηται.
1795 4925 1905 4981 G0-

247 4995 500 5068 bleriari.
533 4995 683 5058 Felc.
781 5007 838 5056 et
869 4995 1312 5073 editi'yiyvntaf}.

324 5082 436 5155 (53)
471 5066 1122 5155 Κατηγγὲλθηεςῧοθηιεςί
1147 5072 1204 5123 et
1246 5067 1401 5155 Felc.,
1413 5068 1484 5155 ‘1‘.
1518 5066 1741 5155 Arngli‘c.
1772 5083 1908 5155 vero

248 5160 310 5211 et
326 5135 955 5224 χΞεέςυεικ,’›ίρὶτηγγὲλη.
973 5141 1147 5206 Editi,
1168 5135 1546 5224 κατηγγέλλη.
1565 5135 1738 5224 ξᾶμιρ
1759 5144 1905 5223 post,

247 5213 606 5304 φαντάζεσθῇ
637 5213 870 5304 ϐοθιέιι.
899 5213 1247 5304 Βεευενηξὶ
1277 5213 1512 5304 Ρεὶςε,
1546 5216 1617 5304 εξ,
1645 5213 1796 5304 infra
1830 5213 1910 5304 ii:

251 5279 412 5365 ἂθω,
437 5279 726 5366 νομίζητε.
781 5279 1510 5366 Βεειιεῖθ..νομίςετε.ΙΜοΧ,
1546 5279 1790 5366 δόκησιν,
1818 5284 1910 5366 Δεἰς)

248 5353 430 5428 assii.
467 5353 686 5436 A‘ngii'c.
713 5353 943 5438 Segfln
975 5353 1138 5438 edit.,
1174 5357 1250 5421 ὡς
1282 5353 1527 5426 δόκησιν.
1561 5356 1774 5412 Statim
1802 5361 1914 5412 An-

249 5444 526 5518 glicanus
555 5430 740 5503 solus,
775 5430 1192 5518 ἧὲεξυκε,,μάνηι,
1357 5498 1369 5515 ,
1459 5497 1469 5515 ,
1639 5503 1658 5518 ,
1686 5517 1690 5518 ν
1741 5515 1758 5518 _
1779 5500 1874 5518 ,.,.

329 5515 440 5585 (54)
472 5514 708 5585 Seguer.
728 5500 827 5585 'et_
850 5500 1112 5585 Anglic”
1142 5502 1203 5556 τὸ
1245 5500 1702 5585 κατάισάρκαζίξι
1735 5500 1911 5585 editis

250 5593 313 5644 et
333 5569 468 5652 ‘ali'i,
499 5569 783 5638 tri'deest.
812 5569 974 5635 Moxv
997 5581 1232 5652 Seguer.
1271 5572 1436 5652 Qobl.
1482 5569 1546 5652 et
1591 5573 1740 5652 Felc:
1779 5569 1910 5652 1,};

249 5643 575 5734 ἀνθρώπων.
613 5654 767 5710 Εάἱὶί
798 5643 1317 5734 ,νενουειᾏιίίεέξ
1350 5644 1661 5734 ἀνθρώπου.
1687 5647 1815 5700 Mox
1843 5645 1910 5699 ii-

252 5717 414 5799 dem,
447 5730 520 5790 ὡς
546 5727 606 5782 ἐκ
633 5730 763 5780 τῶν.
796 5726 858 5781 In
879 5721 1066 5799 editis
1097 5717 1419 5799 et_al_iis_d)§
1450 5719 1636 5799 deest.

327 5789 442 5878 (55)
470 5789 564 5859 Sic
596 5801 836 5874 Seguer.
866 5794 1033 5854 Gobl.
1067 5798 1125 5852 et
1156 5792 1308 5852 Felc.
1329 5793 1378 5849 1.
1399 5793 1462 5848 ln
1483 5791 1649 5862 edit.,
1670 5789 1912 5865 πρώτου.

543 5935 812 5994 Ρλτῐιοι..
861 5929 973 5992 Gn.
1015 5923 1237 5988 XXVI.

1996 3449 2124 3489 sese
2164 3430 2294 3488 falsi
2352 3447 2597 3502 arguere
2638 3430 2996 3486 ostendetur.
3055 3429 3201 3485 Nam
3264 3429 3460 3486 carnis
3508 3447 3646 3487 cum

1997 3520 2167 3576 Verbi
2199 3519 2499 3574 divinitate
2527 3519 2862 3590 conjunctio
2893 3535 2962 3574 ex
2991 3522 3155 3573 utero
3187 3519 3338 3574 facta
3359 3524 3487 3588 est;
3511 3519 3649 3576 inde

1998 3609 2154 3666 enim
2186 3609 2299 3680 ipsi
2328 3607 2584 3664 Verbum
2616 3624 2749 3664 cum
2773 3607 2963 3662 ecmlo
2993 3608 3327 3663 advenisset
3354 3607 3646 3680 originem

1998 3699 2178 3766 dedit,
2211 3698 2428 3769 quippe
2457 3714 2584 3768 quae
2607 3713 2723 3752 non
2757 3701 2880 3751 erat
2909 3701 3227 3768 antequam
3259 3696 3516 3751 Verbum
3541 3698 3643 3752 ad-

1998 3787 2243 3853 veniret,
2272 3791 2374 3841 aut
2401 3791 2535 3840 ante
2573 3784 2884 3856 Deiparam
2929 3784 3197 3855 Mariam,
3237 3786 3410 3855 cujus
3458 3785 3644 3842 solius

2000 3875 2162 3948 origo
2191 3891 2260 3929 ex
2314 3874 2558 3941 Adamo,
2621 3873 2771 3928 738
2803 3877 2861 3928 et
2889 3889 3076 3945 genus
3105 3889 3171 3929 ex
3231 3872 3527 3928 Abraham
3586 3877 3646 3929 et

2001 3965 2216 4021 Davide
2247 3968 2440 4018 ortum
2473 3963 2518 3998 ³⁵
2547 3967 2843 4028 narratur,
2876 3967 2933 4017 et
2962 3979 3079 4017 una
3126 3961 3330 4034 sponsi
3389 3961 3484 4016 sui
3538 3962 3643 4018 Jo-

2000 4052 2169 4124 seph,
2190 4051 2291 4124 qui
2323 4055 2491 4107 erant
2522 4051 2639 4106 duo
2672 4051 2730 4106 in
2765 4065 2939 4106 carne
2972 4067 3110 4118 una,
3153 4049 3305 4106 sicut
3361 4050 3646 4122 scriptum

2002 4146 2094 4198 est
2124 4142 2188 4212 3°,
2215 4157 2330 4196 non
2352 4143 2559 4196 mutua
2589 4141 2742 4195 inter
2773 4155 2834 4196 se
2865 4138 3360 4211 copulatione,sed
3393 4140 3548 4210 quod
3581 4155 3651 4196 ex

2004 4247 2119 4286 uno
2140 4229 2462 4300 eodemque
2492 4227 2780 4300 originem
2813 4228 3092 4283 ducerent
3119 4245 3131 4296 ;
3167 4243 3301 4283 nam
3333 4228 3489 4299 quod
3533 4227 3653 4283 illi-

2001 4319 2121 4374 bati
2154 4317 2854 4384 remanserint,testatum
2886 4321 2995 4372 est.
3029 4316 3302 4372 Nascitur
3323 4333 3461 4390 ergo
3488 4317 3654 4374 chri-

2005 4412 2129 4463 stus
2157 4406 2215 4460 in
2248 4406 2545 4462 Bethleem
2561 4407 2770 4461 Iudaeae
2792 4405 3199 4478 37,Josephque
3229 4410 3455 4478 patrem
3476 4424 3653 4464 suum

2003 4501 2188 4563 vocat,
2208 4495 2307 4568 qui
2332 4495 2600 4551 eamdem
2625 4511 2802 4568 quam
2834 4495 3020 4551 Maria
3033 4512 3102 4552 ex
3123 4496 3338 4552 Davide
3367 4497 3654 4570 originem

2088 4781 2200 4854 (56)
2229 4783 2304 4837 Τε
2333 4783 2495 4838 deest
2521 4781 2578 4837 in
2608 4782 2979 4854 Segueriano.

2087 4852 2198 4926 (57)
2231 4854 2593 4927 Basiliensis,
2625 4852 3106 4927 ὑπολαμοάνοντες
3135 4854 3224 4908 καὶ
3252 4855 3354 4924 τὴν
3385 4859 3513 4910 τῶν.

2088 4925 2203 4997 (58)
2231 4925 2356 4998 Ὅτι
2388 4927 2552 4982 deest
2585 4927 2642 4982 in
2673 4925 2906 4998 Seguer,
2938 4927 3166 4982 Gobler.
3201 4930 3258 4982 et
3281 4928 3430 4984 Felc.
3465 4926 3663 4998 Libi-

2017 4995 2150 5054 dem
2183 4997 2408 5069 Anglic.
2443 4999 2605 5054 solus
2637 4995 2836 5066 habet,
2868 4995 3142 5062 ἅκτιστον,
3168 5003 3340 5055 recte.
3365 5000 3492 5066 Alii,
3513 4995 3664 5052 ἄκτι-

2017 5090 2163 5142 στος.
2194 5071 2444 5142 Ibidem,
2503 5070 2806 5142 Anglican.
2842 5071 3277 5142 Seguer._Gobl.
3328 5077 3385 5130 et
3425 5072 3576 5128 Felc.
3605 5072 3665 5139 1,

2018 5143 2086 5212 τῇ
2113 5141 2319 5208 ἒνώσει,
2347 5142 2569 5199 omissa
2605 5140 3034 5215 praepositione
3093 5140 3167 5213 ἐν,
3194 5160 3321 5214 quae
3376 5145 3436 5200 in
3488 5143 3666 5200 editis

2017 5215 2340 5284 legebatur.

2089 5287 2201 5358 (:39)
2233 5286 2499 5340 Θεοτόκου
2531 5286 2695 5340 deest
2726 5286 2795 5359 in
2812 5285 2954 5341 edit.
2986 5289 3209 5359 Commi.
3243 5287 3343 5359 sed
3375 5286 3666 5359 legiturin

2021 5356 2276 5430 magrima
2307 5363 2470 5428 parte
2504 5357 3064 5430 manuscriptorum.
3099 5358 3276 5427 Infra,
3309 5356 3669 5429 ἐκ,εἱιὶο,τοῦ

2022 5423 2208 5500 Δαϐίδ,
2243 5423 2494 5484 habetur
2522 5431 2580 5484 in
2615 5429 2736 5485 solo
2763 5423 3003 5500 Seguer.

2093 5498 2205 5573 (60)
2239 5503 2501 5572 Seguer.,
2535 5501 2594 5555 ἐκ
2622 5506 2717 5556 τοῦ
2749 5498 2949 5573 Ἀδάμ,
2985 5507 3040 5556 et
3071 5501 3151 5556 ita
3194 5501 3332 5573 legit
3384 5501 3670 5573 Nannius,

2023 5569 2126 5628 sed
2158 5569 2362 5629 omnes
2385 5573 2484 5629 alii
2507 5591 2650 5634 mss.
2668 5581 2725 5633 et
2741 5575 2879 5630 editi
2893 5569 3352 5641 'Graeci,meli'us,
3369 5577 3465 5627 τοῦ
3490 5569 3673 5631 Δαοίὸ.

2021 5649 2146 5702 Mox
2179 5652 2414 5718 Seguer.
2448 5651 2506 5702 et
2535 5651 2686 5710 Felc.
2720 5648 2773 5713 l,
2804 5643 3148 5714 ἆνακληθείς.
3176 5647 3397 5702 Ibidem
3424 5646 3600 5702 Basil.
3620 5651 3678 5702 et

2025 5719 2361 5786 Segueriau.
2397 5723 2656 5791 Συμεών,
2688 5719 3182 5789 Εάἱὶὶ,Σιμεῶνος.
3216 5718 3333 5776 Nos
3363 5736 3494 5777 cum
3529 5735 3675 5777 mss.

2023 5791 2188 5848 Gobl.
2220 5791 2410 5848 Felck.
2441 5793 2466 5848 1
2501 5803 2567 5858 et
2599 5806 2769 5868 textu
2798 5795 3013 5859 Graeco,
3047 5793 3358 5863 Συμεῶνος.

3329 5920 3404 5981 35
